  <div class='ocr_page' id='page_1' title='image "/cluster/home/n/w/nwhite01/storage/ocr_20150623/160/hvd.32044054760186/536.png"; bbox 0 0 3912 6044; ppageno 0'>
   <div class='ocr_carea' id='block_1_1' title="bbox 226 208 1857 267">
    <p class='ocr_par' dir='ltr' id='par_1_1' title="bbox 226 211 1857 267">
     <span class='ocr_line' id='line_1_1' title="bbox 226 211 1857 267; baseline -0.001 -2"><span class='ocrx_word' id='word_1_1' title='bbox 226 212 356 267; x_wconf 84' lang='grc'><strong>1061</strong></span> <span class='ocrx_word' id='word_1_2' title='bbox 1347 211 1684 266; x_wconf 82' lang='lat' dir='ltr'><strong>EXPOSITIO</strong></span> <span class='ocrx_word' id='word_1_3' title='bbox 1727 211 1789 265; x_wconf 84' lang='lat' dir='ltr'><strong>IN</strong></span> <span class='ocrx_word' id='word_1_4' title='bbox 1833 211 1857 264; x_wconf 71' lang='grc' dir='ltr'>Ε</span> 
     </span>
    </p>
   </div>
   <div class='ocr_carea' id='block_1_2' title="bbox 1967 208 3553 267">
    <p class='ocr_par' dir='ltr' id='par_1_2' title="bbox 1967 208 3553 266">
     <span class='ocr_line' id='line_1_2' title="bbox 1967 208 3553 266; baseline -0.002 -1"><span class='ocrx_word' id='word_1_5' title='bbox 1967 209 2160 266; x_wconf 83' lang='grc' dir='ltr'><strong>ΟΝΕΜ.</strong></span> <span class='ocrx_word' id='word_1_6' title='bbox 2207 208 2432 262; x_wconf 63' lang='lat' dir='ltr'><strong>MISS/li.</strong></span> <span class='ocrx_word' id='word_1_7' title='bbox 3411 209 3553 263; x_wconf 77' lang='grc'><strong>1062</strong></span> 
     </span>
    </p>
   </div>
   <div class='ocr_carea' id='block_1_3' title="bbox 227 335 3551 412">
    <p class='ocr_par' dir='ltr' id='par_1_3' title="bbox 227 335 3551 412">
     <span class='ocr_line' id='line_1_3' title="bbox 227 335 3551 412; baseline -0.001 -17"><span class='ocrx_word' id='word_1_8' title='bbox 227 349 285 395; x_wconf 82' lang='grc' dir='ltr'><strong>ιιι</strong></span> <span class='ocrx_word' id='word_1_9' title='bbox 323 340 619 395; x_wconf 84' lang='lat' dir='ltr'><strong>offeramus</strong></span> <span class='ocrx_word' id='word_1_10' title='bbox 679 339 1093 396; x_wconf 79' lang='lat' dir='ltr'><strong>rationabiliter.</strong></span> <span class='ocrx_word' id='word_1_11' title='bbox 1144 340 1276 394; x_wconf 85' lang='lat' dir='ltr'><strong>Nam</strong></span> <span class='ocrx_word' id='word_1_12' title='bbox 1319 342 1410 412; x_wconf 89' lang='lat' dir='ltr'><strong>qui</strong></span> <span class='ocrx_word' id='word_1_13' title='bbox 1441 342 1600 398; x_wconf 83' lang='lat' dir='ltr'><strong>offert</strong></span> <span class='ocrx_word' id='word_1_14' title='bbox 1639 359 1835 398; x_wconf 92' lang='lat' dir='ltr'><strong>emen-</strong></span> <span class='ocrx_word' id='word_1_15' title='bbox 1864 351 1912 412; x_wconf 87' lang='grc' dir='ltr'><strong>Α</strong></span> <span class='ocrx_word' id='word_1_16' title='bbox 2012 343 2094 396; x_wconf 86' lang='lat' dir='ltr'><strong>Ac</strong></span> <span class='ocrx_word' id='word_1_17' title='bbox 2119 342 2305 407; x_wconf 80' lang='lat' dir='ltr'><strong>fregit.</strong></span> <span class='ocrx_word' id='word_1_18' title='bbox 2331 339 2369 393; x_wconf 91' lang='grc' dir='ltr'><strong>Ο</strong></span> <span class='ocrx_word' id='word_1_19' title='bbox 2401 336 2746 399; x_wconf 80' lang='lat' dir='ltr'><strong>miraculum,</strong></span> <span class='ocrx_word' id='word_1_20' title='bbox 2784 335 3140 410; x_wconf 82' lang='lat' dir='ltr'><strong>frangebatur</strong></span> <span class='ocrx_word' id='word_1_21' title='bbox 3161 337 3301 391; x_wconf 89' lang='lat' dir='ltr'><strong>inter</strong></span> <span class='ocrx_word' id='word_1_22' title='bbox 3328 337 3551 410; x_wconf 77' lang='lat' dir='ltr'><strong>digitos,</strong></span> 
     </span>
    </p>
   </div>
   <div class='ocr_carea' id='block_1_4' title="bbox 227 428 3556 501">
    <p class='ocr_par' dir='ltr' id='par_1_4' title="bbox 227 428 3556 501">
     <span class='ocr_line' id='line_1_4' title="bbox 227 428 3556 501; baseline 0 -11"><span class='ocrx_word' id='word_1_23' title='bbox 227 436 343 490; x_wconf 89' lang='lat' dir='ltr'><strong>dari</strong></span> <span class='ocrx_word' id='word_1_24' title='bbox 377 452 486 491; x_wconf 91' lang='lat' dir='ltr'><strong>non</strong></span> <span class='ocrx_word' id='word_1_25' title='bbox 536 437 784 501; x_wconf 84' lang='lat' dir='ltr'><strong>studens,</strong></span> <span class='ocrx_word' id='word_1_26' title='bbox 828 435 985 490; x_wconf 84' lang='lat' dir='ltr'><strong>offert</strong></span> <span class='ocrx_word' id='word_1_27' title='bbox 1036 435 1505 492; x_wconf 84' lang='lat' dir='ltr'><strong>irrationabiliter.</strong></span> <span class='ocrx_word' id='word_1_28' title='bbox 1550 438 1647 500; x_wconf 85' lang='lat' dir='ltr'><strong>Qui</strong></span> <span class='ocrx_word' id='word_1_29' title='bbox 1683 438 1842 494; x_wconf 80' lang='lat' dir='ltr'><strong>offert</strong></span> <span class='ocrx_word' id='word_1_30' title='bbox 1943 431 2145 486; x_wconf 68' lang='lat' dir='ltr'><strong>SEdODS</strong></span> <span class='ocrx_word' id='word_1_31' title='bbox 2177 429 2471 485; x_wconf 71' lang='grc' dir='ltr'><strong>ἰοϐοιυῐηίὸ</strong></span> <span class='ocrx_word' id='word_1_32' title='bbox 2505 429 2650 482; x_wconf 74' lang='grc' dir='ltr'><strong>ἱηίοΓ</strong></span> <span class='ocrx_word' id='word_1_33' title='bbox 2690 428 3010 497; x_wconf 63' lang='grc' dir='ltr'><strong>ὀὶεοίιδιλιοεο</strong></span> <span class='ocrx_word' id='word_1_34' title='bbox 3058 429 3180 482; x_wconf 72' lang='lat' dir='ltr'><strong>Erat</strong></span> <span class='ocrx_word' id='word_1_35' title='bbox 3235 429 3469 501; x_wconf 75' lang='lat' dir='ltr'><strong>integer,</strong></span> <span class='ocrx_word' id='word_1_36' title='bbox 3501 437 3556 483; x_wconf 66' lang='lat' dir='ltr'><strong>et</strong></span> 
     </span>
    </p>
   </div>
   <div class='ocr_carea' id='block_1_5' title="bbox 230 516 3552 599">
    <p class='ocr_par' dir='ltr' id='par_1_5' title="bbox 230 516 3552 599">
     <span class='ocr_line' id='line_1_5' title="bbox 230 516 3552 599; baseline -0.001 -17"><span class='ocrx_word' id='word_1_37' title='bbox 230 530 443 584; x_wconf 84' lang='lat' dir='ltr'><strong>habens</strong></span> <span class='ocrx_word' id='word_1_38' title='bbox 474 545 568 584; x_wconf 91' lang='lat' dir='ltr'><strong>cor</strong></span> <span class='ocrx_word' id='word_1_39' title='bbox 594 529 971 599; x_wconf 76' lang='lat' dir='ltr'><strong>impcenitens,</strong></span> <span class='ocrx_word' id='word_1_40' title='bbox 995 529 1452 584; x_wconf 88' lang='lat' dir='ltr'><strong>irrationabiliter</strong></span> <span class='ocrx_word' id='word_1_41' title='bbox 1481 531 1671 596; x_wconf 80' lang='lat' dir='ltr'><strong>offert;</strong></span> <span class='ocrx_word' id='word_1_42' title='bbox 1701 533 1845 588; x_wconf 90' lang='lat' dir='ltr'><strong>sicut</strong></span> <span class='ocrx_word' id='word_1_43' title='bbox 1945 520 2298 575; x_wconf 64' lang='lat' dir='ltr'><strong>diVidebalur</strong></span> <span class='ocrx_word' id='word_1_44' title='bbox 2325 520 2380 573; x_wconf 79' lang='grc' dir='ltr'><strong>ίῐι</strong></span> <span class='ocrx_word' id='word_1_45' title='bbox 2411 526 2626 588; x_wconf 64' lang='lat' dir='ltr'><strong>Panes;</strong></span> <span class='ocrx_word' id='word_1_46' title='bbox 2660 517 2713 570; x_wconf 73' lang='grc' dir='ltr'><strong>ίη</strong></span> <span class='ocrx_word' id='word_1_47' title='bbox 2756 516 3011 571; x_wconf 67' lang='lat' dir='ltr'><strong>manibus</strong></span> <span class='ocrx_word' id='word_1_48' title='bbox 3042 517 3264 572; x_wconf 61' lang='lat' dir='ltr'><strong>tenebat</strong></span> <span class='ocrx_word' id='word_1_49' title='bbox 3286 517 3552 588; x_wconf 68' lang='grc' dir='ltr'><strong>δείρευῐη,</strong></span> 
     </span>
    </p>
   </div>
   <div class='ocr_carea' id='block_1_6' title="bbox 232 615 1838 688">
    <p class='ocr_par' dir='ltr' id='par_1_6' title="bbox 232 615 1838 688">
     <span class='ocr_line' id='line_1_6' title="bbox 232 615 1838 688; baseline 0 -14"><span class='ocrx_word' id='word_1_50' title='bbox 232 619 360 676; x_wconf 90' lang='lat' dir='ltr'><strong>Cain</strong></span> <span class='ocrx_word' id='word_1_51' title='bbox 394 624 539 672; x_wconf 91' lang='lat' dir='ltr'><strong>recte</strong></span> <span class='ocrx_word' id='word_1_52' title='bbox 558 617 780 688; x_wconf 87' lang='lat' dir='ltr'><strong>quidem</strong></span> <span class='ocrx_word' id='word_1_53' title='bbox 820 615 1080 684; x_wconf 71' lang='lat' dir='ltr'><strong>offerens,</strong></span> <span class='ocrx_word' id='word_1_54' title='bbox 1105 619 1202 671; x_wconf 89' lang='lat' dir='ltr'><strong>sed</strong></span> <span class='ocrx_word' id='word_1_55' title='bbox 1245 633 1356 673; x_wconf 91' lang='lat' dir='ltr'><strong>non</strong></span> <span class='ocrx_word' id='word_1_56' title='bbox 1389 626 1539 674; x_wconf 89' lang='lat' dir='ltr'><strong>recte</strong></span> <span class='ocrx_word' id='word_1_57' title='bbox 1565 618 1838 674; x_wconf 89' lang='lat' dir='ltr'><strong>dividens.</strong></span> 
     </span>
    </p>
   </div>
   <div class='ocr_carea' id='block_1_7' title="bbox 233 705 1844 780">
    <p class='ocr_par' dir='ltr' id='par_1_7' title="bbox 233 705 1844 780">
     <span class='ocr_line' id='line_1_7' title="bbox 233 705 1844 780; baseline 0.001 -19"><span class='ocrx_word' id='word_1_58' title='bbox 233 708 400 761; x_wconf 82' lang='lat' dir='ltr'><strong>Recte</strong></span> <span class='ocrx_word' id='word_1_59' title='bbox 433 707 654 777; x_wconf 90' lang='lat' dir='ltr'><strong>quidem</strong></span> <span class='ocrx_word' id='word_1_60' title='bbox 674 705 875 761; x_wconf 86' lang='lat' dir='ltr'><strong>obtulit</strong></span> <span class='ocrx_word' id='word_1_61' title='bbox 905 707 1038 768; x_wconf 91' lang='lat' dir='ltr'><strong>Deo,</strong></span> <span class='ocrx_word' id='word_1_62' title='bbox 1075 707 1171 761; x_wconf 85' lang='lat' dir='ltr'><strong>sed</strong></span> <span class='ocrx_word' id='word_1_63' title='bbox 1196 723 1305 762; x_wconf 92' lang='lat' dir='ltr'><strong>non</strong></span> <span class='ocrx_word' id='word_1_64' title='bbox 1335 714 1481 762; x_wconf 91' lang='lat' dir='ltr'><strong>recte</strong></span> <span class='ocrx_word' id='word_1_65' title='bbox 1513 707 1720 775; x_wconf 86' lang='lat' dir='ltr'><strong>divisit,</strong></span> <span class='ocrx_word' id='word_1_66' title='bbox 1751 709 1844 780; x_wconf 91' lang='lat' dir='ltr'><strong>qui</strong></span> 
     </span>
    </p>
   </div>
   <div class='ocr_carea' id='block_1_8' title="bbox 231 794 1848 864">
    <p class='ocr_par' dir='ltr' id='par_1_8' title="bbox 231 794 1848 864">
     <span class='ocr_line' id='line_1_8' title="bbox 231 794 1848 864; baseline 0 -14"><span class='ocrx_word' id='word_1_67' title='bbox 231 794 514 850; x_wconf 89' lang='lat' dir='ltr'><strong>emendari</strong></span> <span class='ocrx_word' id='word_1_68' title='bbox 548 809 653 850; x_wconf 93' lang='lat' dir='ltr'><strong>non</strong></span> <span class='ocrx_word' id='word_1_69' title='bbox 677 794 905 848; x_wconf 89' lang='lat' dir='ltr'><strong>studuit.</strong></span> <span class='ocrx_word' id='word_1_70' title='bbox 937 794 1092 848; x_wconf 89' lang='lat' dir='ltr'><strong>Unde</strong></span> <span class='ocrx_word' id='word_1_71' title='bbox 1122 795 1388 864; x_wconf 88' lang='lat' dir='ltr'><strong>scriptum</strong></span> <span class='ocrx_word' id='word_1_72' title='bbox 1433 803 1544 850; x_wconf 90' lang='lat' dir='ltr'><strong>est:</strong></span> <span class='ocrx_word' id='word_1_73' title='bbox 1587 797 1679 851; x_wconf 91' lang='lat' dir='ltr'><strong>Ad</strong></span> <span class='ocrx_word' id='word_1_74' title='bbox 1713 796 1848 851; x_wconf 86' lang='lat' dir='ltr'><strong>Cain</strong></span> 
     </span>
    </p>
   </div>
   <div class='ocr_carea' id='block_1_9' title="bbox 231 887 1845 960">
    <p class='ocr_par' dir='ltr' id='par_1_9' title="bbox 231 887 1845 960">
     <span class='ocr_line' id='line_1_9' title="bbox 231 887 1845 960; baseline 0.001 -18"><span class='ocrx_word' id='word_1_75' title='bbox 231 892 280 942; x_wconf 89' lang='lat' dir='ltr'><strong>et</strong></span> <span class='ocrx_word' id='word_1_76' title='bbox 312 889 386 940; x_wconf 84' lang='lat' dir='ltr'><strong>ad</strong></span> <span class='ocrx_word' id='word_1_77' title='bbox 415 902 642 941; x_wconf 87' lang='lat' dir='ltr'><strong>munera</strong></span> <span class='ocrx_word' id='word_1_78' title='bbox 661 887 777 955; x_wconf 89' lang='lat' dir='ltr'><strong>ejus</strong></span> <span class='ocrx_word' id='word_1_79' title='bbox 808 903 910 940; x_wconf 89' lang='lat' dir='ltr'><strong>non</strong></span> <span class='ocrx_word' id='word_1_80' title='bbox 935 890 1172 956; x_wconf 61' lang='lat' dir='ltr'><strong>respexit</strong></span> <span class='ocrx_word' id='word_1_81' title='bbox 1199 887 1343 954; x_wconf 84' lang='lat' dir='ltr'><strong>(Gen.</strong></span> <span class='ocrx_word' id='word_1_82' title='bbox 1381 890 1471 958; x_wconf 85' lang='grc' dir='ltr'><strong>ιν).</strong></span> <span class='ocrx_word' id='word_1_83' title='bbox 1517 889 1646 942; x_wconf 90' lang='lat' dir='ltr'><strong>Nam</strong></span> <span class='ocrx_word' id='word_1_84' title='bbox 1682 905 1845 960; x_wconf 90' lang='lat' dir='ltr'><strong>quem</strong></span> 
     </span>
    </p>
   </div>
   <div class='ocr_carea' id='block_1_10' title="bbox 233 974 1846 1050">
    <p class='ocr_par' dir='ltr' id='par_1_10' title="bbox 233 974 1846 1050">
     <span class='ocr_line' id='line_1_10' title="bbox 233 974 1846 1050; baseline 0.003 -21"><span class='ocrx_word' id='word_1_85' title='bbox 233 976 376 1029; x_wconf 86' lang='lat' dir='ltr'><strong>Deus</strong></span> <span class='ocrx_word' id='word_1_86' title='bbox 425 991 534 1029; x_wconf 94' lang='lat' dir='ltr'><strong>non</strong></span> <span class='ocrx_word' id='word_1_87' title='bbox 565 974 735 1041; x_wconf 88' lang='lat' dir='ltr'><strong>novit,</strong></span> <span class='ocrx_word' id='word_1_88' title='bbox 769 990 871 1029; x_wconf 90' lang='lat' dir='ltr'><strong>nec</strong></span> <span class='ocrx_word' id='word_1_89' title='bbox 908 975 1241 1031; x_wconf 88' lang='lat' dir='ltr'><strong>oblationem</strong></span> <span class='ocrx_word' id='word_1_90' title='bbox 1299 977 1418 1046; x_wconf 87' lang='lat' dir='ltr'><strong>ejus</strong></span> <span class='ocrx_word' id='word_1_91' title='bbox 1473 979 1665 1050; x_wconf 86' lang='lat' dir='ltr'><strong>recipit</strong></span> <span class='ocrx_word' id='word_1_92' title='bbox 1721 995 1846 1050; x_wconf 90' lang='lat' dir='ltr'><strong>pes-</strong></span> 
     </span>
    </p>
   </div>
   <div class='ocr_carea' id='block_1_11' title="bbox 237 1065 1845 1136">
    <p class='ocr_par' dir='ltr' id='par_1_11' title="bbox 237 1065 1845 1136">
     <span class='ocr_line' id='line_1_11' title="bbox 237 1065 1845 1136; baseline 0.004 -18"><span class='ocrx_word' id='word_1_93' title='bbox 237 1065 357 1118; x_wconf 91' lang='lat' dir='ltr'><strong>simi</strong></span> <span class='ocrx_word' id='word_1_94' title='bbox 417 1081 656 1135; x_wconf 89' lang='lat' dir='ltr'><strong>namque</strong></span> <span class='ocrx_word' id='word_1_95' title='bbox 708 1066 882 1120; x_wconf 91' lang='lat' dir='ltr'><strong>hostia</strong></span> <span class='ocrx_word' id='word_1_96' title='bbox 939 1066 1330 1123; x_wconf 83' lang='lat' dir='ltr'><strong>irrationabilis</strong></span> <span class='ocrx_word' id='word_1_97' title='bbox 1373 1076 1474 1136; x_wconf 89' lang='lat' dir='ltr'><strong>est,</strong></span> <span class='ocrx_word' id='word_1_98' title='bbox 1515 1071 1660 1125; x_wconf 86' lang='lat' dir='ltr'><strong>sicut</strong></span> <span class='ocrx_word' id='word_1_99' title='bbox 1710 1071 1845 1125; x_wconf 87' lang='lat' dir='ltr'><strong>scri-</strong></span> 
     </span>
    </p>
   </div>
   <div class='ocr_carea' id='block_1_12' title="bbox 240 1155 1846 1229">
    <p class='ocr_par' dir='ltr' id='par_1_12' title="bbox 240 1155 1846 1229">
     <span class='ocr_line' id='line_1_12' title="bbox 240 1155 1846 1229; baseline 0.003 -20"><span class='ocrx_word' id='word_1_100' title='bbox 240 1163 390 1225; x_wconf 89' lang='lat' dir='ltr'><strong>ptum</strong></span> <span class='ocrx_word' id='word_1_101' title='bbox 435 1163 550 1208; x_wconf 90' lang='lat' dir='ltr'><strong>est:</strong></span> <span class='ocrx_word' id='word_1_102' title='bbox 601 1155 706 1220; x_wconf 81' lang='lat' dir='ltr'><strong>Qui</strong></span> <span class='ocrx_word' id='word_1_103' title='bbox 741 1170 848 1209; x_wconf 84' lang='lat' dir='ltr'><strong>non</strong></span> <span class='ocrx_word' id='word_1_104' title='bbox 877 1157 1095 1210; x_wconf 81' lang='lat' dir='ltr'><strong>audivit</strong></span> <span class='ocrx_word' id='word_1_105' title='bbox 1142 1158 1326 1225; x_wconf 75' lang='lat' dir='ltr'><strong>legem,</strong></span> <span class='ocrx_word' id='word_1_106' title='bbox 1380 1163 1553 1214; x_wconf 85' lang='lat' dir='ltr'><strong>oratio</strong></span> <span class='ocrx_word' id='word_1_107' title='bbox 1584 1160 1701 1229; x_wconf 83' lang='lat' dir='ltr'><strong>ejus</strong></span> <span class='ocrx_word' id='word_1_108' title='bbox 1745 1164 1846 1214; x_wconf 88' lang='lat' dir='ltr'><strong>erit</strong></span> 
     </span>
    </p>
   </div>
   <div class='ocr_carea' id='block_1_13' title="bbox 238 1249 1849 1325">
    <p class='ocr_par' dir='ltr' id='par_1_13' title="bbox 238 1249 1849 1325">
     <span class='ocr_line' id='line_1_13' title="bbox 238 1249 1849 1325; baseline 0.004 -25"><span class='ocrx_word' id='word_1_109' title='bbox 238 1249 585 1302; x_wconf 69' lang='lat' dir='ltr'><strong>exsecrabilis</strong></span> <span class='ocrx_word' id='word_1_110' title='bbox 641 1249 816 1317; x_wconf 81' lang='lat' dir='ltr'><strong>(Prov.</strong></span> <span class='ocrx_word' id='word_1_111' title='bbox 878 1249 1083 1318; x_wconf 80' lang='lat' dir='ltr'><strong>xxvm).</strong></span> <span class='ocrx_word' id='word_1_112' title='bbox 1154 1249 1268 1304; x_wconf 87' lang='lat' dir='ltr'><strong>Fiat</strong></span> <span class='ocrx_word' id='word_1_113' title='bbox 1326 1267 1457 1325; x_wconf 86' lang='lat' dir='ltr'><strong>ergo</strong></span> <span class='ocrx_word' id='word_1_114' title='bbox 1508 1253 1849 1308; x_wconf 87' lang='lat' dir='ltr'><strong>rationabilis</strong></span> 
     </span>
    </p>
   </div>
   <div class='ocr_carea' id='block_1_14' title="bbox 242 1340 1849 1416">
    <p class='ocr_par' dir='ltr' id='par_1_14' title="bbox 242 1340 1849 1416">
     <span class='ocr_line' id='line_1_14' title="bbox 242 1340 1849 1416; baseline 0.002 -20"><span class='ocrx_word' id='word_1_115' title='bbox 242 1341 439 1406; x_wconf 88' lang='lat' dir='ltr'><strong>hostia,</strong></span> <span class='ocrx_word' id='word_1_116' title='bbox 475 1350 534 1394; x_wconf 87' lang='lat' dir='ltr'><strong>ut</strong></span> <span class='ocrx_word' id='word_1_117' title='bbox 583 1340 984 1395; x_wconf 87' lang='lat' dir='ltr'><strong>rationabiliter</strong></span> <span class='ocrx_word' id='word_1_118' title='bbox 1027 1357 1146 1395; x_wconf 89' lang='lat' dir='ltr'><strong>eam</strong></span> <span class='ocrx_word' id='word_1_119' title='bbox 1175 1359 1296 1397; x_wconf 93' lang='lat' dir='ltr'><strong>cum</strong></span> <span class='ocrx_word' id='word_1_120' title='bbox 1331 1344 1528 1399; x_wconf 86' lang='lat' dir='ltr'><strong>timore</strong></span> <span class='ocrx_word' id='word_1_121' title='bbox 1569 1351 1622 1400; x_wconf 89' lang='lat' dir='ltr'><strong>et</strong></span> <span class='ocrx_word' id='word_1_122' title='bbox 1670 1346 1849 1416; x_wconf 86' lang='lat' dir='ltr'><strong>poeni-</strong></span> 
     </span>
    </p>
   </div>
   <div class='ocr_carea' id='block_1_15' title="bbox 238 1429 1851 1498">
    <p class='ocr_par' dir='ltr' id='par_1_15' title="bbox 238 1429 1851 1498">
     <span class='ocr_line' id='line_1_15' title="bbox 238 1429 1851 1498; baseline 0.002 -13"><span class='ocrx_word' id='word_1_123' title='bbox 238 1430 412 1486; x_wconf 89' lang='lat' dir='ltr'><strong>tentia</strong></span> <span class='ocrx_word' id='word_1_124' title='bbox 441 1429 752 1485; x_wconf 76' lang='lat' dir='ltr'><strong>offeramus.</strong></span> <span class='ocrx_word' id='word_1_125' title='bbox 792 1430 886 1483; x_wconf 89' lang='lat' dir='ltr'><strong>Vel</strong></span> <span class='ocrx_word' id='word_1_126' title='bbox 923 1429 1016 1485; x_wconf 82' lang='lat' dir='ltr'><strong>fiat</strong></span> <span class='ocrx_word' id='word_1_127' title='bbox 1046 1431 1390 1486; x_wconf 87' lang='lat' dir='ltr'><strong>rationabilis</strong></span> <span class='ocrx_word' id='word_1_128' title='bbox 1424 1435 1621 1498; x_wconf 88' lang='lat' dir='ltr'><strong>hostia,</strong></span> <span class='ocrx_word' id='word_1_129' title='bbox 1676 1435 1731 1489; x_wconf 89' lang='lat' dir='ltr'><strong>id</strong></span> <span class='ocrx_word' id='word_1_130' title='bbox 1768 1442 1851 1489; x_wconf 90' lang='lat' dir='ltr'><strong>est</strong></span> 
     </span>
    </p>
   </div>
   <div class='ocr_carea' id='block_1_16' title="bbox 241 1519 1851 1593">
    <p class='ocr_par' dir='ltr' id='par_1_16' title="bbox 241 1519 1851 1593">
     <span class='ocr_line' id='line_1_16' title="bbox 241 1519 1851 1593; baseline 0.002 -19"><span class='ocrx_word' id='word_1_131' title='bbox 241 1535 339 1591; x_wconf 91' lang='lat' dir='ltr'><strong>pro</strong></span> <span class='ocrx_word' id='word_1_132' title='bbox 368 1519 682 1576; x_wconf 86' lang='lat' dir='ltr'><strong>rationabili</strong></span> <span class='ocrx_word' id='word_1_133' title='bbox 731 1525 784 1572; x_wconf 91' lang='lat' dir='ltr'><strong>et</strong></span> <span class='ocrx_word' id='word_1_134' title='bbox 815 1527 964 1573; x_wconf 89' lang='lat' dir='ltr'><strong>recta</strong></span> <span class='ocrx_word' id='word_1_135' title='bbox 997 1519 1082 1573; x_wconf 90' lang='lat' dir='ltr'><strong>vel</strong></span> <span class='ocrx_word' id='word_1_136' title='bbox 1114 1521 1348 1575; x_wconf 84' lang='lat' dir='ltr'><strong>honesta</strong></span> <span class='ocrx_word' id='word_1_137' title='bbox 1389 1537 1572 1576; x_wconf 87' lang='lat' dir='ltr'><strong>causa.</strong></span> <span class='ocrx_word' id='word_1_138' title='bbox 1621 1522 1674 1575; x_wconf 90' lang='lat' dir='ltr'><strong>Si</strong></span> <span class='ocrx_word' id='word_1_139' title='bbox 1729 1523 1851 1593; x_wconf 92' lang='lat' dir='ltr'><strong>quis</strong></span> 
     </span>
    </p>
   </div>
   <div class='ocr_carea' id='block_1_17' title="bbox 1947 607 3552 680">
    <p class='ocr_par' dir='ltr' id='par_1_17' title="bbox 1947 607 3552 680">
     <span class='ocr_line' id='line_1_17' title="bbox 1947 607 3552 680; baseline -0.002 -15"><span class='ocrx_word' id='word_1_140' title='bbox 1947 610 2100 664; x_wconf 89' lang='lat' dir='ltr'><strong>etde</strong></span> <span class='ocrx_word' id='word_1_141' title='bbox 2130 609 2387 663; x_wconf 90' lang='lat' dir='ltr'><strong>manibus</strong></span> <span class='ocrx_word' id='word_1_142' title='bbox 2431 607 2725 677; x_wconf 80' lang='lat' dir='ltr'><strong>discipulis</strong></span> <span class='ocrx_word' id='word_1_143' title='bbox 2782 623 2842 661; x_wconf 91' lang='lat' dir='ltr'><strong>se</strong></span> <span class='ocrx_word' id='word_1_144' title='bbox 2875 608 3192 680; x_wconf 81' lang='lat' dir='ltr'><strong>porrigebat</strong></span> <span class='ocrx_word' id='word_1_145' title='bbox 3251 608 3552 662; x_wconf 88' lang='lat' dir='ltr'><strong>edendum.</strong></span> 
     </span>
    </p>
   </div>
   <div class='ocr_carea' id='block_1_18' title="bbox 1951 696 3558 770">
    <p class='ocr_par' dir='ltr' id='par_1_18' title="bbox 1951 696 3558 770">
     <span class='ocr_line' id='line_1_18' title="bbox 1951 696 3558 770; baseline -0.001 -17"><span class='ocrx_word' id='word_1_146' title='bbox 1951 699 2062 753; x_wconf 85' lang='lat' dir='ltr'><strong>Hoc</strong></span> <span class='ocrx_word' id='word_1_147' title='bbox 2085 697 2339 770; x_wconf 83' lang='lat' dir='ltr'><strong>signabat</strong></span> <span class='ocrx_word' id='word_1_148' title='bbox 2369 697 2568 764; x_wconf 77' lang='lat' dir='ltr'><strong>David,</strong></span> <span class='ocrx_word' id='word_1_149' title='bbox 2600 697 2693 768; x_wconf 91' lang='lat' dir='ltr'><strong>qui</strong></span> <span class='ocrx_word' id='word_1_150' title='bbox 2730 696 3036 751; x_wconf 88' lang='lat' dir='ltr'><strong>secundum</strong></span> <span class='ocrx_word' id='word_1_151' title='bbox 3054 696 3214 750; x_wconf 85' lang='lat' dir='ltr'><strong>aliam</strong></span> <span class='ocrx_word' id='word_1_152' title='bbox 3240 697 3558 752; x_wconf 89' lang='lat' dir='ltr'><strong>translatio-</strong></span> 
     </span>
    </p>
   </div>
   <div class='ocr_carea' id='block_1_19' title="bbox 1949 790 3559 858">
    <p class='ocr_par' dir='ltr' id='par_1_19' title="bbox 1949 790 3559 858">
     <span class='ocr_line' id='line_1_19' title="bbox 1949 790 3559 858; baseline -0.001 -13"><span class='ocrx_word' id='word_1_153' title='bbox 1949 807 2073 846; x_wconf 89' lang='lat' dir='ltr'><strong>nem</strong></span> <span class='ocrx_word' id='word_1_154' title='bbox 2106 807 2284 845; x_wconf 85' lang='lat' dir='ltr'><strong>coram</strong></span> <span class='ocrx_word' id='word_1_155' title='bbox 2321 791 2480 844; x_wconf 84' lang='lat' dir='ltr'><strong>Achis</strong></span> <span class='ocrx_word' id='word_1_156' title='bbox 2510 805 2634 857; x_wconf 87' lang='lat' dir='ltr'><strong>rege</strong></span> <span class='ocrx_word' id='word_1_157' title='bbox 2665 793 2722 843; x_wconf 87' lang='lat' dir='ltr'><strong>in</strong></span> <span class='ocrx_word' id='word_1_158' title='bbox 2749 791 2860 843; x_wconf 90' lang='lat' dir='ltr'><strong>suis</strong></span> <span class='ocrx_word' id='word_1_159' title='bbox 2910 790 3157 844; x_wconf 87' lang='lat' dir='ltr'><strong>manibus</strong></span> <span class='ocrx_word' id='word_1_160' title='bbox 3210 791 3485 856; x_wconf 78' lang='lat' dir='ltr'><strong>ferebatur</strong></span> <span class='ocrx_word' id='word_1_161' title='bbox 3511 793 3559 858; x_wconf 85' lang='lat' dir='ltr'><strong>(I</strong></span> 
     </span>
    </p>
   </div>
   <div class='ocr_carea' id='block_1_20' title="bbox 1949 877 3557 949">
    <p class='ocr_par' dir='ltr' id='par_1_20' title="bbox 1949 877 3557 949">
     <span class='ocr_line' id='line_1_20' title="bbox 1949 877 3557 949; baseline -0.002 -13"><span class='ocrx_word' id='word_1_162' title='bbox 1949 883 2078 948; x_wconf 86' lang='lat' dir='ltr'><strong>Reg.</strong></span> <span class='ocrx_word' id='word_1_163' title='bbox 2112 880 2240 948; x_wconf 77' lang='lat' dir='ltr'><strong>xxi).</strong></span> <span class='ocrx_word' id='word_1_164' title='bbox 2274 878 2363 933; x_wconf 90' lang='lat' dir='ltr'><strong>Sic</strong></span> <span class='ocrx_word' id='word_1_165' title='bbox 2391 894 2490 934; x_wconf 90' lang='lat' dir='ltr'><strong>nos</strong></span> <span class='ocrx_word' id='word_1_166' title='bbox 2529 877 2778 949; x_wconf 88' lang='lat' dir='ltr'><strong>quotidie</strong></span> <span class='ocrx_word' id='word_1_167' title='bbox 2817 877 3086 932; x_wconf 82' lang='lat' dir='ltr'><strong>Christum</strong></span> <span class='ocrx_word' id='word_1_168' title='bbox 3124 877 3178 931; x_wconf 92' lang='lat' dir='ltr'><strong>in</strong></span> <span class='ocrx_word' id='word_1_169' title='bbox 3227 877 3385 932; x_wconf 88' lang='lat' dir='ltr'><strong>altari</strong></span> <span class='ocrx_word' id='word_1_170' title='bbox 3430 894 3557 933; x_wconf 91' lang='lat' dir='ltr'><strong>con-</strong></span> 
     </span>
    </p>
   </div>
   <div class='ocr_carea' id='block_1_21' title="bbox 1945 967 3560 1038">
    <p class='ocr_par' dir='ltr' id='par_1_21' title="bbox 1945 967 3560 1038">
     <span class='ocr_line' id='line_1_21' title="bbox 1945 967 3560 1038; baseline -0.001 -15"><span class='ocrx_word' id='word_1_171' title='bbox 1945 969 2240 1035; x_wconf 90' lang='lat' dir='ltr'><strong>sumimus,</strong></span> <span class='ocrx_word' id='word_1_172' title='bbox 2272 976 2326 1023; x_wconf 93' lang='lat' dir='ltr'><strong>et</strong></span> <span class='ocrx_word' id='word_1_173' title='bbox 2357 974 2665 1038; x_wconf 87' lang='lat' dir='ltr'><strong>permanet;</strong></span> <span class='ocrx_word' id='word_1_174' title='bbox 2717 967 3131 1035; x_wconf 87' lang='lat' dir='ltr'><strong>manducamus,</strong></span> <span class='ocrx_word' id='word_1_175' title='bbox 3176 973 3230 1020; x_wconf 90' lang='lat' dir='ltr'><strong>et</strong></span> <span class='ocrx_word' id='word_1_176' title='bbox 3272 967 3431 1032; x_wconf 81' lang='lat' dir='ltr'><strong>vivit;</strong></span> <span class='ocrx_word' id='word_1_177' title='bbox 3476 975 3560 1022; x_wconf 87' lang='lat' dir='ltr'><strong>at-</strong></span> 
     </span>
    </p>
   </div>
   <div class='ocr_carea' id='block_1_22' title="bbox 1945 1056 3552 1130">
    <p class='ocr_par' dir='ltr' id='par_1_22' title="bbox 1945 1056 3552 1130">
     <span class='ocr_line' id='line_1_22' title="bbox 1945 1056 3552 1130; baseline -0.002 -17"><span class='ocrx_word' id='word_1_178' title='bbox 1945 1057 2173 1114; x_wconf 87' lang='lat' dir='ltr'><strong>terimus</strong></span> <span class='ocrx_word' id='word_1_179' title='bbox 2194 1057 2474 1123; x_wconf 88' lang='lat' dir='ltr'><strong>dentibus,</strong></span> <span class='ocrx_word' id='word_1_180' title='bbox 2507 1065 2561 1110; x_wconf 88' lang='lat' dir='ltr'><strong>et</strong></span> <span class='ocrx_word' id='word_1_181' title='bbox 2583 1056 2796 1130; x_wconf 89' lang='lat' dir='ltr'><strong>integer</strong></span> <span class='ocrx_word' id='word_1_182' title='bbox 2812 1065 2913 1111; x_wconf 90' lang='lat' dir='ltr'><strong>est.</strong></span> <span class='ocrx_word' id='word_1_183' title='bbox 2941 1056 3322 1111; x_wconf 89' lang='lat' dir='ltr'><strong>Consumimus</strong></span> <span class='ocrx_word' id='word_1_184' title='bbox 3351 1063 3552 1118; x_wconf 90' lang='lat' dir='ltr'><strong>autem,</strong></span> 
     </span>
    </p>
   </div>
   <div class='ocr_carea' id='block_1_23' title="bbox 1947 1151 3554 1220">
    <p class='ocr_par' dir='ltr' id='par_1_23' title="bbox 1947 1151 3554 1220">
     <span class='ocr_line' id='line_1_23' title="bbox 1947 1151 3554 1220; baseline -0.002 -13"><span class='ocrx_word' id='word_1_185' title='bbox 1947 1153 2342 1207; x_wconf 89' lang='lat' dir='ltr'><strong>manducamus</strong></span> <span class='ocrx_word' id='word_1_186' title='bbox 2367 1159 2422 1206; x_wconf 91' lang='lat' dir='ltr'><strong>et</strong></span> <span class='ocrx_word' id='word_1_187' title='bbox 2469 1151 2756 1205; x_wconf 88' lang='lat' dir='ltr'><strong>atterimus</strong></span> <span class='ocrx_word' id='word_1_188' title='bbox 2783 1166 2892 1205; x_wconf 92' lang='lat' dir='ltr'><strong>non</strong></span> <span class='ocrx_word' id='word_1_189' title='bbox 2956 1157 3165 1204; x_wconf 87' lang='lat' dir='ltr'><strong>tantum</strong></span> <span class='ocrx_word' id='word_1_190' title='bbox 3207 1151 3414 1220; x_wconf 81' lang='lat' dir='ltr'><strong>specie,</strong></span> <span class='ocrx_word' id='word_1_191' title='bbox 3456 1153 3554 1206; x_wconf 90' lang='lat' dir='ltr'><strong>sed</strong></span> 
     </span>
    </p>
   </div>
   <div class='ocr_carea' id='block_1_24' title="bbox 1951 1245 3558 1312">
    <p class='ocr_par' dir='ltr' id='par_1_24' title="bbox 1951 1245 3558 1312">
     <span class='ocr_line' id='line_1_24' title="bbox 1951 1245 3558 1312; baseline 0.001 -10"><span class='ocrx_word' id='word_1_192' title='bbox 1951 1258 2007 1302; x_wconf 88' lang='lat' dir='ltr'><strong>et</strong></span> <span class='ocrx_word' id='word_1_193' title='bbox 2042 1263 2128 1312; x_wconf 89' lang='lat' dir='ltr'><strong>re;</strong></span> <span class='ocrx_word' id='word_1_194' title='bbox 2165 1262 2272 1302; x_wconf 89' lang='lat' dir='ltr'><strong>non</strong></span> <span class='ocrx_word' id='word_1_195' title='bbox 2300 1247 2476 1301; x_wconf 88' lang='lat' dir='ltr'><strong>solum</strong></span> <span class='ocrx_word' id='word_1_196' title='bbox 2521 1245 2713 1312; x_wconf 91' lang='lat' dir='ltr'><strong>forma,</strong></span> <span class='ocrx_word' id='word_1_197' title='bbox 2746 1246 2844 1299; x_wconf 80' lang='lat' dir='ltr'><strong>sed</strong></span> <span class='ocrx_word' id='word_1_198' title='bbox 2884 1253 2939 1300; x_wconf 91' lang='lat' dir='ltr'><strong>et</strong></span> <span class='ocrx_word' id='word_1_199' title='bbox 2968 1247 3294 1302; x_wconf 88' lang='lat' dir='ltr'><strong>substantia.</strong></span> <span class='ocrx_word' id='word_1_200' title='bbox 3329 1248 3390 1302; x_wconf 90' lang='lat' dir='ltr'><strong>Et</strong></span> <span class='ocrx_word' id='word_1_201' title='bbox 3420 1249 3558 1304; x_wconf 92' lang='lat' dir='ltr'><strong>miro</strong></span> 
     </span>
    </p>
   </div>
   <div class='ocr_carea' id='block_1_25' title="bbox 1952 1339 3558 1412">
    <p class='ocr_par' dir='ltr' id='par_1_25' title="bbox 1952 1339 3558 1412">
     <span class='ocr_line' id='line_1_25' title="bbox 1952 1339 3558 1412; baseline 0.001 -18"><span class='ocrx_word' id='word_1_202' title='bbox 1952 1341 2116 1396; x_wconf 91' lang='lat' dir='ltr'><strong>modo</strong></span> <span class='ocrx_word' id='word_1_203' title='bbox 2161 1339 2504 1395; x_wconf 89' lang='lat' dir='ltr'><strong>consumitur</strong></span> <span class='ocrx_word' id='word_1_204' title='bbox 2538 1354 2868 1408; x_wconf 89' lang='lat' dir='ltr'><strong>permanens</strong></span> <span class='ocrx_word' id='word_1_205' title='bbox 2899 1341 3148 1394; x_wconf 88' lang='lat' dir='ltr'><strong>atteritur</strong></span> <span class='ocrx_word' id='word_1_206' title='bbox 3187 1341 3558 1412; x_wconf 87' lang='lat' dir='ltr'><strong>incorruptus,</strong></span> 
     </span>
    </p>
   </div>
   <div class='ocr_carea' id='block_1_26' title="bbox 1954 1432 3558 1502">
    <p class='ocr_par' dir='ltr' id='par_1_26' title="bbox 1954 1432 3558 1502">
     <span class='ocr_line' id='line_1_26' title="bbox 1954 1432 3558 1502; baseline 0.001 -15"><span class='ocrx_word' id='word_1_207' title='bbox 1954 1432 2300 1488; x_wconf 90' lang='lat' dir='ltr'><strong>distribuitur</strong></span> <span class='ocrx_word' id='word_1_208' title='bbox 2343 1432 2637 1497; x_wconf 89' lang='lat' dir='ltr'><strong>indivisus,</strong></span> <span class='ocrx_word' id='word_1_209' title='bbox 2708 1432 2848 1486; x_wconf 91' lang='lat' dir='ltr'><strong>sicut</strong></span> <span class='ocrx_word' id='word_1_210' title='bbox 2891 1438 3013 1502; x_wconf 88' lang='lat' dir='ltr'><strong>post</strong></span> <span class='ocrx_word' id='word_1_211' title='bbox 3077 1434 3558 1500; x_wconf 85' lang='lat' dir='ltr'><strong>resurrectionem,</strong></span> 
     </span>
    </p>
   </div>
   <div class='ocr_carea' id='block_1_27' title="bbox 1955 1520 3559 1592">
    <p class='ocr_par' dir='ltr' id='par_1_27' title="bbox 1955 1520 3559 1592">
     <span class='ocr_line' id='line_1_27' title="bbox 1955 1520 3559 1592; baseline 0.001 -18"><span class='ocrx_word' id='word_1_212' title='bbox 1955 1520 2288 1592; x_wconf 90' lang='lat' dir='ltr'><strong>palpandum</strong></span> <span class='ocrx_word' id='word_1_213' title='bbox 2355 1520 2592 1590; x_wconf 82' lang='lat' dir='ltr'><strong>praebuit</strong></span> <span class='ocrx_word' id='word_1_214' title='bbox 2643 1520 2927 1590; x_wconf 89' lang='lat' dir='ltr'><strong>spirituale</strong></span> <span class='ocrx_word' id='word_1_215' title='bbox 2966 1537 3186 1591; x_wconf 91' lang='lat' dir='ltr'><strong>corpus.</strong></span> <span class='ocrx_word' id='word_1_216' title='bbox 3237 1523 3366 1576; x_wconf 91' lang='lat' dir='ltr'><strong>Cum</strong></span> <span class='ocrx_word' id='word_1_217' title='bbox 3395 1523 3559 1576; x_wconf 87' lang='lat' dir='ltr'><strong>simili</strong></span> 
     </span>
    </p>
   </div>
   <div class='ocr_carea' id='block_1_28' title="bbox 240 1609 3561 1713">
    <p class='ocr_par' dir='ltr' id='par_1_28' title="bbox 240 1609 3561 1713">
     <span class='ocr_line' id='line_1_28' title="bbox 240 1609 3561 1713; baseline 0 -47"><span class='ocrx_word' id='word_1_218' title='bbox 240 1612 388 1666; x_wconf 90' lang='lat' dir='ltr'><strong>enim</strong></span> <span class='ocrx_word' id='word_1_219' title='bbox 449 1610 659 1678; x_wconf 73' lang='lat' dir='ltr'><strong>offerat,</strong></span> <span class='ocrx_word' id='word_1_220' title='bbox 697 1619 754 1666; x_wconf 85' lang='lat' dir='ltr'><strong>ut</strong></span> <span class='ocrx_word' id='word_1_221' title='bbox 785 1628 907 1682; x_wconf 77' lang='lat' dir='ltr'><strong>quze</strong></span> <span class='ocrx_word' id='word_1_222' title='bbox 935 1612 1074 1667; x_wconf 90' lang='lat' dir='ltr'><strong>furto</strong></span> <span class='ocrx_word' id='word_1_223' title='bbox 1107 1612 1287 1667; x_wconf 88' lang='lat' dir='ltr'><strong>ablata</strong></span> <span class='ocrx_word' id='word_1_224' title='bbox 1339 1620 1466 1668; x_wconf 89' lang='lat' dir='ltr'><strong>sunt</strong></span> <span class='ocrx_word' id='word_1_225' title='bbox 1513 1613 1848 1680; x_wconf 89' lang='lat' dir='ltr'><strong>reinvenire,</strong></span> <span class='ocrx_word' id='word_1_226' title='bbox 1877 1644 1925 1713; x_wconf 76' lang='grc' dir='ltr'>Β</span> <span class='ocrx_word' id='word_1_227' title='bbox 1955 1610 2345 1665; x_wconf 88' lang='lat' dir='ltr'><strong>contrarietate</strong></span> <span class='ocrx_word' id='word_1_228' title='bbox 2399 1625 2508 1664; x_wconf 91' lang='lat' dir='ltr'><strong>non</strong></span> <span class='ocrx_word' id='word_1_229' title='bbox 2541 1610 2610 1664; x_wconf 88' lang='lat' dir='ltr'><strong>sit</strong></span> <span class='ocrx_word' id='word_1_230' title='bbox 2640 1609 2920 1680; x_wconf 87' lang='lat' dir='ltr'><strong>palpabile</strong></span> <span class='ocrx_word' id='word_1_231' title='bbox 2963 1611 3110 1680; x_wconf 92' lang='lat' dir='ltr'><strong>quod</strong></span> <span class='ocrx_word' id='word_1_232' title='bbox 3144 1610 3430 1681; x_wconf 89' lang='lat' dir='ltr'><strong>spirituale</strong></span> <span class='ocrx_word' id='word_1_233' title='bbox 3455 1619 3561 1678; x_wconf 86' lang='lat' dir='ltr'><strong>est,</strong></span> 
     </span>
    </p>
   </div>
   <div class='ocr_carea' id='block_1_29' title="bbox 238 1699 1850 1771">
    <p class='ocr_par' dir='ltr' id='par_1_29' title="bbox 238 1699 1850 1771">
     <span class='ocr_line' id='line_1_29' title="bbox 238 1699 1850 1771; baseline 0.001 -17"><span class='ocrx_word' id='word_1_234' title='bbox 238 1716 335 1755; x_wconf 92' lang='lat' dir='ltr'><strong>seu</strong></span> <span class='ocrx_word' id='word_1_235' title='bbox 368 1701 581 1754; x_wconf 91' lang='lat' dir='ltr'><strong>hostem</strong></span> <span class='ocrx_word' id='word_1_236' title='bbox 631 1699 910 1768; x_wconf 88' lang='lat' dir='ltr'><strong>occidere,</strong></span> <span class='ocrx_word' id='word_1_237' title='bbox 955 1700 1043 1755; x_wconf 89' lang='lat' dir='ltr'><strong>vel</strong></span> <span class='ocrx_word' id='word_1_238' title='bbox 1089 1701 1335 1770; x_wconf 85' lang='lat' dir='ltr'><strong>rapinam</strong></span> <span class='ocrx_word' id='word_1_239' title='bbox 1366 1710 1706 1771; x_wconf 87' lang='lat' dir='ltr'><strong>perpetrare,</strong></span> <span class='ocrx_word' id='word_1_240' title='bbox 1752 1717 1850 1755; x_wconf 91' lang='lat' dir='ltr'><strong>seu</strong></span> 
     </span>
    </p>
   </div>
   <div class='ocr_carea' id='block_1_30' title="bbox 241 1787 1854 1863">
    <p class='ocr_par' dir='ltr' id='par_1_30' title="bbox 241 1787 1854 1863">
     <span class='ocr_line' id='line_1_30' title="bbox 241 1787 1854 1863; baseline -0.001 -21"><span class='ocrx_word' id='word_1_241' title='bbox 241 1805 497 1844; x_wconf 90' lang='lat' dir='ltr'><strong>nummos</strong></span> <span class='ocrx_word' id='word_1_242' title='bbox 545 1799 639 1844; x_wconf 88' lang='lat' dir='ltr'><strong>aut</strong></span> <span class='ocrx_word' id='word_1_243' title='bbox 676 1790 907 1863; x_wconf 89' lang='lat' dir='ltr'><strong>gratiam</strong></span> <span class='ocrx_word' id='word_1_244' title='bbox 940 1790 1226 1861; x_wconf 87' lang='lat' dir='ltr'><strong>acquirere</strong></span> <span class='ocrx_word' id='word_1_245' title='bbox 1257 1790 1456 1856; x_wconf 84' lang='lat' dir='ltr'><strong>valeat,</strong></span> <span class='ocrx_word' id='word_1_246' title='bbox 1509 1787 1854 1844; x_wconf 89' lang='lat' dir='ltr'><strong>rationabilis</strong></span> 
     </span>
    </p>
   </div>
   <div class='ocr_carea' id='block_1_31' title="bbox 241 1880 1852 1950">
    <p class='ocr_par' dir='ltr' id='par_1_31' title="bbox 241 1880 1852 1950">
     <span class='ocr_line' id='line_1_31' title="bbox 241 1880 1852 1950; baseline -0.002 -15"><span class='ocrx_word' id='word_1_247' title='bbox 241 1898 353 1935; x_wconf 88' lang='lat' dir='ltr'><strong>non</strong></span> <span class='ocrx_word' id='word_1_248' title='bbox 381 1881 582 1936; x_wconf 86' lang='lat' dir='ltr'><strong>dicitur</strong></span> <span class='ocrx_word' id='word_1_249' title='bbox 637 1881 905 1936; x_wconf 74' lang='lat' dir='ltr'><strong>offerendi</strong></span> <span class='ocrx_word' id='word_1_250' title='bbox 962 1898 1148 1945; x_wconf 88' lang='lat' dir='ltr'><strong>causa,</strong></span> <span class='ocrx_word' id='word_1_251' title='bbox 1182 1882 1308 1937; x_wconf 90' lang='lat' dir='ltr'><strong>ideo</strong></span> <span class='ocrx_word' id='word_1_252' title='bbox 1356 1897 1458 1936; x_wconf 89' lang='lat' dir='ltr'><strong>nec</strong></span> <span class='ocrx_word' id='word_1_253' title='bbox 1497 1880 1852 1950; x_wconf 89' lang='lat' dir='ltr'><strong>acceptabilis</strong></span> 
     </span>
    </p>
   </div>
   <div class='ocr_carea' id='block_1_32' title="bbox 238 1971 1851 2048">
    <p class='ocr_par' dir='ltr' id='par_1_32' title="bbox 238 1971 1851 2048">
     <span class='ocr_line' id='line_1_32' title="bbox 238 1971 1851 2048; baseline -0.001 -20"><span class='ocrx_word' id='word_1_254' title='bbox 238 1983 322 2028; x_wconf 90' lang='lat' dir='ltr'><strong>est</strong></span> <span class='ocrx_word' id='word_1_255' title='bbox 353 1973 475 2026; x_wconf 89' lang='lat' dir='ltr'><strong>talis</strong></span> <span class='ocrx_word' id='word_1_256' title='bbox 524 1973 719 2028; x_wconf 90' lang='lat' dir='ltr'><strong>hostia.</strong></span> <span class='ocrx_word' id='word_1_257' title='bbox 783 1974 972 2029; x_wconf 88' lang='lat' dir='ltr'><strong>Hostia</strong></span> <span class='ocrx_word' id='word_1_258' title='bbox 1003 1989 1134 2048; x_wconf 89' lang='lat' dir='ltr'><strong>ergo</strong></span> <span class='ocrx_word' id='word_1_259' title='bbox 1190 1980 1374 2029; x_wconf 87' lang='lat' dir='ltr'><strong>nostra</strong></span> <span class='ocrx_word' id='word_1_260' title='bbox 1403 1982 1456 2028; x_wconf 88' lang='lat' dir='ltr'><strong>et</strong></span> <span class='ocrx_word' id='word_1_261' title='bbox 1489 1973 1688 2027; x_wconf 89' lang='lat' dir='ltr'><strong>merito</strong></span> <span class='ocrx_word' id='word_1_262' title='bbox 1719 1971 1851 2027; x_wconf 78' lang='lat' dir='ltr'><strong>offe-</strong></span> 
     </span>
    </p>
   </div>
   <div class='ocr_carea' id='block_1_33' title="bbox 170 2063 1857 2154">
    <p class='ocr_par' dir='ltr' id='par_1_33' title="bbox 170 2063 1857 2154">
     <span class='ocr_line' id='line_1_33' title="bbox 170 2063 1857 2154; baseline 0 -35"><span class='ocrx_word' id='word_1_263' title='bbox 170 2063 190 2154; x_wconf 81' lang='grc'>(</span> <span class='ocrx_word' id='word_1_264' title='bbox 239 2066 500 2133; x_wconf 90' lang='lat' dir='ltr'><strong>rentium,</strong></span> <span class='ocrx_word' id='word_1_265' title='bbox 545 2074 598 2121; x_wconf 92' lang='lat' dir='ltr'><strong>et</strong></span> <span class='ocrx_word' id='word_1_266' title='bbox 625 2066 892 2121; x_wconf 70' lang='lat' dir='ltr'><strong>efferendi</strong></span> <span class='ocrx_word' id='word_1_267' title='bbox 922 2083 1088 2122; x_wconf 86' lang='lat' dir='ltr'><strong>causa</strong></span> <span class='ocrx_word' id='word_1_268' title='bbox 1121 2067 1214 2121; x_wconf 86' lang='lat' dir='ltr'><strong>fiat</strong></span> <span class='ocrx_word' id='word_1_269' title='bbox 1250 2065 1616 2130; x_wconf 90' lang='lat' dir='ltr'><strong>rationabilis,</strong></span> <span class='ocrx_word' id='word_1_270' title='bbox 1646 2071 1705 2120; x_wconf 92' lang='lat' dir='ltr'><strong>ut</strong></span> <span class='ocrx_word' id='word_1_271' title='bbox 1730 2081 1857 2121; x_wconf 84' lang='lat' dir='ltr'><strong>con-</strong></span> 
     </span>
    </p>
   </div>
   <div class='ocr_carea' id='block_1_34' title="bbox 240 2156 1265 2229">
    <p class='ocr_par' dir='ltr' id='par_1_34' title="bbox 240 2156 1265 2229">
     <span class='ocr_line' id='line_1_34' title="bbox 240 2156 1265 2229; baseline 0 -17"><span class='ocrx_word' id='word_1_272' title='bbox 240 2163 542 2229; x_wconf 88' lang='lat' dir='ltr'><strong>sequenter</strong></span> <span class='ocrx_word' id='word_1_273' title='bbox 571 2156 664 2211; x_wconf 87' lang='lat' dir='ltr'><strong>fiat</strong></span> <span class='ocrx_word' id='word_1_274' title='bbox 693 2158 859 2212; x_wconf 87' lang='lat' dir='ltr'><strong>etiam</strong></span> <span class='ocrx_word' id='word_1_275' title='bbox 888 2157 1265 2228; x_wconf 82' lang='lat' dir='ltr'><strong>acceptabilis.</strong></span> 
     </span>
    </p>
   </div>
   <div class='ocr_carea' id='block_1_35' title="bbox 313 2247 1860 2318">
    <p class='ocr_par' dir='ltr' id='par_1_35' title="bbox 313 2247 1860 2318">
     <span class='ocr_line' id='line_1_35' title="bbox 313 2247 1860 2318; baseline -0.001 -15"><span class='ocrx_word' id='word_1_276' title='bbox 313 2249 728 2317; x_wconf 82' lang='lat' dir='ltr'><strong>Acceptabilem.</strong></span> <span class='ocrx_word' id='word_1_277' title='bbox 792 2249 910 2304; x_wconf 90' lang='lat' dir='ltr'><strong>Non</strong></span> <span class='ocrx_word' id='word_1_278' title='bbox 945 2254 1124 2318; x_wconf 89' lang='lat' dir='ltr'><strong>potest</strong></span> <span class='ocrx_word' id='word_1_279' title='bbox 1170 2263 1280 2303; x_wconf 91' lang='lat' dir='ltr'><strong>non</strong></span> <span class='ocrx_word' id='word_1_280' title='bbox 1313 2263 1433 2303; x_wconf 90' lang='lat' dir='ltr'><strong>esse</strong></span> <span class='ocrx_word' id='word_1_281' title='bbox 1477 2247 1860 2317; x_wconf 89' lang='lat' dir='ltr'><strong>acceptabilis,</strong></span> 
     </span>
    </p>
   </div>
   <div class='ocr_carea' id='block_1_36' title="bbox 245 2340 1858 2412">
    <p class='ocr_par' dir='ltr' id='par_1_36' title="bbox 245 2340 1858 2412">
     <span class='ocr_line' id='line_1_36' title="bbox 245 2340 1858 2412; baseline 0 -18"><span class='ocrx_word' id='word_1_282' title='bbox 245 2357 368 2412; x_wconf 68' lang='lat' dir='ltr'><strong>quae</strong></span> <span class='ocrx_word' id='word_1_283' title='bbox 401 2341 714 2412; x_wconf 84' lang='lat' dir='ltr'><strong>superiores</strong></span> <span class='ocrx_word' id='word_1_284' title='bbox 746 2348 854 2395; x_wconf 90' lang='lat' dir='ltr'><strong>tres</strong></span> <span class='ocrx_word' id='word_1_285' title='bbox 889 2341 1102 2411; x_wconf 88' lang='lat' dir='ltr'><strong>species</strong></span> <span class='ocrx_word' id='word_1_286' title='bbox 1128 2340 1355 2412; x_wconf 90' lang='lat' dir='ltr'><strong>respicit</strong></span> <span class='ocrx_word' id='word_1_287' title='bbox 1389 2341 1724 2396; x_wconf 75' lang='lat' dir='ltr'><strong>omnimodae</strong></span> <span class='ocrx_word' id='word_1_288' title='bbox 1752 2341 1858 2395; x_wconf 91' lang='lat' dir='ltr'><strong>be-</strong></span> 
     </span>
    </p>
   </div>
   <div class='ocr_carea' id='block_1_37' title="bbox 245 2431 1855 2504">
    <p class='ocr_par' dir='ltr' id='par_1_37' title="bbox 245 2431 1855 2504">
     <span class='ocr_line' id='line_1_37' title="bbox 245 2431 1855 2504; baseline 0 -19"><span class='ocrx_word' id='word_1_289' title='bbox 245 2432 597 2486; x_wconf 90' lang='lat' dir='ltr'><strong>nedictionis.</strong></span> <span class='ocrx_word' id='word_1_290' title='bbox 632 2432 745 2486; x_wconf 86' lang='lat' dir='ltr'><strong>Non</strong></span> <span class='ocrx_word' id='word_1_291' title='bbox 776 2437 956 2500; x_wconf 89' lang='lat' dir='ltr'><strong>potest</strong></span> <span class='ocrx_word' id='word_1_292' title='bbox 976 2431 1144 2486; x_wconf 90' lang='lat' dir='ltr'><strong>Deum</strong></span> <span class='ocrx_word' id='word_1_293' title='bbox 1178 2431 1366 2486; x_wconf 87' lang='lat' dir='ltr'><strong>odisse</strong></span> <span class='ocrx_word' id='word_1_294' title='bbox 1402 2432 1563 2487; x_wconf 85' lang='lat' dir='ltr'><strong>Deus.</strong></span> <span class='ocrx_word' id='word_1_295' title='bbox 1585 2432 1692 2486; x_wconf 92' lang='lat' dir='ltr'><strong>Sed</strong></span> <span class='ocrx_word' id='word_1_296' title='bbox 1725 2432 1855 2504; x_wconf 89' lang='lat' dir='ltr'><strong>quia</strong></span> 
     </span>
    </p>
   </div>
   <div class='ocr_carea' id='block_1_38' title="bbox 243 2519 1853 2594">
    <p class='ocr_par' dir='ltr' id='par_1_38' title="bbox 243 2519 1853 2594">
     <span class='ocr_line' id='line_1_38' title="bbox 243 2519 1853 2594; baseline 0.001 -21"><span class='ocrx_word' id='word_1_297' title='bbox 243 2521 483 2574; x_wconf 79' lang='lat' dir='ltr'><strong>Cha-ritas</strong></span> <span class='ocrx_word' id='word_1_298' title='bbox 511 2524 587 2574; x_wconf 86' lang='lat' dir='ltr'><strong>est</strong></span> <span class='ocrx_word' id='word_1_299' title='bbox 633 2523 771 2574; x_wconf 84' lang='lat' dir='ltr'><strong>Deus</strong></span> <span class='ocrx_word' id='word_1_300' title='bbox 825 2520 899 2586; x_wconf 76' lang='lat' dir='ltr'><strong>(II</strong></span> <span class='ocrx_word' id='word_1_301' title='bbox 917 2522 1072 2573; x_wconf 87' lang='lat' dir='ltr'><strong>Joan.</strong></span> <span class='ocrx_word' id='word_1_302' title='bbox 1108 2519 1202 2587; x_wconf 75' lang='grc' dir='ltr'><strong>ιγ),</strong></span> <span class='ocrx_word' id='word_1_303' title='bbox 1258 2519 1438 2594; x_wconf 87' lang='lat' dir='ltr'><strong>diligit</strong></span> <span class='ocrx_word' id='word_1_304' title='bbox 1491 2521 1657 2575; x_wconf 90' lang='lat' dir='ltr'><strong>Deum</strong></span> <span class='ocrx_word' id='word_1_305' title='bbox 1688 2521 1853 2583; x_wconf 87' lang='lat' dir='ltr'><strong>Deus,</strong></span> 
     </span>
    </p>
   </div>
   <div class='ocr_carea' id='block_1_39' title="bbox 246 2613 1856 2685">
    <p class='ocr_par' dir='ltr' id='par_1_39' title="bbox 246 2613 1856 2685">
     <span class='ocr_line' id='line_1_39' title="bbox 246 2613 1856 2685; baseline 0.001 -17"><span class='ocrx_word' id='word_1_306' title='bbox 246 2621 298 2669; x_wconf 91' lang='lat' dir='ltr'><strong>et</strong></span> <span class='ocrx_word' id='word_1_307' title='bbox 341 2614 696 2684; x_wconf 88' lang='lat' dir='ltr'><strong>acceptabilis</strong></span> <span class='ocrx_word' id='word_1_308' title='bbox 741 2621 823 2668; x_wconf 90' lang='lat' dir='ltr'><strong>est</strong></span> <span class='ocrx_word' id='word_1_309' title='bbox 849 2615 958 2668; x_wconf 93' lang='lat' dir='ltr'><strong>Deo</strong></span> <span class='ocrx_word' id='word_1_310' title='bbox 1011 2613 1188 2668; x_wconf 90' lang='lat' dir='ltr'><strong>hostia</strong></span> <span class='ocrx_word' id='word_1_311' title='bbox 1239 2630 1360 2685; x_wconf 59' lang='lat' dir='ltr'><strong>qum</strong></span> <span class='ocrx_word' id='word_1_312' title='bbox 1399 2616 1542 2669; x_wconf 91' lang='lat' dir='ltr'><strong>Deus</strong></span> <span class='ocrx_word' id='word_1_313' title='bbox 1581 2622 1680 2670; x_wconf 90' lang='lat' dir='ltr'><strong>est.</strong></span> <span class='ocrx_word' id='word_1_314' title='bbox 1718 2614 1856 2680; x_wconf 84' lang='lat' dir='ltr'><strong>Quid</strong></span> 
     </span>
    </p>
   </div>
   <div class='ocr_carea' id='block_1_40' title="bbox 244 2707 1865 2780">
    <p class='ocr_par' dir='ltr' id='par_1_40' title="bbox 244 2707 1865 2780">
     <span class='ocr_line' id='line_1_40' title="bbox 244 2707 1865 2780; baseline -0.001 -17"><span class='ocrx_word' id='word_1_315' title='bbox 244 2724 375 2780; x_wconf 84' lang='lat' dir='ltr'><strong>ergo</strong></span> <span class='ocrx_word' id='word_1_316' title='bbox 414 2723 638 2763; x_wconf 90' lang='lat' dir='ltr'><strong>oramus</strong></span> <span class='ocrx_word' id='word_1_317' title='bbox 685 2707 804 2763; x_wconf 89' lang='lat' dir='ltr'><strong>ﬁeri</strong></span> <span class='ocrx_word' id='word_1_318' title='bbox 868 2707 1291 2778; x_wconf 88' lang='lat' dir='ltr'><strong>acceptabilem,</strong></span> <span class='ocrx_word' id='word_1_319' title='bbox 1360 2724 1483 2779; x_wconf 65' lang='lat' dir='ltr'><strong>quae</strong></span> <span class='ocrx_word' id='word_1_320' title='bbox 1522 2725 1630 2764; x_wconf 92' lang='lat' dir='ltr'><strong>non</strong></span> <span class='ocrx_word' id='word_1_321' title='bbox 1685 2715 1865 2779; x_wconf 88' lang='lat' dir='ltr'><strong>potest</strong></span> 
     </span>
    </p>
   </div>
   <div class='ocr_carea' id='block_1_41' title="bbox 250 2796 1868 2868">
    <p class='ocr_par' dir='ltr' id='par_1_41' title="bbox 250 2796 1868 2868">
     <span class='ocr_line' id='line_1_41' title="bbox 250 2796 1868 2868; baseline -0.003 -17"><span class='ocrx_word' id='word_1_322' title='bbox 250 2798 546 2867; x_wconf 82' lang='lat' dir='ltr'><strong>displicere</strong></span> <span class='ocrx_word' id='word_1_323' title='bbox 566 2796 593 2849; x_wconf 81' lang='lat'><strong>&#39;?</strong></span> <span class='ocrx_word' id='word_1_324' title='bbox 612 2797 741 2850; x_wconf 90' lang='lat' dir='ltr'><strong>Nam</strong></span> <span class='ocrx_word' id='word_1_325' title='bbox 758 2813 880 2868; x_wconf 74' lang='lat' dir='ltr'><strong>quae</strong></span> <span class='ocrx_word' id='word_1_326' title='bbox 899 2796 1258 2867; x_wconf 89' lang='lat' dir='ltr'><strong>acceptabilis</strong></span> <span class='ocrx_word' id='word_1_327' title='bbox 1279 2805 1361 2850; x_wconf 90' lang='lat' dir='ltr'><strong>est</strong></span> <span class='ocrx_word' id='word_1_328' title='bbox 1393 2814 1492 2867; x_wconf 90' lang='lat' dir='ltr'><strong>per</strong></span> <span class='ocrx_word' id='word_1_329' title='bbox 1507 2813 1582 2861; x_wconf 91' lang='lat' dir='ltr'><strong>se,</strong></span> <span class='ocrx_word' id='word_1_330' title='bbox 1609 2797 1868 2868; x_wconf 90' lang='lat' dir='ltr'><strong>displicet</strong></span> 
     </span>
    </p>
   </div>
   <div class='ocr_carea' id='block_1_42' title="bbox 244 2884 1865 2957">
    <p class='ocr_par' dir='ltr' id='par_1_42' title="bbox 244 2884 1865 2957">
     <span class='ocr_line' id='line_1_42' title="bbox 244 2884 1865 2957; baseline 0.001 -17"><span class='ocrx_word' id='word_1_331' title='bbox 244 2902 342 2957; x_wconf 91' lang='lat' dir='ltr'><strong>pro</strong></span> <span class='ocrx_word' id='word_1_332' title='bbox 373 2886 662 2942; x_wconf 74' lang='lat' dir='ltr'><strong>offerente.</strong></span> <span class='ocrx_word' id='word_1_333' title='bbox 689 2886 792 2941; x_wconf 88' lang='lat' dir='ltr'><strong>Pro</strong></span> <span class='ocrx_word' id='word_1_334' title='bbox 818 2884 1088 2941; x_wconf 77' lang='lat' dir='ltr'><strong>offerente</strong></span> <span class='ocrx_word' id='word_1_335' title='bbox 1117 2888 1416 2956; x_wconf 90' lang='lat' dir='ltr'><strong>respuitur,</strong></span> <span class='ocrx_word' id='word_1_336' title='bbox 1451 2902 1572 2957; x_wconf 58' lang='lat' dir='ltr'><strong>quae</strong></span> <span class='ocrx_word' id='word_1_337' title='bbox 1601 2895 1865 2957; x_wconf 90' lang='lat' dir='ltr'><strong>quantum</strong></span> 
     </span>
    </p>
   </div>
   <div class='ocr_carea' id='block_1_43' title="bbox 1955 1701 3561 1772">
    <p class='ocr_par' dir='ltr' id='par_1_43' title="bbox 1955 1701 3561 1772">
     <span class='ocr_line' id='line_1_43' title="bbox 1955 1701 3561 1772; baseline 0.001 -18"><span class='ocrx_word' id='word_1_338' title='bbox 1955 1717 2057 1756; x_wconf 91' lang='lat' dir='ltr'><strong>nec</strong></span> <span class='ocrx_word' id='word_1_339' title='bbox 2094 1701 2164 1756; x_wconf 85' lang='lat' dir='ltr'><strong>sit</strong></span> <span class='ocrx_word' id='word_1_340' title='bbox 2191 1701 2474 1772; x_wconf 89' lang='lat' dir='ltr'><strong>spirituale</strong></span> <span class='ocrx_word' id='word_1_341' title='bbox 2502 1701 2648 1772; x_wconf 89' lang='lat' dir='ltr'><strong>quod</strong></span> <span class='ocrx_word' id='word_1_342' title='bbox 2681 1701 2750 1755; x_wconf 90' lang='lat' dir='ltr'><strong>sit</strong></span> <span class='ocrx_word' id='word_1_343' title='bbox 2778 1701 3068 1772; x_wconf 87' lang='lat' dir='ltr'><strong>palpabile.</strong></span> <span class='ocrx_word' id='word_1_344' title='bbox 3104 1703 3161 1755; x_wconf 90' lang='lat' dir='ltr'><strong>In</strong></span> <span class='ocrx_word' id='word_1_345' title='bbox 3188 1703 3373 1772; x_wconf 89' lang='lat' dir='ltr'><strong>specie</strong></span> <span class='ocrx_word' id='word_1_346' title='bbox 3414 1704 3561 1756; x_wconf 88' lang='lat' dir='ltr'><strong>enim</strong></span> 
     </span>
    </p>
   </div>
   <div class='ocr_carea' id='block_1_44' title="bbox 1955 1791 3564 1862">
    <p class='ocr_par' dir='ltr' id='par_1_44' title="bbox 1955 1791 3564 1862">
     <span class='ocr_line' id='line_1_44' title="bbox 1955 1791 3564 1862; baseline 0.001 -17"><span class='ocrx_word' id='word_1_347' title='bbox 1955 1797 2008 1845; x_wconf 91' lang='lat' dir='ltr'><strong>et</strong></span> <span class='ocrx_word' id='word_1_348' title='bbox 2037 1807 2233 1862; x_wconf 90' lang='lat' dir='ltr'><strong>sapore</strong></span> <span class='ocrx_word' id='word_1_349' title='bbox 2267 1791 2424 1861; x_wconf 90' lang='lat' dir='ltr'><strong>panis</strong></span> <span class='ocrx_word' id='word_1_350' title='bbox 2454 1801 2508 1846; x_wconf 92' lang='lat' dir='ltr'><strong>et</strong></span> <span class='ocrx_word' id='word_1_351' title='bbox 2536 1791 2646 1844; x_wconf 84' lang='lat' dir='ltr'><strong>vini</strong></span> <span class='ocrx_word' id='word_1_352' title='bbox 2690 1792 3086 1846; x_wconf 89' lang='lat' dir='ltr'><strong>manducamus</strong></span> <span class='ocrx_word' id='word_1_353' title='bbox 3113 1797 3169 1846; x_wconf 93' lang='lat' dir='ltr'><strong>et</strong></span> <span class='ocrx_word' id='word_1_354' title='bbox 3199 1792 3442 1846; x_wconf 89' lang='lat' dir='ltr'><strong>bibimus</strong></span> <span class='ocrx_word' id='word_1_355' title='bbox 3474 1793 3564 1862; x_wconf 90' lang='lat' dir='ltr'><strong>ip-</strong></span> 
     </span>
    </p>
   </div>
   <div class='ocr_carea' id='block_1_45' title="bbox 1953 1879 3565 1952">
    <p class='ocr_par' dir='ltr' id='par_1_45' title="bbox 1953 1879 3565 1952">
     <span class='ocr_line' id='line_1_45' title="bbox 1953 1879 3565 1952; baseline 0.001 -18"><span class='ocrx_word' id='word_1_356' title='bbox 1953 1895 2067 1934; x_wconf 89' lang='lat' dir='ltr'><strong>sam</strong></span> <span class='ocrx_word' id='word_1_357' title='bbox 2097 1880 2461 1934; x_wconf 88' lang='lat' dir='ltr'><strong>substantiam</strong></span> <span class='ocrx_word' id='word_1_358' title='bbox 2486 1879 2732 1950; x_wconf 89' lang='lat' dir='ltr'><strong>eorporis</strong></span> <span class='ocrx_word' id='word_1_359' title='bbox 2783 1889 2838 1932; x_wconf 91' lang='lat' dir='ltr'><strong>et</strong></span> <span class='ocrx_word' id='word_1_360' title='bbox 2876 1879 3186 1952; x_wconf 88' lang='lat' dir='ltr'><strong>sanguinis,</strong></span> <span class='ocrx_word' id='word_1_361' title='bbox 3228 1880 3330 1934; x_wconf 91' lang='lat' dir='ltr'><strong>sub</strong></span> <span class='ocrx_word' id='word_1_362' title='bbox 3360 1881 3565 1935; x_wconf 88' lang='lat' dir='ltr'><strong>eisdem</strong></span> 
     </span>
    </p>
   </div>
   <div class='ocr_carea' id='block_1_46' title="bbox 1955 1971 3573 2046">
    <p class='ocr_par' dir='ltr' id='par_1_46' title="bbox 1955 1971 3573 2046">
     <span class='ocr_line' id='line_1_46' title="bbox 1955 1971 3573 2046; baseline 0.002 -19"><span class='ocrx_word' id='word_1_363' title='bbox 1955 1972 2316 2044; x_wconf 88' lang='lat' dir='ltr'><strong>qualitatibus</strong></span> <span class='ocrx_word' id='word_1_364' title='bbox 2367 1981 2571 2027; x_wconf 89' lang='lat' dir='ltr'><strong>mutata</strong></span> <span class='ocrx_word' id='word_1_365' title='bbox 2635 1971 2971 2027; x_wconf 87' lang='lat' dir='ltr'><strong>substantia:</strong></span> <span class='ocrx_word' id='word_1_366' title='bbox 3041 1979 3099 2026; x_wconf 91' lang='lat' dir='ltr'><strong>ut</strong></span> <span class='ocrx_word' id='word_1_367' title='bbox 3147 1973 3248 2026; x_wconf 90' lang='lat' dir='ltr'><strong>sub</strong></span> <span class='ocrx_word' id='word_1_368' title='bbox 3297 1975 3466 2046; x_wconf 87' lang='lat' dir='ltr'><strong>figura</strong></span> <span class='ocrx_word' id='word_1_369' title='bbox 3520 1985 3573 2030; x_wconf 91' lang='lat' dir='ltr'><strong>ct</strong></span> 
     </span>
    </p>
   </div>
   <div class='ocr_carea' id='block_1_47' title="bbox 1957 2060 3573 2132">
    <p class='ocr_par' dir='ltr' id='par_1_47' title="bbox 1957 2060 3573 2132">
     <span class='ocr_line' id='line_1_47' title="bbox 1957 2060 3573 2132; baseline 0.002 -17"><span class='ocrx_word' id='word_1_370' title='bbox 1957 2076 2153 2132; x_wconf 87' lang='lat' dir='ltr'><strong>sapore</strong></span> <span class='ocrx_word' id='word_1_371' title='bbox 2181 2061 2504 2115; x_wconf 71' lang='lat' dir='ltr'><strong>substantiae</strong></span> <span class='ocrx_word' id='word_1_372' title='bbox 2564 2061 2782 2131; x_wconf 90' lang='lat' dir='ltr'><strong>prioris,</strong></span> <span class='ocrx_word' id='word_1_373' title='bbox 2817 2060 2955 2116; x_wconf 87' lang='lat' dir='ltr'><strong>facta</strong></span> <span class='ocrx_word' id='word_1_374' title='bbox 2989 2062 3060 2116; x_wconf 89' lang='lat' dir='ltr'><strong>sit</strong></span> <span class='ocrx_word' id='word_1_375' title='bbox 3089 2078 3216 2116; x_wconf 87' lang='lat' dir='ltr'><strong>vera</strong></span> <span class='ocrx_word' id='word_1_376' title='bbox 3267 2064 3573 2120; x_wconf 85' lang='lat' dir='ltr'><strong>substantia</strong></span> 
     </span>
    </p>
   </div>
   <div class='ocr_carea' id='block_1_48' title="bbox 1961 2152 2855 2223">
    <p class='ocr_par' dir='ltr' id='par_1_48' title="bbox 1961 2152 2855 2223">
     <span class='ocr_line' id='line_1_48' title="bbox 1961 2152 2855 2223; baseline 0.001 -16"><span class='ocrx_word' id='word_1_377' title='bbox 1961 2153 2160 2207; x_wconf 79' lang='lat' dir='ltr'><strong>Christi</strong></span> <span class='ocrx_word' id='word_1_378' title='bbox 2194 2152 2439 2222; x_wconf 88' lang='lat' dir='ltr'><strong>corporis</strong></span> <span class='ocrx_word' id='word_1_379' title='bbox 2466 2158 2519 2207; x_wconf 92' lang='lat' dir='ltr'><strong>et</strong></span> <span class='ocrx_word' id='word_1_380' title='bbox 2549 2152 2855 2223; x_wconf 88' lang='lat' dir='ltr'><strong>sanguinis.</strong></span> 
     </span>
    </p>
   </div>
   <div class='ocr_carea' id='block_1_49' title="bbox 2037 2244 3573 2314">
    <p class='ocr_par' dir='ltr' id='par_1_49' title="bbox 2037 2244 3573 2314">
     <span class='ocr_line' id='line_1_49' title="bbox 2037 2244 3573 2314; baseline 0 -15"><span class='ocrx_word' id='word_1_381' title='bbox 2037 2245 2192 2299; x_wconf 89' lang='lat' dir='ltr'><strong>Dedit</strong></span> <span class='ocrx_word' id='word_1_382' title='bbox 2240 2244 2543 2312; x_wconf 79' lang='lat' dir='ltr'><strong>discipulis,</strong></span> <span class='ocrx_word' id='word_1_383' title='bbox 2579 2250 2710 2311; x_wconf 90' lang='lat' dir='ltr'><strong>etc.,</strong></span> <span class='ocrx_word' id='word_1_384' title='bbox 2737 2259 2912 2314; x_wconf 88' lang='lat' dir='ltr'><strong>usque</strong></span> <span class='ocrx_word' id='word_1_385' title='bbox 2943 2259 3133 2314; x_wconf 80' lang='lat' dir='ltr'><strong>corpus</strong></span> <span class='ocrx_word' id='word_1_386' title='bbox 3179 2261 3369 2299; x_wconf 85' lang='lat' dir='ltr'><strong>meum.</strong></span> <span class='ocrx_word' id='word_1_387' title='bbox 3422 2245 3573 2301; x_wconf 81' lang='lat' dir='ltr'><strong>Patet</strong></span> 
     </span>
    </p>
   </div>
   <div class='ocr_carea' id='block_1_50' title="bbox 1965 2335 3659 2409">
    <p class='ocr_par' dir='ltr' id='par_1_50' title="bbox 1965 2335 3659 2409">
     <span class='ocr_line' id='line_1_50' title="bbox 1965 2335 3659 2409; baseline -0.001 -18"><span class='ocrx_word' id='word_1_388' title='bbox 1965 2336 2113 2409; x_wconf 89' lang='lat' dir='ltr'><strong>quod</strong></span> <span class='ocrx_word' id='word_1_389' title='bbox 2139 2335 2298 2407; x_wconf 89' lang='lat' dir='ltr'><strong>panis</strong></span> <span class='ocrx_word' id='word_1_390' title='bbox 2335 2342 2558 2406; x_wconf 89' lang='lat' dir='ltr'><strong>accepta</strong></span> <span class='ocrx_word' id='word_1_391' title='bbox 2587 2335 2979 2390; x_wconf 90' lang='lat' dir='ltr'><strong>benedictione</strong></span> <span class='ocrx_word' id='word_1_392' title='bbox 3037 2336 3209 2391; x_wconf 88' lang='lat' dir='ltr'><strong>factus</strong></span> <span class='ocrx_word' id='word_1_393' title='bbox 3263 2338 3333 2392; x_wconf 91' lang='lat' dir='ltr'><strong>sit</strong></span> <span class='ocrx_word' id='word_1_394' title='bbox 3370 2353 3575 2408; x_wconf 90' lang='lat' dir='ltr'><strong>corpus</strong></span> <span class='ocrx_word' id='word_1_395' title='bbox 3639 2357 3659 2380; x_wconf 63' lang='grc' dir='ltr'>ι’</span> 
     </span>
    </p>
   </div>
   <div class='ocr_carea' id='block_1_51' title="bbox 1961 2426 3575 2498">
    <p class='ocr_par' dir='ltr' id='par_1_51' title="bbox 1961 2426 3575 2498">
     <span class='ocr_line' id='line_1_51' title="bbox 1961 2426 3575 2498; baseline 0.001 -15"><span class='ocrx_word' id='word_1_396' title='bbox 1961 2428 2181 2484; x_wconf 88' lang='lat' dir='ltr'><strong>Christi.</strong></span> <span class='ocrx_word' id='word_1_397' title='bbox 2213 2426 2328 2482; x_wconf 89' lang='lat' dir='ltr'><strong>Non</strong></span> <span class='ocrx_word' id='word_1_398' title='bbox 2358 2428 2504 2482; x_wconf 91' lang='lat' dir='ltr'><strong>enim</strong></span> <span class='ocrx_word' id='word_1_399' title='bbox 2534 2437 2659 2498; x_wconf 87' lang='lat' dir='ltr'><strong>post</strong></span> <span class='ocrx_word' id='word_1_400' title='bbox 2679 2427 3131 2482; x_wconf 87' lang='lat' dir='ltr'><strong>benedictionem</strong></span> <span class='ocrx_word' id='word_1_401' title='bbox 3161 2429 3424 2484; x_wconf 87' lang='lat' dir='ltr'><strong>dixisset:</strong></span> <span class='ocrx_word' id='word_1_402' title='bbox 3464 2430 3575 2484; x_wconf 89' lang='lat' dir='ltr'><strong>Hoc</strong></span> 
     </span>
    </p>
   </div>
   <div class='ocr_carea' id='block_1_52' title="bbox 1961 2515 3578 2589">
    <p class='ocr_par' dir='ltr' id='par_1_52' title="bbox 1961 2515 3578 2589">
     <span class='ocr_line' id='line_1_52' title="bbox 1961 2515 3578 2589; baseline 0.002 -19"><span class='ocrx_word' id='word_1_403' title='bbox 1961 2523 2045 2571; x_wconf 90' lang='lat' dir='ltr'><strong>est</strong></span> <span class='ocrx_word' id='word_1_404' title='bbox 2070 2531 2268 2586; x_wconf 90' lang='lat' dir='ltr'><strong>corpus</strong></span> <span class='ocrx_word' id='word_1_405' title='bbox 2294 2531 2500 2580; x_wconf 91' lang='lat' dir='ltr'><strong>meum,</strong></span> <span class='ocrx_word' id='word_1_406' title='bbox 2544 2515 2648 2569; x_wconf 92' lang='lat' dir='ltr'><strong>nisi</strong></span> <span class='ocrx_word' id='word_1_407' title='bbox 2680 2515 2736 2569; x_wconf 91' lang='lat' dir='ltr'><strong>in</strong></span> <span class='ocrx_word' id='word_1_408' title='bbox 2767 2515 3163 2571; x_wconf 89' lang='lat' dir='ltr'><strong>benedictione</strong></span> <span class='ocrx_word' id='word_1_409' title='bbox 3193 2517 3350 2573; x_wconf 86' lang='lat' dir='ltr'><strong>fieret</strong></span> <span class='ocrx_word' id='word_1_410' title='bbox 3378 2535 3578 2589; x_wconf 91' lang='lat' dir='ltr'><strong>corpus</strong></span> 
     </span>
    </p>
   </div>
   <div class='ocr_carea' id='block_1_53' title="bbox 1962 2603 3243 2674">
    <p class='ocr_par' dir='ltr' id='par_1_53' title="bbox 1962 2603 3243 2674">
     <span class='ocr_line' id='line_1_53' title="bbox 1962 2603 3243 2674; baseline -0.003 -14"><span class='ocrx_word' id='word_1_411' title='bbox 1962 2621 2122 2660; x_wconf 90' lang='lat' dir='ltr'><strong>suum</strong></span> <span class='ocrx_word' id='word_1_412' title='bbox 2152 2603 2248 2674; x_wconf 75' lang='lat'><strong>(2).</strong></span> <span class='ocrx_word' id='word_1_413' title='bbox 2366 2607 2384 2620; x_wconf 87' lang='lat'>&#39;</span> <span class='ocrx_word' id='word_1_414' title='bbox 3233 2609 3243 2622; x_wconf 84' lang='grc'><em>”</em></span> 
     </span>
    </p>
   </div>
   <div class='ocr_carea' id='block_1_54' title="bbox 2040 2697 3580 2769">
    <p class='ocr_par' dir='ltr' id='par_1_54' title="bbox 2040 2697 3580 2769">
     <span class='ocr_line' id='line_1_54' title="bbox 2040 2697 3580 2769; baseline 0.002 -16"><span class='ocrx_word' id='word_1_415' title='bbox 2040 2698 2222 2753; x_wconf 81' lang='lat' dir='ltr'><strong>Simili</strong></span> <span class='ocrx_word' id='word_1_416' title='bbox 2245 2697 2396 2750; x_wconf 90' lang='lat' dir='ltr'><strong>modo</strong></span> <span class='ocrx_word' id='word_1_417' title='bbox 2428 2701 2719 2766; x_wconf 80' lang='lat' dir='ltr'><strong>postquam</strong></span> <span class='ocrx_word' id='word_1_418' title='bbox 2773 2702 3032 2752; x_wconf 57' lang='lat' dir='ltr'><strong>eximium</strong></span> <span class='ocrx_word' id='word_1_419' title='bbox 3070 2703 3164 2766; x_wconf 86' lang='lat' dir='ltr'><strong>est,</strong></span> <span class='ocrx_word' id='word_1_420' title='bbox 3226 2701 3494 2769; x_wconf 85' lang='lat' dir='ltr'><strong>accipiens</strong></span> <span class='ocrx_word' id='word_1_421' title='bbox 3533 2708 3580 2756; x_wconf 90' lang='lat' dir='ltr'><strong>et</strong></span> 
     </span>
    </p>
   </div>
   <div class='ocr_carea' id='block_1_55' title="bbox 1969 2787 3579 2860">
    <p class='ocr_par' dir='ltr' id='par_1_55' title="bbox 1969 2787 3579 2860">
     <span class='ocr_line' id='line_1_55' title="bbox 1969 2787 3579 2860; baseline 0.002 -18"><span class='ocrx_word' id='word_1_422' title='bbox 1969 2789 2108 2843; x_wconf 82' lang='lat' dir='ltr'><strong>hunc</strong></span> <span class='ocrx_word' id='word_1_423' title='bbox 2137 2788 2456 2857; x_wconf 69' lang='lat' dir='ltr'><strong>praeclarum</strong></span> <span class='ocrx_word' id='word_1_424' title='bbox 2503 2789 2742 2842; x_wconf 72' lang='lat' dir='ltr'><strong>caliéem.</strong></span> <span class='ocrx_word' id='word_1_425' title='bbox 2789 2787 2843 2841; x_wconf 92' lang='lat' dir='ltr'><strong>Si</strong></span> <span class='ocrx_word' id='word_1_426' title='bbox 2872 2787 3116 2843; x_wconf 89' lang='lat' dir='ltr'><strong>Christus</strong></span> <span class='ocrx_word' id='word_1_427' title='bbox 3141 2789 3443 2860; x_wconf 89' lang='lat' dir='ltr'><strong>accepisset</strong></span> <span class='ocrx_word' id='word_1_428' title='bbox 3485 2807 3579 2845; x_wconf 90' lang='lat' dir='ltr'><strong>ca-</strong></span> 
     </span>
    </p>
   </div>
   <div class='ocr_carea' id='block_1_56' title="bbox 1969 2878 3582 2955">
    <p class='ocr_par' dir='ltr' id='par_1_56' title="bbox 1969 2878 3582 2955">
     <span class='ocr_line' id='line_1_56' title="bbox 1969 2878 3582 2955; baseline 0.004 -23"><span class='ocrx_word' id='word_1_429' title='bbox 1969 2878 2127 2935; x_wconf 90' lang='lat' dir='ltr'><strong>licem</strong></span> <span class='ocrx_word' id='word_1_430' title='bbox 2151 2895 2344 2945; x_wconf 74' lang='lat' dir='ltr'><strong>coenae,</strong></span> <span class='ocrx_word' id='word_1_431' title='bbox 2377 2879 2580 2934; x_wconf 92' lang='lat' dir='ltr'><strong>dicitur</strong></span> <span class='ocrx_word' id='word_1_432' title='bbox 2608 2880 2755 2934; x_wconf 89' lang='lat' dir='ltr'><strong>hunc</strong></span> <span class='ocrx_word' id='word_1_433' title='bbox 2789 2881 3092 2951; x_wconf 88' lang='lat' dir='ltr'><strong>accepisse.</strong></span> <span class='ocrx_word' id='word_1_434' title='bbox 3142 2880 3288 2935; x_wconf 91' lang='lat' dir='ltr'><strong>Unus</strong></span> <span class='ocrx_word' id='word_1_435' title='bbox 3321 2898 3451 2955; x_wconf 88' lang='lat' dir='ltr'><strong>ergo</strong></span> <span class='ocrx_word' id='word_1_436' title='bbox 3487 2898 3582 2938; x_wconf 86' lang='lat' dir='ltr'><strong>ca-</strong></span> 
     </span>
    </p>
   </div>
   <div class='ocr_carea' id='block_1_57' title="bbox 243 2968 3581 3082">
    <p class='ocr_par' dir='ltr' id='par_1_57' title="bbox 243 2968 3581 3082">
     <span class='ocr_line' id='line_1_57' title="bbox 243 2968 3581 3082; baseline -0.002 -47"><span class='ocrx_word' id='word_1_437' title='bbox 243 2996 342 3034; x_wconf 89' lang='lat' dir='ltr'><strong>sua</strong></span> <span class='ocrx_word' id='word_1_438' title='bbox 374 2978 542 3034; x_wconf 82' lang='lat' dir='ltr'><strong>refert</strong></span> <span class='ocrx_word' id='word_1_439' title='bbox 567 2985 902 3050; x_wconf 90' lang='lat' dir='ltr'><strong>acceptatur.</strong></span> <span class='ocrx_word' id='word_1_440' title='bbox 936 2979 1262 3049; x_wconf 85' lang='lat' dir='ltr'><strong>Acceptatur</strong></span> <span class='ocrx_word' id='word_1_441' title='bbox 1317 2993 1415 3048; x_wconf 91' lang='lat' dir='ltr'><strong>pro</strong></span> <span class='ocrx_word' id='word_1_442' title='bbox 1469 2978 1695 3046; x_wconf 91' lang='lat' dir='ltr'><strong>sanctis,</strong></span> <span class='ocrx_word' id='word_1_443' title='bbox 1752 2994 1863 3035; x_wconf 93' lang='lat' dir='ltr'><strong>non</strong></span> <span class='ocrx_word' id='word_1_444' title='bbox 1888 3013 1937 3082; x_wconf 67' lang='grc' dir='ltr'>Ο</span> <span class='ocrx_word' id='word_1_445' title='bbox 1969 2970 2041 3023; x_wconf 88' lang='lat' dir='ltr'><strong>lix</strong></span> <span class='ocrx_word' id='word_1_446' title='bbox 2071 2975 2154 3024; x_wconf 91' lang='lat' dir='ltr'><strong>est</strong></span> <span class='ocrx_word' id='word_1_447' title='bbox 2179 2969 2266 3024; x_wconf 92' lang='lat' dir='ltr'><strong>hic</strong></span> <span class='ocrx_word' id='word_1_448' title='bbox 2293 2977 2348 3023; x_wconf 90' lang='lat' dir='ltr'><strong>et</strong></span> <span class='ocrx_word' id='word_1_449' title='bbox 2396 2969 2507 3023; x_wconf 88' lang='lat' dir='ltr'><strong>ille.</strong></span> <span class='ocrx_word' id='word_1_450' title='bbox 2542 2968 2651 3023; x_wconf 90' lang='lat' dir='ltr'><strong>Nisi</strong></span> <span class='ocrx_word' id='word_1_451' title='bbox 2696 2968 2842 3023; x_wconf 90' lang='lat' dir='ltr'><strong>enim</strong></span> <span class='ocrx_word' id='word_1_452' title='bbox 2876 2985 3020 3024; x_wconf 90' lang='lat' dir='ltr'><strong>unus</strong></span> <span class='ocrx_word' id='word_1_453' title='bbox 3053 2969 3145 3039; x_wconf 90' lang='lat' dir='ltr'><strong>sit,</strong></span> <span class='ocrx_word' id='word_1_454' title='bbox 3191 2971 3299 3026; x_wconf 93' lang='lat' dir='ltr'><strong>dici</strong></span> <span class='ocrx_word' id='word_1_455' title='bbox 3335 2987 3445 3026; x_wconf 92' lang='lat' dir='ltr'><strong>non</strong></span> <span class='ocrx_word' id='word_1_456' title='bbox 3477 2989 3581 3044; x_wconf 91' lang='lat' dir='ltr'><strong>po-</strong></span> 
     </span>
     <span class='ocr_line' id='line_1_58' title="bbox 421 3059 3510 3082; baseline 0 0"><span class='ocrx_word' id='word_1_457' title='bbox 421 3079 429 3082; x_wconf 85' lang='lat'><strong>-</strong></span> <span class='ocrx_word' id='word_1_458' title='bbox 478 3077 487 3082; x_wconf 84' lang='lat'><strong>-</strong></span> <span class='ocrx_word' id='word_1_459' title='bbox 701 3070 713 3082; x_wconf 83' lang='grc'><strong>1</strong></span> <span class='ocrx_word' id='word_1_460' title='bbox 868 3070 878 3080; x_wconf 77' lang='grc' dir='ltr'><strong><em>ο</em></strong></span> <span class='ocrx_word' id='word_1_461' title='bbox 1187 3069 1197 3079; x_wconf 72' lang='grc' dir='ltr'><strong>ι</strong></span> <span class='ocrx_word' id='word_1_462' title='bbox 1303 3069 1336 3080; x_wconf 72' lang='grc' dir='ltr'><strong>ον</strong></span> <span class='ocrx_word' id='word_1_463' title='bbox 1449 3069 1504 3082; x_wconf 64' lang='grc' dir='ltr'>λθ</span> <span class='ocrx_word' id='word_1_464' title='bbox 1668 3071 1702 3082; x_wconf 75' lang='grc' dir='ltr'>ι.</span> <span class='ocrx_word' id='word_1_465' title='bbox 1825 3077 1833 3082; x_wconf 90' lang='grc'>.</span> <span class='ocrx_word' id='word_1_466' title='bbox 1967 3066 2067 3082; x_wconf 65' lang='grc' dir='ltr'>ι--ι</span> <span class='ocrx_word' id='word_1_467' title='bbox 2106 3060 2159 3082; x_wconf 71' lang='grc' dir='ltr'><strong>Ξ..</strong></span> <span class='ocrx_word' id='word_1_468' title='bbox 2208 3060 2296 3082; x_wconf 69' lang='grc'><strong>111-</strong></span> <span class='ocrx_word' id='word_1_469' title='bbox 2336 3060 2480 3082; x_wconf 60' lang='grc' dir='ltr'><strong>1.--..Α</strong></span> <span class='ocrx_word' id='word_1_470' title='bbox 2546 3059 2821 3082; x_wconf 70' lang='lat'><strong>_---_2---</strong></span> <span class='ocrx_word' id='word_1_471' title='bbox 2881 3060 2969 3082; x_wconf 58' lang='lat'><strong>13-1</strong></span> <span class='ocrx_word' id='word_1_472' title='bbox 3029 3077 3148 3082; x_wconf 34' lang='lat'><strong>-_._4_</strong></span> <span class='ocrx_word' id='word_1_473' title='bbox 3218 3079 3356 3082; x_wconf 57' lang='grc' dir='ltr'><strong>μμ---</strong></span> <span class='ocrx_word' id='word_1_474' title='bbox 3421 3063 3510 3082; x_wconf 36' lang='grc' dir='ltr'><strong>γιογ</strong></span> 
     </span>
    </p>
   </div>
   <div class='ocr_carea' id='block_1_58' title="bbox 244 3069 1860 3142">
    <p class='ocr_par' dir='ltr' id='par_1_58' title="bbox 244 3069 1860 3142">
     <span class='ocr_line' id='line_1_59' title="bbox 244 3069 1860 3142; baseline -0.002 -15"><span class='ocrx_word' id='word_1_475' title='bbox 244 3077 563 3142; x_wconf 85' lang='lat' dir='ltr'><strong>acceptatur</strong></span> <span class='ocrx_word' id='word_1_476' title='bbox 614 3070 807 3124; x_wconf 90' lang='lat' dir='ltr'><strong>eadem</strong></span> <span class='ocrx_word' id='word_1_477' title='bbox 866 3070 986 3141; x_wconf 90' lang='lat' dir='ltr'><strong>ipsa</strong></span> <span class='ocrx_word' id='word_1_478' title='bbox 1032 3085 1132 3140; x_wconf 90' lang='lat' dir='ltr'><strong>pro</strong></span> <span class='ocrx_word' id='word_1_479' title='bbox 1185 3069 1388 3141; x_wconf 90' lang='lat' dir='ltr'><strong>impiis.</strong></span> <span class='ocrx_word' id='word_1_480' title='bbox 1449 3069 1573 3126; x_wconf 88' lang='lat' dir='ltr'><strong>Pios</strong></span> <span class='ocrx_word' id='word_1_481' title='bbox 1617 3071 1860 3139; x_wconf 84' lang='lat' dir='ltr'><strong>adjuvat,</strong></span> 
     </span>
    </p>
   </div>
   <div class='ocr_carea' id='block_1_59' title="bbox 248 3158 1866 3231">
    <p class='ocr_par' dir='ltr' id='par_1_59' title="bbox 248 3158 1866 3231">
     <span class='ocr_line' id='line_1_60' title="bbox 248 3158 1866 3231; baseline 0 -17"><span class='ocrx_word' id='word_1_482' title='bbox 248 3161 448 3231; x_wconf 90' lang='lat' dir='ltr'><strong>impios</strong></span> <span class='ocrx_word' id='word_1_483' title='bbox 478 3160 719 3214; x_wconf 89' lang='lat' dir='ltr'><strong>damnat.</strong></span> <span class='ocrx_word' id='word_1_484' title='bbox 759 3159 867 3212; x_wconf 90' lang='lat' dir='ltr'><strong>Piis</strong></span> <span class='ocrx_word' id='word_1_485' title='bbox 898 3158 1123 3229; x_wconf 87' lang='lat' dir='ltr'><strong>prodest</strong></span> <span class='ocrx_word' id='word_1_486' title='bbox 1161 3159 1230 3213; x_wconf 91' lang='lat' dir='ltr'><strong>ad</strong></span> <span class='ocrx_word' id='word_1_487' title='bbox 1269 3159 1522 3223; x_wconf 90' lang='lat' dir='ltr'><strong>salutem,</strong></span> <span class='ocrx_word' id='word_1_488' title='bbox 1577 3166 1737 3216; x_wconf 90' lang='lat' dir='ltr'><strong>nocet</strong></span> <span class='ocrx_word' id='word_1_489' title='bbox 1771 3160 1866 3214; x_wconf 88' lang='lat' dir='ltr'><strong>im-</strong></span> 
     </span>
    </p>
   </div>
   <div class='ocr_carea' id='block_1_60' title="bbox 248 3250 927 3322">
    <p class='ocr_par' dir='ltr' id='par_1_60' title="bbox 248 3250 927 3322">
     <span class='ocr_line' id='line_1_61' title="bbox 248 3250 927 3322; baseline -0.003 -16"><span class='ocrx_word' id='word_1_490' title='bbox 248 3252 354 3322; x_wconf 86' lang='lat' dir='ltr'><strong>piis</strong></span> <span class='ocrx_word' id='word_1_491' title='bbox 383 3252 450 3306; x_wconf 89' lang='lat' dir='ltr'><strong>ad</strong></span> <span class='ocrx_word' id='word_1_492' title='bbox 491 3250 927 3306; x_wconf 90' lang='lat' dir='ltr'><strong>damnationem.</strong></span> 
     </span>
    </p>
   </div>
   <div class='ocr_carea' id='block_1_61' title="bbox 323 3339 1864 3408">
    <p class='ocr_par' dir='ltr' id='par_1_61' title="bbox 323 3339 1864 3408">
     <span class='ocr_line' id='line_1_62' title="bbox 323 3339 1864 3408; baseline -0.001 -12"><span class='ocrx_word' id='word_1_493' title='bbox 323 3345 388 3397; x_wconf 88' lang='lat' dir='ltr'><strong>Ut</strong></span> <span class='ocrx_word' id='word_1_494' title='bbox 425 3342 579 3395; x_wconf 88' lang='lat' dir='ltr'><strong>nobis</strong></span> <span class='ocrx_word' id='word_1_495' title='bbox 609 3355 798 3408; x_wconf 86' lang='lat' dir='ltr'><strong>corpus</strong></span> <span class='ocrx_word' id='word_1_496' title='bbox 840 3343 890 3392; x_wconf 85' lang='lat' dir='ltr'><strong>et</strong></span> <span class='ocrx_word' id='word_1_497' title='bbox 943 3340 1168 3406; x_wconf 85' lang='lat' dir='ltr'><strong>sanguis</strong></span> <span class='ocrx_word' id='word_1_498' title='bbox 1203 3342 1302 3408; x_wconf 76' lang='lat' dir='ltr'><strong>ﬂat</strong></span> <span class='ocrx_word' id='word_1_499' title='bbox 1349 3339 1686 3394; x_wconf 84' lang='lat' dir='ltr'><strong>dilectissimi</strong></span> <span class='ocrx_word' id='word_1_500' title='bbox 1733 3341 1864 3396; x_wconf 87' lang='lat' dir='ltr'><strong>Filii</strong></span> 
     </span>
    </p>
   </div>
   <div class='ocr_carea' id='block_1_62' title="bbox 248 3427 1856 3504">
    <p class='ocr_par' dir='ltr' id='par_1_62' title="bbox 248 3427 1856 3504">
     <span class='ocr_line' id='line_1_63' title="bbox 248 3427 1856 3504; baseline -0.002 -18"><span class='ocrx_word' id='word_1_501' title='bbox 248 3434 330 3486; x_wconf 86' lang='lat' dir='ltr'><strong>tui</strong></span> <span class='ocrx_word' id='word_1_502' title='bbox 367 3432 586 3486; x_wconf 82' lang='lat' dir='ltr'><strong>Domini</strong></span> <span class='ocrx_word' id='word_1_503' title='bbox 613 3430 790 3484; x_wconf 85' lang='lat' dir='ltr'><strong>nostri</strong></span> <span class='ocrx_word' id='word_1_504' title='bbox 839 3427 965 3481; x_wconf 79' lang='lat' dir='ltr'><strong>Iesu</strong></span> <span class='ocrx_word' id='word_1_505' title='bbox 1004 3428 1227 3481; x_wconf 78' lang='lat' dir='ltr'><strong>Christi.</strong></span> <span class='ocrx_word' id='word_1_506' title='bbox 1300 3427 1561 3482; x_wconf 79' lang='lat' dir='ltr'><strong>Posuerat</strong></span> <span class='ocrx_word' id='word_1_507' title='bbox 1614 3444 1744 3504; x_wconf 91' lang='lat' dir='ltr'><strong>ergo</strong></span> <span class='ocrx_word' id='word_1_508' title='bbox 1802 3429 1856 3482; x_wconf 92' lang='lat' dir='ltr'><strong>in</strong></span> 
     </span>
    </p>
   </div>
   <div class='ocr_carea' id='block_1_63' title="bbox 249 3516 1856 3589">
    <p class='ocr_par' dir='ltr' id='par_1_63' title="bbox 249 3516 1856 3589">
     <span class='ocr_line' id='line_1_64' title="bbox 249 3516 1856 3589; baseline -0.001 -15"><span class='ocrx_word' id='word_1_509' title='bbox 249 3519 509 3574; x_wconf 89' lang='lat' dir='ltr'><strong>omnibus</strong></span> <span class='ocrx_word' id='word_1_510' title='bbox 568 3517 942 3583; x_wconf 90' lang='lat' dir='ltr'><strong>benedictam,</strong></span> <span class='ocrx_word' id='word_1_511' title='bbox 999 3516 1284 3586; x_wconf 81' lang='lat' dir='ltr'><strong>subjunxit</strong></span> <span class='ocrx_word' id='word_1_512' title='bbox 1332 3524 1568 3588; x_wconf 90' lang='lat' dir='ltr'><strong>quatuor</strong></span> <span class='ocrx_word' id='word_1_513' title='bbox 1605 3519 1856 3589; x_wconf 87' lang='lat' dir='ltr'><strong>species:</strong></span> 
     </span>
    </p>
   </div>
   <div class='ocr_carea' id='block_1_64' title="bbox 249 3608 1858 3682">
    <p class='ocr_par' dir='ltr' id='par_1_64' title="bbox 249 3608 1858 3682">
     <span class='ocr_line' id='line_1_65' title="bbox 249 3608 1858 3682; baseline -0.001 -17"><span class='ocrx_word' id='word_1_514' title='bbox 249 3613 572 3682; x_wconf 85' lang='lat' dir='ltr'><strong>Ascriptam,</strong></span> <span class='ocrx_word' id='word_1_515' title='bbox 607 3617 797 3676; x_wconf 89' lang='lat' dir='ltr'><strong>ratam,</strong></span> <span class='ocrx_word' id='word_1_516' title='bbox 830 3608 1238 3676; x_wconf 90' lang='lat' dir='ltr'><strong>rationabilem,</strong></span> <span class='ocrx_word' id='word_1_517' title='bbox 1293 3610 1704 3680; x_wconf 86' lang='lat' dir='ltr'><strong>acceptabilem.</strong></span> <span class='ocrx_word' id='word_1_518' title='bbox 1753 3610 1858 3664; x_wconf 91' lang='lat' dir='ltr'><strong>Sed</strong></span> 
     </span>
    </p>
   </div>
   <div class='ocr_carea' id='block_1_65' title="bbox 255 3704 1860 3778">
    <p class='ocr_par' dir='ltr' id='par_1_65' title="bbox 255 3704 1860 3778">
     <span class='ocr_line' id='line_1_66' title="bbox 255 3704 1860 3778; baseline -0.002 -16"><span class='ocrx_word' id='word_1_519' title='bbox 255 3709 372 3762; x_wconf 66' lang='lat' dir='ltr'><strong>haec</strong></span> <span class='ocrx_word' id='word_1_520' title='bbox 391 3707 576 3763; x_wconf 88' lang='lat' dir='ltr'><strong>omnia</strong></span> <span class='ocrx_word' id='word_1_521' title='bbox 607 3706 794 3762; x_wconf 88' lang='lat' dir='ltr'><strong>clausa</strong></span> <span class='ocrx_word' id='word_1_522' title='bbox 826 3712 1003 3771; x_wconf 87' lang='lat' dir='ltr'><strong>erant,</strong></span> <span class='ocrx_word' id='word_1_523' title='bbox 1038 3705 1218 3759; x_wconf 91' lang='lat' dir='ltr'><strong>minus</strong></span> <span class='ocrx_word' id='word_1_524' title='bbox 1245 3705 1720 3778; x_wconf 88' lang='lat' dir='ltr'><strong>intelligebantur,</strong></span> <span class='ocrx_word' id='word_1_525' title='bbox 1754 3704 1860 3759; x_wconf 79' lang='lat' dir='ltr'><strong>mi-</strong></span> 
     </span>
    </p>
   </div>
   <div class='ocr_carea' id='block_1_66' title="bbox 255 3792 1859 3867">
    <p class='ocr_par' dir='ltr' id='par_1_66' title="bbox 255 3792 1859 3867">
     <span class='ocr_line' id='line_1_67' title="bbox 255 3792 1859 3867; baseline -0.001 -17"><span class='ocrx_word' id='word_1_526' title='bbox 255 3813 356 3851; x_wconf 90' lang='lat' dir='ltr'><strong>nus</strong></span> <span class='ocrx_word' id='word_1_527' title='bbox 387 3795 679 3867; x_wconf 88' lang='lat' dir='ltr'><strong>patebant;</strong></span> <span class='ocrx_word' id='word_1_528' title='bbox 710 3795 927 3866; x_wconf 90' lang='lat' dir='ltr'><strong>aperuit</strong></span> <span class='ocrx_word' id='word_1_529' title='bbox 958 3794 1184 3862; x_wconf 90' lang='lat' dir='ltr'><strong>ostium,</strong></span> <span class='ocrx_word' id='word_1_530' title='bbox 1222 3792 1481 3864; x_wconf 85' lang='lat' dir='ltr'><strong>patefecit</strong></span> <span class='ocrx_word' id='word_1_531' title='bbox 1512 3799 1707 3862; x_wconf 91' lang='lat' dir='ltr'><strong>totum,</strong></span> <span class='ocrx_word' id='word_1_532' title='bbox 1745 3795 1859 3849; x_wconf 90' lang='lat' dir='ltr'><strong>sci-</strong></span> 
     </span>
    </p>
   </div>
   <div class='ocr_carea' id='block_1_67' title="bbox 255 3886 1865 3960">
    <p class='ocr_par' dir='ltr' id='par_1_67' title="bbox 255 3886 1865 3960">
     <span class='ocr_line' id='line_1_68' title="bbox 255 3886 1865 3960; baseline -0.002 -16"><span class='ocrx_word' id='word_1_533' title='bbox 255 3892 382 3945; x_wconf 92' lang='lat' dir='ltr'><strong>hcet</strong></span> <span class='ocrx_word' id='word_1_534' title='bbox 420 3896 480 3944; x_wconf 87' lang='lat' dir='ltr'><strong>ut</strong></span> <span class='ocrx_word' id='word_1_535' title='bbox 535 3889 697 3944; x_wconf 89' lang='lat' dir='ltr'><strong>nobis</strong></span> <span class='ocrx_word' id='word_1_536' title='bbox 735 3887 830 3944; x_wconf 89' lang='lat' dir='ltr'><strong>ﬁat</strong></span> <span class='ocrx_word' id='word_1_537' title='bbox 868 3903 1070 3958; x_wconf 90' lang='lat' dir='ltr'><strong>corpus</strong></span> <span class='ocrx_word' id='word_1_538' title='bbox 1120 3894 1176 3942; x_wconf 92' lang='lat' dir='ltr'><strong>et</strong></span> <span class='ocrx_word' id='word_1_539' title='bbox 1238 3887 1463 3960; x_wconf 84' lang='lat' dir='ltr'><strong>sanguis</strong></span> <span class='ocrx_word' id='word_1_540' title='bbox 1510 3886 1723 3942; x_wconf 91' lang='lat' dir='ltr'><strong>Christi.</strong></span> <span class='ocrx_word' id='word_1_541' title='bbox 1770 3886 1865 3941; x_wconf 82' lang='lat' dir='ltr'><strong>llic</strong></span> 
     </span>
    </p>
   </div>
   <div class='ocr_carea' id='block_1_68' title="bbox 249 3976 1864 4051">
    <p class='ocr_par' dir='ltr' id='par_1_68' title="bbox 249 3976 1864 4051">
     <span class='ocr_line' id='line_1_69' title="bbox 249 3976 1864 4051; baseline -0.002 -16"><span class='ocrx_word' id='word_1_542' title='bbox 249 3989 420 4037; x_wconf 90' lang='lat' dir='ltr'><strong>totum</strong></span> <span class='ocrx_word' id='word_1_543' title='bbox 463 3980 788 4051; x_wconf 89' lang='lat' dir='ltr'><strong>completur,</strong></span> <span class='ocrx_word' id='word_1_544' title='bbox 832 3979 924 4034; x_wconf 90' lang='lat' dir='ltr'><strong>hic</strong></span> <span class='ocrx_word' id='word_1_545' title='bbox 953 3986 1122 4034; x_wconf 86' lang='lat' dir='ltr'><strong>totum</strong></span> <span class='ocrx_word' id='word_1_546' title='bbox 1175 3978 1476 4050; x_wconf 87' lang='lat' dir='ltr'><strong>perﬁcitur,</strong></span> <span class='ocrx_word' id='word_1_547' title='bbox 1529 3985 1588 4033; x_wconf 94' lang='lat' dir='ltr'><strong>ut</strong></span> <span class='ocrx_word' id='word_1_548' title='bbox 1618 3976 1712 4033; x_wconf 91' lang='lat' dir='ltr'><strong>ﬁat</strong></span> <span class='ocrx_word' id='word_1_549' title='bbox 1742 3993 1864 4033; x_wconf 88' lang='lat' dir='ltr'><strong>cor-</strong></span> 
     </span>
    </p>
   </div>
   <div class='ocr_carea' id='block_1_69' title="bbox 147 4069 1864 4146">
    <p class='ocr_par' dir='ltr' id='par_1_69' title="bbox 147 4069 1864 4146">
     <span class='ocr_line' id='line_1_70' title="bbox 147 4069 1864 4146; baseline -0.001 -20"><span class='ocrx_word' id='word_1_550' title='bbox 147 4075 156 4102; x_wconf 83' lang='lat'><strong>-&#39;</strong></span> <span class='ocrx_word' id='word_1_551' title='bbox 252 4089 358 4146; x_wconf 88' lang='lat' dir='ltr'><strong>pus</strong></span> <span class='ocrx_word' id='word_1_552' title='bbox 408 4080 462 4128; x_wconf 90' lang='lat' dir='ltr'><strong>et</strong></span> <span class='ocrx_word' id='word_1_553' title='bbox 501 4071 727 4145; x_wconf 86' lang='lat' dir='ltr'><strong>sanguis</strong></span> <span class='ocrx_word' id='word_1_554' title='bbox 766 4070 965 4127; x_wconf 91' lang='lat' dir='ltr'><strong>Christi</strong></span> <span class='ocrx_word' id='word_1_555' title='bbox 1007 4077 1238 4128; x_wconf 89' lang='lat' dir='ltr'><strong>tantum.</strong></span> <span class='ocrx_word' id='word_1_556' title='bbox 1283 4070 1471 4127; x_wconf 93' lang='lat' dir='ltr'><strong>Solum</strong></span> <span class='ocrx_word' id='word_1_557' title='bbox 1512 4069 1706 4125; x_wconf 89' lang='lat' dir='ltr'><strong>Christi</strong></span> <span class='ocrx_word' id='word_1_558' title='bbox 1737 4083 1864 4125; x_wconf 90' lang='lat' dir='ltr'><strong>cor-</strong></span> 
     </span>
    </p>
   </div>
   <div class='ocr_carea' id='block_1_70' title="bbox 252 4159 1866 4236">
    <p class='ocr_par' dir='ltr' id='par_1_70' title="bbox 252 4159 1866 4236">
     <span class='ocr_line' id='line_1_71' title="bbox 252 4159 1866 4236; baseline -0.004 -16"><span class='ocrx_word' id='word_1_559' title='bbox 252 4181 356 4236; x_wconf 85' lang='lat' dir='ltr'><strong>pus</strong></span> <span class='ocrx_word' id='word_1_560' title='bbox 420 4169 475 4219; x_wconf 91' lang='lat' dir='ltr'><strong>et</strong></span> <span class='ocrx_word' id='word_1_561' title='bbox 515 4162 742 4234; x_wconf 83' lang='lat' dir='ltr'><strong>sanguis</strong></span> <span class='ocrx_word' id='word_1_562' title='bbox 796 4169 879 4216; x_wconf 90' lang='lat' dir='ltr'><strong>est</strong></span> <span class='ocrx_word' id='word_1_563' title='bbox 920 4163 1096 4217; x_wconf 91' lang='lat' dir='ltr'><strong>hostia</strong></span> <span class='ocrx_word' id='word_1_564' title='bbox 1137 4163 1191 4216; x_wconf 92' lang='lat' dir='ltr'><strong>in</strong></span> <span class='ocrx_word' id='word_1_565' title='bbox 1245 4161 1506 4217; x_wconf 90' lang='lat' dir='ltr'><strong>omnibus</strong></span> <span class='ocrx_word' id='word_1_566' title='bbox 1549 4159 1866 4226; x_wconf 87' lang='lat' dir='ltr'><strong>benedicta,</strong></span> 
     </span>
    </p>
   </div>
   <div class='ocr_carea' id='block_1_71' title="bbox 253 4252 1869 4328">
    <p class='ocr_par' dir='ltr' id='par_1_71' title="bbox 253 4252 1869 4328">
     <span class='ocr_line' id='line_1_72' title="bbox 253 4252 1869 4328; baseline -0.003 -16"><span class='ocrx_word' id='word_1_567' title='bbox 253 4259 506 4328; x_wconf 83' lang='lat' dir='ltr'><strong>ascripta,</strong></span> <span class='ocrx_word' id='word_1_568' title='bbox 537 4263 674 4321; x_wconf 90' lang='lat' dir='ltr'><strong>rata,</strong></span> <span class='ocrx_word' id='word_1_569' title='bbox 709 4253 1070 4318; x_wconf 89' lang='lat' dir='ltr'><strong>rationabilis,</strong></span> <span class='ocrx_word' id='word_1_570' title='bbox 1105 4253 1593 4325; x_wconf 88' lang='lat' dir='ltr'><strong>acceptabilisque.</strong></span> <span class='ocrx_word' id='word_1_571' title='bbox 1625 4254 1691 4307; x_wconf 88' lang='lat' dir='ltr'><strong>Ut</strong></span> <span class='ocrx_word' id='word_1_572' title='bbox 1714 4252 1869 4307; x_wconf 90' lang='lat' dir='ltr'><strong>nobis</strong></span> 
     </span>
    </p>
   </div>
   <div class='ocr_carea' id='block_1_72' title="bbox 256 4340 1865 4415">
    <p class='ocr_par' dir='ltr' id='par_1_72' title="bbox 256 4340 1865 4415">
     <span class='ocr_line' id='line_1_73' title="bbox 256 4340 1865 4415; baseline -0.004 -14"><span class='ocrx_word' id='word_1_573' title='bbox 256 4362 441 4415; x_wconf 85' lang='lat' dir='ltr'><strong>corpus</strong></span> <span class='ocrx_word' id='word_1_574' title='bbox 487 4350 536 4401; x_wconf 87' lang='lat' dir='ltr'><strong>et</strong></span> <span class='ocrx_word' id='word_1_575' title='bbox 572 4347 795 4412; x_wconf 85' lang='lat' dir='ltr'><strong>sanguis</strong></span> <span class='ocrx_word' id='word_1_576' title='bbox 851 4346 972 4407; x_wconf 83' lang='lat' dir='ltr'><strong>ﬁat.</strong></span> <span class='ocrx_word' id='word_1_577' title='bbox 1006 4342 1297 4415; x_wconf 85' lang='lat' dir='ltr'><strong>Signanter</strong></span> <span class='ocrx_word' id='word_1_578' title='bbox 1334 4343 1518 4412; x_wconf 89' lang='lat' dir='ltr'><strong>posuit</strong></span> <span class='ocrx_word' id='word_1_579' title='bbox 1576 4341 1782 4410; x_wconf 86' lang='lat' dir='ltr'><strong>(nobis),</strong></span> <span class='ocrx_word' id='word_1_580' title='bbox 1813 4340 1865 4394; x_wconf 92' lang='lat' dir='ltr'><strong>id</strong></span> 
     </span>
    </p>
   </div>
   <div class='ocr_carea' id='block_1_73' title="bbox 256 4433 1866 4504">
    <p class='ocr_par' dir='ltr' id='par_1_73' title="bbox 256 4433 1866 4504">
     <span class='ocr_line' id='line_1_74' title="bbox 256 4433 1866 4504; baseline -0.004 -11"><span class='ocrx_word' id='word_1_581' title='bbox 256 4447 338 4493; x_wconf 83' lang='lat' dir='ltr'><strong>est</strong></span> <span class='ocrx_word' id='word_1_582' title='bbox 377 4438 658 4494; x_wconf 66' lang='lat' dir='ltr'><strong>catholicae</strong></span> <span class='ocrx_word' id='word_1_583' title='bbox 698 4435 826 4491; x_wconf 87' lang='lat' dir='ltr'><strong>ﬁdei</strong></span> <span class='ocrx_word' id='word_1_584' title='bbox 858 4434 1164 4490; x_wconf 87' lang='lat' dir='ltr'><strong>cultoribus</strong></span> <span class='ocrx_word' id='word_1_585' title='bbox 1222 4435 1385 4490; x_wconf 89' lang='lat' dir='ltr'><strong>Nobis</strong></span> <span class='ocrx_word' id='word_1_586' title='bbox 1427 4433 1659 4489; x_wconf 88' lang='lat' dir='ltr'><strong>exclusit</strong></span> <span class='ocrx_word' id='word_1_587' title='bbox 1697 4449 1866 4504; x_wconf 83' lang='lat' dir='ltr'><strong>paga-</strong></span> 
     </span>
    </p>
   </div>
   <div class='ocr_carea' id='block_1_74' title="bbox 259 4526 1868 4602">
    <p class='ocr_par' dir='ltr' id='par_1_74' title="bbox 259 4526 1868 4602">
     <span class='ocr_line' id='line_1_75' title="bbox 259 4526 1868 4602; baseline -0.004 -16"><span class='ocrx_word' id='word_1_588' title='bbox 259 4549 385 4602; x_wconf 90' lang='lat' dir='ltr'><strong>nos,</strong></span> <span class='ocrx_word' id='word_1_589' title='bbox 414 4529 902 4594; x_wconf 64' lang='lat' dir='ltr'><strong>exclusitludmos,</strong></span> <span class='ocrx_word' id='word_1_590' title='bbox 928 4526 1489 4582; x_wconf 77' lang='lat' dir='ltr'><strong>exclusithzereticos.</strong></span> <span class='ocrx_word' id='word_1_591' title='bbox 1521 4527 1689 4583; x_wconf 89' lang='lat' dir='ltr'><strong>Nobis</strong></span> <span class='ocrx_word' id='word_1_592' title='bbox 1717 4541 1868 4582; x_wconf 91' lang='lat' dir='ltr'><strong>com-</strong></span> 
     </span>
    </p>
   </div>
   <div class='ocr_carea' id='block_1_75' title="bbox 259 4617 1862 4687">
    <p class='ocr_par' dir='ltr' id='par_1_75' title="bbox 259 4617 1862 4687">
     <span class='ocr_line' id='line_1_76' title="bbox 259 4617 1862 4687; baseline -0.005 -9"><span class='ocrx_word' id='word_1_593' title='bbox 259 4623 688 4687; x_wconf 90' lang='lat' dir='ltr'><strong>municantibus,</strong></span> <span class='ocrx_word' id='word_1_594' title='bbox 722 4619 1047 4675; x_wconf 89' lang='lat' dir='ltr'><strong>memoriam</strong></span> <span class='ocrx_word' id='word_1_595' title='bbox 1098 4624 1411 4674; x_wconf 88' lang='lat' dir='ltr'><strong>sanctorum</strong></span> <span class='ocrx_word' id='word_1_596' title='bbox 1451 4617 1862 4672; x_wconf 88' lang='lat' dir='ltr'><strong>venerantibus.</strong></span> 
     </span>
    </p>
   </div>
   <div class='ocr_carea' id='block_1_76' title="bbox 259 4705 1864 4774">
    <p class='ocr_par' dir='ltr' id='par_1_76' title="bbox 259 4705 1864 4774">
     <span class='ocr_line' id='line_1_77' title="bbox 259 4705 1864 4774; baseline -0.006 -4"><span class='ocrx_word' id='word_1_597' title='bbox 259 4715 377 4770; x_wconf 90' lang='lat' dir='ltr'><strong>Non</strong></span> <span class='ocrx_word' id='word_1_598' title='bbox 420 4719 501 4768; x_wconf 90' lang='lat' dir='ltr'><strong>est</strong></span> <span class='ocrx_word' id='word_1_599' title='bbox 526 4710 673 4766; x_wconf 91' lang='lat' dir='ltr'><strong>enim</strong></span> <span class='ocrx_word' id='word_1_600' title='bbox 703 4710 859 4765; x_wconf 89' lang='lat' dir='ltr'><strong>locus</strong></span> <span class='ocrx_word' id='word_1_601' title='bbox 887 4710 1002 4765; x_wconf 90' lang='lat' dir='ltr'><strong>veri</strong></span> <span class='ocrx_word' id='word_1_602' title='bbox 1041 4706 1320 4774; x_wconf 78' lang='lat' dir='ltr'><strong>sacrificii,</strong></span> <span class='ocrx_word' id='word_1_603' title='bbox 1360 4713 1510 4761; x_wconf 85' lang='lat' dir='ltr'><strong>extra</strong></span> <span class='ocrx_word' id='word_1_604' title='bbox 1539 4705 1864 4761; x_wconf 89' lang='lat' dir='ltr'><strong>catholicam</strong></span> 
     </span>
    </p>
   </div>
   <div class='ocr_carea' id='block_1_77' title="bbox 263 4804 585 4862">
    <p class='ocr_par' dir='ltr' id='par_1_77' title="bbox 263 4804 585 4862">
     <span class='ocr_line' id='line_1_78' title="bbox 263 4804 585 4862; baseline -0.012 -2"><span class='ocrx_word' id='word_1_605' title='bbox 263 4804 585 4862; x_wconf 90' lang='lat' dir='ltr'><strong>Ecclesiam.</strong></span> 
     </span>
    </p>
   </div>
   <div class='ocr_carea' id='block_1_78' title="bbox 334 4892 1731 4964">
    <p class='ocr_par' dir='ltr' id='par_1_78' title="bbox 334 4892 1731 4964">
     <span class='ocr_line' id='line_1_79' title="bbox 334 4892 1731 4964; baseline -0.009 -14"><span class='ocrx_word' id='word_1_606' title='bbox 334 4895 434 4962; x_wconf 84' lang='lat' dir='ltr'><strong>Qui</strong></span> <span class='ocrx_word' id='word_1_607' title='bbox 451 4892 632 4964; x_wconf 83' lang='lat' dir='ltr'><strong>pridie</strong></span> <span class='ocrx_word' id='word_1_608' title='bbox 661 4905 823 4961; x_wconf 86' lang='lat' dir='ltr'><strong>quam</strong></span> <span class='ocrx_word' id='word_1_609' title='bbox 837 4892 1132 4959; x_wconf 83' lang='lat' dir='ltr'><strong>pateretur,</strong></span> <span class='ocrx_word' id='word_1_610' title='bbox 1161 4901 1334 4958; x_wconf 90' lang='lat' dir='ltr'><strong>usque</strong></span> <span class='ocrx_word' id='word_1_611' title='bbox 1364 4901 1556 4940; x_wconf 83' lang='lat' dir='ltr'><strong>manus</strong></span> <span class='ocrx_word' id='word_1_612' title='bbox 1585 4899 1731 4939; x_wconf 81' lang='lat' dir='ltr'><strong>suos.</strong></span> 
     </span>
    </p>
   </div>
   <div class='ocr_carea' id='block_1_79' title="bbox 335 4977 1802 5056">
    <p class='ocr_par' dir='ltr' id='par_1_79' title="bbox 335 4977 1802 5056">
     <span class='ocr_line' id='line_1_80' title="bbox 335 4977 1802 5056; baseline -0.009 -13"><span class='ocrx_word' id='word_1_613' title='bbox 335 4989 556 5056; x_wconf 83' lang='lat' dir='ltr'><strong>Accepit</strong></span> <span class='ocrx_word' id='word_1_614' title='bbox 577 4999 792 5054; x_wconf 82' lang='lat' dir='ltr'><strong>panem,</strong></span> <span class='ocrx_word' id='word_1_615' title='bbox 828 4982 1010 5036; x_wconf 88' lang='lat' dir='ltr'><strong>adhuc</strong></span> <span class='ocrx_word' id='word_1_616' title='bbox 1039 4996 1256 5051; x_wconf 89' lang='lat' dir='ltr'><strong>panem,</strong></span> <span class='ocrx_word' id='word_1_617' title='bbox 1287 4977 1534 5034; x_wconf 91' lang='lat' dir='ltr'><strong>nondum</strong></span> <span class='ocrx_word' id='word_1_618' title='bbox 1564 4991 1802 5031; x_wconf 87' lang='lat' dir='ltr'><strong>carmen.</strong></span> 
     </span>
    </p>
   </div>
   <div class='ocr_carea' id='block_1_80' title="bbox 336 5069 1874 5132">
    <p class='ocr_par' dir='ltr' id='par_1_80' title="bbox 336 5069 1874 5132">
     <span class='ocr_line' id='line_1_81' title="bbox 336 5069 1874 5132; baseline -0.008 0"><span class='ocrx_word' id='word_1_619' title='bbox 336 5080 402 5132; x_wconf 89' lang='lat' dir='ltr'><strong>Et</strong></span> <span class='ocrx_word' id='word_1_620' title='bbox 437 5077 652 5130; x_wconf 82' lang='lat' dir='ltr'><strong>elevatis</strong></span> <span class='ocrx_word' id='word_1_621' title='bbox 710 5073 876 5128; x_wconf 86' lang='lat' dir='ltr'><strong>oculis</strong></span> <span class='ocrx_word' id='word_1_622' title='bbox 929 5075 992 5126; x_wconf 88' lang='lat' dir='ltr'><strong>in</strong></span> <span class='ocrx_word' id='word_1_623' title='bbox 1029 5071 1214 5125; x_wconf 74' lang='lat' dir='ltr'><strong>cmlum</strong></span> <span class='ocrx_word' id='word_1_624' title='bbox 1254 5069 1328 5123; x_wconf 90' lang='lat' dir='ltr'><strong>ad</strong></span> <span class='ocrx_word' id='word_1_625' title='bbox 1369 5074 1416 5122; x_wconf 89' lang='lat' dir='ltr'><strong>te</strong></span> <span class='ocrx_word' id='word_1_626' title='bbox 1455 5070 1617 5122; x_wconf 88' lang='lat' dir='ltr'><strong>Deum</strong></span> <span class='ocrx_word' id='word_1_627' title='bbox 1660 5069 1874 5121; x_wconf 89' lang='lat' dir='ltr'><strong>Patrem</strong></span> 
     </span>
    </p>
   </div>
   <div class='ocr_carea' id='block_1_81' title="bbox 262 5157 1873 5239">
    <p class='ocr_par' dir='ltr' id='par_1_81' title="bbox 262 5157 1873 5239">
     <span class='ocr_line' id='line_1_82' title="bbox 262 5157 1873 5239; baseline -0.008 -15"><span class='ocrx_word' id='word_1_628' title='bbox 262 5172 676 5239; x_wconf 83' lang='lat' dir='ltr'><strong>omnipotentem</strong></span> <span class='ocrx_word' id='word_1_629' title='bbox 703 5168 805 5222; x_wconf 88' lang='lat' dir='ltr'><strong>tibi</strong></span> <span class='ocrx_word' id='word_1_630' title='bbox 828 5165 1036 5232; x_wconf 83' lang='lat' dir='ltr'><strong>gratias</strong></span> <span class='ocrx_word' id='word_1_631' title='bbox 1053 5179 1216 5231; x_wconf 87' lang='lat' dir='ltr'><strong>agens</strong></span> <span class='ocrx_word' id='word_1_632' title='bbox 1241 5163 1526 5216; x_wconf 68' lang='lat' dir='ltr'><strong>benedixit.</strong></span> <span class='ocrx_word' id='word_1_633' title='bbox 1563 5157 1873 5224; x_wconf 84' lang='lat' dir='ltr'><strong>Benedixit,</strong></span> 
     </span>
    </p>
   </div>
   <div class='ocr_carea' id='block_1_82' title="bbox 265 5249 1872 5328">
    <p class='ocr_par' dir='ltr' id='par_1_82' title="bbox 265 5249 1872 5328">
     <span class='ocr_line' id='line_1_83' title="bbox 265 5249 1872 5328; baseline -0.007 -16"><span class='ocrx_word' id='word_1_634' title='bbox 265 5273 424 5312; x_wconf 90' lang='lat' dir='ltr'><strong>suum</strong></span> <span class='ocrx_word' id='word_1_635' title='bbox 485 5274 686 5328; x_wconf 88' lang='lat' dir='ltr'><strong>corpus</strong></span> <span class='ocrx_word' id='word_1_636' title='bbox 725 5255 871 5311; x_wconf 89' lang='lat' dir='ltr'><strong>fecit.</strong></span> <span class='ocrx_word' id='word_1_637' title='bbox 929 5254 1027 5318; x_wconf 88' lang='lat' dir='ltr'><strong>Qui</strong></span> <span class='ocrx_word' id='word_1_638' title='bbox 1063 5253 1215 5323; x_wconf 90' lang='lat' dir='ltr'><strong>prius</strong></span> <span class='ocrx_word' id='word_1_639' title='bbox 1257 5257 1373 5306; x_wconf 89' lang='lat' dir='ltr'><strong>erat</strong></span> <span class='ocrx_word' id='word_1_640' title='bbox 1412 5250 1590 5320; x_wconf 90' lang='lat' dir='ltr'><strong>panis,</strong></span> <span class='ocrx_word' id='word_1_641' title='bbox 1640 5249 1872 5303; x_wconf 88' lang='lat' dir='ltr'><strong>benedi-</strong></span> 
     </span>
    </p>
   </div>
   <div class='ocr_carea' id='block_1_83' title="bbox 267 5340 1868 5410">
    <p class='ocr_par' dir='ltr' id='par_1_83' title="bbox 267 5340 1868 5410">
     <span class='ocr_line' id='line_1_84' title="bbox 267 5340 1868 5410; baseline -0.006 -7"><span class='ocrx_word' id='word_1_642' title='bbox 267 5350 450 5405; x_wconf 87' lang='lat' dir='ltr'><strong>ctione</strong></span> <span class='ocrx_word' id='word_1_643' title='bbox 496 5350 672 5404; x_wconf 90' lang='lat' dir='ltr'><strong>f&#39;actus</strong></span> <span class='ocrx_word' id='word_1_644' title='bbox 703 5356 786 5403; x_wconf 91' lang='lat' dir='ltr'><strong>est</strong></span> <span class='ocrx_word' id='word_1_645' title='bbox 815 5361 962 5402; x_wconf 88' lang='lat' dir='ltr'><strong>caro.</strong></span> <span class='ocrx_word' id='word_1_646' title='bbox 1006 5345 1164 5400; x_wconf 88' lang='lat' dir='ltr'><strong>Modo</strong></span> <span class='ocrx_word' id='word_1_647' title='bbox 1196 5358 1347 5410; x_wconf 87' lang='lat' dir='ltr'><strong>caro,</strong></span> <span class='ocrx_word' id='word_1_648' title='bbox 1387 5342 1498 5410; x_wconf 90' lang='lat' dir='ltr'><strong>jam</strong></span> <span class='ocrx_word' id='word_1_649' title='bbox 1547 5355 1657 5394; x_wconf 91' lang='lat' dir='ltr'><strong>non</strong></span> <span class='ocrx_word' id='word_1_650' title='bbox 1692 5340 1868 5410; x_wconf 88' lang='lat' dir='ltr'><strong>panis.</strong></span> 
     </span>
    </p>
   </div>
   <div class='ocr_carea' id='block_1_84' title="bbox 346 5497 1876 5576">
    <p class='ocr_par' dir='ltr' id='par_1_84' title="bbox 346 5497 1876 5576">
     <span class='ocr_line' id='line_1_85' title="bbox 346 5497 1876 5576; baseline -0.005 -18"><span class='ocrx_word' id='word_1_651' title='bbox 346 5506 421 5576; x_wconf 70' lang='lat'><strong>(2)</strong></span> <span class='ocrx_word' id='word_1_652' title='bbox 463 5504 576 5576; x_wconf 85' lang='lat' dir='ltr'><strong>Non</strong></span> <span class='ocrx_word' id='word_1_653' title='bbox 608 5503 774 5576; x_wconf 80' lang='lat' dir='ltr'><strong>enim</strong></span> <span class='ocrx_word' id='word_1_654' title='bbox 812 5503 971 5576; x_wconf 84' lang='lat' dir='ltr'><strong>panis</strong></span> <span class='ocrx_word' id='word_1_655' title='bbox 1019 5498 1538 5576; x_wconf 72' lang='lat' dir='ltr'><strong>transubstantiatur</strong></span> <span class='ocrx_word' id='word_1_656' title='bbox 1577 5497 1632 5550; x_wconf 92' lang='lat' dir='ltr'><strong>in</strong></span> <span class='ocrx_word' id='word_1_657' title='bbox 1674 5512 1876 5576; x_wconf 88' lang='lat' dir='ltr'><strong>corpus</strong></span> 
     </span>
    </p>
   </div>
   <div class='ocr_carea' id='block_1_85' title="bbox 275 5571 1875 5643">
    <p class='ocr_par' dir='ltr' id='par_1_85' title="bbox 275 5571 1875 5643">
     <span class='ocr_line' id='line_1_86' title="bbox 275 5571 1875 5643; baseline -0.007 -11"><span class='ocrx_word' id='word_1_658' title='bbox 275 5571 490 5643; x_wconf 81' lang='lat' dir='ltr'><strong>Christi,</strong></span> <span class='ocrx_word' id='word_1_659' title='bbox 516 5574 620 5628; x_wconf 92' lang='lat' dir='ltr'><strong>nisi</strong></span> <span class='ocrx_word' id='word_1_660' title='bbox 648 5571 844 5628; x_wconf 81' lang='lat' dir='ltr'><strong>virtute</strong></span> <span class='ocrx_word' id='word_1_661' title='bbox 876 5574 1093 5628; x_wconf 89' lang='lat' dir='ltr'><strong>illorum</strong></span> <span class='ocrx_word' id='word_1_662' title='bbox 1120 5571 1442 5626; x_wconf 86' lang='lat' dir='ltr'><strong>verborum:</strong></span> <span class='ocrx_word' id='word_1_663' title='bbox 1475 5572 1583 5643; x_wconf 67' lang='lat' dir='ltr'><strong>Hoc</strong></span> <span class='ocrx_word' id='word_1_664' title='bbox 1629 5573 1704 5643; x_wconf 77' lang='lat' dir='ltr'><strong>est</strong></span> <span class='ocrx_word' id='word_1_665' title='bbox 1756 5585 1875 5643; x_wconf 68' lang='lat' dir='ltr'><strong>cor-</strong></span> 
     </span>
    </p>
   </div>
   <div class='ocr_carea' id='block_1_86' title="bbox 269 5639 1874 5721">
    <p class='ocr_par' dir='ltr' id='par_1_86' title="bbox 269 5639 1874 5721">
     <span class='ocr_line' id='line_1_87' title="bbox 269 5639 1874 5721; baseline -0.009 -15"><span class='ocrx_word' id='word_1_666' title='bbox 269 5665 376 5721; x_wconf 86' lang='lat' dir='ltr'><strong>pus</strong></span> <span class='ocrx_word' id='word_1_667' title='bbox 428 5639 618 5714; x_wconf 44' lang='lat' dir='ltr'><strong>m&#39;eum,</strong></span> <span class='ocrx_word' id='word_1_668' title='bbox 651 5661 756 5702; x_wconf 92' lang='lat' dir='ltr'><strong>nec</strong></span> <span class='ocrx_word' id='word_1_669' title='bbox 799 5652 926 5700; x_wconf 88' lang='lat' dir='ltr'><strong>ante</strong></span> <span class='ocrx_word' id='word_1_670' title='bbox 977 5651 1059 5699; x_wconf 87' lang='lat' dir='ltr'><strong>est</strong></span> <span class='ocrx_word' id='word_1_671' title='bbox 1089 5658 1287 5714; x_wconf 90' lang='lat' dir='ltr'><strong>corpus</strong></span> <span class='ocrx_word' id='word_1_672' title='bbox 1324 5657 1420 5712; x_wconf 88' lang='lat' dir='ltr'><strong>per</strong></span> <span class='ocrx_word' id='word_1_673' title='bbox 1448 5641 1614 5695; x_wconf 88' lang='lat' dir='ltr'><strong>ullam</strong></span> <span class='ocrx_word' id='word_1_674' title='bbox 1647 5639 1874 5695; x_wconf 89' lang='lat' dir='ltr'><strong>benedi-</strong></span> 
     </span>
    </p>
   </div>
   <div class='ocr_carea' id='block_1_87' title="bbox 1967 3059 3574 3136">
    <p class='ocr_par' dir='ltr' id='par_1_87' title="bbox 1967 3059 3574 3136">
     <span class='ocr_line' id='line_1_88' title="bbox 1967 3059 3574 3136; baseline 0.002 -21"><span class='ocrx_word' id='word_1_675' title='bbox 1967 3066 2070 3115; x_wconf 90' lang='lat' dir='ltr'><strong>test</strong></span> <span class='ocrx_word' id='word_1_676' title='bbox 2106 3060 2161 3114; x_wconf 92' lang='lat' dir='ltr'><strong>in</strong></span> <span class='ocrx_word' id='word_1_677' title='bbox 2208 3060 2302 3115; x_wconf 91' lang='lat' dir='ltr'><strong>illo</strong></span> <span class='ocrx_word' id='word_1_678' title='bbox 2336 3060 2484 3116; x_wconf 89' lang='lat' dir='ltr'><strong>hunc</strong></span> <span class='ocrx_word' id='word_1_679' title='bbox 2545 3059 2846 3131; x_wconf 87' lang='lat' dir='ltr'><strong>accepisse.</strong></span> <span class='ocrx_word' id='word_1_680' title='bbox 2881 3060 2972 3114; x_wconf 87' lang='lat' dir='ltr'><strong>Est</strong></span> <span class='ocrx_word' id='word_1_681' title='bbox 3025 3077 3155 3136; x_wconf 88' lang='lat' dir='ltr'><strong>ergo</strong></span> <span class='ocrx_word' id='word_1_682' title='bbox 3218 3079 3362 3118; x_wconf 92' lang='lat' dir='ltr'><strong>unus</strong></span> <span class='ocrx_word' id='word_1_683' title='bbox 3411 3063 3574 3118; x_wconf 90' lang='lat' dir='ltr'><strong>etiam</strong></span> 
     </span>
    </p>
   </div>
   <div class='ocr_carea' id='block_1_88' title="bbox 1966 3152 3579 3224">
    <p class='ocr_par' dir='ltr' id='par_1_88' title="bbox 1966 3152 3579 3224">
     <span class='ocr_line' id='line_1_89' title="bbox 1966 3152 3579 3224; baseline 0.002 -17"><span class='ocrx_word' id='word_1_684' title='bbox 1966 3153 2186 3224; x_wconf 88' lang='lat' dir='ltr'><strong>quando</strong></span> <span class='ocrx_word' id='word_1_685' title='bbox 2216 3153 2272 3206; x_wconf 90' lang='lat' dir='ltr'><strong>in</strong></span> <span class='ocrx_word' id='word_1_686' title='bbox 2294 3152 2447 3208; x_wconf 90' lang='lat' dir='ltr'><strong>altari</strong></span> <span class='ocrx_word' id='word_1_687' title='bbox 2489 3153 2743 3207; x_wconf 90' lang='lat' dir='ltr'><strong>manibus</strong></span> <span class='ocrx_word' id='word_1_688' title='bbox 2787 3152 3051 3223; x_wconf 89' lang='lat' dir='ltr'><strong>accipitur</strong></span> <span class='ocrx_word' id='word_1_689' title='bbox 3087 3160 3146 3208; x_wconf 92' lang='lat' dir='ltr'><strong>ut</strong></span> <span class='ocrx_word' id='word_1_690' title='bbox 3192 3153 3579 3222; x_wconf 88' lang='lat' dir='ltr'><strong>benedicatur,</strong></span> 
     </span>
    </p>
   </div>
   <div class='ocr_carea' id='block_1_89' title="bbox 1967 3243 3580 3318">
    <p class='ocr_par' dir='ltr' id='par_1_89' title="bbox 1967 3243 3580 3318">
     <span class='ocr_line' id='line_1_90' title="bbox 1967 3243 3580 3318; baseline 0.002 -20"><span class='ocrx_word' id='word_1_691' title='bbox 1967 3250 2021 3299; x_wconf 90' lang='lat' dir='ltr'><strong>et</strong></span> <span class='ocrx_word' id='word_1_692' title='bbox 2048 3243 2249 3298; x_wconf 91' lang='lat' dir='ltr'><strong>nedum</strong></span> <span class='ocrx_word' id='word_1_693' title='bbox 2275 3243 2500 3315; x_wconf 86' lang='lat' dir='ltr'><strong>sanguis</strong></span> <span class='ocrx_word' id='word_1_694' title='bbox 2525 3251 2626 3310; x_wconf 90' lang='lat' dir='ltr'><strong>est,</strong></span> <span class='ocrx_word' id='word_1_695' title='bbox 2649 3243 2746 3298; x_wconf 91' lang='lat' dir='ltr'><strong>sed</strong></span> <span class='ocrx_word' id='word_1_696' title='bbox 2788 3251 2873 3298; x_wconf 89' lang='lat' dir='ltr'><strong>est</strong></span> <span class='ocrx_word' id='word_1_697' title='bbox 2903 3244 3083 3299; x_wconf 92' lang='lat' dir='ltr'><strong>adhuc</strong></span> <span class='ocrx_word' id='word_1_698' title='bbox 3114 3246 3325 3312; x_wconf 91' lang='lat' dir='ltr'><strong>vinum,</strong></span> <span class='ocrx_word' id='word_1_699' title='bbox 3352 3257 3580 3318; x_wconf 87' lang='lat' dir='ltr'><strong>pr0pter</strong></span> 
     </span>
    </p>
   </div>
   <div class='ocr_carea' id='block_1_90' title="bbox 1967 3333 3581 3404">
    <p class='ocr_par' dir='ltr' id='par_1_90' title="bbox 1967 3333 3581 3404">
     <span class='ocr_line' id='line_1_91' title="bbox 1967 3333 3581 3404; baseline 0.002 -15"><span class='ocrx_word' id='word_1_700' title='bbox 1967 3336 2236 3390; x_wconf 89' lang='lat' dir='ltr'><strong>unitatem</strong></span> <span class='ocrx_word' id='word_1_701' title='bbox 2269 3333 2422 3400; x_wconf 87' lang='lat' dir='ltr'><strong>fidei,</strong></span> <span class='ocrx_word' id='word_1_702' title='bbox 2447 3342 2502 3389; x_wconf 90' lang='lat' dir='ltr'><strong>et</strong></span> <span class='ocrx_word' id='word_1_703' title='bbox 2530 3334 2678 3389; x_wconf 91' lang='lat' dir='ltr'><strong>illius</strong></span> <span class='ocrx_word' id='word_1_704' title='bbox 2707 3335 2816 3402; x_wconf 88' lang='lat' dir='ltr'><strong>cui,</strong></span> <span class='ocrx_word' id='word_1_705' title='bbox 2849 3342 2903 3390; x_wconf 89' lang='lat' dir='ltr'><strong>et</strong></span> <span class='ocrx_word' id='word_1_706' title='bbox 2934 3336 2988 3389; x_wconf 93' lang='lat' dir='ltr'><strong>in</strong></span> <span class='ocrx_word' id='word_1_707' title='bbox 3016 3336 3172 3404; x_wconf 88' lang='lat' dir='ltr'><strong>cujus</strong></span> <span class='ocrx_word' id='word_1_708' title='bbox 3203 3338 3412 3392; x_wconf 89' lang='lat' dir='ltr'><strong>honore</strong></span> <span class='ocrx_word' id='word_1_709' title='bbox 3445 3338 3581 3393; x_wconf 91' lang='lat' dir='ltr'><strong>fide-</strong></span> 
     </span>
    </p>
   </div>
   <div class='ocr_carea' id='block_1_91' title="bbox 1961 3422 3580 3496">
    <p class='ocr_par' dir='ltr' id='par_1_91' title="bbox 1961 3422 3580 3496">
     <span class='ocr_line' id='line_1_92' title="bbox 1961 3422 3580 3496; baseline 0.002 -18"><span class='ocrx_word' id='word_1_710' title='bbox 1961 3424 2084 3479; x_wconf 86' lang='lat' dir='ltr'><strong>liter</strong></span> <span class='ocrx_word' id='word_1_711' title='bbox 2123 3422 2370 3478; x_wconf 81' lang='lat' dir='ltr'><strong>offertur.</strong></span> <span class='ocrx_word' id='word_1_712' title='bbox 2405 3423 2476 3477; x_wconf 87' lang='lat' dir='ltr'><strong>Ea</strong></span> <span class='ocrx_word' id='word_1_713' title='bbox 2507 3423 2653 3477; x_wconf 90' lang='lat' dir='ltr'><strong>enim</strong></span> <span class='ocrx_word' id='word_1_714' title='bbox 2684 3422 2793 3477; x_wconf 89' lang='lat' dir='ltr'><strong>fide</strong></span> <span class='ocrx_word' id='word_1_715' title='bbox 2824 3424 3069 3494; x_wconf 90' lang='lat' dir='ltr'><strong>quotidie</strong></span> <span class='ocrx_word' id='word_1_716' title='bbox 3101 3426 3369 3496; x_wconf 90' lang='lat' dir='ltr'><strong>accipitur</strong></span> <span class='ocrx_word' id='word_1_717' title='bbox 3405 3427 3580 3482; x_wconf 90' lang='lat' dir='ltr'><strong>bene—</strong></span> 
     </span>
    </p>
   </div>
   <div class='ocr_carea' id='block_1_92' title="bbox 1962 3510 3585 3583">
    <p class='ocr_par' dir='ltr' id='par_1_92' title="bbox 1962 3510 3585 3583">
     <span class='ocr_line' id='line_1_93' title="bbox 1962 3510 3585 3583; baseline 0.002 -17"><span class='ocrx_word' id='word_1_718' title='bbox 1962 3511 2254 3578; x_wconf 88' lang='lat' dir='ltr'><strong>dicendus,</strong></span> <span class='ocrx_word' id='word_1_719' title='bbox 2282 3521 2342 3566; x_wconf 90' lang='lat' dir='ltr'><strong>ut</strong></span> <span class='ocrx_word' id='word_1_720' title='bbox 2380 3512 2546 3567; x_wconf 91' lang='lat' dir='ltr'><strong>modo</strong></span> <span class='ocrx_word' id='word_1_721' title='bbox 2585 3510 2678 3566; x_wconf 87' lang='lat' dir='ltr'><strong>ﬁat</strong></span> <span class='ocrx_word' id='word_1_722' title='bbox 2707 3512 2853 3583; x_wconf 91' lang='lat' dir='ltr'><strong>quod</strong></span> <span class='ocrx_word' id='word_1_723' title='bbox 2893 3519 3023 3567; x_wconf 91' lang='lat' dir='ltr'><strong>tunc</strong></span> <span class='ocrx_word' id='word_1_724' title='bbox 3063 3514 3277 3569; x_wconf 87' lang='lat' dir='ltr'><strong>futurus</strong></span> <span class='ocrx_word' id='word_1_725' title='bbox 3322 3523 3458 3570; x_wconf 91' lang='lat' dir='ltr'><strong>erat.</strong></span> <span class='ocrx_word' id='word_1_726' title='bbox 3523 3517 3585 3570; x_wconf 88' lang='lat' dir='ltr'><strong>Et</strong></span> 
     </span>
    </p>
   </div>
   <div class='ocr_carea' id='block_1_93' title="bbox 1963 3601 3584 3675">
    <p class='ocr_par' dir='ltr' id='par_1_93' title="bbox 1963 3601 3584 3675">
     <span class='ocr_line' id='line_1_94' title="bbox 1963 3601 3584 3675; baseline 0.002 -18"><span class='ocrx_word' id='word_1_727' title='bbox 1963 3603 2093 3675; x_wconf 91' lang='lat' dir='ltr'><strong>quia</strong></span> <span class='ocrx_word' id='word_1_728' title='bbox 2133 3604 2252 3656; x_wconf 63' lang='lat' dir='ltr'><strong>haec</strong></span> <span class='ocrx_word' id='word_1_729' title='bbox 2300 3601 2440 3657; x_wconf 88' lang='lat' dir='ltr'><strong>ﬁdes</strong></span> <span class='ocrx_word' id='word_1_730' title='bbox 2461 3617 2572 3656; x_wconf 91' lang='lat' dir='ltr'><strong>una</strong></span> <span class='ocrx_word' id='word_1_731' title='bbox 2596 3608 2679 3656; x_wconf 94' lang='lat' dir='ltr'><strong>est</strong></span> <span class='ocrx_word' id='word_1_732' title='bbox 2708 3602 2764 3656; x_wconf 89' lang='lat' dir='ltr'><strong>in</strong></span> <span class='ocrx_word' id='word_1_733' title='bbox 2791 3608 2902 3657; x_wconf 88' lang='lat' dir='ltr'><strong>tota</strong></span> <span class='ocrx_word' id='word_1_734' title='bbox 2933 3603 3197 3671; x_wconf 84' lang='lat' dir='ltr'><strong>Ecclesia,</strong></span> <span class='ocrx_word' id='word_1_735' title='bbox 3226 3613 3280 3660; x_wconf 90' lang='lat' dir='ltr'><strong>et</strong></span> <span class='ocrx_word' id='word_1_736' title='bbox 3320 3605 3417 3660; x_wconf 90' lang='lat' dir='ltr'><strong>ille</strong></span> <span class='ocrx_word' id='word_1_737' title='bbox 3442 3623 3584 3662; x_wconf 86' lang='lat' dir='ltr'><strong>unus</strong></span> 
     </span>
    </p>
   </div>
   <div class='ocr_carea' id='block_1_94' title="bbox 1959 3691 3585 3758">
    <p class='ocr_par' dir='ltr' id='par_1_94' title="bbox 1959 3691 3585 3758">
     <span class='ocr_line' id='line_1_95' title="bbox 1959 3691 3585 3758; baseline 0.001 -9"><span class='ocrx_word' id='word_1_738' title='bbox 1959 3694 2047 3750; x_wconf 91' lang='lat' dir='ltr'><strong>cui</strong></span> <span class='ocrx_word' id='word_1_739' title='bbox 2070 3701 2199 3748; x_wconf 91' lang='lat' dir='ltr'><strong>tunc</strong></span> <span class='ocrx_word' id='word_1_740' title='bbox 2231 3699 2287 3748; x_wconf 91' lang='lat' dir='ltr'><strong>et</strong></span> <span class='ocrx_word' id='word_1_741' title='bbox 2323 3693 2488 3747; x_wconf 92' lang='lat' dir='ltr'><strong>modo</strong></span> <span class='ocrx_word' id='word_1_742' title='bbox 2531 3691 2786 3758; x_wconf 78' lang='lat' dir='ltr'><strong>oﬂertur;</strong></span> <span class='ocrx_word' id='word_1_743' title='bbox 2829 3692 2954 3748; x_wconf 87' lang='lat' dir='ltr'><strong>ideo</strong></span> <span class='ocrx_word' id='word_1_744' title='bbox 2986 3699 3041 3748; x_wconf 89' lang='lat' dir='ltr'><strong>et</strong></span> <span class='ocrx_word' id='word_1_745' title='bbox 3066 3694 3206 3749; x_wconf 82' lang='lat' dir='ltr'><strong>calix</strong></span> <span class='ocrx_word' id='word_1_746' title='bbox 3261 3711 3385 3751; x_wconf 92' lang='lat' dir='ltr'><strong>cum</strong></span> <span class='ocrx_word' id='word_1_747' title='bbox 3438 3697 3585 3752; x_wconf 84' lang='lat' dir='ltr'><strong>acci—</strong></span> 
     </span>
    </p>
   </div>
   <div class='ocr_carea' id='block_1_95' title="bbox 1964 3780 3588 3854">
    <p class='ocr_par' dir='ltr' id='par_1_95' title="bbox 1964 3780 3588 3854">
     <span class='ocr_line' id='line_1_96' title="bbox 1964 3780 3588 3854; baseline 0.001 -16"><span class='ocrx_word' id='word_1_748' title='bbox 1964 3783 2132 3854; x_wconf 91' lang='lat' dir='ltr'><strong>pitur,</strong></span> <span class='ocrx_word' id='word_1_749' title='bbox 2192 3781 2353 3837; x_wconf 90' lang='lat' dir='ltr'><strong>etiam</strong></span> <span class='ocrx_word' id='word_1_750' title='bbox 2419 3781 2488 3835; x_wconf 88' lang='lat' dir='ltr'><strong>ad</strong></span> <span class='ocrx_word' id='word_1_751' title='bbox 2522 3780 2711 3834; x_wconf 89' lang='lat' dir='ltr'><strong>divina</strong></span> <span class='ocrx_word' id='word_1_752' title='bbox 2765 3781 2936 3835; x_wconf 88' lang='lat' dir='ltr'><strong>verba</strong></span> <span class='ocrx_word' id='word_1_753' title='bbox 2981 3791 3065 3837; x_wconf 90' lang='lat' dir='ltr'><strong>est</strong></span> <span class='ocrx_word' id='word_1_754' title='bbox 3108 3799 3274 3850; x_wconf 92' lang='lat' dir='ltr'><strong>unus,</strong></span> <span class='ocrx_word' id='word_1_755' title='bbox 3351 3785 3494 3840; x_wconf 91' lang='lat' dir='ltr'><strong>sicut</strong></span> <span class='ocrx_word' id='word_1_756' title='bbox 3533 3795 3588 3840; x_wconf 89' lang='lat' dir='ltr'><strong>et</strong></span> 
     </span>
    </p>
   </div>
   <div class='ocr_carea' id='block_1_96' title="bbox 1965 3865 3587 3944">
    <p class='ocr_par' dir='ltr' id='par_1_96' title="bbox 1965 3865 3587 3944">
     <span class='ocr_line' id='line_1_97' title="bbox 1965 3865 3587 3944; baseline 0.001 -17"><span class='ocrx_word' id='word_1_757' title='bbox 1965 3873 2212 3928; x_wconf 89' lang='lat' dir='ltr'><strong>omnium</strong></span> <span class='ocrx_word' id='word_1_758' title='bbox 2244 3871 2603 3926; x_wconf 89' lang='lat' dir='ltr'><strong>ecclesiarum</strong></span> <span class='ocrx_word' id='word_1_759' title='bbox 2632 3869 2805 3925; x_wconf 87' lang='lat' dir='ltr'><strong>altare</strong></span> <span class='ocrx_word' id='word_1_760' title='bbox 2831 3865 3030 3925; x_wconf 90' lang='lat' dir='ltr'><strong>dicitur</strong></span> <span class='ocrx_word' id='word_1_761' title='bbox 3051 3887 3244 3940; x_wconf 90' lang='lat' dir='ltr'><strong>unum,</strong></span> <span class='ocrx_word' id='word_1_762' title='bbox 3278 3889 3410 3944; x_wconf 75' lang='lat' dir='ltr'><strong>quia</strong></span> <span class='ocrx_word' id='word_1_763' title='bbox 3433 3873 3490 3927; x_wconf 93' lang='lat' dir='ltr'><strong>in</strong></span> <span class='ocrx_word' id='word_1_764' title='bbox 3520 3889 3587 3929; x_wconf 91' lang='lat' dir='ltr'><strong>eo</strong></span> 
     </span>
    </p>
   </div>
   <div class='ocr_carea' id='block_1_97' title="bbox 1965 3961 3586 4036">
    <p class='ocr_par' dir='ltr' id='par_1_97' title="bbox 1965 3961 3586 4036">
     <span class='ocr_line' id='line_1_98' title="bbox 1965 3961 3586 4036; baseline 0.001 -17"><span class='ocrx_word' id='word_1_765' title='bbox 1965 3965 2271 4020; x_wconf 90' lang='lat' dir='ltr'><strong>secundum</strong></span> <span class='ocrx_word' id='word_1_766' title='bbox 2319 3978 2483 4017; x_wconf 91' lang='lat' dir='ltr'><strong>unam</strong></span> <span class='ocrx_word' id='word_1_767' title='bbox 2539 3961 2738 4028; x_wconf 84' lang='lat' dir='ltr'><strong>fidem,</strong></span> <span class='ocrx_word' id='word_1_768' title='bbox 2797 3977 2965 4016; x_wconf 91' lang='lat' dir='ltr'><strong>unum</strong></span> <span class='ocrx_word' id='word_1_769' title='bbox 3022 3963 3290 4019; x_wconf 92' lang='lat' dir='ltr'><strong>Dominici</strong></span> <span class='ocrx_word' id='word_1_770' title='bbox 3335 3966 3586 4036; x_wconf 88' lang='lat' dir='ltr'><strong>corporis</strong></span> 
     </span>
    </p>
   </div>
   <div class='ocr_carea' id='block_1_98' title="bbox 1968 4054 2858 4128">
    <p class='ocr_par' dir='ltr' id='par_1_98' title="bbox 1968 4054 2858 4128">
     <span class='ocr_line' id='line_1_99' title="bbox 1968 4054 2858 4128; baseline -0.007 -15"><span class='ocrx_word' id='word_1_771' title='bbox 1968 4055 2194 4114; x_wconf 78' lang='lat' dir='ltr'><strong>offertur</strong></span> <span class='ocrx_word' id='word_1_772' title='bbox 2225 4055 2476 4128; x_wconf 89' lang='lat' dir='ltr'><strong>quotidie</strong></span> <span class='ocrx_word' id='word_1_773' title='bbox 2504 4054 2858 4110; x_wconf 90' lang='lat' dir='ltr'><strong>sacrificium.</strong></span> 
     </span>
    </p>
   </div>
   <div class='ocr_carea' id='block_1_99' title="bbox 2038 4145 3586 4221">
    <p class='ocr_par' dir='ltr' id='par_1_99' title="bbox 2038 4145 3586 4221">
     <span class='ocr_line' id='line_1_100' title="bbox 2038 4145 3586 4221; baseline 0.002 -17"><span class='ocrx_word' id='word_1_774' title='bbox 2038 4149 2385 4204; x_wconf 69' lang='lat' dir='ltr'><strong>Praeclarum.</strong></span> <span class='ocrx_word' id='word_1_775' title='bbox 2419 4146 2750 4203; x_wconf 65' lang='lat' dir='ltr'><strong>Praeclarum</strong></span> <span class='ocrx_word' id='word_1_776' title='bbox 2793 4145 2926 4202; x_wconf 91' lang='lat' dir='ltr'><strong>dicit</strong></span> <span class='ocrx_word' id='word_1_777' title='bbox 2967 4145 3195 4203; x_wconf 90' lang='lat' dir='ltr'><strong>calicem</strong></span> <span class='ocrx_word' id='word_1_778' title='bbox 3239 4149 3421 4206; x_wconf 86' lang='lat' dir='ltr'><strong>adhuc</strong></span> <span class='ocrx_word' id='word_1_779' title='bbox 3448 4153 3586 4221; x_wconf 88' lang='lat' dir='ltr'><strong>vini,</strong></span> 
     </span>
    </p>
   </div>
   <div class='ocr_carea' id='block_1_100' title="bbox 1969 4242 3591 4318">
    <p class='ocr_par' dir='ltr' id='par_1_100' title="bbox 1969 4242 3591 4318">
     <span class='ocr_line' id='line_1_101' title="bbox 1969 4242 3591 4318; baseline 0.001 -18"><span class='ocrx_word' id='word_1_780' title='bbox 1969 4261 2146 4316; x_wconf 88' lang='lat' dir='ltr'><strong>usque</strong></span> <span class='ocrx_word' id='word_1_781' title='bbox 2185 4245 2314 4299; x_wconf 92' lang='lat' dir='ltr'><strong>dum</strong></span> <span class='ocrx_word' id='word_1_782' title='bbox 2361 4244 2542 4298; x_wconf 89' lang='lat' dir='ltr'><strong>statim</strong></span> <span class='ocrx_word' id='word_1_783' title='bbox 2593 4242 2685 4298; x_wconf 91' lang='lat' dir='ltr'><strong>ﬁet</strong></span> <span class='ocrx_word' id='word_1_784' title='bbox 2729 4243 3044 4313; x_wconf 77' lang='lat' dir='ltr'><strong>praeclarus,</strong></span> <span class='ocrx_word' id='word_1_785' title='bbox 3102 4245 3323 4315; x_wconf 88' lang='lat' dir='ltr'><strong>quando</strong></span> <span class='ocrx_word' id='word_1_786' title='bbox 3364 4248 3591 4318; x_wconf 83' lang='lat' dir='ltr'><strong>sanguis</strong></span> 
     </span>
    </p>
   </div>
   <div class='ocr_carea' id='block_1_101' title="bbox 1970 4331 3591 4404">
    <p class='ocr_par' dir='ltr' id='par_1_101' title="bbox 1970 4331 3591 4404">
     <span class='ocr_line' id='line_1_102' title="bbox 1970 4331 3591 4404; baseline 0 -16"><span class='ocrx_word' id='word_1_787' title='bbox 1970 4333 2096 4401; x_wconf 91' lang='lat' dir='ltr'><strong>erit,</strong></span> <span class='ocrx_word' id='word_1_788' title='bbox 2135 4333 2278 4388; x_wconf 89' lang='lat' dir='ltr'><strong>sicut</strong></span> <span class='ocrx_word' id='word_1_789' title='bbox 2302 4331 2570 4401; x_wconf 88' lang='lat' dir='ltr'><strong>scriptum</strong></span> <span class='ocrx_word' id='word_1_790' title='bbox 2600 4338 2714 4384; x_wconf 89' lang='lat' dir='ltr'><strong>est:</strong></span> <span class='ocrx_word' id='word_1_791' title='bbox 2743 4333 2906 4386; x_wconf 74' lang='lat' dir='ltr'><strong>Caliac</strong></span> <span class='ocrx_word' id='word_1_792' title='bbox 2943 4347 3088 4386; x_wconf 87' lang='lat' dir='ltr'><strong>meus</strong></span> <span class='ocrx_word' id='word_1_793' title='bbox 3113 4334 3396 4389; x_wconf 86' lang='lat' dir='ltr'><strong>inebrians</strong></span> <span class='ocrx_word' id='word_1_794' title='bbox 3425 4352 3591 4404; x_wconf 84' lang='lat' dir='ltr'><strong>quam</strong></span> 
     </span>
    </p>
   </div>
   <div class='ocr_carea' id='block_1_102' title="bbox 1885 4386 3588 4496">
    <p class='ocr_par' dir='ltr' id='par_1_102' title="bbox 1885 4386 3588 4496">
     <span class='ocr_line' id='line_1_103' title="bbox 1885 4386 3588 4496; baseline 0.003 -19"><span class='ocrx_word' id='word_1_795' title='bbox 1885 4386 1945 4454; x_wconf 71' lang='grc' dir='ltr'>Β</span> <span class='ocrx_word' id='word_1_796' title='bbox 1968 4386 2264 4496; x_wconf 49' lang='lat' dir='ltr'><strong>praiclarus</strong></span> <span class='ocrx_word' id='word_1_797' title='bbox 2304 4427 2380 4478; x_wconf 87' lang='lat' dir='ltr'><strong>est</strong></span> <span class='ocrx_word' id='word_1_798' title='bbox 2416 4386 2606 4489; x_wconf 74' lang='grc' dir='ltr'><strong>⁸(Ρεαι.</strong></span> <span class='ocrx_word' id='word_1_799' title='bbox 2647 4424 2796 4489; x_wconf 84' lang='lat' dir='ltr'><strong>xxn).</strong></span> <span class='ocrx_word' id='word_1_800' title='bbox 2852 4421 2954 4476; x_wconf 90' lang='lat' dir='ltr'><strong>Vel.</strong></span> <span class='ocrx_word' id='word_1_801' title='bbox 2998 4424 3063 4477; x_wconf 90' lang='lat' dir='ltr'><strong>ad</strong></span> <span class='ocrx_word' id='word_1_802' title='bbox 3118 4386 3588 4495; x_wconf 72' lang='lat' dir='ltr'><strong>comparationem</strong></span> 
     </span>
    </p>
   </div>
   <div class='ocr_carea' id='block_1_103' title="bbox 1971 4512 3586 4588">
    <p class='ocr_par' dir='ltr' id='par_1_103' title="bbox 1971 4512 3586 4588">
     <span class='ocr_line' id='line_1_104' title="bbox 1971 4512 3586 4588; baseline 0 -15"><span class='ocrx_word' id='word_1_803' title='bbox 1971 4519 2090 4587; x_wconf 88' lang='lat' dir='ltr'><strong>ejus</strong></span> <span class='ocrx_word' id='word_1_804' title='bbox 2131 4533 2295 4588; x_wconf 91' lang='lat' dir='ltr'><strong>quem</strong></span> <span class='ocrx_word' id='word_1_805' title='bbox 2336 4513 2537 4570; x_wconf 89' lang='lat' dir='ltr'><strong>obtulit</strong></span> <span class='ocrx_word' id='word_1_806' title='bbox 2556 4512 2982 4580; x_wconf 85' lang='lat' dir='ltr'><strong>Melchisedech,</strong></span> <span class='ocrx_word' id='word_1_807' title='bbox 3031 4523 3087 4570; x_wconf 88' lang='lat' dir='ltr'><strong>et</strong></span> <span class='ocrx_word' id='word_1_808' title='bbox 3116 4525 3439 4574; x_wconf 63' lang='lat' dir='ltr'><strong>cancrorum</strong></span> <span class='ocrx_word' id='word_1_809' title='bbox 3475 4521 3586 4574; x_wconf 91' lang='lat' dir='ltr'><strong>Ve-</strong></span> 
     </span>
    </p>
   </div>
   <div class='ocr_carea' id='block_1_104' title="bbox 1970 4605 3592 4676">
    <p class='ocr_par' dir='ltr' id='par_1_104' title="bbox 1970 4605 3592 4676">
     <span class='ocr_line' id='line_1_105' title="bbox 1970 4605 3592 4676; baseline 0.002 -14"><span class='ocrx_word' id='word_1_810' title='bbox 1970 4609 2099 4664; x_wconf 90' lang='lat' dir='ltr'><strong>teris</strong></span> <span class='ocrx_word' id='word_1_811' title='bbox 2139 4606 2495 4671; x_wconf 86' lang='lat' dir='ltr'><strong>Testamenti,</strong></span> <span class='ocrx_word' id='word_1_812' title='bbox 2541 4605 2626 4660; x_wconf 86' lang='lat' dir='ltr'><strong>vel</strong></span> <span class='ocrx_word' id='word_1_813' title='bbox 2660 4610 2882 4675; x_wconf 87' lang='lat' dir='ltr'><strong>pr0pter</strong></span> <span class='ocrx_word' id='word_1_814' title='bbox 2921 4607 3237 4676; x_wconf 66' lang='lat' dir='ltr'><strong>praeclaram</strong></span> <span class='ocrx_word' id='word_1_815' title='bbox 3289 4609 3435 4665; x_wconf 93' lang='lat' dir='ltr'><strong>illius</strong></span> <span class='ocrx_word' id='word_1_816' title='bbox 3473 4628 3592 4666; x_wconf 90' lang='lat' dir='ltr'><strong>ma-</strong></span> 
     </span>
    </p>
   </div>
   <div class='ocr_carea' id='block_1_105' title="bbox 1961 4696 3586 4772">
    <p class='ocr_par' dir='ltr' id='par_1_105' title="bbox 1961 4696 3586 4772">
     <span class='ocr_line' id='line_1_106' title="bbox 1961 4696 3586 4772; baseline 0.001 -15"><span class='ocrx_word' id='word_1_817' title='bbox 1961 4701 2240 4771; x_wconf 84' lang='lat' dir='ltr'><strong>jestatem,</strong></span> <span class='ocrx_word' id='word_1_818' title='bbox 2282 4696 2369 4753; x_wconf 93' lang='lat' dir='ltr'><strong>cui</strong></span> <span class='ocrx_word' id='word_1_819' title='bbox 2401 4696 2648 4752; x_wconf 73' lang='lat' dir='ltr'><strong>offertur.</strong></span> <span class='ocrx_word' id='word_1_820' title='bbox 2688 4696 2840 4752; x_wconf 89' lang='lat' dir='ltr'><strong>Unde</strong></span> <span class='ocrx_word' id='word_1_821' title='bbox 2867 4707 2920 4752; x_wconf 90' lang='lat' dir='ltr'><strong>et</strong></span> <span class='ocrx_word' id='word_1_822' title='bbox 2954 4698 3010 4752; x_wconf 91' lang='lat' dir='ltr'><strong>in</strong></span> <span class='ocrx_word' id='word_1_823' title='bbox 3035 4702 3403 4772; x_wconf 88' lang='lat' dir='ltr'><strong>sequentibus</strong></span> <span class='ocrx_word' id='word_1_824' title='bbox 3443 4705 3586 4759; x_wconf 91' lang='lat' dir='ltr'><strong>dici-</strong></span> 
     </span>
    </p>
   </div>
   <div class='ocr_carea' id='block_1_106' title="bbox 1983 4789 3590 4860">
    <p class='ocr_par' dir='ltr' id='par_1_106' title="bbox 1983 4789 3590 4860">
     <span class='ocr_line' id='line_1_107' title="bbox 1983 4789 3590 4860; baseline 0.002 -12"><span class='ocrx_word' id='word_1_825' title='bbox 1983 4801 2085 4848; x_wconf 90' lang='lat' dir='ltr'><strong>tur.</strong></span> <span class='ocrx_word' id='word_1_826' title='bbox 2150 4789 2438 4846; x_wconf 77' lang='lat' dir='ltr'><strong>Oﬂerimus</strong></span> <span class='ocrx_word' id='word_1_827' title='bbox 2490 4789 2766 4860; x_wconf 68' lang='lat' dir='ltr'><strong>praeclarae</strong></span> <span class='ocrx_word' id='word_1_828' title='bbox 2832 4791 3103 4859; x_wconf 88' lang='lat' dir='ltr'><strong>majestati</strong></span> <span class='ocrx_word' id='word_1_829' title='bbox 3157 4801 3286 4850; x_wconf 71' lang='lat' dir='ltr'><strong>tuae.</strong></span> <span class='ocrx_word' id='word_1_830' title='bbox 3342 4795 3590 4852; x_wconf 88' lang='lat' dir='ltr'><strong>Calicem.</strong></span> 
     </span>
    </p>
   </div>
   <div class='ocr_carea' id='block_1_107' title="bbox 1981 4878 3591 4953">
    <p class='ocr_par' dir='ltr' id='par_1_107' title="bbox 1981 4878 3591 4953">
     <span class='ocr_line' id='line_1_108' title="bbox 1981 4878 3591 4953; baseline 0.001 -15"><span class='ocrx_word' id='word_1_831' title='bbox 1981 4880 2351 4952; x_wconf 86' lang='lat' dir='ltr'><strong>Metaphorice</strong></span> <span class='ocrx_word' id='word_1_832' title='bbox 2381 4879 2436 4932; x_wconf 91' lang='lat' dir='ltr'><strong>id</strong></span> <span class='ocrx_word' id='word_1_833' title='bbox 2454 4878 2602 4950; x_wconf 90' lang='lat' dir='ltr'><strong>quod</strong></span> <span class='ocrx_word' id='word_1_834' title='bbox 2620 4879 2869 4935; x_wconf 91' lang='lat' dir='ltr'><strong>continet</strong></span> <span class='ocrx_word' id='word_1_835' title='bbox 2884 4896 2979 4950; x_wconf 92' lang='lat' dir='ltr'><strong>pro</strong></span> <span class='ocrx_word' id='word_1_836' title='bbox 3000 4897 3066 4936; x_wconf 91' lang='lat' dir='ltr'><strong>eo</strong></span> <span class='ocrx_word' id='word_1_837' title='bbox 3079 4884 3227 4953; x_wconf 91' lang='lat' dir='ltr'><strong>quod</strong></span> <span class='ocrx_word' id='word_1_838' title='bbox 3253 4886 3591 4953; x_wconf 89' lang='lat' dir='ltr'><strong>continetur,</strong></span> 
     </span>
    </p>
   </div>
   <div class='ocr_carea' id='block_1_108' title="bbox 1980 4968 3077 5040">
    <p class='ocr_par' dir='ltr' id='par_1_108' title="bbox 1980 4968 3077 5040">
     <span class='ocr_line' id='line_1_109' title="bbox 1980 4968 3077 5040; baseline 0 -14"><span class='ocrx_word' id='word_1_839' title='bbox 1980 4971 2033 5026; x_wconf 91' lang='lat' dir='ltr'><strong>id</strong></span> <span class='ocrx_word' id='word_1_840' title='bbox 2065 4977 2148 5026; x_wconf 90' lang='lat' dir='ltr'><strong>est</strong></span> <span class='ocrx_word' id='word_1_841' title='bbox 2174 4985 2267 5023; x_wconf 91' lang='lat' dir='ltr'><strong>vas</strong></span> <span class='ocrx_word' id='word_1_842' title='bbox 2297 4984 2397 5040; x_wconf 93' lang='lat' dir='ltr'><strong>pro</strong></span> <span class='ocrx_word' id='word_1_843' title='bbox 2424 4968 2638 5039; x_wconf 88' lang='lat' dir='ltr'><strong>liquore</strong></span> <span class='ocrx_word' id='word_1_844' title='bbox 2665 4969 2777 5023; x_wconf 88' lang='lat' dir='ltr'><strong>vini</strong></span> <span class='ocrx_word' id='word_1_845' title='bbox 2812 4976 2868 5023; x_wconf 93' lang='lat' dir='ltr'><strong>et</strong></span> <span class='ocrx_word' id='word_1_846' title='bbox 2897 4985 3077 5040; x_wconf 68' lang='lat' dir='ltr'><strong>aquae.</strong></span> 
     </span>
    </p>
   </div>
   <div class='ocr_carea' id='block_1_109' title="bbox 2048 5058 3674 5135">
    <p class='ocr_par' dir='ltr' id='par_1_109' title="bbox 2048 5058 3674 5135">
     <span class='ocr_line' id='line_1_110' title="bbox 2048 5058 3674 5135; baseline 0 -21"><span class='ocrx_word' id='word_1_847' title='bbox 2048 5063 2110 5114; x_wconf 88' lang='lat' dir='ltr'><strong>In</strong></span> <span class='ocrx_word' id='word_1_848' title='bbox 2137 5064 2374 5123; x_wconf 86' lang='lat' dir='ltr'><strong>sanctas,</strong></span> <span class='ocrx_word' id='word_1_849' title='bbox 2397 5063 2527 5123; x_wconf 91' lang='lat' dir='ltr'><strong>etc.,</strong></span> <span class='ocrx_word' id='word_1_850' title='bbox 2548 5072 2725 5128; x_wconf 88' lang='lat' dir='ltr'><strong>usque</strong></span> <span class='ocrx_word' id='word_1_851' title='bbox 2750 5058 3042 5126; x_wconf 72' lang='lat' dir='ltr'><strong>benedixit,</strong></span> <span class='ocrx_word' id='word_1_852' title='bbox 3076 5058 3128 5112; x_wconf 92' lang='lat' dir='ltr'><strong>id</strong></span> <span class='ocrx_word' id='word_1_853' title='bbox 3155 5066 3238 5114; x_wconf 91' lang='lat' dir='ltr'><strong>est</strong></span> <span class='ocrx_word' id='word_1_854' title='bbox 3261 5061 3591 5135; x_wconf 88' lang='lat' dir='ltr'><strong>sanguinem</strong></span> <span class='ocrx_word' id='word_1_855' title='bbox 3664 5085 3674 5102; x_wconf 58' lang='lat'>~</span> 
     </span>
    </p>
   </div>
   <div class='ocr_carea' id='block_1_110' title="bbox 1975 5152 3596 5224">
    <p class='ocr_par' dir='ltr' id='par_1_110' title="bbox 1975 5152 3596 5224">
     <span class='ocr_line' id='line_1_111' title="bbox 1975 5152 3596 5224; baseline -0.001 -14"><span class='ocrx_word' id='word_1_856' title='bbox 1975 5171 2136 5210; x_wconf 90' lang='lat' dir='ltr'><strong>suum</strong></span> <span class='ocrx_word' id='word_1_857' title='bbox 2171 5153 2322 5208; x_wconf 88' lang='lat' dir='ltr'><strong>fecit.</strong></span> <span class='ocrx_word' id='word_1_858' title='bbox 2354 5152 2515 5206; x_wconf 87' lang='lat' dir='ltr'><strong>Dedit</strong></span> <span class='ocrx_word' id='word_1_859' title='bbox 2561 5153 2868 5222; x_wconf 85' lang='lat' dir='ltr'><strong>discipulis,</strong></span> <span class='ocrx_word' id='word_1_860' title='bbox 2925 5160 3055 5219; x_wconf 91' lang='lat' dir='ltr'><strong>etc.,</strong></span> <span class='ocrx_word' id='word_1_861' title='bbox 3096 5169 3269 5224; x_wconf 91' lang='lat' dir='ltr'><strong>usque</strong></span> <span class='ocrx_word' id='word_1_862' title='bbox 3310 5158 3596 5223; x_wconf 86' lang='lat' dir='ltr'><strong>sanguinis</strong></span> 
     </span>
    </p>
   </div>
   <div class='ocr_carea' id='block_1_111' title="bbox 1973 5244 3597 5321">
    <p class='ocr_par' dir='ltr' id='par_1_111' title="bbox 1973 5244 3597 5321">
     <span class='ocr_line' id='line_1_112' title="bbox 1973 5244 3597 5321; baseline -0.001 -18"><span class='ocrx_word' id='word_1_863' title='bbox 1973 5251 2097 5313; x_wconf 82' lang='lat' dir='ltr'><strong>mei,</strong></span> <span class='ocrx_word' id='word_1_864' title='bbox 2127 5244 2470 5300; x_wconf 87' lang='lat' dir='ltr'><strong>intransitive</strong></span> <span class='ocrx_word' id='word_1_865' title='bbox 2503 5244 2706 5298; x_wconf 91' lang='lat' dir='ltr'><strong>dictum</strong></span> <span class='ocrx_word' id='word_1_866' title='bbox 2738 5253 2847 5308; x_wconf 89' lang='lat' dir='ltr'><strong>est;</strong></span> <span class='ocrx_word' id='word_1_867' title='bbox 2883 5253 2938 5298; x_wconf 89' lang='lat' dir='ltr'><strong>et</strong></span> <span class='ocrx_word' id='word_1_868' title='bbox 2987 5255 3071 5299; x_wconf 91' lang='lat' dir='ltr'><strong>est</strong></span> <span class='ocrx_word' id='word_1_869' title='bbox 3099 5247 3403 5301; x_wconf 90' lang='lat' dir='ltr'><strong>secundum</strong></span> <span class='ocrx_word' id='word_1_870' title='bbox 3454 5247 3597 5321; x_wconf 82' lang='lat' dir='ltr'><strong>ﬁgu-</strong></span> 
     </span>
    </p>
   </div>
   <div class='ocr_carea' id='block_1_112' title="bbox 1973 5333 3598 5407">
    <p class='ocr_par' dir='ltr' id='par_1_112' title="bbox 1973 5333 3598 5407">
     <span class='ocr_line' id='line_1_113' title="bbox 1973 5333 3598 5407; baseline -0.001 -14"><span class='ocrx_word' id='word_1_871' title='bbox 1973 5355 2086 5393; x_wconf 90' lang='lat' dir='ltr'><strong>ram</strong></span> <span class='ocrx_word' id='word_1_872' title='bbox 2130 5352 2290 5390; x_wconf 89' lang='lat' dir='ltr'><strong>casus</strong></span> <span class='ocrx_word' id='word_1_873' title='bbox 2334 5349 2433 5404; x_wconf 91' lang='lat' dir='ltr'><strong>pro</strong></span> <span class='ocrx_word' id='word_1_874' title='bbox 2463 5350 2614 5388; x_wconf 88' lang='lat' dir='ltr'><strong>casu.</strong></span> <span class='ocrx_word' id='word_1_875' title='bbox 2668 5333 2814 5388; x_wconf 88' lang='lat' dir='ltr'><strong>Calix</strong></span> <span class='ocrx_word' id='word_1_876' title='bbox 2838 5335 3124 5407; x_wconf 85' lang='lat' dir='ltr'><strong>sanguinis</strong></span> <span class='ocrx_word' id='word_1_877' title='bbox 3168 5337 3296 5404; x_wconf 90' lang='lat' dir='ltr'><strong>mei,</strong></span> <span class='ocrx_word' id='word_1_878' title='bbox 3327 5353 3389 5392; x_wconf 89' lang='lat' dir='ltr'><strong>ac</strong></span> <span class='ocrx_word' id='word_1_879' title='bbox 3418 5337 3460 5391; x_wconf 90' lang='lat' dir='ltr'><strong>si</strong></span> <span class='ocrx_word' id='word_1_880' title='bbox 3513 5337 3598 5392; x_wconf 93' lang='lat' dir='ltr'><strong>di-</strong></span> 
     </span>
    </p>
   </div>
   <div class='ocr_carea' id='block_1_113' title="bbox 1975 5493 3596 5568">
    <p class='ocr_par' dir='ltr' id='par_1_113' title="bbox 1975 5493 3596 5568">
     <span class='ocr_line' id='line_1_114' title="bbox 1975 5493 3596 5568; baseline -0.001 -16"><span class='ocrx_word' id='word_1_881' title='bbox 1975 5496 2238 5568; x_wconf 21' lang='lat' dir='ltr'><strong>ctionem»,</strong></span> <span class='ocrx_word' id='word_1_882' title='bbox 2297 5509 2460 5568; x_wconf 83' lang='lat' dir='ltr'><strong>quam</strong></span> <span class='ocrx_word' id='word_1_883' title='bbox 2510 5493 2858 5568; x_wconf 78' lang='lat' dir='ltr'><strong>proferantur</strong></span> <span class='ocrx_word' id='word_1_884' title='bbox 2909 5494 3000 5550; x_wconf 89' lang='lat' dir='ltr'><strong>illa</strong></span> <span class='ocrx_word' id='word_1_885' title='bbox 3045 5495 3232 5562; x_wconf 90' lang='lat' dir='ltr'><strong>verba,</strong></span> <span class='ocrx_word' id='word_1_886' title='bbox 3284 5512 3406 5568; x_wconf 61' lang='lat' dir='ltr'><strong>qua)</strong></span> <span class='ocrx_word' id='word_1_887' title='bbox 3464 5513 3596 5551; x_wconf 91' lang='lat' dir='ltr'><strong>sane</strong></span> 
     </span>
    </p>
   </div>
   <div class='ocr_carea' id='block_1_114' title="bbox 1977 5565 3596 5634">
    <p class='ocr_par' dir='ltr' id='par_1_114' title="bbox 1977 5565 3596 5634">
     <span class='ocr_line' id='line_1_115' title="bbox 1977 5565 3596 5634; baseline -0.001 -11"><span class='ocrx_word' id='word_1_888' title='bbox 1977 5575 2104 5623; x_wconf 88' lang='lat' dir='ltr'><strong>sunt</strong></span> <span class='ocrx_word' id='word_1_889' title='bbox 2142 5565 2442 5622; x_wconf 86' lang='lat' dir='ltr'><strong>efﬁcaciter</strong></span> <span class='ocrx_word' id='word_1_890' title='bbox 2466 5565 2778 5634; x_wconf 88' lang='lat' dir='ltr'><strong>o‘peratoria</strong></span> <span class='ocrx_word' id='word_1_891' title='bbox 2809 5565 3435 5624; x_wconf 81' lang='lat' dir='ltr'><strong>transubstantiationis.</strong></span> <span class='ocrx_word' id='word_1_892' title='bbox 3466 5568 3596 5631; x_wconf 80' lang='lat' dir='ltr'><strong>Vide</strong></span> 
     </span>
    </p>
   </div>
   <div class='ocr_carea' id='block_1_115' title="bbox 1978 5636 2826 5706">
    <p class='ocr_par' dir='ltr' id='par_1_115' title="bbox 1978 5636 2826 5706">
     <span class='ocr_line' id='line_1_116' title="bbox 1978 5636 2826 5706; baseline -0.002 -12"><span class='ocrx_word' id='word_1_893' title='bbox 1978 5640 2032 5696; x_wconf 93' lang='lat' dir='ltr'><strong>S.</strong></span> <span class='ocrx_word' id='word_1_894' title='bbox 2058 5640 2276 5706; x_wconf 89' lang='lat' dir='ltr'><strong>Thom.,</strong></span> <span class='ocrx_word' id='word_1_895' title='bbox 2305 5653 2361 5691; x_wconf 91' lang='grc' dir='ltr'><strong>ιιι</strong></span> <span class='ocrx_word' id='word_1_896' title='bbox 2388 5652 2442 5706; x_wconf 89' lang='lat' dir='ltr'><strong>p.</strong></span> <span class='ocrx_word' id='word_1_897' title='bbox 2469 5653 2522 5706; x_wconf 92' lang='lat' dir='ltr'><strong>q.</strong></span> <span class='ocrx_word' id='word_1_898' title='bbox 2554 5636 2641 5704; x_wconf 87' lang='lat'><strong>78,</strong></span> <span class='ocrx_word' id='word_1_899' title='bbox 2677 5654 2722 5692; x_wconf 89' lang='lat' dir='ltr'><strong>a.</strong></span> <span class='ocrx_word' id='word_1_900' title='bbox 2770 5639 2826 5692; x_wconf 74' lang='grc'><strong>4.</strong></span> 
     </span>
    </p>
   </div>
  </div>
