3920 6054
378 205 399 256 l
416 202 520 257 063

1606 181 1662 232 Β.
1706 171 1943 231 ODONIS
1984 165 2219 223 CAMER.
2265 164 2468 219 EPISC.

3570 167 3731 220 1064

378 334 547 392 ceret,
596 324 732 379 calix
796 319 1008 375 scilicet
1062 314 1289 384 sanguis
1345 327 1522 365 meus.
1593 306 1858 362 Similiter
1908 302 1997 356 hic
2026 310 2069 371 Α
2104 296 2165 351 Et
2196 312 2265 350 ne
2293 295 2395 350 sub
2431 297 2515 351 his
2554 297 2827 373 mysteriis
2852 296 2968 351 haec
2998 298 3263 352 memoria
3291 296 3527 369 refugiat
3556 312 3590 348 a
3628 310 3737 348 no-

381 422 529 487 patet
558 415 706 485 quod
757 408 1147 465 benedictione
1184 402 1349 458 fuerit
1405 401 1577 456 factus
1623 397 1867 487 sanguis.
1920 392 1998 447 Ad

280 532 299 553 x
380 486 829 562 benedictionem
888 500 1035 555 enim
1092 495 1431 568 praemissam
1480 490 1752 546 subdidit:
1795 486 1890 540 Hic
1919 489 2001 539 est

381 599 519 654 calix
548 595 837 670 sanguinis
867 592 998 647 mei.

452 727 586 783 Noui
618 728 671 778 et
714 721 902 776 aeterni
931 714 1251 771 testamenti.
1285 711 1493 765 Novum
1526 708 1672 762 enim
1720 702 1999 775 Evangelii

390 822 780 875 testamentum
813 812 869 865 in
893 816 1156 864 aeternum
1189 800 1533 859 conﬁrmavit
1558 797 1830 871 sanguine
1853 810 2000 850 mor-

385 910 455 964 tis
486 924 621 962 suae.
667 906 755 960 Sic
776 902 1044 958 Abraham
1080 896 1282 953 oblatis
1320 893 1515 949 ovibus
1544 900 1600 945 et
1637 888 1838 954 bobus,
1876 902 1998 941 cum

386 997 731 1062 Abimelech,
762 1003 817 1050 et
848 980 1055 1046 Phicol'
1076 986 1325 1060 principe
1356 983 1564 1038 militiae
1596 978 1866 1052 percussit
1892 977 1998 1031 fue-

387 1091 511 1152 dus,
553 1090 607 1144 id
631 1096 713 1142 est
742 1102 873 1142 oves
900 1090 955 1138 ct
983 1081 1153 1135 boves
1181 1076 1455 1148 percussit
1476 1075 1532 1128 in
1563 1073 1761 1137 foedus,
1787 1076 1846 1123 ut
1873 1084 2000 1123 san-

385 1181 555 1255 guine
587 1176 904 1232 animalium
936 1181 989 1227 et
1011 1166 1380 1224 mortefocdus
1404 1161 1819 1219 conﬁrmaretur
1845 1159 1997 1225 (Gen.

385 1248 514 1339 irin).
549 1268 607 1321 Et
635 1264 803 1319 Jacob
860 1262 1077 1335 fugiens
1123 1258 1180 1311 in
1237 1252 1458 1319 Calaad,
1499 1250 1640 1305 facto
1683 1248 1997 1316 iuramento

383 1377 507 1416 cum
547 1356 819 1414 avunculo
870 1368 971 1408 suo
1022 1350 1225 1415 Laban,
1283 1342 1586 1400 immolavit
1635 1340 1905 1403 victimas,
1938 1344 1997 1392 ut

381 1451 654 1525 sanguine
695 1447 1038 1503 victimarum
1086 1439 1267 1495 foedus
1292 1433 1590 1505 juramenti
1624 1431 1991 1487 conﬁrmare-

384 1549 489 1595 tur.
527 1539 677 1608 (Gen.
703 1541 870 1601 χχχι).
899 1533 960 1587 Et
989 1531 1225 1600 Moyses,
1250 1534 1308 1581 ut
1326 1524 1677 1580 conﬁrmaret
1697 1526 1998 1574 testamen-

382 1642 494 1687 tum
528 1629 673 1701 quod
698 1626 909 1696 accepit
928 1625 983 1678 in
1017 1622 1169 1685 Sina,
1198 1613 1785 1686 victimaeisanguinem
1803 1624 1994 1679 asper-
2023 1631 2074 1699 B

381 1728 454 1781 sit
486 1728 753 1796 hyssopo,
807 1723 861 1775 in
914 1726 1085 1775 totum
1157 1715 1443 1787 pepulum,
1484 1721 1538 1767 et
1576 1707 1990 1766 tabernaculum

382 1816 534 1885 (Πρὸ.
563 1831 644 1878 1x;
677 1811 854 1867 Exod.
888 1809 1050 1868 χχιιι).

452 1925 767 1993 Mysterium
787 1920 916 1990 fidei
945 1916 1182 1989 pertinet
1212 1913 1278 1967 ad
1308 1911 1473 1966 ﬁdem
1505 1908 1829 1965 catholicam
1873 1921 1995 1961 cre-

298 2040 318 2059 ι
387 2014 516 2068 dere
541 2018 663 2082 post
691 2006 1141 2064 benedictionem
1174 2016 1295 2055 esse
1327 2015 1515 2055 verum
1558 1996 1909 2069 sanguinem,
1941 2001 1998 2048 ut

385 2100 626 2154 inﬁdelis
648 2099 719 2152 sit
748 2095 840 2168 qui
870 2096 974 2148 hoc
1001 2106 1110 2145 non
1139 2088 1455 2145 crediderit.
1487 2088 1621 2140 Item
1652 2084 1853 2139 dicitur
1878 2099 1998 2153 my-

385 2194 611 2249 sterium
664 2188 810 2261 quod
865 2182 1226 2242 scnsibilibus
1264 2180 1464 2254 tegitur
1519 2178 1817 2240 occultum,
1855 2174 1999 2229 sicut

385 2284 586 2338 veritas
604 2278 893 2353 sanguinis
922 2277 976 2331 in
1008 2289 1207 2344 sapore
1225 2271 1338 2327 vini
1365 2272 1498 2325 latet
1529 2276 1582 2323 et
1612 2268 1820 2339 specie.
1853 2265 1999 2320 Calix

393 2387 523 2447 ergo
551 2371 738 2427 altaris
767 2375 849 2422 est
892 2362 1212 2436 mysterium
1247 2358 1400 2427 ﬁdei,
1433 2358 1564 2429 quia
1592 2356 1694 2412 sub
1746 2355 2001 2447 ﬁgura—et

393 2445 588 2534 sapore
636 2460 749 2514 vini
813 2454 1061 2512 occultus
1113 2449 1356 2505 creditur
1411 2463 1575 2502 verus
1626 2445 1871 2519 sanguis.
1914 2445 2003 2497 Est

388 2553 711 2626 mysterium
771 2548 924 2614 ﬁdei,
976 2544 1106 2617 quia
1145 2542 1292 2613 quod
1346 2541 1590 2609 creditur
1647 2536 2005 2595 scnsibilibus

388 2646 715 2718 quibusdam
749 2640 1048 2714 obtegitur.
1098 2635 1229 2689 Nam
1286 2649 1446 2689 verus
1488 2633 1716 2706 sanguis
1761 2629 2006 2685 creditur

388 2738 538 2811 quod
567 2738 753 2791 vinum
785 2734 907 2787 visu
950 2729 1187 2785 sentitur
1218 2736 1272 2783 et
1300 2735 1486 2802 gustu.
1518 2727 1605 2781 Est
1632 2722 1762 2779 ﬁdei
1803 2727 2004 2791 myste-

392 2810 556 2894 rium,
591 2826 722 2898 quia
751 2822 896 2895 quod
933 2820 1074 2874 ﬁdes
1095 2818 1272 2873 credit
1302 2818 1446 2871 intus
1475 2823 1558 2870 est
1585 2813 1882 2869 occultum.
1910 2810 2001 2863 ln-

388 2928 478 2974 tus
508 2929 590 2975 est
619 2933 784 2972 verus
812 2913 1036 2987 sanguis
1065 2929 1195 2967 vera
1231 2910 1360 2976 ﬁde,
1393 2907 1633 2963 exterius
1671 2912 1757 2959 est
1802 2901 1998 2957 falsum

386 3014 573 3067 vinum
601 3027 732 3065 vera
756 3008 965 3079 specie.
999 3005 1248 3060 Sentitur
1266 3003 1452 3059 vinum
1484 3008 1543 3054 et
1581 3013 1691 3053 non
1742 3003 1845 3050 est.
1878 2994 1995 3049 Non
2020 2985 2069 3055 C

386 3109 617 3172 apparet
646 3098 893 3172 sanguis,
936 3103 991 3149 et
1035 3100 1132 3148 est.
1192 3093 1396 3145 Sensus
1427 3086 1703 3157 decipitur
1732 3081 1995 3156 qualitate

388 3201 537 3251 certa
564 3198 785 3247 tenetur
814 3188 952 3243 ﬁdes
991 3187 1069 3242 rei
1106 3184 1354 3240 veritate.
1393 3182 1634 3251 Ideoque
1663 3175 1888 3251 sanguis
1912 3176 1994 3228 di-

386 3287 530 3342 citur
562 3282 688 3338 ﬁdei
730 3278 1075 3351 mysterium,
1113 3275 1243 3346 quia
1271 3271 1597 3344 sanguinem
1636 3267 1776 3322 ﬁdes
1825 3264 1999 3321 credit

392 3380 540 3434 intus
569 3374 865 3432 occultum.
898 3373 1156 3442 Apertum
1203 3371 1289 3421 est
1335 3364 1481 3436 quod
1523 3361 1778 3423 sentitur,
1819 3357 2004 3412 occul-

391 3479 504 3525 tum
538 3474 624 3524 est
654 3465 800 3537 quod
834 3462 1093 3518 creditur.
1127 3458 1189 3513 Et
1218 3456 1423 3527 siquid
1464 3452 1745 3509 occultum
1782 3458 1863 3503 est
1895 3447 2004 3501 ﬁde

393 3562 522 3617 ﬁdei
579 3566 684 3626 est,
744 3555 904 3612 sicuti
948 3552 1095 3625 quod
1135 3558 1285 3623 patet
1338 3554 1421 3602 est
1473 3560 1690 3601 sensus.
1740 3542 1830 3597 Est
1875 3555 2007 3613 ergo

392 3648 621 3722 sanguis
650 3644 969 3717 mysterium
1002 3639 1154 3707 ﬁdei,
1184 3636 1457 3709 siquidem
1487 3633 1733 3690 occultus
1771 3630 2010 3703 pertinet

394 3741 461 3796 ad
495 3739 681 3794 ﬁdem.

463 3849 563 3914 Qui
597 3860 702 3916 pro
726 3843 878 3897 vobis
924 3844 973 3894 et
1000 3838 1187 3892 multis
1221 3833 1535 3903 eﬁ'undetur
1558 3835 1617 3886 in
1646 3831 2008 3885 remissionem

390 3940 751 4007 peccatorum.
817 3930 919 3983 Pro
956 3926 1137 3992 vobis,
1195 3923 1407 3977 scilicet
1458 3918 1851 3991 praesentibus;
1908 3932 2008 3987 pro

395 4028 601 4091 multis,
630 4028 957 4097 paganoset
986 4017 1204 4074 Judaaos
1246 4013 1530 4081 discernit,
1562 4020 1616 4068 et
1654 4010 1820 4067 falsos
1846 4008 2005 4064 Chri-

394 4124 624 4179 sﬁanos.

466 4243 591 4298 Haec
617 4238 1037 4310 quotiescunque
1064 4230 1304 4298 feceritis
1345 4230 1407 4281 in
1434 4230 1541 4281 mei
1576 4226 1892 4280 memoriam
1914 4224 2006 4290 fa-

394 4334 564 4389 cietis.
594 4329 725 4384 Nam
756 4326 878 4381 sine
909 4325 1012 4379 hac
1036 4319 1305 4376 memoria
1333 4333 1444 4373 non
1471 4315 1794 4372 conﬁcimus
1821 4313 2081 4415 Domi-D

300 4436 317 4455 ί
395 4421 503 4478 nici
532 4416 781 4489 corporis
836 4420 891 4469 et
931 4408 1218 4482 sanguinis
1253 4411 1615 4462 sacramenta.
1657 4402 1808 4458 Tolle
1836 4402 2005 4458 verba

395 4511 619 4578 Christi,
647 4524 759 4565 non
792 4505 931 4560 ﬁunt
959 4505 1301 4558 sacramenta
1330 4497 1546 4552 Christi.
1580 4494 1672 4549 Vis
1701 4492 1820 4548 ﬁeri
1851 4491 2004 4548 Chri-

395 4603 463 4659 sti
491 4615 692 4671 corpus
717 4605 773 4652 et
798 4593 1146 4668 sanguinem,
1188 4602 1407 4659 appone
1447 4585 1641 4640 Christi
1669 4598 2001 4639 sermonem.

394 4695 542 4750 Facit
571 4704 754 4748 sermo
791 4684 1050 4742 Veritatis
1102 4682 1250 4754 quod
1281 4679 1445 4735 dicit:
1495 4678 1638 4745 Quia
1688 4680 1803 4747 ipse
1857 4677 2005 4731 dixit

392 4789 443 4839 et
469 4785 621 4851 facta
677 4783 823 4844 sunt,
855 4780 971 4847 ipse
1006 4772 1291 4830 mandavit
1338 4773 1388 4823 et
1434 4773 1616 4824 creata
1652 4771 1781 4823 sunt
1838 4766 2002 4835 (Psal.

390 4881 597 4942 χινιιι).
622 4874 753 4929 Sine
772 4870 941 4926 dubio
968 4867 1029 4922 ﬁt
1049 4867 1105 4921 in
1136 4870 1387 4937 creatura
1416 4863 1565 4933 quod
1597 4860 1790 4916 Christi
1822 4873 2004 4915 sermo

388 4970 522 5026 dicit
560 4969 628 5024 de
660 4971 932 5022 creatura.
968 4959 1180 5015 Etenim
1224 4954 1578 5026 omnipotens
1629 4967 1810 5009 sermo
1854 4959 2001 5016 tuus,

393 5079 426 5119 ο
452 5062 698 5118 Genitor.
730 5057 811 5112 Fit
836 5069 969 5127 ergo
1016 5064 1275 5107 sermone
1321 5046 1516 5101 Christi
1547 5061 1747 5116 corpus
1793 5052 1848 5099 et
1876 5059 2002 5098 san-

384 5153 507 5228 guis
537 5147 754 5205 Christi.
802 5144 928 5209 Quae
974 5139 1194 5213 quoties
1221 5136 1391 5193 verbo
1435 5137 1648 5205 potenti
1708 5133 2004 5198 sumimus,

388 5226 621 5303 mortem
639 5236 877 5303 Domini,
901 5235 1083 5291 donec
1094 5232 1299 5299 veniat,
1319 5243 1694 5287 memoramus
1721 5227 1771 5296 (Ι
1784 5226 1905 5283 Cor.
1921 5226 2004 5295 ιι),

464 5414 536 5484 (3)
563 5408 732 5484 κρυοά
773 5407 849 5462 ait
886 5404 1021 5470 Odo,
1054 5402 1289 5484 hostiam
1317 5397 1694 5484 ‘eucliaris‘tiaa
1737 5408 2003 5484 noniess‘e

397 5469 671 5539 carnalem
710 5485 804 5533 aut
842 5474 1203 5546 corporalem,
1236 5472 1332 5546 sed
1362 5469 1727 5546 spiritualem,
1769 5481 1883 5546 non
1909 5480 2002 5546 pe:

396 5537 488 5625 gat
519 5568 645 5607 vere
703 5537 1024 5625 et_realit_er
1064 5545 1264 5625 adesse
1320 5537 1407 5596 in'
1433 5541 1525 5595 illa
1570 5554 1754 5625 veram
1798 5537 1998 5625 Christi

397 5608 639 5683 gernem,
702 5619 799 5674 sed
845 5617 1103 5689 intelligit
1150 5630 1259 5670 non
1317 5628 1440 5669 esse
1479 5611 1844 5680 corporalem,
1897 5608 1999 5662 hoc

2102 391 2210 457 bis,
2242 389 2549 464 subjungit.

2174 485 2321 539 Unde
2345 488 2394 537 et
2422 499 2689 548 memores,
2722 486 2962 550 Domine,
2994 499 3090 537 nos
3109 486 3253 537 servi
3281 486 3383 547 tui,
3419 483 3470 536 id
3507 490 3594 536 est
3629 483 3733 553 qui

2098 575 2403 630 secundum
2434 576 2567 629 clcri
2594 575 2797 649 gradus
2827 582 3107 644 acceptos,
3148 573 3333 630 ofﬁcio
3359 576 3529 645 hujus
3549 575 3735 628 sacri-

2099 664 2208 718 ﬁcii
2238 664 2602 731 deservimus,
2622 665 3048 734 ve|(secundum
3065 663 3365 734 solitarios)
3389 664 3482 719 hic
3503 664 3557 717 in
3582 678 3733 734 pra!-

2101 756 2243 810 senti
2270 755 2665 810 ministramus.

2169 846 2276 901 Sed
2304 854 2354 902 et
2376 849 2525 917 plebs
2556 852 2652 901 tua
2676 851 2865 902 sancta
2894 863 3015 918 quae
3037 862 3136 917 pro
3163 847 3524 902 veneratione
3554 846 3731 914 hujus

2101 937 2357 993 sacriﬁcii
2399 939 2488 993 hic
2534 948 2619 993 est
2671 939 2725 992 in
2781 938 3035 1009 praesenti
3079 939 3277 993 devote
3333 938 3601 994 collecta:
3637 937 3730 991 vel

2103 1028 2427 1096 (secundum
2483 1027 2781 1095 solitarius)
2821 1028 2876 1081 in
2910 1027 3120 1082 unitate
3168 1027 3424 1082 Ecclesia:
3476 1026 3735 1081 ﬁdeliter

2101 1116 2308 1188 ubique
2335 1117 2661 1171 viventium.

2170 1209 2431 1278 Ejusdem
2466 1210 2671 1263 Christi
2706 1208 2854 1271 Filii,
2884 1215 2938 1261 et
2975 1215 3192 1273 caetera,
3225 1223 3402 1278 usque
3448 1208 3610 1262 donis
3669 1223 3733 1259 ac

2098 1302 2263 1358 datis.
2299 1304 2508 1358 Donum
2570 1310 2658 1358 est
2709 1303 2775 1357 ad
2808 1302 3073 1369 dandum,
3106 1302 3316 1356 etiamsi
3360 1318 3469 1356 non
3529 1303 3720 1366 detur,

2098 1400 2368 1462 paratum.
2401 1393 2611 1447 Donum
2644 1399 2747 1458 est,
2785 1393 2933 1464 quod
2964 1392 3080 1447 dari
3113 1400 3316 1463 potest.
3352 1394 3553 1447 Datum
3589 1410 3727 1447 vero

2098 1481 2245 1552 quod
2278 1481 2331 1535 in
2363 1481 2588 1536 alterius
2619 1483 3023 1551 possessionem
3085 1490 3169 1536 est
3210 1483 3323 1550 jam
3356 1484 3719 1545 translatum,

2099 1574 2248 1645 quod
2262 1573 2331 1627 de
2349 1572 2714 1642 possibilitate
2737 1573 2850 1640 jam
2885 1572 3089 1643 prodiit
3116 1573 3185 1627 ad
3210 1576 3577 1644 actum,quod
3609 1575 3725 1642 jam

2100 1665 2434 1734 possidetur.
2469 1663 2677 1734 Corpus
2703 1679 2835 1734 ergo
2864 1671 2919 1718 et
2939 1663 3165 1737 sanguis
3189 1665 3385 1719 Christi
3415 1674 3546 1718 sunt
3578 1665 3731 1717 dona

2095 1767 2126 1805 a
2164 1753 2277 1807 Deo
2309 1751 2471 1806 nobis
2502 1761 2707 1822 parata.
2768 1753 2919 1806 Dona
2952 1759 3100 1819 sunt,
3158 1768 3278 1823 quae
3332 1753 3547 1807 utiliter
3607 1754 3730 1806 dari

2096 1852 2346 1913 possunt.
2389 1845 2541 1900 Dona
2570 1851 2699 1898 sunt
2736 1860 2888 1911 vera,
2930 1846 3028 1899 sed
3076 1861 3131 1898 in
3176 1846 3317 1900 ccelo
3359 1845 3639 1901 collocata
3675 1847 3726 1898 in

2097 1936 2332 1991 Christo.
2368 1936 2499 1989 Data
2531 1951 2683 2001 vero,
2718 1936 2941 2006 quando
2995 1934 3135 1990 ﬁunt
3167 1936 3331 1990 nubis
3370 1937 3438 1991 de
3467 1946 3734 1991 creatura

2098 2028 2259 2098 panis
2284 2035 2340 2081 et
2361 2027 2502 2094 vini;
2537 2029 2662 2082 data
2683 2028 2906 2099 quando
2939 2029 3215 2084 sumimus
3240 2030 3296 2082 in
3326 2029 3510 2095 altari,
3542 2046 3736 2101 quan-

2099 2120 2169 2174 do
2209 2119 2487 2174 reﬁcimur
2521 2120 2650 2174 inde
2680 2120 3030 2177 sensualiter.
3057 2121 3227 2183 Dona,
3268 2122 3324 2175 in
3355 2123 3530 2185 coelo;
3574 2123 3736 2189 data,

2101 2211 2155 2265 in
2187 2219 2331 2266 terra
2398 2210 2569 2273 Dona,
2600 2212 2746 2282 apud
2784 2212 2954 2266 Deum
3008 2212 3063 2266 in
3102 2212 3342 2277 Christo;
3374 2214 3525 2281 data,
3558 2229 3737 2285 super

2102 2305 2271 2360 altare
2300 2307 2354 2360 in
2390 2314 2758 2362 sacramento.
2787 2308 2960 2376 Dona,
2994 2308 3050 2362 in
3071 2309 3213 2363 coelo
3244 2309 3388 2363 nuda
3422 2316 3478 2363 et
3497 2317 3731 2378 aperta;

2103 2394 2247 2459 data,
2284 2395 2341 2448 in
2399 2395 2578 2461 altari,
2620 2403 2765 2450 tecta
2795 2396 3156 2451 scnsibilibus
3194 2403 3246 2452 et
3291 2396 3598 2452 occultata:
3648 2406 3735 2451 ta-

2102 2500 2232 2540 men
2258 2484 2350 2539 hic
2371 2490 2427 2539 et
2455 2484 2557 2551 ibi,
2598 2499 2663 2538 ea
2691 2500 2839 2538 vera.

2175 2576 2419 2629 Hostiam
2448 2589 2663 2643 puram.
2711 2575 2880 2629 Antea
2909 2574 3114 2628 veteris
3155 2573 3295 2646 legis
3333 2574 3527 2629 hostize
3559 2574 3634 2628 de
3671 2576 3738 2628 ir—

2108 2663 2468 2719 rationalibus
2498 2663 2834 2717 animalibus
2872 2663 3122 2717 carnales
3168 2671 3346 2726 erant,
3373 2665 3737 2734 squalorihus

2108 2753 2385 2823 spurcitiae
2415 2753 2746 2818 carnalibus,
2792 2752 3197 2824 nidoribusque
3255 2753 3450 2821 plenae,
3497 2763 3553 2807 et
3587 2753 3735 2807 den-

2102 2849 2236 2903 tium
2268 2848 2603 2903 contritione
2634 2848 2688 2902 in
2720 2847 2886 2903 faeces
2938 2854 2994 2902 et
3027 2857 3271 2902 stercora
3312 2848 3571 2901 rcdaclae.
3611 2848 3735 2901 llaec

2102 2946 2286 2994 autem
2317 2940 2495 2995 hostia
2542 2956 2677 3009 pura
2715 2945 2817 3004 est,
2851 2939 3000 3011 quia,
3031 2939 3283 3010 quamvis
3314 2955 3441 2994 caro
3490 2956 3629 2993 vera
3661 2940 3732 2993 sit

2100 3036 2155 3083 et
2183 3029 2431 3103 sanguis,
2474 3035 2658 3083 tamen
2698 3029 3000 3099 spiritualis
3025 3037 3108 3086 est
3162 3036 3216 3084 et
3270 3030 3595 3101 incorrupta
3628 3032 3727 3099 (3).

2102 3115 2390 3183 Dividitur,
2431 3124 2484 3172 et
2523 3118 2772 3172 consumi
2837 3134 2946 3174 non
2990 3125 3187 3189 potest.
3239 3118 3616 3185 Consumitur,
3673 3128 3727 3173 et

2100 3209 2417 3280 incorrupta
2454 3217 2657 3264 manet.
2710 3198 2948 3276 'l‘eritui',
2982 3217 3140 3265 etest
3180 3210 3371 3265 illaesa.
3408 3211 3728 3283 Frangitur,

2107 3304 2162 3354 et
2184 3298 2397 3372 integra
2426 3306 2527 3353 est.
2555 3299 2677 3354 Haec
2698 3299 2882 3355 hostia
2908 3313 3035 3354 caro
3067 3306 3169 3365 est,
3195 3315 3305 3354 non
3339 3300 3601 3365 carnalis,
3629 3300 3730 3354 sed

2108 3390 2539 3445 incontaminata
2565 3391 2675 3456 lux,
2720 3397 2775 3445 et
2801 3391 2929 3469 ideo
2952 3407 3108 3460 pura.
3144 3389 3350 3461 Corpus
3382 3397 3485 3455 est,
3519 3398 3577 3446 et
3620 3408 3734 3447 non

2108 3479 2434 3550 corporalis,
2476 3480 2572 3534 sed
2599 3479 2882 3551 spirituale
2913 3481 3124 3547 lumen,
3155 3492 3211 3536 ct
3238 3482 3363 3536 ideo
3394 3498 3552 3552 pura.
3593 3483 3734 3536 Pura

2107 3574 2404 3642 mundans,
2438 3590 2572 3645 pura
2590 3573 2919 3645 puriﬁcans;
2953 3591 3111 3646 pura,
3145 3575 3273 3647 quia
3299 3575 3509 3643 divina,
3540 3577 3742 3646 purior

2108 3666 2230 3721 luce
2257 3680 2545 3737 corporea.

2178 3758 2427 3812 Hostiam
2460 3761 2725 3812 sanctam.
2787 3757 2990 3813 Hostiae
3028 3764 3241 3813 veteres
3296 3768 3451 3813 erant
3491 3760 3729 3831 quidem

2107 3852 2331 3911 sanctae,
2364 3845 2463 3900 sed
2496 3860 2607 3900 non
2639 3861 2809 3916 perse
2837 3855 3063 3910 sancta,
3106 3846 3202 3901 sed
3245 3848 3373 3918 quia
3396 3853 3588 3919 typum
3624 3866 3733 3923 ge-

2109 3937 2301 3991 rebant
2328 3936 2492 4006 hujus
2521 3936 2715 3991 hostiae
2742 3946 2991 3993 sacratie.
3027 3938 3139 3992 lllze
3169 3938 3507 4009 imperfectae
3546 3948 3737 4006 erant,

2109 4036 2165 4083 et
2192 4028 2322 4083 ideo
2362 4026 2546 4083 minus
2593 4034 2828 4082 sanctae:
2866 4028 2971 4083 ista
3002 4028 3265 4099 perfecta,
3309 4038 3363 4085 et
3396 4030 3525 4085 ideo
3559 4033 3731 4101 plene

2106 4128 2315 4175 sancta.
2356 4119 2466 4175 Illa:
2499 4119 2847 4175 dimittebant
2877 4127 3159 4191 peccatum
3200 4122 3397 4187 unius;
3438 4122 3544 4176 ista
3581 4124 3732 4178 tollit

2107 4218 2331 4283 peccata
2351 4211 2520 4266 totius
2550 4210 2762 4266 mundi.
2793 4213 2851 4265 ln
2898 4211 3007 4267 illis
3044 4218 3253 4267 tantum
3285 4220 3404 4268 erat
3434 4216 3727 4277 remissio;

2106 4302 2161 4355 in
2194 4302 2298 4355 hac
2325 4306 2506 4355 autem
2540 4307 2625 4354 est
2644 4302 2879 4371 pretium
2920 4301 3144 4370 plenum
3167 4310 3223 4356 et
3243 4301 3485 4372 perfecta
3503 4305 3730 4358 redem-

2106 4393 2238 4463 ptio.
2282 4392 2393 4446 lllae
2420 4391 2795 4462 impetrabant
2822 4392 3036 4446 veniam
3079 4392 3248 4448 debiti
3288 4393 3412 4448 sine
3442 4396 3729 4450 solutione

2106 4488 2223 4543 haec
2261 4486 2445 4542 reddit
2488 4485 2760 4555 debitum,
2794 4487 2959 4559 plena
2999 4488 3537 4559 recompensatione.
3597 4490 3729 4544 Ideo

2106 4576 2225 4631 hac
2250 4575 2413 4648 plene
2430 4582 2484 4630 et
2502 4574 2745 4646 perfecte
2773 4584 2987 4643 sancta,
3016 4577 3125 4632 illae
3156 4586 3383 4645 sanctae,
3413 4578 3511 4633 sed
3540 4580 3731 4634 minus

2106 4678 2161 4727 et
2189 4670 2530 4743 imperfecte.

2177 4763 2422 4816 Hostiam
2468 4760 2895 4815 immaculatum.
2949 4760 3008 4814 ld
3048 4767 3133 4815 est
3165 4759 3288 4814 sine
3326 4761 3479 4815 omni
3509 4764 3732 4818 macula

2103 4850 2300 4920 culpae,
2350 4855 2541 4919 utpote
2595 4856 2865 4918 concepta
2924 4855 2980 4903 et
3039 4854 3167 4903 nata
3209 4848 3331 4903 sine
3378 4859 3634 4919 peccato,
3675 4861 3734 4907 et

2104 4946 2308 5002 deinde
2337 4946 2458 5000 sine
2496 4945 2658 5016 culpa
2681 4946 2814 5001 vixit
2845 4946 2900 5000 in
2931 4946 3161 5012 mundo,
3196 4946 3321 5001 ideo
3350 4945 3731 5015 immaculata,

2104 5041 2235 5095 Nata
2266 5038 2490 5110 quidem
2527 5048 2611 5092 est
2649 5039 2717 5094 de
2767 5039 3007 5093 humana
3031 5054 3219 5105 carne,
3250 5038 3348 5092 sed
3376 5038 3498 5094 sine
3526 5042 3734 5095 condi-

2108 5130 2256 5186 tione
2288 5128 2706 5200 prOpagationis
2755 5128 3037 5194 humanae,
3089 5125 3219 5182 ideo
3244 5127 3617 5184 immaculata.
3668 5130 3735 5186 Et

2109 5221 2231 5276 sine
2264 5220 2384 5277 viro
2410 5220 2478 5276 de
2504 5226 2695 5275 sancta
2720 5219 2947 5294 Virgine
2979 5227 3268 5291 concepta,
3297 5220 3425 5275 ideo
3447 5221 3729 5278 immacu-

2106 5395 2189 5445 est
2221 5405 2332 5446 non
2383 5388 2502 5443 solo
2535 5388 2807 5459 corporali
2841 5394 2895 5442 et
2938 5394 3165 5443 externo
3205 5387 3315 5442 ritu
3351 5387 3627 5444 immolari
3669 5401 3733 5444 ut

2104 5462 2345 5532 reliquas
2375 5460 2625 5515 carnales
2657 5459 2887 5521 hostias.
2920 5460 3014 5532 sed
3055 5460 3239 5514 inesse
3272 5459 3347 5512 illi
3403 5461 3515 5532 vim
3548 5461 3728 5530 spiri-

2103 5530 2301 5587 tualem
2335 5539 2391 5587 et
2418 5532 2657 5585 divinam
2687 5547 2791 5585 nec
2826 5530 3121 5587 sacriﬁcari
3163 5546 3360 5601 corpus
3401 5530 3602 5587 Christi
3633 5549 3730 5585 ex-

2103 5611 2256 5660 terna
2286 5603 2480 5673 specie
2509 5602 2710 5665 carnis,
2746 5609 2851 5658 etc.
