3912 6044
109 5399 134 5436 )1

165 303 306 357 1065

1293 297 1631 354 EXPOSITIO
1671 298 1736 353 IN
1779 297 2082 354 CANONEM
2121 296 2356 353 MlSS/E.

3353 294 3492 354 1066

164 430 287 484 lata.
323 427 412 481 Est
435 434 706 514 concepta
733 427 852 482 sine
904 425 1146 482 humano
1191 440 1383 496 opere,
1413 425 1528 482 sola
1567 426 1771 481 virtute
1801 435 1851 500 Α
1874 425 2136 496 reSpicias
2167 433 2223 482 et
2253 432 2482 496 accepta
2511 425 2736 493 habeas,
2786 425 2914 481 ideo
2961 425 3092 496 quia
3123 431 3371 482 sanctum
3403 441 3494 482 sa-

163 520 366 576 divina.
402 520 526 575 ideo
559 519 926 574 immaculata.
977 518 1093 573 Non
1143 517 1292 574 enim
1338 523 1519 589 potest
1557 518 1772 573 initium
1877 517 2144 574 criﬁcium
2169 526 2300 574 sunt
2328 525 2383 574 et
2413 518 2760 574 immaculata
2785 517 2987 583 hostia,
3043 523 3125 585 ut,
3154 517 3248 589 qui
3279 517 3350 573 de
3377 534 3498 574 me-

165 608 366 662 habere
399 607 679 678 culpabile
706 622 848 678 opus
881 607 1028 678 quod
1059 607 1211 662 solus
1244 607 1386 661 Deus
1423 605 1552 661 fecit
1584 613 1640 661 et
1669 622 1778 662 non

1879 608 1984 663 rito
2014 615 2202 664 nostro
2234 605 2556 675 difﬁdimus,
2598 607 2882 678 majestate
2923 605 3060 660 tanti
3115 604 3368 662 sacriﬁcii
3397 607 3494 662 ad-

164 699 323 764 alius,
373 699 498 755 ideo
539 699 905 754 immaculata.
950 699 1198 753 Hominis
1227 699 1376 753 enim
1404 697 1644 766 initium,
1685 699 1780 770 qui
1875 695 2150 764 juvemur.
2188 693 2291 750 Cur
2336 703 2518 750 autem
2569 709 2789 750 oramus
2825 693 3034 748 Patrem
3094 693 3394 765 prOpitium
3439 700 3496 750 et

161 792 284 848 sine
301 791 1050 859 humanaadministratione,
1069 792 1188 848 solo
1221 792 1332 848 Deo
1363 797 1584 848 auctore
1609 808 1772 848 crea—

163 891 250 940 tus
277 892 362 940 est
393 883 666 956 (quamvis
695 884 764 938 de
800 899 980 938 massa
1039 883 1367 954 peccatrice)
1421 899 1533 939 non
1583 900 1780 954 possu-

165 989 288 1027 mus
317 973 562 1044 culpare,
595 972 701 1027 nisi
733 972 843 1028 Deo
889 978 1173 1043 peccatum
1218 971 1453 1027 velimus
1481 973 1779 1040 ascribere,

167 1063 292 1118 ideo
329 1061 699 1117 immaculata.
741 1062 945 1118 Tamen
973 1063 1042 1118 de
1075 1079 1212 1134 pura
1250 1063 1320 1118 ab
1361 1063 1512 1118 omni
1553 1071 1780 1134 peccato

165 1149 400 1224 virgine,
454 1151 700 1206 creditur
727 1159 1031 1221 conceptus
1059 1158 1114 1206 et
1153 1156 1333 1218 natus,
1367 1150 1494 1206 ideo
1523 1151 1785 1207 immacu-

167 1243 294 1297 lata.
352 1243 426 1296 Ex
475 1259 585 1315 quo
649 1243 794 1298 enim
849 1244 1098 1320 angelica
1169 1245 1500 1302 salutatione
1539 1245 1782 1302 audivit:

168 1334 364 1389 Gratia
383 1335 546 1404 plena
571 1336 718 1403 (Luc.
773 1336 827 1407 1),
877 1335 1124 1392 creditur
1148 1335 1436 1407 puriﬁcata
1471 1336 1580 1393 ﬁde
1617 1337 1781 1394 etiam

169 1422 439 1494 reliquum
467 1424 616 1491 vitae,
647 1423 880 1480 custode
931 1425 1134 1496 Spiritu
1164 1431 1376 1494 sancto,
1419 1426 1621 1481 vixisse
1663 1427 1786 1482 sine

167 1515 318 1568 omni
349 1515 516 1586 culpa
547 1515 642 1586 (4).
677 1514 757 1570 Ab
777 1516 1147 1572 .immaculata
1164 1532 1297 1593 ergo
1321 1525 1538 1588 sumpta
1573 1525 1656 1574 est
1673 1520 1790 1576 haec

167 1605 368 1672 hostia,
413 1604 540 1662 ideo
568 1613 623 1662 et
654 1607 772 1678 ipsa
803 1608 1170 1664 immaculata.
1206 1609 1268 1664 Et
1307 1610 1408 1665 hoc
1448 1611 1568 1666 loco
1599 1611 1793 1667 admo—

1881 801 2136 842 serenum
2171 802 2294 843 esse
2329 801 2497 858 super
2538 785 2804 855 hostiam,
2842 792 2898 842 et
2933 801 3054 842 eam
3083 792 3360 858 acceptam
3393 787 3496 841 ha-
3575 803 3578 806 ’

1885 875 2040 944 bere,
2081 891 2190 948 qua
2237 874 2375 930 nihil
2406 874 2574 930 habet
2617 875 2919 946 acceptius,
2964 881 3020 932 et
3055 891 3218 948 quam
3275 891 3499 948 semper

1882 967 2155 1040 propitius
2183 976 2239 1024 et
2291 983 2522 1024 serenus
2561 968 2826 1041 respicit?
2881 969 3016 1024 Inde
3052 969 3200 1025 enim
3231 970 3494 1042 scriptum

1883 1069 2002 1119 est:
2030 1065 2130 1118 Hic
2168 1068 2247 1119 est
2277 1063 2450 1118 Filius
2499 1079 2648 1118 meus
2677 1063 2924 1132 dilectus,
2954 1066 3018 1119 in
3067 1081 3176 1136 quo
3194 1065 3332 1120 mihi
3373 1066 3498 1122 bene

1887 1153 2187 1223 complacui
2216 1151 2426 1222 (Matth.
2463 1151 2564 1224 in).
2597 1152 2703 1207 Sed
2733 1152 2802 1208 ad
2835 1151 3135 1209 offerentes
3164 1159 3248 1210 est
3283 1155 3390 1211 hoc
3410 1170 3498 1210 re-

1887 1238 2203 1308 ferendum,
2256 1248 2336 1309 ut,
2381 1240 2475 1312 qui
2523 1255 2622 1311 pro
2670 1241 2912 1312 peccatis
2941 1248 3213 1298 terrentur
3238 1249 3294 1298 et
3340 1243 3412 1298 de
3437 1259 3500 1300 se

1885 1331 2164 1401 difﬁdunt,
2194 1332 2437 1390 hostiam
2470 1333 2868 1402 acceptabilem
2901 1334 3012 1389 sibi
3040 1335 3408 1407 praetendant,
3441 1342 3502 1391 ut

1887 1423 2008 1492 ejus
2036 1432 2192 1481 scuto
2222 1439 2282 1479 se
2311 1430 2686 1498 protegentes,
2718 1424 2821 1479 sub
2851 1440 2918 1480 ea
2953 1426 3253 1497 propitium
3279 1426 3385 1481 sibi
3410 1425 3504 1482 Pa-

1889 1523 2027 1570 trem
2060 1530 2432 1587 serenumque
2460 1514 2784 1586 deposcant,
2817 1521 2872 1570 et
2901 1515 2954 1571 ei
2983 1532 3044 1572 se
3068 1523 3325 1588 acceptos
3355 1517 3503 1572 desi-

1894 1603 2090 1659 derent
2108 1604 2211 1658 sub
2237 1620 2304 1659 ea
2324 1619 2488 1676 quam
2517 1619 2800 1676 nunquam
2830 1619 2942 1660 non
2967 1605 3364 1678 acceptabilem
3391 1606 3503 1662 du-

170 1712 368 1752 nemur
399 1698 547 1769 quod
575 1697 733 1769 panis
763 1699 1050 1770 appositus
1071 1699 1226 1756 altari
1258 1700 1424 1756 debet
1446 1717 1569 1756 esse
1597 1703 1790 1758 candi-

1903 1692 2096 1760 bitant,
2121 1701 2182 1747 ut
2207 1692 2300 1765 qui
2331 1693 2475 1748 Patri
2515 1709 2618 1765 per
2656 1691 2874 1764 seipsos
2904 1710 3016 1750 non
3047 1694 3255 1751 audent
3285 1693 3506 1762 offerre,

167 1766 455 1854 dissimus,
495 1766 656 1842 et-in
689 1766 977 1859 quo-nulla
1001 1789 1179 1860 possit
1225 1789 1424 1860 inspici
1455 1791 1694 1859 macula,
1732 1766 1866 1847 utB
1893 1797 1964 1836 ne
2001 1780 2162 1836 malis
2217 1780 2455 1848 irritent,
2514 1781 2777 1838 dilectum
2827 1783 3020 1840 Filium
3059 1792 3400 1858 proponant,
3447 1789 3509 1839 ut

167 1877 272 1933 hoc
287 1885 553 1950 appareat
584 1878 828 1954 inﬁgura
852 1881 1002 1951 quod
1017 1880 1428 1950 praedicaturde
1455 1882 1788 1950 substantia,

167 1975 230 2022 ut
265 1983 400 2037 pura
430 1974 484 2022 et
513 1967 864 2024 immaculata
893 1971 1146 2026 videatur
1177 1971 1420 2027 exterius
1467 1971 1663 2046 ﬁgura,
1693 1990 1792 2028 cu-

165 2055 259 2123 jus
307 2056 620 2112 substantia
676 2057 876 2114 dicitur
947 2059 1182 2115 interius
1235 2076 1372 2131 pura
1413 2070 1468 2117 et
1525 2062 1794 2119 immacu-

175 2147 300 2200 lata.

243 2248 443 2302 Panem
471 2251 599 2304 vitm
627 2253 856 2305 (sternte.
901 2250 1030 2305 Cum
1063 2266 1263 2322 panem
1303 2251 1480 2320 audis,
1523 2269 1593 2308 ne
1633 2261 1794 2324 putes

175 2351 298 2390 esse
328 2337 420 2408 qui
451 2337 633 2394 fuerat
671 2345 798 2394 ante
847 2337 1324 2407 benedictionem,
1385 2356 1456 2395 ne
1497 2339 1794 2412 decipiaris

175 2435 384 2482 mutata
433 2428 762 2485 substantia.
791 2429 950 2485 Prius
980 2437 1098 2486 erat
1135 2431 1321 2502 panis,
1361 2431 1528 2488 modo
1559 2447 1670 2486 non
1712 2441 1794 2488 est

175 2515 356 2585 panis,
390 2516 488 2571 sed
518 2518 635 2574 sola
664 2533 810 2573 caro.
845 2517 954 2574 Sed
984 2534 1183 2590 panem
1213 2519 1369 2585 dixit,
1391 2519 1552 2590 quasi
1585 2520 1794 2577 diceret

175 2607 387 2674 cibum,
427 2608 570 2663 sicut
621 2609 884 2680 scriptum
939 2617 1056 2666 est:
1108 2613 1222 2679 Ego
1275 2627 1394 2666 sum
1423 2613 1590 2682 panis
1639 2614 1795 2667 vivus

177 2699 388 2767 (Matth.
423 2703 518 2767 Vl).
561 2698 644 2767 Et,
669 2715 866 2770 panem
920 2701 1231 2769 angelorum
1265 2702 1621 2758 manducavit
1645 2703 1796 2758 homo

179 2787 350 2854 (Psal.
386 2787 601 2859 Lxxvu).
639 2787 924 2853 Quomodo
964 2796 1048 2844 est
1076 2789 1238 2860 panis
1259 2789 1382 2844 vitae
1413 2796 1658 2858 aeternae,
1699 2791 1794 2862 qui

177 2882 415 2937 sumitur
471 2884 720 2938 amultis
765 2885 834 2938 ad
893 2884 1360 2940 damnationem?
1415 2885 1584 2955 Hujus
1636 2886 1797 2956 panis

177 2972 372 3039 virtus,
401 2974 534 3042 ﬁdes
563 2979 661 3041 est,
687 2989 914 3045 quwper
927 2975 1268 3030 dilectionem
1289 2975 1696 3046 operatur-(Gal.
1718 2975 1795 3044 v.)

183 3060 272 3116 Est
307 3061 456 3116 enim
499 3068 553 3116 et
591 3064 749 3133 panis
777 3063 1099 3134 mysterium
1142 3062 1296 3130 ﬁdei,
1341 3063 1484 3118 sicut
1515 3064 1584 3119 de
1623 3064 1795 3120 calice

179 3151 384 3206 dictum
415 3159 522 3207 est.
563 3152 828 3225 Sumptus
884 3169 1016 3228 ergo
1053 3154 1174 3209 sine
1214 3153 1344 3221 ﬁde,
1387 3170 1498 3210 non
1555 3155 1790 3227 proﬁcit.

84 3282 86 3286 τ
182 3241 312 3295 Nam
337 3241 383 3296 si
415 3243 508 3297 hic
535 3243 693 3314 panis
723 3249 806 3298 est
835 3245 1155 3314 mysterium
1197 3241 1350 3312 ﬁdei,
1393 3244 1448 3298 id
1491 3253 1576 3300 est
1605 3245 1796 3301 occul-

185 3341 322 3393 tum,
356 3331 506 3402 quod
533 3332 652 3386 sola
681 3331 924 3386 cernitur
946 3331 1076 3397 ﬁde,
1109 3333 1244 3403 quid
1275 3333 1506 3402 prodest
1533 3333 1653 3388 sine
1685 3333 1796 3388 ﬁde

182 3423 490 3494 sumiquod
516 3423 636 3478 sine
663 3422 769 3478 ﬁde
783 3439 894 3480 non
912 3423 1202 3480 cernitur?
1231 3423 1458 3479 Oculum
1487 3425 1796 3495 perdidisti,

184 3515 318 3586 quid
339 3530 488 3570 caeco
513 3521 746 3586 prosunt
774 3515 831 3569 in
863 3531 988 3570 arca
1007 3515 1258 3570 divitiae?
1289 3515 1428 3579 Quid
1457 3517 1682 3586 prodest
1709 3517 1797 3572 di-

185 3603 348 3658 vitias
387 3604 642 3658 humanae
671 3602 1073 3674 redemptionis
1111 3604 1167 3658 in
1207 3610 1260 3659 te
1290 3605 1618 3672 recondere,
1665 3620 1802 3676 quas

186 3711 300 3752 non
331 3696 488 3752 vides
517 3697 676 3752 oculo
707 3696 840 3752 ﬁdei
888 3696 1148 3769 perdito?
1186 3698 1344 3753 Unde
1381 3699 1652 3770 scriptum
1683 3707 1795 3754 est:

185 3790 294 3856 Qui
337 3791 628 3845 manducat
662 3793 712 3844 et
742 3790 875 3844 bibit
901 3805 1092 3860 corpus
1137 3794 1187 3845 et
1217 3793 1534 3859 sanguinem
1589 3792 1802 3846 Domini

181 3884 433 3951 indigne,
458 3884 730 3954 judicium
757 3887 863 3941 sibi
897 3886 1192 3941 manducat
1219 3889 1269 3940 et
1291 3886 1423 3940 bibit
1462 3887 1510 3956 (Ι
1535 3886 1653 3942 Cor.
1688 3886 1796 3954 xv).

185 3975 318 4030 Nam
347 3975 440 4030 ille
479 3977 776 4034 manducat
815 3977 1042 4052 indigne
1085 3978 1178 4050 qui
1211 3977 1508 4032 manducat
1549 3977 1668 4032 sine
1692 3976 1801 4032 ﬁde

186 4083 314 4138 quas
343 4083 442 4138 per
485 4067 837 4126 dilectionem
887 4076 1168 4140 cperatur.
1198 4069 1290 4124 Est
1341 4085 1473 4143 ergo
1521 4068 1612 4124 hic
1642 4069 1801 4140 panis

187 4156 317 4210 vitae
357 4161 600 4225 aeternae,
656 4171 766 4212 non
818 4157 884 4211 iis
923 4157 1148 4228 quidem
1177 4157 1272 4228 qui
1320 4163 1530 4212 tantum
1582 4172 1680 4211 ore
1719 4173 1808 4210 su-

192 4258 378 4316 munt,
410 4250 508 4304 sed
548 4248 619 4304 iis
649 4249 742 4321 qui
787 4250 952 4304 etiam
993 4259 1202 4316 mente,
1255 4265 1364 4306 non
1413 4251 1506 4322 qui
1549 4257 1808 4321 premunt

194 4337 386 4402 dente,
418 4339 516 4393 sed
566 4338 661 4410 qui
697 4345 928 4412 tangunt
973 4337 1102 4394 ﬁde.
1155 4339 1310 4394 Unde
1367 4340 1631 4411 scriptum
1693 4346 1806 4394 est:

1818 3108 1868 3176 C

1891 1872 2149 1940 subeant,
2184 1879 2240 1928 et
2267 1871 2366 1926 sub
2399 1872 2520 1942 ejus
2553 1873 2725 1930 tutela
2769 1882 2898 1932 ante
2929 1884 3287 1950 conspectum
3332 1877 3508 1934 Patris

1893 1963 2190 2019 introeant.
2224 1961 2454 2017 Oramus
2488 1977 2622 2038 ergo
2675 1971 2737 2019 ut
2786 1965 3141 2036 acceptabilis
3177 1967 3297 2023 haec
3325 1966 3506 2022 hostia

1893 2054 1986 2123 sit,
2017 2054 2342 2126 placeatque
2372 2069 2474 2125 pro
2515 2054 2698 2124 nobis,
2745 2061 2824 2124 ut,
2873 2071 2998 2113 cum
3038 2055 3320 2114 offerimus
3355 2057 3502 2130 quod

1894 2147 2095 2218 placet,
2125 2146 2375 2218 placetur
2412 2145 2573 2202 nobis
2607 2147 2772 2203 Deus.
2809 2147 2965 2204 Unde
3004 2154 3060 2205 et
3097 2149 3347 2221 exempla
3375 2164 3502 2205 san-

1893 2242 2106 2292 ctorum
2134 2234 2474 2290 adhibentur
2507 2235 2638 2290 Abel
2687 2235 2843 2304 justi,
2875 2237 3196 2309 patriarchas
3253 2237 3504 2306 Abrahae,

1893 2327 2092 2382 summi
2121 2326 2426 2383 sacerdotis
2455 2326 2882 2394 Melchisedech,
2905 2335 2985 2394 ut,
3017 2329 3160 2386 sicut
3186 2345 3378 2386 eorum
3409 2345 3506 2386 sa-

1892 2417 2100 2475 criﬁcia
2116 2417 2264 2474 Deus
2292 2417 2614 2488 acceptavit,
2637 2418 2720 2474 eis
2747 2419 3121 2490 propitiando,
3144 2421 3221 2476 ita
3237 2421 3505 2494 suscipiat

1893 2511 2133 2567 hostiam
2165 2511 2328 2577 hanc,
2371 2509 2542 2566 nostri
2573 2509 2911 2571 miserando.
2967 2512 3372 2570 Melchisedech
3419 2531 3506 2570 sa-

1896 2605 2096 2662 cerdos
2119 2620 2368 2660 summus
2397 2603 2616 2672 dicitur,
2674 2607 2769 2678 qui
2809 2606 2954 2664 inter
2993 2607 3310 2666 sacerdotes
3360 2609 3508 2666 illius

1895 2697 2161 2768 temporis
2199 2693 2520 2752 habebatur.

1964 2788 2242 2859 Supplices
2269 2795 2319 2844 te
2346 2805 2621 2860 rogamus,
2661 2797 2718 2846 et
2769 2805 2946 2862 usque
2998 2791 3202 2848 divina:
3235 2793 3510 2863 majestati

1897 2886 2023 2937 tua.
2051 2881 2116 2936 Et
2159 2881 2250 2936 hic
2279 2882 2475 2936 mirum
2526 2887 2608 2936 est
2647 2883 2926 2952 quomodo
2957 2898 3180 2940 oramus
3216 2899 3418 2956 corpus
3454 2891 3509 2940 et

1896 2974 2222 3045 sanguinem
2276 2973 2492 3029 Domini
2523 2975 2578 3029 in
2609 2981 2914 3046 conspectu
2955 2976 3048 3031 Dei
3087 2975 3342 3048 perferri,
3383 2993 3507 3033 cum

1896 3067 2161 3138 scriptum
2215 3067 2315 3123 sit:
2366 3068 2496 3140 quia
2539 3067 2788 3125 Christus
2829 3085 3036 3140 semper
3072 3073 3286 3126 assistit
3331 3073 3512 3127 vultui

1895 3161 2093 3225 Patris,
2124 3160 2475 3230 interpellans
2509 3161 2674 3214 Deum
2691 3175 2796 3230 pro
2822 3161 2978 3216 nobis
3007 3161 3161 3233 (Heb.
3202 3162 3322 3230 vn),
3355 3167 3410 3216 et
3430 3161 3510 3215 le-

1895 3247 2074 3322 gimus
2104 3247 2232 3320 quia
2291 3246 2556 3315 Christus,
2597 3248 2910 3304 ascendens
2962 3249 3029 3304 ad
3077 3251 3304 3318 coelum,
3348 3267 3515 3322 super

1897 3339 2080 3392 omnia
2099 3339 2375 3394 exaltatus
2389 3338 2686 3403 est,sedens
2705 3339 2782 3392 ad
2804 3339 3076 3394 derteram
3100 3342 3284 3395 Patris
3314 3340 3510 3410 (Marc.

1899 3429 2028 3498 xvi).
2065 3426 2352 3492 Quomodo
2392 3441 2529 3500 ergo
2558 3427 2791 3497 perferri
2832 3443 3054 3484 oramus
3102 3428 3374 3492 Christum
3414 3431 3514 3485 ubi

1899 3532 2122 3588 semper
2149 3515 2276 3571 est?
2301 3515 2410 3570 Sed
2437 3516 2696 3586 superius
2725 3515 2936 3571 vultum
2994 3517 3172 3574 Patris
3212 3518 3513 3589 propitium

1901 3626 1966 3666 ac
1993 3626 2253 3667 serenum
2279 3609 2396 3664 ﬁeri
2424 3625 2590 3680 super
2620 3610 2850 3666 hostiam
2882 3610 3000 3666 Filii
3031 3612 3382 3684 rogabamus,
3402 3627 3515 3668 non

1901 3701 2051 3772 quod
2082 3699 2216 3755 Filio
2243 3714 2341 3754 suo
2398 3699 2560 3754 Pater
2598 3699 2772 3770 possit
2827 3715 2952 3755 esse
2990 3715 3240 3764 severus,
3282 3701 3381 3756 sed
3411 3700 3516 3756 sub

1901 3792 2192 3848 occasione
2220 3791 2359 3856 Filii,
2400 3790 2573 3846 Patris
2614 3790 3008 3862 pr0pitiatione
3047 3806 3150 3848 nos
3178 3790 3516 3864 ingeramus,

1901 3887 1962 3936 ut
1993 3895 2094 3952 pro
2137 3895 2324 3936 amore
2356 3879 2474 3934 Filii
2529 3879 2854 3935 misereatur
2893 3880 3086 3946 nostri,
3145 3887 3200 3936 et
3237 3881 3393 3952 quasi
3439 3881 3522 3936 Fi-

1901 3972 2044 4027 lium
2075 3970 2456 4043 parvipendat,
2485 3969 2529 4024 si
2562 3985 2662 4041 pro
2693 3985 2760 4024 eo
2789 3985 2894 4026 nos
2925 3985 3036 4026 non
3081 3971 3330 4044 recipiat.
3358 3972 3436 4027 Ita
3465 3981 3521 4027 ct

1905 4064 2017 4130 hic,
2048 4077 2302 4134 rogamus
2341 4061 2485 4116 Patri
2541 4060 2767 4134 perferri
2798 4059 3021 4131 Filium,
3053 4062 3148 4134 qui
3188 4079 3410 4134 semper
3437 4069 3522 4119 est

1905 4154 2054 4227 apud
2083 4170 2206 4210 eum
2245 4168 2344 4224 pro
2375 4152 2556 4218 nobis,
2582 4160 2655 4207 .ut
2692 4161 2878 4208 votum
2923 4154 3144 4210 devotio
3176 4161 3380 4224 nostra,
3423 4171 3525 4226 per

1906 4249 2102 4304 Filium
2134 4249 2320 4304 veniat
2349 4247 2416 4302 ad
2473 4247 2710 4314 Patrem,
2742 4254 2802 4302 ut
2849 4247 3053 4303 virtute
3087 4249 3220 4303 tanti
3268 4247 3524 4304 sacriﬁcii

1909 4344 2033 4394 vota
2059 4344 2248 4392 nostra
2279 4335 2625 4406 proferantur
2653 4342 2786 4390 ante
2816 4343 3182 4406 conspectum
3217 4337 3335 4400 Dei,
3369 4337 3526 4408 quasi

197 4427 324 4483 Noli
364 4442 448 4480 me
474 4431 712 4495 tangere,
761 4427 995 4482 nondum
1021 4429 1164 4482 enim
1223 4429 1444 4484 ascendi
1485 4429 1560 4483 ad
1597 4431 1811 4484 Patrem
1837 4425 1888 4493 D
1915 4430 2086 4484 Filius
2122 4429 2190 4483 ad
2221 4429 2435 4482 Patrem
2469 4443 2581 4484 non
2633 4427 2910 4493 ascendat,
2973 4427 3019 4481 si
3061 4427 3283 4484 devotio
3341 4435 3526 4484 nostra

196 4517 572 4582 meum(Joan.
627 4519 731 4580 xx).
774 4517 848 4571 Ac
885 4515 930 4570 si
960 4515 1198 4570 diceret:
1260 4516 1353 4570 Vis
1409 4533 1496 4571 me
1552 4517 1811 4573 manibus

203 4612 453 4676 tangere,
481 4603 565 4658 vis
593 4619 683 4658 me
709 4603 1067 4674 corporaliter
1097 4609 1350 4679 tangere,
1383 4619 1492 4658 non
1518 4604 1619 4672 sic,
1645 4605 1810 4661 ﬁdem

203 4701 350 4746 tuam
406 4691 549 4748 volo.
603 4693 734 4747 Fide
779 4707 868 4747 me
902 4701 1088 4766 tange,
1139 4693 1305 4748 crede
1351 4693 1418 4748 ad
1465 4693 1676 4748 Patrem
1725 4711 1814 4750 me

204 4783 548 4851 ascendisse,
578 4783 632 4838 id
659 4790 742 4839 est
779 4799 868 4838 me
899 4799 1023 4838 esse
1055 4785 1325 4856 aequalem
1355 4783 1518 4839 Patri.

279 4887 364 4952 Et,
415 4885 632 4940 calicem
677 4885 872 4940 salutis
919 4892 1216 4954 perpetuat.
1261 4883 1416 4948 Quod
1467 4884 1710 4940 diximus
1747 4887 1816 4942 de

212 4991 378 5047 pane,
412 4977 558 5030 idem
593 4982 774 5048 potest
811 4974 921 5030 dici
981 4975 1052 5032 de
1081 4975 1276 5032 calice.
1325 4975 1387 5030 Et
1427 4975 1578 5046 quod
1609 4977 1817 5033 dictum

208 5071 293 5119 est
322 5064 448 5120 vita:
488 5070 726 5130 teterntae,
759 5071 814 5118 et
841 5064 1036 5119 salutis
1066 5069 1365 5136 perpetuae.

282 5157 465 5227 Supra
503 5172 644 5228 qua,
669 5162 774 5212 etc.
804 5169 981 5227 usque
1007 5157 1410 5212 immaculatam
1441 5157 1686 5214 hostiam.
1731 5159 1821 5213 Fi-

215 5237 302 5301 nis
334 5248 558 5320 respicit
582 5247 651 5304 ad
677 5247 1030 5320 principium.
1075 5247 1249 5318 Supra
1278 5264 1421 5318 quae,
1449 5249 1658 5305 scilicet
1686 5266 1820 5305 san-

217 5347 362 5393 ctum
407 5337 760 5406 sacriﬁcium,
816 5337 1220 5392 immaculatam
1267 5338 1500 5393 hostiam
1550 5341 1824 5410 respicere

219 5430 468 5504 digneris
498 5439 554 5486 et
581 5438 808 5502 accepta
833 5429 1065 5498 habere,
1087 5445 1150 5485 ac
1169 5429 1214 5484 si
1236 5429 1475 5484 diceret:
1508 5429 1683 5502 Supra
1704 5450 1828 5504 quae

293 5559 369 5634 (4)
405 5560 572 5638 Caute
602 5561 746 5638 lege,
778 5577 911 5638 _nam
942 5561 1192 5638 _Deipara
1221 5565 1350 5638 ante
1387 5576 1539 5615 suam
1581 5563 1836 5638 nativita—

224 5631 335 5706 tem
354 5631 572 5706 adepta
619 5631 706 5689 est
728 5633 909 5689 adhuc
940 5632 997 5686 in
1027 5631 1201 5706 utero
1218 5631 1458 5687 existens
1477 5647 1596 5688 eam
1633 5635 1837 5690 sancti-

223 5702 562 5772 ﬁcatione'm,
593 5711 654 5760 ut
698 5719 977 5775 nunquam
1005 5702 1294 5760 actualiter
1324 5711 1590 5774 peccaret,
1623 5707 1836 5763 tametsi

556 5839 854 5903 PATROL.
911 5835 1105 5898 CLX.

1913 4518 2044 4576 illuc
2073 4536 2186 4576 non
2224 4519 2532 4591 perveniat.
2572 4518 2683 4572 ’l‘ali
2735 4518 2947 4574 ratione
2977 4533 3256 4592 rogamus,
3289 4525 3349 4575 ut
3386 4519 3527 4576 sicut

1916 4611 2162 4668 Christus
2191 4618 2316 4666 ante
2338 4610 2640 4680 discipulos
2668 4625 2700 4664 a
2727 4615 2871 4664 terra
2890 4609 3186 4665 translatus
3224 4618 3308 4666 est
3338 4611 3392 4666 in
3415 4627 3529 4666 cm-

1915 4701 2055 4768 lum,
2087 4707 2142 4756 et
2170 4699 2343 4754 factus
2370 4698 2667 4754 invisibilis
2696 4697 2753 4752 in
2782 4704 3085 4770 conspectu
3109 4699 3305 4771 ipsius,
3339 4708 3531 4770 postea

1918 4793 2188 4848 missurus
2227 4791 2404 4846 sancti
2431 4789 2670 4862 Spiritus
2699 4789 2928 4858 donum,
2959 4790 3030 4846 ita
3073 4790 3252 4846 hostia
3291 4791 3428 4860 haec,
3461 4791 3530 4846 ab

1917 4884 2074 4939 altari
2099 4891 2346 4951 terreno,
2375 4898 2545 4953 super
2575 4882 2724 4954 quod
2754 4880 3089 4949 immolatur,
3141 4882 3198 4936 in
3244 4883 3412 4940 altare
3440 4900 3532 4938 su-
3557 4944 3561 4953 ι

1917 4975 2088 5030 blime
2140 4980 2268 5030 ante
2309 4980 2667 5046 conspectum
2718 4973 2815 5028 Dei
2862 4972 3244 5042 transferatur,
3283 4983 3346 5030 ut
3403 4973 3534 5028 inde

1922 5064 2074 5120 omni
2103 5063 2500 5118 benedictione
2529 5063 2741 5118 caelesti
2771 5069 2822 5119 et
2876 5063 3054 5138 gratia
3082 5063 3414 5134 repleamur,
3453 5071 3534 5129 ut,

1923 5170 2046 5227 quas
2074 5153 2368 5209 visibiliter
2397 5159 2660 5210 tractatur
2711 5155 2766 5208 in
2809 5162 2973 5223 terra,
3011 5153 3363 5210 invisibiliter
3391 5169 3534 5226 0pc-

1926 5252 2078 5300 retur
2107 5245 2162 5298 in
2192 5244 2356 5300 ccnlo.
2377 5243 2476 5298 llic
2504 5244 2710 5312 oblata,
2742 5243 2818 5298 ibi
2850 5251 3094 5316 accepta,
3128 5259 3240 5300 non
3272 5245 3537 5300 mutatio-

1929 5358 2000 5397 ne
2029 5341 2161 5406 loci,
2195 5342 2280 5396 vel
2311 5341 2578 5412 temporis
2593 5357 2843 5406 accessu,
2877 5347 2937 5396 ut
2959 5349 3178 5412 emptus
3206 5341 3274 5394 ab
3297 5341 3401 5396 hoc
3421 5340 3542 5396 loco

1931 5433 2309 5489 translationis
2334 5441 2517 5490 motus
2547 5434 2616 5488 ad
2667 5434 2833 5489 alium
2888 5441 3079 5504 postea
3109 5431 3424 5504 perﬁciatur
3461 5434 3546 5488 lo-

1938 5564 2319 5636 incarnatione
2374 5563 2537 5620 Verbi
2563 5571 2866 5636 consecuta
2894 5563 3058 5620 fuerit
3085 5563 3399 5636 uberiorem
3422 5578 3548 5636 gra-

1939 5635 2518 5762 t‘iaasreélgndantiam.
2562 5636 2696 5691 Vide
2725 5636 2782 5690 S.
2814 5635 3003 5698 Thom.
3039 5653 3120 5705 ιιι,
3153 5653 3206 5707 p.
3238 5652 3294 5706 q.
3323 5635 3546 5702 ἴδει-ι.

1981 5751 1995 5762 .
2083 5722 2113 5761 a
2212 5751 2222 5761 .
3389 5731 3413 5746 κ

3062 5839 3141 5904 34
3199 5919 3208 5924 .
