  <div class='ocr_page' id='page_1' title='image "/cluster/home/n/w/nwhite01/storage/ocr_20150623/160/hvd.32044054760186/539.png"; bbox 0 0 3920 6054; ppageno 0'>
   <div class='ocr_carea' id='block_1_1' title="bbox 407 274 538 329">
    <p class='ocr_par' dir='ltr' id='par_1_1' title="bbox 407 274 538 329">
     <span class='ocr_line' id='line_1_1' title="bbox 407 274 538 329; baseline -0.031 0"><span class='ocrx_word' id='word_1_1' title='bbox 407 278 426 329; x_wconf 93' lang='grc'>1</span> <span class='ocrx_word' id='word_1_2' title='bbox 437 274 538 326; x_wconf 81' lang='lat'><strong>067</strong></span> 
     </span>
    </p>
   </div>
   <div class='ocr_carea' id='block_1_2' title="bbox 1622 262 2492 321">
    <p class='ocr_par' dir='ltr' id='par_1_2' title="bbox 1622 262 2492 321">
     <span class='ocr_line' id='line_1_2' title="bbox 1622 262 2492 321; baseline -0.001 -4"><span class='ocrx_word' id='word_1_3' title='bbox 1622 267 1679 320; x_wconf 79' lang='grc' dir='ltr'><strong>Β.</strong></span> <span class='ocrx_word' id='word_1_4' title='bbox 1723 264 1958 321; x_wconf 77' lang='lat' dir='ltr'><strong>ODONIS</strong></span> <span class='ocrx_word' id='word_1_5' title='bbox 2001 262 2242 317; x_wconf 83' lang='lat' dir='ltr'><strong>CAMER.</strong></span> <span class='ocrx_word' id='word_1_6' title='bbox 2287 263 2492 317; x_wconf 84' lang='lat' dir='ltr'><strong>EPlSC.</strong></span> 
     </span>
    </p>
   </div>
   <div class='ocr_carea' id='block_1_3' title="bbox 3584 256 3734 312">
    <p class='ocr_par' dir='ltr' id='par_1_3' title="bbox 3584 256 3734 312">
     <span class='ocr_line' id='line_1_3' title="bbox 3584 256 3734 312; baseline -0.007 0"><span class='ocrx_word' id='word_1_7' title='bbox 3584 256 3734 312; x_wconf 82' lang='grc'><strong>1068</strong></span> 
     </span>
    </p>
   </div>
   <div class='ocr_carea' id='block_1_4' title="bbox 403 382 3734 456">
    <p class='ocr_par' dir='ltr' id='par_1_4' title="bbox 403 382 3734 456">
     <span class='ocr_line' id='line_1_4' title="bbox 403 382 3734 456; baseline -0.004 -9"><span class='ocrx_word' id='word_1_8' title='bbox 403 409 544 447; x_wconf 90' lang='lat' dir='ltr'><strong>cum.</strong></span> <span class='ocrx_word' id='word_1_9' title='bbox 584 389 710 453; x_wconf 89' lang='lat' dir='ltr'><strong>Sed,</strong></span> <span class='ocrx_word' id='word_1_10' title='bbox 735 386 834 439; x_wconf 90' lang='lat' dir='ltr'><strong>sub</strong></span> <span class='ocrx_word' id='word_1_11' title='bbox 864 385 1057 438; x_wconf 86' lang='lat' dir='ltr'><strong>eodem</strong></span> <span class='ocrx_word' id='word_1_12' title='bbox 1090 385 1230 447; x_wconf 90' lang='lat' dir='ltr'><strong>loco,</strong></span> <span class='ocrx_word' id='word_1_13' title='bbox 1265 384 1355 454; x_wconf 85' lang='lat' dir='ltr'><strong>qui</strong></span> <span class='ocrx_word' id='word_1_14' title='bbox 1388 385 1549 454; x_wconf 88' lang='lat' dir='ltr'><strong>panis</strong></span> <span class='ocrx_word' id='word_1_15' title='bbox 1590 393 1704 438; x_wconf 90' lang='lat' dir='ltr'><strong>erat</strong></span> <span class='ocrx_word' id='word_1_16' title='bbox 1753 386 1810 438; x_wconf 87' lang='lat' dir='ltr'><strong>fit</strong></span> <span class='ocrx_word' id='word_1_17' title='bbox 1849 384 2005 438; x_wconf 84' lang='lat' dir='ltr'><strong>Verbi</strong></span> <span class='ocrx_word' id='word_1_18' title='bbox 2029 388 2079 454; x_wconf 84' lang='grc' dir='ltr'><strong>Α</strong></span> <span class='ocrx_word' id='word_1_19' title='bbox 2110 382 2292 452; x_wconf 81' lang='lat' dir='ltr'><strong>pimus</strong></span> <span class='ocrx_word' id='word_1_20' title='bbox 2324 383 2390 436; x_wconf 80' lang='lat' dir='ltr'><strong>de</strong></span> <span class='ocrx_word' id='word_1_21' title='bbox 2421 382 2643 437; x_wconf 88' lang='lat' dir='ltr'><strong>sublimi</strong></span> <span class='ocrx_word' id='word_1_22' title='bbox 2677 384 2864 438; x_wconf 89' lang='lat' dir='ltr'><strong>Deum.</strong></span> <span class='ocrx_word' id='word_1_23' title='bbox 2903 384 3032 437; x_wconf 85' lang='lat' dir='ltr'><strong>Cum</strong></span> <span class='ocrx_word' id='word_1_24' title='bbox 3063 384 3152 437; x_wconf 91' lang='lat' dir='ltr'><strong>hic</strong></span> <span class='ocrx_word' id='word_1_25' title='bbox 3192 397 3394 452; x_wconf 91' lang='lat' dir='ltr'><strong>corpus</strong></span> <span class='ocrx_word' id='word_1_26' title='bbox 3425 391 3478 437; x_wconf 92' lang='lat' dir='ltr'><strong>et</strong></span> <span class='ocrx_word' id='word_1_27' title='bbox 3500 383 3734 456; x_wconf 86' lang='lat' dir='ltr'><strong>sangui-</strong></span> 
     </span>
    </p>
   </div>
   <div class='ocr_carea' id='block_1_5' title="bbox 402 474 2000 546">
    <p class='ocr_par' dir='ltr' id='par_1_5' title="bbox 402 474 2000 546">
     <span class='ocr_line' id='line_1_5' title="bbox 402 474 2000 546; baseline -0.006 -9"><span class='ocrx_word' id='word_1_28' title='bbox 402 498 547 537; x_wconf 90' lang='lat' dir='ltr'><strong>caro.</strong></span> <span class='ocrx_word' id='word_1_29' title='bbox 598 480 715 534; x_wconf 90' lang='lat' dir='ltr'><strong>Non</strong></span> <span class='ocrx_word' id='word_1_30' title='bbox 767 477 1092 530; x_wconf 74' lang='lat' dir='ltr'><strong>transfertur</strong></span> <span class='ocrx_word' id='word_1_31' title='bbox 1120 474 1262 540; x_wconf 89' lang='lat' dir='ltr'><strong>loco,</strong></span> <span class='ocrx_word' id='word_1_32' title='bbox 1305 483 1364 529; x_wconf 92' lang='lat' dir='ltr'><strong>ut</strong></span> <span class='ocrx_word' id='word_1_33' title='bbox 1410 475 1479 530; x_wconf 92' lang='lat' dir='ltr'><strong>de</strong></span> <span class='ocrx_word' id='word_1_34' title='bbox 1520 492 1661 546; x_wconf 89' lang='lat' dir='ltr'><strong>pane</strong></span> <span class='ocrx_word' id='word_1_35' title='bbox 1694 475 1790 530; x_wconf 87' lang='lat' dir='ltr'><strong>fiat</strong></span> <span class='ocrx_word' id='word_1_36' title='bbox 1842 491 2000 537; x_wconf 88' lang='lat' dir='ltr'><strong>caro;</strong></span> 
     </span>
    </p>
   </div>
   <div class='ocr_carea' id='block_1_6' title="bbox 399 565 2006 636">
    <p class='ocr_par' dir='ltr' id='par_1_6' title="bbox 399 565 2006 636">
     <span class='ocr_line' id='line_1_6' title="bbox 399 565 2006 636; baseline -0.006 -9"><span class='ocrx_word' id='word_1_37' title='bbox 399 570 724 627; x_wconf 81' lang='lat' dir='ltr'><strong>transfertur</strong></span> <span class='ocrx_word' id='word_1_38' title='bbox 763 574 946 621; x_wconf 90' lang='lat' dir='ltr'><strong>tamen</strong></span> <span class='ocrx_word' id='word_1_39' title='bbox 983 565 1050 619; x_wconf 94' lang='lat' dir='ltr'><strong>ab</strong></span> <span class='ocrx_word' id='word_1_40' title='bbox 1090 565 1244 619; x_wconf 84' lang='lat' dir='ltr'><strong>altari</strong></span> <span class='ocrx_word' id='word_1_41' title='bbox 1291 565 1357 618; x_wconf 90' lang='lat' dir='ltr'><strong>ad</strong></span> <span class='ocrx_word' id='word_1_42' title='bbox 1389 565 1614 631; x_wconf 74' lang='lat' dir='ltr'><strong>cmlum,</strong></span> <span class='ocrx_word' id='word_1_43' title='bbox 1643 565 1774 636; x_wconf 90' lang='lat' dir='ltr'><strong>quia</strong></span> <span class='ocrx_word' id='word_1_44' title='bbox 1827 573 2006 619; x_wconf 88' lang='lat' dir='ltr'><strong>trans-</strong></span> 
     </span>
    </p>
   </div>
   <div class='ocr_carea' id='block_1_7' title="bbox 310 656 2000 730">
    <p class='ocr_par' dir='ltr' id='par_1_7' title="bbox 310 656 2000 730">
     <span class='ocr_line' id='line_1_7' title="bbox 310 656 2000 730; baseline -0.004 -13"><span class='ocrx_word' id='word_1_45' title='bbox 310 685 320 708; x_wconf 71' lang='grc' dir='ltr'><strong>ι.</strong></span> <span class='ocrx_word' id='word_1_46' title='bbox 401 665 573 718; x_wconf 87' lang='lat' dir='ltr'><strong>fertur</strong></span> <span class='ocrx_word' id='word_1_47' title='bbox 610 661 678 714; x_wconf 90' lang='lat' dir='ltr'><strong>de</strong></span> <span class='ocrx_word' id='word_1_48' title='bbox 709 674 851 730; x_wconf 88' lang='lat' dir='ltr'><strong>pane</strong></span> <span class='ocrx_word' id='word_1_49' title='bbox 873 657 941 712; x_wconf 87' lang='lat' dir='ltr'><strong>ad</strong></span> <span class='ocrx_word' id='word_1_50' title='bbox 973 657 1164 711; x_wconf 90' lang='lat' dir='ltr'><strong>Deum.</strong></span> <span class='ocrx_word' id='word_1_51' title='bbox 1196 656 1301 710; x_wconf 86' lang='lat' dir='ltr'><strong>Sed</strong></span> <span class='ocrx_word' id='word_1_52' title='bbox 1334 657 1463 728; x_wconf 83' lang='lat' dir='ltr'><strong>quia</strong></span> <span class='ocrx_word' id='word_1_53' title='bbox 1488 657 1630 711; x_wconf 83' lang='lat' dir='ltr'><strong>Deus</strong></span> <span class='ocrx_word' id='word_1_54' title='bbox 1660 663 1741 711; x_wconf 85' lang='lat' dir='ltr'><strong>est</strong></span> <span class='ocrx_word' id='word_1_55' title='bbox 1769 656 2000 728; x_wconf 88' lang='lat' dir='ltr'><strong>ubique,</strong></span> 
     </span>
    </p>
   </div>
   <div class='ocr_carea' id='block_1_8' title="bbox 400 751 2001 824">
    <p class='ocr_par' dir='ltr' id='par_1_8' title="bbox 400 751 2001 824">
     <span class='ocr_line' id='line_1_8' title="bbox 400 751 2001 824; baseline -0.005 -12"><span class='ocrx_word' id='word_1_56' title='bbox 400 773 512 813; x_wconf 88' lang='lat' dir='ltr'><strong>non</strong></span> <span class='ocrx_word' id='word_1_57' title='bbox 543 755 601 810; x_wconf 92' lang='lat' dir='ltr'><strong>ﬁt</strong></span> <span class='ocrx_word' id='word_1_58' title='bbox 625 755 732 809; x_wconf 91' lang='lat' dir='ltr'><strong>loci</strong></span> <span class='ocrx_word' id='word_1_59' title='bbox 771 752 1096 816; x_wconf 80' lang='lat' dir='ltr'><strong>mutatione,</strong></span> <span class='ocrx_word' id='word_1_60' title='bbox 1138 757 1197 804; x_wconf 88' lang='lat' dir='ltr'><strong>ut</strong></span> <span class='ocrx_word' id='word_1_61' title='bbox 1226 751 1593 824; x_wconf 85' lang='lat' dir='ltr'><strong>conjungatur</strong></span> <span class='ocrx_word' id='word_1_62' title='bbox 1619 751 1729 805; x_wconf 92' lang='lat' dir='ltr'><strong>Deo</strong></span> <span class='ocrx_word' id='word_1_63' title='bbox 1760 751 1828 805; x_wconf 91' lang='lat' dir='ltr'><strong>de</strong></span> <span class='ocrx_word' id='word_1_64' title='bbox 1861 766 2001 820; x_wconf 87' lang='lat' dir='ltr'><strong>pane</strong></span> 
     </span>
    </p>
   </div>
   <div class='ocr_carea' id='block_1_9' title="bbox 399 843 1999 909">
    <p class='ocr_par' dir='ltr' id='par_1_9' title="bbox 399 843 1999 909">
     <span class='ocr_line' id='line_1_9' title="bbox 399 843 1999 909; baseline -0.006 -4"><span class='ocrx_word' id='word_1_65' title='bbox 399 849 541 905; x_wconf 87' lang='lat' dir='ltr'><strong>facta</strong></span> <span class='ocrx_word' id='word_1_66' title='bbox 581 861 726 902; x_wconf 88' lang='lat' dir='ltr'><strong>caro.</strong></span> <span class='ocrx_word' id='word_1_67' title='bbox 770 843 1112 899; x_wconf 80' lang='lat' dir='ltr'><strong>Transfertur</strong></span> <span class='ocrx_word' id='word_1_68' title='bbox 1141 844 1290 899; x_wconf 89' lang='lat' dir='ltr'><strong>intus</strong></span> <span class='ocrx_word' id='word_1_69' title='bbox 1324 844 1391 897; x_wconf 89' lang='lat' dir='ltr'><strong>ad</strong></span> <span class='ocrx_word' id='word_1_70' title='bbox 1434 845 1605 898; x_wconf 92' lang='lat' dir='ltr'><strong>Deum</strong></span> <span class='ocrx_word' id='word_1_71' title='bbox 1630 843 1999 909; x_wconf 86' lang='lat' dir='ltr'><strong>invisibiliter,</strong></span> 
     </span>
    </p>
   </div>
   <div class='ocr_carea' id='block_1_10' title="bbox 401 931 2003 994">
    <p class='ocr_par' dir='ltr' id='par_1_10' title="bbox 401 931 2003 994">
     <span class='ocr_line' id='line_1_10' title="bbox 401 931 2003 994; baseline -0.006 0"><span class='ocrx_word' id='word_1_72' title='bbox 401 955 504 994; x_wconf 91' lang='lat' dir='ltr'><strong>nec</strong></span> <span class='ocrx_word' id='word_1_73' title='bbox 531 944 780 993; x_wconf 82' lang='lat' dir='ltr'><strong>movetur</strong></span> <span class='ocrx_word' id='word_1_74' title='bbox 808 933 1048 990; x_wconf 87' lang='lat' dir='ltr'><strong>exterius</strong></span> <span class='ocrx_word' id='word_1_75' title='bbox 1097 931 1165 986; x_wconf 86' lang='lat' dir='ltr'><strong>ab</strong></span> <span class='ocrx_word' id='word_1_76' title='bbox 1192 932 1345 987; x_wconf 83' lang='lat' dir='ltr'><strong>altari</strong></span> <span class='ocrx_word' id='word_1_77' title='bbox 1390 932 1697 994; x_wconf 89' lang='lat' dir='ltr'><strong>visibiliter,</strong></span> <span class='ocrx_word' id='word_1_78' title='bbox 1739 931 1920 986; x_wconf 88' lang='lat' dir='ltr'><strong>oblata</strong></span> <span class='ocrx_word' id='word_1_79' title='bbox 1950 931 2003 986; x_wconf 91' lang='lat' dir='ltr'><strong>in</strong></span> 
     </span>
    </p>
   </div>
   <div class='ocr_carea' id='block_1_11' title="bbox 400 1021 2004 1094">
    <p class='ocr_par' dir='ltr' id='par_1_11' title="bbox 400 1021 2004 1094">
     <span class='ocr_line' id='line_1_11' title="bbox 400 1021 2004 1094; baseline -0.008 -8"><span class='ocrx_word' id='word_1_80' title='bbox 400 1030 555 1087; x_wconf 82' lang='lat' dir='ltr'><strong>altari</strong></span> <span class='ocrx_word' id='word_1_81' title='bbox 597 1027 891 1084; x_wconf 85' lang='lat' dir='ltr'><strong>devotione</strong></span> <span class='ocrx_word' id='word_1_82' title='bbox 940 1023 1182 1080; x_wconf 89' lang='lat' dir='ltr'><strong>hominis</strong></span> <span class='ocrx_word' id='word_1_83' title='bbox 1213 1031 1440 1094; x_wconf 88' lang='lat' dir='ltr'><strong>accepta</strong></span> <span class='ocrx_word' id='word_1_84' title='bbox 1484 1022 1541 1077; x_wconf 91' lang='lat' dir='ltr'><strong>in</strong></span> <span class='ocrx_word' id='word_1_85' title='bbox 1567 1022 1705 1077; x_wconf 86' lang='lat' dir='ltr'><strong>coelo</strong></span> <span class='ocrx_word' id='word_1_86' title='bbox 1738 1021 2004 1092; x_wconf 89' lang='lat' dir='ltr'><strong>pr0pitia—</strong></span> 
     </span>
    </p>
   </div>
   <div class='ocr_carea' id='block_1_12' title="bbox 398 1111 2004 1183">
    <p class='ocr_par' dir='ltr' id='par_1_12' title="bbox 398 1111 2004 1183">
     <span class='ocr_line' id='line_1_12' title="bbox 398 1111 2004 1183; baseline -0.006 -9"><span class='ocrx_word' id='word_1_87' title='bbox 398 1119 548 1175; x_wconf 89' lang='lat' dir='ltr'><strong>tione</strong></span> <span class='ocrx_word' id='word_1_88' title='bbox 580 1116 698 1172; x_wconf 88' lang='lat' dir='ltr'><strong>Dei.</strong></span> <span class='ocrx_word' id='word_1_89' title='bbox 721 1116 870 1170; x_wconf 90' lang='lat' dir='ltr'><strong>Tunc</strong></span> <span class='ocrx_word' id='word_1_90' title='bbox 895 1114 1041 1169; x_wconf 90' lang='lat' dir='ltr'><strong>enim</strong></span> <span class='ocrx_word' id='word_1_91' title='bbox 1067 1129 1096 1166; x_wconf 90' lang='lat' dir='ltr'><strong>a</strong></span> <span class='ocrx_word' id='word_1_92' title='bbox 1120 1112 1229 1167; x_wconf 91' lang='lat' dir='ltr'><strong>Deo</strong></span> <span class='ocrx_word' id='word_1_93' title='bbox 1245 1112 1404 1183; x_wconf 90' lang='lat' dir='ltr'><strong>quasi</strong></span> <span class='ocrx_word' id='word_1_94' title='bbox 1437 1111 2004 1183; x_wconf 89' lang='lat' dir='ltr'><strong>acceptatur,quando</strong></span> 
     </span>
    </p>
   </div>
   <div class='ocr_carea' id='block_1_13' title="bbox 400 1199 2006 1276">
    <p class='ocr_par' dir='ltr' id='par_1_13' title="bbox 400 1199 2006 1276">
     <span class='ocr_line' id='line_1_13' title="bbox 400 1199 2006 1276; baseline -0.006 -13"><span class='ocrx_word' id='word_1_95' title='bbox 400 1210 542 1263; x_wconf 87' lang='lat' dir='ltr'><strong>Deus</strong></span> <span class='ocrx_word' id='word_1_96' title='bbox 565 1206 728 1262; x_wconf 92' lang='lat' dir='ltr'><strong>nobis</strong></span> <span class='ocrx_word' id='word_1_97' title='bbox 767 1203 1114 1276; x_wconf 89' lang='lat' dir='ltr'><strong>pr0pitiatur,</strong></span> <span class='ocrx_word' id='word_1_98' title='bbox 1145 1211 1199 1257; x_wconf 90' lang='lat' dir='ltr'><strong>et</strong></span> <span class='ocrx_word' id='word_1_99' title='bbox 1227 1201 1467 1257; x_wconf 59' lang='lat' dir='ltr'><strong>caelestis</strong></span> <span class='ocrx_word' id='word_1_100' title='bbox 1498 1201 1811 1256; x_wconf 87' lang='lat' dir='ltr'><strong>benedictio</strong></span> <span class='ocrx_word' id='word_1_101' title='bbox 1843 1199 2006 1254; x_wconf 92' lang='lat' dir='ltr'><strong>nobis</strong></span> 
     </span>
    </p>
   </div>
   <div class='ocr_carea' id='block_1_14' title="bbox 401 1290 2009 1364">
    <p class='ocr_par' dir='ltr' id='par_1_14' title="bbox 401 1290 2009 1364">
     <span class='ocr_line' id='line_1_14' title="bbox 401 1290 2009 1364; baseline -0.005 -11"><span class='ocrx_word' id='word_1_102' title='bbox 401 1299 470 1354; x_wconf 90' lang='lat' dir='ltr'><strong>ab</strong></span> <span class='ocrx_word' id='word_1_103' title='bbox 527 1312 593 1353; x_wconf 91' lang='lat' dir='ltr'><strong>eo</strong></span> <span class='ocrx_word' id='word_1_104' title='bbox 641 1295 890 1350; x_wconf 83' lang='lat' dir='ltr'><strong>mittitur.</strong></span> <span class='ocrx_word' id='word_1_105' title='bbox 943 1292 1049 1346; x_wconf 87' lang='lat' dir='ltr'><strong>Sed</strong></span> <span class='ocrx_word' id='word_1_106' title='bbox 1082 1291 1322 1346; x_wconf 82' lang='lat' dir='ltr'><strong>Christus</strong></span> <span class='ocrx_word' id='word_1_107' title='bbox 1371 1291 1652 1360; x_wconf 87' lang='lat' dir='ltr'><strong>juvamine</strong></span> <span class='ocrx_word' id='word_1_108' title='bbox 1705 1305 1815 1345; x_wconf 89' lang='lat' dir='ltr'><strong>non</strong></span> <span class='ocrx_word' id='word_1_109' title='bbox 1856 1290 2009 1364; x_wconf 81' lang='lat' dir='ltr'><strong>eguit</strong></span> 
     </span>
    </p>
   </div>
   <div class='ocr_carea' id='block_1_15' title="bbox 399 1382 2006 1465">
    <p class='ocr_par' dir='ltr' id='par_1_15' title="bbox 399 1382 2006 1465">
     <span class='ocr_line' id='line_1_15' title="bbox 399 1382 2006 1465; baseline -0.009 -17"><span class='ocrx_word' id='word_1_110' title='bbox 399 1391 744 1465; x_wconf 79' lang='lat' dir='ltr'><strong>angelorum,</strong></span> <span class='ocrx_word' id='word_1_111' title='bbox 775 1385 998 1458; x_wconf 83' lang='lat' dir='ltr'><strong>quando</strong></span> <span class='ocrx_word' id='word_1_112' title='bbox 1048 1400 1146 1438; x_wconf 89' lang='lat' dir='ltr'><strong>sua</strong></span> <span class='ocrx_word' id='word_1_113' title='bbox 1200 1382 1400 1438; x_wconf 86' lang='lat' dir='ltr'><strong>virtute</strong></span> <span class='ocrx_word' id='word_1_114' title='bbox 1433 1382 1681 1437; x_wconf 89' lang='lat' dir='ltr'><strong>ascendit</strong></span> <span class='ocrx_word' id='word_1_115' title='bbox 1719 1382 1774 1435; x_wconf 92' lang='lat' dir='ltr'><strong>in</strong></span> <span class='ocrx_word' id='word_1_116' title='bbox 1807 1383 2006 1435; x_wconf 69' lang='lat' dir='ltr'><strong>caelum</strong></span> 
     </span>
    </p>
   </div>
   <div class='ocr_carea' id='block_1_16' title="bbox 401 1476 2008 1560">
    <p class='ocr_par' dir='ltr' id='par_1_16' title="bbox 401 1476 2008 1560">
     <span class='ocr_line' id='line_1_16' title="bbox 401 1476 2008 1560; baseline -0.007 -19"><span class='ocrx_word' id='word_1_117' title='bbox 401 1486 533 1560; x_wconf 89' lang='lat' dir='ltr'><strong>quid</strong></span> <span class='ocrx_word' id='word_1_118' title='bbox 565 1498 695 1555; x_wconf 81' lang='lat' dir='ltr'><strong>ergo</strong></span> <span class='ocrx_word' id='word_1_119' title='bbox 735 1495 991 1556; x_wconf 85' lang='lat' dir='ltr'><strong>rcgamus</strong></span> <span class='ocrx_word' id='word_1_120' title='bbox 1007 1478 1149 1533; x_wconf 87' lang='lat' dir='ltr'><strong>hanc</strong></span> <span class='ocrx_word' id='word_1_121' title='bbox 1176 1477 1318 1532; x_wconf 91' lang='lat' dir='ltr'><strong>hosti</strong></span> <span class='ocrx_word' id='word_1_122' title='bbox 1332 1494 1410 1531; x_wconf 69' lang='lat' dir='ltr'><strong>.im</strong></span> <span class='ocrx_word' id='word_1_123' title='bbox 1445 1476 1673 1548; x_wconf 89' lang='lat' dir='ltr'><strong>perferri</strong></span> <span class='ocrx_word' id='word_1_124' title='bbox 1690 1492 1788 1546; x_wconf 92' lang='lat' dir='ltr'><strong>per</strong></span> <span class='ocrx_word' id='word_1_125' title='bbox 1813 1492 2008 1530; x_wconf 91' lang='lat' dir='ltr'><strong>manus</strong></span> 
     </span>
    </p>
   </div>
   <div class='ocr_carea' id='block_1_17' title="bbox 401 1566 2008 1650">
    <p class='ocr_par' dir='ltr' id='par_1_17' title="bbox 401 1566 2008 1650">
     <span class='ocr_line' id='line_1_17' title="bbox 401 1566 2008 1650; baseline -0.007 -17"><span class='ocrx_word' id='word_1_126' title='bbox 401 1576 583 1650; x_wconf 80' lang='lat' dir='ltr'><strong>angeli</strong></span> <span class='ocrx_word' id='word_1_127' title='bbox 615 1581 742 1628; x_wconf 87' lang='lat' dir='ltr'><strong>ante</strong></span> <span class='ocrx_word' id='word_1_128' title='bbox 772 1576 1128 1641; x_wconf 90' lang='lat' dir='ltr'><strong>conspectum</strong></span> <span class='ocrx_word' id='word_1_129' title='bbox 1164 1569 1283 1637; x_wconf 88' lang='lat' dir='ltr'><strong>Dei,</strong></span> <span class='ocrx_word' id='word_1_130' title='bbox 1313 1585 1434 1624; x_wconf 92' lang='lat' dir='ltr'><strong>cum</strong></span> <span class='ocrx_word' id='word_1_131' title='bbox 1471 1569 1792 1643; x_wconf 82' lang='lat' dir='ltr'><strong>angelorum</strong></span> <span class='ocrx_word' id='word_1_132' title='bbox 1826 1566 2008 1623; x_wconf 89' lang='lat' dir='ltr'><strong>ofﬁcia</strong></span> 
     </span>
    </p>
   </div>
   <div class='ocr_carea' id='block_1_18' title="bbox 402 1661 2008 1733">
    <p class='ocr_par' dir='ltr' id='par_1_18' title="bbox 402 1661 2008 1733">
     <span class='ocr_line' id='line_1_18' title="bbox 402 1661 2008 1733; baseline -0.007 -7"><span class='ocrx_word' id='word_1_133' title='bbox 402 1667 712 1726; x_wconf 84' lang='lat' dir='ltr'><strong>necessaria</strong></span> <span class='ocrx_word' id='word_1_134' title='bbox 743 1680 852 1719; x_wconf 92' lang='lat' dir='ltr'><strong>non</strong></span> <span class='ocrx_word' id='word_1_135' title='bbox 886 1663 997 1717; x_wconf 91' lang='lat' dir='ltr'><strong>sint</strong></span> <span class='ocrx_word' id='word_1_136' title='bbox 1046 1663 1174 1717; x_wconf 90' lang='lat' dir='ltr'><strong>huic</strong></span> <span class='ocrx_word' id='word_1_137' title='bbox 1215 1661 1554 1733; x_wconf 78' lang='lat' dir='ltr'><strong>perlationi?</strong></span> <span class='ocrx_word' id='word_1_138' title='bbox 1611 1661 1718 1716; x_wconf 89' lang='lat' dir='ltr'><strong>Sed</strong></span> <span class='ocrx_word' id='word_1_139' title='bbox 1771 1661 1877 1716; x_wconf 88' lang='lat' dir='ltr'><strong>hoc</strong></span> <span class='ocrx_word' id='word_1_140' title='bbox 1925 1669 2008 1714; x_wconf 89' lang='lat' dir='ltr'><strong>est</strong></span> 
     </span>
    </p>
   </div>
   <div class='ocr_carea' id='block_1_19' title="bbox 402 1709 2445 1832">
    <p class='ocr_par' dir='ltr' id='par_1_19' title="bbox 402 1709 2445 1832">
     <span class='ocr_line' id='line_1_19' title="bbox 402 1709 2433 1733; baseline -0.007 -8"><span class='ocrx_word' id='word_1_141' title='bbox 402 1709 852 1726; x_wconf 63' lang='grc' dir='ltr'><strong>..ινυυυυυ-...νη</strong></span> <span class='ocrx_word' id='word_1_142' title='bbox 887 1709 996 1717; x_wconf 75' lang='grc' dir='ltr'><strong>--.η</strong></span> <span class='ocrx_word' id='word_1_143' title='bbox 1047 1709 1172 1717; x_wconf 70' lang='grc' dir='ltr'><strong>.--η</strong></span> <span class='ocrx_word' id='word_1_144' title='bbox 1215 1709 1543 1733; x_wconf 50' lang='grc' dir='ltr'><strong>τμη-ηπ--</strong></span> <span class='ocrx_word' id='word_1_145' title='bbox 1612 1709 1718 1716; x_wconf 64' lang='grc' dir='ltr'><strong>η-</strong></span> <span class='ocrx_word' id='word_1_146' title='bbox 1773 1709 1875 1716; x_wconf 62' lang='grc' dir='ltr'><strong>--η</strong></span> <span class='ocrx_word' id='word_1_147' title='bbox 1931 1709 2007 1714; x_wconf 79' lang='lat'><strong>-_-</strong></span> <span class='ocrx_word' id='word_1_148' title='bbox 2380 1709 2433 1711; x_wconf 58' lang='lat'><strong>,_</strong></span> 
     </span>
     <span class='ocr_line' id='line_1_20' title="bbox 402 1709 2445 1832; baseline -0.006 -17"><span class='ocrx_word' id='word_1_149' title='bbox 402 1759 550 1832; x_wconf 90' lang='lat' dir='ltr'><strong>quod</strong></span> <span class='ocrx_word' id='word_1_150' title='bbox 593 1755 799 1810; x_wconf 90' lang='lat' dir='ltr'><strong>dictum</strong></span> <span class='ocrx_word' id='word_1_151' title='bbox 830 1759 937 1820; x_wconf 88' lang='lat' dir='ltr'><strong>est,</strong></span> <span class='ocrx_word' id='word_1_152' title='bbox 970 1752 1100 1823; x_wconf 84' lang='lat' dir='ltr'><strong>quia</strong></span> <span class='ocrx_word' id='word_1_153' title='bbox 1145 1752 1450 1823; x_wconf 88' lang='lat' dir='ltr'><strong>perlatione</strong></span> <span class='ocrx_word' id='word_1_154' title='bbox 1481 1752 1730 1824; x_wconf 89' lang='lat' dir='ltr'><strong>corporis</strong></span> <span class='ocrx_word' id='word_1_155' title='bbox 1786 1759 1842 1806; x_wconf 90' lang='lat' dir='ltr'><strong>et</strong></span> <span class='ocrx_word' id='word_1_156' title='bbox 1870 1767 2004 1805; x_wconf 89' lang='lat' dir='ltr'><strong>san-</strong></span> <span class='ocrx_word' id='word_1_157' title='bbox 2036 1709 2088 1777; x_wconf 78' lang='grc' dir='ltr'>Β</span> <span class='ocrx_word' id='word_1_158' title='bbox 2110 1746 2445 1817; x_wconf 89' lang='lat' dir='ltr'><strong>repleamur.</strong></span> 
     </span>
    </p>
   </div>
   <div class='ocr_carea' id='block_1_20' title="bbox 400 1843 2011 1924">
    <p class='ocr_par' dir='ltr' id='par_1_20' title="bbox 400 1843 2011 1924">
     <span class='ocr_line' id='line_1_21' title="bbox 400 1843 2011 1924; baseline -0.004 -21"><span class='ocrx_word' id='word_1_159' title='bbox 400 1848 584 1924; x_wconf 86' lang='lat' dir='ltr'><strong>guinis</strong></span> <span class='ocrx_word' id='word_1_160' title='bbox 613 1844 829 1908; x_wconf 88' lang='lat' dir='ltr'><strong>Christi,</strong></span> <span class='ocrx_word' id='word_1_161' title='bbox 861 1860 1117 1917; x_wconf 77' lang='lat' dir='ltr'><strong>rogamus</strong></span> <span class='ocrx_word' id='word_1_162' title='bbox 1155 1851 1279 1899; x_wconf 87' lang='lat' dir='ltr'><strong>vota</strong></span> <span class='ocrx_word' id='word_1_163' title='bbox 1334 1854 1518 1900; x_wconf 90' lang='lat' dir='ltr'><strong>nostra</strong></span> <span class='ocrx_word' id='word_1_164' title='bbox 1573 1843 1824 1915; x_wconf 88' lang='lat' dir='ltr'><strong>perferri.</strong></span> <span class='ocrx_word' id='word_1_165' title='bbox 1875 1843 2011 1898; x_wconf 90' lang='lat' dir='ltr'><strong>Sunt</strong></span> 
     </span>
    </p>
   </div>
   <div class='ocr_carea' id='block_1_21' title="bbox 399 1932 2012 2008">
    <p class='ocr_par' dir='ltr' id='par_1_21' title="bbox 399 1932 2012 2008">
     <span class='ocr_line' id='line_1_22' title="bbox 399 1932 2012 2008; baseline -0.004 -16"><span class='ocrx_word' id='word_1_166' title='bbox 399 1946 582 1993; x_wconf 90' lang='lat' dir='ltr'><strong>tamen</strong></span> <span class='ocrx_word' id='word_1_167' title='bbox 617 1935 778 1991; x_wconf 90' lang='lat' dir='ltr'><strong>nobis</strong></span> <span class='ocrx_word' id='word_1_168' title='bbox 830 1933 1012 2008; x_wconf 83' lang='lat' dir='ltr'><strong>angeli</strong></span> <span class='ocrx_word' id='word_1_169' title='bbox 1045 1933 1314 2004; x_wconf 88' lang='lat' dir='ltr'><strong>deputati,</strong></span> <span class='ocrx_word' id='word_1_170' title='bbox 1348 1934 1440 2005; x_wconf 91' lang='lat' dir='ltr'><strong>qui</strong></span> <span class='ocrx_word' id='word_1_171' title='bbox 1489 1932 1728 1988; x_wconf 82' lang='lat' dir='ltr'><strong>offerunt</strong></span> <span class='ocrx_word' id='word_1_172' title='bbox 1763 1933 2012 2004; x_wconf 88' lang='lat' dir='ltr'><strong>quotidie</strong></span> 
     </span>
    </p>
   </div>
   <div class='ocr_carea' id='block_1_22' title="bbox 401 2021 2013 2092">
    <p class='ocr_par' dir='ltr' id='par_1_22' title="bbox 401 2021 2013 2092">
     <span class='ocr_line' id='line_1_23' title="bbox 401 2021 2013 2092; baseline -0.004 -11"><span class='ocrx_word' id='word_1_173' title='bbox 401 2028 513 2083; x_wconf 91' lang='lat' dir='ltr'><strong>Deo</strong></span> <span class='ocrx_word' id='word_1_174' title='bbox 543 2033 669 2082; x_wconf 80' lang='lat' dir='ltr'><strong>vota</strong></span> <span class='ocrx_word' id='word_1_175' title='bbox 707 2031 928 2080; x_wconf 89' lang='lat' dir='ltr'><strong>nostra:</strong></span> <span class='ocrx_word' id='word_1_176' title='bbox 987 2021 1144 2078; x_wconf 91' lang='lat' dir='ltr'><strong>Unde</strong></span> <span class='ocrx_word' id='word_1_177' title='bbox 1185 2022 1447 2092; x_wconf 90' lang='lat' dir='ltr'><strong>scriptum</strong></span> <span class='ocrx_word' id='word_1_178' title='bbox 1506 2030 1625 2076; x_wconf 87' lang='lat' dir='ltr'><strong>est:</strong></span> <span class='ocrx_word' id='word_1_179' title='bbox 1662 2022 1801 2088; x_wconf 88' lang='lat' dir='ltr'><strong>Quia</strong></span> <span class='ocrx_word' id='word_1_180' title='bbox 1834 2021 2013 2089; x_wconf 86' lang='lat' dir='ltr'><strong>angeli</strong></span> 
     </span>
    </p>
   </div>
   <div class='ocr_carea' id='block_1_23' title="bbox 399 2112 2013 2187">
    <p class='ocr_par' dir='ltr' id='par_1_23' title="bbox 399 2112 2013 2187">
     <span class='ocr_line' id='line_1_24' title="bbox 399 2112 2013 2187; baseline -0.004 -14"><span class='ocrx_word' id='word_1_181' title='bbox 399 2132 792 2187; x_wconf 84' lang='lat' dir='ltr'><strong>eorumsemper</strong></span> <span class='ocrx_word' id='word_1_182' title='bbox 806 2117 988 2172; x_wconf 79' lang='lat' dir='ltr'><strong>vident</strong></span> <span class='ocrx_word' id='word_1_183' title='bbox 1010 2117 1207 2182; x_wconf 82' lang='lat' dir='ltr'><strong>faciem</strong></span> <span class='ocrx_word' id='word_1_184' title='bbox 1228 2116 1408 2168; x_wconf 84' lang='lat' dir='ltr'><strong>Patris</strong></span> <span class='ocrx_word' id='word_1_185' title='bbox 1435 2114 1652 2184; x_wconf 76' lang='lat' dir='ltr'><strong>(Matth.</strong></span> <span class='ocrx_word' id='word_1_186' title='bbox 1684 2113 1855 2183; x_wconf 82' lang='lat' dir='ltr'><strong>XVIII).</strong></span> <span class='ocrx_word' id='word_1_187' title='bbox 1889 2112 2013 2166; x_wconf 87' lang='lat' dir='ltr'><strong>Ora-</strong></span> 
     </span>
    </p>
   </div>
   <div class='ocr_carea' id='block_1_24' title="bbox 399 2203 2010 2280">
    <p class='ocr_par' dir='ltr' id='par_1_24' title="bbox 399 2203 2010 2280">
     <span class='ocr_line' id='line_1_25' title="bbox 399 2203 2010 2280; baseline -0.005 -16"><span class='ocrx_word' id='word_1_188' title='bbox 399 2226 522 2264; x_wconf 86' lang='lat' dir='ltr'><strong>mus</strong></span> <span class='ocrx_word' id='word_1_189' title='bbox 553 2210 738 2280; x_wconf 86' lang='lat' dir='ltr'><strong>itaque</strong></span> <span class='ocrx_word' id='word_1_190' title='bbox 785 2209 887 2261; x_wconf 91' lang='lat' dir='ltr'><strong>sub</strong></span> <span class='ocrx_word' id='word_1_191' title='bbox 916 2206 1207 2261; x_wconf 88' lang='lat' dir='ltr'><strong>occasione</strong></span> <span class='ocrx_word' id='word_1_192' title='bbox 1243 2203 1442 2259; x_wconf 88' lang='lat' dir='ltr'><strong>Christi</strong></span> <span class='ocrx_word' id='word_1_193' title='bbox 1501 2203 1730 2274; x_wconf 87' lang='lat' dir='ltr'><strong>perferri</strong></span> <span class='ocrx_word' id='word_1_194' title='bbox 1757 2213 1882 2260; x_wconf 86' lang='lat' dir='ltr'><strong>vota</strong></span> <span class='ocrx_word' id='word_1_195' title='bbox 1912 2217 2010 2257; x_wconf 92' lang='lat' dir='ltr'><strong>no-</strong></span> 
     </span>
    </p>
   </div>
   <div class='ocr_carea' id='block_1_25' title="bbox 398 2296 2006 2373">
    <p class='ocr_par' dir='ltr' id='par_1_25' title="bbox 398 2296 2006 2373">
     <span class='ocr_line' id='line_1_26' title="bbox 398 2296 2006 2373; baseline -0.004 -16"><span class='ocrx_word' id='word_1_196' title='bbox 398 2309 512 2357; x_wconf 89' lang='lat' dir='ltr'><strong>stra</strong></span> <span class='ocrx_word' id='word_1_197' title='bbox 537 2319 637 2373; x_wconf 89' lang='lat' dir='ltr'><strong>per</strong></span> <span class='ocrx_word' id='word_1_198' title='bbox 667 2316 862 2355; x_wconf 89' lang='lat' dir='ltr'><strong>manus</strong></span> <span class='ocrx_word' id='word_1_199' title='bbox 891 2298 1095 2371; x_wconf 85' lang='lat' dir='ltr'><strong>angeli,</strong></span> <span class='ocrx_word' id='word_1_200' title='bbox 1129 2305 1188 2352; x_wconf 88' lang='lat' dir='ltr'><strong>ut</strong></span> <span class='ocrx_word' id='word_1_201' title='bbox 1217 2298 1362 2352; x_wconf 91' lang='lat' dir='ltr'><strong>bona</strong></span> <span class='ocrx_word' id='word_1_202' title='bbox 1387 2306 1513 2354; x_wconf 87' lang='lat' dir='ltr'><strong>vota</strong></span> <span class='ocrx_word' id='word_1_203' title='bbox 1543 2297 1824 2368; x_wconf 86' lang='lat' dir='ltr'><strong>proferant</strong></span> <span class='ocrx_word' id='word_1_204' title='bbox 1877 2296 2006 2351; x_wconf 89' lang='lat' dir='ltr'><strong>boni</strong></span> 
     </span>
    </p>
   </div>
   <div class='ocr_carea' id='block_1_26' title="bbox 399 2387 1515 2467">
    <p class='ocr_par' dir='ltr' id='par_1_26' title="bbox 399 2387 1515 2467">
     <span class='ocr_line' id='line_1_27' title="bbox 399 2387 1515 2467; baseline -0.005 -19"><span class='ocrx_word' id='word_1_205' title='bbox 399 2394 602 2467; x_wconf 82' lang='lat' dir='ltr'><strong>angeli,</strong></span> <span class='ocrx_word' id='word_1_206' title='bbox 632 2392 734 2446; x_wconf 89' lang='lat' dir='ltr'><strong>sub</strong></span> <span class='ocrx_word' id='word_1_207' title='bbox 775 2398 1040 2463; x_wconf 72' lang='lat' dir='ltr'><strong>praetextu</strong></span> <span class='ocrx_word' id='word_1_208' title='bbox 1070 2389 1206 2444; x_wconf 88' lang='lat' dir='ltr'><strong>tanti</strong></span> <span class='ocrx_word' id='word_1_209' title='bbox 1237 2387 1515 2444; x_wconf 84' lang='lat' dir='ltr'><strong>sacrificii.</strong></span> 
     </span>
    </p>
   </div>
   <div class='ocr_carea' id='block_1_27' title="bbox 469 2475 2008 2553">
    <p class='ocr_par' dir='ltr' id='par_1_27' title="bbox 469 2475 2008 2553">
     <span class='ocr_line' id='line_1_28' title="bbox 469 2475 2008 2553; baseline -0.005 -15"><span class='ocrx_word' id='word_1_210' title='bbox 469 2483 747 2553; x_wconf 73' lang='lat' dir='ltr'><strong>Supplices</strong></span> <span class='ocrx_word' id='word_1_211' title='bbox 768 2485 818 2535; x_wconf 89' lang='lat' dir='ltr'><strong>te</strong></span> <span class='ocrx_word' id='word_1_212' title='bbox 841 2494 1114 2548; x_wconf 78' lang='lat' dir='ltr'><strong>rogamus,</strong></span> <span class='ocrx_word' id='word_1_213' title='bbox 1157 2480 1492 2548; x_wconf 84' lang='lat' dir='ltr'><strong>omnipotens</strong></span> <span class='ocrx_word' id='word_1_214' title='bbox 1524 2480 1682 2532; x_wconf 88' lang='lat' dir='ltr'><strong>Deus.</strong></span> <span class='ocrx_word' id='word_1_215' title='bbox 1718 2475 2008 2546; x_wconf 89' lang='lat' dir='ltr'><strong>Supplica-</strong></span> 
     </span>
    </p>
   </div>
   <div class='ocr_carea' id='block_1_28' title="bbox 316 2565 2006 2636">
    <p class='ocr_par' dir='ltr' id='par_1_28' title="bbox 316 2565 2006 2636">
     <span class='ocr_line' id='line_1_29' title="bbox 316 2565 2006 2636; baseline -0.004 -12"><span class='ocrx_word' id='word_1_216' title='bbox 316 2582 338 2612; x_wconf 62' lang='grc' dir='ltr'><strong><em>ί</em></strong></span> <span class='ocrx_word' id='word_1_217' title='bbox 399 2586 522 2624; x_wconf 90' lang='lat' dir='ltr'><strong>mus</strong></span> <span class='ocrx_word' id='word_1_218' title='bbox 552 2569 676 2636; x_wconf 89' lang='lat' dir='ltr'><strong>tibi,</strong></span> <span class='ocrx_word' id='word_1_219' title='bbox 715 2583 1007 2624; x_wconf 86' lang='lat' dir='ltr'><strong>curvamur</strong></span> <span class='ocrx_word' id='word_1_220' title='bbox 1059 2572 1184 2622; x_wconf 90' lang='lat' dir='ltr'><strong>ante</strong></span> <span class='ocrx_word' id='word_1_221' title='bbox 1215 2574 1289 2633; x_wconf 91' lang='lat' dir='ltr'><strong>te,</strong></span> <span class='ocrx_word' id='word_1_222' title='bbox 1321 2565 1582 2621; x_wconf 85' lang='lat' dir='ltr'><strong>obnixius</strong></span> <span class='ocrx_word' id='word_1_223' title='bbox 1621 2565 2006 2635; x_wconf 83' lang='lat' dir='ltr'><strong>deprecamur,</strong></span> 
     </span>
    </p>
   </div>
   <div class='ocr_carea' id='block_1_29' title="bbox 397 2655 2005 2730">
    <p class='ocr_par' dir='ltr' id='par_1_29' title="bbox 397 2655 2005 2730">
     <span class='ocr_line' id='line_1_30' title="bbox 397 2655 2005 2730; baseline -0.004 -15"><span class='ocrx_word' id='word_1_224' title='bbox 397 2661 629 2716; x_wconf 89' lang='lat' dir='ltr'><strong>ostende</strong></span> <span class='ocrx_word' id='word_1_225' title='bbox 685 2658 1162 2730; x_wconf 91' lang='lat' dir='ltr'><strong>omnipotentiam,</strong></span> <span class='ocrx_word' id='word_1_226' title='bbox 1198 2657 1432 2712; x_wconf 85' lang='lat' dir='ltr'><strong>extende</strong></span> <span class='ocrx_word' id='word_1_227' title='bbox 1474 2673 1696 2711; x_wconf 89' lang='lat' dir='ltr'><strong>manum</strong></span> <span class='ocrx_word' id='word_1_228' title='bbox 1745 2655 2005 2722; x_wconf 87' lang='lat' dir='ltr'><strong>validam,</strong></span> 
     </span>
    </p>
   </div>
   <div class='ocr_carea' id='block_1_30' title="bbox 397 2743 2007 2821">
    <p class='ocr_par' dir='ltr' id='par_1_30' title="bbox 397 2743 2007 2821">
     <span class='ocr_line' id='line_1_31' title="bbox 397 2743 2007 2821; baseline -0.005 -16"><span class='ocrx_word' id='word_1_229' title='bbox 397 2757 478 2817; x_wconf 89' lang='lat' dir='ltr'><strong>ut,</strong></span> <span class='ocrx_word' id='word_1_230' title='bbox 501 2765 622 2821; x_wconf 73' lang='lat' dir='ltr'><strong>quae</strong></span> <span class='ocrx_word' id='word_1_231' title='bbox 661 2748 902 2820; x_wconf 90' lang='lat' dir='ltr'><strong>pr0pitio</strong></span> <span class='ocrx_word' id='word_1_232' title='bbox 932 2763 996 2801; x_wconf 91' lang='lat' dir='ltr'><strong>ac</strong></span> <span class='ocrx_word' id='word_1_233' title='bbox 1023 2761 1221 2802; x_wconf 91' lang='lat' dir='ltr'><strong>sereno</strong></span> <span class='ocrx_word' id='word_1_234' title='bbox 1260 2747 1411 2802; x_wconf 86' lang='lat' dir='ltr'><strong>vultu</strong></span> <span class='ocrx_word' id='word_1_235' title='bbox 1445 2746 1698 2817; x_wconf 86' lang='lat' dir='ltr'><strong>respicis,</strong></span> <span class='ocrx_word' id='word_1_236' title='bbox 1748 2745 1911 2800; x_wconf 87' lang='lat' dir='ltr'><strong>etiam</strong></span> <span class='ocrx_word' id='word_1_237' title='bbox 1939 2743 2007 2797; x_wconf 86' lang='lat' dir='ltr'><strong>ad</strong></span> 
     </span>
    </p>
   </div>
   <div class='ocr_carea' id='block_1_31' title="bbox 395 2837 2004 2909">
    <p class='ocr_par' dir='ltr' id='par_1_31' title="bbox 395 2837 2004 2909">
     <span class='ocr_line' id='line_1_32' title="bbox 395 2837 2004 2909; baseline -0.003 -14"><span class='ocrx_word' id='word_1_238' title='bbox 395 2841 694 2896; x_wconf 90' lang='lat' dir='ltr'><strong>invisibilia</strong></span> <span class='ocrx_word' id='word_1_239' title='bbox 723 2846 777 2895; x_wconf 90' lang='lat' dir='ltr'><strong>et</strong></span> <span class='ocrx_word' id='word_1_240' title='bbox 806 2839 1067 2895; x_wconf 89' lang='lat' dir='ltr'><strong>sublimia</strong></span> <span class='ocrx_word' id='word_1_241' title='bbox 1091 2847 1180 2893; x_wconf 90' lang='lat' dir='ltr'><strong>tua</strong></span> <span class='ocrx_word' id='word_1_242' title='bbox 1213 2838 1576 2909; x_wconf 89' lang='lat' dir='ltr'><strong>perferantur,</strong></span> <span class='ocrx_word' id='word_1_243' title='bbox 1610 2844 1664 2892; x_wconf 91' lang='lat' dir='ltr'><strong>et</strong></span> <span class='ocrx_word' id='word_1_244' title='bbox 1687 2837 2004 2908; x_wconf 90' lang='lat' dir='ltr'><strong>conspectui</strong></span> 
     </span>
    </p>
   </div>
   <div class='ocr_carea' id='block_1_32' title="bbox 293 2928 2004 3001">
    <p class='ocr_par' dir='ltr' id='par_1_32' title="bbox 293 2928 2004 3001">
     <span class='ocr_line' id='line_1_33' title="bbox 293 2928 2004 3001; baseline -0.001 -17"><span class='ocrx_word' id='word_1_245' title='bbox 293 2973 306 2984; x_wconf 87' lang='lat'><strong>.</strong></span> <span class='ocrx_word' id='word_1_246' title='bbox 396 2932 696 3001; x_wconf 88' lang='lat' dir='ltr'><strong>majestatis</strong></span> <span class='ocrx_word' id='word_1_247' title='bbox 745 2931 1022 2986; x_wconf 86' lang='lat' dir='ltr'><strong>admittas.</strong></span> <span class='ocrx_word' id='word_1_248' title='bbox 1081 2930 1176 2985; x_wconf 85' lang='lat' dir='ltr'><strong>Hic</strong></span> <span class='ocrx_word' id='word_1_249' title='bbox 1222 2930 1528 2984; x_wconf 89' lang='lat' dir='ltr'><strong>necessitas</strong></span> <span class='ocrx_word' id='word_1_250' title='bbox 1587 2928 2004 2995; x_wconf 86' lang='lat' dir='ltr'><strong>incurvationis,</strong></span> 
     </span>
    </p>
   </div>
   <div class='ocr_carea' id='block_1_33' title="bbox 396 3016 2002 3090">
    <p class='ocr_par' dir='ltr' id='par_1_33' title="bbox 396 3016 2002 3090">
     <span class='ocr_line' id='line_1_34' title="bbox 396 3016 2002 3090; baseline -0.001 -17"><span class='ocrx_word' id='word_1_251' title='bbox 396 3020 488 3074; x_wconf 89' lang='lat' dir='ltr'><strong>hic</strong></span> <span class='ocrx_word' id='word_1_252' title='bbox 521 3035 663 3090; x_wconf 92' lang='lat' dir='ltr'><strong>opus</strong></span> <span class='ocrx_word' id='word_1_253' title='bbox 693 3018 1130 3089; x_wconf 89' lang='lat' dir='ltr'><strong>supplicationis,</strong></span> <span class='ocrx_word' id='word_1_254' title='bbox 1183 3018 1271 3072; x_wconf 87' lang='lat' dir='ltr'><strong>hic</strong></span> <span class='ocrx_word' id='word_1_255' title='bbox 1301 3017 1572 3072; x_wconf 89' lang='lat' dir='ltr'><strong>incumbit</strong></span> <span class='ocrx_word' id='word_1_256' title='bbox 1601 3016 2002 3072; x_wconf 89' lang='lat' dir='ltr'><strong>consummatio</strong></span> 
     </span>
    </p>
   </div>
   <div class='ocr_carea' id='block_1_34' title="bbox 394 3104 1998 3176">
    <p class='ocr_par' dir='ltr' id='par_1_34' title="bbox 394 3104 1998 3176">
     <span class='ocr_line' id='line_1_35' title="bbox 394 3104 1998 3176; baseline -0.002 -14"><span class='ocrx_word' id='word_1_257' title='bbox 394 3108 561 3162; x_wconf 89' lang='lat' dir='ltr'><strong>totius</strong></span> <span class='ocrx_word' id='word_1_258' title='bbox 603 3106 774 3161; x_wconf 91' lang='lat' dir='ltr'><strong>nostri</strong></span> <span class='ocrx_word' id='word_1_259' title='bbox 831 3105 1053 3170; x_wconf 89' lang='lat' dir='ltr'><strong>laboris,</strong></span> <span class='ocrx_word' id='word_1_260' title='bbox 1104 3111 1163 3160; x_wconf 93' lang='lat' dir='ltr'><strong>ut</strong></span> <span class='ocrx_word' id='word_1_261' title='bbox 1217 3105 1334 3160; x_wconf 61' lang='lat' dir='ltr'><strong>hmo</strong></span> <span class='ocrx_word' id='word_1_262' title='bbox 1377 3105 1555 3161; x_wconf 90' lang='lat' dir='ltr'><strong>hostia</strong></span> <span class='ocrx_word' id='word_1_263' title='bbox 1594 3104 1904 3176; x_wconf 82' lang='lat' dir='ltr'><strong>perferatur</strong></span> <span class='ocrx_word' id='word_1_264' title='bbox 1943 3105 1998 3159; x_wconf 94' lang='lat' dir='ltr'><strong>in</strong></span> 
     </span>
    </p>
   </div>
   <div class='ocr_carea' id='block_1_35' title="bbox 393 3193 2002 3264">
    <p class='ocr_par' dir='ltr' id='par_1_35' title="bbox 393 3193 2002 3264">
     <span class='ocr_line' id='line_1_36' title="bbox 393 3193 2002 3264; baseline -0.001 -14"><span class='ocrx_word' id='word_1_265' title='bbox 393 3195 630 3250; x_wconf 89' lang='lat' dir='ltr'><strong>sublime</strong></span> <span class='ocrx_word' id='word_1_266' title='bbox 649 3194 819 3248; x_wconf 89' lang='lat' dir='ltr'><strong>altare</strong></span> <span class='ocrx_word' id='word_1_267' title='bbox 847 3200 1022 3259; x_wconf 90' lang='lat' dir='ltr'><strong>tuum,</strong></span> <span class='ocrx_word' id='word_1_268' title='bbox 1052 3193 1105 3247; x_wconf 91' lang='lat' dir='ltr'><strong>in</strong></span> <span class='ocrx_word' id='word_1_269' title='bbox 1137 3199 1433 3264; x_wconf 86' lang='lat' dir='ltr'><strong>conspectu</strong></span> <span class='ocrx_word' id='word_1_270' title='bbox 1465 3194 1666 3248; x_wconf 62' lang='lat' dir='ltr'><strong>divinae</strong></span> <span class='ocrx_word' id='word_1_271' title='bbox 1698 3193 2002 3262; x_wconf 89' lang='lat' dir='ltr'><strong>majestatis</strong></span> 
     </span>
    </p>
   </div>
   <div class='ocr_carea' id='block_1_36' title="bbox 395 3281 2000 3354">
    <p class='ocr_par' dir='ltr' id='par_1_36' title="bbox 395 3281 2000 3354">
     <span class='ocr_line' id='line_1_37' title="bbox 395 3281 2000 3354; baseline 0 -17"><span class='ocrx_word' id='word_1_272' title='bbox 395 3291 520 3338; x_wconf 85' lang='lat' dir='ltr'><strong>tuae.</strong></span> <span class='ocrx_word' id='word_1_273' title='bbox 582 3281 723 3345; x_wconf 85' lang='lat' dir='ltr'><strong>Quid</strong></span> <span class='ocrx_word' id='word_1_274' title='bbox 756 3289 840 3336; x_wconf 91' lang='lat' dir='ltr'><strong>est</strong></span> <span class='ocrx_word' id='word_1_275' title='bbox 887 3282 1038 3337; x_wconf 82' lang='lat' dir='ltr'><strong>hoc?</strong></span> <span class='ocrx_word' id='word_1_276' title='bbox 1087 3281 1224 3347; x_wconf 85' lang='lat' dir='ltr'><strong>Quid</strong></span> <span class='ocrx_word' id='word_1_277' title='bbox 1267 3289 1351 3337; x_wconf 90' lang='lat' dir='ltr'><strong>est</strong></span> <span class='ocrx_word' id='word_1_278' title='bbox 1400 3282 1633 3354; x_wconf 87' lang='lat' dir='ltr'><strong>perferri</strong></span> <span class='ocrx_word' id='word_1_279' title='bbox 1669 3283 1901 3339; x_wconf 89' lang='lat' dir='ltr'><strong>hostiam</strong></span> <span class='ocrx_word' id='word_1_280' title='bbox 1944 3283 2000 3337; x_wconf 91' lang='lat' dir='ltr'><strong>in</strong></span> 
     </span>
    </p>
   </div>
   <div class='ocr_carea' id='block_1_37' title="bbox 393 3374 2003 3447">
    <p class='ocr_par' dir='ltr' id='par_1_37' title="bbox 393 3374 2003 3447">
     <span class='ocr_line' id='line_1_38' title="bbox 393 3374 2003 3447; baseline -0.002 -17"><span class='ocrx_word' id='word_1_281' title='bbox 393 3375 629 3430; x_wconf 82' lang='lat' dir='ltr'><strong>sublime</strong></span> <span class='ocrx_word' id='word_1_282' title='bbox 655 3375 846 3442; x_wconf 89' lang='lat' dir='ltr'><strong>altare,</strong></span> <span class='ocrx_word' id='word_1_283' title='bbox 878 3374 985 3428; x_wconf 89' lang='lat' dir='ltr'><strong>nisi</strong></span> <span class='ocrx_word' id='word_1_284' title='bbox 1007 3389 1166 3432; x_wconf 85' lang='lat' dir='ltr'><strong>ovem</strong></span> <span class='ocrx_word' id='word_1_285' title='bbox 1198 3375 1440 3429; x_wconf 89' lang='lat' dir='ltr'><strong>humeris</strong></span> <span class='ocrx_word' id='word_1_286' title='bbox 1483 3375 1721 3431; x_wconf 88' lang='lat' dir='ltr'><strong>Pastoris</strong></span> <span class='ocrx_word' id='word_1_287' title='bbox 1751 3375 2003 3447; x_wconf 81' lang='lat' dir='ltr'><strong>imponi?</strong></span> 
     </span>
    </p>
   </div>
   <div class='ocr_carea' id='block_1_38' title="bbox 405 3467 2006 3538">
    <p class='ocr_par' dir='ltr' id='par_1_38' title="bbox 405 3467 2006 3538">
     <span class='ocr_line' id='line_1_39' title="bbox 405 3467 2006 3538; baseline 0.001 -17"><span class='ocrx_word' id='word_1_288' title='bbox 405 3467 468 3522; x_wconf 86' lang='lat' dir='ltr'><strong>Et</strong></span> <span class='ocrx_word' id='word_1_289' title='bbox 497 3467 631 3538; x_wconf 89' lang='lat' dir='ltr'><strong>quid</strong></span> <span class='ocrx_word' id='word_1_290' title='bbox 662 3467 782 3522; x_wconf 81' lang='lat' dir='ltr'><strong>ovis</strong></span> <span class='ocrx_word' id='word_1_291' title='bbox 828 3467 1072 3522; x_wconf 89' lang='lat' dir='ltr'><strong>humeris</strong></span> <span class='ocrx_word' id='word_1_292' title='bbox 1103 3467 1380 3538; x_wconf 87' lang='lat' dir='ltr'><strong>imposita,</strong></span> <span class='ocrx_word' id='word_1_293' title='bbox 1439 3467 1541 3522; x_wconf 90' lang='lat' dir='ltr'><strong>nisi</strong></span> <span class='ocrx_word' id='word_1_294' title='bbox 1586 3469 1748 3523; x_wconf 93' lang='lat' dir='ltr'><strong>homo</strong></span> <span class='ocrx_word' id='word_1_295' title='bbox 1794 3484 2006 3524; x_wconf 89' lang='lat' dir='ltr'><strong>assum-</strong></span> 
     </span>
    </p>
   </div>
   <div class='ocr_carea' id='block_1_39' title="bbox 402 3557 2004 3630">
    <p class='ocr_par' dir='ltr' id='par_1_39' title="bbox 402 3557 2004 3630">
     <span class='ocr_line' id='line_1_40' title="bbox 402 3557 2004 3630; baseline 0.001 -18"><span class='ocrx_word' id='word_1_296' title='bbox 402 3565 527 3628; x_wconf 92' lang='lat' dir='ltr'><strong>ptus</strong></span> <span class='ocrx_word' id='word_1_297' title='bbox 565 3574 596 3612; x_wconf 89' lang='lat' dir='ltr'><strong>a</strong></span> <span class='ocrx_word' id='word_1_298' title='bbox 634 3557 856 3614; x_wconf 79' lang='lat' dir='ltr'><strong>Verbo?</strong></span> <span class='ocrx_word' id='word_1_299' title='bbox 883 3559 947 3613; x_wconf 86' lang='lat' dir='ltr'><strong>Et</strong></span> <span class='ocrx_word' id='word_1_300' title='bbox 991 3558 1124 3630; x_wconf 91' lang='lat' dir='ltr'><strong>quid</strong></span> <span class='ocrx_word' id='word_1_301' title='bbox 1162 3565 1244 3613; x_wconf 89' lang='lat' dir='ltr'><strong>cst</strong></span> <span class='ocrx_word' id='word_1_302' title='bbox 1297 3559 1588 3614; x_wconf 91' lang='lat' dir='ltr'><strong>sublimius</strong></span> <span class='ocrx_word' id='word_1_303' title='bbox 1625 3559 1802 3616; x_wconf 85' lang='lat' dir='ltr'><strong>Verbo</strong></span> <span class='ocrx_word' id='word_1_304' title='bbox 1853 3561 1948 3615; x_wconf 87' lang='lat' dir='ltr'><strong>Dei</strong></span> <span class='ocrx_word' id='word_1_305' title='bbox 1977 3560 2004 3613; x_wconf 79' lang='lat'><strong>?</strong></span> 
     </span>
    </p>
   </div>
   <div class='ocr_carea' id='block_1_40' title="bbox 391 3649 2001 3723">
    <p class='ocr_par' dir='ltr' id='par_1_40' title="bbox 391 3649 2001 3723">
     <span class='ocr_line' id='line_1_41' title="bbox 391 3649 2001 3723; baseline 0.001 -18"><span class='ocrx_word' id='word_1_306' title='bbox 391 3650 648 3715; x_wconf 84' lang='lat' dir='ltr'><strong>Quotidie</strong></span> <span class='ocrx_word' id='word_1_307' title='bbox 671 3651 898 3707; x_wconf 88' lang='lat' dir='ltr'><strong>assumit</strong></span> <span class='ocrx_word' id='word_1_308' title='bbox 919 3651 1024 3705; x_wconf 90' lang='lat' dir='ltr'><strong>sibi</strong></span> <span class='ocrx_word' id='word_1_309' title='bbox 1060 3649 1254 3705; x_wconf 89' lang='lat' dir='ltr'><strong>fideles</strong></span> <span class='ocrx_word' id='word_1_310' title='bbox 1283 3650 1521 3705; x_wconf 86' lang='lat' dir='ltr'><strong>Verbum</strong></span> <span class='ocrx_word' id='word_1_311' title='bbox 1551 3651 1668 3714; x_wconf 89' lang='lat' dir='ltr'><strong>Dei,</strong></span> <span class='ocrx_word' id='word_1_312' title='bbox 1705 3651 2001 3723; x_wconf 89' lang='lat' dir='ltr'><strong>participa-</strong></span> 
     </span>
    </p>
   </div>
   <div class='ocr_carea' id='block_1_41' title="bbox 390 3740 2005 3816">
    <p class='ocr_par' dir='ltr' id='par_1_41' title="bbox 390 3740 2005 3816">
     <span class='ocr_line' id='line_1_42' title="bbox 390 3740 2005 3816; baseline 0.001 -20"><span class='ocrx_word' id='word_1_313' title='bbox 390 3741 543 3797; x_wconf 87' lang='lat' dir='ltr'><strong>tione</strong></span> <span class='ocrx_word' id='word_1_314' title='bbox 575 3742 737 3810; x_wconf 88' lang='lat' dir='ltr'><strong>hujus</strong></span> <span class='ocrx_word' id='word_1_315' title='bbox 767 3740 1043 3798; x_wconf 84' lang='lat' dir='ltr'><strong>sacrificii.</strong></span> <span class='ocrx_word' id='word_1_316' title='bbox 1076 3741 1314 3796; x_wconf 89' lang='lat' dir='ltr'><strong>Verbum</strong></span> <span class='ocrx_word' id='word_1_317' title='bbox 1342 3757 1473 3816; x_wconf 87' lang='lat' dir='ltr'><strong>ergo</strong></span> <span class='ocrx_word' id='word_1_318' title='bbox 1505 3743 1623 3811; x_wconf 89' lang='lat' dir='ltr'><strong>Dei,</strong></span> <span class='ocrx_word' id='word_1_319' title='bbox 1656 3743 1896 3798; x_wconf 90' lang='lat' dir='ltr'><strong>sublime</strong></span> <span class='ocrx_word' id='word_1_320' title='bbox 1925 3744 2005 3798; x_wconf 90' lang='lat' dir='ltr'><strong>al-</strong></span> 
     </span>
    </p>
   </div>
   <div class='ocr_carea' id='block_1_42' title="bbox 392 3834 2001 3905">
    <p class='ocr_par' dir='ltr' id='par_1_42' title="bbox 392 3834 2001 3905">
     <span class='ocr_line' id='line_1_43' title="bbox 392 3834 2001 3905; baseline 0.001 -16"><span class='ocrx_word' id='word_1_321' title='bbox 392 3841 506 3889; x_wconf 92' lang='lat' dir='ltr'><strong>tare</strong></span> <span class='ocrx_word' id='word_1_322' title='bbox 533 3842 636 3900; x_wconf 89' lang='lat' dir='ltr'><strong>est,</strong></span> <span class='ocrx_word' id='word_1_323' title='bbox 669 3835 736 3889; x_wconf 89' lang='lat' dir='ltr'><strong>ad</strong></span> <span class='ocrx_word' id='word_1_324' title='bbox 774 3834 921 3904; x_wconf 92' lang='lat' dir='ltr'><strong>quod</strong></span> <span class='ocrx_word' id='word_1_325' title='bbox 962 3849 1184 3889; x_wconf 88' lang='lat' dir='ltr'><strong>oramus</strong></span> <span class='ocrx_word' id='word_1_326' title='bbox 1225 3834 1459 3889; x_wconf 89' lang='lat' dir='ltr'><strong>hostiam</strong></span> <span class='ocrx_word' id='word_1_327' title='bbox 1502 3834 1734 3905; x_wconf 87' lang='lat' dir='ltr'><strong>perferri</strong></span> <span class='ocrx_word' id='word_1_328' title='bbox 1772 3837 1828 3890; x_wconf 88' lang='lat' dir='ltr'><strong>in</strong></span> <span class='ocrx_word' id='word_1_329' title='bbox 1872 3851 2001 3892; x_wconf 91' lang='lat' dir='ltr'><strong>con-</strong></span> 
     </span>
    </p>
   </div>
   <div class='ocr_carea' id='block_1_43' title="bbox 390 3929 2004 4002">
    <p class='ocr_par' dir='ltr' id='par_1_43' title="bbox 390 3929 2004 4002">
     <span class='ocr_line' id='line_1_44' title="bbox 390 3929 2004 4002; baseline 0.001 -18"><span class='ocrx_word' id='word_1_330' title='bbox 390 3936 585 4000; x_wconf 85' lang='lat' dir='ltr'><strong>spectu</strong></span> <span class='ocrx_word' id='word_1_331' title='bbox 622 3929 742 3992; x_wconf 89' lang='lat' dir='ltr'><strong>Dei,</strong></span> <span class='ocrx_word' id='word_1_332' title='bbox 788 3936 842 3983; x_wconf 91' lang='lat' dir='ltr'><strong>et</strong></span> <span class='ocrx_word' id='word_1_333' title='bbox 875 3946 973 4000; x_wconf 88' lang='lat' dir='ltr'><strong>per</strong></span> <span class='ocrx_word' id='word_1_334' title='bbox 999 3945 1117 3983; x_wconf 90' lang='lat' dir='ltr'><strong>eam</strong></span> <span class='ocrx_word' id='word_1_335' title='bbox 1176 3944 1276 3984; x_wconf 93' lang='lat' dir='ltr'><strong>nos</strong></span> <span class='ocrx_word' id='word_1_336' title='bbox 1311 3929 1603 3984; x_wconf 90' lang='lat' dir='ltr'><strong>introduci.</strong></span> <span class='ocrx_word' id='word_1_337' title='bbox 1664 3930 2004 4002; x_wconf 89' lang='lat' dir='ltr'><strong>Conspectus</strong></span> 
     </span>
    </p>
   </div>
   <div class='ocr_carea' id='block_1_44' title="bbox 392 4017 2001 4091">
    <p class='ocr_par' dir='ltr' id='par_1_44' title="bbox 392 4017 2001 4091">
     <span class='ocr_line' id='line_1_45' title="bbox 392 4017 2001 4091; baseline 0.002 -21"><span class='ocrx_word' id='word_1_338' title='bbox 392 4017 485 4071; x_wconf 90' lang='lat' dir='ltr'><strong>Dei</strong></span> <span class='ocrx_word' id='word_1_339' title='bbox 515 4023 600 4072; x_wconf 92' lang='lat' dir='ltr'><strong>est</strong></span> <span class='ocrx_word' id='word_1_340' title='bbox 626 4017 852 4071; x_wconf 87' lang='lat' dir='ltr'><strong>verbum</strong></span> <span class='ocrx_word' id='word_1_341' title='bbox 884 4017 1074 4081; x_wconf 90' lang='lat' dir='ltr'><strong>Patris,</strong></span> <span class='ocrx_word' id='word_1_342' title='bbox 1121 4017 1174 4070; x_wconf 90' lang='lat' dir='ltr'><strong>in</strong></span> <span class='ocrx_word' id='word_1_343' title='bbox 1206 4032 1315 4088; x_wconf 91' lang='lat' dir='ltr'><strong>quo</strong></span> <span class='ocrx_word' id='word_1_344' title='bbox 1347 4017 1616 4088; x_wconf 78' lang='lat' dir='ltr'><strong>conSpicit</strong></span> <span class='ocrx_word' id='word_1_345' title='bbox 1658 4033 1821 4074; x_wconf 91' lang='lat' dir='ltr'><strong>omne</strong></span> <span class='ocrx_word' id='word_1_346' title='bbox 1853 4020 2001 4091; x_wconf 91' lang='lat' dir='ltr'><strong>quod</strong></span> 
     </span>
    </p>
   </div>
   <div class='ocr_carea' id='block_1_45' title="bbox 390 4106 1997 4180">
    <p class='ocr_par' dir='ltr' id='par_1_45' title="bbox 390 4106 1997 4180">
     <span class='ocr_line' id='line_1_46' title="bbox 390 4106 1997 4180; baseline 0.004 -20"><span class='ocrx_word' id='word_1_347' title='bbox 390 4107 539 4161; x_wconf 88' lang='lat' dir='ltr'><strong>fecit.</strong></span> <span class='ocrx_word' id='word_1_348' title='bbox 573 4106 704 4160; x_wconf 87' lang='lat' dir='ltr'><strong>Nam</strong></span> <span class='ocrx_word' id='word_1_349' title='bbox 729 4121 894 4162; x_wconf 91' lang='lat' dir='ltr'><strong>omne</strong></span> <span class='ocrx_word' id='word_1_350' title='bbox 917 4107 1064 4177; x_wconf 91' lang='lat' dir='ltr'><strong>quod</strong></span> <span class='ocrx_word' id='word_1_351' title='bbox 1088 4107 1200 4179; x_wconf 83' lang='lat' dir='ltr'><strong>agit</strong></span> <span class='ocrx_word' id='word_1_352' title='bbox 1230 4107 1406 4169; x_wconf 89' lang='lat' dir='ltr'><strong>Pater,</strong></span> <span class='ocrx_word' id='word_1_353' title='bbox 1443 4107 1498 4162; x_wconf 91' lang='lat' dir='ltr'><strong>in</strong></span> <span class='ocrx_word' id='word_1_354' title='bbox 1531 4108 1708 4164; x_wconf 91' lang='lat' dir='ltr'><strong>Verbo</strong></span> <span class='ocrx_word' id='word_1_355' title='bbox 1739 4111 1858 4180; x_wconf 89' lang='lat' dir='ltr'><strong>ejus</strong></span> <span class='ocrx_word' id='word_1_356' title='bbox 1882 4118 1997 4166; x_wconf 89' lang='lat' dir='ltr'><strong>est:</strong></span> 
     </span>
    </p>
   </div>
   <div class='ocr_carea' id='block_1_46' title="bbox 390 4199 2000 4271">
    <p class='ocr_par' dir='ltr' id='par_1_46' title="bbox 390 4199 2000 4271">
     <span class='ocr_line' id='line_1_47' title="bbox 390 4199 2000 4271; baseline 0.002 -17"><span class='ocrx_word' id='word_1_357' title='bbox 390 4201 523 4255; x_wconf 85' lang='lat' dir='ltr'><strong>Nam</strong></span> <span class='ocrx_word' id='word_1_358' title='bbox 555 4199 700 4268; x_wconf 89' lang='lat' dir='ltr'><strong>quod</strong></span> <span class='ocrx_word' id='word_1_359' title='bbox 728 4200 935 4266; x_wconf 80' lang='lat' dir='ltr'><strong>factum</strong></span> <span class='ocrx_word' id='word_1_360' title='bbox 955 4204 1052 4264; x_wconf 88' lang='lat' dir='ltr'><strong>est,</strong></span> <span class='ocrx_word' id='word_1_361' title='bbox 1085 4201 1144 4254; x_wconf 90' lang='lat' dir='ltr'><strong>in</strong></span> <span class='ocrx_word' id='word_1_362' title='bbox 1163 4200 1278 4269; x_wconf 78' lang='lat' dir='ltr'><strong>ipso</strong></span> <span class='ocrx_word' id='word_1_363' title='bbox 1303 4202 1418 4254; x_wconf 84' lang='lat' dir='ltr'><strong>vita</strong></span> <span class='ocrx_word' id='word_1_364' title='bbox 1440 4205 1554 4254; x_wconf 88' lang='lat' dir='ltr'><strong>erat</strong></span> <span class='ocrx_word' id='word_1_365' title='bbox 1594 4199 1768 4269; x_wconf 85' lang='lat' dir='ltr'><strong>(Joan.</strong></span> <span class='ocrx_word' id='word_1_366' title='bbox 1805 4203 1872 4271; x_wconf 77' lang='lat'><strong>1);</strong></span> <span class='ocrx_word' id='word_1_367' title='bbox 1917 4209 2000 4257; x_wconf 87' lang='lat' dir='ltr'><strong>et:</strong></span> 
     </span>
    </p>
   </div>
   <div class='ocr_carea' id='block_1_47' title="bbox 400 4287 2000 4363">
    <p class='ocr_par' dir='ltr' id='par_1_47' title="bbox 400 4287 2000 4363">
     <span class='ocr_line' id='line_1_48' title="bbox 400 4287 2000 4363; baseline 0.004 -20"><span class='ocrx_word' id='word_1_368' title='bbox 400 4291 463 4344; x_wconf 86' lang='lat' dir='ltr'><strong>In</strong></span> <span class='ocrx_word' id='word_1_369' title='bbox 489 4290 770 4359; x_wconf 85' lang='lat' dir='ltr'><strong>principio</strong></span> <span class='ocrx_word' id='word_1_370' title='bbox 809 4292 1009 4343; x_wconf 80' lang='lat' dir='ltr'><strong>creavit</strong></span> <span class='ocrx_word' id='word_1_371' title='bbox 1039 4287 1172 4344; x_wconf 86' lang='lat' dir='ltr'><strong>Deus</strong></span> <span class='ocrx_word' id='word_1_372' title='bbox 1211 4290 1394 4344; x_wconf 59' lang='lat' dir='ltr'><strong>castum</strong></span> <span class='ocrx_word' id='word_1_373' title='bbox 1437 4295 1488 4344; x_wconf 85' lang='lat' dir='ltr'><strong>et</strong></span> <span class='ocrx_word' id='word_1_374' title='bbox 1528 4295 1728 4345; x_wconf 85' lang='lat' dir='ltr'><strong>terram</strong></span> <span class='ocrx_word' id='word_1_375' title='bbox 1766 4291 1915 4361; x_wconf 87' lang='lat' dir='ltr'><strong>(Gen.</strong></span> <span class='ocrx_word' id='word_1_376' title='bbox 1940 4294 2000 4363; x_wconf 76' lang='grc' dir='ltr'><strong>ι).</strong></span> 
     </span>
    </p>
   </div>
   <div class='ocr_carea' id='block_1_48' title="bbox 2077 474 3728 545">
    <p class='ocr_par' dir='ltr' id='par_1_48' title="bbox 2077 474 3728 545">
     <span class='ocr_line' id='line_1_49' title="bbox 2077 474 3728 545; baseline -0.001 -17"><span class='ocrx_word' id='word_1_377' title='bbox 2077 493 2080 496; x_wconf 67' lang='grc'><strong>’</strong></span> <span class='ocrx_word' id='word_1_378' title='bbox 2107 491 2234 530; x_wconf 89' lang='lat' dir='ltr'><strong>nem</strong></span> <span class='ocrx_word' id='word_1_379' title='bbox 2277 475 2469 529; x_wconf 88' lang='lat' dir='ltr'><strong>Christi</strong></span> <span class='ocrx_word' id='word_1_380' title='bbox 2498 476 2787 542; x_wconf 90' lang='lat' dir='ltr'><strong>sumimus,</strong></span> <span class='ocrx_word' id='word_1_381' title='bbox 2820 476 2888 529; x_wconf 89' lang='lat' dir='ltr'><strong>de</strong></span> <span class='ocrx_word' id='word_1_382' title='bbox 2935 476 3074 530; x_wconf 82' lang='lat' dir='ltr'><strong>coelo</strong></span> <span class='ocrx_word' id='word_1_383' title='bbox 3103 477 3275 530; x_wconf 72' lang='lat' dir='ltr'><strong>Deum</strong></span> <span class='ocrx_word' id='word_1_384' title='bbox 3306 475 3636 545; x_wconf 88' lang='lat' dir='ltr'><strong>accipimus,</strong></span> <span class='ocrx_word' id='word_1_385' title='bbox 3675 474 3728 526; x_wconf 91' lang='lat' dir='ltr'><strong>in</strong></span> 
     </span>
    </p>
   </div>
   <div class='ocr_carea' id='block_1_49' title="bbox 2106 567 3727 640">
    <p class='ocr_par' dir='ltr' id='par_1_49' title="bbox 2106 567 3727 640">
     <span class='ocr_line' id='line_1_50' title="bbox 2106 567 3727 640; baseline -0.001 -20"><span class='ocrx_word' id='word_1_386' title='bbox 2106 583 2218 637; x_wconf 92' lang='lat' dir='ltr'><strong>quo</strong></span> <span class='ocrx_word' id='word_1_387' title='bbox 2247 568 2396 622; x_wconf 92' lang='lat' dir='ltr'><strong>omni</strong></span> <span class='ocrx_word' id='word_1_388' title='bbox 2428 567 2820 624; x_wconf 88' lang='lat' dir='ltr'><strong>benedictione</strong></span> <span class='ocrx_word' id='word_1_389' title='bbox 2857 568 3069 623; x_wconf 64' lang='lat' dir='ltr'><strong>caelesti</strong></span> <span class='ocrx_word' id='word_1_390' title='bbox 3103 574 3156 622; x_wconf 90' lang='lat' dir='ltr'><strong>et</strong></span> <span class='ocrx_word' id='word_1_391' title='bbox 3185 568 3358 640; x_wconf 86' lang='lat' dir='ltr'><strong>gratia</strong></span> <span class='ocrx_word' id='word_1_392' title='bbox 3386 567 3727 637; x_wconf 90' lang='lat' dir='ltr'><strong>repleamur.</strong></span> 
     </span>
    </p>
   </div>
   <div class='ocr_carea' id='block_1_50' title="bbox 2103 656 3728 731">
    <p class='ocr_par' dir='ltr' id='par_1_50' title="bbox 2103 656 3728 731">
     <span class='ocr_line' id='line_1_51' title="bbox 2103 656 3728 731; baseline -0.001 -19"><span class='ocrx_word' id='word_1_393' title='bbox 2103 659 2382 713; x_wconf 86' lang='lat' dir='ltr'><strong>Sumimus</strong></span> <span class='ocrx_word' id='word_1_394' title='bbox 2408 659 2497 714; x_wconf 90' lang='lat' dir='ltr'><strong>hic</strong></span> <span class='ocrx_word' id='word_1_395' title='bbox 2524 658 2818 714; x_wconf 84' lang='lat' dir='ltr'><strong>visibiliter</strong></span> <span class='ocrx_word' id='word_1_396' title='bbox 2845 674 3048 730; x_wconf 90' lang='lat' dir='ltr'><strong>corpus</strong></span> <span class='ocrx_word' id='word_1_397' title='bbox 3111 665 3166 714; x_wconf 93' lang='lat' dir='ltr'><strong>et</strong></span> <span class='ocrx_word' id='word_1_398' title='bbox 3198 659 3529 731; x_wconf 88' lang='lat' dir='ltr'><strong>sanguinem</strong></span> <span class='ocrx_word' id='word_1_399' title='bbox 3559 656 3728 712; x_wconf 70' lang='lat' dir='ltr'><strong>Chri~</strong></span> 
     </span>
    </p>
   </div>
   <div class='ocr_carea' id='block_1_51' title="bbox 2103 747 3732 819">
    <p class='ocr_par' dir='ltr' id='par_1_51' title="bbox 2103 747 3732 819">
     <span class='ocr_line' id='line_1_52' title="bbox 2103 747 3732 819; baseline -0.001 -19"><span class='ocrx_word' id='word_1_400' title='bbox 2103 747 2191 813; x_wconf 90' lang='lat' dir='ltr'><strong>sti,</strong></span> <span class='ocrx_word' id='word_1_401' title='bbox 2213 748 2484 802; x_wconf 89' lang='lat' dir='ltr'><strong>sumimus</strong></span> <span class='ocrx_word' id='word_1_402' title='bbox 2522 747 2877 802; x_wconf 80' lang='lat' dir='ltr'><strong>invisibiliter</strong></span> <span class='ocrx_word' id='word_1_403' title='bbox 2903 747 2970 802; x_wconf 88' lang='lat' dir='ltr'><strong>de</strong></span> <span class='ocrx_word' id='word_1_404' title='bbox 3000 747 3163 814; x_wconf 70' lang='lat' dir='ltr'><strong>caalo,</strong></span> <span class='ocrx_word' id='word_1_405' title='bbox 3213 763 3324 819; x_wconf 92' lang='lat' dir='ltr'><strong>quo</strong></span> <span class='ocrx_word' id='word_1_406' title='bbox 3357 747 3568 819; x_wconf 87' lang='lat' dir='ltr'><strong>perlata</strong></span> <span class='ocrx_word' id='word_1_407' title='bbox 3595 755 3732 800; x_wconf 88' lang='lat' dir='ltr'><strong>sunt</strong></span> 
     </span>
    </p>
   </div>
   <div class='ocr_carea' id='block_1_52' title="bbox 2102 837 3730 911">
    <p class='ocr_par' dir='ltr' id='par_1_52' title="bbox 2102 837 3730 911">
     <span class='ocr_line' id='line_1_53' title="bbox 2102 837 3730 911; baseline -0.001 -18"><span class='ocrx_word' id='word_1_408' title='bbox 2102 838 2574 905; x_wconf 89' lang='lat' dir='ltr'><strong>benedictionem,</strong></span> <span class='ocrx_word' id='word_1_409' title='bbox 2607 844 2661 894; x_wconf 89' lang='lat' dir='ltr'><strong>et</strong></span> <span class='ocrx_word' id='word_1_410' title='bbox 2690 837 2920 911; x_wconf 86' lang='lat' dir='ltr'><strong>gratiam</strong></span> <span class='ocrx_word' id='word_1_411' title='bbox 2975 838 3071 895; x_wconf 91' lang='lat' dir='ltr'><strong>Dei</strong></span> <span class='ocrx_word' id='word_1_412' title='bbox 3129 839 3430 906; x_wconf 91' lang='lat' dir='ltr'><strong>Sumimus,</strong></span> <span class='ocrx_word' id='word_1_413' title='bbox 3470 839 3730 909; x_wconf 87' lang='lat' dir='ltr'><strong>inquam,</strong></span> 
     </span>
    </p>
   </div>
   <div class='ocr_carea' id='block_1_53' title="bbox 2106 931 3730 1008">
    <p class='ocr_par' dir='ltr' id='par_1_53' title="bbox 2106 931 3730 1008">
     <span class='ocr_line' id='line_1_54' title="bbox 2106 931 3730 1008; baseline 0 -24"><span class='ocrx_word' id='word_1_414' title='bbox 2106 933 2336 1004; x_wconf 86' lang='lat' dir='ltr'><strong>gratiam</strong></span> <span class='ocrx_word' id='word_1_415' title='bbox 2363 941 2418 988; x_wconf 91' lang='lat' dir='ltr'><strong>et</strong></span> <span class='ocrx_word' id='word_1_416' title='bbox 2444 933 2913 1000; x_wconf 75' lang='lat' dir='ltr'><strong>benedictionem,</strong></span> <span class='ocrx_word' id='word_1_417' title='bbox 2941 932 3219 1004; x_wconf 89' lang='lat' dir='ltr'><strong>siquidem</strong></span> <span class='ocrx_word' id='word_1_418' title='bbox 3250 931 3419 1008; x_wconf 88' lang='lat' dir='ltr'><strong>digne</strong></span> <span class='ocrx_word' id='word_1_419' title='bbox 3448 931 3730 988; x_wconf 89' lang='lat' dir='ltr'><strong>sumimus</strong></span> 
     </span>
    </p>
   </div>
   <div class='ocr_carea' id='block_1_54' title="bbox 2108 1019 3733 1095">
    <p class='ocr_par' dir='ltr' id='par_1_54' title="bbox 2108 1019 3733 1095">
     <span class='ocr_line' id='line_1_55' title="bbox 2108 1019 3733 1095; baseline -0.001 -19"><span class='ocrx_word' id='word_1_420' title='bbox 2108 1019 2298 1076; x_wconf 91' lang='lat' dir='ltr'><strong>Christi</strong></span> <span class='ocrx_word' id='word_1_421' title='bbox 2332 1036 2534 1092; x_wconf 89' lang='lat' dir='ltr'><strong>corpus</strong></span> <span class='ocrx_word' id='word_1_422' title='bbox 2577 1028 2632 1076; x_wconf 89' lang='lat' dir='ltr'><strong>et</strong></span> <span class='ocrx_word' id='word_1_423' title='bbox 2668 1021 3039 1094; x_wconf 74' lang='lat' dir='ltr'><strong>sanguinem.</strong></span> <span class='ocrx_word' id='word_1_424' title='bbox 3072 1021 3205 1075; x_wconf 87' lang='lat' dir='ltr'><strong>Nam</strong></span> <span class='ocrx_word' id='word_1_425' title='bbox 3247 1021 3340 1092; x_wconf 92' lang='lat' dir='ltr'><strong>qui</strong></span> <span class='ocrx_word' id='word_1_426' title='bbox 3373 1020 3606 1095; x_wconf 88' lang='lat' dir='ltr'><strong>indigne</strong></span> <span class='ocrx_word' id='word_1_427' title='bbox 3637 1037 3733 1074; x_wconf 85' lang='lat' dir='ltr'><strong>su-</strong></span> 
     </span>
    </p>
   </div>
   <div class='ocr_carea' id='block_1_55' title="bbox 2111 1109 3729 1181">
    <p class='ocr_par' dir='ltr' id='par_1_55' title="bbox 2111 1109 3729 1181">
     <span class='ocr_line' id='line_1_56' title="bbox 2111 1109 3729 1181; baseline -0.001 -17"><span class='ocrx_word' id='word_1_428' title='bbox 2111 1111 2226 1176; x_wconf 90' lang='lat' dir='ltr'><strong>mit,</strong></span> <span class='ocrx_word' id='word_1_429' title='bbox 2258 1125 2355 1164; x_wconf 90' lang='lat' dir='ltr'><strong>ore</strong></span> <span class='ocrx_word' id='word_1_430' title='bbox 2385 1110 2610 1181; x_wconf 87' lang='lat' dir='ltr'><strong>quidem</strong></span> <span class='ocrx_word' id='word_1_431' title='bbox 2669 1110 2835 1164; x_wconf 91' lang='lat' dir='ltr'><strong>sumit</strong></span> <span class='ocrx_word' id='word_1_432' title='bbox 2894 1116 2949 1165; x_wconf 89' lang='lat' dir='ltr'><strong>et</strong></span> <span class='ocrx_word' id='word_1_433' title='bbox 2976 1109 3141 1164; x_wconf 88' lang='lat' dir='ltr'><strong>dente</strong></span> <span class='ocrx_word' id='word_1_434' title='bbox 3188 1110 3313 1164; x_wconf 92' lang='lat' dir='ltr'><strong>terit</strong></span> <span class='ocrx_word' id='word_1_435' title='bbox 3341 1110 3729 1181; x_wconf 87' lang='lat' dir='ltr'><strong>corporaliter,</strong></span> 
     </span>
    </p>
   </div>
   <div class='ocr_carea' id='block_1_56' title="bbox 2110 1199 3732 1273">
    <p class='ocr_par' dir='ltr' id='par_1_56' title="bbox 2110 1199 3732 1273">
     <span class='ocr_line' id='line_1_57' title="bbox 2110 1199 3732 1273; baseline 0.001 -19"><span class='ocrx_word' id='word_1_436' title='bbox 2110 1202 2207 1256; x_wconf 90' lang='lat' dir='ltr'><strong>sed</strong></span> <span class='ocrx_word' id='word_1_437' title='bbox 2234 1201 2375 1256; x_wconf 88' lang='lat' dir='ltr'><strong>nihil</strong></span> <span class='ocrx_word' id='word_1_438' title='bbox 2421 1199 2638 1272; x_wconf 86' lang='lat' dir='ltr'><strong>proficit</strong></span> <span class='ocrx_word' id='word_1_439' title='bbox 2687 1201 3068 1272; x_wconf 89' lang='lat' dir='ltr'><strong>spiritualiter.</strong></span> <span class='ocrx_word' id='word_1_440' title='bbox 3113 1203 3228 1256; x_wconf 93' lang='lat' dir='ltr'><strong>lmo</strong></span> <span class='ocrx_word' id='word_1_441' title='bbox 3267 1201 3362 1273; x_wconf 89' lang='lat' dir='ltr'><strong>qui</strong></span> <span class='ocrx_word' id='word_1_442' title='bbox 3412 1217 3620 1272; x_wconf 91' lang='lat' dir='ltr'><strong>corpus</strong></span> <span class='ocrx_word' id='word_1_443' title='bbox 3679 1213 3732 1256; x_wconf 90' lang='lat' dir='ltr'><strong>et</strong></span> 
     </span>
    </p>
   </div>
   <div class='ocr_carea' id='block_1_57' title="bbox 2112 1291 3732 1366">
    <p class='ocr_par' dir='ltr' id='par_1_57' title="bbox 2112 1291 3732 1366">
     <span class='ocr_line' id='line_1_58' title="bbox 2112 1291 3732 1366; baseline 0 -22"><span class='ocrx_word' id='word_1_444' title='bbox 2112 1293 2437 1366; x_wconf 89' lang='lat' dir='ltr'><strong>sanguinem</strong></span> <span class='ocrx_word' id='word_1_445' title='bbox 2516 1291 2708 1346; x_wconf 89' lang='lat' dir='ltr'><strong>Christi</strong></span> <span class='ocrx_word' id='word_1_446' title='bbox 2762 1291 2930 1345; x_wconf 88' lang='lat' dir='ltr'><strong>sumit</strong></span> <span class='ocrx_word' id='word_1_447' title='bbox 2993 1291 3244 1363; x_wconf 85' lang='lat' dir='ltr'><strong>indigne,</strong></span> <span class='ocrx_word' id='word_1_448' title='bbox 3289 1291 3560 1359; x_wconf 90' lang='lat' dir='ltr'><strong>judicium</strong></span> <span class='ocrx_word' id='word_1_449' title='bbox 3627 1291 3732 1345; x_wconf 92' lang='lat' dir='ltr'><strong>sibi</strong></span> 
     </span>
    </p>
   </div>
   <div class='ocr_carea' id='block_1_58' title="bbox 2108 1386 3734 1459">
    <p class='ocr_par' dir='ltr' id='par_1_58' title="bbox 2108 1386 3734 1459">
     <span class='ocr_line' id='line_1_59' title="bbox 2108 1386 3734 1459; baseline -0.002 -17"><span class='ocrx_word' id='word_1_450' title='bbox 2108 1388 2402 1442; x_wconf 78' lang='lat' dir='ltr'><strong>manducet</strong></span> <span class='ocrx_word' id='word_1_451' title='bbox 2455 1393 2510 1440; x_wconf 91' lang='lat' dir='ltr'><strong>et</strong></span> <span class='ocrx_word' id='word_1_452' title='bbox 2549 1386 2690 1441; x_wconf 89' lang='lat' dir='ltr'><strong>bibit</strong></span> <span class='ocrx_word' id='word_1_453' title='bbox 2717 1386 2764 1455; x_wconf 87' lang='grc' dir='ltr'><strong>(Ι</strong></span> <span class='ocrx_word' id='word_1_454' title='bbox 2798 1389 2916 1444; x_wconf 88' lang='lat' dir='ltr'><strong>Cor.</strong></span> <span class='ocrx_word' id='word_1_455' title='bbox 2953 1387 3034 1456; x_wconf 88' lang='grc' dir='ltr'><strong>ιι).</strong></span> <span class='ocrx_word' id='word_1_456' title='bbox 3078 1386 3320 1457; x_wconf 86' lang='lat' dir='ltr'><strong>[deoque</strong></span> <span class='ocrx_word' id='word_1_457' title='bbox 3378 1401 3644 1459; x_wconf 88' lang='lat' dir='ltr'><strong>rogamus</strong></span> <span class='ocrx_word' id='word_1_458' title='bbox 3675 1394 3734 1439; x_wconf 92' lang='lat' dir='ltr'><strong>ut</strong></span> 
     </span>
    </p>
   </div>
   <div class='ocr_carea' id='block_1_59' title="bbox 2108 1474 3726 1546">
    <p class='ocr_par' dir='ltr' id='par_1_59' title="bbox 2108 1474 3726 1546">
     <span class='ocr_line' id='line_1_60' title="bbox 2108 1474 3726 1546; baseline -0.001 -17"><span class='ocrx_word' id='word_1_459' title='bbox 2108 1481 2376 1546; x_wconf 88' lang='lat' dir='ltr'><strong>quotquot</strong></span> <span class='ocrx_word' id='word_1_460' title='bbox 2405 1491 2470 1529; x_wconf 86' lang='lat' dir='ltr'><strong>ex</strong></span> <span class='ocrx_word' id='word_1_461' title='bbox 2501 1475 2604 1529; x_wconf 89' lang='lat' dir='ltr'><strong>hac</strong></span> <span class='ocrx_word' id='word_1_462' title='bbox 2633 1474 2819 1529; x_wconf 88' lang='lat' dir='ltr'><strong>altaris</strong></span> <span class='ocrx_word' id='word_1_463' title='bbox 2849 1474 3268 1544; x_wconf 90' lang='lat' dir='ltr'><strong>participatione</strong></span> <span class='ocrx_word' id='word_1_464' title='bbox 3306 1482 3726 1529; x_wconf 89' lang='lat' dir='ltr'><strong>sacrosanctum</strong></span> 
     </span>
    </p>
   </div>
   <div class='ocr_carea' id='block_1_60' title="bbox 2110 1569 3794 1643">
    <p class='ocr_par' dir='ltr' id='par_1_60' title="bbox 2110 1569 3794 1643">
     <span class='ocr_line' id='line_1_61' title="bbox 2110 1569 3794 1643; baseline 0.001 -20"><span class='ocrx_word' id='word_1_465' title='bbox 2110 1569 2224 1624; x_wconf 85' lang='lat' dir='ltr'><strong>Filii</strong></span> <span class='ocrx_word' id='word_1_466' title='bbox 2247 1569 2324 1625; x_wconf 86' lang='lat' dir='ltr'><strong>tui</strong></span> <span class='ocrx_word' id='word_1_467' title='bbox 2355 1584 2555 1640; x_wconf 90' lang='lat' dir='ltr'><strong>corpus</strong></span> <span class='ocrx_word' id='word_1_468' title='bbox 2581 1579 2636 1624; x_wconf 91' lang='lat' dir='ltr'><strong>et</strong></span> <span class='ocrx_word' id='word_1_469' title='bbox 2657 1570 2984 1643; x_wconf 88' lang='lat' dir='ltr'><strong>sanguinem</strong></span> <span class='ocrx_word' id='word_1_470' title='bbox 3003 1569 3422 1640; x_wconf 84' lang='lat' dir='ltr'><strong>sumpserimus,</strong></span> <span class='ocrx_word' id='word_1_471' title='bbox 3455 1569 3593 1623; x_wconf 89' lang='lat' dir='ltr'><strong>inde</strong></span> <span class='ocrx_word' id='word_1_472' title='bbox 3620 1586 3734 1641; x_wconf 91' lang='lat' dir='ltr'><strong>quo</strong></span> <span class='ocrx_word' id='word_1_473' title='bbox 3785 1575 3794 1590; x_wconf 72' lang='lat'><strong><em>&quot;</em></strong></span> 
     </span>
    </p>
   </div>
   <div class='ocr_carea' id='block_1_61' title="bbox 2111 1656 3736 1731">
    <p class='ocr_par' dir='ltr' id='par_1_61' title="bbox 2111 1656 3736 1731">
     <span class='ocr_line' id='line_1_62' title="bbox 2111 1656 3736 1731; baseline 0 -20"><span class='ocrx_word' id='word_1_474' title='bbox 2111 1656 2318 1728; x_wconf 87' lang='lat' dir='ltr'><strong>perlata</strong></span> <span class='ocrx_word' id='word_1_475' title='bbox 2373 1664 2519 1725; x_wconf 92' lang='lat' dir='ltr'><strong>sunt,</strong></span> <span class='ocrx_word' id='word_1_476' title='bbox 2562 1657 2711 1713; x_wconf 91' lang='lat' dir='ltr'><strong>omni</strong></span> <span class='ocrx_word' id='word_1_477' title='bbox 2758 1657 3152 1712; x_wconf 89' lang='lat' dir='ltr'><strong>benedictione</strong></span> <span class='ocrx_word' id='word_1_478' title='bbox 3190 1657 3404 1713; x_wconf 57' lang='lat' dir='ltr'><strong>caelesti</strong></span> <span class='ocrx_word' id='word_1_479' title='bbox 3463 1664 3521 1712; x_wconf 91' lang='lat' dir='ltr'><strong>et</strong></span> <span class='ocrx_word' id='word_1_480' title='bbox 3557 1659 3736 1731; x_wconf 84' lang='lat' dir='ltr'><strong>gratia</strong></span> 
     </span>
    </p>
   </div>
   <div class='ocr_carea' id='block_1_62' title="bbox 2623 1814 3201 1872">
    <p class='ocr_par' dir='ltr' id='par_1_62' title="bbox 2623 1814 3201 1872">
     <span class='ocr_line' id='line_1_63' title="bbox 2623 1814 3201 1872; baseline 0.007 -4"><span class='ocrx_word' id='word_1_481' title='bbox 2623 1814 2876 1870; x_wconf 83' lang='lat' dir='ltr'><strong>TEXTUS</strong></span> <span class='ocrx_word' id='word_1_482' title='bbox 2901 1814 3201 1872; x_wconf 84' lang='lat' dir='ltr'><strong>CANONIS.</strong></span> 
     </span>
    </p>
   </div>
   <div class='ocr_carea' id='block_1_63' title="bbox 2636 1926 3195 1973">
    <p class='ocr_par' dir='ltr' id='par_1_63' title="bbox 2636 1926 3195 1973">
     <span class='ocr_line' id='line_1_64' title="bbox 2636 1926 3195 1973; baseline 0.004 -9"><span class='ocrx_word' id='word_1_483' title='bbox 2636 1926 2927 1965; x_wconf 78' lang='lat' dir='ltr'><strong>DISTINCTIO</strong></span> <span class='ocrx_word' id='word_1_484' title='bbox 2967 1927 3195 1973; x_wconf 76' lang='lat' dir='ltr'><strong>QUARTA.</strong></span> 
     </span>
    </p>
   </div>
   <div class='ocr_carea' id='block_1_64' title="bbox 2182 2018 3735 2088">
    <p class='ocr_par' dir='ltr' id='par_1_64' title="bbox 2182 2018 3735 2088">
     <span class='ocr_line' id='line_1_65' title="bbox 2182 2018 3735 2088; baseline -0.002 -13"><span class='ocrx_word' id='word_1_485' title='bbox 2182 2019 2438 2075; x_wconf 84' lang='lat' dir='ltr'><strong>Memento</strong></span> <span class='ocrx_word' id='word_1_486' title='bbox 2456 2018 2640 2084; x_wconf 87' lang='lat' dir='ltr'><strong>etiam,</strong></span> <span class='ocrx_word' id='word_1_487' title='bbox 2669 2020 2908 2085; x_wconf 87' lang='lat' dir='ltr'><strong>Domine,</strong></span> <span class='ocrx_word' id='word_1_488' title='bbox 2930 2019 3264 2084; x_wconf 83' lang='lat' dir='ltr'><strong>famulorum</strong></span> <span class='ocrx_word' id='word_1_489' title='bbox 3282 2019 3735 2088; x_wconf 83' lang='lat' dir='ltr'><strong>famularumque</strong></span> 
     </span>
    </p>
   </div>
   <div class='ocr_carea' id='block_1_65' title="bbox 2115 2112 3734 2180">
    <p class='ocr_par' dir='ltr' id='par_1_65' title="bbox 2115 2112 3734 2180">
     <span class='ocr_line' id='line_1_66' title="bbox 2115 2112 3734 2180; baseline -0.001 -15"><span class='ocrx_word' id='word_1_490' title='bbox 2115 2117 2349 2177; x_wconf 88' lang='lat' dir='ltr'><strong>tuarum,</strong></span> <span class='ocrx_word' id='word_1_491' title='bbox 2391 2116 2487 2180; x_wconf 86' lang='lat' dir='ltr'><strong>qui</strong></span> <span class='ocrx_word' id='word_1_492' title='bbox 2528 2126 2624 2166; x_wconf 84' lang='lat' dir='ltr'><strong>nos</strong></span> <span class='ocrx_word' id='word_1_493' title='bbox 2666 2115 3060 2180; x_wconf 72' lang='lat' dir='ltr'><strong>praecesserunt</strong></span> <span class='ocrx_word' id='word_1_494' title='bbox 3114 2127 3231 2165; x_wconf 87' lang='lat' dir='ltr'><strong>cum</strong></span> <span class='ocrx_word' id='word_1_495' title='bbox 3287 2113 3439 2179; x_wconf 87' lang='lat' dir='ltr'><strong>signo</strong></span> <span class='ocrx_word' id='word_1_496' title='bbox 3487 2112 3644 2179; x_wconf 80' lang='lat' dir='ltr'><strong>ﬁdei,</strong></span> <span class='ocrx_word' id='word_1_497' title='bbox 3685 2119 3734 2165; x_wconf 80' lang='lat' dir='ltr'><strong>et</strong></span> 
     </span>
    </p>
   </div>
   <div class='ocr_carea' id='block_1_66' title="bbox 2112 2203 3733 2273">
    <p class='ocr_par' dir='ltr' id='par_1_66' title="bbox 2112 2203 3733 2273">
     <span class='ocr_line' id='line_1_67' title="bbox 2112 2203 3733 2273; baseline 0.001 -16"><span class='ocrx_word' id='word_1_498' title='bbox 2112 2204 2387 2258; x_wconf 86' lang='lat' dir='ltr'><strong>dormiunt</strong></span> <span class='ocrx_word' id='word_1_499' title='bbox 2415 2205 2474 2258; x_wconf 90' lang='lat' dir='ltr'><strong>in</strong></span> <span class='ocrx_word' id='word_1_500' title='bbox 2511 2218 2689 2258; x_wconf 87' lang='lat' dir='ltr'><strong>somno</strong></span> <span class='ocrx_word' id='word_1_501' title='bbox 2717 2205 2891 2273; x_wconf 80' lang='lat' dir='ltr'><strong>pacis.</strong></span> <span class='ocrx_word' id='word_1_502' title='bbox 2919 2203 3080 2271; x_wconf 88' lang='lat' dir='ltr'><strong>Ipsis,</strong></span> <span class='ocrx_word' id='word_1_503' title='bbox 3128 2205 3370 2264; x_wconf 79' lang='lat' dir='ltr'><strong>Domine.</strong></span> <span class='ocrx_word' id='word_1_504' title='bbox 3402 2207 3450 2258; x_wconf 89' lang='lat' dir='ltr'><strong>et</strong></span> <span class='ocrx_word' id='word_1_505' title='bbox 3478 2205 3733 2258; x_wconf 82' lang='lat' dir='ltr'><strong>omnibus</strong></span> 
     </span>
    </p>
   </div>
   <div class='ocr_carea' id='block_1_67' title="bbox 2110 2291 3736 2362">
    <p class='ocr_par' dir='ltr' id='par_1_67' title="bbox 2110 2291 3736 2362">
     <span class='ocr_line' id='line_1_68' title="bbox 2110 2291 3736 2362; baseline -0.001 -15"><span class='ocrx_word' id='word_1_506' title='bbox 2110 2295 2168 2347; x_wconf 89' lang='lat' dir='ltr'><strong>in</strong></span> <span class='ocrx_word' id='word_1_507' title='bbox 2191 2293 2402 2348; x_wconf 70' lang='lat' dir='ltr'><strong>Christo</strong></span> <span class='ocrx_word' id='word_1_508' title='bbox 2431 2293 2845 2362; x_wconf 79' lang='lat' dir='ltr'><strong>quiescentibus,</strong></span> <span class='ocrx_word' id='word_1_509' title='bbox 2871 2291 3040 2346; x_wconf 90' lang='lat' dir='ltr'><strong>locum</strong></span> <span class='ocrx_word' id='word_1_510' title='bbox 3069 2292 3371 2359; x_wconf 76' lang='lat' dir='ltr'><strong>re/n&#39;gerii,</strong></span> <span class='ocrx_word' id='word_1_511' title='bbox 3403 2292 3542 2346; x_wconf 81' lang='lat' dir='ltr'><strong>lucis</strong></span> <span class='ocrx_word' id='word_1_512' title='bbox 3564 2299 3617 2346; x_wconf 87' lang='lat' dir='ltr'><strong>et</strong></span> <span class='ocrx_word' id='word_1_513' title='bbox 3629 2309 3736 2362; x_wconf 85' lang='lat' dir='ltr'><strong>pa-</strong></span> 
     </span>
    </p>
   </div>
   <div class='ocr_carea' id='block_1_68' title="bbox 2107 2380 3732 2450">
    <p class='ocr_par' dir='ltr' id='par_1_68' title="bbox 2107 2380 3732 2450">
     <span class='ocr_line' id='line_1_69' title="bbox 2107 2380 3732 2450; baseline -0.002 -13"><span class='ocrx_word' id='word_1_514' title='bbox 2107 2384 2205 2449; x_wconf 85' lang='lat' dir='ltr'><strong>cis,</strong></span> <span class='ocrx_word' id='word_1_515' title='bbox 2255 2387 2313 2436; x_wconf 84' lang='lat' dir='ltr'><strong>ut</strong></span> <span class='ocrx_word' id='word_1_516' title='bbox 2340 2382 2626 2449; x_wconf 80' lang='lat' dir='ltr'><strong>indulgeas</strong></span> <span class='ocrx_word' id='word_1_517' title='bbox 2654 2381 3024 2450; x_wconf 78' lang='lat' dir='ltr'><strong>deprecamur,</strong></span> <span class='ocrx_word' id='word_1_518' title='bbox 3053 2396 3147 2449; x_wconf 88' lang='lat' dir='ltr'><strong>per</strong></span> <span class='ocrx_word' id='word_1_519' title='bbox 3185 2380 3419 2435; x_wconf 85' lang='lat' dir='ltr'><strong>eumdem</strong></span> <span class='ocrx_word' id='word_1_520' title='bbox 3452 2380 3732 2436; x_wconf 74' lang='lat' dir='ltr'><strong>Christum</strong></span> 
     </span>
    </p>
   </div>
   <div class='ocr_carea' id='block_1_69' title="bbox 2106 2477 2939 2534">
    <p class='ocr_par' dir='ltr' id='par_1_69' title="bbox 2106 2477 2939 2534">
     <span class='ocr_line' id='line_1_70' title="bbox 2106 2477 2939 2534; baseline -0.007 0"><span class='ocrx_word' id='word_1_521' title='bbox 2106 2481 2394 2534; x_wconf 87' lang='lat' dir='ltr'><strong>Dominum</strong></span> <span class='ocrx_word' id='word_1_522' title='bbox 2440 2481 2700 2532; x_wconf 82' lang='lat' dir='ltr'><strong>nostrum.</strong></span> <span class='ocrx_word' id='word_1_523' title='bbox 2749 2477 2939 2530; x_wconf 85' lang='lat' dir='ltr'><strong>Amen.</strong></span> 
     </span>
    </p>
   </div>
   <div class='ocr_carea' id='block_1_70' title="bbox 2535 2583 3296 2624">
    <p class='ocr_par' dir='ltr' id='par_1_70' title="bbox 2535 2583 3296 2624">
     <span class='ocr_line' id='line_1_71' title="bbox 2535 2583 3296 2624; baseline -0.003 0"><span class='ocrx_word' id='word_1_524' title='bbox 2535 2583 2805 2624; x_wconf 79' lang='lat' dir='ltr'><strong>EXPOSITIO</strong></span> <span class='ocrx_word' id='word_1_525' title='bbox 2837 2583 3024 2623; x_wconf 79' lang='lat' dir='ltr'><strong>DOMINI</strong></span> <span class='ocrx_word' id='word_1_526' title='bbox 3075 2583 3296 2624; x_wconf 71' lang='grc' dir='ltr'><strong>οῡοκιε.</strong></span> 
     </span>
    </p>
   </div>
   <div class='ocr_carea' id='block_1_71' title="bbox 2180 2659 3733 2731">
    <p class='ocr_par' dir='ltr' id='par_1_71' title="bbox 2180 2659 3733 2731">
     <span class='ocr_line' id='line_1_72' title="bbox 2180 2659 3733 2731; baseline -0.001 -14"><span class='ocrx_word' id='word_1_527' title='bbox 2180 2663 2287 2718; x_wconf 89' lang='lat' dir='ltr'><strong>Hac</strong></span> <span class='ocrx_word' id='word_1_528' title='bbox 2316 2662 2475 2718; x_wconf 88' lang='lat' dir='ltr'><strong>tertia</strong></span> <span class='ocrx_word' id='word_1_529' title='bbox 2506 2660 2758 2731; x_wconf 88' lang='lat' dir='ltr'><strong>periodo,</strong></span> <span class='ocrx_word' id='word_1_530' title='bbox 2793 2675 2915 2731; x_wconf 67' lang='lat' dir='ltr'><strong>quae</strong></span> <span class='ocrx_word' id='word_1_531' title='bbox 2946 2660 3001 2714; x_wconf 90' lang='lat' dir='ltr'><strong>in</strong></span> <span class='ocrx_word' id='word_1_532' title='bbox 3029 2659 3380 2716; x_wconf 88' lang='lat' dir='ltr'><strong>confectione</strong></span> <span class='ocrx_word' id='word_1_533' title='bbox 3399 2661 3657 2731; x_wconf 88' lang='lat' dir='ltr'><strong>corporis</strong></span> <span class='ocrx_word' id='word_1_534' title='bbox 3679 2671 3733 2716; x_wconf 84' lang='lat' dir='ltr'><strong>et</strong></span> 
     </span>
    </p>
   </div>
   <div class='ocr_carea' id='block_1_72' title="bbox 2109 2747 3728 2824">
    <p class='ocr_par' dir='ltr' id='par_1_72' title="bbox 2109 2747 3728 2824">
     <span class='ocr_line' id='line_1_73' title="bbox 2109 2747 3728 2824; baseline -0.001 -18"><span class='ocrx_word' id='word_1_535' title='bbox 2109 2751 2395 2824; x_wconf 87' lang='lat' dir='ltr'><strong>sanguinis</strong></span> <span class='ocrx_word' id='word_1_536' title='bbox 2449 2749 2645 2804; x_wconf 89' lang='lat' dir='ltr'><strong>Christi</strong></span> <span class='ocrx_word' id='word_1_537' title='bbox 2689 2749 2925 2816; x_wconf 89' lang='lat' dir='ltr'><strong>sudavit,</strong></span> <span class='ocrx_word' id='word_1_538' title='bbox 2985 2750 3273 2820; x_wconf 87' lang='lat' dir='ltr'><strong>hucusque</strong></span> <span class='ocrx_word' id='word_1_539' title='bbox 3341 2747 3496 2804; x_wconf 88' lang='lat' dir='ltr'><strong>ﬁnita</strong></span> <span class='ocrx_word' id='word_1_540' title='bbox 3557 2753 3728 2804; x_wconf 87' lang='lat' dir='ltr'><strong>sumit</strong></span> 
     </span>
    </p>
   </div>
   <div class='ocr_carea' id='block_1_73' title="bbox 2111 2843 3732 2917">
    <p class='ocr_par' dir='ltr' id='par_1_73' title="bbox 2111 2843 3732 2917">
     <span class='ocr_line' id='line_1_74' title="bbox 2111 2843 3732 2917; baseline -0.001 -17"><span class='ocrx_word' id='word_1_541' title='bbox 2111 2847 2239 2902; x_wconf 88' lang='lat' dir='ltr'><strong>hinc</strong></span> <span class='ocrx_word' id='word_1_542' title='bbox 2287 2847 2573 2902; x_wconf 85' lang='lat' dir='ltr'><strong>exordium</strong></span> <span class='ocrx_word' id='word_1_543' title='bbox 2606 2852 2814 2917; x_wconf 88' lang='lat' dir='ltr'><strong>quarta.</strong></span> <span class='ocrx_word' id='word_1_544' title='bbox 2873 2844 3020 2910; x_wconf 72' lang='lat' dir='ltr'><strong>Quae,</strong></span> <span class='ocrx_word' id='word_1_545' title='bbox 3083 2843 3333 2899; x_wconf 90' lang='lat' dir='ltr'><strong>confecto</strong></span> <span class='ocrx_word' id='word_1_546' title='bbox 3391 2860 3633 2915; x_wconf 89' lang='lat' dir='ltr'><strong>corpore</strong></span> <span class='ocrx_word' id='word_1_547' title='bbox 3674 2856 3732 2899; x_wconf 88' lang='lat' dir='ltr'><strong>et</strong></span> 
     </span>
    </p>
   </div>
   <div class='ocr_carea' id='block_1_74' title="bbox 2109 2937 3731 3014">
    <p class='ocr_par' dir='ltr' id='par_1_74' title="bbox 2109 2937 3731 3014">
     <span class='ocr_line' id='line_1_75' title="bbox 2109 2937 3731 3014; baseline -0.001 -22"><span class='ocrx_word' id='word_1_548' title='bbox 2109 2940 2381 3014; x_wconf 86' lang='lat' dir='ltr'><strong>sanguine</strong></span> <span class='ocrx_word' id='word_1_549' title='bbox 2413 2938 2634 3006; x_wconf 90' lang='lat' dir='ltr'><strong>Christi,</strong></span> <span class='ocrx_word' id='word_1_550' title='bbox 2681 2938 2822 2992; x_wconf 89' lang='lat' dir='ltr'><strong>redit</strong></span> <span class='ocrx_word' id='word_1_551' title='bbox 2861 2937 2929 2991; x_wconf 91' lang='lat' dir='ltr'><strong>ad</strong></span> <span class='ocrx_word' id='word_1_552' title='bbox 2980 2937 3282 3010; x_wconf 88' lang='lat' dir='ltr'><strong>rogandum</strong></span> <span class='ocrx_word' id='word_1_553' title='bbox 3332 2951 3428 3006; x_wconf 90' lang='lat' dir='ltr'><strong>pro</strong></span> <span class='ocrx_word' id='word_1_554' title='bbox 3473 2939 3731 3000; x_wconf 87' lang='lat' dir='ltr'><strong>mortuis,</strong></span> 
     </span>
    </p>
   </div>
   <div class='ocr_carea' id='block_1_75' title="bbox 2027 3026 3729 3133">
    <p class='ocr_par' dir='ltr' id='par_1_75' title="bbox 2027 3026 3729 3133">
     <span class='ocr_line' id='line_1_76' title="bbox 2027 3026 3729 3133; baseline -0.001 -48"><span class='ocrx_word' id='word_1_555' title='bbox 2027 3062 2078 3133; x_wconf 63' lang='grc' dir='ltr'>Ο</span> <span class='ocrx_word' id='word_1_556' title='bbox 2104 3031 2365 3087; x_wconf 87' lang='lat' dir='ltr'><strong>ﬁdentior</strong></span> <span class='ocrx_word' id='word_1_557' title='bbox 2377 3030 2622 3086; x_wconf 84' lang='lat' dir='ltr'><strong>exaudiri</strong></span> <span class='ocrx_word' id='word_1_558' title='bbox 2639 3029 2945 3100; x_wconf 88' lang='lat' dir='ltr'><strong>patrocinio</strong></span> <span class='ocrx_word' id='word_1_559' title='bbox 2968 3026 3246 3083; x_wconf 86' lang='lat' dir='ltr'><strong>sacriﬁcii.</strong></span> <span class='ocrx_word' id='word_1_560' title='bbox 3263 3030 3520 3083; x_wconf 77' lang='lat' dir='ltr'><strong>Memento</strong></span> <span class='ocrx_word' id='word_1_561' title='bbox 3538 3031 3729 3094; x_wconf 84' lang='lat' dir='ltr'><strong>etiam,</strong></span> 
     </span>
    </p>
   </div>
   <div class='ocr_carea' id='block_1_76' title="bbox 2101 3117 3728 3177">
    <p class='ocr_par' dir='ltr' id='par_1_76' title="bbox 2101 3117 3728 3177">
     <span class='ocr_line' id='line_1_77' title="bbox 2101 3117 3728 3177; baseline -0.004 0"><span class='ocrx_word' id='word_1_562' title='bbox 2101 3123 2341 3177; x_wconf 88' lang='lat' dir='ltr'><strong>Domine.</strong></span> <span class='ocrx_word' id='word_1_563' title='bbox 2375 3119 2471 3174; x_wconf 83' lang='lat' dir='ltr'><strong>ch</strong></span> <span class='ocrx_word' id='word_1_564' title='bbox 2509 3118 2652 3174; x_wconf 90' lang='lat' dir='ltr'><strong>solet</strong></span> <span class='ocrx_word' id='word_1_565' title='bbox 2679 3118 2797 3174; x_wconf 86' lang='lat' dir='ltr'><strong>ﬁeri</strong></span> <span class='ocrx_word' id='word_1_566' title='bbox 2826 3117 3093 3174; x_wconf 85' lang='lat' dir='ltr'><strong>memoria</strong></span> <span class='ocrx_word' id='word_1_567' title='bbox 3131 3117 3434 3172; x_wconf 85' lang='lat' dir='ltr'><strong>amicorum</strong></span> <span class='ocrx_word' id='word_1_568' title='bbox 3466 3125 3521 3172; x_wconf 91' lang='lat' dir='ltr'><strong>et</strong></span> <span class='ocrx_word' id='word_1_569' title='bbox 3555 3117 3728 3172; x_wconf 89' lang='lat' dir='ltr'><strong>fami-</strong></span> 
     </span>
    </p>
   </div>
   <div class='ocr_carea' id='block_1_77' title="bbox 2103 3210 2759 3267">
    <p class='ocr_par' dir='ltr' id='par_1_77' title="bbox 2103 3210 2759 3267">
     <span class='ocr_line' id='line_1_78' title="bbox 2103 3210 2759 3267; baseline -0.006 0"><span class='ocrx_word' id='word_1_570' title='bbox 2103 3213 2316 3267; x_wconf 89' lang='lat' dir='ltr'><strong>liarium</strong></span> <span class='ocrx_word' id='word_1_571' title='bbox 2347 3210 2759 3266; x_wconf 82' lang='lat' dir='ltr'><strong>defunctorum.</strong></span> 
     </span>
    </p>
   </div>
   <div class='ocr_carea' id='block_1_78' title="bbox 2173 3302 3724 3373">
    <p class='ocr_par' dir='ltr' id='par_1_78' title="bbox 2173 3302 3724 3373">
     <span class='ocr_line' id='line_1_79' title="bbox 2173 3302 3724 3373; baseline -0.003 -15"><span class='ocrx_word' id='word_1_572' title='bbox 2173 3306 2329 3373; x_wconf 80' lang='lat' dir='ltr'><strong>Ipsis,</strong></span> <span class='ocrx_word' id='word_1_573' title='bbox 2353 3305 2592 3367; x_wconf 89' lang='lat' dir='ltr'><strong>Domine,</strong></span> <span class='ocrx_word' id='word_1_574' title='bbox 2618 3306 2666 3356; x_wconf 90' lang='lat' dir='ltr'><strong>et</strong></span> <span class='ocrx_word' id='word_1_575' title='bbox 2691 3302 2936 3356; x_wconf 78' lang='lat' dir='ltr'><strong>omnibus</strong></span> <span class='ocrx_word' id='word_1_576' title='bbox 2967 3304 3027 3356; x_wconf 85' lang='lat' dir='ltr'><strong>in</strong></span> <span class='ocrx_word' id='word_1_577' title='bbox 3057 3303 3267 3358; x_wconf 81' lang='lat' dir='ltr'><strong>Christo</strong></span> <span class='ocrx_word' id='word_1_578' title='bbox 3295 3305 3724 3372; x_wconf 83' lang='lat' dir='ltr'><strong>quiescentibus.</strong></span> 
     </span>
    </p>
   </div>
   <div class='ocr_carea' id='block_1_79' title="bbox 2107 3395 3731 3474">
    <p class='ocr_par' dir='ltr' id='par_1_79' title="bbox 2107 3395 3731 3474">
     <span class='ocr_line' id='line_1_80' title="bbox 2107 3395 3731 3474; baseline 0 -24"><span class='ocrx_word' id='word_1_579' title='bbox 2107 3397 2264 3468; x_wconf 84' lang='lat' dir='ltr'><strong>Ipsis,</strong></span> <span class='ocrx_word' id='word_1_580' title='bbox 2297 3396 2354 3450; x_wconf 91' lang='lat' dir='ltr'><strong>id</strong></span> <span class='ocrx_word' id='word_1_581' title='bbox 2385 3402 2467 3450; x_wconf 90' lang='lat' dir='ltr'><strong>est</strong></span> <span class='ocrx_word' id='word_1_582' title='bbox 2495 3410 2728 3474; x_wconf 79' lang='lat' dir='ltr'><strong>quorum</strong></span> <span class='ocrx_word' id='word_1_583' title='bbox 2769 3395 3090 3450; x_wconf 88' lang='lat' dir='ltr'><strong>memoriam</strong></span> <span class='ocrx_word' id='word_1_584' title='bbox 3131 3395 3388 3461; x_wconf 90' lang='lat' dir='ltr'><strong>fecimus,</strong></span> <span class='ocrx_word' id='word_1_585' title='bbox 3419 3405 3475 3450; x_wconf 93' lang='lat' dir='ltr'><strong>et</strong></span> <span class='ocrx_word' id='word_1_586' title='bbox 3531 3406 3731 3466; x_wconf 80' lang='lat' dir='ltr'><strong>postea</strong></span> 
     </span>
    </p>
   </div>
   <div class='ocr_carea' id='block_1_80' title="bbox 2105 3483 2900 3556">
    <p class='ocr_par' dir='ltr' id='par_1_80' title="bbox 2105 3483 2900 3556">
     <span class='ocr_line' id='line_1_81' title="bbox 2105 3483 2900 3556; baseline -0.004 -16"><span class='ocrx_word' id='word_1_587' title='bbox 2105 3485 2332 3556; x_wconf 91' lang='lat' dir='ltr'><strong>reliquis</strong></span> <span class='ocrx_word' id='word_1_588' title='bbox 2362 3484 2621 3540; x_wconf 89' lang='lat' dir='ltr'><strong>omnibus</strong></span> <span class='ocrx_word' id='word_1_589' title='bbox 2653 3483 2900 3556; x_wconf 89' lang='lat' dir='ltr'><strong>indulge.</strong></span> 
     </span>
    </p>
   </div>
   <div class='ocr_carea' id='block_1_81' title="bbox 2175 3573 3737 3646">
    <p class='ocr_par' dir='ltr' id='par_1_81' title="bbox 2175 3573 3737 3646">
     <span class='ocr_line' id='line_1_82' title="bbox 2175 3573 3737 3646; baseline -0.001 -13"><span class='ocrx_word' id='word_1_590' title='bbox 2175 3578 2341 3634; x_wconf 89' lang='lat' dir='ltr'><strong>Nobis</strong></span> <span class='ocrx_word' id='word_1_591' title='bbox 2388 3589 2594 3646; x_wconf 88' lang='lat' dir='ltr'><strong>quoque</strong></span> <span class='ocrx_word' id='word_1_592' title='bbox 2636 3573 3005 3644; x_wconf 81' lang='lat' dir='ltr'><strong>peccatoribus</strong></span> <span class='ocrx_word' id='word_1_593' title='bbox 3045 3574 3270 3640; x_wconf 79' lang='lat' dir='ltr'><strong>famulis</strong></span> <span class='ocrx_word' id='word_1_594' title='bbox 3331 3577 3459 3629; x_wconf 83' lang='lat' dir='ltr'><strong>tuis.</strong></span> <span class='ocrx_word' id='word_1_595' title='bbox 3500 3575 3737 3631; x_wconf 84' lang='lat' dir='ltr'><strong>Scilicet</strong></span> 
     </span>
    </p>
   </div>
   <div class='ocr_carea' id='block_1_82' title="bbox 2105 3663 3730 3740">
    <p class='ocr_par' dir='ltr' id='par_1_82' title="bbox 2105 3663 3730 3740">
     <span class='ocr_line' id='line_1_83' title="bbox 2105 3663 3730 3740; baseline 0 -17"><span class='ocrx_word' id='word_1_596' title='bbox 2105 3668 2197 3740; x_wconf 90' lang='lat' dir='ltr'><strong>qui</strong></span> <span class='ocrx_word' id='word_1_597' title='bbox 2284 3666 2526 3723; x_wconf 92' lang='lat' dir='ltr'><strong>ofﬁcium</strong></span> <span class='ocrx_word' id='word_1_598' title='bbox 2601 3665 2759 3734; x_wconf 86' lang='lat' dir='ltr'><strong>hujus</strong></span> <span class='ocrx_word' id='word_1_599' title='bbox 2838 3663 3093 3720; x_wconf 86' lang='lat' dir='ltr'><strong>sacrificii</strong></span> <span class='ocrx_word' id='word_1_600' title='bbox 3177 3665 3526 3722; x_wconf 86' lang='lat' dir='ltr'><strong>celebramus</strong></span> <span class='ocrx_word' id='word_1_601' title='bbox 3581 3685 3730 3738; x_wconf 69' lang='lat' dir='ltr'><strong>pra:-</strong></span> 
     </span>
    </p>
   </div>
   <div class='ocr_carea' id='block_1_83' title="bbox 2105 3752 3736 3824">
    <p class='ocr_par' dir='ltr' id='par_1_83' title="bbox 2105 3752 3736 3824">
     <span class='ocr_line' id='line_1_84' title="bbox 2105 3752 3736 3824; baseline -0.001 -13"><span class='ocrx_word' id='word_1_602' title='bbox 2105 3765 2314 3820; x_wconf 87' lang='lat' dir='ltr'><strong>sentes,</strong></span> <span class='ocrx_word' id='word_1_603' title='bbox 2391 3755 2475 3810; x_wconf 81' lang='lat' dir='ltr'><strong>vel</strong></span> <span class='ocrx_word' id='word_1_604' title='bbox 2561 3752 2886 3823; x_wconf 89' lang='lat' dir='ltr'><strong>(secundum</strong></span> <span class='ocrx_word' id='word_1_605' title='bbox 2964 3752 3260 3823; x_wconf 86' lang='lat' dir='ltr'><strong>solitarios)</strong></span> <span class='ocrx_word' id='word_1_606' title='bbox 3321 3754 3414 3824; x_wconf 89' lang='lat' dir='ltr'><strong>qui</strong></span> <span class='ocrx_word' id='word_1_607' title='bbox 3480 3754 3533 3808; x_wconf 93' lang='lat' dir='ltr'><strong>in</strong></span> <span class='ocrx_word' id='word_1_608' title='bbox 3601 3771 3736 3811; x_wconf 89' lang='lat' dir='ltr'><strong>cor-</strong></span> 
     </span>
    </p>
   </div>
   <div class='ocr_carea' id='block_1_84' title="bbox 2105 3844 3734 3918">
    <p class='ocr_par' dir='ltr' id='par_1_84' title="bbox 2105 3844 3734 3918">
     <span class='ocr_line' id='line_1_85' title="bbox 2105 3844 3734 3918; baseline -0.001 -15"><span class='ocrx_word' id='word_1_609' title='bbox 2105 3863 2241 3918; x_wconf 90' lang='lat' dir='ltr'><strong>pore</strong></span> <span class='ocrx_word' id='word_1_610' title='bbox 2285 3844 2542 3901; x_wconf 69' lang='lat' dir='ltr'><strong>Ecclesite</strong></span> <span class='ocrx_word' id='word_1_611' title='bbox 2597 3859 2697 3913; x_wconf 91' lang='lat' dir='ltr'><strong>per</strong></span> <span class='ocrx_word' id='word_1_612' title='bbox 2743 3849 2912 3897; x_wconf 92' lang='lat' dir='ltr'><strong>totum</strong></span> <span class='ocrx_word' id='word_1_613' title='bbox 2969 3844 3162 3899; x_wconf 90' lang='lat' dir='ltr'><strong>orbem</strong></span> <span class='ocrx_word' id='word_1_614' title='bbox 3212 3850 3479 3899; x_wconf 89' lang='lat' dir='ltr'><strong>terrarum</strong></span> <span class='ocrx_word' id='word_1_615' title='bbox 3541 3845 3734 3902; x_wconf 87' lang='lat' dir='ltr'><strong>ﬁdeli-</strong></span> 
     </span>
    </p>
   </div>
   <div class='ocr_carea' id='block_1_85' title="bbox 2105 3931 3735 4008">
    <p class='ocr_par' dir='ltr' id='par_1_85' title="bbox 2105 3931 3735 4008">
     <span class='ocr_line' id='line_1_86' title="bbox 2105 3931 3735 4008; baseline -0.001 -17"><span class='ocrx_word' id='word_1_616' title='bbox 2105 3944 2188 3990; x_wconf 89' lang='lat' dir='ltr'><strong>ter</strong></span> <span class='ocrx_word' id='word_1_617' title='bbox 2223 3935 2320 3990; x_wconf 92' lang='lat' dir='ltr'><strong>tibi</strong></span> <span class='ocrx_word' id='word_1_618' title='bbox 2365 3934 2649 3988; x_wconf 88' lang='lat' dir='ltr'><strong>servimus.</strong></span> <span class='ocrx_word' id='word_1_619' title='bbox 2710 3931 2902 3986; x_wconf 90' lang='lat' dir='ltr'><strong>Totum</strong></span> <span class='ocrx_word' id='word_1_620' title='bbox 2955 3947 3087 3988; x_wconf 88' lang='lat' dir='ltr'><strong>vero</strong></span> <span class='ocrx_word' id='word_1_621' title='bbox 3157 3940 3363 3988; x_wconf 88' lang='lat' dir='ltr'><strong>textum</strong></span> <span class='ocrx_word' id='word_1_622' title='bbox 3409 3935 3503 4005; x_wconf 91' lang='lat' dir='ltr'><strong>qui</strong></span> <span class='ocrx_word' id='word_1_623' title='bbox 3542 3939 3735 4008; x_wconf 84' lang='lat' dir='ltr'><strong>sequi-</strong></span> 
     </span>
    </p>
   </div>
   <div class='ocr_carea' id='block_1_86' title="bbox 2104 4019 3728 4094">
    <p class='ocr_par' dir='ltr' id='par_1_86' title="bbox 2104 4019 3728 4094">
     <span class='ocr_line' id='line_1_87' title="bbox 2104 4019 3728 4094; baseline -0.001 -15"><span class='ocrx_word' id='word_1_624' title='bbox 2104 4033 2212 4092; x_wconf 92' lang='lat' dir='ltr'><strong>tur,</strong></span> <span class='ocrx_word' id='word_1_625' title='bbox 2271 4023 2457 4078; x_wconf 89' lang='lat' dir='ltr'><strong>nescio</strong></span> <span class='ocrx_word' id='word_1_626' title='bbox 2500 4019 2684 4076; x_wconf 88' lang='lat' dir='ltr'><strong>verbis</strong></span> <span class='ocrx_word' id='word_1_627' title='bbox 2738 4020 2860 4075; x_wconf 89' lang='lat' dir='ltr'><strong>aliis</strong></span> <span class='ocrx_word' id='word_1_628' title='bbox 2913 4019 3094 4074; x_wconf 87' lang='lat' dir='ltr'><strong>facere</strong></span> <span class='ocrx_word' id='word_1_629' title='bbox 3152 4021 3459 4090; x_wconf 88' lang='lat' dir='ltr'><strong>planiorem</strong></span> <span class='ocrx_word' id='word_1_630' title='bbox 3518 4039 3728 4094; x_wconf 88' lang='lat' dir='ltr'><strong>usque,</strong></span> 
     </span>
    </p>
   </div>
   <div class='ocr_carea' id='block_1_87' title="bbox 2099 4113 3726 4186">
    <p class='ocr_par' dir='ltr' id='par_1_87' title="bbox 2099 4113 3726 4186">
     <span class='ocr_line' id='line_1_88' title="bbox 2099 4113 3726 4186; baseline -0.001 -16"><span class='ocrx_word' id='word_1_631' title='bbox 2099 4132 2197 4186; x_wconf 88' lang='lat' dir='ltr'><strong>per</strong></span> <span class='ocrx_word' id='word_1_632' title='bbox 2241 4131 2393 4185; x_wconf 86' lang='lat' dir='ltr'><strong>quem</strong></span> <span class='ocrx_word' id='word_1_633' title='bbox 2442 4115 2550 4167; x_wconf 62' lang='lat' dir='ltr'><strong>haec</strong></span> <span class='ocrx_word' id='word_1_634' title='bbox 2603 4114 2801 4177; x_wconf 88' lang='lat' dir='ltr'><strong>omnia,</strong></span> <span class='ocrx_word' id='word_1_635' title='bbox 2844 4114 3103 4173; x_wconf 54' lang='lat' dir='ltr'><strong>Domine,</strong></span> <span class='ocrx_word' id='word_1_636' title='bbox 3127 4127 3330 4181; x_wconf 75' lang='lat' dir='ltr'><strong>semper</strong></span> <span class='ocrx_word' id='word_1_637' title='bbox 3369 4113 3505 4167; x_wconf 86' lang='lat' dir='ltr'><strong>bona</strong></span> <span class='ocrx_word' id='word_1_638' title='bbox 3545 4129 3726 4170; x_wconf 82' lang='lat' dir='ltr'><strong>creas.</strong></span> 
     </span>
    </p>
   </div>
   <div class='ocr_carea' id='block_1_88' title="bbox 2105 4202 3728 4278">
    <p class='ocr_par' dir='ltr' id='par_1_88' title="bbox 2105 4202 3728 4278">
     <span class='ocr_line' id='line_1_89' title="bbox 2105 4202 3728 4278; baseline -0.002 -14"><span class='ocrx_word' id='word_1_639' title='bbox 2105 4212 2206 4264; x_wconf 86' lang='lat' dir='ltr'><strong>Per</strong></span> <span class='ocrx_word' id='word_1_640' title='bbox 2242 4223 2416 4278; x_wconf 87' lang='lat' dir='ltr'><strong>quem,</strong></span> <span class='ocrx_word' id='word_1_641' title='bbox 2447 4205 2652 4259; x_wconf 91' lang='lat' dir='ltr'><strong>dictum</strong></span> <span class='ocrx_word' id='word_1_642' title='bbox 2686 4210 2768 4259; x_wconf 91' lang='lat' dir='ltr'><strong>est</strong></span> <span class='ocrx_word' id='word_1_643' title='bbox 2794 4203 3020 4258; x_wconf 85' lang='lat' dir='ltr'><strong>relative</strong></span> <span class='ocrx_word' id='word_1_644' title='bbox 3059 4202 3130 4258; x_wconf 90' lang='lat' dir='ltr'><strong>ad</strong></span> <span class='ocrx_word' id='word_1_645' title='bbox 3165 4204 3270 4259; x_wconf 92' lang='lat' dir='ltr'><strong>hoc</strong></span> <span class='ocrx_word' id='word_1_646' title='bbox 3308 4205 3456 4276; x_wconf 91' lang='lat' dir='ltr'><strong>quod</strong></span> <span class='ocrx_word' id='word_1_647' title='bbox 3485 4206 3728 4270; x_wconf 80' lang='lat' dir='ltr'><strong>dixerat,</strong></span> 
     </span>
    </p>
   </div>
   <div class='ocr_carea' id='block_1_89' title="bbox 2107 4295 3732 4372">
    <p class='ocr_par' dir='ltr' id='par_1_89' title="bbox 2107 4295 3732 4372">
     <span class='ocr_line' id='line_1_90' title="bbox 2107 4295 3732 4372; baseline -0.001 -18"><span class='ocrx_word' id='word_1_648' title='bbox 2107 4317 2206 4372; x_wconf 91' lang='lat' dir='ltr'><strong>per</strong></span> <span class='ocrx_word' id='word_1_649' title='bbox 2246 4298 2512 4353; x_wconf 88' lang='lat' dir='ltr'><strong>Christum</strong></span> <span class='ocrx_word' id='word_1_650' title='bbox 2573 4296 2861 4351; x_wconf 90' lang='lat' dir='ltr'><strong>Dominum</strong></span> <span class='ocrx_word' id='word_1_651' title='bbox 2912 4301 3180 4351; x_wconf 87' lang='lat' dir='ltr'><strong>nostrum.</strong></span> <span class='ocrx_word' id='word_1_652' title='bbox 3241 4295 3348 4352; x_wconf 93' lang='lat' dir='ltr'><strong>Sed</strong></span> <span class='ocrx_word' id='word_1_653' title='bbox 3398 4296 3601 4352; x_wconf 85' lang='lat' dir='ltr'><strong>mirum</strong></span> <span class='ocrx_word' id='word_1_654' title='bbox 3642 4309 3732 4352; x_wconf 90' lang='lat' dir='ltr'><strong>est</strong></span> 
     </span>
    </p>
   </div>
   <div class='ocr_carea' id='block_1_90' title="bbox 390 4365 3732 4466">
    <p class='ocr_par' dir='ltr' id='par_1_90' title="bbox 390 4365 3732 4466">
     <span class='ocr_line' id='line_1_91' title="bbox 390 4365 3732 4466; baseline 0.002 -32"><span class='ocrx_word' id='word_1_655' title='bbox 390 4381 444 4435; x_wconf 91' lang='lat' dir='ltr'><strong>id</strong></span> <span class='ocrx_word' id='word_1_656' title='bbox 484 4388 567 4437; x_wconf 91' lang='lat' dir='ltr'><strong>est</strong></span> <span class='ocrx_word' id='word_1_657' title='bbox 596 4381 652 4436; x_wconf 92' lang='lat' dir='ltr'><strong>in</strong></span> <span class='ocrx_word' id='word_1_658' title='bbox 683 4381 872 4448; x_wconf 88' lang='lat' dir='ltr'><strong>verbo,</strong></span> <span class='ocrx_word' id='word_1_659' title='bbox 901 4389 982 4436; x_wconf 89' lang='lat' dir='ltr'><strong>et:</strong></span> <span class='ocrx_word' id='word_1_660' title='bbox 1025 4381 1191 4437; x_wconf 85' lang='lat' dir='ltr'><strong>Verbo</strong></span> <span class='ocrx_word' id='word_1_661' title='bbox 1238 4384 1454 4437; x_wconf 86' lang='lat' dir='ltr'><strong>Domini</strong></span> <span class='ocrx_word' id='word_1_662' title='bbox 1497 4384 1614 4437; x_wconf 74' lang='lat' dir='ltr'><strong>caeli</strong></span> <span class='ocrx_word' id='word_1_663' title='bbox 1649 4387 1854 4453; x_wconf 74' lang='lat' dir='ltr'><strong>ﬁrmati</strong></span> <span class='ocrx_word' id='word_1_664' title='bbox 1881 4365 2082 4439; x_wconf 83' lang='lat' dir='ltr'><strong>suntD</strong></span> <span class='ocrx_word' id='word_1_665' title='bbox 2107 4365 2254 4466; x_wconf 64' lang='grc' dir='ltr'><strong>ξμιοι]</strong></span> <span class='ocrx_word' id='word_1_666' title='bbox 2286 4392 2422 4448; x_wconf 59' lang='lat' dir='ltr'><strong>dixit</strong></span> <span class='ocrx_word' id='word_1_667' title='bbox 2453 4391 2763 4463; x_wconf 64' lang='lat' dir='ltr'><strong>pluraliter;</strong></span> <span class='ocrx_word' id='word_1_668' title='bbox 2800 4390 2923 4446; x_wconf 74' lang='lat' dir='ltr'><strong>Haec</strong></span> <span class='ocrx_word' id='word_1_669' title='bbox 2952 4390 3138 4446; x_wconf 87' lang='lat' dir='ltr'><strong>omnia</strong></span> <span class='ocrx_word' id='word_1_670' title='bbox 3167 4389 3334 4458; x_wconf 79' lang='lat' dir='ltr'><strong>bona,</strong></span> <span class='ocrx_word' id='word_1_671' title='bbox 3363 4407 3485 4446; x_wconf 85' lang='lat' dir='ltr'><strong>cum</strong></span> <span class='ocrx_word' id='word_1_672' title='bbox 3519 4407 3732 4464; x_wconf 77' lang='lat' dir='ltr'><strong>corpus</strong></span> 
     </span>
    </p>
   </div>
   <div class='ocr_carea' id='block_1_91' title="bbox 389 4475 3730 4557">
    <p class='ocr_par' dir='ltr' id='par_1_91' title="bbox 389 4475 3730 4557">
     <span class='ocr_line' id='line_1_92' title="bbox 389 4475 3730 4557; baseline 0.002 -28"><span class='ocrx_word' id='word_1_673' title='bbox 389 4475 555 4542; x_wconf 83' lang='lat' dir='ltr'><strong>(Psal.</strong></span> <span class='ocrx_word' id='word_1_674' title='bbox 608 4486 808 4543; x_wconf 84' lang='lat' dir='ltr'><strong>xxxu);</strong></span> <span class='ocrx_word' id='word_1_675' title='bbox 840 4481 926 4529; x_wconf 90' lang='lat' dir='ltr'><strong>et:</strong></span> <span class='ocrx_word' id='word_1_676' title='bbox 980 4476 1173 4531; x_wconf 86' lang='lat' dir='ltr'><strong>Omnia</strong></span> <span class='ocrx_word' id='word_1_677' title='bbox 1201 4478 1260 4530; x_wconf 89' lang='lat' dir='ltr'><strong>in</strong></span> <span class='ocrx_word' id='word_1_678' title='bbox 1313 4478 1590 4546; x_wconf 82' lang='lat' dir='ltr'><strong>sapientia</strong></span> <span class='ocrx_word' id='word_1_679' title='bbox 1610 4478 1792 4543; x_wconf 78' lang='lat' dir='ltr'><strong>fecisti</strong></span> <span class='ocrx_word' id='word_1_680' title='bbox 1831 4477 2006 4548; x_wconf 86' lang='lat' dir='ltr'><strong>(Psal,</strong></span> <span class='ocrx_word' id='word_1_681' title='bbox 2104 4491 2159 4539; x_wconf 76' lang='lat' dir='ltr'><strong>et</strong></span> <span class='ocrx_word' id='word_1_682' title='bbox 2187 4483 2413 4557; x_wconf 75' lang='lat' dir='ltr'><strong>sanguis</strong></span> <span class='ocrx_word' id='word_1_683' title='bbox 2443 4482 2638 4538; x_wconf 80' lang='lat' dir='ltr'><strong>Christi</strong></span> <span class='ocrx_word' id='word_1_684' title='bbox 2687 4497 2798 4536; x_wconf 91' lang='lat' dir='ltr'><strong>non</strong></span> <span class='ocrx_word' id='word_1_685' title='bbox 2849 4480 2919 4535; x_wconf 87' lang='lat' dir='ltr'><strong>sit</strong></span> <span class='ocrx_word' id='word_1_686' title='bbox 2974 4479 3078 4535; x_wconf 91' lang='lat' dir='ltr'><strong>nisi</strong></span> <span class='ocrx_word' id='word_1_687' title='bbox 3127 4496 3322 4536; x_wconf 92' lang='lat' dir='ltr'><strong>unum.</strong></span> <span class='ocrx_word' id='word_1_688' title='bbox 3356 4480 3464 4536; x_wconf 89' lang='lat' dir='ltr'><strong>Sed</strong></span> <span class='ocrx_word' id='word_1_689' title='bbox 3519 4481 3579 4536; x_wconf 91' lang='lat' dir='ltr'><strong>in</strong></span> <span class='ocrx_word' id='word_1_690' title='bbox 3613 4498 3730 4537; x_wconf 89' lang='lat' dir='ltr'><strong>uno</strong></span> 
     </span>
    </p>
   </div>
   <div class='ocr_carea' id='block_1_92' title="bbox 387 4565 3730 4643">
    <p class='ocr_par' dir='ltr' id='par_1_92' title="bbox 387 4565 3730 4643">
     <span class='ocr_line' id='line_1_93' title="bbox 387 4565 3730 4643; baseline 0.002 -25"><span class='ocrx_word' id='word_1_691' title='bbox 387 4567 520 4637; x_wconf 85' lang='lat' dir='ltr'><strong>cm).</strong></span> <span class='ocrx_word' id='word_1_692' title='bbox 553 4567 694 4630; x_wconf 89' lang='lat' dir='ltr'><strong>Quid</strong></span> <span class='ocrx_word' id='word_1_693' title='bbox 734 4565 938 4622; x_wconf 87' lang='lat' dir='ltr'><strong>rectius</strong></span> <span class='ocrx_word' id='word_1_694' title='bbox 969 4566 1168 4621; x_wconf 90' lang='lat' dir='ltr'><strong>dicitur</strong></span> <span class='ocrx_word' id='word_1_695' title='bbox 1196 4575 1529 4637; x_wconf 87' lang='lat' dir='ltr'><strong>conspectus</strong></span> <span class='ocrx_word' id='word_1_696' title='bbox 1569 4567 1662 4621; x_wconf 90' lang='lat' dir='ltr'><strong>Dei</strong></span> <span class='ocrx_word' id='word_1_697' title='bbox 1705 4583 1867 4639; x_wconf 89' lang='lat' dir='ltr'><strong>quam</strong></span> <span class='ocrx_word' id='word_1_698' title='bbox 1901 4567 2002 4622; x_wconf 90' lang='lat' dir='ltr'><strong>Sa-</strong></span> <span class='ocrx_word' id='word_1_699' title='bbox 2105 4572 2298 4628; x_wconf 88' lang='lat' dir='ltr'><strong>Christi</strong></span> <span class='ocrx_word' id='word_1_700' title='bbox 2321 4587 2576 4643; x_wconf 89' lang='lat' dir='ltr'><strong>corpore,</strong></span> <span class='ocrx_word' id='word_1_701' title='bbox 2609 4577 2735 4625; x_wconf 91' lang='lat' dir='ltr'><strong>sunt</strong></span> <span class='ocrx_word' id='word_1_702' title='bbox 2767 4570 2951 4624; x_wconf 69' lang='lat' dir='ltr'><strong>multa:</strong></span> <span class='ocrx_word' id='word_1_703' title='bbox 2985 4567 3211 4634; x_wconf 66' lang='lat' dir='ltr'><strong>forma};</strong></span> <span class='ocrx_word' id='word_1_704' title='bbox 3268 4576 3474 4624; x_wconf 91' lang='lat' dir='ltr'><strong>etcum</strong></span> <span class='ocrx_word' id='word_1_705' title='bbox 3513 4586 3630 4624; x_wconf 87' lang='lat' dir='ltr'><strong>una</strong></span> <span class='ocrx_word' id='word_1_706' title='bbox 3656 4571 3730 4624; x_wconf 90' lang='lat' dir='ltr'><strong>sit</strong></span> 
     </span>
    </p>
   </div>
   <div class='ocr_carea' id='block_1_93' title="bbox 389 4662 2002 4734">
    <p class='ocr_par' dir='ltr' id='par_1_93' title="bbox 389 4662 2002 4734">
     <span class='ocr_line' id='line_1_94' title="bbox 389 4662 2002 4734; baseline 0.002 -19"><span class='ocrx_word' id='word_1_707' title='bbox 389 4662 602 4732; x_wconf 89' lang='lat' dir='ltr'><strong>pientia</strong></span> <span class='ocrx_word' id='word_1_708' title='bbox 643 4678 764 4729; x_wconf 89' lang='lat' dir='ltr'><strong>sua,</strong></span> <span class='ocrx_word' id='word_1_709' title='bbox 797 4662 851 4715; x_wconf 89' lang='lat' dir='ltr'><strong>in</strong></span> <span class='ocrx_word' id='word_1_710' title='bbox 884 4678 991 4733; x_wconf 89' lang='lat' dir='ltr'><strong>qua</strong></span> <span class='ocrx_word' id='word_1_711' title='bbox 1023 4662 1294 4733; x_wconf 89' lang='lat' dir='ltr'><strong>conspicit</strong></span> <span class='ocrx_word' id='word_1_712' title='bbox 1321 4678 1484 4718; x_wconf 92' lang='lat' dir='ltr'><strong>omne</strong></span> <span class='ocrx_word' id='word_1_713' title='bbox 1516 4663 1663 4734; x_wconf 90' lang='lat' dir='ltr'><strong>quod</strong></span> <span class='ocrx_word' id='word_1_714' title='bbox 1688 4662 1844 4734; x_wconf 82' lang='lat' dir='ltr'><strong>agit?</strong></span> <span class='ocrx_word' id='word_1_715' title='bbox 1895 4663 2002 4719; x_wconf 92' lang='lat' dir='ltr'><strong>Ho-</strong></span> 
     </span>
    </p>
   </div>
   <div class='ocr_carea' id='block_1_94' title="bbox 388 4750 1998 4824">
    <p class='ocr_par' dir='ltr' id='par_1_94' title="bbox 388 4750 1998 4824">
     <span class='ocr_line' id='line_1_95' title="bbox 388 4750 1998 4824; baseline 0.002 -20"><span class='ocrx_word' id='word_1_716' title='bbox 388 4751 544 4805; x_wconf 88' lang='lat' dir='ltr'><strong>stiam</strong></span> <span class='ocrx_word' id='word_1_717' title='bbox 578 4765 709 4822; x_wconf 82' lang='lat' dir='ltr'><strong>ergo</strong></span> <span class='ocrx_word' id='word_1_718' title='bbox 734 4750 963 4822; x_wconf 85' lang='lat' dir='ltr'><strong>perferri</strong></span> <span class='ocrx_word' id='word_1_719' title='bbox 995 4751 1050 4805; x_wconf 93' lang='lat' dir='ltr'><strong>in</strong></span> <span class='ocrx_word' id='word_1_720' title='bbox 1082 4752 1317 4806; x_wconf 88' lang='lat' dir='ltr'><strong>sublime</strong></span> <span class='ocrx_word' id='word_1_721' title='bbox 1370 4753 1562 4820; x_wconf 87' lang='lat' dir='ltr'><strong>altare,</strong></span> <span class='ocrx_word' id='word_1_722' title='bbox 1613 4754 1668 4807; x_wconf 92' lang='lat' dir='ltr'><strong>in</strong></span> <span class='ocrx_word' id='word_1_723' title='bbox 1702 4760 1998 4824; x_wconf 88' lang='lat' dir='ltr'><strong>conspectu</strong></span> 
     </span>
    </p>
   </div>
   <div class='ocr_carea' id='block_1_95' title="bbox 389 4842 1996 4921">
    <p class='ocr_par' dir='ltr' id='par_1_95' title="bbox 389 4842 1996 4921">
     <span class='ocr_line' id='line_1_96' title="bbox 389 4842 1996 4921; baseline 0.002 -25"><span class='ocrx_word' id='word_1_724' title='bbox 389 4842 504 4908; x_wconf 89' lang='lat' dir='ltr'><strong>Dei,</strong></span> <span class='ocrx_word' id='word_1_725' title='bbox 561 4842 694 4913; x_wconf 92' lang='lat' dir='ltr'><strong>quid</strong></span> <span class='ocrx_word' id='word_1_726' title='bbox 738 4850 841 4910; x_wconf 91' lang='lat' dir='ltr'><strong>est,</strong></span> <span class='ocrx_word' id='word_1_727' title='bbox 895 4843 999 4896; x_wconf 89' lang='lat' dir='ltr'><strong>nisi</strong></span> <span class='ocrx_word' id='word_1_728' title='bbox 1042 4843 1380 4900; x_wconf 91' lang='lat' dir='ltr'><strong>oblationem</strong></span> <span class='ocrx_word' id='word_1_729' title='bbox 1443 4853 1682 4900; x_wconf 88' lang='lat' dir='ltr'><strong>nostram</strong></span> <span class='ocrx_word' id='word_1_730' title='bbox 1731 4846 1996 4921; x_wconf 88' lang='lat' dir='ltr'><strong>conjungi</strong></span> 
     </span>
    </p>
   </div>
   <div class='ocr_carea' id='block_1_96' title="bbox 385 4933 1995 5008">
    <p class='ocr_par' dir='ltr' id='par_1_96' title="bbox 385 4933 1995 5008">
     <span class='ocr_line' id='line_1_97' title="bbox 385 4933 1995 5008; baseline 0.004 -21"><span class='ocrx_word' id='word_1_731' title='bbox 385 4933 586 4999; x_wconf 85' lang='lat' dir='ltr'><strong>Verbo,</strong></span> <span class='ocrx_word' id='word_1_732' title='bbox 618 4935 760 4988; x_wconf 90' lang='lat' dir='ltr'><strong>uniri</strong></span> <span class='ocrx_word' id='word_1_733' title='bbox 789 4935 989 5002; x_wconf 91' lang='lat' dir='ltr'><strong>Verbo,</strong></span> <span class='ocrx_word' id='word_1_734' title='bbox 1022 4935 1138 4989; x_wconf 92' lang='lat' dir='ltr'><strong>fieri</strong></span> <span class='ocrx_word' id='word_1_735' title='bbox 1183 4936 1374 5003; x_wconf 90' lang='lat' dir='ltr'><strong>Deum,</strong></span> <span class='ocrx_word' id='word_1_736' title='bbox 1430 4943 1485 4990; x_wconf 92' lang='lat' dir='ltr'><strong>et</strong></span> <span class='ocrx_word' id='word_1_737' title='bbox 1529 4953 1627 5008; x_wconf 88' lang='lat' dir='ltr'><strong>per</strong></span> <span class='ocrx_word' id='word_1_738' title='bbox 1652 4953 1773 4993; x_wconf 90' lang='lat' dir='ltr'><strong>eam</strong></span> <span class='ocrx_word' id='word_1_739' title='bbox 1806 4953 1908 4994; x_wconf 90' lang='lat' dir='ltr'><strong>nos</strong></span> <span class='ocrx_word' id='word_1_740' title='bbox 1938 4938 1995 4993; x_wconf 90' lang='lat' dir='ltr'><strong>in</strong></span> 
     </span>
    </p>
   </div>
   <div class='ocr_carea' id='block_1_97' title="bbox 386 5020 1606 5094">
    <p class='ocr_par' dir='ltr' id='par_1_97' title="bbox 386 5020 1606 5094">
     <span class='ocr_line' id='line_1_98' title="bbox 386 5020 1606 5094; baseline 0.002 -19"><span class='ocrx_word' id='word_1_741' title='bbox 386 5020 553 5075; x_wconf 91' lang='lat' dir='ltr'><strong>Deum</strong></span> <span class='ocrx_word' id='word_1_742' title='bbox 577 5022 804 5090; x_wconf 89' lang='lat' dir='ltr'><strong>assumi,</strong></span> <span class='ocrx_word' id='word_1_743' title='bbox 832 5029 887 5077; x_wconf 92' lang='lat' dir='ltr'><strong>et</strong></span> <span class='ocrx_word' id='word_1_744' title='bbox 915 5028 1040 5077; x_wconf 82' lang='lat' dir='ltr'><strong>vota</strong></span> <span class='ocrx_word' id='word_1_745' title='bbox 1066 5029 1253 5077; x_wconf 88' lang='lat' dir='ltr'><strong>nostra</strong></span> <span class='ocrx_word' id='word_1_746' title='bbox 1282 5024 1555 5094; x_wconf 88' lang='lat' dir='ltr'><strong>acceptari</strong></span> <span class='ocrx_word' id='word_1_747' title='bbox 1578 5024 1606 5077; x_wconf 70' lang='lat'><strong><em>7</em></strong></span> 
     </span>
    </p>
   </div>
   <div class='ocr_carea' id='block_1_98' title="bbox 459 5111 1992 5184">
    <p class='ocr_par' dir='ltr' id='par_1_98' title="bbox 459 5111 1992 5184">
     <span class='ocr_line' id='line_1_99' title="bbox 459 5111 1992 5184; baseline 0.003 -18"><span class='ocrx_word' id='word_1_748' title='bbox 459 5112 525 5166; x_wconf 87' lang='lat' dir='ltr'><strong>Ut</strong></span> <span class='ocrx_word' id='word_1_749' title='bbox 542 5115 802 5180; x_wconf 85' lang='lat' dir='ltr'><strong>quotquot</strong></span> <span class='ocrx_word' id='word_1_750' title='bbox 823 5126 890 5164; x_wconf 83' lang='lat' dir='ltr'><strong>ea:</strong></span> <span class='ocrx_word' id='word_1_751' title='bbox 917 5111 1037 5175; x_wconf 85' lang='lat' dir='ltr'><strong>hac,</strong></span> <span class='ocrx_word' id='word_1_752' title='bbox 1057 5119 1162 5166; x_wconf 91' lang='lat' dir='ltr'><strong>etc.</strong></span> <span class='ocrx_word' id='word_1_753' title='bbox 1174 5153 1187 5178; x_wconf 91' lang='lat'><strong>,</strong></span> <span class='ocrx_word' id='word_1_754' title='bbox 1220 5127 1394 5183; x_wconf 92' lang='lat' dir='ltr'><strong>usque</strong></span> <span class='ocrx_word' id='word_1_755' title='bbox 1408 5116 1655 5180; x_wconf 86' lang='lat' dir='ltr'><strong>etgratia</strong></span> <span class='ocrx_word' id='word_1_756' title='bbox 1668 5115 1992 5184; x_wconf 88' lang='lat' dir='ltr'><strong>repleamur.</strong></span> 
     </span>
    </p>
   </div>
   <div class='ocr_carea' id='block_1_99' title="bbox 383 5199 2002 5259">
    <p class='ocr_par' dir='ltr' id='par_1_99' title="bbox 383 5199 2002 5259">
     <span class='ocr_line' id='line_1_100' title="bbox 383 5199 2002 5259; baseline 0.004 -7"><span class='ocrx_word' id='word_1_757' title='bbox 383 5199 484 5253; x_wconf 85' lang='lat' dir='ltr'><strong>Per</strong></span> <span class='ocrx_word' id='word_1_758' title='bbox 502 5200 742 5254; x_wconf 88' lang='lat' dir='ltr'><strong>eumdem</strong></span> <span class='ocrx_word' id='word_1_759' title='bbox 770 5201 1056 5255; x_wconf 85' lang='lat' dir='ltr'><strong>Dominum</strong></span> <span class='ocrx_word' id='word_1_760' title='bbox 1079 5205 1339 5255; x_wconf 85' lang='lat' dir='ltr'><strong>nostrum.</strong></span> <span class='ocrx_word' id='word_1_761' title='bbox 1371 5203 1563 5257; x_wconf 84' lang='lat' dir='ltr'><strong>Amen.</strong></span> <span class='ocrx_word' id='word_1_762' title='bbox 1607 5202 1779 5256; x_wconf 86' lang='lat' dir='ltr'><strong>Habet</strong></span> <span class='ocrx_word' id='word_1_763' title='bbox 1819 5204 2002 5259; x_wconf 88' lang='lat' dir='ltr'><strong>Eccle-</strong></span> 
     </span>
    </p>
   </div>
   <div class='ocr_carea' id='block_1_100' title="bbox 383 5291 1995 5363">
    <p class='ocr_par' dir='ltr' id='par_1_100' title="bbox 383 5291 1995 5363">
     <span class='ocr_line' id='line_1_101' title="bbox 383 5291 1995 5363; baseline 0.005 -19"><span class='ocrx_word' id='word_1_764' title='bbox 383 5291 464 5346; x_wconf 91' lang='lat' dir='ltr'><strong>sia</strong></span> <span class='ocrx_word' id='word_1_765' title='bbox 495 5292 663 5348; x_wconf 88' lang='lat' dir='ltr'><strong>altare</strong></span> <span class='ocrx_word' id='word_1_766' title='bbox 694 5293 909 5348; x_wconf 91' lang='lat' dir='ltr'><strong>visibile</strong></span> <span class='ocrx_word' id='word_1_767' title='bbox 935 5293 992 5346; x_wconf 90' lang='lat' dir='ltr'><strong>in</strong></span> <span class='ocrx_word' id='word_1_768' title='bbox 1027 5300 1191 5363; x_wconf 89' lang='lat' dir='ltr'><strong>terra,</strong></span> <span class='ocrx_word' id='word_1_769' title='bbox 1224 5301 1306 5348; x_wconf 90' lang='lat' dir='ltr'><strong>est</strong></span> <span class='ocrx_word' id='word_1_770' title='bbox 1334 5302 1387 5350; x_wconf 92' lang='lat' dir='ltr'><strong>et</strong></span> <span class='ocrx_word' id='word_1_771' title='bbox 1417 5295 1585 5350; x_wconf 87' lang='lat' dir='ltr'><strong>altare</strong></span> <span class='ocrx_word' id='word_1_772' title='bbox 1633 5296 1912 5352; x_wconf 76' lang='lat' dir='ltr'><strong>invisibile</strong></span> <span class='ocrx_word' id='word_1_773' title='bbox 1943 5299 1995 5352; x_wconf 91' lang='lat' dir='ltr'><strong>in</strong></span> 
     </span>
    </p>
   </div>
   <div class='ocr_carea' id='block_1_101' title="bbox 385 5383 1993 5456">
    <p class='ocr_par' dir='ltr' id='par_1_101' title="bbox 385 5383 1993 5456">
     <span class='ocr_line' id='line_1_102' title="bbox 385 5383 1993 5456; baseline 0.006 -21"><span class='ocrx_word' id='word_1_774' title='bbox 385 5383 524 5437; x_wconf 73' lang='lat' dir='ltr'><strong>coelo</strong></span> <span class='ocrx_word' id='word_1_775' title='bbox 557 5384 700 5453; x_wconf 87' lang='lat' dir='ltr'><strong>apud</strong></span> <span class='ocrx_word' id='word_1_776' title='bbox 734 5385 924 5440; x_wconf 88' lang='lat' dir='ltr'><strong>Deum.</strong></span> <span class='ocrx_word' id='word_1_777' title='bbox 954 5385 1159 5450; x_wconf 86' lang='lat' dir='ltr'><strong>Hostia,</strong></span> <span class='ocrx_word' id='word_1_778' title='bbox 1187 5403 1347 5456; x_wconf 90' lang='lat' dir='ltr'><strong>quam</strong></span> <span class='ocrx_word' id='word_1_779' title='bbox 1369 5387 1422 5440; x_wconf 90' lang='lat' dir='ltr'><strong>in</strong></span> <span class='ocrx_word' id='word_1_780' title='bbox 1449 5389 1552 5442; x_wconf 89' lang='lat' dir='ltr'><strong>hoc</strong></span> <span class='ocrx_word' id='word_1_781' title='bbox 1582 5387 1736 5442; x_wconf 85' lang='lat' dir='ltr'><strong>altari</strong></span> <span class='ocrx_word' id='word_1_782' title='bbox 1771 5388 1879 5444; x_wconf 87' lang='lat' dir='ltr'><strong>Deo</strong></span> <span class='ocrx_word' id='word_1_783' title='bbox 1904 5389 1993 5444; x_wconf 90' lang='lat' dir='ltr'><strong>of-</strong></span> 
     </span>
    </p>
   </div>
   <div class='ocr_carea' id='block_1_102' title="bbox 385 5460 1994 5540">
    <p class='ocr_par' dir='ltr' id='par_1_102' title="bbox 385 5460 1994 5540">
     <span class='ocr_line' id='line_1_103' title="bbox 385 5460 1994 5540; baseline 0.007 -21"><span class='ocrx_word' id='word_1_784' title='bbox 385 5468 633 5534; x_wconf 84' lang='lat' dir='ltr'><strong>ferimus,</strong></span> <span class='ocrx_word' id='word_1_785' title='bbox 665 5472 774 5526; x_wconf 80' lang='lat' dir='ltr'><strong>Deo</strong></span> <span class='ocrx_word' id='word_1_786' title='bbox 802 5460 1174 5540; x_wconf 45' lang='lat' dir='ltr'><strong>conjungit&#39;ur,</strong></span> <span class='ocrx_word' id='word_1_787' title='bbox 1207 5481 1261 5527; x_wconf 82' lang='lat' dir='ltr'><strong>et</strong></span> <span class='ocrx_word' id='word_1_788' title='bbox 1302 5473 1358 5526; x_wconf 88' lang='lat' dir='ltr'><strong>fit</strong></span> <span class='ocrx_word' id='word_1_789' title='bbox 1389 5475 1549 5530; x_wconf 85' lang='lat' dir='ltr'><strong>Deus.</strong></span> <span class='ocrx_word' id='word_1_790' title='bbox 1597 5477 1653 5528; x_wconf 92' lang='lat' dir='ltr'><strong>ln</strong></span> <span class='ocrx_word' id='word_1_791' title='bbox 1689 5478 1790 5530; x_wconf 90' lang='lat' dir='ltr'><strong>hoc</strong></span> <span class='ocrx_word' id='word_1_792' title='bbox 1827 5477 1994 5531; x_wconf 87' lang='lat' dir='ltr'><strong>sacri-</strong></span> 
     </span>
    </p>
   </div>
   <div class='ocr_carea' id='block_1_103' title="bbox 387 5554 1986 5633">
    <p class='ocr_par' dir='ltr' id='par_1_103' title="bbox 387 5554 1986 5633">
     <span class='ocr_line' id='line_1_104' title="bbox 387 5554 1986 5633; baseline 0.008 -28"><span class='ocrx_word' id='word_1_793' title='bbox 387 5554 511 5609; x_wconf 89' lang='lat' dir='ltr'><strong>ficio</strong></span> <span class='ocrx_word' id='word_1_794' title='bbox 541 5563 949 5633; x_wconf 80' lang='lat' dir='ltr'><strong>conjunguntur</strong></span> <span class='ocrx_word' id='word_1_795' title='bbox 969 5569 1182 5616; x_wconf 85' lang='lat' dir='ltr'><strong>terrena</strong></span> <span class='ocrx_word' id='word_1_796' title='bbox 1211 5564 1546 5631; x_wconf 62' lang='lat' dir='ltr'><strong>coelestibus,</strong></span> <span class='ocrx_word' id='word_1_797' title='bbox 1579 5574 1830 5621; x_wconf 88' lang='lat' dir='ltr'><strong>creatura</strong></span> <span class='ocrx_word' id='word_1_798' title='bbox 1858 5567 1986 5623; x_wconf 89' lang='lat' dir='ltr'><strong>Deo.</strong></span> 
     </span>
    </p>
   </div>
   <div class='ocr_carea' id='block_1_104' title="bbox 388 5642 1987 5720">
    <p class='ocr_par' dir='ltr' id='par_1_104' title="bbox 388 5642 1987 5720">
     <span class='ocr_line' id='line_1_105' title="bbox 388 5642 1987 5720; baseline 0.009 -27"><span class='ocrx_word' id='word_1_799' title='bbox 388 5642 519 5694; x_wconf 81' lang='lat' dir='ltr'><strong>Cum</strong></span> <span class='ocrx_word' id='word_1_800' title='bbox 548 5645 615 5698; x_wconf 87' lang='lat' dir='ltr'><strong>de</strong></span> <span class='ocrx_word' id='word_1_801' title='bbox 658 5647 761 5699; x_wconf 90' lang='lat' dir='ltr'><strong>hoc</strong></span> <span class='ocrx_word' id='word_1_802' title='bbox 789 5648 942 5701; x_wconf 88' lang='lat' dir='ltr'><strong>altari</strong></span> <span class='ocrx_word' id='word_1_803' title='bbox 978 5649 1244 5703; x_wconf 87' lang='lat' dir='ltr'><strong>sumimus</strong></span> <span class='ocrx_word' id='word_1_804' title='bbox 1283 5651 1442 5719; x_wconf 90' lang='lat' dir='ltr'><strong>hujus</strong></span> <span class='ocrx_word' id='word_1_805' title='bbox 1471 5660 1797 5720; x_wconf 82' lang='lat' dir='ltr'><strong>creaturam,</strong></span> <span class='ocrx_word' id='word_1_806' title='bbox 1837 5655 1987 5709; x_wconf 88' lang='lat' dir='ltr'><strong>acci-</strong></span> 
     </span>
    </p>
   </div>
   <div class='ocr_carea' id='block_1_105' title="bbox 2103 4660 3728 4737">
    <p class='ocr_par' dir='ltr' id='par_1_105' title="bbox 2103 4660 3728 4737">
     <span class='ocr_line' id='line_1_106' title="bbox 2103 4660 3728 4737; baseline -0.002 -17"><span class='ocrx_word' id='word_1_807' title='bbox 2103 4664 2428 4729; x_wconf 88' lang='lat' dir='ltr'><strong>substantia,</strong></span> <span class='ocrx_word' id='word_1_808' title='bbox 2453 4662 2637 4717; x_wconf 76' lang='lat' dir='ltr'><strong>multae</strong></span> <span class='ocrx_word' id='word_1_809' title='bbox 2667 4668 2796 4717; x_wconf 89' lang='lat' dir='ltr'><strong>sunt</strong></span> <span class='ocrx_word' id='word_1_810' title='bbox 2823 4660 3035 4737; x_wconf 67' lang='lat' dir='ltr'><strong>ﬁgurae.</strong></span> <span class='ocrx_word' id='word_1_811' title='bbox 3061 4661 3212 4727; x_wconf 92' lang='lat' dir='ltr'><strong>Quod</strong></span> <span class='ocrx_word' id='word_1_812' title='bbox 3240 4661 3389 4717; x_wconf 90' lang='lat' dir='ltr'><strong>enim</strong></span> <span class='ocrx_word' id='word_1_813' title='bbox 3423 4677 3728 4733; x_wconf 89' lang='lat' dir='ltr'><strong>apponun-</strong></span> 
     </span>
    </p>
   </div>
   <div class='ocr_carea' id='block_1_106' title="bbox 2103 4746 3728 4822">
    <p class='ocr_par' dir='ltr' id='par_1_106' title="bbox 2103 4746 3728 4822">
     <span class='ocr_line' id='line_1_107' title="bbox 2103 4746 3728 4822; baseline 0 -18"><span class='ocrx_word' id='word_1_814' title='bbox 2103 4759 2190 4805; x_wconf 94' lang='lat' dir='ltr'><strong>tur</strong></span> <span class='ocrx_word' id='word_1_815' title='bbox 2217 4766 2410 4822; x_wconf 87' lang='lat' dir='ltr'><strong>panes,</strong></span> <span class='ocrx_word' id='word_1_816' title='bbox 2439 4755 2519 4804; x_wconf 88' lang='lat' dir='ltr'><strong>tot</strong></span> <span class='ocrx_word' id='word_1_817' title='bbox 2549 4756 2772 4804; x_wconf 89' lang='lat' dir='ltr'><strong>manent</strong></span> <span class='ocrx_word' id='word_1_818' title='bbox 2793 4746 3004 4821; x_wconf 60' lang='lat' dir='ltr'><strong>figura},</strong></span> <span class='ocrx_word' id='word_1_819' title='bbox 3033 4747 3464 4804; x_wconf 87' lang='lat' dir='ltr'><strong>substantiarum</strong></span> <span class='ocrx_word' id='word_1_820' title='bbox 3489 4749 3728 4820; x_wconf 87' lang='lat' dir='ltr'><strong>plurali—</strong></span> 
     </span>
    </p>
   </div>
   <div class='ocr_carea' id='block_1_107' title="bbox 2097 4836 3728 4910">
    <p class='ocr_par' dir='ltr' id='par_1_107' title="bbox 2097 4836 3728 4910">
     <span class='ocr_line' id='line_1_108' title="bbox 2097 4836 3728 4910; baseline 0.001 -16"><span class='ocrx_word' id='word_1_821' title='bbox 2097 4845 2209 4895; x_wconf 89' lang='lat' dir='ltr'><strong>tate</strong></span> <span class='ocrx_word' id='word_1_822' title='bbox 2234 4855 2500 4895; x_wconf 89' lang='lat' dir='ltr'><strong>conversa</strong></span> <span class='ocrx_word' id='word_1_823' title='bbox 2531 4839 2586 4892; x_wconf 91' lang='lat' dir='ltr'><strong>in</strong></span> <span class='ocrx_word' id='word_1_824' title='bbox 2615 4853 2726 4894; x_wconf 92' lang='lat' dir='ltr'><strong>uno</strong></span> <span class='ocrx_word' id='word_1_825' title='bbox 2753 4852 3008 4908; x_wconf 89' lang='lat' dir='ltr'><strong>corpore,</strong></span> <span class='ocrx_word' id='word_1_826' title='bbox 3038 4845 3098 4892; x_wconf 87' lang='lat' dir='ltr'><strong>ut</strong></span> <span class='ocrx_word' id='word_1_827' title='bbox 3127 4836 3420 4893; x_wconf 90' lang='lat' dir='ltr'><strong>visibiliter</strong></span> <span class='ocrx_word' id='word_1_828' title='bbox 3451 4851 3728 4910; x_wconf 81' lang='lat' dir='ltr'><strong>appareat</strong></span> 
     </span>
    </p>
   </div>
   <div class='ocr_carea' id='block_1_108' title="bbox 2098 4927 3730 5001">
    <p class='ocr_par' dir='ltr' id='par_1_108' title="bbox 2098 4927 3730 5001">
     <span class='ocr_line' id='line_1_109' title="bbox 2098 4927 3730 5001; baseline -0.001 -16"><span class='ocrx_word' id='word_1_829' title='bbox 2098 4930 2384 5001; x_wconf 89' lang='lat' dir='ltr'><strong>pluralitas</strong></span> <span class='ocrx_word' id='word_1_830' title='bbox 2424 4929 2517 4984; x_wconf 91' lang='lat' dir='ltr'><strong>ubi</strong></span> <span class='ocrx_word' id='word_1_831' title='bbox 2559 4935 2642 4984; x_wconf 91' lang='lat' dir='ltr'><strong>est</strong></span> <span class='ocrx_word' id='word_1_832' title='bbox 2677 4927 3031 4983; x_wconf 88' lang='lat' dir='ltr'><strong>invisibiliter</strong></span> <span class='ocrx_word' id='word_1_833' title='bbox 3059 4927 3384 4984; x_wconf 64' lang='lat' dir='ltr'><strong>substantiae</strong></span> <span class='ocrx_word' id='word_1_834' title='bbox 3408 4929 3613 4996; x_wconf 83' lang='lat' dir='ltr'><strong>unitas,</strong></span> <span class='ocrx_word' id='word_1_835' title='bbox 3673 4939 3730 4985; x_wconf 89' lang='lat' dir='ltr'><strong>et</strong></span> 
     </span>
    </p>
   </div>
   <div class='ocr_carea' id='block_1_109' title="bbox 2097 5015 3728 5086">
    <p class='ocr_par' dir='ltr' id='par_1_109' title="bbox 2097 5015 3728 5086">
     <span class='ocr_line' id='line_1_110' title="bbox 2097 5015 3728 5086; baseline 0 -14"><span class='ocrx_word' id='word_1_836' title='bbox 2097 5033 2268 5073; x_wconf 92' lang='lat' dir='ltr'><strong>unum</strong></span> <span class='ocrx_word' id='word_1_837' title='bbox 2298 5018 2369 5073; x_wconf 90' lang='lat' dir='ltr'><strong>sit</strong></span> <span class='ocrx_word' id='word_1_838' title='bbox 2394 5017 2739 5072; x_wconf 90' lang='lat' dir='ltr'><strong>individuum</strong></span> <span class='ocrx_word' id='word_1_839' title='bbox 2775 5016 2829 5070; x_wconf 92' lang='lat' dir='ltr'><strong>in</strong></span> <span class='ocrx_word' id='word_1_840' title='bbox 2862 5015 3174 5071; x_wconf 88' lang='lat' dir='ltr'><strong>substantia</strong></span> <span class='ocrx_word' id='word_1_841' title='bbox 3195 5015 3291 5071; x_wconf 89' lang='lat' dir='ltr'><strong>ubi</strong></span> <span class='ocrx_word' id='word_1_842' title='bbox 3319 5015 3612 5086; x_wconf 81' lang='lat' dir='ltr'><strong>multiplex</strong></span> <span class='ocrx_word' id='word_1_843' title='bbox 3637 5027 3728 5072; x_wconf 84' lang='lat' dir='ltr'><strong>est</strong></span> 
     </span>
    </p>
   </div>
   <div class='ocr_carea' id='block_1_110' title="bbox 2099 5107 3731 5182">
    <p class='ocr_par' dir='ltr' id='par_1_110' title="bbox 2099 5107 3731 5182">
     <span class='ocr_line' id='line_1_111' title="bbox 2099 5107 3731 5182; baseline 0 -19"><span class='ocrx_word' id='word_1_844' title='bbox 2099 5109 2293 5182; x_wconf 84' lang='lat' dir='ltr'><strong>ﬁgura.</strong></span> <span class='ocrx_word' id='word_1_845' title='bbox 2325 5111 2691 5181; x_wconf 86' lang='lat' dir='ltr'><strong>Apponuntur</strong></span> <span class='ocrx_word' id='word_1_846' title='bbox 2721 5123 2898 5180; x_wconf 89' lang='lat' dir='ltr'><strong>panes</strong></span> <span class='ocrx_word' id='word_1_847' title='bbox 2937 5107 3113 5181; x_wconf 83' lang='lat' dir='ltr'><strong>figura</strong></span> <span class='ocrx_word' id='word_1_848' title='bbox 3145 5107 3351 5180; x_wconf 91' lang='lat' dir='ltr'><strong>plures,</strong></span> <span class='ocrx_word' id='word_1_849' title='bbox 3380 5114 3435 5162; x_wconf 90' lang='lat' dir='ltr'><strong>et</strong></span> <span class='ocrx_word' id='word_1_850' title='bbox 3464 5108 3731 5164; x_wconf 88' lang='lat' dir='ltr'><strong>substan-</strong></span> 
     </span>
    </p>
   </div>
   <div class='ocr_carea' id='block_1_111' title="bbox 2102 5198 3724 5272">
    <p class='ocr_par' dir='ltr' id='par_1_111' title="bbox 2102 5198 3724 5272">
     <span class='ocr_line' id='line_1_112' title="bbox 2102 5198 3724 5272; baseline -0.004 -15"><span class='ocrx_word' id='word_1_851' title='bbox 2102 5201 2176 5257; x_wconf 91' lang='lat' dir='ltr'><strong>tia</strong></span> <span class='ocrx_word' id='word_1_852' title='bbox 2195 5199 2334 5256; x_wconf 88' lang='lat' dir='ltr'><strong>ﬁunt</strong></span> <span class='ocrx_word' id='word_1_853' title='bbox 2353 5216 2524 5256; x_wconf 90' lang='lat' dir='ltr'><strong>unum</strong></span> <span class='ocrx_word' id='word_1_854' title='bbox 2556 5216 2757 5272; x_wconf 90' lang='lat' dir='ltr'><strong>corpus</strong></span> <span class='ocrx_word' id='word_1_855' title='bbox 2783 5199 3005 5266; x_wconf 87' lang='lat' dir='ltr'><strong>Christi;</strong></span> <span class='ocrx_word' id='word_1_856' title='bbox 3050 5209 3234 5255; x_wconf 90' lang='lat' dir='ltr'><strong>manet</strong></span> <span class='ocrx_word' id='word_1_857' title='bbox 3257 5198 3544 5271; x_wconf 88' lang='lat' dir='ltr'><strong>pluralitas</strong></span> <span class='ocrx_word' id='word_1_858' title='bbox 3574 5198 3724 5271; x_wconf 82' lang='lat' dir='ltr'><strong>figu-</strong></span> 
     </span>
    </p>
   </div>
   <div class='ocr_carea' id='block_1_112' title="bbox 2101 5288 3720 5361">
    <p class='ocr_par' dir='ltr' id='par_1_112' title="bbox 2101 5288 3720 5361">
     <span class='ocr_line' id='line_1_113' title="bbox 2101 5288 3720 5361; baseline -0.001 -15"><span class='ocrx_word' id='word_1_859' title='bbox 2101 5307 2307 5357; x_wconf 88' lang='lat' dir='ltr'><strong>rarum,</strong></span> <span class='ocrx_word' id='word_1_860' title='bbox 2347 5299 2525 5346; x_wconf 88' lang='lat' dir='ltr'><strong>cessat</strong></span> <span class='ocrx_word' id='word_1_861' title='bbox 2583 5289 2864 5361; x_wconf 87' lang='lat' dir='ltr'><strong>pluralitas</strong></span> <span class='ocrx_word' id='word_1_862' title='bbox 2897 5289 3345 5346; x_wconf 89' lang='lat' dir='ltr'><strong>substantiarum.</strong></span> <span class='ocrx_word' id='word_1_863' title='bbox 3411 5288 3501 5343; x_wconf 87' lang='lat' dir='ltr'><strong>Est</strong></span> <span class='ocrx_word' id='word_1_864' title='bbox 3540 5305 3720 5344; x_wconf 87' lang='lat' dir='ltr'><strong>unum</strong></span> 
     </span>
    </p>
   </div>
   <div class='ocr_carea' id='block_1_113' title="bbox 2099 5376 3722 5449">
    <p class='ocr_par' dir='ltr' id='par_1_113' title="bbox 2099 5376 3722 5449">
     <span class='ocr_line' id='line_1_114' title="bbox 2099 5376 3722 5449; baseline 0 -16"><span class='ocrx_word' id='word_1_865' title='bbox 2099 5379 2468 5447; x_wconf 86' lang='lat' dir='ltr'><strong>individuum,</strong></span> <span class='ocrx_word' id='word_1_866' title='bbox 2487 5385 2757 5448; x_wconf 89' lang='lat' dir='ltr'><strong>apparent</strong></span> <span class='ocrx_word' id='word_1_867' title='bbox 2788 5379 2967 5449; x_wconf 90' lang='lat' dir='ltr'><strong>plura.</strong></span> <span class='ocrx_word' id='word_1_868' title='bbox 2999 5376 3234 5432; x_wconf 88' lang='lat' dir='ltr'><strong>Proinde</strong></span> <span class='ocrx_word' id='word_1_869' title='bbox 3253 5376 3418 5432; x_wconf 92' lang='lat' dir='ltr'><strong>modo</strong></span> <span class='ocrx_word' id='word_1_870' title='bbox 3440 5376 3585 5431; x_wconf 87' lang='lat' dir='ltr'><strong>sicut</strong></span> <span class='ocrx_word' id='word_1_871' title='bbox 3611 5384 3722 5443; x_wconf 88' lang='lat' dir='ltr'><strong>est,</strong></span> 
     </span>
    </p>
   </div>
   <div class='ocr_carea' id='block_1_114' title="bbox 2099 5466 3719 5538">
    <p class='ocr_par' dir='ltr' id='par_1_114' title="bbox 2099 5466 3719 5538">
     <span class='ocr_line' id='line_1_115' title="bbox 2099 5466 3719 5538; baseline -0.002 -16"><span class='ocrx_word' id='word_1_872' title='bbox 2099 5469 2263 5524; x_wconf 92' lang='lat' dir='ltr'><strong>modo</strong></span> <span class='ocrx_word' id='word_1_873' title='bbox 2311 5469 2452 5524; x_wconf 89' lang='lat' dir='ltr'><strong>sicut</strong></span> <span class='ocrx_word' id='word_1_874' title='bbox 2491 5475 2740 5538; x_wconf 87' lang='lat' dir='ltr'><strong>apparet,</strong></span> <span class='ocrx_word' id='word_1_875' title='bbox 2779 5469 2847 5522; x_wconf 93' lang='lat' dir='ltr'><strong>de</strong></span> <span class='ocrx_word' id='word_1_876' title='bbox 2893 5483 3124 5538; x_wconf 89' lang='lat' dir='ltr'><strong>corpore</strong></span> <span class='ocrx_word' id='word_1_877' title='bbox 3167 5466 3378 5521; x_wconf 90' lang='lat' dir='ltr'><strong>Domini</strong></span> <span class='ocrx_word' id='word_1_878' title='bbox 3410 5466 3719 5537; x_wconf 89' lang='lat' dir='ltr'><strong>loquimur.</strong></span> 
     </span>
    </p>
   </div>
   <div class='ocr_carea' id='block_1_115' title="bbox 2097 5561 3716 5633">
    <p class='ocr_par' dir='ltr' id='par_1_115' title="bbox 2097 5561 3716 5633">
     <span class='ocr_line' id='line_1_116' title="bbox 2097 5561 3716 5633; baseline -0.002 -16"><span class='ocrx_word' id='word_1_879' title='bbox 2097 5564 2253 5633; x_wconf 66' lang='lat' dir='ltr'><strong>Saepe</strong></span> <span class='ocrx_word' id='word_1_880' title='bbox 2285 5564 2547 5628; x_wconf 88' lang='lat' dir='ltr'><strong>dicimus,</strong></span> <span class='ocrx_word' id='word_1_881' title='bbox 2579 5565 2632 5616; x_wconf 94' lang='lat' dir='ltr'><strong>in</strong></span> <span class='ocrx_word' id='word_1_882' title='bbox 2681 5561 3074 5616; x_wconf 87' lang='lat' dir='ltr'><strong>distributione</strong></span> <span class='ocrx_word' id='word_1_883' title='bbox 3122 5562 3391 5617; x_wconf 89' lang='lat' dir='ltr'><strong>Dominici</strong></span> <span class='ocrx_word' id='word_1_884' title='bbox 3428 5562 3716 5631; x_wconf 86' lang='lat' dir='ltr'><strong>corporis:</strong></span> 
     </span>
    </p>
   </div>
   <div class='ocr_carea' id='block_1_116' title="bbox 2093 5653 3720 5726">
    <p class='ocr_par' dir='ltr' id='par_1_116' title="bbox 2093 5653 3720 5726">
     <span class='ocr_line' id='line_1_117' title="bbox 2093 5653 3720 5726; baseline -0.001 -16"><span class='ocrx_word' id='word_1_885' title='bbox 2093 5655 2307 5711; x_wconf 81' lang='lat' dir='ltr'><strong>Hostias</strong></span> <span class='ocrx_word' id='word_1_886' title='bbox 2355 5655 2555 5710; x_wconf 90' lang='lat' dir='ltr'><strong>multas</strong></span> <span class='ocrx_word' id='word_1_887' title='bbox 2605 5655 2990 5726; x_wconf 83' lang='lat' dir='ltr'><strong>expendimus,</strong></span> <span class='ocrx_word' id='word_1_888' title='bbox 3047 5655 3130 5709; x_wconf 84' lang='lat' dir='ltr'><strong>vel</strong></span> <span class='ocrx_word' id='word_1_889' title='bbox 3197 5655 3449 5725; x_wconf 88' lang='lat' dir='ltr'><strong>pluribus</strong></span> <span class='ocrx_word' id='word_1_890' title='bbox 3509 5653 3720 5709; x_wconf 85' lang='lat' dir='ltr'><strong>hostiis</strong></span> 
     </span>
    </p>
   </div>
  </div>
