  <div class='ocr_page' id='page_1' title='image "/cluster/home/n/w/nwhite01/storage/ocr_20150623/160/hvd.32044054760186/540.png"; bbox 0 0 3912 6044; ppageno 0'>
   <div class='ocr_carea' id='block_1_1' title="bbox 243 325 376 378">
    <p class='ocr_par' dir='ltr' id='par_1_1' title="bbox 243 325 376 378">
     <span class='ocr_line' id='line_1_1' title="bbox 243 325 376 378; baseline 0 0"><span class='ocrx_word' id='word_1_1' title='bbox 243 325 376 378; x_wconf 85' lang='grc'>1069</span> 
     </span>
    </p>
   </div>
   <div class='ocr_carea' id='block_1_2' title="bbox 239 452 1849 535">
    <p class='ocr_par' dir='ltr' id='par_1_2' title="bbox 239 452 1849 535">
     <span class='ocr_line' id='line_1_2' title="bbox 239 452 1849 535; baseline 0.017 -32"><span class='ocrx_word' id='word_1_2' title='bbox 239 452 438 506; x_wconf 87' lang='lat' dir='ltr'>multos</span> <span class='ocrx_word' id='word_1_3' title='bbox 467 468 578 510; x_wconf 90' lang='lat' dir='ltr'>uno</span> <span class='ocrx_word' id='word_1_4' title='bbox 609 470 838 528; x_wconf 89' lang='lat' dir='ltr'>corpore</span> <span class='ocrx_word' id='word_1_5' title='bbox 872 458 1067 516; x_wconf 84' lang='lat' dir='ltr'>Christi</span> <span class='ocrx_word' id='word_1_6' title='bbox 1100 463 1413 535; x_wconf 82' lang='lat' dir='ltr'>refecimus,</span> <span class='ocrx_word' id='word_1_7' title='bbox 1449 469 1504 522; x_wconf 92' lang='lat' dir='ltr'>in</span> <span class='ocrx_word' id='word_1_8' title='bbox 1541 487 1652 527; x_wconf 93' lang='lat' dir='ltr'>uno</span> <span class='ocrx_word' id='word_1_9' title='bbox 1678 475 1849 529; x_wconf 85' lang='lat' dir='ltr'>versi-</span> 
     </span>
    </p>
   </div>
   <div class='ocr_carea' id='block_1_3' title="bbox 237 540 1848 629">
    <p class='ocr_par' dir='ltr' id='par_1_3' title="bbox 237 540 1848 629">
     <span class='ocr_line' id='line_1_3' title="bbox 237 540 1848 629; baseline 0.017 -37"><span class='ocrx_word' id='word_1_10' title='bbox 237 540 360 595; x_wconf 92' lang='lat' dir='ltr'>culo</span> <span class='ocrx_word' id='word_1_11' title='bbox 388 551 782 615; x_wconf 73' lang='lat' dir='ltr'>monstrantes,</span> <span class='ocrx_word' id='word_1_12' title='bbox 809 557 863 602; x_wconf 89' lang='lat' dir='ltr'>et</span> <span class='ocrx_word' id='word_1_13' title='bbox 894 565 1085 605; x_wconf 88' lang='lat' dir='ltr'>eorum</span> <span class='ocrx_word' id='word_1_14' title='bbox 1117 569 1238 624; x_wconf 72' lang='lat' dir='ltr'>quaa</span> <span class='ocrx_word' id='word_1_15' title='bbox 1261 565 1530 626; x_wconf 78' lang='lat' dir='ltr'>apparent</span> <span class='ocrx_word' id='word_1_16' title='bbox 1560 561 1848 629; x_wconf 80' lang='lat' dir='ltr'>pluralita-</span> 
     </span>
    </p>
   </div>
   <div class='ocr_carea' id='block_1_4' title="bbox 233 635 1839 720">
    <p class='ocr_par' dir='ltr' id='par_1_4' title="bbox 233 635 1839 720">
     <span class='ocr_line' id='line_1_4' title="bbox 233 635 1839 720; baseline 0.017 -35"><span class='ocrx_word' id='word_1_17' title='bbox 233 639 367 700; x_wconf 91' lang='lat' dir='ltr'>tem,</span> <span class='ocrx_word' id='word_1_18' title='bbox 409 641 463 689; x_wconf 90' lang='lat' dir='ltr'>et</span> <span class='ocrx_word' id='word_1_19' title='bbox 491 635 668 707; x_wconf 85' lang='lat' dir='ltr'>ipsius</span> <span class='ocrx_word' id='word_1_20' title='bbox 696 640 1019 697; x_wconf 66' lang='lat' dir='ltr'>substantia)</span> <span class='ocrx_word' id='word_1_21' title='bbox 1061 645 1351 702; x_wconf 88' lang='lat' dir='ltr'>invisibilis</span> <span class='ocrx_word' id='word_1_22' title='bbox 1388 651 1677 720; x_wconf 87' lang='lat' dir='ltr'>unitatem,</span> <span class='ocrx_word' id='word_1_23' title='bbox 1718 672 1839 713; x_wconf 91' lang='lat' dir='ltr'>cum</span> 
     </span>
    </p>
   </div>
   <div class='ocr_carea' id='block_1_5' title="bbox 233 725 1841 810">
    <p class='ocr_par' dir='ltr' id='par_1_5' title="bbox 233 725 1841 810">
     <span class='ocr_line' id='line_1_5' title="bbox 233 725 1841 810; baseline 0.015 -32"><span class='ocrx_word' id='word_1_24' title='bbox 233 725 440 781; x_wconf 80' lang='lat' dir='ltr'>hostias</span> <span class='ocrx_word' id='word_1_25' title='bbox 465 728 653 798; x_wconf 93' lang='lat' dir='ltr'>plures</span> <span class='ocrx_word' id='word_1_26' title='bbox 674 739 728 785; x_wconf 91' lang='lat' dir='ltr'>et</span> <span class='ocrx_word' id='word_1_27' title='bbox 750 747 920 787; x_wconf 91' lang='lat' dir='ltr'>unum</span> <span class='ocrx_word' id='word_1_28' title='bbox 953 734 1188 792; x_wconf 89' lang='lat' dir='ltr'>dicimus</span> <span class='ocrx_word' id='word_1_29' title='bbox 1218 754 1438 810; x_wconf 91' lang='lat' dir='ltr'>corpus.</span> <span class='ocrx_word' id='word_1_30' title='bbox 1469 741 1559 798; x_wconf 88' lang='lat' dir='ltr'>Sic</span> <span class='ocrx_word' id='word_1_31' title='bbox 1580 745 1707 798; x_wconf 91' lang='lat' dir='ltr'>etin</span> <span class='ocrx_word' id='word_1_32' title='bbox 1740 746 1841 803; x_wconf 93' lang='lat' dir='ltr'>hoc</span> 
     </span>
    </p>
   </div>
   <div class='ocr_carea' id='block_1_6' title="bbox 232 815 1842 894">
    <p class='ocr_par' dir='ltr' id='par_1_6' title="bbox 232 815 1842 894">
     <span class='ocr_line' id='line_1_6' title="bbox 232 815 1842 894; baseline 0.014 -26"><span class='ocrx_word' id='word_1_33' title='bbox 232 815 351 870; x_wconf 92' lang='lat' dir='ltr'>loco</span> <span class='ocrx_word' id='word_1_34' title='bbox 395 817 671 873; x_wconf 88' lang='lat' dir='ltr'>dicimus:</span> <span class='ocrx_word' id='word_1_35' title='bbox 742 821 867 876; x_wconf 84' lang='lat' dir='ltr'>Haec</span> <span class='ocrx_word' id='word_1_36' title='bbox 913 825 1096 878; x_wconf 84' lang='lat' dir='ltr'>omnia</span> <span class='ocrx_word' id='word_1_37' title='bbox 1151 825 1317 894; x_wconf 90' lang='lat' dir='ltr'>bona,</span> <span class='ocrx_word' id='word_1_38' title='bbox 1373 843 1567 886; x_wconf 89' lang='lat' dir='ltr'>omnes</span> <span class='ocrx_word' id='word_1_39' title='bbox 1629 834 1842 890; x_wconf 88' lang='lat' dir='ltr'>scilicet</span> 
     </span>
    </p>
   </div>
   <div class='ocr_carea' id='block_1_7' title="bbox 230 907 1840 992">
    <p class='ocr_par' dir='ltr' id='par_1_7' title="bbox 230 907 1840 992">
     <span class='ocr_line' id='line_1_7' title="bbox 230 907 1840 992; baseline 0.015 -33"><span class='ocrx_word' id='word_1_40' title='bbox 230 907 435 962; x_wconf 83' lang='lat' dir='ltr'>hostias</span> <span class='ocrx_word' id='word_1_41' title='bbox 475 926 612 981; x_wconf 89' lang='lat' dir='ltr'>quas</span> <span class='ocrx_word' id='word_1_42' title='bbox 652 913 707 964; x_wconf 92' lang='lat' dir='ltr'>in</span> <span class='ocrx_word' id='word_1_43' title='bbox 767 913 898 969; x_wconf 88' lang='lat' dir='ltr'>orbe</span> <span class='ocrx_word' id='word_1_44' title='bbox 951 922 1064 972; x_wconf 90' lang='lat' dir='ltr'>toto</span> <span class='ocrx_word' id='word_1_45' title='bbox 1109 919 1355 976; x_wconf 78' lang='lat' dir='ltr'>immolat</span> <span class='ocrx_word' id='word_1_46' title='bbox 1396 922 1656 979; x_wconf 84' lang='lat' dir='ltr'>Ecclesia.</span> <span class='ocrx_word' id='word_1_47' title='bbox 1712 928 1840 992; x_wconf 63' lang='lat' dir='ltr'>Quae</span> 
     </span>
    </p>
   </div>
   <div class='ocr_carea' id='block_1_8' title="bbox 229 1002 1838 1084">
    <p class='ocr_par' dir='ltr' id='par_1_8' title="bbox 229 1002 1838 1084">
     <span class='ocr_line' id='line_1_8' title="bbox 229 1002 1838 1084; baseline 0.014 -30"><span class='ocrx_word' id='word_1_48' title='bbox 229 1002 475 1072; x_wconf 88' lang='lat' dir='ltr'>quidem,</span> <span class='ocrx_word' id='word_1_49' title='bbox 507 1005 550 1059; x_wconf 91' lang='lat' dir='ltr'>si</span> <span class='ocrx_word' id='word_1_50' title='bbox 570 1006 1110 1067; x_wconf 90' lang='lat' dir='ltr'>sensibilesintueris</span> <span class='ocrx_word' id='word_1_51' title='bbox 1129 1015 1442 1084; x_wconf 78' lang='lat' dir='ltr'>qualitates,</span> <span class='ocrx_word' id='word_1_52' title='bbox 1464 1017 1693 1075; x_wconf 69' lang='lat' dir='ltr'>inﬁnitze</span> <span class='ocrx_word' id='word_1_53' title='bbox 1710 1031 1838 1078; x_wconf 90' lang='lat' dir='ltr'>sunt</span> 
     </span>
    </p>
   </div>
   <div class='ocr_carea' id='block_1_9' title="bbox 229 1100 1836 1180">
    <p class='ocr_par' dir='ltr' id='par_1_9' title="bbox 229 1100 1836 1180">
     <span class='ocr_line' id='line_1_9' title="bbox 229 1100 1836 1180; baseline 0.014 -32"><span class='ocrx_word' id='word_1_54' title='bbox 229 1111 492 1165; x_wconf 86' lang='lat' dir='ltr'>numero;</span> <span class='ocrx_word' id='word_1_55' title='bbox 550 1100 595 1154; x_wconf 92' lang='lat' dir='ltr'>si</span> <span class='ocrx_word' id='word_1_56' title='bbox 626 1101 1010 1172; x_wconf 86' lang='lat' dir='ltr'>substantiam,</span> <span class='ocrx_word' id='word_1_57' title='bbox 1062 1109 1290 1180; x_wconf 79' lang='lat' dir='ltr'>sanguis</span> <span class='ocrx_word' id='word_1_58' title='bbox 1319 1119 1401 1165; x_wconf 92' lang='lat' dir='ltr'>est</span> <span class='ocrx_word' id='word_1_59' title='bbox 1439 1128 1584 1167; x_wconf 91' lang='lat' dir='ltr'>unus</span> <span class='ocrx_word' id='word_1_60' title='bbox 1641 1123 1696 1169; x_wconf 91' lang='lat' dir='ltr'>et</span> <span class='ocrx_word' id='word_1_61' title='bbox 1727 1132 1836 1171; x_wconf 91' lang='lat' dir='ltr'>una</span> 
     </span>
    </p>
   </div>
   <div class='ocr_carea' id='block_1_10' title="bbox 227 1196 1832 1276">
    <p class='ocr_par' dir='ltr' id='par_1_10' title="bbox 227 1196 1832 1276">
     <span class='ocr_line' id='line_1_10' title="bbox 227 1196 1832 1276; baseline 0.011 -33"><span class='ocrx_word' id='word_1_62' title='bbox 227 1205 382 1245; x_wconf 82' lang='lat' dir='ltr'>caro:</span> <span class='ocrx_word' id='word_1_63' title='bbox 418 1206 540 1262; x_wconf 73' lang='lat' dir='ltr'>quae</span> <span class='ocrx_word' id='word_1_64' title='bbox 570 1206 790 1263; x_wconf 85' lang='lat' dir='ltr'>semper</span> <span class='ocrx_word' id='word_1_65' title='bbox 840 1211 872 1250; x_wconf 90' lang='lat' dir='ltr'>a</span> <span class='ocrx_word' id='word_1_66' title='bbox 904 1196 1012 1252; x_wconf 91' lang='lat' dir='ltr'>Deo</span> <span class='ocrx_word' id='word_1_67' title='bbox 1043 1206 1320 1268; x_wconf 87' lang='lat' dir='ltr'>creantur,</span> <span class='ocrx_word' id='word_1_68' title='bbox 1355 1203 1485 1272; x_wconf 88' lang='lat' dir='ltr'>quia</span> <span class='ocrx_word' id='word_1_69' title='bbox 1534 1205 1628 1276; x_wconf 91' lang='lat' dir='ltr'>qui</span> <span class='ocrx_word' id='word_1_70' title='bbox 1661 1207 1832 1261; x_wconf 88' lang='lat' dir='ltr'>semel</span> 
     </span>
    </p>
   </div>
   <div class='ocr_carea' id='block_1_11' title="bbox 225 1279 1832 1365">
    <p class='ocr_par' dir='ltr' id='par_1_11' title="bbox 225 1279 1832 1365">
     <span class='ocr_line' id='line_1_11' title="bbox 225 1279 1832 1365; baseline 0.012 -33"><span class='ocrx_word' id='word_1_71' title='bbox 225 1280 382 1333; x_wconf 89' lang='lat' dir='ltr'>Verbi</span> <span class='ocrx_word' id='word_1_72' title='bbox 405 1279 488 1334; x_wconf 90' lang='lat' dir='ltr'>sui</span> <span class='ocrx_word' id='word_1_73' title='bbox 517 1295 720 1352; x_wconf 90' lang='lat' dir='ltr'>corpus</span> <span class='ocrx_word' id='word_1_74' title='bbox 734 1286 941 1341; x_wconf 88' lang='lat' dir='ltr'>creavit</span> <span class='ocrx_word' id='word_1_75' title='bbox 963 1286 1033 1341; x_wconf 90' lang='lat' dir='ltr'>de</span> <span class='ocrx_word' id='word_1_76' title='bbox 1063 1287 1308 1363; x_wconf 82' lang='lat' dir='ltr'>Virgine,</span> <span class='ocrx_word' id='word_1_77' title='bbox 1329 1292 1578 1361; x_wconf 88' lang='lat' dir='ltr'>quotidie</span> <span class='ocrx_word' id='word_1_78' title='bbox 1605 1294 1671 1349; x_wconf 90' lang='lat' dir='ltr'>de</span> <span class='ocrx_word' id='word_1_79' title='bbox 1692 1312 1832 1365; x_wconf 91' lang='lat' dir='ltr'>pane</span> 
     </span>
    </p>
   </div>
   <div class='ocr_carea' id='block_1_12' title="bbox 223 1375 1494 1456">
    <p class='ocr_par' dir='ltr' id='par_1_12' title="bbox 223 1375 1494 1456">
     <span class='ocr_line' id='line_1_12' title="bbox 223 1375 1494 1456; baseline 0.009 -30"><span class='ocrx_word' id='word_1_80' title='bbox 223 1382 370 1428; x_wconf 88' lang='lat' dir='ltr'>creat</span> <span class='ocrx_word' id='word_1_81' title='bbox 387 1375 507 1442; x_wconf 88' lang='lat' dir='ltr'>ejus</span> <span class='ocrx_word' id='word_1_82' title='bbox 544 1392 791 1443; x_wconf 90' lang='lat' dir='ltr'>carnem,</span> <span class='ocrx_word' id='word_1_83' title='bbox 823 1383 878 1431; x_wconf 92' lang='lat' dir='ltr'>et</span> <span class='ocrx_word' id='word_1_84' title='bbox 903 1377 969 1432; x_wconf 90' lang='lat' dir='ltr'>de</span> <span class='ocrx_word' id='word_1_85' title='bbox 999 1380 1124 1435; x_wconf 79' lang='lat' dir='ltr'>vino</span> <span class='ocrx_word' id='word_1_86' title='bbox 1146 1382 1494 1456; x_wconf 83' lang='lat' dir='ltr'>sanguinem.</span> 
     </span>
    </p>
   </div>
   <div class='ocr_carea' id='block_1_13' title="bbox 289 1465 1829 1537">
    <p class='ocr_par' dir='ltr' id='par_1_13' title="bbox 289 1465 1829 1537">
     <span class='ocr_line' id='line_1_13' title="bbox 289 1465 1829 1537; baseline 0.01 -21"><span class='ocrx_word' id='word_1_87' title='bbox 289 1467 625 1530; x_wconf 62' lang='lat' dir='ltr'>Sancti/ﬁcus.</span> <span class='ocrx_word' id='word_1_88' title='bbox 651 1465 908 1530; x_wconf 85' lang='lat' dir='ltr'>Quotidie</span> <span class='ocrx_word' id='word_1_89' title='bbox 938 1467 1260 1537; x_wconf 90' lang='lat' dir='ltr'>sanctiﬁcat,</span> <span class='ocrx_word' id='word_1_90' title='bbox 1293 1473 1545 1529; x_wconf 89' lang='lat' dir='ltr'>oratione</span> <span class='ocrx_word' id='word_1_91' title='bbox 1573 1477 1829 1532; x_wconf 83' lang='lat' dir='ltr'>sacerdo—</span> 
     </span>
    </p>
   </div>
   <div class='ocr_carea' id='block_1_14' title="bbox 123 1550 1272 1624">
    <p class='ocr_par' dir='ltr' id='par_1_14' title="bbox 123 1550 1272 1624">
     <span class='ocr_line' id='line_1_14' title="bbox 123 1550 1272 1624; baseline 0.009 -21"><span class='ocrx_word' id='word_1_92' title='bbox 123 1565 138 1580; x_wconf 51' lang='grc' dir='ltr'><strong>ε</strong></span> <span class='ocrx_word' id='word_1_93' title='bbox 219 1550 288 1605; x_wconf 89' lang='lat' dir='ltr'>tis</span> <span class='ocrx_word' id='word_1_94' title='bbox 315 1558 369 1605; x_wconf 89' lang='lat' dir='ltr'>et</span> <span class='ocrx_word' id='word_1_95' title='bbox 408 1552 799 1624; x_wconf 88' lang='lat' dir='ltr'>cooperatione</span> <span class='ocrx_word' id='word_1_96' title='bbox 821 1553 1057 1624; x_wconf 90' lang='lat' dir='ltr'>Spiritus</span> <span class='ocrx_word' id='word_1_97' title='bbox 1079 1560 1272 1613; x_wconf 88' lang='lat' dir='ltr'>sancti.</span> 
     </span>
    </p>
   </div>
   <div class='ocr_carea' id='block_1_15' title="bbox 295 1645 1829 1724">
    <p class='ocr_par' dir='ltr' id='par_1_15' title="bbox 295 1645 1829 1724">
     <span class='ocr_line' id='line_1_15' title="bbox 295 1645 1829 1724; baseline 0.01 -27"><span class='ocrx_word' id='word_1_98' title='bbox 295 1646 555 1709; x_wconf 85' lang='lat' dir='ltr'>Vivi/icas.</span> <span class='ocrx_word' id='word_1_99' title='bbox 593 1645 847 1710; x_wconf 86' lang='lat' dir='ltr'>Quotidie</span> <span class='ocrx_word' id='word_1_100' title='bbox 893 1647 1154 1717; x_wconf 87' lang='lat' dir='ltr'>viviﬁcat,</span> <span class='ocrx_word' id='word_1_101' title='bbox 1201 1654 1418 1723; x_wconf 90' lang='lat' dir='ltr'>corpori</span> <span class='ocrx_word' id='word_1_102' title='bbox 1465 1654 1616 1724; x_wconf 86' lang='lat' dir='ltr'>prius</span> <span class='ocrx_word' id='word_1_103' title='bbox 1648 1657 1829 1712; x_wconf 89' lang='lat' dir='ltr'>inani-</span> 
     </span>
    </p>
   </div>
   <div class='ocr_carea' id='block_1_16' title="bbox 215 1737 1829 1811">
    <p class='ocr_par' dir='ltr' id='par_1_16' title="bbox 215 1737 1829 1811">
     <span class='ocr_line' id='line_1_16' title="bbox 215 1737 1829 1811; baseline 0.01 -23"><span class='ocrx_word' id='word_1_104' title='bbox 215 1744 362 1790; x_wconf 90' lang='lat' dir='ltr'>mato</span> <span class='ocrx_word' id='word_1_105' title='bbox 391 1737 530 1791; x_wconf 90' lang='lat' dir='ltr'>dans</span> <span class='ocrx_word' id='word_1_106' title='bbox 550 1737 736 1791; x_wconf 85' lang='lat' dir='ltr'>vitam.</span> <span class='ocrx_word' id='word_1_107' title='bbox 769 1737 920 1793; x_wconf 91' lang='lat' dir='ltr'>Unde</span> <span class='ocrx_word' id='word_1_108' title='bbox 961 1748 1015 1795; x_wconf 86' lang='lat' dir='ltr'>et</span> <span class='ocrx_word' id='word_1_109' title='bbox 1041 1741 1194 1811; x_wconf 88' lang='lat' dir='ltr'>prius</span> <span class='ocrx_word' id='word_1_110' title='bbox 1250 1742 1539 1801; x_wconf 88' lang='lat' dir='ltr'>dicebatur</span> <span class='ocrx_word' id='word_1_111' title='bbox 1586 1749 1829 1804; x_wconf 86' lang='lat' dir='ltr'>rationa-</span> 
     </span>
    </p>
   </div>
   <div class='ocr_carea' id='block_1_17' title="bbox 213 1825 716 1882">
    <p class='ocr_par' dir='ltr' id='par_1_17' title="bbox 213 1825 716 1882">
     <span class='ocr_line' id='line_1_17' title="bbox 213 1825 716 1882; baseline 0.006 -5"><span class='ocrx_word' id='word_1_112' title='bbox 213 1825 341 1879; x_wconf 87' lang='lat' dir='ltr'>bilis</span> <span class='ocrx_word' id='word_1_113' title='bbox 372 1826 488 1880; x_wconf 70' lang='lat' dir='ltr'>hzec</span> <span class='ocrx_word' id='word_1_114' title='bbox 519 1827 716 1882; x_wconf 88' lang='lat' dir='ltr'>hostia.</span> 
     </span>
    </p>
   </div>
   <div class='ocr_carea' id='block_1_18' title="bbox 282 1919 1826 1999">
    <p class='ocr_par' dir='ltr' id='par_1_18' title="bbox 282 1919 1826 1999">
     <span class='ocr_line' id='line_1_18' title="bbox 282 1919 1826 1999; baseline 0.007 -25"><span class='ocrx_word' id='word_1_115' title='bbox 282 1922 568 1976; x_wconf 83' lang='lat' dir='ltr'>Denedicis.</span> <span class='ocrx_word' id='word_1_116' title='bbox 615 1919 871 1983; x_wconf 89' lang='lat' dir='ltr'>Quotidie</span> <span class='ocrx_word' id='word_1_117' title='bbox 921 1922 1223 1991; x_wconf 88' lang='lat' dir='ltr'>benedicit,</span> <span class='ocrx_word' id='word_1_118' title='bbox 1266 1927 1542 1996; x_wconf 91' lang='lat' dir='ltr'>quomodo</span> <span class='ocrx_word' id='word_1_119' title='bbox 1574 1931 1826 1999; x_wconf 88' lang='lat' dir='ltr'>superius</span> 
     </span>
    </p>
   </div>
   <div class='ocr_carea' id='block_1_19' title="bbox 211 2009 1822 2083">
    <p class='ocr_par' dir='ltr' id='par_1_19' title="bbox 211 2009 1822 2083">
     <span class='ocr_line' id='line_1_19' title="bbox 211 2009 1822 2083; baseline 0.007 -21"><span class='ocrx_word' id='word_1_120' title='bbox 211 2024 328 2063; x_wconf 90' lang='lat' dir='ltr'>eam</span> <span class='ocrx_word' id='word_1_121' title='bbox 369 2009 733 2080; x_wconf 90' lang='lat' dir='ltr'>precabamur</span> <span class='ocrx_word' id='word_1_122' title='bbox 781 2011 834 2064; x_wconf 90' lang='lat' dir='ltr'>in</span> <span class='ocrx_word' id='word_1_123' title='bbox 883 2010 1143 2066; x_wconf 91' lang='lat' dir='ltr'>omnibus</span> <span class='ocrx_word' id='word_1_124' title='bbox 1176 2011 1292 2067; x_wconf 86' lang='lat' dir='ltr'>ﬁeri</span> <span class='ocrx_word' id='word_1_125' title='bbox 1347 2013 1721 2083; x_wconf 87' lang='lat' dir='ltr'>benedictam,</span> <span class='ocrx_word' id='word_1_126' title='bbox 1769 2025 1822 2073; x_wconf 92' lang='lat' dir='ltr'>et</span> 
     </span>
    </p>
   </div>
   <div class='ocr_carea' id='block_1_20' title="bbox 210 2101 1566 2172">
    <p class='ocr_par' dir='ltr' id='par_1_20' title="bbox 210 2101 1566 2172">
     <span class='ocr_line' id='line_1_20' title="bbox 210 2101 1566 2172; baseline 0.004 -17"><span class='ocrx_word' id='word_1_127' title='bbox 210 2109 444 2170; x_wconf 88' lang='lat' dir='ltr'>quatuor</span> <span class='ocrx_word' id='word_1_128' title='bbox 477 2101 689 2172; x_wconf 91' lang='lat' dir='ltr'>species</span> <span class='ocrx_word' id='word_1_129' title='bbox 721 2103 1107 2171; x_wconf 87' lang='lat' dir='ltr'>subjunximus</span> <span class='ocrx_word' id='word_1_130' title='bbox 1141 2103 1566 2162; x_wconf 89' lang='lat' dir='ltr'>benedictionis.</span> 
     </span>
    </p>
   </div>
   <div class='ocr_carea' id='block_1_21' title="bbox 280 2194 1817 2274">
    <p class='ocr_par' dir='ltr' id='par_1_21' title="bbox 280 2194 1817 2274">
     <span class='ocr_line' id='line_1_21' title="bbox 280 2194 1817 2274; baseline 0.007 -27"><span class='ocrx_word' id='word_1_131' title='bbox 280 2199 343 2248; x_wconf 85' lang='lat' dir='ltr'>Et</span> <span class='ocrx_word' id='word_1_132' title='bbox 368 2199 593 2263; x_wconf 67' lang='lat' dir='ltr'>praestas</span> <span class='ocrx_word' id='word_1_133' title='bbox 637 2196 807 2251; x_wconf 86' lang='lat' dir='ltr'>nobis.</span> <span class='ocrx_word' id='word_1_134' title='bbox 846 2194 1101 2259; x_wconf 86' lang='lat' dir='ltr'>Quotidie</span> <span class='ocrx_word' id='word_1_135' title='bbox 1142 2205 1361 2267; x_wconf 57' lang='lat' dir='ltr'>praestat</span> <span class='ocrx_word' id='word_1_136' title='bbox 1409 2200 1568 2254; x_wconf 90' lang='lat' dir='ltr'>nobis</span> <span class='ocrx_word' id='word_1_137' title='bbox 1619 2216 1817 2274; x_wconf 88' lang='lat' dir='ltr'>corpus</span> 
     </span>
    </p>
   </div>
   <div class='ocr_carea' id='block_1_22' title="bbox 208 2277 1813 2362">
    <p class='ocr_par' dir='ltr' id='par_1_22' title="bbox 208 2277 1813 2362">
     <span class='ocr_line' id='line_1_22' title="bbox 208 2277 1813 2362; baseline 0.009 -29"><span class='ocrx_word' id='word_1_138' title='bbox 208 2277 327 2333; x_wconf 82' lang='lat' dir='ltr'>Filii</span> <span class='ocrx_word' id='word_1_139' title='bbox 355 2280 460 2345; x_wconf 92' lang='lat' dir='ltr'>sui,</span> <span class='ocrx_word' id='word_1_140' title='bbox 481 2282 612 2352; x_wconf 90' lang='lat' dir='ltr'>quia</span> <span class='ocrx_word' id='word_1_141' title='bbox 629 2282 774 2352; x_wconf 89' lang='lat' dir='ltr'>quod</span> <span class='ocrx_word' id='word_1_142' title='bbox 795 2291 882 2338; x_wconf 92' lang='lat' dir='ltr'>est</span> <span class='ocrx_word' id='word_1_143' title='bbox 902 2284 1049 2355; x_wconf 88' lang='lat' dir='ltr'>apud</span> <span class='ocrx_word' id='word_1_144' title='bbox 1081 2284 1295 2340; x_wconf 89' lang='lat' dir='ltr'>Patrem</span> <span class='ocrx_word' id='word_1_145' title='bbox 1329 2287 1383 2340; x_wconf 91' lang='lat' dir='ltr'>in</span> <span class='ocrx_word' id='word_1_146' title='bbox 1416 2288 1813 2362; x_wconf 90' lang='lat' dir='ltr'>sublimi,quo-</span> 
     </span>
    </p>
   </div>
   <div class='ocr_carea' id='block_1_23' title="bbox 205 2367 1815 2447">
    <p class='ocr_par' dir='ltr' id='par_1_23' title="bbox 205 2367 1815 2447">
     <span class='ocr_line' id='line_1_23' title="bbox 205 2367 1815 2447; baseline 0.009 -27"><span class='ocrx_word' id='word_1_147' title='bbox 205 2367 340 2422; x_wconf 91' lang='lat' dir='ltr'>tidie</span> <span class='ocrx_word' id='word_1_148' title='bbox 367 2376 585 2439; x_wconf 59' lang='lat' dir='ltr'>praestat</span> <span class='ocrx_word' id='word_1_149' title='bbox 616 2371 779 2426; x_wconf 90' lang='lat' dir='ltr'>nobis</span> <span class='ocrx_word' id='word_1_150' title='bbox 806 2371 862 2425; x_wconf 96' lang='lat' dir='ltr'>in</span> <span class='ocrx_word' id='word_1_151' title='bbox 893 2372 1070 2428; x_wconf 90' lang='lat' dir='ltr'>altari.</span> <span class='ocrx_word' id='word_1_152' title='bbox 1106 2374 1166 2429; x_wconf 86' lang='lat' dir='ltr'>Et</span> <span class='ocrx_word' id='word_1_153' title='bbox 1192 2376 1340 2446; x_wconf 92' lang='lat' dir='ltr'>quod</span> <span class='ocrx_word' id='word_1_154' title='bbox 1380 2377 1522 2447; x_wconf 91' lang='lat' dir='ltr'>apud</span> <span class='ocrx_word' id='word_1_155' title='bbox 1565 2395 1691 2434; x_wconf 90' lang='lat' dir='ltr'>eum</span> <span class='ocrx_word' id='word_1_156' title='bbox 1722 2381 1815 2436; x_wconf 92' lang='lat' dir='ltr'>do-</span> 
     </span>
    </p>
   </div>
   <div class='ocr_carea' id='block_1_24' title="bbox 203 2464 1808 2536">
    <p class='ocr_par' dir='ltr' id='par_1_24' title="bbox 203 2464 1808 2536">
     <span class='ocr_line' id='line_1_24' title="bbox 203 2464 1808 2536; baseline 0.009 -21"><span class='ocrx_word' id='word_1_157' title='bbox 203 2478 331 2516; x_wconf 89' lang='lat' dir='ltr'>num</span> <span class='ocrx_word' id='word_1_158' title='bbox 354 2464 512 2518; x_wconf 89' lang='lat' dir='ltr'>estin</span> <span class='ocrx_word' id='word_1_159' title='bbox 554 2465 716 2532; x_wconf 84' lang='lat' dir='ltr'>coelo,</span> <span class='ocrx_word' id='word_1_160' title='bbox 749 2467 894 2536; x_wconf 89' lang='lat' dir='ltr'>apud</span> <span class='ocrx_word' id='word_1_161' title='bbox 930 2467 1180 2523; x_wconf 90' lang='lat' dir='ltr'>homines</span> <span class='ocrx_word' id='word_1_162' title='bbox 1207 2470 1396 2524; x_wconf 89' lang='lat' dir='ltr'>datum</span> <span class='ocrx_word' id='word_1_163' title='bbox 1443 2479 1526 2526; x_wconf 91' lang='lat' dir='ltr'>est</span> <span class='ocrx_word' id='word_1_164' title='bbox 1556 2472 1612 2526; x_wconf 92' lang='lat' dir='ltr'>in</span> <span class='ocrx_word' id='word_1_165' title='bbox 1645 2481 1808 2530; x_wconf 88' lang='lat' dir='ltr'>terra.</span> 
     </span>
    </p>
   </div>
   <div class='ocr_carea' id='block_1_25' title="bbox 272 2556 1840 2649">
    <p class='ocr_par' dir='ltr' id='par_1_25' title="bbox 272 2556 1840 2649">
     <span class='ocr_line' id='line_1_25' title="bbox 272 2556 1840 2649; baseline 0.01 -41"><span class='ocrx_word' id='word_1_166' title='bbox 272 2556 375 2610; x_wconf 87' lang='lat' dir='ltr'>Per</span> <span class='ocrx_word' id='word_1_167' title='bbox 403 2559 581 2626; x_wconf 86' lang='lat' dir='ltr'>ipsum</span> <span class='ocrx_word' id='word_1_168' title='bbox 606 2565 656 2614; x_wconf 89' lang='lat' dir='ltr'>et</span> <span class='ocrx_word' id='word_1_169' title='bbox 685 2574 810 2613; x_wconf 84' lang='lat' dir='ltr'>cum</span> <span class='ocrx_word' id='word_1_170' title='bbox 849 2563 976 2628; x_wconf 82' lang='lat' dir='ltr'>ipso.</span> <span class='ocrx_word' id='word_1_171' title='bbox 1029 2560 1129 2615; x_wconf 91' lang='lat' dir='ltr'>Per</span> <span class='ocrx_word' id='word_1_172' title='bbox 1171 2577 1336 2632; x_wconf 91' lang='lat' dir='ltr'>quem</span> <span class='ocrx_word' id='word_1_173' title='bbox 1372 2563 1532 2618; x_wconf 90' lang='lat' dir='ltr'>Pater</span> <span class='ocrx_word' id='word_1_174' title='bbox 1559 2565 1627 2618; x_wconf 90' lang='lat' dir='ltr'>de</span> <span class='ocrx_word' id='word_1_175' title='bbox 1667 2583 1840 2649; x_wconf 26' lang='lat' dir='ltr'>pane.</span> 
     </span>
    </p>
   </div>
   <div class='ocr_carea' id='block_1_26' title="bbox 198 2647 1810 2715">
    <p class='ocr_par' dir='ltr' id='par_1_26' title="bbox 198 2647 1810 2715">
     <span class='ocr_line' id='line_1_26' title="bbox 198 2647 1810 2715; baseline 0.009 -18"><span class='ocrx_word' id='word_1_176' title='bbox 198 2659 416 2699; x_wconf 89' lang='lat' dir='ltr'>carnem</span> <span class='ocrx_word' id='word_1_177' title='bbox 482 2653 651 2713; x_wconf 90' lang='lat' dir='ltr'>creat,</span> <span class='ocrx_word' id='word_1_178' title='bbox 729 2647 1052 2713; x_wconf 88' lang='lat' dir='ltr'>sanctiﬁcat,</span> <span class='ocrx_word' id='word_1_179' title='bbox 1101 2648 1367 2715; x_wconf 87' lang='lat' dir='ltr'>viviticat,</span> <span class='ocrx_word' id='word_1_180' title='bbox 1420 2652 1701 2709; x_wconf 87' lang='lat' dir='ltr'>benedicit</span> <span class='ocrx_word' id='word_1_181' title='bbox 1756 2664 1810 2712; x_wconf 92' lang='lat' dir='ltr'>et</span> 
     </span>
    </p>
   </div>
   <div class='ocr_carea' id='block_1_27' title="bbox 196 2735 1802 2811">
    <p class='ocr_par' dir='ltr' id='par_1_27' title="bbox 196 2735 1802 2811">
     <span class='ocr_line' id='line_1_27' title="bbox 196 2735 1802 2811; baseline 0.007 -25"><span class='ocrx_word' id='word_1_182' title='bbox 196 2739 448 2801; x_wconf 65' lang='lat' dir='ltr'>prmstat:</span> <span class='ocrx_word' id='word_1_183' title='bbox 479 2749 578 2804; x_wconf 85' lang='lat' dir='ltr'>per</span> <span class='ocrx_word' id='word_1_184' title='bbox 627 2735 883 2789; x_wconf 88' lang='lat' dir='ltr'>eumdem</span> <span class='ocrx_word' id='word_1_185' title='bbox 937 2737 1117 2806; x_wconf 93' lang='lat' dir='ltr'>ipsum</span> <span class='ocrx_word' id='word_1_186' title='bbox 1151 2736 1372 2805; x_wconf 88' lang='lat' dir='ltr'>Filium,</span> <span class='ocrx_word' id='word_1_187' title='bbox 1404 2747 1481 2795; x_wconf 88' lang='lat' dir='ltr'>est</span> <span class='ocrx_word' id='word_1_188' title='bbox 1507 2746 1604 2797; x_wconf 88' lang='lat' dir='ltr'>Deo</span> <span class='ocrx_word' id='word_1_189' title='bbox 1633 2747 1802 2811; x_wconf 86' lang='lat' dir='ltr'>Patri,</span> 
     </span>
    </p>
   </div>
   <div class='ocr_carea' id='block_1_28' title="bbox 193 2823 1806 2896">
    <p class='ocr_par' dir='ltr' id='par_1_28' title="bbox 193 2823 1806 2896">
     <span class='ocr_line' id='line_1_28' title="bbox 193 2823 1806 2896; baseline 0.007 -22"><span class='ocrx_word' id='word_1_190' title='bbox 193 2835 319 2874; x_wconf 82' lang='lat' dir='ltr'>cum</span> <span class='ocrx_word' id='word_1_191' title='bbox 345 2823 549 2890; x_wconf 77' lang='lat' dir='ltr'>Spiritu</span> <span class='ocrx_word' id='word_1_192' title='bbox 577 2830 783 2890; x_wconf 86' lang='lat' dir='ltr'>sancto,</span> <span class='ocrx_word' id='word_1_193' title='bbox 813 2827 988 2879; x_wconf 86' lang='lat' dir='ltr'>omnis</span> <span class='ocrx_word' id='word_1_194' title='bbox 1017 2827 1183 2880; x_wconf 85' lang='lat' dir='ltr'>honor</span> <span class='ocrx_word' id='word_1_195' title='bbox 1203 2833 1253 2881; x_wconf 85' lang='lat' dir='ltr'>et</span> <span class='ocrx_word' id='word_1_196' title='bbox 1291 2829 1481 2896; x_wconf 80' lang='lat' dir='ltr'>gloria.</span> <span class='ocrx_word' id='word_1_197' title='bbox 1512 2829 1602 2884; x_wconf 85' lang='lat' dir='ltr'>Est</span> <span class='ocrx_word' id='word_1_198' title='bbox 1626 2830 1806 2886; x_wconf 89' lang='lat' dir='ltr'>honor</span> 
     </span>
    </p>
   </div>
   <div class='ocr_carea' id='block_1_29' title="bbox 191 2911 1801 2989">
    <p class='ocr_par' dir='ltr' id='par_1_29' title="bbox 191 2911 1801 2989">
     <span class='ocr_line' id='line_1_29' title="bbox 191 2911 1801 2989; baseline 0.008 -25"><span class='ocrx_word' id='word_1_199' title='bbox 191 2919 246 2964; x_wconf 87' lang='lat' dir='ltr'>et</span> <span class='ocrx_word' id='word_1_200' title='bbox 285 2911 458 2985; x_wconf 74' lang='lat' dir='ltr'>gloria</span> <span class='ocrx_word' id='word_1_201' title='bbox 475 2912 617 2968; x_wconf 87' lang='lat' dir='ltr'>Patri</span> <span class='ocrx_word' id='word_1_202' title='bbox 643 2930 742 2984; x_wconf 90' lang='lat' dir='ltr'>per</span> <span class='ocrx_word' id='word_1_203' title='bbox 767 2914 983 2981; x_wconf 89' lang='lat' dir='ltr'>Filium,</span> <span class='ocrx_word' id='word_1_204' title='bbox 1008 2916 1148 2970; x_wconf 87' lang='lat' dir='ltr'>sicut</span> <span class='ocrx_word' id='word_1_205' title='bbox 1169 2917 1431 2988; x_wconf 91' lang='lat' dir='ltr'>scriptum</span> <span class='ocrx_word' id='word_1_206' title='bbox 1463 2929 1578 2975; x_wconf 91' lang='lat' dir='ltr'>est:</span> <span class='ocrx_word' id='word_1_207' title='bbox 1619 2923 1801 2989; x_wconf 82' lang='lat' dir='ltr'>Pater,</span> 
     </span>
    </p>
   </div>
   <div class='ocr_carea' id='block_1_30' title="bbox 186 3002 1804 3076">
    <p class='ocr_par' dir='ltr' id='par_1_30' title="bbox 186 3002 1804 3076">
     <span class='ocr_line' id='line_1_30' title="bbox 186 3002 1804 3076; baseline 0.008 -25"><span class='ocrx_word' id='word_1_208' title='bbox 186 3002 538 3067; x_wconf 79' lang='lat' dir='ltr'>nmnifestavi</span> <span class='ocrx_word' id='word_1_209' title='bbox 552 3017 748 3057; x_wconf 84' lang='lat' dir='ltr'>nomen</span> <span class='ocrx_word' id='word_1_210' title='bbox 776 3010 935 3058; x_wconf 80' lang='lat' dir='ltr'>tuum</span> <span class='ocrx_word' id='word_1_211' title='bbox 963 3007 1287 3074; x_wconf 86' lang='lat' dir='ltr'>hominibus,</span> <span class='ocrx_word' id='word_1_212' title='bbox 1309 3024 1436 3076; x_wconf 87' lang='lat' dir='ltr'>quos</span> <span class='ocrx_word' id='word_1_213' title='bbox 1459 3009 1650 3066; x_wconf 79' lang='lat' dir='ltr'>dedisti</span> <span class='ocrx_word' id='word_1_214' title='bbox 1668 3013 1804 3066; x_wconf 85' lang='lat' dir='ltr'>mihi</span> 
     </span>
    </p>
   </div>
   <div class='ocr_carea' id='block_1_31' title="bbox 189 3090 1803 3169">
    <p class='ocr_par' dir='ltr' id='par_1_31' title="bbox 189 3090 1803 3169">
     <span class='ocr_line' id='line_1_31' title="bbox 189 3090 1803 3169; baseline 0.007 -25"><span class='ocrx_word' id='word_1_215' title='bbox 189 3090 368 3160; x_wconf 84' lang='lat' dir='ltr'>(Joan.</span> <span class='ocrx_word' id='word_1_216' title='bbox 414 3093 564 3163; x_wconf 85' lang='lat' dir='ltr'>xvn).</span> <span class='ocrx_word' id='word_1_217' title='bbox 621 3093 708 3147; x_wconf 88' lang='lat' dir='ltr'>Et:</span> <span class='ocrx_word' id='word_1_218' title='bbox 753 3096 934 3162; x_wconf 84' lang='lat' dir='ltr'>Pater,</span> <span class='ocrx_word' id='word_1_219' title='bbox 989 3097 1231 3162; x_wconf 81' lang='lat' dir='ltr'>clariﬁca</span> <span class='ocrx_word' id='word_1_220' title='bbox 1280 3100 1476 3156; x_wconf 84' lang='lat' dir='ltr'>Filium</span> <span class='ocrx_word' id='word_1_221' title='bbox 1526 3108 1702 3169; x_wconf 84' lang='lat' dir='ltr'>tuum,</span> <span class='ocrx_word' id='word_1_222' title='bbox 1742 3111 1803 3157; x_wconf 85' lang='lat' dir='ltr'>ut</span> 
     </span>
    </p>
   </div>
   <div class='ocr_carea' id='block_1_32' title="bbox 188 3184 1798 3258">
    <p class='ocr_par' dir='ltr' id='par_1_32' title="bbox 188 3184 1798 3258">
     <span class='ocr_line' id='line_1_32' title="bbox 188 3184 1798 3258; baseline 0.009 -23"><span class='ocrx_word' id='word_1_223' title='bbox 188 3188 238 3236; x_wconf 85' lang='lat' dir='ltr'>et</span> <span class='ocrx_word' id='word_1_224' title='bbox 264 3184 428 3238; x_wconf 85' lang='lat' dir='ltr'>Filius</span> <span class='ocrx_word' id='word_1_225' title='bbox 459 3190 584 3239; x_wconf 85' lang='lat' dir='ltr'>tuus</span> <span class='ocrx_word' id='word_1_226' title='bbox 613 3185 872 3251; x_wconf 85' lang='lat' dir='ltr'>ctariﬁcet</span> <span class='ocrx_word' id='word_1_227' title='bbox 911 3193 960 3241; x_wconf 86' lang='lat' dir='ltr'>te</span> <span class='ocrx_word' id='word_1_228' title='bbox 989 3185 1168 3258; x_wconf 73' lang='lat' dir='ltr'>(Ibid)</span> <span class='ocrx_word' id='word_1_229' title='bbox 1226 3189 1396 3245; x_wconf 86' lang='lat' dir='ltr'>Habet</span> <span class='ocrx_word' id='word_1_230' title='bbox 1433 3193 1579 3247; x_wconf 89' lang='lat' dir='ltr'>enim</span> <span class='ocrx_word' id='word_1_231' title='bbox 1627 3193 1798 3250; x_wconf 90' lang='lat' dir='ltr'>hono-</span> 
     </span>
    </p>
   </div>
   <div class='ocr_carea' id='block_1_33' title="bbox 189 3273 1793 3351">
    <p class='ocr_par' dir='ltr' id='par_1_33' title="bbox 189 3273 1793 3351">
     <span class='ocr_line' id='line_1_33' title="bbox 189 3273 1793 3351; baseline 0.009 -27"><span class='ocrx_word' id='word_1_232' title='bbox 189 3287 303 3325; x_wconf 87' lang='lat' dir='ltr'>rem</span> <span class='ocrx_word' id='word_1_233' title='bbox 335 3278 388 3326; x_wconf 88' lang='lat' dir='ltr'>et</span> <span class='ocrx_word' id='word_1_234' title='bbox 416 3273 644 3346; x_wconf 82' lang='lat' dir='ltr'>gloriam</span> <span class='ocrx_word' id='word_1_235' title='bbox 694 3273 851 3329; x_wconf 91' lang='lat' dir='ltr'>Pater</span> <span class='ocrx_word' id='word_1_236' title='bbox 879 3291 1004 3330; x_wconf 90' lang='lat' dir='ltr'>cum</span> <span class='ocrx_word' id='word_1_237' title='bbox 1047 3277 1202 3346; x_wconf 81' lang='lat' dir='ltr'>Filio,</span> <span class='ocrx_word' id='word_1_238' title='bbox 1237 3295 1360 3334; x_wconf 92' lang='lat' dir='ltr'>cum</span> <span class='ocrx_word' id='word_1_239' title='bbox 1395 3296 1504 3351; x_wconf 93' lang='lat' dir='ltr'>quo</span> <span class='ocrx_word' id='word_1_240' title='bbox 1540 3298 1793 3337; x_wconf 91' lang='lat' dir='ltr'>commu-</span> 
     </span>
    </p>
   </div>
   <div class='ocr_carea' id='block_1_34' title="bbox 186 3453 1791 3538">
    <p class='ocr_par' dir='ltr' id='par_1_34' title="bbox 186 3453 1791 3538">
     <span class='ocr_line' id='line_1_34' title="bbox 186 3453 1791 3538; baseline 0.008 -32"><span class='ocrx_word' id='word_1_241' title='bbox 186 3453 578 3524; x_wconf 88' lang='lat' dir='ltr'>habetomnia,</span> <span class='ocrx_word' id='word_1_242' title='bbox 605 3457 862 3528; x_wconf 92' lang='lat' dir='ltr'>cumipso</span> <span class='ocrx_word' id='word_1_243' title='bbox 882 3458 1073 3528; x_wconf 88' lang='lat' dir='ltr'>habet,</span> <span class='ocrx_word' id='word_1_244' title='bbox 1104 3459 1268 3515; x_wconf 90' lang='lat' dir='ltr'>etiam</span> <span class='ocrx_word' id='word_1_245' title='bbox 1296 3461 1563 3517; x_wconf 90' lang='lat' dir='ltr'>honorem</span> <span class='ocrx_word' id='word_1_246' title='bbox 1581 3471 1635 3518; x_wconf 89' lang='lat' dir='ltr'>et</span> <span class='ocrx_word' id='word_1_247' title='bbox 1664 3464 1791 3538; x_wconf 84' lang='lat' dir='ltr'>glo-</span> 
     </span>
    </p>
   </div>
   <div class='ocr_carea' id='block_1_35' title="bbox 183 3548 1796 3625">
    <p class='ocr_par' dir='ltr' id='par_1_35' title="bbox 183 3548 1796 3625">
     <span class='ocr_line' id='line_1_35' title="bbox 183 3548 1796 3625; baseline 0.008 -24"><span class='ocrx_word' id='word_1_248' title='bbox 183 3548 317 3602; x_wconf 88' lang='lat' dir='ltr'>riam</span> <span class='ocrx_word' id='word_1_249' title='bbox 352 3548 530 3616; x_wconf 85' lang='lat' dir='ltr'>Pater,</span> <span class='ocrx_word' id='word_1_250' title='bbox 573 3549 627 3604; x_wconf 91' lang='lat' dir='ltr'>in</span> <span class='ocrx_word' id='word_1_251' title='bbox 655 3566 764 3622; x_wconf 93' lang='lat' dir='ltr'>quo</span> <span class='ocrx_word' id='word_1_252' title='bbox 803 3563 904 3608; x_wconf 88' lang='lat' dir='ltr'>est.</span> <span class='ocrx_word' id='word_1_253' title='bbox 935 3553 1068 3608; x_wconf 88' lang='lat' dir='ltr'>Nam</span> <span class='ocrx_word' id='word_1_254' title='bbox 1099 3554 1362 3625; x_wconf 87' lang='lat' dir='ltr'>scriptum</span> <span class='ocrx_word' id='word_1_255' title='bbox 1395 3563 1504 3611; x_wconf 89' lang='lat' dir='ltr'>est:</span> <span class='ocrx_word' id='word_1_256' title='bbox 1538 3560 1700 3614; x_wconf 86' lang='lat' dir='ltr'>Pater</span> <span class='ocrx_word' id='word_1_257' title='bbox 1735 3563 1796 3614; x_wconf 88' lang='lat' dir='ltr'>in</span> 
     </span>
    </p>
   </div>
   <div class='ocr_carea' id='block_1_36' title="bbox 179 3643 1791 3715">
    <p class='ocr_par' dir='ltr' id='par_1_36' title="bbox 179 3643 1791 3715">
     <span class='ocr_line' id='line_1_36' title="bbox 179 3643 1791 3715; baseline 0.007 -23"><span class='ocrx_word' id='word_1_258' title='bbox 179 3654 268 3693; x_wconf 83' lang='lat' dir='ltr'>me</span> <span class='ocrx_word' id='word_1_259' title='bbox 294 3645 394 3707; x_wconf 86' lang='lat' dir='ltr'>est,</span> <span class='ocrx_word' id='word_1_260' title='bbox 424 3647 474 3695; x_wconf 86' lang='lat' dir='ltr'>et</span> <span class='ocrx_word' id='word_1_261' title='bbox 503 3655 592 3709; x_wconf 87' lang='lat' dir='ltr'>ego</span> <span class='ocrx_word' id='word_1_262' title='bbox 618 3645 677 3695; x_wconf 87' lang='lat' dir='ltr'>in</span> <span class='ocrx_word' id='word_1_263' title='bbox 701 3644 863 3698; x_wconf 83' lang='lat' dir='ltr'>I&#39;atre</span> <span class='ocrx_word' id='word_1_264' title='bbox 899 3643 1077 3714; x_wconf 85' lang='lat' dir='ltr'>(Joan.</span> <span class='ocrx_word' id='word_1_265' title='bbox 1131 3648 1201 3715; x_wconf 72' lang='grc' dir='ltr'>Χ).</span> <span class='ocrx_word' id='word_1_266' title='bbox 1236 3646 1370 3710; x_wconf 91' lang='lat' dir='ltr'>Quia</span> <span class='ocrx_word' id='word_1_267' title='bbox 1421 3647 1581 3703; x_wconf 89' lang='lat' dir='ltr'>Pater</span> <span class='ocrx_word' id='word_1_268' title='bbox 1624 3656 1706 3704; x_wconf 90' lang='lat' dir='ltr'>est</span> <span class='ocrx_word' id='word_1_269' title='bbox 1736 3651 1791 3704; x_wconf 91' lang='lat' dir='ltr'>in</span> 
     </span>
    </p>
   </div>
   <div class='ocr_carea' id='block_1_37' title="bbox 180 3734 1789 3807">
    <p class='ocr_par' dir='ltr' id='par_1_37' title="bbox 180 3734 1789 3807">
     <span class='ocr_line' id='line_1_37' title="bbox 180 3734 1789 3807; baseline 0.008 -20"><span class='ocrx_word' id='word_1_270' title='bbox 180 3749 291 3800; x_wconf 89' lang='lat' dir='ltr'>me,</span> <span class='ocrx_word' id='word_1_271' title='bbox 335 3734 461 3791; x_wconf 89' lang='lat' dir='ltr'>ideo</span> <span class='ocrx_word' id='word_1_272' title='bbox 491 3735 762 3807; x_wconf 90' lang='lat' dir='ltr'>quidquid</span> <span class='ocrx_word' id='word_1_273' title='bbox 789 3737 955 3794; x_wconf 91' lang='lat' dir='ltr'>habet</span> <span class='ocrx_word' id='word_1_274' title='bbox 986 3739 1163 3805; x_wconf 90' lang='lat' dir='ltr'>Pater,</span> <span class='ocrx_word' id='word_1_275' title='bbox 1193 3741 1362 3797; x_wconf 91' lang='lat' dir='ltr'>habet</span> <span class='ocrx_word' id='word_1_276' title='bbox 1392 3742 1447 3796; x_wconf 93' lang='lat' dir='ltr'>in</span> <span class='ocrx_word' id='word_1_277' title='bbox 1477 3742 1646 3800; x_wconf 88' lang='lat' dir='ltr'>Filio:</span> <span class='ocrx_word' id='word_1_278' title='bbox 1681 3760 1789 3800; x_wconf 93' lang='lat' dir='ltr'>non</span> 
     </span>
    </p>
   </div>
   <div class='ocr_carea' id='block_1_38' title="bbox 181 3825 1521 3905">
    <p class='ocr_par' dir='ltr' id='par_1_38' title="bbox 181 3825 1521 3905">
     <span class='ocr_line' id='line_1_38' title="bbox 181 3825 1521 3905; baseline 0.007 -26"><span class='ocrx_word' id='word_1_279' title='bbox 181 3825 329 3880; x_wconf 92' lang='lat' dir='ltr'>enim</span> <span class='ocrx_word' id='word_1_280' title='bbox 363 3827 570 3882; x_wconf 87' lang='lat' dir='ltr'>habere</span> <span class='ocrx_word' id='word_1_281' title='bbox 593 3835 795 3899; x_wconf 86' lang='lat' dir='ltr'>potest,</span> <span class='ocrx_word' id='word_1_282' title='bbox 825 3829 931 3884; x_wconf 90' lang='lat' dir='ltr'>nisi</span> <span class='ocrx_word' id='word_1_283' title='bbox 972 3830 1028 3886; x_wconf 92' lang='lat' dir='ltr'>in</span> <span class='ocrx_word' id='word_1_284' title='bbox 1060 3832 1182 3904; x_wconf 90' lang='lat' dir='ltr'>ipso</span> <span class='ocrx_word' id='word_1_285' title='bbox 1210 3834 1264 3887; x_wconf 91' lang='lat' dir='ltr'>in</span> <span class='ocrx_word' id='word_1_286' title='bbox 1286 3850 1398 3905; x_wconf 91' lang='lat' dir='ltr'>quo</span> <span class='ocrx_word' id='word_1_287' title='bbox 1422 3843 1521 3891; x_wconf 91' lang='lat' dir='ltr'>est.</span> 
     </span>
    </p>
   </div>
   <div class='ocr_carea' id='block_1_39' title="bbox 244 3924 1784 3994">
    <p class='ocr_par' dir='ltr' id='par_1_39' title="bbox 244 3924 1784 3994">
     <span class='ocr_line' id='line_1_39' title="bbox 244 3924 1784 3994; baseline 0.008 -20"><span class='ocrx_word' id='word_1_288' title='bbox 244 3924 499 3977; x_wconf 80' lang='lat' dir='ltr'>Oremus:</span> <span class='ocrx_word' id='word_1_289' title='bbox 552 3925 834 3994; x_wconf 73' lang='lat' dir='ltr'>Praeceptis</span> <span class='ocrx_word' id='word_1_290' title='bbox 888 3928 1222 3984; x_wconf 81' lang='lat' dir='ltr'>salutaribus</span> <span class='ocrx_word' id='word_1_291' title='bbox 1275 3935 1486 3986; x_wconf 82' lang='lat' dir='ltr'>moniti.</span> <span class='ocrx_word' id='word_1_292' title='bbox 1521 3931 1784 3987; x_wconf 88' lang='lat' dir='ltr'>Cohorta-</span> 
     </span>
    </p>
   </div>
   <div class='ocr_carea' id='block_1_40' title="bbox 169 4017 1782 4094">
    <p class='ocr_par' dir='ltr' id='par_1_40' title="bbox 169 4017 1782 4094">
     <span class='ocr_line' id='line_1_40' title="bbox 169 4017 1782 4094; baseline 0.009 -28"><span class='ocrx_word' id='word_1_293' title='bbox 169 4021 454 4084; x_wconf 89' lang='lat' dir='ltr'>turorare,</span> <span class='ocrx_word' id='word_1_294' title='bbox 487 4017 730 4073; x_wconf 91' lang='lat' dir='ltr'>subdens</span> <span class='ocrx_word' id='word_1_295' title='bbox 755 4035 1013 4076; x_wconf 88' lang='lat' dir='ltr'>causam:</span> <span class='ocrx_word' id='word_1_296' title='bbox 1047 4023 1177 4094; x_wconf 91' lang='lat' dir='ltr'>quia</span> <span class='ocrx_word' id='word_1_297' title='bbox 1230 4039 1421 4079; x_wconf 87' lang='lat' dir='ltr'>sumus</span> <span class='ocrx_word' id='word_1_298' title='bbox 1459 4025 1590 4080; x_wconf 91' lang='lat' dir='ltr'>inde</span> <span class='ocrx_word' id='word_1_299' title='bbox 1634 4027 1782 4081; x_wconf 87' lang='lat' dir='ltr'>salu-</span> 
     </span>
    </p>
   </div>
   <div class='ocr_carea' id='block_1_41' title="bbox 170 4104 1782 4189">
    <p class='ocr_par' dir='ltr' id='par_1_41' title="bbox 170 4104 1782 4189">
     <span class='ocr_line' id='line_1_41' title="bbox 170 4104 1782 4189; baseline 0.01 -33"><span class='ocrx_word' id='word_1_300' title='bbox 170 4104 267 4157; x_wconf 89' lang='lat' dir='ltr'>tari</span> <span class='ocrx_word' id='word_1_301' title='bbox 300 4114 572 4178; x_wconf 65' lang='lat' dir='ltr'>praecepto</span> <span class='ocrx_word' id='word_1_302' title='bbox 599 4109 813 4165; x_wconf 89' lang='lat' dir='ltr'>moniti.</span> <span class='ocrx_word' id='word_1_303' title='bbox 847 4111 992 4185; x_wconf 84' lang='lat' dir='ltr'>Lege</span> <span class='ocrx_word' id='word_1_304' title='bbox 1028 4112 1404 4189; x_wconf 73' lang='lat' dir='ltr'>Evangelium,</span> <span class='ocrx_word' id='word_1_305' title='bbox 1447 4123 1501 4170; x_wconf 89' lang='lat' dir='ltr'>et</span> <span class='ocrx_word' id='word_1_306' title='bbox 1532 4117 1782 4173; x_wconf 88' lang='lat' dir='ltr'>invenies</span> 
     </span>
    </p>
   </div>
   <div class='ocr_carea' id='block_1_42' title="bbox 167 4195 1780 4274">
    <p class='ocr_par' dir='ltr' id='par_1_42' title="bbox 167 4195 1780 4274">
     <span class='ocr_line' id='line_1_42' title="bbox 167 4195 1780 4274; baseline 0.009 -29"><span class='ocrx_word' id='word_1_307' title='bbox 167 4203 525 4263; x_wconf 82' lang='lat' dir='ltr'>praeceptum.</span> <span class='ocrx_word' id='word_1_308' title='bbox 562 4195 666 4251; x_wconf 88' lang='lat' dir='ltr'>Cur</span> <span class='ocrx_word' id='word_1_309' title='bbox 698 4197 838 4252; x_wconf 88' lang='lat' dir='ltr'>hanc</span> <span class='ocrx_word' id='word_1_310' title='bbox 864 4199 1034 4254; x_wconf 92' lang='lat' dir='ltr'>solam</span> <span class='ocrx_word' id='word_1_311' title='bbox 1067 4203 1371 4258; x_wconf 87' lang='lat' dir='ltr'>orationem</span> <span class='ocrx_word' id='word_1_312' title='bbox 1402 4205 1665 4274; x_wconf 73' lang='lat' dir='ltr'>praecedit</span> <span class='ocrx_word' id='word_1_313' title='bbox 1690 4207 1780 4259; x_wconf 90' lang='lat' dir='ltr'>ad-</span> 
     </span>
    </p>
   </div>
   <div class='ocr_carea' id='block_1_43' title="bbox 164 4547 1129 4626">
    <p class='ocr_par' dir='ltr' id='par_1_43' title="bbox 164 4547 1129 4626">
     <span class='ocr_line' id='line_1_43' title="bbox 164 4547 1129 4626; baseline 0.01 -26"><span class='ocrx_word' id='word_1_314' title='bbox 164 4547 275 4602; x_wconf 91' lang='lat' dir='ltr'>Deo</span> <span class='ocrx_word' id='word_1_315' title='bbox 308 4548 554 4605; x_wconf 87' lang='lat' dir='ltr'>formata.</span> <span class='ocrx_word' id='word_1_316' title='bbox 597 4551 753 4608; x_wconf 90' lang='lat' dir='ltr'>Unde</span> <span class='ocrx_word' id='word_1_317' title='bbox 783 4561 838 4608; x_wconf 89' lang='lat' dir='ltr'>et</span> <span class='ocrx_word' id='word_1_318' title='bbox 863 4555 1129 4626; x_wconf 87' lang='lat' dir='ltr'>sequitur.</span> 
     </span>
    </p>
   </div>
   <div class='ocr_carea' id='block_1_44' title="bbox 233 4645 1774 4716">
    <p class='ocr_par' dir='ltr' id='par_1_44' title="bbox 233 4645 1774 4716">
     <span class='ocr_line' id='line_1_44' title="bbox 233 4645 1774 4716; baseline 0.011 -21"><span class='ocrx_word' id='word_1_319' title='bbox 233 4645 298 4696; x_wconf 86' lang='lat' dir='ltr'>Et</span> <span class='ocrx_word' id='word_1_320' title='bbox 325 4645 510 4700; x_wconf 86' lang='lat' dir='ltr'>divina</span> <span class='ocrx_word' id='word_1_321' title='bbox 547 4650 889 4704; x_wconf 80' lang='lat' dir='ltr'>institutione</span> <span class='ocrx_word' id='word_1_322' title='bbox 915 4653 1155 4716; x_wconf 81' lang='lat' dir='ltr'>formati.</span> <span class='ocrx_word' id='word_1_323' title='bbox 1190 4652 1344 4708; x_wconf 90' lang='lat' dir='ltr'>Sicut</span> <span class='ocrx_word' id='word_1_324' title='bbox 1374 4666 1557 4710; x_wconf 89' lang='lat' dir='ltr'>narrat</span> <span class='ocrx_word' id='word_1_325' title='bbox 1596 4657 1774 4712; x_wconf 87' lang='lat' dir='ltr'>Evan-</span> 
     </span>
    </p>
   </div>
   <div class='ocr_carea' id='block_1_45' title="bbox 159 4733 1774 4813">
    <p class='ocr_par' dir='ltr' id='par_1_45' title="bbox 159 4733 1774 4813">
     <span class='ocr_line' id='line_1_45' title="bbox 159 4733 1774 4813; baseline 0.011 -27"><span class='ocrx_word' id='word_1_326' title='bbox 159 4733 390 4806; x_wconf 71' lang='lat' dir='ltr'>gelium‘,</span> <span class='ocrx_word' id='word_1_327' title='bbox 421 4736 710 4792; x_wconf 92' lang='lat' dir='ltr'>Dominum</span> <span class='ocrx_word' id='word_1_328' title='bbox 753 4740 1023 4812; x_wconf 79' lang='lat' dir='ltr'>rogabant</span> <span class='ocrx_word' id='word_1_329' title='bbox 1053 4745 1305 4813; x_wconf 88' lang='lat' dir='ltr'>apostoli,</span> <span class='ocrx_word' id='word_1_330' title='bbox 1339 4750 1471 4802; x_wconf 85' lang='lat' dir='ltr'>Doce</span> <span class='ocrx_word' id='word_1_331' title='bbox 1497 4763 1592 4802; x_wconf 88' lang='lat' dir='ltr'>nos</span> <span class='ocrx_word' id='word_1_332' title='bbox 1619 4764 1774 4804; x_wconf 87' lang='lat' dir='ltr'>orare</span> 
     </span>
    </p>
   </div>
   <div class='ocr_carea' id='block_1_46' title="bbox 159 4829 1771 4910">
    <p class='ocr_par' dir='ltr' id='par_1_46' title="bbox 159 4829 1771 4910">
     <span class='ocr_line' id='line_1_46' title="bbox 159 4829 1771 4910; baseline 0.013 -30"><span class='ocrx_word' id='word_1_333' title='bbox 159 4829 308 4897; x_wconf 88' lang='lat' dir='ltr'>(Luc.</span> <span class='ocrx_word' id='word_1_334' title='bbox 337 4833 444 4901; x_wconf 75' lang='lat' dir='ltr'><strong>x1);</strong></span> <span class='ocrx_word' id='word_1_335' title='bbox 479 4839 535 4887; x_wconf 90' lang='lat' dir='ltr'>et</span> <span class='ocrx_word' id='word_1_336' title='bbox 561 4833 823 4891; x_wconf 90' lang='lat' dir='ltr'>Dominus</span> <span class='ocrx_word' id='word_1_337' title='bbox 845 4836 1158 4894; x_wconf 85' lang='lat' dir='ltr'>informavit</span> <span class='ocrx_word' id='word_1_338' title='bbox 1189 4855 1285 4896; x_wconf 89' lang='lat' dir='ltr'>eos</span> <span class='ocrx_word' id='word_1_339' title='bbox 1314 4841 1478 4910; x_wconf 83' lang='lat' dir='ltr'>hujus</span> <span class='ocrx_word' id='word_1_340' title='bbox 1506 4845 1771 4901; x_wconf 90' lang='lat' dir='ltr'>orationis</span> 
     </span>
    </p>
   </div>
   <div class='ocr_carea' id='block_1_47' title="bbox 157 4921 524 4980">
    <p class='ocr_par' dir='ltr' id='par_1_47' title="bbox 157 4921 524 4980">
     <span class='ocr_line' id='line_1_47' title="bbox 157 4921 524 4980; baseline 0.022 -8"><span class='ocrx_word' id='word_1_341' title='bbox 157 4921 524 4980; x_wconf 90' lang='lat' dir='ltr'>institutione.</span> 
     </span>
    </p>
   </div>
   <div class='ocr_carea' id='block_1_48' title="bbox 1359 341 2424 414">
    <p class='ocr_par' dir='ltr' id='par_1_48' title="bbox 1359 341 2424 414">
     <span class='ocr_line' id='line_1_48' title="bbox 1359 341 2424 414; baseline 0.017 -20"><span class='ocrx_word' id='word_1_342' title='bbox 1359 341 1696 399; x_wconf 82' lang='lat' dir='ltr'>EXPOSlTlO</span> <span class='ocrx_word' id='word_1_343' title='bbox 1741 349 1802 402; x_wconf 88' lang='lat' dir='ltr'>IN</span> <span class='ocrx_word' id='word_1_344' title='bbox 1844 349 2151 408; x_wconf 74' lang='lat' dir='ltr'>CANONEM</span> <span class='ocrx_word' id='word_1_345' title='bbox 2193 356 2424 414; x_wconf 64' lang='lat' dir='ltr'>MISSzE.</span> 
     </span>
    </p>
   </div>
   <div class='ocr_carea' id='block_1_49' title="bbox 3419 384 3556 439">
    <p class='ocr_par' dir='ltr' id='par_1_49' title="bbox 3419 384 3556 439">
     <span class='ocr_line' id='line_1_49' title="bbox 3419 384 3556 439; baseline 0.015 -2"><span class='ocrx_word' id='word_1_346' title='bbox 3419 384 3556 439; x_wconf 83' lang='grc'>1070</span> 
     </span>
    </p>
   </div>
   <div class='ocr_carea' id='block_1_50' title="bbox 1871 481 3553 582">
    <p class='ocr_par' dir='ltr' id='par_1_50' title="bbox 1871 481 3553 582">
     <span class='ocr_line' id='line_1_50' title="bbox 1871 481 3553 582; baseline 0.022 -51"><span class='ocrx_word' id='word_1_347' title='bbox 1871 481 1922 549; x_wconf 85' lang='grc' dir='ltr'>Α</span> <span class='ocrx_word' id='word_1_348' title='bbox 2017 483 2288 539; x_wconf 85' lang='lat' dir='ltr'>Audemus</span> <span class='ocrx_word' id='word_1_349' title='bbox 2341 488 2530 543; x_wconf 84' lang='lat' dir='ltr'>dicere.</span> <span class='ocrx_word' id='word_1_350' title='bbox 2556 490 2794 548; x_wconf 85' lang='lat' dir='ltr'>Audacia</span> <span class='ocrx_word' id='word_1_351' title='bbox 2847 495 3064 552; x_wconf 90' lang='lat' dir='ltr'>videtur</span> <span class='ocrx_word' id='word_1_352' title='bbox 3089 507 3144 555; x_wconf 88' lang='lat' dir='ltr'>et</span> <span class='ocrx_word' id='word_1_353' title='bbox 3197 513 3553 582; x_wconf 67' lang='lat' dir='ltr'>praesumptio</span> 
     </span>
    </p>
   </div>
   <div class='ocr_carea' id='block_1_51' title="bbox 1948 571 3555 659">
    <p class='ocr_par' dir='ltr' id='par_1_51' title="bbox 1948 571 3555 659">
     <span class='ocr_line' id='line_1_51' title="bbox 1948 571 3555 659; baseline 0.022 -34"><span class='ocrx_word' id='word_1_354' title='bbox 1948 571 2202 631; x_wconf 89' lang='lat' dir='ltr'>homines</span> <span class='ocrx_word' id='word_1_355' title='bbox 2221 576 2469 635; x_wconf 84' lang='lat' dir='ltr'>inﬁrmos</span> <span class='ocrx_word' id='word_1_356' title='bbox 2496 581 2684 638; x_wconf 90' lang='lat' dir='ltr'>divina</span> <span class='ocrx_word' id='word_1_357' title='bbox 2713 585 3076 646; x_wconf 88' lang='lat' dir='ltr'>institutione.</span> <span class='ocrx_word' id='word_1_358' title='bbox 3112 571 3392 654; x_wconf 82' lang='lat' dir='ltr'>Audemus</span> <span class='ocrx_word' id='word_1_359' title='bbox 3418 571 3555 659; x_wconf 79' lang='lat' dir='ltr'>obe-</span> 
     </span>
    </p>
   </div>
   <div class='ocr_carea' id='block_1_52' title="bbox 1944 664 3550 763">
    <p class='ocr_par' dir='ltr' id='par_1_52' title="bbox 1944 664 3550 763">
     <span class='ocr_line' id='line_1_52' title="bbox 1944 664 3550 763; baseline 0.021 -45"><span class='ocrx_word' id='word_1_360' title='bbox 1944 664 2172 736; x_wconf 90' lang='lat' dir='ltr'>dientia,</span> <span class='ocrx_word' id='word_1_361' title='bbox 2215 685 2324 727; x_wconf 94' lang='lat' dir='ltr'>non</span> <span class='ocrx_word' id='word_1_362' title='bbox 2358 674 2607 731; x_wconf 91' lang='lat' dir='ltr'>audacia.</span> <span class='ocrx_word' id='word_1_363' title='bbox 2649 677 2929 736; x_wconf 85' lang='lat' dir='ltr'>Audentes</span> <span class='ocrx_word' id='word_1_364' title='bbox 2968 685 3218 755; x_wconf 90' lang='lat' dir='ltr'>audacia,</span> <span class='ocrx_word' id='word_1_365' title='bbox 3274 693 3353 747; x_wconf 90' lang='lat' dir='ltr'>rei</span> <span class='ocrx_word' id='word_1_366' title='bbox 3385 703 3550 763; x_wconf 91' lang='lat' dir='ltr'>sunt;</span> 
     </span>
    </p>
   </div>
   <div class='ocr_carea' id='block_1_53' title="bbox 1942 756 3550 842">
    <p class='ocr_par' dir='ltr' id='par_1_53' title="bbox 1942 756 3550 842">
     <span class='ocr_line' id='line_1_53' title="bbox 1942 756 3550 842; baseline 0.02 -33"><span class='ocrx_word' id='word_1_367' title='bbox 1942 756 2212 814; x_wconf 88' lang='lat' dir='ltr'>audentes</span> <span class='ocrx_word' id='word_1_368' title='bbox 2231 761 2572 834; x_wconf 86' lang='lat' dir='ltr'>obedientia,</span> <span class='ocrx_word' id='word_1_369' title='bbox 2588 765 2869 825; x_wconf 89' lang='lat' dir='ltr'>laudandi.</span> <span class='ocrx_word' id='word_1_370' title='bbox 2897 773 3418 838; x_wconf 67' lang='lat' dir='ltr'>Aususobedientize</span> <span class='ocrx_word' id='word_1_371' title='bbox 3443 756 3550 842; x_wconf 43' lang='lat' dir='ltr'>bo;</span> 
     </span>
    </p>
   </div>
   <div class='ocr_carea' id='block_1_54' title="bbox 1941 848 3550 930">
    <p class='ocr_par' dir='ltr' id='par_1_54' title="bbox 1941 848 3550 930">
     <span class='ocr_line' id='line_1_54' title="bbox 1941 848 3550 930; baseline 0.021 -33"><span class='ocrx_word' id='word_1_372' title='bbox 1941 859 2085 910; x_wconf 91' lang='lat' dir='ltr'>nus;</span> <span class='ocrx_word' id='word_1_373' title='bbox 2118 848 2349 904; x_wconf 90' lang='lat' dir='ltr'>audacia</span> <span class='ocrx_word' id='word_1_374' title='bbox 2370 853 2665 924; x_wconf 71' lang='lat' dir='ltr'>superbiae,</span> <span class='ocrx_word' id='word_1_375' title='bbox 2699 857 2861 914; x_wconf 90' lang='lat' dir='ltr'>mala.</span> <span class='ocrx_word' id='word_1_376' title='bbox 2897 861 2978 929; x_wconf 89' lang='lat' dir='ltr'>Et,</span> <span class='ocrx_word' id='word_1_377' title='bbox 3001 863 3142 920; x_wconf 90' lang='lat' dir='ltr'>sicut</span> <span class='ocrx_word' id='word_1_378' title='bbox 3172 871 3365 925; x_wconf 91' lang='lat' dir='ltr'>orandi</span> <span class='ocrx_word' id='word_1_379' title='bbox 3387 888 3550 930; x_wconf 90' lang='lat' dir='ltr'>causa</span> 
     </span>
    </p>
   </div>
   <div class='ocr_carea' id='block_1_55' title="bbox 1941 933 3547 1019">
    <p class='ocr_par' dir='ltr' id='par_1_55' title="bbox 1941 933 3547 1019">
     <span class='ocr_line' id='line_1_55' title="bbox 1941 933 3547 1019; baseline 0.02 -33"><span class='ocrx_word' id='word_1_380' title='bbox 1941 933 2234 1004; x_wconf 88' lang='lat' dir='ltr'>subjuncta</span> <span class='ocrx_word' id='word_1_381' title='bbox 2251 945 2352 1007; x_wconf 90' lang='lat' dir='ltr'>est,</span> <span class='ocrx_word' id='word_1_382' title='bbox 2378 942 2506 1012; x_wconf 91' lang='lat' dir='ltr'>quia</span> <span class='ocrx_word' id='word_1_383' title='bbox 2523 954 2858 1017; x_wconf 65' lang='lat' dir='ltr'>praeceptum</span> <span class='ocrx_word' id='word_1_384' title='bbox 2891 960 2993 1017; x_wconf 88' lang='lat' dir='ltr'>est,</span> <span class='ocrx_word' id='word_1_385' title='bbox 3021 953 3094 1008; x_wconf 90' lang='lat' dir='ltr'>ita</span> <span class='ocrx_word' id='word_1_386' title='bbox 3115 956 3352 1013; x_wconf 91' lang='lat' dir='ltr'>audendi</span> <span class='ocrx_word' id='word_1_387' title='bbox 3385 977 3547 1019; x_wconf 91' lang='lat' dir='ltr'>causa</span> 
     </span>
    </p>
   </div>
   <div class='ocr_carea' id='block_1_56' title="bbox 1940 1028 3548 1110">
    <p class='ocr_par' dir='ltr' id='par_1_56' title="bbox 1940 1028 3548 1110">
     <span class='ocr_line' id='line_1_56' title="bbox 1940 1028 3548 1110; baseline 0.021 -33"><span class='ocrx_word' id='word_1_388' title='bbox 1940 1028 2240 1094; x_wconf 67' lang='lat' dir='ltr'>praecessit,</span> <span class='ocrx_word' id='word_1_389' title='bbox 2277 1031 2405 1102; x_wconf 92' lang='lat' dir='ltr'>quia</span> <span class='ocrx_word' id='word_1_390' title='bbox 2429 1032 2564 1088; x_wconf 91' lang='lat' dir='ltr'>inde</span> <span class='ocrx_word' id='word_1_391' title='bbox 2599 1052 2789 1093; x_wconf 90' lang='lat' dir='ltr'>sumus</span> <span class='ocrx_word' id='word_1_392' title='bbox 2822 1040 3010 1098; x_wconf 85' lang='lat' dir='ltr'>divina</span> <span class='ocrx_word' id='word_1_393' title='bbox 3041 1045 3387 1107; x_wconf 91' lang='lat' dir='ltr'>institutione</span> <span class='ocrx_word' id='word_1_394' title='bbox 3434 1053 3548 1110; x_wconf 81' lang='lat' dir='ltr'>for-</span> 
     </span>
    </p>
   </div>
   <div class='ocr_carea' id='block_1_57' title="bbox 1939 1114 3545 1210">
    <p class='ocr_par' dir='ltr' id='par_1_57' title="bbox 1939 1114 3545 1210">
     <span class='ocr_line' id='line_1_57' title="bbox 1939 1114 3545 1210; baseline 0.022 -44"><span class='ocrx_word' id='word_1_395' title='bbox 1939 1114 2088 1170; x_wconf 91' lang='lat' dir='ltr'>mati.</span> <span class='ocrx_word' id='word_1_396' title='bbox 2121 1121 2338 1174; x_wconf 82' lang='lat' dir='ltr'>Oremus</span> <span class='ocrx_word' id='word_1_397' title='bbox 2370 1137 2522 1197; x_wconf 79' lang='lat' dir='ltr'>ergo,</span> <span class='ocrx_word' id='word_1_398' title='bbox 2554 1126 2683 1196; x_wconf 90' lang='lat' dir='ltr'>quia</span> <span class='ocrx_word' id='word_1_399' title='bbox 2717 1128 2841 1184; x_wconf 91' lang='lat' dir='ltr'>inde</span> <span class='ocrx_word' id='word_1_400' title='bbox 2871 1147 3060 1190; x_wconf 89' lang='lat' dir='ltr'>sumus</span> <span class='ocrx_word' id='word_1_401' title='bbox 3093 1145 3368 1210; x_wconf 62' lang='lat' dir='ltr'>praeceptis</span> <span class='ocrx_word' id='word_1_402' title='bbox 3395 1146 3545 1200; x_wconf 87' lang='lat' dir='ltr'>satu-</span> 
     </span>
    </p>
   </div>
   <div class='ocr_carea' id='block_1_58' title="bbox 1938 1203 3545 1295">
    <p class='ocr_par' dir='ltr' id='par_1_58' title="bbox 1938 1203 3545 1295">
     <span class='ocr_line' id='line_1_58' title="bbox 1938 1203 3545 1295; baseline 0.021 -41"><span class='ocrx_word' id='word_1_403' title='bbox 1938 1203 2142 1260; x_wconf 87' lang='lat' dir='ltr'>taribus</span> <span class='ocrx_word' id='word_1_404' title='bbox 2170 1211 2399 1276; x_wconf 85' lang='lat' dir='ltr'>moniti;</span> <span class='ocrx_word' id='word_1_405' title='bbox 2430 1217 2502 1276; x_wconf 91' lang='lat' dir='ltr'>et,</span> <span class='ocrx_word' id='word_1_406' title='bbox 2531 1215 2790 1272; x_wconf 84' lang='lat' dir='ltr'>audemus</span> <span class='ocrx_word' id='word_1_407' title='bbox 2812 1219 3003 1290; x_wconf 85' lang='lat' dir='ltr'>dicere,</span> <span class='ocrx_word' id='word_1_408' title='bbox 3037 1203 3166 1295; x_wconf 82' lang='lat' dir='ltr'>quia</span> <span class='ocrx_word' id='word_1_409' title='bbox 3198 1243 3387 1284; x_wconf 91' lang='lat' dir='ltr'>sumus</span> <span class='ocrx_word' id='word_1_410' title='bbox 3414 1232 3545 1287; x_wconf 91' lang='lat' dir='ltr'>inde</span> 
     </span>
    </p>
   </div>
   <div class='ocr_carea' id='block_1_59' title="bbox 1935 1291 3545 1396">
    <p class='ocr_par' dir='ltr' id='par_1_59' title="bbox 1935 1291 3545 1396">
     <span class='ocr_line' id='line_1_59' title="bbox 1935 1291 3545 1396; baseline 0.022 -51"><span class='ocrx_word' id='word_1_411' title='bbox 1935 1291 2122 1349; x_wconf 90' lang='lat' dir='ltr'>divina</span> <span class='ocrx_word' id='word_1_412' title='bbox 2147 1296 2498 1357; x_wconf 90' lang='lat' dir='ltr'>institutione</span> <span class='ocrx_word' id='word_1_413' title='bbox 2527 1303 2763 1364; x_wconf 90' lang='lat' dir='ltr'>formati.</span> <span class='ocrx_word' id='word_1_414' title='bbox 2811 1310 2943 1366; x_wconf 91' lang='lat' dir='ltr'>Nam</span> <span class='ocrx_word' id='word_1_415' title='bbox 2973 1291 3102 1372; x_wconf 77' lang='lat' dir='ltr'>ideo</span> <span class='ocrx_word' id='word_1_416' title='bbox 3141 1333 3382 1391; x_wconf 91' lang='lat' dir='ltr'>oramus,</span> <span class='ocrx_word' id='word_1_417' title='bbox 3415 1327 3545 1396; x_wconf 90' lang='lat' dir='ltr'>quia</span> 
     </span>
    </p>
   </div>
   <div class='ocr_carea' id='block_1_60' title="bbox 1937 1383 3545 1486">
    <p class='ocr_par' dir='ltr' id='par_1_60' title="bbox 1937 1383 3545 1486">
     <span class='ocr_line' id='line_1_60' title="bbox 1937 1383 3545 1486; baseline 0.022 -50"><span class='ocrx_word' id='word_1_418' title='bbox 1937 1383 2064 1438; x_wconf 92' lang='lat' dir='ltr'>inde</span> <span class='ocrx_word' id='word_1_419' title='bbox 2096 1396 2432 1460; x_wconf 81' lang='lat' dir='ltr'>praeceptum</span> <span class='ocrx_word' id='word_1_420' title='bbox 2466 1394 2809 1466; x_wconf 90' lang='lat' dir='ltr'>accipimus;</span> <span class='ocrx_word' id='word_1_421' title='bbox 2844 1408 2898 1456; x_wconf 91' lang='lat' dir='ltr'>et</span> <span class='ocrx_word' id='word_1_422' title='bbox 2929 1403 3059 1461; x_wconf 89' lang='lat' dir='ltr'>ideo</span> <span class='ocrx_word' id='word_1_423' title='bbox 3088 1409 3378 1480; x_wconf 90' lang='lat' dir='ltr'>audemus,</span> <span class='ocrx_word' id='word_1_424' title='bbox 3415 1383 3545 1486; x_wconf 77' lang='lat' dir='ltr'>quia</span> 
     </span>
    </p>
   </div>
   <div class='ocr_carea' id='block_1_61' title="bbox 1935 1479 3539 1576">
    <p class='ocr_par' dir='ltr' id='par_1_61' title="bbox 1935 1479 3539 1576">
     <span class='ocr_line' id='line_1_61' title="bbox 1935 1479 3539 1576; baseline 0.021 -47"><span class='ocrx_word' id='word_1_425' title='bbox 1935 1490 2038 1532; x_wconf 87' lang='lat' dir='ltr'>nos</span> <span class='ocrx_word' id='word_1_426' title='bbox 2067 1479 2294 1547; x_wconf 86' lang='lat' dir='ltr'>pavidos</span> <span class='ocrx_word' id='word_1_427' title='bbox 2321 1483 2389 1536; x_wconf 90' lang='lat' dir='ltr'>ad</span> <span class='ocrx_word' id='word_1_428' title='bbox 2419 1484 2524 1540; x_wconf 88' lang='lat' dir='ltr'>hoc</span> <span class='ocrx_word' id='word_1_429' title='bbox 2553 1487 2697 1544; x_wconf 90' lang='lat' dir='ltr'>Deus</span> <span class='ocrx_word' id='word_1_430' title='bbox 2727 1491 3009 1551; x_wconf 80' lang='lat' dir='ltr'>animavit.</span> <span class='ocrx_word' id='word_1_431' title='bbox 3028 1479 3539 1576; x_wconf 64' lang='lat' dir='ltr'>Deditpmccptum</span> 
     </span>
    </p>
   </div>
   <div class='ocr_carea' id='block_1_62' title="bbox 1931 1573 3544 1674">
    <p class='ocr_par' dir='ltr' id='par_1_62' title="bbox 1931 1573 3544 1674">
     <span class='ocr_line' id='line_1_62' title="bbox 1931 1573 3544 1674; baseline 0.021 -49"><span class='ocrx_word' id='word_1_432' title='bbox 1931 1573 2126 1627; x_wconf 87' lang='lat' dir='ltr'>orandi</span> <span class='ocrx_word' id='word_1_433' title='bbox 2150 1575 2218 1630; x_wconf 91' lang='lat' dir='ltr'>ad</span> <span class='ocrx_word' id='word_1_434' title='bbox 2247 1578 2501 1645; x_wconf 87' lang='lat' dir='ltr'>salutem,</span> <span class='ocrx_word' id='word_1_435' title='bbox 2536 1582 2688 1639; x_wconf 89' lang='lat' dir='ltr'>dedit</span> <span class='ocrx_word' id='word_1_436' title='bbox 2742 1584 2999 1646; x_wconf 89' lang='lat' dir='ltr'>ﬁduciam</span> <span class='ocrx_word' id='word_1_437' title='bbox 3028 1594 3270 1652; x_wconf 89' lang='lat' dir='ltr'>audendi</span> <span class='ocrx_word' id='word_1_438' title='bbox 3317 1573 3544 1674; x_wconf 81' lang='lat' dir='ltr'>propter</span> 
     </span>
    </p>
   </div>
   <div class='ocr_carea' id='block_1_63' title="bbox 1934 1661 2207 1719">
    <p class='ocr_par' dir='ltr' id='par_1_63' title="bbox 1934 1661 2207 1719">
     <span class='ocr_line' id='line_1_63' title="bbox 1934 1661 2207 1719; baseline 0.011 -3"><span class='ocrx_word' id='word_1_439' title='bbox 1934 1661 2207 1719; x_wconf 89' lang='lat' dir='ltr'>timorem.</span> 
     </span>
    </p>
   </div>
   <div class='ocr_carea' id='block_1_64' title="bbox 2001 1757 3536 1837">
    <p class='ocr_par' dir='ltr' id='par_1_64' title="bbox 2001 1757 3536 1837">
     <span class='ocr_line' id='line_1_64' title="bbox 2001 1757 3536 1837; baseline 0.021 -31"><span class='ocrx_word' id='word_1_440' title='bbox 2001 1757 2160 1808; x_wconf 84' lang='lat' dir='ltr'>Pater</span> <span class='ocrx_word' id='word_1_441' title='bbox 2194 1764 2390 1826; x_wconf 83' lang='lat' dir='ltr'>noster,</span> <span class='ocrx_word' id='word_1_442' title='bbox 2431 1765 2526 1830; x_wconf 87' lang='lat' dir='ltr'>qui</span> <span class='ocrx_word' id='word_1_443' title='bbox 2549 1777 2599 1817; x_wconf 87' lang='lat' dir='ltr'>es</span> <span class='ocrx_word' id='word_1_444' title='bbox 2635 1767 2695 1818; x_wconf 88' lang='lat' dir='ltr'>in</span> <span class='ocrx_word' id='word_1_445' title='bbox 2723 1768 2883 1823; x_wconf 62' lang='lat' dir='ltr'>caelis.</span> <span class='ocrx_word' id='word_1_446' title='bbox 2939 1770 3275 1831; x_wconf 92' lang='lat' dir='ltr'>Dominicam</span> <span class='ocrx_word' id='word_1_447' title='bbox 3326 1781 3536 1837; x_wconf 90' lang='lat' dir='ltr'>oratio-</span> 
     </span>
    </p>
   </div>
   <div class='ocr_carea' id='block_1_65' title="bbox 1847 1831 3540 1938">
    <p class='ocr_par' dir='ltr' id='par_1_65' title="bbox 1847 1831 3540 1938">
     <span class='ocr_line' id='line_1_65' title="bbox 1847 1831 3540 1938; baseline 0.021 -43"><span class='ocrx_word' id='word_1_448' title='bbox 1847 1831 1899 1898; x_wconf 93' lang='lat' dir='ltr'>B</span> <span class='ocrx_word' id='word_1_449' title='bbox 1931 1858 2056 1898; x_wconf 90' lang='lat' dir='ltr'>nem</span> <span class='ocrx_word' id='word_1_450' title='bbox 2081 1860 2191 1900; x_wconf 92' lang='lat' dir='ltr'>non</span> <span class='ocrx_word' id='word_1_451' title='bbox 2213 1863 2452 1919; x_wconf 86' lang='lat' dir='ltr'>expono,</span> <span class='ocrx_word' id='word_1_452' title='bbox 2477 1853 2606 1923; x_wconf 88' lang='lat' dir='ltr'>quia</span> <span class='ocrx_word' id='word_1_453' title='bbox 2639 1857 2840 1914; x_wconf 91' lang='lat' dir='ltr'>multos</span> <span class='ocrx_word' id='word_1_454' title='bbox 2873 1860 3062 1919; x_wconf 85' lang='lat' dir='ltr'>Patres</span> <span class='ocrx_word' id='word_1_455' title='bbox 3091 1871 3410 1938; x_wconf 86' lang='lat' dir='ltr'>exposuisse</span> <span class='ocrx_word' id='word_1_456' title='bbox 3450 1890 3540 1930; x_wconf 90' lang='lat' dir='ltr'>re-</span> 
     </span>
    </p>
   </div>
   <div class='ocr_carea' id='block_1_66' title="bbox 1926 1935 3537 2025">
    <p class='ocr_par' dir='ltr' id='par_1_66' title="bbox 1926 1935 3537 2025">
     <span class='ocr_line' id='line_1_66' title="bbox 1926 1935 3537 2025; baseline 0.02 -37"><span class='ocrx_word' id='word_1_457' title='bbox 1926 1935 2102 2004; x_wconf 88' lang='lat' dir='ltr'>perio.</span> <span class='ocrx_word' id='word_1_458' title='bbox 2133 1938 2242 1995; x_wconf 88' lang='lat' dir='ltr'>Nec</span> <span class='ocrx_word' id='word_1_459' title='bbox 2274 1949 2494 2012; x_wconf 87' lang='lat' dir='ltr'>Oportet</span> <span class='ocrx_word' id='word_1_460' title='bbox 2520 1945 2612 2000; x_wconf 93' lang='lat' dir='ltr'>hic</span> <span class='ocrx_word' id='word_1_461' title='bbox 2650 1963 2860 2018; x_wconf 91' lang='lat' dir='ltr'>ponere</span> <span class='ocrx_word' id='word_1_462' title='bbox 2897 1957 3044 2025; x_wconf 91' lang='lat' dir='ltr'>quod</span> <span class='ocrx_word' id='word_1_463' title='bbox 3077 1957 3132 2012; x_wconf 92' lang='lat' dir='ltr'>in</span> <span class='ocrx_word' id='word_1_464' title='bbox 3160 1935 3370 2019; x_wconf 71' lang='lat' dir='ltr'>multis</span> <span class='ocrx_word' id='word_1_465' title='bbox 3400 1966 3537 2021; x_wconf 90' lang='lat' dir='ltr'>locis</span> 
     </span>
    </p>
   </div>
   <div class='ocr_carea' id='block_1_67' title="bbox 1923 2035 2650 2100">
    <p class='ocr_par' dir='ltr' id='par_1_67' title="bbox 1923 2035 2650 2100">
     <span class='ocr_line' id='line_1_67' title="bbox 1923 2035 2650 2100; baseline 0.018 -19"><span class='ocrx_word' id='word_1_466' title='bbox 1923 2039 2236 2100; x_wconf 90' lang='lat' dir='ltr'>promptum</span> <span class='ocrx_word' id='word_1_467' title='bbox 2268 2039 2351 2088; x_wconf 91' lang='lat' dir='ltr'>est</span> <span class='ocrx_word' id='word_1_468' title='bbox 2378 2035 2650 2094; x_wconf 90' lang='lat' dir='ltr'>invenire.</span> 
     </span>
    </p>
   </div>
   <div class='ocr_carea' id='block_1_68' title="bbox 1991 2122 3531 2206">
    <p class='ocr_par' dir='ltr' id='par_1_68' title="bbox 1991 2122 3531 2206">
     <span class='ocr_line' id='line_1_68' title="bbox 1991 2122 3531 2206; baseline 0.021 -32"><span class='ocrx_word' id='word_1_469' title='bbox 1991 2122 2176 2178; x_wconf 87' lang='lat' dir='ltr'>Libera</span> <span class='ocrx_word' id='word_1_470' title='bbox 2222 2140 2318 2180; x_wconf 88' lang='lat' dir='ltr'>nos</span> <span class='ocrx_word' id='word_1_471' title='bbox 2354 2143 2678 2199; x_wconf 70' lang='lat' dir='ltr'>quaesumus,</span> <span class='ocrx_word' id='word_1_472' title='bbox 2731 2138 2967 2193; x_wconf 88' lang='lat' dir='ltr'>Domine.</span> <span class='ocrx_word' id='word_1_473' title='bbox 3035 2139 3193 2197; x_wconf 87' lang='lat' dir='ltr'>Facta</span> <span class='ocrx_word' id='word_1_474' title='bbox 3240 2146 3531 2206; x_wconf 85' lang='lat' dir='ltr'>conﬁrma-</span> 
     </span>
    </p>
   </div>
   <div class='ocr_carea' id='block_1_69' title="bbox 1919 2209 3530 2302">
    <p class='ocr_par' dir='ltr' id='par_1_69' title="bbox 1919 2209 3530 2302">
     <span class='ocr_line' id='line_1_69' title="bbox 1919 2209 3530 2302; baseline 0.02 -40"><span class='ocrx_word' id='word_1_475' title='bbox 1919 2209 2067 2265; x_wconf 88' lang='lat' dir='ltr'>tione</span> <span class='ocrx_word' id='word_1_476' title='bbox 2126 2211 2424 2271; x_wconf 80' lang='lat' dir='ltr'>Dominicae</span> <span class='ocrx_word' id='word_1_477' title='bbox 2473 2219 2759 2291; x_wconf 87' lang='lat' dir='ltr'>orationis,</span> <span class='ocrx_word' id='word_1_478' title='bbox 2799 2224 3076 2284; x_wconf 90' lang='lat' dir='ltr'>dicendo:</span> <span class='ocrx_word' id='word_1_479' title='bbox 3135 2232 3326 2302; x_wconf 84' lang='lat' dir='ltr'>Amen,</span> <span class='ocrx_word' id='word_1_480' title='bbox 3385 2245 3530 2295; x_wconf 90' lang='lat' dir='ltr'>totus</span> 
     </span>
    </p>
   </div>
   <div class='ocr_carea' id='block_1_70' title="bbox 1915 2303 3528 2388">
    <p class='ocr_par' dir='ltr' id='par_1_70' title="bbox 1915 2303 3528 2388">
     <span class='ocr_line' id='line_1_70' title="bbox 1915 2303 3528 2388; baseline 0.022 -37"><span class='ocrx_word' id='word_1_481' title='bbox 1915 2304 2095 2354; x_wconf 84' lang='lat' dir='ltr'>textus</span> <span class='ocrx_word' id='word_1_482' title='bbox 2124 2303 2217 2373; x_wconf 90' lang='lat' dir='ltr'>qui</span> <span class='ocrx_word' id='word_1_483' title='bbox 2264 2306 2514 2377; x_wconf 91' lang='lat' dir='ltr'>sequitur</span> <span class='ocrx_word' id='word_1_484' title='bbox 2570 2326 2668 2380; x_wconf 94' lang='lat' dir='ltr'>pro</span> <span class='ocrx_word' id='word_1_485' title='bbox 2722 2315 2883 2371; x_wconf 90' lang='lat' dir='ltr'>venia</span> <span class='ocrx_word' id='word_1_486' title='bbox 2927 2329 3276 2388; x_wconf 89' lang='lat' dir='ltr'>peccatorum</span> <span class='ocrx_word' id='word_1_487' title='bbox 3325 2338 3444 2385; x_wconf 91' lang='lat' dir='ltr'>orat</span> <span class='ocrx_word' id='word_1_488' title='bbox 3474 2340 3528 2386; x_wconf 92' lang='lat' dir='ltr'>et</span> 
     </span>
    </p>
   </div>
   <div class='ocr_carea' id='block_1_71' title="bbox 1915 2395 3525 2476">
    <p class='ocr_par' dir='ltr' id='par_1_71' title="bbox 1915 2395 3525 2476">
     <span class='ocr_line' id='line_1_71' title="bbox 1915 2395 3525 2476; baseline 0.023 -37"><span class='ocrx_word' id='word_1_489' title='bbox 1915 2403 2015 2457; x_wconf 94' lang='lat' dir='ltr'>pro</span> <span class='ocrx_word' id='word_1_490' title='bbox 2046 2406 2219 2459; x_wconf 91' lang='lat' dir='ltr'>pace:</span> <span class='ocrx_word' id='word_1_491' title='bbox 2252 2409 2352 2448; x_wconf 91' lang='lat' dir='ltr'>suo</span> <span class='ocrx_word' id='word_1_492' title='bbox 2389 2395 2663 2468; x_wconf 89' lang='lat' dir='ltr'>principio</span> <span class='ocrx_word' id='word_1_493' title='bbox 2714 2412 2934 2476; x_wconf 91' lang='lat' dir='ltr'>sumpto</span> <span class='ocrx_word' id='word_1_494' title='bbox 2973 2408 3042 2463; x_wconf 92' lang='lat' dir='ltr'>de</span> <span class='ocrx_word' id='word_1_495' title='bbox 3089 2409 3200 2468; x_wconf 87' lang='lat' dir='ltr'>ﬁne</span> <span class='ocrx_word' id='word_1_496' title='bbox 3227 2414 3525 2475; x_wconf 76' lang='lat' dir='ltr'>Dominicze</span> 
     </span>
    </p>
   </div>
   <div class='ocr_carea' id='block_1_72' title="bbox 1912 2479 3524 2565">
    <p class='ocr_par' dir='ltr' id='par_1_72' title="bbox 1912 2479 3524 2565">
     <span class='ocr_line' id='line_1_72' title="bbox 1912 2479 3524 2565; baseline 0.022 -34"><span class='ocrx_word' id='word_1_497' title='bbox 1912 2479 2202 2549; x_wconf 88' lang='lat' dir='ltr'>orationis,</span> <span class='ocrx_word' id='word_1_498' title='bbox 2235 2484 2329 2554; x_wconf 90' lang='lat' dir='ltr'>qui</span> <span class='ocrx_word' id='word_1_499' title='bbox 2361 2493 2480 2542; x_wconf 90' lang='lat' dir='ltr'>orat</span> <span class='ocrx_word' id='word_1_500' title='bbox 2523 2496 2714 2546; x_wconf 92' lang='lat' dir='ltr'>contra</span> <span class='ocrx_word' id='word_1_501' title='bbox 2745 2504 2987 2565; x_wconf 90' lang='lat' dir='ltr'>peccata,</span> <span class='ocrx_word' id='word_1_502' title='bbox 3016 2499 3283 2560; x_wconf 90' lang='lat' dir='ltr'>dicendo:</span> <span class='ocrx_word' id='word_1_503' title='bbox 3327 2507 3430 2563; x_wconf 85' lang='lat' dir='ltr'>Sed</span> <span class='ocrx_word' id='word_1_504' title='bbox 3459 2512 3524 2565; x_wconf 88' lang='lat' dir='ltr'>ti-</span> 
     </span>
    </p>
   </div>
   <div class='ocr_carea' id='block_1_73' title="bbox 1911 2575 3522 2675">
    <p class='ocr_par' dir='ltr' id='par_1_73' title="bbox 1911 2575 3522 2675">
     <span class='ocr_line' id='line_1_73' title="bbox 1911 2575 3522 2675; baseline 0.02 -47"><span class='ocrx_word' id='word_1_505' title='bbox 1911 2575 2036 2630; x_wconf 86' lang='lat' dir='ltr'>bera</span> <span class='ocrx_word' id='word_1_506' title='bbox 2064 2593 2159 2632; x_wconf 88' lang='lat' dir='ltr'>nos</span> <span class='ocrx_word' id='word_1_507' title='bbox 2195 2595 2230 2633; x_wconf 89' lang='lat' dir='ltr'>a</span> <span class='ocrx_word' id='word_1_508' title='bbox 2254 2583 2417 2636; x_wconf 86' lang='lat' dir='ltr'>malo.</span> <span class='ocrx_word' id='word_1_509' title='bbox 2450 2582 2660 2641; x_wconf 89' lang='lat' dir='ltr'>Deinde</span> <span class='ocrx_word' id='word_1_510' title='bbox 2713 2604 2955 2662; x_wconf 92' lang='lat' dir='ltr'>sequens</span> <span class='ocrx_word' id='word_1_511' title='bbox 2985 2603 3165 2653; x_wconf 84' lang='lat' dir='ltr'>textus</span> <span class='ocrx_word' id='word_1_512' title='bbox 3200 2600 3394 2673; x_wconf 86' lang='lat' dir='ltr'>incipit</span> <span class='ocrx_word' id='word_1_513' title='bbox 3425 2621 3522 2675; x_wconf 89' lang='lat' dir='ltr'>pro</span> 
     </span>
    </p>
   </div>
   <div class='ocr_carea' id='block_1_74' title="bbox 1909 2669 3520 2764">
    <p class='ocr_par' dir='ltr' id='par_1_74' title="bbox 1909 2669 3520 2764">
     <span class='ocr_line' id='line_1_74' title="bbox 1909 2669 3520 2764; baseline 0.021 -45"><span class='ocrx_word' id='word_1_514' title='bbox 1909 2669 2170 2735; x_wconf 88' lang='lat' dir='ltr'>peccatis,</span> <span class='ocrx_word' id='word_1_515' title='bbox 2209 2671 2477 2728; x_wconf 91' lang='lat' dir='ltr'>dicendo:</span> <span class='ocrx_word' id='word_1_516' title='bbox 2511 2677 2696 2734; x_wconf 87' lang='lat' dir='ltr'>Libera</span> <span class='ocrx_word' id='word_1_517' title='bbox 2734 2697 2850 2751; x_wconf 86' lang='lat' dir='ltr'>nos,</span> <span class='ocrx_word' id='word_1_518' title='bbox 2891 2702 3218 2759; x_wconf 67' lang='lat' dir='ltr'>quaesumus,</span> <span class='ocrx_word' id='word_1_519' title='bbox 3278 2669 3520 2764; x_wconf 74' lang='lat' dir='ltr'>Domine,</span> 
     </span>
    </p>
   </div>
   <div class='ocr_carea' id='block_1_75' title="bbox 1908 2757 3519 2854">
    <p class='ocr_par' dir='ltr' id='par_1_75' title="bbox 1908 2757 3519 2854">
     <span class='ocr_line' id='line_1_75' title="bbox 1908 2757 3519 2854; baseline 0.02 -44"><span class='ocrx_word' id='word_1_520' title='bbox 1908 2757 1977 2811; x_wconf 89' lang='lat' dir='ltr'>ab</span> <span class='ocrx_word' id='word_1_521' title='bbox 2012 2761 2260 2816; x_wconf 81' lang='lat' dir='ltr'>omnibus</span> <span class='ocrx_word' id='word_1_522' title='bbox 2297 2765 2473 2819; x_wconf 83' lang='lat' dir='ltr'>matis.</span> <span class='ocrx_word' id='word_1_523' title='bbox 2535 2767 2745 2826; x_wconf 91' lang='lat' dir='ltr'>Deinde</span> <span class='ocrx_word' id='word_1_524' title='bbox 2801 2775 3053 2847; x_wconf 89' lang='lat' dir='ltr'>sequitur</span> <span class='ocrx_word' id='word_1_525' title='bbox 3091 2757 3208 2851; x_wconf 11' lang='lat' dir='ltr'>prof</span> <span class='ocrx_word' id='word_1_526' title='bbox 3244 2799 3411 2854; x_wconf 91' lang='lat' dir='ltr'>pace:</span> <span class='ocrx_word' id='word_1_527' title='bbox 3442 2757 3519 2842; x_wconf 73' lang='lat' dir='ltr'>Da</span> 
     </span>
    </p>
   </div>
   <div class='ocr_carea' id='block_1_76' title="bbox 1899 2855 3514 2948">
    <p class='ocr_par' dir='ltr' id='par_1_76' title="bbox 1899 2855 3514 2948">
     <span class='ocr_line' id='line_1_76' title="bbox 1899 2855 3514 2948; baseline 0.019 -44"><span class='ocrx_word' id='word_1_528' title='bbox 1899 2855 2166 2922; x_wconf 80' lang='lat' dir='ltr'>prapitius</span> <span class='ocrx_word' id='word_1_529' title='bbox 2189 2873 2377 2925; x_wconf 83' lang='lat' dir='ltr'>pacem</span> <span class='ocrx_word' id='word_1_530' title='bbox 2416 2863 2476 2915; x_wconf 88' lang='lat' dir='ltr'>in</span> <span class='ocrx_word' id='word_1_531' title='bbox 2493 2862 2676 2919; x_wconf 84' lang='lat' dir='ltr'>diebus</span> <span class='ocrx_word' id='word_1_532' title='bbox 2705 2870 2921 2923; x_wconf 86' lang='lat' dir='ltr'>nostris.</span> <span class='ocrx_word' id='word_1_533' title='bbox 2961 2869 3161 2927; x_wconf 88' lang='lat' dir='ltr'>lterum</span> <span class='ocrx_word' id='word_1_534' title='bbox 3193 2891 3290 2944; x_wconf 90' lang='lat' dir='ltr'>pro</span> <span class='ocrx_word' id='word_1_535' title='bbox 3320 2894 3514 2948; x_wconf 88' lang='lat' dir='ltr'>pecca-</span> 
     </span>
    </p>
   </div>
   <div class='ocr_carea' id='block_1_77' title="bbox 1905 2939 3512 3038">
    <p class='ocr_par' dir='ltr' id='par_1_77' title="bbox 1905 2939 3512 3038">
     <span class='ocr_line' id='line_1_77' title="bbox 1905 2939 3512 3038; baseline 0.019 -46"><span class='ocrx_word' id='word_1_536' title='bbox 1905 2939 2008 2994; x_wconf 91' lang='lat' dir='ltr'>tis:</span> <span class='ocrx_word' id='word_1_537' title='bbox 2041 2947 2098 2997; x_wconf 90' lang='lat' dir='ltr'>Ut</span> <span class='ocrx_word' id='word_1_538' title='bbox 2145 2960 2179 2999; x_wconf 92' lang='lat' dir='ltr'>a</span> <span class='ocrx_word' id='word_1_539' title='bbox 2212 2955 2429 3014; x_wconf 83' lang='lat' dir='ltr'>peccato</span> <span class='ocrx_word' id='word_1_540' title='bbox 2466 2953 2636 3006; x_wconf 88' lang='lat' dir='ltr'>simus</span> <span class='ocrx_word' id='word_1_541' title='bbox 2685 2968 2890 3024; x_wconf 87' lang='lat' dir='ltr'>semper</span> <span class='ocrx_word' id='word_1_542' title='bbox 2928 2958 3098 3016; x_wconf 82' lang='lat' dir='ltr'>liberi.</span> <span class='ocrx_word' id='word_1_543' title='bbox 3157 2939 3364 3020; x_wconf 77' lang='lat' dir='ltr'>Deinde</span> <span class='ocrx_word' id='word_1_544' title='bbox 3413 2983 3512 3038; x_wconf 86' lang='lat' dir='ltr'>pro</span> 
     </span>
    </p>
   </div>
   <div class='ocr_carea' id='block_1_78' title="bbox 1903 3037 3515 3126">
    <p class='ocr_par' dir='ltr' id='par_1_78' title="bbox 1903 3037 3515 3126">
     <span class='ocr_line' id='line_1_78' title="bbox 1903 3037 3515 3126; baseline 0.017 -42"><span class='ocrx_word' id='word_1_545' title='bbox 1903 3047 2067 3100; x_wconf 92' lang='lat' dir='ltr'>pace:</span> <span class='ocrx_word' id='word_1_546' title='bbox 2101 3038 2164 3088; x_wconf 86' lang='lat' dir='ltr'>Et</span> <span class='ocrx_word' id='word_1_547' title='bbox 2190 3037 2257 3090; x_wconf 86' lang='lat' dir='ltr'>ab</span> <span class='ocrx_word' id='word_1_548' title='bbox 2295 3045 2444 3094; x_wconf 89' lang='lat' dir='ltr'>omni</span> <span class='ocrx_word' id='word_1_549' title='bbox 2485 3043 2896 3110; x_wconf 81' lang='lat' dir='ltr'>perturbatione</span> <span class='ocrx_word' id='word_1_550' title='bbox 2930 3054 3121 3104; x_wconf 86' lang='lat' dir='ltr'>securi.</span> <span class='ocrx_word' id='word_1_551' title='bbox 3185 3052 3382 3108; x_wconf 89' lang='lat' dir='ltr'>lterum</span> <span class='ocrx_word' id='word_1_552' title='bbox 3416 3073 3515 3126; x_wconf 91' lang='lat' dir='ltr'>pro</span> 
     </span>
    </p>
   </div>
   <div class='ocr_carea' id='block_1_79' title="bbox 1829 3129 3508 3222">
    <p class='ocr_par' dir='ltr' id='par_1_79' title="bbox 1829 3129 3508 3222">
     <span class='ocr_line' id='line_1_79' title="bbox 1829 3129 3508 3222; baseline 0.017 -46"><span class='ocrx_word' id='word_1_553' title='bbox 1829 3153 1878 3222; x_wconf 67' lang='grc' dir='ltr'>Ο</span> <span class='ocrx_word' id='word_1_554' title='bbox 1903 3139 2037 3193; x_wconf 91' lang='lat' dir='ltr'>pace</span> <span class='ocrx_word' id='word_1_555' title='bbox 2095 3129 2375 3199; x_wconf 88' lang='lat' dir='ltr'>sequitur:</span> <span class='ocrx_word' id='word_1_556' title='bbox 2439 3135 2552 3188; x_wconf 74' lang='lat' dir='ltr'>Pax</span> <span class='ocrx_word' id='word_1_557' title='bbox 2606 3139 2818 3193; x_wconf 86' lang='lat' dir='ltr'>Domini</span> <span class='ocrx_word' id='word_1_558' title='bbox 2858 3144 2928 3196; x_wconf 89' lang='lat' dir='ltr'>sit</span> <span class='ocrx_word' id='word_1_559' title='bbox 2953 3157 3164 3216; x_wconf 87' lang='lat' dir='ltr'>semper</span> <span class='ocrx_word' id='word_1_560' title='bbox 3216 3149 3508 3205; x_wconf 80' lang='lat' dir='ltr'>vobiscum.</span> 
     </span>
    </p>
   </div>
   <div class='ocr_carea' id='block_1_80' title="bbox 1898 3216 2789 3292">
    <p class='ocr_par' dir='ltr' id='par_1_80' title="bbox 1898 3216 2789 3292">
     <span class='ocr_line' id='line_1_80' title="bbox 1898 3216 2789 3292; baseline 0.017 -22"><span class='ocrx_word' id='word_1_561' title='bbox 1898 3216 2105 3273; x_wconf 91' lang='lat' dir='ltr'>Deinde</span> <span class='ocrx_word' id='word_1_562' title='bbox 2135 3237 2234 3290; x_wconf 85' lang='lat' dir='ltr'>pro</span> <span class='ocrx_word' id='word_1_563' title='bbox 2257 3225 2497 3292; x_wconf 90' lang='lat' dir='ltr'>peccatis</span> <span class='ocrx_word' id='word_1_564' title='bbox 2525 3226 2753 3284; x_wconf 88' lang='lat' dir='ltr'>iteratur</span> <span class='ocrx_word' id='word_1_565' title='bbox 2777 3248 2789 3284; x_wconf 91' lang='lat'>:</span> 
     </span>
    </p>
   </div>
   <div class='ocr_carea' id='block_1_81' title="bbox 1967 3314 3506 3393">
    <p class='ocr_par' dir='ltr' id='par_1_81' title="bbox 1967 3314 3506 3393">
     <span class='ocr_line' id='line_1_81' title="bbox 1967 3314 3506 3393; baseline 0.018 -32"><span class='ocrx_word' id='word_1_566' title='bbox 1967 3314 2150 3378; x_wconf 82' lang='lat' dir='ltr'>Agnus</span> <span class='ocrx_word' id='word_1_567' title='bbox 2172 3317 2280 3381; x_wconf 89' lang='lat' dir='ltr'>Dei,</span> <span class='ocrx_word' id='word_1_568' title='bbox 2311 3321 2405 3384; x_wconf 82' lang='lat' dir='ltr'>qui</span> <span class='ocrx_word' id='word_1_569' title='bbox 2426 3320 2562 3374; x_wconf 85' lang='lat' dir='ltr'>tollis</span> <span class='ocrx_word' id='word_1_570' title='bbox 2579 3330 2800 3388; x_wconf 80' lang='lat' dir='ltr'>peccata</span> <span class='ocrx_word' id='word_1_571' title='bbox 2824 3327 3037 3393; x_wconf 85' lang='lat' dir='ltr'>mundi,</span> <span class='ocrx_word' id='word_1_572' title='bbox 3062 3331 3314 3386; x_wconf 84' lang='lat' dir='ltr'>miserere</span> <span class='ocrx_word' id='word_1_573' title='bbox 3338 3335 3506 3389; x_wconf 87' lang='lat' dir='ltr'>nobis.</span> 
     </span>
    </p>
   </div>
   <div class='ocr_carea' id='block_1_82' title="bbox 1897 3494 3504 3573">
    <p class='ocr_par' dir='ltr' id='par_1_82' title="bbox 1897 3494 3504 3573">
     <span class='ocr_line' id='line_1_82' title="bbox 1897 3494 3504 3573; baseline 0.015 -29"><span class='ocrx_word' id='word_1_574' title='bbox 1897 3494 2302 3550; x_wconf 87' lang='lat' dir='ltr'>consummatio</span> <span class='ocrx_word' id='word_1_575' title='bbox 2331 3496 2588 3553; x_wconf 81' lang='lat' dir='ltr'>sacrificii</span> <span class='ocrx_word' id='word_1_576' title='bbox 2617 3500 2677 3555; x_wconf 85' lang='lat' dir='ltr'>ﬁt</span> <span class='ocrx_word' id='word_1_577' title='bbox 2707 3502 2777 3556; x_wconf 92' lang='lat' dir='ltr'>de</span> <span class='ocrx_word' id='word_1_578' title='bbox 2811 3520 2966 3573; x_wconf 89' lang='lat' dir='ltr'>pace,</span> <span class='ocrx_word' id='word_1_579' title='bbox 3009 3514 3064 3562; x_wconf 90' lang='lat' dir='ltr'>et</span> <span class='ocrx_word' id='word_1_580' title='bbox 3095 3524 3420 3567; x_wconf 88' lang='lat' dir='ltr'>maneamus</span> <span class='ocrx_word' id='word_1_581' title='bbox 3450 3514 3504 3568; x_wconf 89' lang='lat' dir='ltr'>in</span> 
     </span>
    </p>
   </div>
   <div class='ocr_carea' id='block_1_83' title="bbox 1895 3585 3502 3661">
    <p class='ocr_par' dir='ltr' id='par_1_83' title="bbox 1895 3585 3502 3661">
     <span class='ocr_line' id='line_1_83' title="bbox 1895 3585 3502 3661; baseline 0.016 -25"><span class='ocrx_word' id='word_1_582' title='bbox 1895 3598 2048 3652; x_wconf 87' lang='lat' dir='ltr'>pace.</span> <span class='ocrx_word' id='word_1_583' title='bbox 2108 3585 2263 3642; x_wconf 88' lang='lat' dir='ltr'>Unde</span> <span class='ocrx_word' id='word_1_584' title='bbox 2314 3588 2368 3641; x_wconf 93' lang='lat' dir='ltr'>in</span> <span class='ocrx_word' id='word_1_585' title='bbox 2414 3594 2891 3650; x_wconf 91' lang='lat' dir='ltr'>consummatione</span> <span class='ocrx_word' id='word_1_586' title='bbox 2949 3598 3203 3655; x_wconf 87' lang='lat' dir='ltr'>sacriﬁcii</span> <span class='ocrx_word' id='word_1_587' title='bbox 3256 3605 3502 3661; x_wconf 85' lang='lat' dir='ltr'>osculum</span> 
     </span>
    </p>
   </div>
   <div class='ocr_carea' id='block_1_84' title="bbox 1891 3669 3507 3762">
    <p class='ocr_par' dir='ltr' id='par_1_84' title="bbox 1891 3669 3507 3762">
     <span class='ocr_line' id='line_1_84' title="bbox 1891 3669 3507 3762; baseline 0.015 -37"><span class='ocrx_word' id='word_1_588' title='bbox 1891 3671 2196 3728; x_wconf 91' lang='lat' dir='ltr'>sumimus:</span> <span class='ocrx_word' id='word_1_589' title='bbox 2229 3691 2338 3746; x_wconf 91' lang='lat' dir='ltr'>quo</span> <span class='ocrx_word' id='word_1_590' title='bbox 2383 3683 2439 3732; x_wconf 88' lang='lat' dir='ltr'>et</span> <span class='ocrx_word' id='word_1_591' title='bbox 2462 3669 2526 3733; x_wconf 79' lang='lat' dir='ltr'>in</span> <span class='ocrx_word' id='word_1_592' title='bbox 2563 3681 2834 3739; x_wconf 80' lang='lat' dir='ltr'>sacrificio</span> <span class='ocrx_word' id='word_1_593' title='bbox 2864 3701 3149 3743; x_wconf 91' lang='lat' dir='ltr'>assensum</span> <span class='ocrx_word' id='word_1_594' title='bbox 3192 3698 3247 3746; x_wconf 89' lang='lat' dir='ltr'>et</span> <span class='ocrx_word' id='word_1_595' title='bbox 3287 3694 3507 3762; x_wconf 82' lang='lat' dir='ltr'>partici-</span> 
     </span>
    </p>
   </div>
   <div class='ocr_carea' id='block_1_85' title="bbox 1895 3761 3506 3851">
    <p class='ocr_par' dir='ltr' id='par_1_85' title="bbox 1895 3761 3506 3851">
     <span class='ocr_line' id='line_1_85' title="bbox 1895 3761 3506 3851; baseline 0.016 -37"><span class='ocrx_word' id='word_1_596' title='bbox 1895 3761 2120 3831; x_wconf 88' lang='lat' dir='ltr'>patione</span> <span class='ocrx_word' id='word_1_597' title='bbox 2166 3767 2533 3835; x_wconf 89' lang='lat' dir='ltr'>ostendimus,</span> <span class='ocrx_word' id='word_1_598' title='bbox 2565 3777 2619 3825; x_wconf 92' lang='lat' dir='ltr'>et</span> <span class='ocrx_word' id='word_1_599' title='bbox 2654 3772 2800 3842; x_wconf 92' lang='lat' dir='ltr'>quod</span> <span class='ocrx_word' id='word_1_600' title='bbox 2833 3774 3100 3832; x_wconf 88' lang='lat' dir='ltr'>debemus</span> <span class='ocrx_word' id='word_1_601' title='bbox 3126 3778 3182 3833; x_wconf 91' lang='lat' dir='ltr'>in</span> <span class='ocrx_word' id='word_1_602' title='bbox 3209 3761 3344 3851; x_wconf 85' lang='lat' dir='ltr'>pace</span> <span class='ocrx_word' id='word_1_603' title='bbox 3393 3799 3506 3838; x_wconf 90' lang='lat' dir='ltr'>ma-</span> 
     </span>
    </p>
   </div>
   <div class='ocr_carea' id='block_1_86' title="bbox 1892 3851 2352 3924">
    <p class='ocr_par' dir='ltr' id='par_1_86' title="bbox 1892 3851 2352 3924">
     <span class='ocr_line' id='line_1_86' title="bbox 1892 3851 2352 3924; baseline 0.015 -22"><span class='ocrx_word' id='word_1_604' title='bbox 1892 3863 2025 3905; x_wconf 91' lang='lat' dir='ltr'>nere</span> <span class='ocrx_word' id='word_1_605' title='bbox 2049 3851 2352 3924; x_wconf 81' lang='lat' dir='ltr'>signamus.</span> 
     </span>
    </p>
   </div>
   <div class='ocr_carea' id='block_1_87' title="bbox 2506 3948 2884 4010">
    <p class='ocr_par' dir='ltr' id='par_1_87' title="bbox 2506 3948 2884 4010">
     <span class='ocr_line' id='line_1_87' title="bbox 2506 3948 2884 4010; baseline 0.011 -6"><span class='ocrx_word' id='word_1_606' title='bbox 2506 3948 2884 4010; x_wconf 83' lang='lat' dir='ltr'>CONCLUSIO.</span> 
     </span>
    </p>
   </div>
   <div class='ocr_carea' id='block_1_88' title="bbox 1955 4029 3494 4121">
    <p class='ocr_par' dir='ltr' id='par_1_88' title="bbox 1955 4029 3494 4121">
     <span class='ocr_line' id='line_1_88' title="bbox 1955 4029 3494 4121; baseline 0.015 -37"><span class='ocrx_word' id='word_1_607' title='bbox 1955 4029 2296 4089; x_wconf 86' lang='lat' dir='ltr'>Sanctissimi</span> <span class='ocrx_word' id='word_1_608' title='bbox 2329 4038 2558 4093; x_wconf 82' lang='lat' dir='ltr'>canonis</span> <span class='ocrx_word' id='word_1_609' title='bbox 2599 4048 2748 4096; x_wconf 86' lang='lat' dir='ltr'>textu</span> <span class='ocrx_word' id='word_1_610' title='bbox 2779 4042 3180 4102; x_wconf 91' lang='lat' dir='ltr'>studiosissime</span> <span class='ocrx_word' id='word_1_611' title='bbox 3211 4048 3494 4121; x_wconf 87' lang='lat' dir='ltr'>inquisito,</span> 
     </span>
    </p>
   </div>
   <div class='ocr_carea' id='block_1_89' title="bbox 1882 4122 3495 4204">
    <p class='ocr_par' dir='ltr' id='par_1_89' title="bbox 1882 4122 3495 4204">
     <span class='ocr_line' id='line_1_89' title="bbox 1882 4122 3495 4204; baseline 0.015 -28"><span class='ocrx_word' id='word_1_612' title='bbox 1882 4122 2111 4180; x_wconf 89' lang='lat' dir='ltr'>obsecro</span> <span class='ocrx_word' id='word_1_613' title='bbox 2146 4133 2216 4193; x_wconf 92' lang='lat' dir='ltr'>te,</span> <span class='ocrx_word' id='word_1_614' title='bbox 2266 4129 2585 4202; x_wconf 91' lang='lat' dir='ltr'>quicunque</span> <span class='ocrx_word' id='word_1_615' title='bbox 2624 4135 2962 4204; x_wconf 88' lang='lat' dir='ltr'>transcribis,</span> <span class='ocrx_word' id='word_1_616' title='bbox 3008 4145 3068 4193; x_wconf 93' lang='lat' dir='ltr'>ut</span> <span class='ocrx_word' id='word_1_617' title='bbox 3112 4140 3495 4200; x_wconf 88' lang='lat' dir='ltr'>distinctiones</span> 
     </span>
    </p>
   </div>
   <div class='ocr_carea' id='block_1_90' title="bbox 1881 4211 3492 4302">
    <p class='ocr_par' dir='ltr' id='par_1_90' title="bbox 1881 4211 3492 4302">
     <span class='ocr_line' id='line_1_90' title="bbox 1881 4211 3492 4302; baseline 0.014 -36"><span class='ocrx_word' id='word_1_618' title='bbox 1881 4211 2178 4288; x_wconf 85' lang='lat' dir='ltr'>diligenter</span> <span class='ocrx_word' id='word_1_619' title='bbox 2205 4219 2523 4288; x_wconf 90' lang='lat' dir='ltr'>observans,</span> <span class='ocrx_word' id='word_1_620' title='bbox 2558 4223 2907 4296; x_wconf 85' lang='lat' dir='ltr'>singulorum</span> <span class='ocrx_word' id='word_1_621' title='bbox 2933 4229 3297 4299; x_wconf 89' lang='lat' dir='ltr'>capitulorum</span> <span class='ocrx_word' id='word_1_622' title='bbox 3333 4235 3492 4302; x_wconf 90' lang='lat' dir='ltr'>prin-</span> 
     </span>
    </p>
   </div>
   <div class='ocr_carea' id='block_1_91' title="bbox 1877 4579 3488 4661">
    <p class='ocr_par' dir='ltr' id='par_1_91' title="bbox 1877 4579 3488 4661">
     <span class='ocr_line' id='line_1_91' title="bbox 1877 4579 3488 4661; baseline 0.011 -31"><span class='ocrx_word' id='word_1_623' title='bbox 1877 4583 1931 4630; x_wconf 90' lang='lat' dir='ltr'>et</span> <span class='ocrx_word' id='word_1_624' title='bbox 1970 4579 2324 4648; x_wconf 91' lang='lat' dir='ltr'>periodorum</span> <span class='ocrx_word' id='word_1_625' title='bbox 2357 4580 2651 4641; x_wconf 81' lang='lat' dir='ltr'>diversitas</span> <span class='ocrx_word' id='word_1_626' title='bbox 2681 4587 2856 4658; x_wconf 90' lang='lat' dir='ltr'>prima</span> <span class='ocrx_word' id='word_1_627' title='bbox 2889 4589 3066 4646; x_wconf 86' lang='lat' dir='ltr'>fronte</span> <span class='ocrx_word' id='word_1_628' title='bbox 3102 4593 3364 4661; x_wconf 63' lang='lat' dir='ltr'>praeclare</span> <span class='ocrx_word' id='word_1_629' title='bbox 3401 4593 3488 4648; x_wconf 81' lang='lat' dir='ltr'>af-</span> 
     </span>
    </p>
   </div>
   <div class='ocr_carea' id='block_1_92' title="bbox 1876 4665 3486 4752">
    <p class='ocr_par' dir='ltr' id='par_1_92' title="bbox 1876 4665 3486 4752">
     <span class='ocr_line' id='line_1_92' title="bbox 1876 4665 3486 4752; baseline 0.011 -33"><span class='ocrx_word' id='word_1_630' title='bbox 1876 4665 2105 4741; x_wconf 83' lang='lat' dir='ltr'>fulgeat,</span> <span class='ocrx_word' id='word_1_631' title='bbox 2158 4677 2214 4725; x_wconf 88' lang='lat' dir='ltr'>et</span> <span class='ocrx_word' id='word_1_632' title='bbox 2262 4671 2605 4745; x_wconf 82' lang='lat' dir='ltr'>singulorum</span> <span class='ocrx_word' id='word_1_633' title='bbox 2650 4677 3010 4748; x_wconf 91' lang='lat' dir='ltr'>capitulorum</span> <span class='ocrx_word' id='word_1_634' title='bbox 3073 4680 3344 4752; x_wconf 77' lang='lat' dir='ltr'>principia</span> <span class='ocrx_word' id='word_1_635' title='bbox 3375 4683 3486 4752; x_wconf 88' lang='lat' dir='ltr'>pri-</span> 
     </span>
    </p>
   </div>
   <div class='ocr_carea' id='block_1_93' title="bbox 1875 4763 3484 4844">
    <p class='ocr_par' dir='ltr' id='par_1_93' title="bbox 1875 4763 3484 4844">
     <span class='ocr_line' id='line_1_93' title="bbox 1875 4763 3484 4844; baseline 0.011 -29"><span class='ocrx_word' id='word_1_636' title='bbox 1875 4777 1965 4816; x_wconf 94' lang='lat' dir='ltr'>mo</span> <span class='ocrx_word' id='word_1_637' title='bbox 2006 4763 2126 4818; x_wconf 90' lang='lat' dir='ltr'>visu</span> <span class='ocrx_word' id='word_1_638' title='bbox 2183 4781 2243 4820; x_wconf 90' lang='lat' dir='ltr'>se</span> <span class='ocrx_word' id='word_1_639' title='bbox 2299 4767 2554 4836; x_wconf 71' lang='lat' dir='ltr'>offerant,</span> <span class='ocrx_word' id='word_1_640' title='bbox 2599 4780 2654 4826; x_wconf 90' lang='lat' dir='ltr'>et</span> <span class='ocrx_word' id='word_1_641' title='bbox 2710 4772 2996 4829; x_wconf 87' lang='lat' dir='ltr'>immutata</span> <span class='ocrx_word' id='word_1_642' title='bbox 3047 4775 3187 4844; x_wconf 90' lang='lat' dir='ltr'>cola,</span> <span class='ocrx_word' id='word_1_643' title='bbox 3228 4783 3282 4831; x_wconf 89' lang='lat' dir='ltr'>et</span> <span class='ocrx_word' id='word_1_644' title='bbox 3331 4792 3484 4832; x_wconf 91' lang='lat' dir='ltr'>com-</span> 
     </span>
    </p>
   </div>
   <div class='ocr_carea' id='block_1_94' title="bbox 1872 4857 3520 4955">
    <p class='ocr_par' dir='ltr' id='par_1_94' title="bbox 1872 4857 3520 4955">
     <span class='ocr_line' id='line_1_94' title="bbox 1872 4857 3520 4955; baseline 0.011 -48"><span class='ocrx_word' id='word_1_645' title='bbox 1872 4861 2038 4922; x_wconf 89' lang='lat' dir='ltr'>mata,</span> <span class='ocrx_word' id='word_1_646' title='bbox 2092 4857 2340 4914; x_wconf 87' lang='lat' dir='ltr'>confusis</span> <span class='ocrx_word' id='word_1_647' title='bbox 2383 4862 2834 4922; x_wconf 81' lang='lat' dir='ltr'>distinctionibus</span> <span class='ocrx_word' id='word_1_648' title='bbox 2866 4869 3168 4923; x_wconf 90' lang='lat' dir='ltr'>sententias</span> <span class='ocrx_word' id='word_1_649' title='bbox 3194 4883 3304 4924; x_wconf 92' lang='lat' dir='ltr'>non</span> <span class='ocrx_word' id='word_1_650' title='bbox 3351 4885 3482 4925; x_wconf 92' lang='lat' dir='ltr'>con-</span> <span class='ocrx_word' id='word_1_651' title='bbox 3513 4950 3520 4955; x_wconf 77' lang='lat'>_</span> 
     </span>
    </p>
   </div>
   <div class='ocr_carea' id='block_1_95' title="bbox 1869 4943 2108 5002">
    <p class='ocr_par' dir='ltr' id='par_1_95' title="bbox 1869 4943 2108 5002">
     <span class='ocr_line' id='line_1_95' title="bbox 1869 4943 2108 5002; baseline 0.004 -6"><span class='ocrx_word' id='word_1_652' title='bbox 1869 4943 2108 5002; x_wconf 91' lang='lat' dir='ltr'>turbent.</span> 
     </span>
    </p>
   </div>
  </div>
