3920 6054
1570 316 1625 368 Β.
1670 316 1906 371 ODONlS
1950 314 2187 369 CAMER.
2234 315 2418 369 EPISC

3524 318 3666 372 1072

927 685 1158 810 DE
1268 681 2046 811 PECCATO
2159 683 3082 814 ORIGINALI

1635 942 1960 1037 LIBRI
2038 941 2373 1046 TRES.

1819 1167 2180 1178 —-—-—-—-—-—

1444 1314 1901 1402 LIBER
2003 1317 2567 1407 PRIMUS

1035 1526 1299 1594 Prologus.

432 1652 505 1705 De
535 1644 840 1719 quaestione
873 1641 1081 1695 famosa
1112 1639 1321 1711 peccati
1345 1639 1791 1711 originalis,qu2e
1820 1640 1965 1710 apud

361 1737 696 1796 orthodoxos
724 1730 926 1801 saepius
954 1728 1265 1794 ventilatur,
1318 1728 1622 1794 locuturus,
1665 1729 1858 1783 invoco
1891 1738 1964 1795 te,

361 1838 548 1887 sancte
575 1824 833 1897 Spiritus,
856 1828 914 1878 ut
964 1821 1111 1876 adsis
1152 1821 1305 1885 mihi,
1341 1829 1578 1876 mentem
1613 1822 1966 1895 linguamque

1992 1530 2046 1599 Α
2075 1528 2216 1583 fecit.
2246 1530 2299 1584 Si
2331 1546 2528 1584 manus
2580 1535 2812 1593 motum,
2843 1528 2929 1584 vel
2955 1528 3148 1601 gladii,
3201 1527 3326 1599 quis
3381 1528 3565 1582 nescit
3594 1543 3684 1581 es-

2068 1622 2302 1678 sentiam
2332 1623 2532 1677 haberc
2562 1620 2815 1677 motum?
2854 1621 2908 1674 Si
2932 1620 3174 1675 essentia
3204 1628 3310 1686 est,
3343 1636 3374 1673 a
3413 1620 3524 1674 Deo
3545 1619 3685 1674 facta

2067 1720 2171 1769 est.
2194 1713 2381 1769 Omnis
2402 1714 2548 1769 enim
2578 1713 2819 1767 essentia
2859 1718 3060 1784 prmtcr
3094 1713 3263 1766 Deum
3307 1727 3339 1765 a
3389 1713 3501 1766 Deo
3545 1711 3687 1766 facta

2069 1813 2173 1861 est.
2216 1807 2333 1861 Non
2364 1812 2446 1860 est
2484 1806 2651 1880 igitur
2676 1805 2899 1869 malum,
2934 1811 3117 1859 motus
3148 1820 3311 1876 quem
3347 1804 3479 1859 fecit
3518 1804 3686 1857 Deus.

363 1896 682 1977 custodiens
717 1913 772 1966 in
804 1910 1084 1970 omnibus.
1119 1925 1186 1964 ne
1218 1909 1350 1980 quid
1394 1907 1488 1964 fiat
1526 1910 1582 1963 in
1608 1910 1712 1965 hoc
1747 1910 1972 1984 negotio
2073 1898 2164 1953 Sic
2201 1913 2333 1971 ergo
2360 1913 2463 1952 nec
2493 1898 2710 1952 animus
2741 1898 2859 1968 ἱρεθ
2882 1896 3124 1984 hominis
3153 1903 3235 1952 cst
3263 1896 3490 1984 malum.
3536 1896 3689 1966 quod

364 2011 485 2065 sine
503 2003 855 2075 beneplacito
888 2008 1003 2056 tuo.
1030 2000 1138 2054 Sed
1172 2015 1370 2070 precor
1391 1999 1584 2055 fratres
1624 2017 1693 2056 ne
1722 2018 1809 2056 me
1832 2018 1973 2072 prm-

366 2093 700 2167 sumptionis
745 2098 1000 2163 arguant,
1053 2088 1202 2160 quod
1241 2104 1355 2143 rem
1410 2088 1715 2158 saepissime
1741 2105 1975 2146 concus-

367 2207 505 2255 sam,
547 2194 603 2243 et
644 2199 867 2254 semper
907 2181 1295 2248 indiscussam,
1341 2180 1537 2236 moliar
1589 2182 1885 2250 discutere,
1926 2190 1981 2238 et

367 2281 654 2352 antiquum
703 2277 872 2331 chaos
914 2289 1054 2330 nova
1111 2274 1232 2328 luce
1272 2273 1626 2343 perfundere.
1673 2274 1982 2349 Coegerunt

368 2377 516 2433 enim
549 2389 637 2428 me
676 2371 902 2443 quidam
931 2368 1128 2423 fratres
1166 2373 1227 2422 ut
1254 2368 1360 2423 hoc
1385 2368 1644 2424 facerem.
1693 2369 1981 2425 Excusanti

368 2469 437 2523 de
469 2463 829 2536 occupatione
879 2460 1212 2516 exteriorum
1250 2460 1603 2534 ingerebant,
1642 2468 1701 2516 ut
1748 2462 1978 2518 maledi-

367 2562 608 2618 ctionem
627 2554 934 2613 absconditi
947 2554 1139 2609 talenti
1170 2569 1442 2609 caverem.
1490 2553 1668 2610 Hebes
1692 2554 1978 2629 ingenium

370 2649 701 2726 preponenti
753 2645 1163 2717 respondebant
1207 2645 1343 2700 illud
1372 2645 1440 2700 de
1498 2646 1743 2717 psalmo:
1799 2649 1981 2703 Dilata

366 2758 420 2797 os
448 2748 605 2796 tuum
632 2745 683 2794 et
723 2735 946 2806 implebo
982 2735 1117 2789 illud
1146 2735 1308 2803 (Psal.
1365 2734 1549 2806 Lxxx).
1592 2733 1979 2790 Difficultatem

368 2831 694 2907 quaestionis
760 2828 1075 2885 formidanti
1140 2828 1559 2899 promissionem
1618 2829 1980 2900 Opponebant

368 2906 753 2981 Deidicentis:
792 2924 958 2997 Posui‘
1002 2906 1338 2989 adjutorium
1394 2923 1454 2974 in
1485 2928 1766 2990 potentem
1809 2921 1972 2991 (Psal.

2074 1985 2218 2041 Deus
2248 2001 2360 2040 non
2388 1984 2534 2040 fecit.
2570 1985 2624 2038 Si
2674 1992 2857 2040 autem
2892 1999 2994 2038 nec
3024 1983 3263 2050 animus,
3304 1999 3407 2038 nec
3452 1982 3688 2045 ferrum,

2075 2089 2180 2129 nec
2208 2090 2402 2128 manus
2447 2089 2550 2127 nec
2574 2082 2757 2128 motus
2785 2073 2956 2127 ullum
2986 2080 3072 2128 est
3097 2072 3329 2138 malum;
3370 2072 3504 2143 quid
3557 2088 3692 2145 ergo

2083 2165 2136 2220 in
2169 2166 2467 2222 homicidio
2505 2166 2708 2221 dicitur
2738 2165 2979 2221 malum?
3012 2163 3247 2219 Omnino
3278 2179 3389 2218 non
3412 2164 3698 2219 invenitur

2083 2258 2136 2311 in
2165 2257 2565 2328 corporalibus.
2600 2255 2861 2310 Similiter
2906 2255 2960 2309 in
2992 2253 3287 2321 adulterio,
3320 2262 3516 2311 neutra
3558 2272 3697 2325 per-

2080 2362 2235 2413 sona,
2267 2353 2464 2401 neuter
2489 2360 2672 2411 sexus,
2698 2360 2800 2399 nec
2840 2351 3043 2411 motus,
3074 2359 3181 2399 nec
3210 2342 3409 2407 ﬂuxus,
3452 2359 3560 2398 nec
3578 2343 3702 2415 ipse

2080 2442 2344 2513 pruritus,
2376 2442 2580 2496 malum
2622 2447 2726 2507 est,
2758 2439 2906 2511 quod
2937 2455 3049 2495 non
3080 2438 3209 2496 facit
3248 2440 3409 2495 Deus.
3440 2441 3567 2510 lpsa
3596 2438 3702 2493 de-

2082 2535 2252 2606 nique
2282 2533 2590 2604 corporalia
2628 2549 2751 2604 quae
2805 2531 2937 2587 fecit
2973 2532 3119 2587 Deus
3160 2547 3271 2588 non
3329 2538 3459 2586 sunt
3487 2531 3698 2585 malum

2082 2626 2231 2698 quod
2261 2641 2373 2681 non
2401 2624 2531 2679 fecit
2563 2623 2723 2678 Deus.
2754 2622 2862 2677 Sed
2894 2638 2998 2677 nec
3029 2621 3239 2693 inipsis
3270 2628 3353 2676 est
3378 2621 3608 2687 malum,
3642 2628 3703 2675 ut

2082 2714 2212 2770 inde
2242 2714 2386 2769 mala
2439 2718 2588 2768 recte
2618 2711 2892 2767 dicantur.
2945 2710 3218 2783 Denique,
3257 2709 3304 2763 si
3338 2708 3463 2782 quis
3504 2716 3707 2783 arguat

2081 2809 2387 2882 corporalia
2416 2808 2566 2873 mali,
2600 2807 2746 2879 quod
2785 2806 3114 2862 adulterium
3160 2813 3363 2879 agant;
3428 2805 3512 2860 sic
3553 2812 3703 2861 recte

2003 2879 2308 2973 Bpossunt
2335 2916 2395 2956 se
2449 2914 2747 2966 excusare;
2797 2897 3161 2968 dispositione
3200 2896 3473 2953 Creatoris
3517 2896 3699 2967 subji-

369 3014 641 3084 Lxxxvm).
671 3013 732 3065 Et
760 3024 863 3081 ego
894 2988 1109 3063 mecum
1133 3008 1299 3063 etiam
1319 2986 1653 3075 recolebam,
1687 2986 1979 3078 aliquoties
2077 2991 2254 3084 ρξῐηυν
2277 2990 2483 3084 animi),
2512 2989 2759 3084 (ἰυθῐξάίυ
2798 2994 3119 3084 vegetam}?
3146 2988 3204 3042 in
3235 2987 3369 3054 i110;
3399 2986 3556 3084 ξηιλ-φ
3598 3002 3702 3042 DO-

369 3105 676 3162 occurrisse
718 3100 851 3161 mihi
905 3097 1196 3165 scribenti,
1241 3097 1399 3168 plura
1463 3116 1585 3171 quae
1635 3099 1974 3154 nesciebam.

371 3197 588 3253 Evictus
613 3194 798 3264 itaque
829 3189 1053 3245 fratrum
1103 3188 1364 3260 precibus
1404 3190 1716 3253 indefessis,
1752 3198 1806 3246 et
1845 3192 1979 3247 cha-

370 3289 527 3343 ritatc
562 3301 704 3357 qua},
749 3282 970 3355 quando
1006 3281 1199 3347 fervet,
1241 3282 1464 3337 modum
1505 3282 1707 3353 saepius
1738 3283 1974 3348 excedit,

368 3375 610 3433 confisus
650 3372 718 3427 de
751 3372 843 3426 Dei
897 3367 1295 3434 misel’lcordia,
1347 3378 1402 3426 et
1444 3370 1807 3425 fraternarum
1852 3388 1977 3441 pre—

368 3486 491 3525 cum
540 3467 767 3533 auxilio,
797 3466 852 3519 in
887 3464 1098 3521 foveam
1145 3465 1495 3520 tenebrosam
1528 3464 1815 3526 descendi,
1842 3466 1976 3519 late-

367 3562 494 3617 bras
517 3558 759 3616 difﬁcilis
779 3557 1104 3630 qumstionis
1130 3558 1436 3632 ingressus,
1464 3572 1694 3628 sperans
1722 3556 1792 3612 de
1821 3564 1978 3612 tene-

367 3654 486 3709 bris
532 3654 717 3708 lumen
738 3650 1130 3722 splendescere
1193 3648 1488 3704 Sciendum
1518 3648 1688 3722 igitur
1715 3649 1980 3721 quaestio-

369 3763 495 3801 nem
524 3742 962 3816 hancoriginalis
984 3741 1218 3812 peccati,
1244 3741 1315 3796 de
1352 3756 1418 3797 eo
1452 3741 1979 3813 descendere,quod

366 3835 659 3906 Apostolus
688 3832 764 3886 ait
792 3848 805 3885 :
863 3835 927 3884 In
949 3845 1051 3899 quo
1101 3844 1281 3885 omnes
1305 3837 1665 3899 peccaverunt
1714 3830 1879 3901 (Rom.
1909 3831 1992 3902 v),

2077 3082 2164 3137 bis
2191 3082 2475 3138 constituit
2500 3081 2786 3146 Dominus,
2819 3080 2910 3136 cui
2936 3080 3243 3135 serviamus
3281 3086 3335 3135 et
3365 3079 3703 3135 obediamus

2078 3176 2136 3230 in
2180 3174 2456 3231 omnibus.
2503 3174 2580 3228 Ad
2626 3179 2820 3229 nutum
2864 3172 3034 3247 igitur
3089 3172 3241 3227 illius
3277 3186 3576 3230 movemur
3634 3172 3705 3225 ad

2076 3263 2266 3319 omnia
2295 3263 2649 3318 ordinatione
2666 3262 2872 3317 divina.
2904 3262 3041 3327 Quid
3074 3277 3206 3336 ergo
3227 3277 3522 3333 peccamus
3555 3263 3666 3317 ohe
3686 3293 3703 3301 -

2077 3354 2282 3409 diendo
2312 3353 2536 3421 rationi,
2565 3354 2704 3408 sicut
2732 3352 2999 3423 praecepit
3021 3352 3164 3408 Deus
3185 3350 3213 3404 ?
3237 3353 3461 3427 Agimus
3482 3353 3711 3407 adulte-

2080 3445 2242 3500 rium.
2274 3444 2527 3516 Przecipit
2557 3444 2782 3499 domina
2820 3442 2981 3510 ratio,
3013 3443 3172 3510 cujus
3202 3442 3465 3497 resistere
3501 3443 3713 3515 nequi-

2081 3534 2258 3589 vimus
2296 3533 2560 3604 imperio:
2589 3532 2829 3604 operarii
2859 3532 2990 3586 mali
3040 3547 3151 3587 non
3181 3547 3395 3598 sumus,
3427 3532 3562 3603 quia
3594 3548 3711 3587 non

2079 3632 2293 3704 agimus
2321 3631 2526 3686 malum
2559 3636 2830 3693 nostrum,
2864 3629 2964 3683 sed
2994 3628 3244 3684 alterius.
3277 3627 3464 3682 Lauda
3480 3643 3711 3681 servum

2092 3721 2468 3786 obedientem,
2516 3718 2803 3774 dominum
2859 3717 3022 3789 culpa
3075 3718 3516 3789 praecipientem.
3568 3717 3717 3781 Quid

2096 3816 2286 3881 peccat
2315 3823 2493 3879 equus
2537 3813 2761 3879 portans
2799 3806 3056 3862 hostem?
3094 3807 3233 3872 Quid
3260 3807 3453 3863 lancea
3513 3806 3721 3862 vulne-

371 3904 428 3979 id
455 3931 538 3979 est
577 3924 629 3976 in
663 3922 850 3975 Adam.
882 3920 945 3975 Et
984 3920 1269 3990 quaeritur,
1327 3921 1608 3990 quomodo
1638 3922 1996 3992 peccavimus
2088 3921 2217 3961 rans
2245 3904 2549 3959 hominem-

371 4014 426 4067 in
478 4012 672 4075 Adam,
736 4008 1009 4080 originem
1069 4008 1278 4077 peccati
1344 4008 1631 4063 trahentes
1670 4009 1738 4064 ab
1794 4011 1984 4067 Adam.

371 4101 454 4167 Et,
502 4105 794 4166 antequam
863 4096 1185 4166 quaestionis
1241 4096 1405 4164 hujus
1449 4097 1625 4153 nodos
1700 4114 1981 4169 propona-

371 4210 512 4261 mus,
545 4192 765 4247 videtur
812 4191 1109 4248 dicendum
1151 4193 1282 4265 quid
1315 4193 1386 4247 sit
1432 4192 1579 4264 quod
1633 4193 1834 4249 dicitur
1872 4209 1975 4265 pec

371 4292 571 4339 mmm'
729 4354 933 4421 Quibus
968 4354 1136 4407 modis
1172 4354 1374 4408 dicitur
1400 4354 1630 4408 malum.

448 4449 538 4504 Est
568 4458 750 4504 autem
785 4455 1096 4518 peccatum,
1143 4446 1345 4501 malum
1380 4446 1529 4517 quod
1581 4446 1723 4501 Deus
1756 4462 1865 4501 non
1901 4447 1984 4502 fa-

371 4541 483 4594 cit:
517 4555 643 4594 nam
702 4537 901 4592 malum
955 4536 1250 4607 dupliciter
1288 4536 1524 4600 dicitur;
1567 4536 1777 4591 scilicet
1832 4539 1981 4609 quod

372 4630 518 4683 Deus
547 4627 693 4692 facit,
727 4633 781 4680 et
813 4626 961 4697 quod
992 4625 1136 4681 Deus
1175 4641 1285 4680 non
1317 4625 1464 4681 facit.
1524 4626 1677 4681 Unde
1715 4626 1980 4698 scriptum

375 4726 494 4775 est:
530 4722 748 4774 Faciem
781 4734 971 4788 pacem
1007 4724 1059 4772 ει
1077 4734 1266 4773 aream
1291 4720 1504 4772 malum
1533 4721 1679 4786 (lsaz'.
1715 4719 1864 4786 XLvl;
1901 4728 1981 4774 et:

373 4815 429 4867 Si
493 4819 568 4867 est
626 4812 839 4867 malum
898 4814 958 4865 in
1007 4813 1224 4865 civitate
1286 4811 1423 4878 quod
1486 4815 1619 4865 Deus
1682 4826 1794 4865 non
1858 4814 1987 4878 fecit

377 4904 566 4973 (Amos
617 4902 714 4973 ιιι).
747 4901 913 4958 Poena
953 4900 1101 4954 enim
1144 4915 1243 4971 pro
1272 4900 1513 4970 peccatis
1545 4900 1745 4955 malum
1774 4910 1860 4958 est
1889 4918 1986 4973 pa-

377 4994 667 5061 tientibus,
730 4992 878 5062 quod
932 4992 1073 5046 Deus
1110 4990 1261 5045 facit.
1309 4990 1581 5046 Retribuit
1638 4992 1787 5047 enim
1844 4993 1988 5048 Deus

381 5086 521 5139 mala
542 5082 799 5154 peccatis.
832 5082 1031 5135 Malum
1062 5089 1243 5135 autem
1286 5081 1433 5153 quod
1468 5082 1736 5151 injustitia
1762 5083 1986 5148 dicitur.

378 5173 606 5228 omnino
637 5173 780 5226 Deus
823 5185 934 5225 non
974 5169 1124 5235 facit,
1156 5170 1254 5223 sed
1286 5170 1468 5240 punit,
1514 5180 1573 5226 ut
1604 5171 1726 5239 ejus
1758 5173 1988 5229 omnino

381 5276 490 5316 non
516 5260 586 5314 sit
615 5269 825 5325 auctor,
853 5259 1012 5325 cujus
1041 5263 1123 5312 est
1153 5258 1396 5328 punitor.

658 5354 801 5415 Quod
825 5358 1109 5421 peccatum
1135 5367 1247 5406 non
1280 5359 1357 5407 est
1385 5357 1447 5407 in
1474 5369 1704 5424 corpore.

452 5441 562 5494 Hoc
600 5442 800 5495 malum
869 5442 926 5495 in
980 5442 1357 5512 corporalibus
1396 5459 1506 5499 non
1548 5446 1843 5513 invenitur,
1885 5462 1990 5502 nec

385 5531 605 5597 prOprie
629 5531 887 5594 dicimus,
920 5539 1227 5604 utcorpore
1269 5550 1579 5603 peccemus.
1618 5538 1672 5590 ln
1698 5538 1997 5593 homicidio

2223 3994 2367 4057 Quod
2401 3999 2684 4063 peccatum
2712 3996 2871 4048 estin
2898 3994 3007 4049 solo
3042 3996 3241 4064 Spiritu
3268 3994 3557 4050 rationali.

2157 4084 2307 4140 Errat
2339 4100 2468 4140 vere
2499 4084 2591 4155 qui
2627 4090 2914 4156 peccatum
2961 4084 3161 4155 quaerit
3210 4085 3265 4139 in
3318 4099 3578 4155 corpore,
3615 4101 3727 4141 nec

2074 4174 2361 4246 invenitur
2385 4173 2516 4227 alibi
2548 4189 2712 4244 quam
2739 4173 2794 4227 in
2827 4172 3022 4244 spiritu
3054 4173 3331 4240 rationali,
3363 4178 3420 4227 et
3445 4174 3574 4242 ejus
3603 4188 3714 4229 v0-

2008 4269 2058 4339 ο
2086 4267 2328 4331 luntate;
2363 4282 2466 4320 nec
2499 4274 2683 4321 tamen
2716 4266 2876 4334 ratio,
2904 4265 2989 4321 vel
3023 4265 3296 4331 voluntas,
3329 4264 3417 4321 vel
3444 4265 3569 4335 ipse
3594 4266 3724 4335 Spi-

2087 4360 2223 4414 ritus
2253 4358 2455 4413 malum
2487 4365 2591 4423 est,
2623 4358 2769 4429 quod
2814 4373 2925 4413 non
2963 4356 3093 4413 fecit
3114 4357 3292 4421 Deus;
3347 4355 3446 4412 sed
3490 4357 3724 4425 injusti-

2085 4452 2158 4506 tia
2187 4450 2506 4518 voluntatis,
2525 4450 2645 4522 ipsa
2674 4457 2757 4505 est
2782 4451 2986 4505 malum
3005 4450 3153 4522 quod
3180 4450 3501 4522 quaerimus.
3530 4450 3722 4520 Ipsam

2085 4539 2234 4594 enim
2274 4539 2504 4594 omnino
2533 4554 2644 4594 non
2676 4537 2803 4593 fecit
2834 4540 3006 4605 Deus;
3048 4544 3104 4593 et
3126 4538 3249 4609 ipsa
3278 4544 3381 4605 est,
3412 4538 3567 4609 quod
3600 4539 3722 4592 im-

2086 4631 2387 4702 putandum
2439 4630 2549 4684 Deo
2595 4644 2705 4684 non
2746 4638 2850 4684 est.
2901 4629 3014 4684 Nec
3043 4629 3250 4701 requiri
3310 4627 3479 4684 debet
3508 4628 3730 4700 aliquis

2086 4728 2278 4776 auctor
2304 4720 2550 4776 omnium
2575 4719 2866 4785 malorum,
2898 4718 3038 4774 sicut
3069 4718 3215 4774 Deus
3245 4718 3497 4773 noscitur
3516 4726 3725 4774 auctor

2088 4812 2337 4869 omnium
2366 4812 2671 4867 bonorum.

2195 4902 2338 4965 Quod
2355 4902 2567 4955 malum
2595 4906 2671 4955 est
2701 4900 2907 4969 aliquid
2942 4901 3240 4957 secundum
3268 4901 3613 4956 Manicheam.

2163 4992 2273 5048 Hoc
2292 4992 2717 5047 Manichaeorum
2745 4992 2974 5047 haeresis
2999 4991 3329 5061 affirmabat,
3360 4992 3570 5047 malum
3622 5011 3736 5065 pu-

2090 5091 2213 5137 tans
2250 5081 2570 5147 essentiam,
2618 5097 2685 5137 eo
2714 5082 2863 5153 quod
2898 5081 3076 5152 ipsum
3123 5089 3390 5153 tanquam
3443 5098 3640 5157 genus
3676 5085 3730 5137 in

2089 5178 2306 5249 Species
2346 5176 2725 5247 multipliciter
2762 5177 2934 5234 dividi
2969 5177 3215 5243 videant,
3257 5177 3546 5233 dicentes:
3585 5178 3727 5233 Cum

2093 5265 2374 5335 injustitia;
2405 5265 2549 5320 malo
2594 5265 2935 5336 superbiam,
2970 5272 3024 5321 et
3068 5266 3520 5331 fornicationem,
3551 5267 3737 5321 alias-

2092 5374 2201 5431 que
2230 5357 2449 5429 species
2466 5356 2697 5422 multas;
2722 5364 2781 5412 ut
2799 5358 2988 5430 generi
3012 5358 3175 5428 plane
3198 5357 3468 5422 subditas,
3493 5373 3729 5414 earum-

2102 5466 2209 5521 que
2239 5448 2648 5504 subdivisiones
2688 5449 3076 5505 ordinabiliter
3103 5465 3280 5522 usque
3317 5450 3386 5504 ad
3415 5450 3740 5523 singularia

2103 5538 2443 5593 descendere
2494 5537 2799 5601 videamus,
2860 5545 2914 5592 et
2989 5553 3290 5593 cconverso
3353 5539 3410 5592 in
3478 5542 3739 5609 speciem

384 5617 530 5667 enim
585 5621 718 5687 quid
773 5622 974 5676 dicitur
1031 5624 1277 5677 malum?
1335 5625 1389 5677 Si
1451 5627 1694 5696 gladium
1734 5646 1992 5696 accusas;
2028 5601 2268 5679 l)unam
2303 5625 2602 5698 singularia
2644 5627 2825 5696 plura.
2864 5627 3194 5697 speciesque
3252 5629 3437 5698 plures
3466 5628 3523 5681 in
3555 5645 3742 5683 unum

386 5700 530 5752 Deus
551 5701 754 5756 ferrum
787 5706 931 5760 fecit.
967 5710 1018 5761 Si
1052 5722 1274 5764 manum
1308 5712 1517 5783 arguis,
1561 5721 1615 5767 et
1646 5714 1818 5782 ipsam
1858 5717 2001 5771 Deus
2102 5734 2277 5792 genus
2316 5718 2537 5773 realitcr
2581 5718 2834 5786 adunari,
2878 5720 3124 5790 itemque
3153 5721 3440 5790 superiora
3472 5720 3543 5772 de
3582 5722 3744 5776 infe-
