3920 6054
267 257 403 313 iC73

1340 257 1422 312 DE
1464 257 1752 313 PECCATO
1794 256 2154 313 OBlGlNALl.
2197 289 2266 298 —
2305 259 2430 314 LIB.
2477 263 2514 316 l.

3457 273 3593 328 1074

265 392 503 448 rioribus
524 393 578 446 in
607 393 740 463 quid
760 392 968 464 optime
996 392 1485 462 praedicari?Quis
1509 393 1870 449 substantiam
1899 399 1952 466 Α
1979 395 2296 464 essentiam,
2340 413 2444 452 nec
2496 398 2656 452 aliam
2691 400 2842 469 ponit
2881 405 3200 460 essentiam.
3245 405 3399 461 Sicut
3443 409 3589 464 enim

265 492 449 559 neget,
480 485 630 554 quod
657 485 726 540 ad
765 485 898 556 quid
925 485 1332 554 respondetur?
1372 485 1501 550 Quis
1529 485 1744 541 refellet
1781 501 1872 540 es-

265 573 520 640 sentiam,
547 574 694 644 quod
727 574 1036 629 universale
1067 589 1178 630 non
1197 574 1442 648 negabit.

333 667 520 720 Aliter.
555 665 842 731 Praeterea,
881 681 1084 721 nomen
1145 681 1308 721 omne
1339 667 1763 738 signiﬁcativum
1793 678 1875 725 est

264 754 334 808 ad
364 755 623 824 placitum
679 753 826 810 Hanc
857 771 990 830 ergo
1021 770 1235 822 vocem,
1268 757 1321 810 id
1349 767 1433 812 est
1463 757 1687 821 malum,
1707 775 1871 830 quam

263 841 534 912 simplicis
581 843 772 917 figurae
825 843 1216 914 grammaticus
1249 845 1402 912 dicit,
1439 853 1494 900 et
1547 861 1645 916 per
1681 861 1874 902 omnes

263 950 423 988 casus
451 933 703 1001 inﬂectit,
751 951 874 1007 quae
917 951 1176 992 numeros
1218 937 1406 1003 etiam,
1439 937 1778 1011 singularem
1818 946 1874 994 et

264 1024 532 1092 pluralem
566 1023 784 1094 recipit,
813 1025 938 1096 quis
967 1039 1170 1081 nomen
1210 1025 1478 1098 negabit?
1511 1027 1586 1080 Ad
1611 1026 1869 1098 placitum

261 1131 394 1188 ergo
423 1115 697 1189 significat
725 1117 954 1190 aliquid.
988 1119 1152 1175 Audit
1212 1121 1351 1176 hanc
1405 1137 1597 1176 vocem
1629 1124 1869 1192 Graecus,

261 1205 414 1262 audit
450 1213 503 1261 et
545 1207 784 1263 Latinus.
835 1209 1088 1265 Audienti
1121 1210 1306 1267 Graeco
1345 1212 1606 1282 strepitus
1662 1219 1866 1268 tantum

262 1303 363 1364 est,
405 1295 540 1350 nihil
572 1313 673 1367 per
698 1314 818 1352 eam
851 1298 1130 1374 intelligit.
1161 1301 1251 1356 Sic
1281 1317 1384 1356 nec
1416 1302 1661 1366 Latinus,
1695 1309 1756 1357 ut
1781 1302 1868 1356 di-

259 1387 351 1450 cit,
389 1388 651 1444 mentitur
690 1390 874 1460 plane,
915 1391 1215 1466 interroget
1239 1393 1658 1459 conscientiam,
1692 1401 1747 1448 et
1773 1394 1866 1447 in-

260 1475 445 1531 veniet
479 1483 689 1532 motum
741 1480 947 1535 mentis
977 1497 1076 1552 per
1116 1497 1307 1536 vocem
1357 1481 1527 1536 illam.
1564 1481 1701 1545 Quia
1751 1498 1876 1536 vere

257 1577 362 1626 tert
392 1572 600 1644 aliquid
629 1573 801 1628 menti
830 1589 932 1628 vox
965 1574 1085 1629 haec
1116 1574 1304 1629 audita
1339 1575 1536 1630 Latini.
1563 1575 1694 1631 Cum
1725 1577 1874 1630 enim

259 1663 430 1729 audit,
458 1665 662 1718 malum
695 1663 850 1731 facit;
893 1672 988 1720 aut
1025 1676 1211 1740 negat,
1263 1675 1359 1720 aut
1405 1667 1689 1734 concedit;
1724 1669 1873 1739 quod

261 1772 369 1810 non
401 1755 548 1822 facit,
576 1757 668 1828 qui
701 1774 812 1813 non
834 1758 1108 1832 intelligit.
1143 1759 1272 1816 Cum
1295 1777 1427 1836 ergo
1447 1776 1548 1816 vox
1569 1760 1661 1814 illa
1677 1761 1872 1816 sitno-

259 1862 408 1912 men,
439 1846 713 1918 signiﬁcat
733 1849 963 1920 aliquid,
986 1851 1032 1905 si
1063 1851 1293 1924 aliquid,
1321 1860 1375 1908 et
1395 1853 1720 1908 essentiam:
1746 1867 1873 1906 nam

258 1935 407 2006 quod
439 1937 734 1992 essentiam
759 1953 868 1994 non
898 1939 1063 1995 habet
1083 1955 1196 1996 non
1221 1947 1305 1996 est
1333 1940 1562 2012 aliquid.
1591 1941 1681 1996 Est
1703 1940 1872 2015 igitur

255 2026 516 2095 essentia,
534 2027 682 2098 quod
711 2029 913 2084 malum
929 2029 1150 2097 dicitur,
1174 2039 1350 2086 etnon
1365 2029 1616 2096 estnihil,
1641 2029 1865 2084 malum.

723 2119 867 2181 Quod
894 2121 1104 2174 malum
1133 2121 1274 2174 nihil
1300 2127 1394 2174 est.

321 2205 428 2260 Nos
457 2214 638 2262 autem
689 2216 914 2265 econtra
945 2209 1148 2264 malum
1194 2209 1430 2265 dicimus‘
1469 2208 1606 2263 nihil
1637 2223 1781 2275 esse,
1813 2214 1868 2262 et

250 2293 453 2349 nullam
485 2298 786 2354 essentiam
815 2299 1058 2366 habere;
1111 2315 1235 2354 nam
1269 2298 1406 2353 nihil
1438 2305 1542 2364 est,
1575 2297 1724 2369 quod
1753 2311 1861 2352 non

248 2386 378 2442 fecit
405 2389 574 2456 Deus;
617 2391 816 2446 malum
849 2400 1036 2448 autem
1067 2394 1210 2448 Deus
1260 2409 1368 2449 non
1403 2392 1562 2458 fecit;
1607 2391 1702 2464 qui
1733 2386 1864 2446 fecit

249 2490 418 2532 omne
457 2480 603 2549 quod
638 2488 722 2534 est
765 2481 991 2550 malum,
1023 2483 1192 2556 igitur
1221 2481 1356 2536 nihil
1388 2489 1492 2547 est,
1553 2487 1607 2535 et
1657 2481 1858 2534 nullam

247 2566 541 2621 essentiam
575 2568 770 2636 habet;
803 2585 962 2624 nam:
999 2571 1045 2624 si
1073 2579 1184 2638 est,
1211 2571 1356 2625 Deus
1404 2569 1557 2636 fecit,
1598 2569 1694 2640 qui
1732 2567 1862 2623 fecit

243 2673 408 2712 omne
439 2661 586 2730 quod
643 2667 743 2716 est.
779 2661 888 2716 Sed
937 2662 1107 2717 Deum
1161 2663 1356 2718 fecisse
1417 2662 1620 2716 malum
1671 2661 1859 2715 dicere

246 2746 402 2802 nefas
430 2755 530 2804 est.
566 2749 765 2806 Malum
797 2751 962 2824 igitur
1013 2752 1150 2806 nihil
1183 2759 1292 2818 est;
1327 2752 1456 2825 quia
1487 2752 1690 2806 malum
1733 2751 1853 2821 pri-

242 2839 385 2896 vatio
444 2840 577 2896 boni
617 2851 720 2911 est,
769 2853 824 2899 et
875 2844 979 2900 scit
1035 2846 1216 2900 omnis
1255 2846 1348 2916 qui
1408 2846 1549 2900 bene
1587 2845 1692 2900 scit
1729 2842 1859 2915 quia

241 2929 472 2998 privatio
533 2945 644 2986 non
676 2940 760 2988 est
783 2933 1014 3005 aliquid.
1047 2935 1295 3005 Denique
1325 2944 1564 3006 quatuor
1594 2941 1723 2989 sunt
1747 2949 1851 3004 op-

237 3020 574 3088 positionum
625 3024 794 3090 modi,
831 3026 1231 3082 contrariorum
1265 3027 1496 3092 scilicet,
1547 3034 1602 3080 et
1632 3026 1698 3080 ad
1746 3025 1848 3079 ali-
1873 3063 1922 3132 Ο

237 3113 399 3186 quid;
431 3114 812 3174 affirmationis
845 3128 900 3175 et
939 3121 1268 3195 negationis,
1300 3121 1623 3192 privationis
1654 3127 1708 3176 et
1750 3121 1848 3174 ha-

237 3204 397 3261 bitus.
447 3205 643 3262 Harum
704 3211 850 3266 dux:
911 3213 1332 3277 contrariorum,
1386 3221 1440 3266 et
1491 3214 1559 3267 ad
1617 3211 1848 3282 aliquid,

239 3303 531 3364 opponunt
563 3297 773 3369 aliquid
805 3299 994 3368 alicui,
1022 3309 1081 3356 ut
1115 3301 1303 3358 album
1340 3309 1396 3358 et
1435 3301 1676 3375 nigrum,
1706 3317 1855 3372 quae,

237 3397 296 3444 ut
317 3390 592 3446 contraria
623 3403 1004 3464 opponuntur,
1037 3405 1332 3468 utrumque
1353 3402 1456 3460 est,
1478 3402 1533 3450 et
1553 3401 1844 3466 utrumque

235 3503 388 3542 suam
428 3489 594 3544 habet
619 3491 914 3546 essentiam
968 3491 1230 3548 Similiter
1259 3493 1519 3548 dominus
1547 3502 1602 3547 et
1632 3509 1844 3559 servus,

241 3596 364 3652 quae
407 3587 534 3635 sunt
561 3581 630 3636 ad
673 3581 904 3654 aliquid,
937 3589 1230 3655 utrumque
1257 3591 1360 3650 est,
1393 3591 1645 3639 etveram
1687 3584 1851 3638 habet

235 3675 536 3729 essentiam
609 3674 1031 3746 Oppositionum
1081 3692 1211 3732 vero
1245 3677 1366 3731 duae
1417 3676 1641 3748 reliqua:
1675 3691 1848 3747 oppo-

239 3775 374 3822 nunt
411 3767 574 3823 alicui
614 3767 764 3840 quod
795 3784 906 3824 non
930 3777 1034 3836 est,
1064 3777 1126 3825 ut
1154 3785 1276 3824 cum
1315 3769 1524 3824 homini
1557 3768 1854 3840 opponitur

239 3869 494 3931 tanquam
520 3861 764 3936 negatio,
797 3877 908 3918 non
941 3863 1142 3928 homo;
1177 3863 1341 3918 homo
1364 3861 1587 3934 quidem
1612 3869 1713 3925 est,
1745 3876 1854 3916 non

240 3951 402 4006 homo
430 3967 582 4019 vero,
616 3953 764 4009 nulla
797 3959 878 4009 est
914 3954 1174 4009 essentia.
1227 3953 1492 4008 Similiter
1519 3961 1572 4008 et
1601 3954 1692 4024 pio
1732 3969 1854 4008 cum

236 4045 536 4116 opponitur
561 4047 766 4118 impius
793 4057 1048 4120 tanquam
1084 4047 1340 4119 privatio,
1371 4048 1554 4118 pietas
1597 4054 1716 4113 est;
1751 4047 1856 4100 im-

241 4137 418 4208 pietas
455 4153 584 4194 vero
615 4139 764 4193 nulla
793 4147 876 4194 est
927 4142 1188 4202 essentia,
1225 4142 1320 4196 sed
1369 4147 1578 4196 tantum
1613 4139 1851 4211 privatio

241 4228 482 4297 pietatis.
517 4229 670 4284 Sicut
697 4230 845 4284 enim
877 4247 984 4286 non
1017 4234 1182 4287 homo
1230 4241 1438 4287 tantum
1481 4238 1645 4305 negat
1675 4231 1857 4287 homi-

243 4317 330 4371 nis
353 4333 494 4387 esse,
530 4318 612 4374 sic
644 4327 698 4374 et
744 4319 982 4390 pietatis,
1018 4321 1290 4392 impietas.
1343 4322 1492 4386 Quod
1527 4329 1708 4377 autem
1737 4329 1859 4374 tan-

239 4414 352 4460 tum
385 4415 548 4480 negat
578 4425 703 4463 esse
746 4424 855 4463 non
897 4409 1075 4479 potuit
1105 4425 1248 4477 esse,
1293 4427 1402 4466 non
1464 4411 1633 4486 igitur
1684 4410 1852 4465 habet

237 4498 535 4552 essentiam
570 4499 803 4568 privatio
829 4501 915 4555 vel
958 4501 1200 4570 negatio.
1255 4502 1313 4555 Et
1346 4503 1547 4556 malum
1576 4519 1710 4578 ergo
1740 4517 1852 4557 non

237 4596 340 4655 est,
395 4588 439 4642 si
480 4589 715 4660 privatio
766 4592 894 4647 boni
956 4599 1165 4646 tantum
1218 4599 1316 4647 est.
1365 4593 1452 4647 Est
1507 4599 1689 4648 autem
1719 4594 1851 4649 boni

243 4679 476 4751 privatio
522 4687 752 4736 tantum.
789 4683 869 4749 Et,
913 4691 972 4738 ut
1030 4685 1305 4754 patentius
1333 4685 1437 4739 hoc
1477 4685 1852 4749 ostendamus,

241 4769 369 4839 quia
399 4769 604 4825 bonum
629 4777 682 4825 et
711 4771 913 4827 malum
940 4771 1319 4843 multipliciter
1350 4772 1629 4838 dicuntur,
1660 4790 1729 4828 ne
1763 4791 1859 4842 pa-

249 4859 350 4913 riat
379 4875 622 4914 errorem
654 4861 1052 4932 multiplicitas,
1087 4877 1184 4932 pro
1211 4861 1358 4916 bono
1384 4861 1652 4930 justitiam
1677 4879 1860 4917 sumar

245 4966 386 5011 mus,
429 4958 484 5006 et
516 4950 844 5021 injustitiam
877 4968 975 5022 pro
1002 4952 1147 5007 malo
1202 4952 1485 5024 Siquidem
1515 4955 1857 5024 pr0positum

250 5051 500 5098 nostrum
532 5051 616 5098 est
656 5045 806 5115 loqui
847 5045 916 5100 de
955 5053 1212 5116 peccato;
1255 5048 1400 5117 quod
1446 5047 1768 5116 injustitiam
1811 5055 1864 5102 et

253 5131 452 5186 malum
482 5133 900 5204 appellavimus.
1427 5158 1432 5164 -

707 5226 850 5288 Quod
873 5228 1103 5294 privatio
1142 5227 1277 5279 nihil
1301 5232 1395 5279 est.

323 5314 413 5370 Est
462 5315 630 5388 igitur
687 5317 956 5388 injustitia
999 5317 1230 5388 privatio
1269 5317 1522 5384 justitia',
1565 5317 1609 5371 si
1639 5319 1862 5388 quidem

249 5401 544 5473 privatoria
607 5406 874 5476 particula
922 5413 1131 5462 tantum
1191 5407 1366 5476 privat
1417 5405 1707 5473 justitiam,
1760 5423 1864 5462 nec

251 5495 414 5549 aliam
439 5497 656 5565 reponit
681 5499 1000 5564 essentiam,
1035 5515 1157 5552 nam
1190 5498 1350 5563 sicut,
1384 5515 1512 5565 non,
1546 5500 1859 5571 negativum

253 5587 595 5650 adverbium,
627 5596 790 5662 negat
837 5591 1150 5661 appositum
1193 5607 1337 5654 esse,
1381 5607 1483 5646 nec
1531 5590 1685 5661 ponit
1715 5592 1859 5647 aliud

262 5695 406 5743 esse,
448 5678 528 5732 sic
565 5681 624 5732 in
660 5678 950 5748 privatoria
995 5680 1282 5750 particula,
1329 5681 1500 5750 privat
1551 5681 1858 5750 appositam

1869 4453 1930 4524 D

1977 505 2088 545 non
2113 491 2298 558 justus
2351 501 2512 565 negat
2551 495 2866 562 appositum
2890 495 3098 563 justum
3134 515 3236 553 nec
3270 500 3422 556 aliud
3462 521 3587 559 esse

1971 579 2144 650 ponit,
2170 579 2250 633 sic
2279 579 2805 650 injustusjustitiam
2841 582 3190 652 deponitnec
3221 587 3370 641 aliud
3407 591 3582 658 ponit.

1981 668 2090 722 Hoc
2125 674 2337 721 tantum
2362 665 2543 722 differt
2572 685 2602 722 a
2641 669 2936 742 negatione
2969 672 3224 742 privatio,
3258 676 3386 746 quia
3414 693 3590 750 nega-

1975 759 2054 814 tio
2083 773 2166 814 eSt
2203 758 2524 829 ubicunque
2538 766 2792 833 negatum
2823 776 2932 816 non
2955 771 3058 829 est,
3083 762 3314 832 privatio
3343 782 3470 822 vero
3484 783 3593 823 non

1975 855 2060 903 est
2094 848 2416 920 ubicunque
2449 849 2719 918 privatum
2763 865 2874 905 non
2916 859 3017 913 est,
3075 853 3173 906 sed
3235 860 3442 910 tantum
3505 858 3598 912 ubi

1974 936 2143 990 debet
2185 951 2308 991 esse
2339 936 2634 1006 privatum,
2683 953 2784 992 nec
2815 948 2898 993 est
2923 955 3160 1011 unquam
3197 943 3429 1012 privatio
3461 945 3583 1002 sine

1973 1024 2166 1096 privati
2206 1025 2426 1080 debito:
2471 1041 2573 1080 nec
2626 1027 2848 1096 proprie
2898 1043 3188 1098 possumus
3227 1033 3590 1102 privationem

1971 1115 2160 1169 dicere
2188 1113 2280 1168 ubi
2309 1113 2578 1184 privatum
2604 1131 2712 1170 non
2743 1116 2908 1170 debet
2928 1133 3073 1173 esse.
3107 1120 3258 1174 Unde
3285 1129 3341 1175 et
3369 1123 3584 1179 irratio-

1974 1206 2095 1260 nale
2126 1206 2350 1277 proprie
2383 1207 2452 1260 de
2479 1221 2546 1260 eo
2579 1222 2690 1262 non
2713 1207 2934 1274 dicitur,
2965 1209 3051 1264 cui
3083 1211 3310 1266 rationis
3324 1229 3454 1269 usus
3479 1231 3590 1271 non

1973 1297 2225 1352 debetur.
2259 1297 2564 1367 Aliquando
2597 1308 2780 1353 tamen
2817 1311 3097 1368 ponuntur
3129 1303 3461 1372 privationes
3499 1325 3597 1378 pro

1974 1391 2384 1466 negationibus,
2431 1400 2485 1446 et
2515 1393 2738 1462 quando
2793 1395 3015 1450 nomina
3079 1413 3259 1451 rerum
3303 1399 3591 1467 deticiunt,

1977 1497 2126 1552 saepe
2169 1487 2452 1551 ponuntur
2487 1481 2650 1535 etiam
2705 1499 2802 1552 pro
2845 1483 2976 1553 ipsis
3009 1485 3194 1553 rebus,
3260 1505 3360 1542 nos
3407 1499 3587 1546 autem

1980 1568 2070 1622 hic
2109 1568 2495 1638 privationem,
2532 1578 2592 1623 ut
2620 1571 2843 1640 proprie
2865 1572 3082 1640 dicitur,
3112 1582 3422 1633 tractamus.
3460 1579 3586 1635 Cum

1974 1672 2105 1730 ergo
2121 1657 2348 1725 justitiae
2380 1658 2612 1728 privatio
2643 1659 2712 1714 sit
2732 1659 3017 1730 injustitia,
3045 1664 3199 1718 nulla
3221 1673 3301 1720 est
3324 1669 3584 1734 essentia,

1977 1757 2032 1804 et
2064 1749 2191 1804 ideo
2213 1749 2354 1804 nihil
2387 1757 2488 1805 est.
2515 1751 2656 1824 Ergo
2682 1759 2967 1822 peccatum
2997 1760 3051 1808 et
3080 1757 3282 1810 malum
3317 1759 3453 1812 nihil
3483 1768 3586 1829 est,

1976 1838 2247 1909 siquidem
2281 1847 2563 1908 peccatum
2597 1839 2868 1894 etmalum
2894 1841 3032 1894 nihil
3065 1841 3170 1896 nisi
3195 1843 3458 1913 injustitia
3483 1857 3584 1904 est.

2177 1928 2320 1992 Quod
2341 1928 2492 1981 mata
2519 1942 2631 1982 non
2659 1927 2856 1982 habent
2869 1932 3062 1998 species
3085 1935 3374 1999 generates.

2046 2020 2232 2091 Itaque
2273 2019 2478 2074 malum
2509 2033 2612 2074 nec
2648 2035 2826 2094 genus
2855 2030 2938 2074 est
2976 2037 3080 2076 nec
3135 2023 3241 2079 illa:
3281 2028 3498 2098 species
3527 2029 3583 2084 in

1970 2129 2109 2184 quas
2145 2111 2410 2167 dividitur
2445 2111 2785 2168 adulterium
2826 2113 3034 2168 scilicet
3077 2115 3161 2170 vel
3219 2118 3578 2178 homicidium

1967 2213 2024 2259 et
2061 2213 2281 2271 caetera,
2335 2202 2616 2275 siquidem
2667 2203 2964 2258 essentiam
3009 2219 3119 2259 non
3177 2206 3407 2273 habent;
3451 2227 3576 2266 nam

1965 2295 2112 2368 quod
2125 2295 2424 2350 essentiam
2456 2310 2567 2351 non
2597 2295 2780 2363 habet,
2815 2311 2924 2350 non
2955 2305 3038 2352 est
3090 2313 3287 2372 genus,
3320 2301 3405 2355 vel
3446 2317 3576 2372 spe-

1963 2388 2096 2456 cies,
2136 2387 2222 2442 vel
2255 2387 2588 2454 universale,
2620 2388 2706 2442 vel
2739 2389 3088 2458 particulare.

2081 2480 2224 2541 Quod
2253 2479 2317 2533 de
2345 2479 2494 2533 bonis
2517 2479 2768 2546 procedat
2793 2481 3063 2534 malorum
3085 2484 3444 2539 ratiocinatio.

2033 2565 2334 2622 Estautem
2385 2567 2656 2622 bonorum
2716 2567 2865 2638 quod
2908 2567 2964 2622 in
3023 2569 3181 2624 malis
3233 2571 3449 2639 divisio,
3491 2574 3576 2629 vel

1961 2669 2246 2722 ascensus,
2278 2655 2363 2709 vel
2414 2655 2718 2709 descensus
2776 2655 3100 2712 ordinabilis
3130 2666 3234 2728 est,
3264 2676 3385 2715 nam
3419 2662 3578 2734 quid-

1961 2746 2090 2818 quid
2124 2747 2192 2801 de
2235 2746 2638 2817 privationibus
2667 2747 2924 2818 dicimus,
2959 2749 3064 2804 hoc
3095 2756 3263 2806 totum
3295 2769 3325 2807 a
3351 2753 3577 2823 privatis

1961 2837 2236 2902 ducimus,
2269 2855 2373 2894 nec
2411 2839 2712 2911 quidquam
2765 2839 2894 2895 facit
2943 2841 3196 2910 privatio,
3240 2843 3346 2898 nisi
3380 2846 3575 2916 privati

1955 2927 2233 2996 praecedat
2262 2927 2424 2995 ratio,
2453 2944 2578 2982 nam
2619 2944 2722 2984 nec
2773 2928 3134 3000 privationem
3168 2931 3346 2986 facere
3379 2949 3577 3004 possu-

1955 3035 2100 3086 mus,
2132 3019 2237 3073 nisi
2277 3035 2392 3074 rem
2434 3036 2559 3092 quae
2593 3020 2839 3090 privetur
2893 3019 3211 3075 habeamus.
3253 3023 3576 3080 Przecedunt

1956 3107 2122 3178 igitur
2149 3107 2369 3178 species
2400 3115 2453 3162 et
2484 3123 2686 3179 genera
2721 3123 2924 3173 rerum,
2965 3113 3024 3162 ut
3062 3109 3363 3162 secundum
3394 3125 3460 3164 ea
3483 3111 3576 3182 ju-

1953 3199 2205 3254 dicemus
2235 3199 2584 3254 diversitates
2604 3199 2971 3270 privationum
2992 3217 3005 3265 ;
3025 3199 3126 3254 nisi
3149 3200 3293 3254 enim
3321 3201 3574 3271 justitize,

1955 3289 2200 3360 pietatis,
2249 3300 2304 3344 ct
2333 3290 2618 3360 patientia:
2665 3291 2984 3346 noverimus
3023 3291 3311 3358 essentias,
3341 3308 3444 3348 nec
3479 3309 3576 3348 ea-

1954 3393 2072 3432 rum
2133 3378 2442 3450 intelligere
2483 3393 2778 3448 possumus
2821 3379 3180 3449 privationes,
3226 3379 3570 3450 injustitiam,

1945 3464 2376 3540 impatientiam,
2410 3469 2780 3540 impietatem,
2805 3479 2864 3526 ut
2887 3487 3152 3542 generum
3181 3481 3236 3525 et
3259 3471 3571 3540 specierum

1950 3565 2018 3620 sit
2050 3566 2104 3618 in
2135 3565 2394 3620 essentiis
2431 3565 2653 3632 veritas,
2684 3565 2738 3618 in
2769 3565 3175 3635 privationibus
3223 3582 3354 3621 vero
3389 3567 3574 3622 imita-

1956 3657 2050 3722 tio,
2085 3657 2227 3712 sicut
2257 3663 2310 3712 et
2343 3657 2397 3710 in
2444 3656 2849 3730 negationibus.
2900 3659 2954 3710 ln
2997 3657 3202 3728 quibus
3247 3664 3395 3728 patet
3423 3661 3572 3730 quod

1956 3764 2065 3804 non
2104 3749 2213 3803 sint
2264 3747 2538 3813 essentia},
2593 3763 2694 3802 nec
2731 3764 2954 3821 genera,
2988 3748 3072 3803 vel
3123 3748 3358 3818 species,
3403 3765 3572 3805 econ-

1955 3854 2112 3895 verso
2140 3848 2323 3894 tamen
2353 3855 2417 3893 ex
2447 3837 2584 3908 ipsis
2626 3837 2840 3911 negatis
2859 3837 3279 3892 similitudinem
3305 3855 3570 3910 generum

1955 3936 2179 3984 sumunt
2219 3935 2274 3983 et
2328 3927 2636 3998 specierum
2698 3927 3055 3982 mutationem
3108 3927 3195 3981 vel
3262 3926 3568 3983 veritatem.

1959 4025 2114 4090 Nam,
2147 4024 2288 4079 sicut
2321 4025 2486 4079 homo
2512 4023 2615 4078 sub
2637 4021 3112 4093 animalispecies,
3131 4021 3202 4076 ita
3224 4037 3334 4076 non
3369 4023 3574 4076 animal

1959 4117 2062 4172 sub
2093 4132 2204 4172 non
2235 4116 2461 4171 homine
2492 4123 2750 4186 tanquam
2791 4115 3023 4186 species.
3061 4113 3122 4168 Et
3159 4115 3262 4169 hoc
3303 4115 3563 4185 estquod

1957 4210 2180 4266 Boetius
2193 4208 2868 4278 dicitcontrapositionem
2895 4207 2947 4260 in
2962 4213 3089 4260 ante
3106 4207 3552 4276 prazdicamentis

1960 4303 2082 4357 Haec
2110 4308 2290 4357 autem
2331 4317 2599 4373 generum
2641 4307 2696 4354 et
2725 4299 3036 4369 specierum
3080 4313 3191 4352 non
3221 4299 3444 4362 veritas,
3470 4298 3569 4352 sed

1959 4395 2210 4458 mutatio,
2237 4395 2381 4449 sicut
2409 4399 2491 4447 est
2520 4392 2574 4445 in
2627 4389 3039 4463 negationibus,
3081 4389 3160 4442 sic
3197 4397 3252 4443 et
3282 4389 3338 4442 in
3389 4389 3568 4458 priva-

1957 4486 2226 4544 tionibus.
2281 4485 2388 4540 Sed
2421 4485 2474 4538 in
2499 4481 2888 4556 negationibus
2921 4487 3072 4551 patet
3100 4481 3332 4535 imitatio
3353 4481 3489 4547 sola,
3517 4481 3572 4535 in

1957 4582 2354 4654 privationibus
2384 4594 2514 4634 vero
2538 4594 2646 4634 non
2678 4584 2891 4632 tantum
2924 4584 3092 4646 patet,
3117 4575 3245 4646 quia
3273 4574 3573 4630 similiores

1959 4675 2123 4729 rebus
2151 4679 2296 4736 sunt,
2325 4671 2462 4725 adeo
2487 4679 2544 4724 ut
2577 4669 2734 4723 multi
2766 4675 2964 4738 putent
2995 4683 3088 4721 eas
3119 4681 3206 4720 res
3235 4681 3380 4728 esse,
3403 4673 3456 4720 ct
3482 4682 3572 4720 es-

1959 4763 2188 4818 sentiam
2234 4759 2509 4831 propriam
2553 4757 2778 4821 habere,
2821 4755 2948 4826 quia
2977 4755 3044 4808 de
3098 4754 3183 4808 his
3231 4760 3436 4808 tantum
3489 4755 3570 4808 di-

1960 4859 2179 4914 cuntur,
2206 4851 2260 4903 in
2289 4848 2494 4920 quibus
2527 4847 2795 4917 privatum
2840 4844 3005 4899 debet
3038 4861 3183 4909 esse,
3225 4861 3326 4898 nec
3365 4853 3476 4908 est;
3519 4851 3573 4897 et

1962 4943 2201 4998 habeant
2241 4941 2462 5012 prepria
2494 4939 2738 5001 nomina,
2775 4938 3108 5010 quandoque
3126 4937 3248 4991 sine
3279 4935 3572 5006 privatoria

1964 5035 2254 5104 particula,
2311 5035 2449 5088 sicut
2503 5031 2780 5097 essentiae,
2837 5047 2958 5086 cum
2993 5031 3314 5103 negationes
3355 5026 3574 5098 prepria

1966 5128 2190 5184 nomina
2221 5143 2490 5198 nusquam
2533 5125 2774 5180 habeant
2812 5124 2934 5178 sine
2975 5121 3240 5194 particula
3295 5119 3570 5193 negativa,

1967 5237 2070 5274 nec
2095 5219 2277 5292 negati
2313 5219 2562 5273 debitum
2607 5217 2916 5279 admittant,
2941 5214 3036 5269 sed
3071 5215 3139 5267 de
3193 5211 3454 5266 omnibus
3491 5210 3576 5264 di-

1965 5320 2160 5368 cantur
2199 5313 2252 5366 in
2284 5311 2486 5381 quibus
2514 5319 2768 5382 negatum
2793 5325 2902 5364 non
2940 5307 3270 5370 inveniatur,
3298 5304 3438 5358 sicut
3465 5319 3575 5358 non

1965 5405 2129 5458 homo
2162 5407 2244 5456 est
2282 5415 2447 5455 omne
2487 5399 2634 5470 quod
2663 5399 2827 5454 homo
2853 5413 2963 5452 non
3009 5407 3121 5461 est;
3175 5395 3409 5462 injustas
3445 5409 3576 5448 vero

1965 5512 2074 5550 non
2107 5505 2209 5560 est,
2245 5491 2347 5546 nisi
2379 5490 2472 5561 qui
2499 5489 2861 5558 justusdebet
2881 5505 3024 5552 esse,
3059 5504 3161 5542 nec
3190 5495 3291 5541 est.

1961 5591 2104 5654 Quod
2132 5590 2356 5642 nomine
2393 5586 2709 5652 privationis
2749 5590 2799 5637 et
2836 5583 3050 5635 habit-us
3086 5581 3226 5635 idem
3251 5579 3574 5648 signiﬁcent.

2037 5679 2244 5734 Habent
2297 5682 2478 5729 autem
2533 5672 2870 5743 privationes
2916 5671 3138 5726 nomina
3192 5669 3394 5741 sa'pius
3458 5669 3576 5722 sine
