3912 6044
330 172 470 228 1075

1558 179 1613 232 Β.
1658 176 1895 234 ODONIS
1938 178 2173 235 CAMER.
2216 178 2416 235 EPlSC.

3510 184 3529 233 1
3542 181 3653 237 076

332 302 629 375 privatoria
656 302 949 372 particula,
979 303 1121 359 sicut
1152 303 1391 372 habitus,
1436 313 1495 361 ut
1537 308 1762 375 malum,
1791 310 1936 365 sicut
1956 317 2012 385 Α
2038 325 2139 382 pro
2166 311 2268 366 hac
2293 312 2647 382 oppositione
2670 312 3000 377 movebitur,
3016 328 3138 368 nam
3161 314 3283 369 sine
3304 314 3516 379 habitu,
3547 332 3657 372 nec

331 392 561 457 bonum,
602 394 843 445 tenebrae
868 391 1008 447 sicut
1037 391 1149 461 lux,
1180 394 1398 451 caecitas
1426 396 1665 465 utvisus,
1689 406 1749 453 ut
1771 399 1933 455 casti-

332 485 413 533 tas
441 477 752 534 fornicatio.
790 478 854 534 Et
880 479 1133 550 quamvis
1159 484 1415 539 essentiae
1440 484 1673 554 privatio
1708 502 1819 542 non
1839 502 1939 559 op-

334 566 491 638 ponit
544 566 867 635 essentiam,
907 569 1037 640 quia
1074 569 1371 640 privationi
1412 588 1523 629 non
1570 580 1653 629 est
1677 577 1934 645 essentia,

331 662 517 711 tamen
549 654 875 726 privationis
902 672 1104 712 nomen
1158 658 1433 731 signiﬁcat
1478 663 1795 728 essentiam,
1844 666 1941 721 sed

333 742 569 819 habitus,
603 759 713 799 non
756 760 935 801 suam.
960 746 1110 802 idem
1144 763 1274 822 ergo
1296 748 1570 823 signiﬁcat
1597 767 1799 808 nomen
1826 755 1939 825 pri-

330 837 586 904 vationis,
636 845 692 894 et
755 853 958 895 nomen
1013 841 1255 897 habitus.
1306 843 1416 899 Sed
1466 860 1669 901 nomen
1722 847 1941 903 habitus

331 945 515 997 suum,
569 944 772 986 nomen
827 946 956 987 vero
1014 933 1337 1003 privationis
1384 935 1661 1009 signiﬁcat
1696 938 1937 995 alienum

335 1037 560 1091 nomen,
602 1023 822 1079 habitus
850 1026 1143 1081 essentiam
1172 1043 1327 1083 suam
1355 1029 1630 1104 signiﬁcat
1656 1034 1938 1103 ponendo,

335 1133 539 1175 nomen
568 1119 890 1189 privationis
925 1121 1201 1196 signiﬁcat
1240 1123 1385 1179 idem
1436 1128 1792 1195 removendo,
1834 1144 1938 1185 no-

336 1224 463 1263 men
504 1208 725 1265 habitus
744 1210 894 1282 quod
924 1210 1201 1287 intelligas
1229 1212 1410 1281 oﬁert,
1434 1230 1636 1271 nomen
1677 1217 1941 1288 privatio-

341 1301 428 1357 nis
458 1302 607 1374 quod
636 1303 902 1379 intelligis
932 1304 1127 1361 aufert.
1164 1307 1254 1362 Est
1281 1323 1413 1384 ergo
1470 1310 1795 1381 privationis
1839 1329 1942 1369 no-

337 1411 465 1451 men
494 1396 917 1469 signiﬁcativum
964 1400 1217 1471 alicujus,
1261 1403 1359 1457 sed
1407 1420 1517 1461 non
1556 1421 1669 1462 suae
1709 1407 1811 1475 rei,
1846 1410 1942 1464 sed

336 1487 562 1544 alterius
592 1505 755 1561 quam
787 1489 1061 1565 signiﬁcat
1079 1492 1304 1563 privari.

820 1588 1067 1657 Epilogus
1095 1593 1452 1658 superiorum.

2040 402 2172 467 dici,
2203 418 2306 458 nec
2338 401 2574 480 intelligi
2615 411 2799 476 potest
2820 404 3074 476 privatio,
3105 421 3211 460 nec
3243 406 3392 461 aliud
3417 414 3501 461 est
3532 408 3655 477 pri-

2039 497 2183 552 vatio
2236 512 2400 568 quam
2456 496 2653 568 privati
2684 497 2942 564 remotio,
2983 504 3045 553 ut
3083 498 3372 570 injustitia,
3395 500 3651 568 justitiaa.

2041 590 2170 646 Cum
2194 602 2325 660 ergo
2356 602 2454 658 pro
2487 587 2755 657 injustitia
2786 589 3064 659 punimur,
3107 606 3206 660 pro
3246 591 3459 662 justitia
3486 593 3660 662 puni-

2041 693 2165 732 mur
2185 677 2433 744 deserta;
2465 678 2561 732 sed
2593 684 2677 734 est
2713 678 2921 750 aliquid
2955 678 3189 748 justitia,
3226 681 3486 751 punimur
3513 697 3656 755 ergo

2044 783 2143 841 pro
2172 767 2375 841 aliquo.
2414 770 2477 825 Ut
2508 785 2632 824 cum
2665 769 2934 842 injustitia
2962 770 3103 826 nihil
3128 771 3346 838 dicitur,
3379 773 3434 827 in
3474 790 3541 828 ea
3571 782 3657 827 ta-

2044 875 2171 914 men
2200 857 2409 931 aliquid
2441 859 2787 933 intelligitur,
2819 875 2920 931 pro
2964 876 3073 932 quo
3102 862 3362 933 punimur
3391 863 3521 935 quia
3552 864 3660 918 de-

2042 948 2261 1016 seritur,
2293 949 2556 1021 punimur
2585 964 2715 1022 ergo
2748 966 2847 1021 pro
2871 948 3085 1018 justitia
3126 967 3290 1022 quam
3320 950 3658 1007 deserimus.

2046 1038 2235 1110 Itaque
2267 1046 2323 1094 et
2351 1037 2589 1110 privatio
2610 1037 2749 1092 nihil
2780 1046 2884 1106 est,
2913 1045 2989 1107 et,
3022 1054 3146 1095 cum
3164 1055 3262 1110 pro
3287 1056 3352 1095 ea
3371 1041 3659 1112 punimur,

2047 1147 2145 1203 pro
2182 1146 2251 1187 eo
2272 1130 2535 1203 punimur
2557 1130 2707 1201 quod
2732 1129 2939 1202 aliquid
2965 1137 3064 1186 est.
3092 1131 3156 1187 Et
3166 1131 3467 1201 iustissime
3489 1134 3661 1203 punit

2046 1231 2244 1294 sponte
2271 1222 2544 1278 desertam
2576 1221 2671 1293 qui
2702 1220 2857 1276 dedit
2884 1237 3004 1277 eam
3038 1238 3259 1294 semper
3286 1224 3659 1290 servandam;

2045 1319 2204 1391 punit
2233 1318 2459 1391 quidem
2508 1333 2606 1388 pro
2648 1316 2881 1386 justitia,
2938 1332 3049 1374 non
3081 1318 3209 1375 ideo
3238 1319 3387 1390 quod
3416 1319 3663 1375 habetur

2044 1412 2143 1468 sed
2168 1411 2316 1483 quod
2346 1426 2456 1467 non
2485 1410 2744 1476 habetur;
2801 1425 2910 1466 non
2960 1410 3087 1467 ideo
3125 1411 3276 1483 quod
3314 1411 3494 1479 adest,
3552 1414 3660 1467 sed

2046 1500 2193 1572 quod
2219 1499 2395 1555 abest.
2428 1498 2536 1553 Sed
2566 1498 2760 1553 abesse
2786 1498 3081 1570 justitiam,
3119 1508 3202 1556 est
3226 1500 3513 1569 injustitia.
3549 1502 3665 1573 lgi-

2047 1605 2136 1651 tur
2157 1592 2422 1663 justitiam
2446 1607 2557 1646 non
2587 1606 2709 1646 esse
2736 1590 2833 1646 ubi
2872 1591 3040 1647 debet
3076 1607 3219 1660 esse,
3252 1602 3335 1648 est
3362 1592 3661 1661 injustitia.

413 1671 483 1725 Ex
517 1672 814 1743 prtemissis
852 1688 983 1747 ergo
1022 1675 1206 1750 colligi
1234 1684 1415 1749 potest
1440 1682 1572 1754 quia
1604 1684 1660 1739 in
1687 1685 1805 1741 solo
1831 1688 1945 1757 spi-
1973 1664 2024 1733 Β
2050 1685 2158 1740 Sed
2206 1682 2475 1752 justitiam
2528 1695 2638 1737 non
2680 1695 2824 1747 esse,
2892 1681 2984 1735 ubi
3041 1681 3209 1736 debet
3238 1697 3384 1749 esse,
3430 1698 3534 1736 nec
3563 1682 3664 1736 ubi

341 1761 445 1815 ritu
464 1760 717 1816 rationali
740 1761 943 1818 malum
972 1770 1077 1831 est,
1110 1782 1213 1823 nec
1242 1776 1324 1823 est
1356 1785 1443 1825 res
1472 1770 1529 1826 in
1558 1771 1825 1843 subjecto,
1850 1776 1949 1831 sed

341 1857 573 1929 privatio
606 1858 684 1912 rei
714 1874 743 1912 a
773 1859 1042 1929 subjecto.
1076 1861 1139 1917 Et
1167 1879 1290 1919 cum
1329 1865 1385 1920 in
1411 1868 1692 1925 voluntate
1745 1872 1947 1927 malum

341 1948 481 2004 dicis
534 1962 677 2012 esse,
712 1964 826 2006 non
858 1949 933 2005 ibi
987 1951 1129 2010 dicis
1165 1955 1374 2029 aliquid
1430 1974 1574 2028 esse,
1605 1960 1703 2016 sed
1737 1969 1947 2018 tantum

342 2036 484 2092 dicis
510 2037 584 2091 ibi
614 2038 822 2094 bonum
850 2054 960 2097 non
987 2056 1133 2111 esse,
1165 2044 1262 2100 ubi
1290 2045 1458 2103 debet
1487 2063 1630 2105 esse.
1653 2050 1716 2106 Et
1744 2051 1851 2106 hoc
1867 2059 1951 2107 est

341 2129 507 2200 plane
544 2130 770 2198 malum,
789 2131 865 2187 ibi
889 2148 999 2189 nou
1041 2150 1163 2192 esse
1190 2136 1420 2206 bonum,
1452 2140 1549 2196 ubi
1582 2141 1752 2198 debet
1805 2158 1949 2211 esse,

343 2220 474 2293 quia
500 2219 772 2289 injustitia
806 2229 889 2277 est
912 2222 1179 2293 justitiam
1212 2241 1321 2282 non
1341 2242 1462 2284 esse
1494 2229 1590 2285 ubi
1616 2230 1783 2287 debet
1806 2247 1948 2299 esse,

344 2320 399 2367 et
426 2328 551 2367 eum
582 2312 843 2382 injustum
876 2331 999 2372 esse
1029 2316 1123 2389 qui
1161 2333 1273 2374 non
1312 2329 1395 2375 est
1423 2321 1604 2390 justus
1631 2338 1756 2378 cum
1787 2324 1953 2381 debet

346 2420 491 2460 esse.
523 2404 663 2469 Quid
708 2405 854 2461 enim
888 2409 1091 2465 rectius
1129 2410 1239 2466 dici
1274 2418 1457 2483 potest
1494 2430 1662 2487 quam
1689 2415 1844 2472 illum
1873 2418 1955 2473 in-

341 2497 548 2565 justum
570 2513 691 2554 esse
730 2498 825 2570 qui
854 2499 1040 2556 datam
1065 2502 1334 2574 justitiam
1383 2506 1558 2563 noluit
1586 2516 1801 2578 tenere,
1831 2526 1954 2566 cum

347 2586 548 2658 potuit,
575 2594 631 2644 et
657 2588 845 2644 datum
883 2592 1020 2647 tanti
1049 2591 1183 2649 boni
1214 2601 1413 2667 sponte
1444 2596 1689 2655 deseruit
1716 2599 1745 2652 ?

444 2702 587 2763 Quod
614 2703 900 2759 rationalis
925 2712 1142 2832 natura:
1156 2721 1281 2832 open
1298 2714 1467 2776 potest
1494 2724 1677 2766 carere
1703 2710 1874 2766 debito

1033 2792 1119 2832 ius
1145 2794 1163 2832 τ
1190 2793 1273 2832 ue.

1024 2780 1273 2846 justitia.

423 2861 692 2932 Accepisti
733 2862 1023 2932 justitiam,
1085 2864 1290 2921 bonum
1345 2866 1682 2940 depositum,
1719 2876 1775 2925 et
1801 2869 1960 2926 valde

349 2952 700 3020 servandum,
729 2960 785 3009 et
808 2961 990 3010 tamen
1030 2956 1399 3021 reddendum,
1427 2960 1557 3030 quia
1595 2960 1686 3032 qui
1719 2961 1956 3016 commi-

351 3043 423 3098 sit
448 3043 618 3115 exigit
645 3044 979 3114 depositum.
1012 3046 1102 3102 Vis
1140 3048 1282 3103 bene
1309 3048 1582 3106 reddere?
1602 3052 1752 3106 Bene
1780 3067 1955 3109 serva.

354 3134 567 3197 Quanto
631 3133 807 3207 magis
863 3135 1129 3204 servabis,
1187 3143 1340 3194 tanto
1396 3140 1572 3211 magis
1614 3140 1834 3196 reddes.
1898 3141 1963 3196 Et

354 3230 559 3297 quanto
588 3226 764 3297 magis
793 3226 995 3283 reddes
1018 3234 1170 3285 tanto
1200 3231 1377 3305 magis
1401 3233 1679 3289 servabis:
1711 3234 1961 3290 mirabile

354 3317 562 3372 bonum
588 3316 823 3386 justitia,
848 3335 1012 3391 quam
1042 3321 1313 3378 servando
1354 3323 1565 3392 reddis,
1594 3332 1649 3380 et
1678 3327 1962 3384 reddendo

354 3424 465 3464 non
496 3409 699 3480 perdis.
744 3410 852 3467 Sed
884 3412 1059 3488 magis
1084 3414 1391 3484 reddendo,
1422 3417 1596 3489 magis
1622 3434 1826 3474 servas.
1861 3421 1964 3477 Bo-

356 3517 513 3570 num,
557 3502 804 3573 inquam,
855 3504 984 3560 totis
1032 3505 1245 3562 viribus
1284 3510 1622 3566 servandum
1656 3518 1717 3566 nt
1743 3512 1963 3581 reddas,

355 3596 486 3668 quia
515 3597 561 3651 si
609 3599 795 3669 perdis
846 3615 955 3656 non
993 3601 1165 3658 habes
1192 3605 1341 3675 quod
1387 3604 1605 3662 reddas.
1646 3608 1963 3678 Depositum

356 3696 541 3745 tamen
555 3690 728 3746 debes
754 3692 804 3747 ei
828 3694 922 3764 qui
955 3694 1248 3751 commisit.
1280 3696 1579 3768 Commisit,
1603 3714 1736 3774 ergo
1766 3699 1961 3757 debes.

355 3781 463 3837 Sed
493 3781 741 3839 fortassis
786 3794 986 3855 sponte
1032 3788 1344 3858 perdidisti,
1385 3790 1517 3862 quia
1560 3797 1757 3861 sponte
1794 3792 1963 3849 dese-

356 3871 531 3925 ruisti.
585 3870 767 3946 Exigit
808 3880 991 3930 tamen
1048 3875 1362 3946 depositum
1425 3878 1517 3949 qui
1561 3880 1834 3949 praestitit.
1889 3881 1965 3939 Tu

355 3971 487 4011 vero
510 3972 620 4013 non
649 3959 843 4029 habes,
866 3961 996 4032 quia
1023 3971 1221 4032 sponte
1241 3963 1534 4021 deseruisti
1559 3968 1708 4038 quod
1730 3970 1964 4027 reddere

355 4046 548 4100 debes.
583 4047 865 4103 Invenitur
905 4065 1036 4124 ergo
1074 4052 1170 4123 qui
1212 4052 1465 4122 praestitit
1502 4056 1683 4122 justus
1713 4066 1960 4127 exactor;

354 4142 410 4190 tu
440 4150 571 4192 vero
618 4136 713 4209 qui
765 4152 875 4193 non
909 4138 1097 4194 reddis
1147 4140 1378 4210 injustns
1418 4141 1651 4199 debitor.
1705 4144 1961 4215 lnjustus,

354 4231 602 4301 inquam,
635 4244 745 4285 non
785 4230 932 4301 quod
985 4230 1189 4287 habeas
1236 4231 1404 4287 ullam
1435 4236 1729 4291 essentiam
1775 4238 1829 4293 in
1862 4240 1964 4296 hac

352 4321 678 4393 privatione,
716 4321 815 4377 sed
844 4322 976 4394 quia
1013 4338 1124 4379 non
1166 4324 1337 4380 habes
1366 4324 1613 4382 debitam
1666 4332 1960 4387 essentiam

344 4414 593 4483 jnstitiae,
626 4414 752 4471 ideo
785 4413 1051 4484 debitam,
1084 4418 1233 4488 quod
1272 4417 1573 4490 accepisti:
1624 4436 1736 4477 non
1774 4438 1958 4480 serva-

350 4512 481 4572 tam,
512 4507 610 4562 sed
642 4513 839 4578 sponte
870 4506 1162 4565 desertam.
1198 4510 1351 4566 Patet
1374 4527 1505 4587 ergo
1536 4511 1958 4572 Manichaeorum

350 4614 522 4666 error,
553 4600 671 4671 qui,
695 4607 953 4671 putantes
989 4600 1193 4657 malum
1232 4603 1435 4660 realem
1491 4607 1784 4662 essentiam
1815 4623 1958 4677 esse,

349 4705 472 4745 cum
502 4704 622 4745 eam
678 4688 827 4745 bono
856 4689 970 4745 Deo
1010 4706 1120 4747 non
1178 4700 1405 4763 possent
1443 4694 1742 4765 ascribere,
1784 4698 1958 4754 coacti

345 4786 474 4836 sunt
503 4775 713 4853 ﬁngere
743 4780 1036 4850 quemdam
1068 4781 1314 4837 omnium
1364 4784 1626 4840 maiorem
1657 4794 1955 4854 auctorem,

343 4882 407 4930 ut
448 4874 559 4930 duo
598 4873 856 4929 contrarii
908 4876 1303 4932 contrariarum
1354 4893 1562 4946 rerum,
1595 4878 1776 4936 bonus
1805 4882 1958 4937 scili-

344 4970 431 5020 cet
460 4964 752 5035 bonarum,
782 4972 839 5020 et
869 4965 1135 5021 malarum
1175 4966 1351 5023 malus
1379 4975 1632 5024 auctores
1662 4978 1868 5039 essent,
1900 4978 1955 5027 et

344 5060 425 5116 sic
463 5060 642 5131 prima
672 5060 782 5117 duo
811 5061 1085 5133 principia
1119 5077 1302 5118 rerum
1343 5063 1592 5119 omnium
1625 5071 1951 5122 astruerent.

340 5150 485 5214 Quod
529 5166 640 5207 non
665 5154 899 5219 punitur
932 5166 1028 5220 pro
1064 5154 1234 5208 nihilo
1261 5157 1354 5223 qui
1392 5157 1626 5223 punitur
1659 5170 1755 5222 pro
1790 5158 1950 5213 malo.

411 5239 565 5295 Dicet
589 5255 722 5315 ergo
750 5240 976 5297 forsitan
1012 5240 1239 5313 aliquis:
1275 5242 1414 5307 Quid
1446 5243 1626 5317 ergo?
1660 5244 1713 5298 Si
1750 5245 1950 5300 malum

339 5331 479 5386 nihil
507 5340 611 5399 est,
657 5349 755 5405 pro
814 5332 988 5389 nihilo
1038 5333 1317 5405 punimur,
1378 5350 1500 5389 cum
1557 5336 1821 5406 punimur
1849 5353 1950 5409 pro

338 5420 504 5475 malo.
543 5422 892 5495 Stultumque
931 5422 1149 5478 videtur
1205 5424 1359 5499 argui
1412 5439 1513 5495 pro
1558 5424 1849 5496 injustitia,
1902 5425 1949 5480 si

338 5511 565 5581 quidem
595 5512 868 5583 injustitia
898 5514 1046 5571 nulla
1087 5523 1173 5571 est
1193 5517 1472 5573 'essentia.
1507 5517 1614 5572 Sed
1645 5518 1689 5572 si
1722 5535 1845 5590 quae
1876 5519 1946 5574 de

2050 1792 2161 1834 non
2191 1775 2360 1831 debet
2388 1789 2533 1841 esse,
2564 1771 2840 1848 signiﬁcat
2892 1789 3033 1828 esse.
3078 1774 3215 1846 Ergo
3246 1789 3350 1828 nec
3391 1774 3667 1842 injustitia

2048 1863 2323 1939 signiﬁcat
2377 1878 2520 1933 esse,
2565 1862 2698 1935 quia
2744 1868 2956 1917 tantum
3011 1872 3175 1937 negat
3205 1862 3471 1932 justitiam
3514 1877 3664 1926 esse,

2049 1954 2302 2027 quamvis
2333 1968 2443 2009 non
2485 1951 2590 2006 nisi
2620 1950 2717 2007 ubi
2748 1950 2916 2007 debet
2941 1966 3083 2007 esse.
3132 1954 3196 2007 At
3226 1951 3493 2023 injustitia
3527 1952 3667 2025 quid

2051 2056 2221 2119 ponat
2247 2060 2368 2102 esse
2395 2045 2585 2101 dicito.

2336 2142 2385 2189 et
2408 2134 2647 2203 Phyllida
2678 2135 2821 2189 solus
2850 2133 3055 2190 habeto.

2648 2226 2819 2297 (Viae.
2852 2228 3054 2293 Bucol.,
3088 2226 3261 2300 eclog.
3294 2243 3374 2294 ιιι,
3405 2227 3557 2287 108.)

2200 2322 2343 2387 Quod
2365 2323 2428 2377 de
2454 2336 2565 2377 non
2583 2320 2933 2377 existentibus
2962 2320 3221 2375 dicuntur
3244 2324 3499 2375 essentia.

2126 2413 2233 2469 Sed
2265 2412 2406 2469 forte
2433 2412 2556 2484 quis
2581 2411 2738 2467 dicit:
2773 2410 3100 2480 Injustitiam
3122 2418 3271 2466 certe
3299 2410 3669 2481 privationem

2056 2511 2113 2559 et
2142 2501 2481 2575 oppositum,
2504 2509 2559 2556 et
2586 2500 2656 2556 ad
2687 2500 2894 2571 aliquid
2934 2500 3170 2556 dicimus
3198 2514 3317 2555 esse
3337 2540 3352 2566 ,
3400 2499 3668 2570 privatio-

2062 2612 2189 2652 nem
2214 2611 2369 2663 vero,
2399 2601 2455 2651 et
2474 2593 2813 2665 Oppositum,
2840 2593 2928 2649 vel
2959 2593 3027 2647 ad
3067 2591 3279 2664 aliquid
3311 2591 3494 2647 nullus
3518 2609 3671 2647 sana:

2062 2688 2264 2744 mentis
2318 2685 2546 2761 negabit
2596 2700 2738 2752 esse,
2772 2700 2896 2740 cum
2953 2684 3023 2738 ad
3060 2684 3272 2756 aliquid
3309 2685 3671 2759 generalissi-

2062 2792 2235 2845 mum,
2266 2777 2496 2849 privatio
2517 2791 2648 2832 vero
2677 2775 2896 2848 species
2928 2777 3048 2845 ejus
3078 2775 3330 2830 dicantur
3355 2782 3413 2830 et
3439 2777 3673 2847 Opposi-

2062 2875 2198 2922 tum.
2232 2866 2518 2930 Quomodo
2563 2880 2693 2938 ergo
2737 2864 2942 2921 dicitur
2976 2864 3246 2934 injustitia
3274 2880 3385 2920 non
3414 2880 3558 2932 esse,
3602 2866 3673 2920 de

2060 2976 2168 3032 qua
2222 2966 2302 3016 tot
2333 2959 2592 3015 dicuntur
2620 2958 2927 3016 essentiae?
2972 2958 3145 3014 Omne
3185 2958 3331 3013 enim
3363 2958 3570 3025 existit,
3602 2960 3676 3015 de

2062 3068 2172 3124 quo
2218 3051 2419 3107 dicitur
2448 3052 2679 3124 aliquid.
2734 3052 2990 3124 Alioquin
3045 3052 3113 3106 de
3169 3067 3234 3107 eo
3265 3051 3413 3123 quod
3451 3067 3563 3107 non
3590 3060 3679 3108 est

2063 3143 2275 3216 aliquid
2301 3143 2412 3199 dici
2445 3151 2640 3214 potest.
2674 3142 2828 3199 Certe
2865 3159 2976 3199 non
3010 3150 3190 3215 potest
3238 3158 3337 3213 per
3374 3149 3677 3198 consuetu-

2064 3234 2274 3301 dinem,
2315 3240 2496 3305 potest
2526 3248 2624 3304 per
2675 3233 3084 3289 necessitatem.
3146 3232 3333 3304 Neque
3380 3232 3526 3287 enim
3577 3248 3682 3287 ne-

2065 3339 2218 3380 cesse
2250 3324 2417 3380 nobis
2443 3332 2527 3379 est
2560 3324 2710 3395 loqui
2760 3323 2828 3377 de
2868 3323 2953 3376 his
2994 3336 3117 3394 quae
3148 3335 3259 3377 non
3288 3328 3436 3388 sunt,
3470 3321 3681 3393 quibus

2066 3414 2194 3485 quia
2223 3428 2337 3468 suae
2368 3428 2533 3469 voces
2557 3428 2667 3467 non
2696 3418 2846 3477 sunt,
2870 3410 3145 3483 loquimur
3182 3410 3252 3465 de
3285 3410 3420 3481 ipsis
3450 3425 3548 3481 per
3579 3426 3679 3466 vo-

2066 3523 2159 3563 ces
2177 3522 2364 3563 eorum
2406 3522 2526 3577 qum
2549 3512 2697 3560 sunt.
2724 3504 2953 3576 Et,quia
2993 3504 3063 3558 de
3086 3504 3387 3575 ipsisloqui
3414 3518 3524 3559 non
3555 3519 3682 3574 pos-

2066 3615 2258 3654 sumus
2301 3614 2398 3670 per
2429 3614 2549 3665 sua,
2581 3598 2648 3652 de
2699 3597 2836 3667 ipsis
2891 3596 3140 3671 cogimus
3166 3597 3316 3667 loqui
3346 3612 3446 3666 per
3472 3596 3679 3651 aliena.

2067 3690 2203 3744 Ecce
2241 3705 2364 3745 cum
2404 3689 2575 3743 multa
2614 3686 2872 3760 ﬁngimus
2924 3686 3280 3758 cogitatione,
3332 3685 3520 3760 ﬁgurae
3561 3687 3686 3757 qui-

2067 3782 2191 3837 dem
2227 3782 2532 3838 formantur
2577 3779 2631 3833 in
2662 3785 2869 3841 mente.
2920 3777 3018 3833 sed
3069 3794 3158 3833 res
3185 3793 3295 3833 non
3324 3778 3683 3833 inveniuntur

2067 3891 2164 3947 pro
2194 3874 2397 3946 quibus
2436 3872 2774 3937 formantur;
2819 3870 3023 3946 ﬁguras
3050 3870 3277 3941 quidem
3309 3870 3569 3945 cogitatio
3612 3872 3683 3926 de

2065 3966 2433 4024 existentibus
2465 3964 2652 4030 sumit,
2700 3964 2797 4019 sed
2825 3979 2890 4019 ea
2933 3978 3044 4019 non
3075 3962 3318 4017 existunt
3348 3976 3446 4033 pro
3476 3962 3684 4034 quibus

2065 4059 2315 4127 assumit,
2340 4075 2444 4114 nec
2474 4063 2656 4129 potest
2685 4072 2842 4111 mens
2871 4055 3111 4129 cogitare
3133 4055 3284 4127 quod
3298 4069 3408 4110 non
3431 4061 3532 4122 est,
3568 4056 3676 4109 nisi

2066 4152 2270 4208 formas
2291 4160 2471 4208 sumat
2499 4151 2568 4205 de
2600 4165 2665 4205 eo
2693 4149 2841 4221 quod
2874 4154 2975 4214 est,
3008 4153 3070 4202 ut
3108 4162 3209 4218 per
3237 4146 3442 4202 formas
3479 4162 3674 4202 eorum

2065 4258 2189 4314 quae
2216 4247 2363 4307 sunt,
2405 4240 2611 4312 cogitet
2654 4239 2725 4294 de
2766 4237 2849 4292 his
2878 4252 3000 4309 quae
3032 4251 3141 4292 non
3194 4243 3338 4292 sunt.
3370 4236 3505 4291 Dum
3543 4252 3679 4309 ergo

2065 4335 2303 4389 dicimus
2324 4332 2470 4405 quod
2498 4332 2825 4405 cogitamus,
2852 4330 2994 4387 sicut
3023 4346 3180 4386 mens
3218 4330 3413 4402 nequit
3432 4331 3678 4404 cOgitarc

2065 4424 2211 4497 quod
2244 4438 2356 4479 non
2398 4430 2502 4489 est,
2533 4421 2638 4477 nisi
2683 4421 2949 4476 formetur
3000 4420 3066 4475 ad
3098 4419 3518 4475 similitudinem
3555 4422 3681 4491 ejus

2063 4514 2210 4587 quod
2265 4519 2367 4577 est,
2395 4512 2475 4567 sic
2516 4511 2704 4586 lingua
2743 4510 2935 4583 nequit
2958 4509 3108 4582 loqui
3145 4510 3215 4564 de
3258 4509 3340 4564 his
3387 4525 3509 4579 qua}
3558 4526 3674 4565 non

2061 4610 2209 4672 sunt,
2244 4602 2349 4658 nisi
2385 4618 2482 4673 per
2532 4616 2722 4657 eorum
2757 4599 2924 4655 verba
2977 4615 3100 4670 quae
3139 4608 3285 4654 sunt.
3324 4597 3453 4653 Nam
3488 4614 3678 4655 sermo

2061 4695 2309 4767 sequitur
2334 4693 2748 4768 cogitationem,
2780 4701 2839 4747 nt
2890 4706 3002 4746 non
3033 4690 3191 4745 aliter
3236 4690 3448 4762 digerat
3484 4690 3679 4764 lingua

2058 4803 2346 4844 sermones
2388 4803 2550 4859 quam
2606 4785 2866 4860 cogitatio
2925 4785 3096 4839 dictat
3142 4783 3431 4859 imagines.
3489 4782 3681 4838 Pictor

2058 4881 2225 4937 etiam
2252 4880 2449 4951 nequit
2487 4894 2552 4934 ea
2582 4878 2814 4951 pingere
2845 4892 2969 4948 quae
2994 4891 3105 4931 non
3131 4883 3259 4930 sunt
3279 4876 3383 4930 nisi
3412 4890 3512 4945 per
3537 4874 3678 4949 ﬁgu-

2055 4991 2143 5030 ras
2174 4988 2366 5030 eoram
2394 4988 2517 5044 quae
2547 4978 2695 5027 sunt.
2743 4971 2807 5026 Et
2836 4986 2930 5025 eas
2971 4970 3177 5025 formas
3218 4968 3394 5041 pingit
3420 4968 3671 5022 exterius

2058 5083 2157 5140 pro
2196 5068 2284 5122 his
2312 5084 2434 5138 quae
2462 5082 2573 5124 non
2605 5071 2752 5132 sunt,
2784 5080 2923 5135 quas
2952 5062 3214 5137 c0gitatio
3241 5062 3409 5118 dictat
3438 5062 3674 5117 interius

2056 5178 2122 5217 ex
2149 5161 2234 5216 his
2279 5174 2399 5231 qum
2431 5164 2576 5214 sunt.
2624 5158 2683 5212 Et
2721 5156 2984 5228 frequens
3025 5163 3108 5211 est
3138 5155 3228 5209 hic
3268 5170 3399 5210 usus
3437 5154 3588 5225 loqui
3615 5164 3671 5210 et

2056 5249 2287 5323 pingere
2319 5246 2464 5320 quod
2496 5261 2608 5301 non
2637 5252 2741 5313 est,
2769 5244 2990 5300 dicente
3029 5242 3269 5315 quodam
3311 5243 3585 5313 sapiente:

2736 5336 3033 5394 Pictoribus
3060 5341 3220 5403 atque
3230 5335 3397 5404 poetis

2048 5428 2309 5493 Quidlibet
2338 5426 2572 5483 audendi
2598 5442 2803 5497 semper
2820 5427 2931 5493 fuit
2956 5440 3111 5493 (aqua
3134 5430 3387 5493 potestas.

2758 5515 2993 5585 (ΗοιιΑτε
3035 5519 3133 5570 Ars
3156 5520 3320 5584 poet.,
3353 5511 3407 5581 9,
3443 5512 3549 5582 10.)

337 5602 742 5673 privationibus
767 5608 910 5664 dicta
940 5615 1089 5676 sunt,
1121 5609 1264 5666 bene
1294 5611 1734 5678 considerantur,
1763 5612 1945 5667 nullus
2045 5610 2385 5680 Quandoque
2411 5610 2663 5665 volumus
2688 5607 3083 5664 insomniorum
3117 5606 3496 5677 phantasmata
3523 5622 3657 5660 nar-
