3892 6048
203 246 219 297 t
232 244 336 297 O77

1257 241 1342 296 DE
1382 239 1672 296 PECCATO
1710 239 2070 297 ORIGINALI.
2111 272 2176 284 —
2217 239 2342 294 LIB.
2387 240 2450 294 ll.

3385 241 3521 298 1078

194 385 314 425 rare
349 375 404 425 et
433 369 620 424 dicere
643 369 824 424 somni
857 367 1116 423 fallacias.
1151 369 1212 423 Et
1259 369 1540 440 quomodo
1591 367 1801 423 narrari
1827 371 1885 441 Α
1909 379 2190 442 peccatum
2220 378 2403 425 tamen
2433 369 2583 441 quod
2615 369 2814 434 fecisti,
2844 385 2954 425 non
2987 369 3091 424 nisi
3123 375 3275 424 tuum
3309 377 3393 424 est
3424 369 3522 441 qui

196 465 376 527 potest
403 457 615 512 vanitas
645 472 859 524 eorum,
891 455 996 511 nisi
1030 472 1126 526 per
1153 457 1319 512 verba
1336 473 1517 511 rerum
1535 456 1562 510 Ὺ
1585 472 1695 512 non
1721 466 1806 514 est

191 563 322 621 ergo
354 549 573 614 mirum,
591 563 715 603 cum
741 547 1017 619 loquimur
1045 547 1116 602 de
1137 547 1563 618 privationibus,
1597 563 1696 619 pro
1723 548 1806 604 eis

194 656 481 695 assumere
507 640 673 696 verba
695 639 766 694 de
803 639 986 706 rebus,
1013 649 1071 695 et
1098 655 1196 710 per
1225 654 1392 696 voces
1431 655 1611 694 rerum
1647 640 1806 697 ratio-

195 748 318 787 nem
347 733 476 788 dare
509 732 896 802 privationem.

499 827 642 890 Quod
665 828 886 896 quisque
921 829 1010 900 sui
1033 827 1170 880 mali
1206 833 1397 882 auctor
1423 833 1519 882 est.

265 915 569 986 Antequam
601 913 891 970 redeamus
937 913 1004 968 ad
1045 913 1408 985 propositum,
1459 914 1642 970 adhuc
1705 929 1806 970 oc-

196 1004 362 1060 currit
389 1005 540 1076 quod
577 1005 910 1061 conturbare
942 1012 1123 1076 potest
1166 1004 1452 1072 lectorem,
1495 1005 1598 1060 nisi
1647 1005 1806 1061 solu-

193 1106 306 1152 tum
335 1096 526 1165 fuerit;
561 1113 710 1163 nam,
735 1097 865 1170 quia
885 1096 1092 1153 dictum
1125 1103 1209 1152 est
1239 1106 1428 1152 contra
1453 1097 1805 1163 Manichaeos,

193 1192 402 1247 nullum
443 1198 721 1249 auctorem
761 1207 884 1248 esse
925 1191 1192 1247 malorum
1237 1191 1510 1259 omnium,
1541 1191 1682 1248 forte
1713 1191 1810 1246 du-

189 1283 385 1338 bitabit
413 1283 635 1356 aliquis,
681 1292 736 1339 et
777 1283 958 1339 dicet:
1015 1283 1168 1338 Unde
1216 1284 1360 1339 mala
1407 1283 1452 1338 si
1496 1281 1679 1338 nullus
1727 1289 1810 1338 est

191 1383 380 1430 auctor
442 1376 688 1430 omnium
773 1375 1084 1431 malorum?
1134 1374 1241 1430 Sed
1315 1375 1518 1430 veritas
1566 1373 1811 1430 ostendit

191 1480 642 1536 unumquemque
683 1471 962 1520 auctorem
1013 1479 1136 1519 esse
1174 1463 1259 1518 sui
1317 1463 1468 1530 mali,
1510 1479 1634 1518 nam
1676 1461 1807 1517 licet

191 1556 444 1628 exemplo
495 1557 578 1612 vel
637 1557 880 1622 hortatu,
931 1556 1015 1610 vel
1069 1556 1433 1627 oppressione
1469 1553 1806 1626 peccaveris,

1907 458 2117 524 fecisti;
2163 457 2465 514 necessitas
2503 457 2650 512 enim
2676 459 2826 512 nulla
2860 465 2914 513 te
2955 473 3152 532 cogere
3184 457 3378 528 potuit,
3411 457 3518 512 nisi

1906 551 2160 608 voluisti.
2182 550 2332 608 Tolle
2351 550 2712 615 voluntatem,
2736 549 2941 604 nullam
2963 549 3180 605 videbis
3208 551 3391 604 valere
3420 565 3523 605 ne-

1908 646 2242 702 cessitatem.
2273 643 2628 716 Opprimeris,
2661 642 2990 698 trucidaris?
3012 643 3246 698 nihilum
3275 651 3380 710 est,
3414 643 3520 698 nisi

1907 735 2064 791 velis.
2101 735 2298 791 Peccas
2342 733 2527 806 itaque
2568 732 2717 788 nulla
2756 731 3085 788 necessitate
3125 731 3222 786 sed
3267 731 3384 787 sola
3413 745 3518 788 vo-

1911 825 2138 880 luntate.
2180 824 2243 880 Et
2272 824 2398 880 ideo
2450 825 2567 880 sola
2601 825 2854 880 voluntas
2884 829 2980 878 aut
3005 822 3230 894 punitur
3261 830 3356 878 aut
3392 839 3518 878 mu-

1911 922 2150 972 neratur.
2185 915 2432 983 Punitur,
2465 915 2510 970 si
2538 915 2745 988 pateris
2773 914 2921 987 quod
2953 929 3065 970 non
3093 913 3204 979 vis;
3249 929 3518 970 munera-

1906 1013 2014 1072 tur,
2047 1005 2093 1059 si
2126 1003 2277 1076 quod
2305 1004 2450 1060 bene
2478 1003 2702 1060 volebas
2730 1002 3077 1074 adipisceris.
3125 1002 3192 1057 Es
3220 1002 3390 1074 igitur
3429 1019 3518 1057 au-

1907 1101 2026 1149 ctor
2057 1093 2175 1164 ipse
2196 1093 2272 1148 tui
2311 1093 2470 1157 mali;
2511 1092 2604 1164 qui
2639 1099 2745 1147 tum
2775 1090 3074 1147 voluntatis
3124 1090 3350 1146 arbitrio
3389 1107 3518 1161 pec-

1908 1186 2066 1253 casti,
2098 1202 2202 1241 nec
2239 1184 2478 1241 ascribas
2535 1184 2650 1250 alii,
2697 1184 2844 1256 quod
2900 1192 2956 1240 tu
2997 1183 3115 1254 ipse
3154 1182 3354 1248 fecisti,
3415 1198 3520 1238 nec

1909 1274 2075 1329 alium
2108 1289 2324 1344 quaeras
2355 1279 2656 1336 auctorem,
2679 1272 2772 1343 qui
2801 1278 2853 1326 te
2885 1271 2962 1326 tui
2997 1271 3117 1342 ipse
3150 1269 3327 1324 fecisti
3356 1285 3518 1324 exse-

1908 1371 2178 1420 cutorem.
2213 1362 2342 1429 Sed,
2366 1362 2562 1417 horum
2597 1361 2706 1416 tine
2746 1361 2910 1427 tacto,
2954 1358 3234 1430 paululum
3265 1359 3516 1428 quiesca-

1907 1469 2052 1520 mus,
2083 1459 2144 1509 nt
2167 1451 2468 1507 refectione
2500 1448 2702 1520 quietis
2733 1449 2800 1503 ab
2831 1449 2940 1503 alio
2975 1446 3200 1503 exordio
3231 1445 3513 1501 robustius

1909 1549 1978 1603 ad
2007 1546 2295 1620 sequentia
2323 1560 2737 1618 consurgamus.

1427 1661 1737 1758 Explicat
1781 1659 1950 1732 liber
1976 1658 2275 1753 primus.

1304 1955 1648 2043 LIBER
1733 1951 2364 2044 SECUNDUS.

523 2141 728 2208 Duplex
755 2142 896 2195 ratio
921 2143 1126 2208 peccati
1154 2143 1455 2210 originatis.

259 2245 605 2316 Pr0p0situm
653 2253 898 2300 nostrum
931 2252 1048 2300 erat
1073 2245 1143 2300 de
1173 2245 1429 2317 originali
1454 2251 1681 2317 peccato
1712 2245 1798 2300 di-

187 2353 336 2403 cere,
377 2335 505 2408 quia
535 2334 802 2406 quaeritur
836 2335 1116 2406 quomodo
1171 2345 1457 2406 peccatum
1498 2335 1800 2391 habeamus

187 2427 257 2480 ab
283 2426 496 2498 origine
529 2433 740 2493 nostra,
773 2441 896 2498 quae
925 2434 1011 2481 est
1034 2426 1204 2481 Adam
1227 2435 1283 2482 et
1311 2426 1435 2481 Eva.
1476 2426 1600 2481 Haec
1617 2433 1798 2482 autem

187 2515 417 2588 quaestio
457 2516 527 2571 de
573 2531 640 2570 eo
675 2516 846 2586 venit,
877 2515 1027 2587 quod
1077 2517 1132 2570 in
1172 2515 1431 2588 Apostolo
1462 2515 1692 2589 legitur:
1733 2520 1798 2570 In

182 2625 286 2678 quo
313 2623 494 2665 manes
509 2614 869 2678 peccaverunt
893 2609 1056 2678 (Rom.
1081 2612 1154 2675 v).

253 2696 522 2763 Quaeritur
538 2711 671 2772 ergo
689 2696 970 2767 quomodo
1001 2695 1354 2766 peccavimus
1384 2695 1439 2750 in
1461 2695 1680 2750 Adam?
1711 2711 1798 2751 ve-

180 2801 302 2840 rum
325 2783 584 2856 equidem
617 2793 700 2840 est
725 2784 872 2856 quod
903 2784 960 2839 in
991 2785 1160 2839 Adam
1189 2784 1392 2839 fuimus
1416 2798 1610 2840 omnes
1641 2792 1697 2840 et
1725 2783 1794 2839 ab

180 2893 248 2934 eo
260 2893 476 2942 sumus,
494 2878 590 2932 sed
611 2877 914 2933 secundum
939 2893 1182 2942 carnem,
1217 2877 1532 2932 Secundum
1556 2877 1793 2933 animam

181 2981 336 3033 vero,
377 2967 593 3021 Patrum
625 2966 1056 3024 orthodoxorum
1102 2966 1255 3021 aliud
1288 2965 1422 3022 dicit
1463 2967 1789 3035 auctoritas;

183 3071 294 3111 non
325 3055 475 3110 enim
505 3055 624 3112 vult
651 3055 983 3111 animamsic
1011 3056 1080 3110 ab
1103 3055 1286 3111 anima
1310 3055 1572 3111 seminari
1604 3072 1792 3128 quem-

1825 2139 1877 2209 B
1970 2137 2078 2195 Sed
2119 2137 2187 2193 ad
2223 2139 2325 2194 hoc
2355 2137 2724 2208 respondetur
2753 2136 3048 2192 lectionem
3083 2137 3226 2194 illam
3253 2152 3509 2208 corpora-

1900 2235 2033 2290 lium
2066 2233 2446 2290 tantummodo
2477 2248 2658 2288 rerum
2687 2232 3059 2288 conditionem
3093 2248 3338 2299 narrare,
3371 2249 3505 2304 qua-

1899 2339 2016 2379 rum
2049 2323 2260 2378 nullam
2287 2321 2489 2378 dicitur
2527 2323 2671 2377 Deus
2700 2329 2823 2392 post
2861 2321 3090 2392 primam
3129 2320 3503 2376 conditionem

1899 2411 2074 2466 nihilo
2125 2411 2344 2476 fecisse,
2384 2427 2508 2466 nam
2564 2426 2908 2483 quaecunque
2971 2410 3277 2482 corporalia
3319 2411 3508 2481 quoti-

1899 2505 1990 2559 die
2027 2511 2302 2570 crcantnr,
2357 2503 2428 2559 de
2453 2503 2766 2560 seminariis
2796 2504 2987 2574 prima:
3034 2503 3368 2559 conditionis
3395 2504 3508 2559 ori-

1897 2601 2087 2657 untur,
2147 2609 2252 2648 nec
2292 2592 2501 2664 aliquid
2560 2609 2790 2664 usquam
2857 2593 3164 2664 corporale,
3233 2593 3383 2664 quod
3436 2594 3506 2650 de

1900 2681 2076 2752 prima
2107 2696 2215 2737 non
2235 2668 2541 2738 descendat
2571 2682 2803 2755 origine.

1969 2773 2183 2839 Quievit
2218 2789 2351 2848 ergo
2398 2776 2542 2830 Deus
2587 2791 2618 2830 a
2663 2776 2839 2846 prima
2875 2777 3242 2847 corporalium
3301 2778 3502 2833 condi-

1897 2869 2066 2929 tione,
2101 2867 2196 2939 qui
2217 2874 2408 2940 postea
2433 2883 2545 2924 non
2579 2868 2859 2924 invenitur
2905 2867 3075 2924 ullum
3108 2870 3392 2940 corpOrale
3437 2871 3507 2924 de

1895 2957 2304 3026 nihilofecisse,
2336 2974 2461 3014 nam
2490 2959 2561 3014 de
2589 2959 3032 3030 incorporalibus
3065 2960 3347 3017 invenitur
3370 2963 3506 3018 scri-

1893 3057 2076 3121 ptum:
2118 3052 2280 3105 Pater
2305 3065 2456 3105 meus
2494 3065 2659 3118 usque
2684 3050 2837 3105 modo
2872 3056 3146 3119 operatur,
3178 3058 3228 3106 et
3271 3066 3363 3121 ego
3385 3067 3509 3122 ope-

181 3147 478 3203 admodum
509 3163 636 3204 caro
690 3147 996 3205 seminatur
1049 3164 1078 3202 a
1109 3163 1300 3216 carne,
1355 3164 1458 3204 nec
1485 3148 1555 3204 ab
1609 3149 1794 3204 anima
1890 3157 1982 3198 ror
2010 3142 2183 3209 (Joan.
2215 3143 2288 3209 v).
2331 3139 2528 3196 Dicunt
2563 3154 2695 3213 ergo
2725 3139 3015 3196 orthodoxi
3058 3141 3350 3197 humanam
3381 3144 3505 3198 ani-

178 3239 425 3310 separari
450 3244 685 3310 partem,
726 3245 786 3294 ut
823 3238 954 3294 inde
994 3237 1087 3293 fiat
1109 3238 1339 3294 alterius
1366 3238 1604 3294 hominis
1629 3237 1795 3310 spiri-
1895 3247 2038 3286 mam
2072 3229 2142 3285 ab
2174 3230 2358 3285 anima
2387 3229 2540 3285 nullo
2582 3229 2748 3284 modo
2778 3230 3142 3298 descendere,
3174 3232 3269 3287 sed
3327 3233 3381 3288 in
3415 3251 3506 3290 re-

178 3336 284 3384 tus.
317 3326 460 3382 sicut
490 3342 617 3398 pars
654 3342 686 3381 a
724 3342 890 3382 carne
944 3333 1250 3398 separatur,
1312 3335 1371 3381 ut
1423 3325 1518 3382 fiat
1558 3327 1793 3382 alterius
1894 3320 2148 3377 rentibus
2176 3336 2346 3376 novas
2374 3321 2533 3375 aDeo
2555 3319 2885 3391 corporibus
2903 3320 3023 3376 fieri
3045 3323 3314 3393 quotidie.
3352 3325 3503 3382 Unde

179 3418 423 3474 hominis
473 3433 692 3490 corpus.
723 3419 860 3474 Sunt
891 3427 1076 3474 tamen
1116 3417 1274 3473 multi
1314 3417 1408 3490 qui
1448 3417 1638 3474 volunt
1669 3419 1792 3472 ani-
1838 3488 1858 3490 _
1892 3410 2157 3480 scriptum
2189 3415 2308 3463 est:
2345 3414 2408 3464 Et
2449 3415 2756 3464 revertatur
2789 3410 2964 3478 pulvis
3017 3415 3078 3466 in
3108 3419 3312 3468 terram
3345 3431 3507 3470 suam

177 3527 320 3566 mam
352 3527 418 3566 ex
449 3488 672 3567 traduce
721 3510 842 3566 ﬁeri
866 3511 1010 3567 sicut
1045 3526 1267 3581 corpus,
1308 3488 1362 3565 et
1390 3526 1513 3564 cum
1545 3510 1793 3581 corporis
1820 3488 1870 3557 (ἶ
1892 3499 2035 3553 unde
2057 3505 2193 3564 erat,
2232 3505 2284 3553 ει
2308 3500 2531 3568 spiritus
2559 3499 2739 3553 νεάϐαι
2768 3501 2840 3553 (ια
2864 3505 3031 3556 Deum
3059 3505 3153 3570 qui
3179 3503 3321 3558 dedit
3351 3505 3500 3559 illum

174 3603 388 3658 semine
416 3602 526 3658 vim
568 3602 736 3658 etiam
769 3603 966 3657 animae
1006 3602 1330 3674 procedere.
1364 3602 1602 3666 Quorum
1633 3601 1793 3656 ratio-

1911 3591 2082 3646 ‘Ecete.
2124 3589 2242 3659 xu).
2276 3589 2756 3644 Animadvertatur
2785 3607 2948 3662 quam
3003 3593 3260 3650 distincte
3308 3595 3506 3651 dicitur

176 3711 295 3763 nes,
328 3695 457 3768 quia
491 3710 601 3751 non
633 3703 762 3750 sunt
799 3695 1026 3752 omnino
1081 3693 1437 3766 spernendae,
1469 3692 1706 3760 videtur,
1735 3699 1793 3748 ut

1911 3678 1963 3733 le
1989 3686 2132 3733 terra
2163 3677 2442 3749 pulverem
2465 3693 2609 3742 esse,
2633 3679 2805 3734 Deum
2832 3696 2962 3737 vero
2982 3682 3232 3753 spiritum
3260 3685 3502 3744 dedisse.

175 3787 322 3842 sicut
351 3787 641 3858 utriusque
673 3786 1086 3858 proposuimus,
1119 3792 1380 3856 utrasque
1422 3784 1589 3840 etiam
1621 3799 1788 3840 exse-
1894 3771 1955 3826 Εί
2001 3773 2226 3827 iterum:
2274 3773 2454 3826 Ραενεδ
2493 3771 2707 3840 quidem
2757 3777 2940 3828 οανηέδ
2975 3781 3170 3830 nostri?
3216 3778 3505 3836 habuimus

177 3894 432 3950 quamur,
473 3885 527 3934 et
559 3877 794 3950 primum
855 3877 1285 3934 orthodoxorum
1330 3876 1579 3932 semitam
1611 3891 1794 3948 prose-

1911 3861 2204 3927 :ruditores,
2236 3866 2288 3915 et
2307 3860 2686 3916 reverebantur
2705 3875 2786 3917 eos
2811 3879 2824 3928 ;
2857 3879 2993 3918 num
3020 3865 3192 3921 multo
3217 3869 3389 3936 magis
3413 3867 3503 3924 ob-

178 3989 428 4044 quamur,
1893 3953 2789 4044 temperabintuspatri-spirituum,
2815 3961 2869 4044 et
2879 3957 3116 4011 vivemus
3128 3958 3155 4010 ?
3181 3958 3355 4022 (Hebr.
3382 3958 3504 4029 xu.)

1963 4042 2099 4098 Ecce
2127 4049 2182 4098 et
2233 4043 2321 4096 hic
2351 4041 2610 4099 distincte
2657 4043 2969 4099 ostenditur
3007 4059 3108 4101 nos
3136 4054 3193 4102 et
3251 4047 3506 4105 homines

1893 4135 2098 4192 habere
2154 4145 2338 4208 patres
2394 4135 2574 4191 carnis
2612 4144 2835 4204 nostrae,
2877 4143 2933 4192 et
2989 4138 3158 4194 Deum
3191 4146 3500 4197 nostrorum

1895 4236 2104 4300 patrem
2145 4230 2458 4301 spirituum,
2504 4239 2564 4286 ut
2590 4245 2718 4286 caro
2761 4230 2877 4285 sola
2904 4230 3089 4285 veniat
3141 4232 3209 4285 ab
3254 4233 3500 4302 homine,

253 4318 454 4374 Horum
485 4323 668 4373 autem
701 4319 770 4372 de
799 4318 1035 4372 humana
1065 4317 1249 4372 anima
1280 4318 1403 4373 talis
1434 4325 1516 4373 est
1543 4318 1793 4374 doctrina
1893 4318 2119 4388 spiritus
2146 4333 2277 4374 vero
2309 4334 2483 4376 novus
2512 4335 2542 4373 a
2593 4319 2703 4373 Deo
2732 4317 2891 4373 detur
2921 4317 2976 4372 in
3010 4333 3149 4374 nova
3175 4336 3356 4375 carne.
3401 4321 3502 4377 Se-

180 4410 324 4481 quod
354 4409 423 4466 de
453 4411 635 4465 anima
673 4409 917 4481 parentis
948 4408 1086 4463 nihil
1115 4416 1400 4480 separatur
1431 4425 1554 4465 cum
1579 4411 1790 4467 semine
1893 4409 2134 4466 cundum
2163 4411 2266 4468 hos
2293 4419 2377 4468 est
2411 4411 2568 4467 valde
2598 4409 2842 4466 difficilis
2880 4411 3132 4482 quaestio,
3174 4427 3296 4466 nam
3325 4413 3368 4467 si
3401 4429 3498 4472 so-

182 4505 374 4576 prolis,
407 4521 512 4561 nec
540 4521 782 4578 unquam
812 4503 881 4558 ab
912 4503 1094 4558 anima
1118 4504 1364 4574 parentis
1396 4504 1698 4578 quidquam
1723 4505 1792 4562 ad
1895 4505 2006 4559 lum
2035 4519 2237 4577 corpus
2265 4505 2334 4560 ab
2382 4505 2550 4560 Adam
2583 4503 2781 4569 habeo,
2841 4503 3082 4559 animam
3113 4521 3242 4560 vero
3281 4522 3392 4561 non
3429 4508 3498 4563 ab

181 4599 419 4655 animam
450 4599 619 4671 prolis
648 4599 884 4665 ducitur,
938 4613 1040 4653 nec
1059 4597 1267 4670 aliquid
1309 4599 1460 4653 ducit
1489 4600 1671 4656 anima
1698 4616 1790 4657 se-
1893 4594 2084 4662 Adam,
2125 4596 2225 4650 sed
2255 4611 2287 4650 a
2315 4595 2434 4651 8010
2460 4596 2592 4662 DeO,
2624 4610 2747 4650 cum
2778 4602 3063 4665 peccatum
3092 4595 3145 4649 in
3173 4596 3355 4652 anima
3379 4603 3498 4652 tan-

181 4708 358 4764 qnens
408 4709 439 4747 a
488 4691 680 4763 priori,
708 4691 808 4746 sed
837 4691 1304 4762 quemadmodum
1338 4691 1547 4746 homini
1608 4691 1786 4761 primo
1890 4693 2004 4743 tum
2045 4687 2139 4754 sit,
2167 4696 2222 4743 et
2259 4704 2368 4745 non
2410 4689 2464 4742 in
2483 4702 2733 4759 corpore,
2772 4687 3052 4758 quomodo
3070 4687 3224 4744 dicor
3245 4690 3298 4744 in
3331 4691 3498 4745 Adam

182 4784 324 4837 Deus
355 4781 642 4853 inspiravit
669 4797 888 4847 novam,
921 4781 1000 4836 sic
1053 4796 1274 4852 semper
1331 4781 1658 4850 corporibus
1702 4797 1788 4835 re-
1815 4780 2190 4853 “peccasse?
2243 4779 2491 4835 Peccavit
2536 4779 2730 4844 Adam,
2771 4788 2826 4834 et
2884 4785 3165 4850 peccatum
3227 4781 3279 4836 in
3318 4784 3501 4837 anima

180 4884 370 4933 centes
408 4877 639 4948 inspirat
698 4875 1033 4932 recentibus.
1085 4877 1374 4941 Recentes,
1430 4876 1676 4948 inquam,
1735 4883 1790 4932 et
1815 4833 2006 4926 Dsola
2034 4869 2157 4935 fuit,
2199 4875 2254 4923 et
2283 4883 2394 4924 non
2425 4869 2478 4923 in
2510 4884 2778 4939 corpore;
2828 4870 3067 4925 animam
3107 4878 3292 4931 autem
3322 4890 3498 4928 meam

179 4985 368 5034 novas,
392 4969 478 5023 vel
509 4967 577 5022 de
601 4967 883 5040 aliquibus
913 4968 1144 5024 secretis
1181 4975 1236 5023 et
1257 4968 1492 5024 occultis
1521 4968 1787 5024 exstanti-

1911 4977 1942 5014 n
1975 4974 2085 5030 qua
2116 4964 2400 5029 peccatum
2446 4965 2528 5014 est
2566 4959 2634 5012 ab
2669 4959 2790 5030 ipso
2830 4975 2939 5015 non
2981 4960 3180 5027 habeo,
3221 4964 3502 5034 quomodo

181 5061 280 5114 bus
309 5059 525 5116 noviter
553 5058 743 5126 factas,
774 5060 858 5114 vel
889 5059 1032 5115 sicut
1058 5059 1112 5114 in
1159 5059 1433 5132 principio
1479 5066 1590 5116 tota
1634 5075 1784 5115 crea-

1911 5045 2044 5102 licor
2065 5060 2324 5116 peccasse
2347 5046 2400 5100 in
2442 5045 2608 5117 ipso?
2647 5047 2877 5110 Quando
2906 5049 3152 5119 peccavit
3207 5050 3260 5102 in
3305 5065 3505 5120 corpus

179 5157 296 5203 tura
342 5149 412 5204 de
452 5147 626 5203 nihilo
668 5147 883 5204 noviter
911 5153 1142 5203 creatas.
1176 5147 1386 5212 Quibus
1417 5148 1577 5205 lectio
1610 5148 1787 5204 Gene-
1889 5157 2072 5197 meum
2104 5150 2235 5196 tunc
2264 5141 2320 5196 in
2347 5141 2467 5213 ipso
2507 5149 2642 5198 erat.
2674 5149 2816 5199 recte
2857 5143 3075 5199 dicerer
3122 5143 3175 5197 in
3233 5144 3350 5214 ipso
3383 5160 3506 5214 pec-

180 5252 306 5292 seos
334 5235 655 5307 Opponitur,
677 5235 732 5290 in
765 5252 874 5308 qua
895 5235 1039 5291 Deus
1059 5235 1128 5291 ab
1159 5235 1419 5292 universo
1445 5252 1616 5308 Opere
1638 5236 1787 5309 quod
1889 5249 2064 5302 casse,
2095 5234 2139 5288 si
2193 5240 2476 5305 peccatum
2515 5241 2662 5290 esset
2723 5234 2778 5289 in
2809 5249 3064 5306 corpore,
3116 5250 3266 5289 nunc
3317 5243 3498 5290 autem

182 5333 420 5398 patrarat
449 5327 730 5398 quievisse
760 5327 964 5383 dicitur
988 5327 1151 5399 (Gen.
1202 5339 1282 5389 ιιι.
1327 5327 1482 5400 quasi
1515 5343 1626 5384 non
1656 5343 1788 5384 con-
1889 5338 2015 5378 cum
2055 5321 2111 5377 in
2151 5322 2335 5378 anima
2376 5324 2492 5377 sola
2543 5332 2830 5394 peccatum
2889 5323 2982 5390 sit,
3022 5324 3302 5395 quomodo
3349 5324 3506 5380 dicor

180 5417 364 5472 veniat
392 5416 564 5488 quieti
603 5432 703 5488 pro
743 5416 941 5473 creatis
991 5416 1314 5488 quotidiana
1365 5417 1612 5490 fatigatio
1662 5433 1791 5490 pro-
1891 5429 2172 5486 peccasse,
2206 5414 2428 5486 quando
2455 5415 2720 5487 peccavit,
2748 5415 2793 5470 si
2827 5415 2881 5469 in
2915 5415 3039 5486 ipso
3069 5415 3293 5486 penitus
3321 5417 3506 5472 anima

251 4111 358 4162 Cur
393 4113 526 4163 Deus
559 4109 760 4163 dicitur
783 4111 1040 4177 quievisse
1075 4107 1144 4162 ab
1180 4108 1465 4176 operando,
1496 4110 1544 4161 si
1571 4122 1721 4162 nunc

643 4189 858 4240 animas
887 4193 1034 4241 creat
1053 4201 1122 4241 ex
1141 4187 1327 4242 nihilo.

183 5504 446 5573 creantis,
489 5521 594 5560 nec
615 5522 744 5560 vere
783 5505 988 5560 dicitur
1012 5505 1302 5576 quiescere
1333 5523 1431 5578 pro
1471 5507 1637 5562 rebus
1656 5522 1794 5580 quas

183 5602 442 5665 patrarat,
478 5595 525 5648 si
563 5594 747 5651 adhuc
763 5609 861 5665 pro
891 5592 1014 5649 aliis
1040 5593 1206 5649 rebus
1227 5595 1296 5650 de
1328 5593 1500 5649 nihilo
1529 5593 1794 5648 faciendis

182 5687 428 5757 quotidie
453 5686 684 5742 laborat.

1899 5521 2018 5558 mea
2057 5519 2167 5558 non
2199 5502 2320 5558 fuit.

2100 5601 2166 5651 De
2192 5597 2492 5665 generibus,
2525 5604 2573 5652 et
2599 5600 2884 5668 speciebus,
2916 5606 2967 5653 et
2998 5600 3304 5654 individuis.

1965 5685 2162 5741 Corma
2232 5685 2372 5740 hanc
2421 5688 2782 5758 quaestionem
2821 5687 3000 5742 taliter
3055 5688 3348 5745 Orthodoxi
3417 5707 3507 5745 re-
