3892 6048
381 136 515 193 1079

380 357 685 421 individua,
747 369 911 425 quam
969 353 1188 423 species
1231 353 1299 406 ad
1354 368 1559 427 genera
1603 368 1728 406 nam
1781 351 1996 421 species

380 446 503 517 plus
522 443 730 498 habent
755 440 1190 496 substantialiter
1218 456 1382 512 quam
1411 455 1638 515 genera,
1671 455 1774 494 nec
1793 437 1996 494 sufficit

378 537 446 591 ad
476 534 685 605 speciei
716 532 1080 588 substantiam
1119 548 1319 606 genus,
1375 532 1505 603 quia
1561 530 1996 586 substantialiter

379 627 551 683 habet
587 625 807 697 species
833 623 1199 679 differentiam
1227 630 1429 695 printer
1448 640 1647 696 genus,
1680 632 1735 678 et
1766 623 1889 694 plus
1915 629 1997 678 est

379 717 597 789 species
612 714 1051 771 substantialiter
1075 729 1237 784 quam
1264 729 1460 785 genus.
1497 713 1625 768 Plus
1652 713 1799 768 enim
1830 713 1994 767 homo

379 823 544 880 quam
575 805 800 870 animal,
839 803 968 875 quia
1008 802 1293 858 rationalis
1323 809 1405 857 est
1459 803 1644 869 homo,
1679 810 1734 857 et
1768 818 1879 858 non
1911 809 1996 857 est

382 895 648 951 rationale
686 892 918 959 animal;
960 891 1247 947 individua
1297 906 1429 947 vero
1461 890 1599 945 nihil
1631 892 1835 947 habent
1862 891 1993 945 sub-

382 982 710 1040 stantialiter
740 981 864 1053 plus
890 997 1054 1052 quam
1085 980 1323 1051 species,
1372 995 1474 1035 nec
1503 979 1654 1034 aliud
1703 987 1831 1034 sunt
1871 979 1996 1034 sub-

382 1072 729 1138 stantialiter,
769 1070 920 1125 aliud
952 1070 1143 1124 Petrus
1199 1085 1362 1140 quam
1392 1069 1575 1123 homo.
1611 1068 1763 1132 Quod
1812 1077 1994 1123 autem

382 1162 485 1218 sub
523 1177 636 1216 una
674 1158 860 1229 specie
894 1159 1051 1229 plura
1089 1165 1219 1213 sunt
1249 1155 1557 1224 individua,
1599 1171 1711 1211 non
1741 1156 1869 1211 facit
1895 1157 1999 1211 hoc

381 1254 607 1327 aliquod
628 1252 1009 1320 substantiale,
1041 1251 1141 1306 sed
1170 1251 1498 1306 accidentia.
1532 1250 1662 1306 ldeo
1701 1250 1880 1305 solum
1911 1250 1996 1305 in-

384 1346 671 1404 dividuum
717 1352 900 1417 potest
945 1360 1068 1399 csse
1117 1343 1220 1397 sub
1263 1342 1470 1413 specie,
1499 1358 1622 1397 cum
1642 1342 1758 1397 sola
1778 1343 1996 1413 species

385 1444 623 1508 nequeat
650 1450 772 1490 esse
803 1433 907 1488 sub
938 1448 1163 1507 genere,
1187 1440 1265 1497 ut,
1286 1431 1588 1503 peremptis
1615 1432 1872 1487 omnibus
1895 1433 1993 1487 ho-

386 1529 627 1583 minibus
652 1525 957 1582 individuis
975 1530 1175 1594 praeter
1204 1524 1445 1590 Petrum,
1472 1523 1635 1577 homo
1658 1522 1876 1593 species
1901 1540 1990 1578 so-

385 1620 495 1674 lum
522 1618 688 1673 habet
745 1616 1089 1670 individuum
1118 1616 1354 1670 Petrum.
1400 1615 1501 1678 Qui
1559 1615 1879 1671 individuus
1910 1623 1993 1671 est

387 1716 612 1781 propter
644 1708 1039 1783 _collectionem
1070 1706 1463 1774 accidentium,
1495 1706 1638 1762 sicut
1669 1708 1832 1762 homo
1865 1723 1994 1778 spe-

385 1802 522 1868 cies,
551 1800 679 1872 quia
731 1805 915 1869 potest
965 1812 1084 1852 esse
1116 1797 1415 1852 multorum
1446 1798 1755 1853 communis
1784 1797 1992 1854 indivi-

385 1891 644 1957 duorum,
666 1904 791 1942 nam
819 1886 1045 1957 phoenix
1068 1886 1202 1950 avis,
1233 1886 1484 1957 quamvis
1506 1886 1855 1942 individuum
1885 1903 1995 1942 non

388 1984 587 2038 habeat
617 1980 721 2035 nisi
748 1995 939 2047 unum,
973 1977 1189 2050 species
1227 1986 1330 2045 est,
1387 1978 1518 2050 quia
1546 1980 1855 2034 communis
1896 1996 1995 2051 po-

386 2085 492 2134 test
519 2092 644 2133 esse
704 2075 1026 2141 multorum,
1077 2074 1228 2128 aliud
1269 2075 1416 2128 enim
1441 2083 1526 2129 est
1558 2074 1806 2144 phoenix,
1847 2074 1997 2130 aliud

386 2176 505 2228 haec
534 2170 780 2243 phoenix.
827 2167 1053 2223 Phoenix
1092 2176 1176 2222 est
1202 2167 1463 2239 specialis
1494 2174 1709 2235 natura,
1744 2184 1869 2239 qua:
1907 2184 2002 2240 po-

387 2272 494 2323 test
525 2280 646 2320 esse
676 2262 1022 2319 communis:
1059 2261 1175 2316 haec
1205 2260 1429 2331 phoenix
1474 2276 1601 2316 vero
1635 2266 1848 2328 natura,
1877 2278 2000 2332 qua:

386 2362 597 2411 tantum
651 2359 737 2408 est
766 2350 1074 2417 individua,
1106 2365 1209 2405 nec
1237 2348 1389 2404 aliud
1428 2365 1552 2404 esse
1609 2357 1791 2419 potest
1834 2366 1999 2420 quam

384 2440 713 2517 singularis;
746 2438 974 2510 phoenix
1004 2453 1232 2512 genere,
1275 2436 1716 2507 diﬁ'erentiisque
1736 2437 1997 2492 termina-

387 2548 495 2606 tur,
518 2539 639 2591 haec
665 2533 889 2606 phoenix
935 2531 1301 2588 accidentium
1340 2529 1674 2601 pr0prietate
1723 2530 1991 2585 discerni-

386 2640 490 2687 tur.
526 2628 873 2685 lndividuum
906 2641 1020 2682 non
1052 2626 1158 2680 nisi
1177 2625 1244 2680 de
1268 2641 1378 2680 uno
1409 2624 1518 2679 dici
1542 2630 1741 2695 potest.
1767 2624 1993 2695 Species

385 2727 601 2784 etiamsi
620 2726 691 2781 de
718 2739 832 2780 uno
872 2722 991 2779 solo
1014 2722 1238 2787 dicitur,
1269 2720 1595 2776 universalis
1632 2726 1742 2785 est;
1788 2718 1988 2774 indivi-

385 2822 554 2876 duum
569 2833 698 2874 vero
723 2816 949 2873 nonnisi
977 2814 1255 2890 singulare
1282 2822 1384 2868 est.
1769 2800 1773 2804 ’

457 2913 530 2967 Ex
558 2928 763 2985 genere
813 2917 869 2965 et
897 2907 1227 2963 differentiis
1251 2905 1494 2977 speciem
1553 2905 1689 2960 ratio
1729 2905 1899 2975 capit,
1925 2920 1990 2958 ex

1614 130 1672 182 Β.
1718 127 1955 182 ODONlS
2001 127 2240 185 CAMER.
2286 130 2486 188 EPISC.

378 263 674 335 spondent,
699 271 755 315 et
774 261 967 315 dicunt
987 260 1135 330 quod
1172 258 1331 313 aliter
1360 274 1419 312 se
1446 258 1653 313 habent
1682 258 1751 311 ad
1777 257 1993 326 species
2016 261 2071 329 Α

3582 132 3746 186 1080

2700 270 2770 319 De
2807 264 3100 318 individuo.

2167 360 2264 414 Est
2319 366 2500 415 autem
2570 358 2916 414 individuum
2974 362 3313 412 contractum
3375 355 3740 426 prOprietate

2096 448 2488 511 accidentium.
2514 455 2573 502 ut
2602 448 2670 502 de
2701 447 2852 502 nullo
2883 447 3125 510 dicatur;
3155 461 3282 501 nam
3311 445 3383 500 de
3409 444 3741 498 individuis

2094 537 2379 608 superiora
2418 536 2711 601 dicuntur;
2742 535 3025 590 individua
3076 550 3207 590 vero
3263 535 3331 589 de
3365 536 3544 591 nullo.
3586 531 3652 584 Et
3687 531 3735 586 si

2096 628 2313 699 species
2340 627 2593 697 pluribus
2623 642 2731 682 non
2764 627 2927 694 inest,
2960 627 3056 680 sed
3089 627 3267 682 solum
3317 627 3488 683 habet
3520 627 3740 682 indivi-

2095 718 2288 780 duum,
2312 718 2434 788 ipsa
2447 718 2673 788 quidem
2704 717 2906 772 dicitur
2921 717 2987 772 de
3016 716 3339 783 individuo;
3362 717 3733 771 individuum

2094 824 2227 865 vero
2267 809 2338 863 de
2380 808 2557 875 nullo,
2605 814 2663 863 ut
2701 808 2771 864 de
2811 809 2914 864 hac
2961 824 3059 863 ave
3101 809 3347 879 phoenix,
3396 816 3455 864 et
3500 808 3577 863 de
3621 809 3734 862 hoc

2096 900 2303 955 mundo
2331 901 2593 967 mundus,
2626 907 2681 956 et
2711 901 2780 955 de
2833 901 2936 956 hac
2972 900 3133 955 stella
3174 900 3275 955 sol.
3311 900 3373 954 Et
3412 899 3521 956 hoc
3554 900 3735 954 modo

2099 991 2301 1046 dicitur
2330 991 2677 1046 individuum
2694 991 3000 1047 secundum
3022 990 3352 1058 universale,
3387 1005 3499 1045 non
3522 1004 3737 1044 secun-

2099 1081 2230 1135 dum
2259 1088 2464 1144 totum;
2495 1098 2619 1135 nam
2676 1090 2731 1137 et
2771 1082 2827 1135 in
2866 1088 2980 1137 toto
3036 1087 3120 1135 est
3158 1080 3528 1146 individuum,
3573 1080 3735 1151 quod

2098 1188 2224 1228 cum
2259 1173 2329 1228 sit
2368 1190 2494 1245 pars
2524 1173 2711 1236 totius,
2744 1183 2800 1228 et
2839 1174 2895 1227 in
2922 1174 3045 1244 ipso
3076 1172 3352 1227 dividatur
3392 1178 3597 1233 totum,
3631 1173 3729 1241 ip-

2096 1278 2216 1316 sum
2274 1268 2457 1317 tamen
2511 1278 2611 1333 pro
2636 1263 2905 1334 parvitate
2939 1262 3023 1317 sui
3055 1277 3166 1316 non
3198 1267 3382 1331 potest
3430 1260 3638 1327 dividi,
3672 1269 3733 1315 ut

2097 1352 2278 1407 unitas
2310 1352 2364 1405 in
2424 1366 2680 1418 numero,
2722 1357 2989 1422 punctum
3044 1350 3102 1404 in
3131 1350 3279 1405 linea
3308 1350 3395 1407 vel
3438 1357 3727 1421 tempore,

2099 1444 2283 1499 littera
2309 1443 2365 1497 in
2396 1444 2670 1510 oratione,
2703 1452 2922 1497 atomus
2978 1442 3034 1496 in
3065 1457 3319 1513 corpore.
3354 1441 3437 1496 Ita
3481 1450 3540 1496 et
3569 1442 3726 1513 quod

2097 1536 2152 1589 in
2183 1534 2586 1589 universalibus
2616 1533 2883 1595 intimum,
2939 1539 2993 1587 et
3018 1532 3076 1586 in
3108 1533 3239 1587 totis
3267 1540 3350 1587 est
3400 1532 3728 1594 minimum,

2094 1627 2297 1683 dicitur
2318 1626 2686 1681 individuum.
2722 1625 2831 1681 Hoc
2850 1624 3077 1696 quidem
3107 1625 3237 1696 quia
3264 1625 3320 1678 in
3359 1623 3582 1679 minora
3613 1639 3728 1678 non

2096 1721 2389 1789 dividitur;
2423 1721 2559 1776 illud
2589 1735 2719 1776 vero
2734 1720 2865 1791 quia
2888 1721 2956 1775 de
2980 1719 3338 1775 inferioribus
3367 1734 3479 1774 non
3512 1719 3729 1789 praedi-

2096 1816 2251 1866 catur
2289 1810 2638 1865 individuum
2671 1815 2818 1865 totus
2843 1808 3148 1873 constituit,
3194 1815 3248 1863 et
3273 1824 3386 1864 non
3418 1807 3726 1863 constitui-

2097 1905 2204 1966 tur,
2238 1898 2583 1955 individuum
2616 1898 2946 1953 universalis
2975 1897 3175 1954 dividit
3199 1907 3254 1953 et
3289 1914 3404 1953 non
3421 1897 3730 1961 dividitur.

2101 1991 2451 2047 lndividuum
2494 1991 2661 2046 totius
2700 1992 2937 2062 primum
2987 1997 3070 2046 est
3106 1990 3161 2044 in
3195 1990 3602 2045 constitutione
3641 1995 3729 2045 t0-

2100 2082 2231 2151 tius,
2261 2082 2605 2137 individuum
2624 2083 2951 2139 universalis
2978 2083 3232 2137 ultimum
3256 2083 3415 2136 estin
3446 2080 3729 2137 divisione

2108 2175 2457 2230 universalis.
2505 2175 2853 2230 lndividuum
2894 2173 3243 2243 universalis,
3284 2174 3465 2245 ipsum
3495 2173 3733 2228 univer-

2107 2264 2241 2327 sale,
2267 2269 2440 2319 totum
2472 2272 2529 2320 et
2558 2265 2863 2336 perfectum
2891 2266 3057 2320 habet
3075 2265 3132 2319 in
3154 2282 3236 2331 se,
3265 2265 3618 2320 individuum
3648 2274 3733 2318 to-

2105 2352 2214 2407 tius
2245 2353 2315 2409 de
2357 2360 2470 2410 toto
2504 2354 2643 2409 nihil
2669 2355 2836 2410 habet
2859 2356 2910 2409 in
2943 2372 3002 2410 se
3025 2360 3227 2426 praeter
3264 2371 3344 2409 se.

2704 2454 2773 2503 De
2813 2448 3103 2516 singulari.

2165 2533 2455 2606 Singulare
2508 2551 2639 2590 vero
2692 2536 2908 2598 dicitur,
2955 2537 3104 2607 quod
3152 2536 3341 2607 aliqua
3380 2536 3730 2606 prOprietate

2092 2620 2422 2679 discernitur
2472 2624 2540 2678 ab
2596 2625 2858 2680 omnibus
2910 2625 3051 2680 aliis.
3118 2626 3240 2680 Haec
3290 2634 3477 2680 autem
3526 2626 3729 2679 unius-

2088 2713 2356 2783 cujusque
2381 2714 2461 2769 rei
2491 2714 2753 2770 discretio
2780 2715 2850 2768 ab
2878 2715 3000 2769 aliis
3029 2715 3314 2780 omnibus,
3351 2730 3466 2769 non
3488 2721 3713 2769 tantum

2093 2806 2149 2859 in
2189 2807 2491 2864 individuis
2540 2819 2642 2877 est,
2681 2811 2779 2864 sed
2810 2816 2864 2865 et
2917 2811 2973 2864 in
3024 2809 3457 2865 universalibus.
3495 2810 3723 2864 Habent

2092 2894 2242 2950 enim
2273 2905 2329 2950 et
2385 2898 2720 2952 universalia
2749 2914 2876 2953 suas
2921 2898 3308 2969 proprietates,
3352 2898 3561 2970 quibus
3617 2901 3722 2953 etsi

387 2971 818 3074 proprietatibus
848 2996 1215 3052 accidentium
1242 2994 1582 3049 individuum
1609 3011 1805 3048 sensus
1824 3011 1997 3068 agno-
2020 2971 2069 3039 Ο
2098 3000 2209 3039 non
2231 3001 2420 3053 sensu,
2456 2987 2669 3042 ratione
2702 2996 2886 3043 tamen
2906 2989 3302 3044 discernuntur
3332 2990 3401 3043 ab
3430 2989 3576 3051 aliis,
3614 2990 3723 3043 Ra-

384 3093 487 3147 scit
540 3089 620 3143 Ad
648 3086 983 3143 universalia
1005 3084 1151 3142 valet
1181 3084 1318 3139 ratio
1350 3083 1581 3139 rationis
1620 3084 1868 3154 interior,
1921 3086 1989 3139 ad

384 3178 686 3252 singularia
710 3192 840 3234 vero
879 3174 1123 3250 cognitio
1166 3172 1443 3229 sensualis
1487 3174 1744 3230 exterior.
1791 3174 1991 3230 lndivi-

383 3275 493 3329 dua
522 3271 794 3327 sentimus
840 3267 1224 3339 corporaliter,
1276 3265 1609 3322 universalia
1656 3268 1996 3339 percipimus

386 3363 741 3421 rationaliter.
768 3362 828 3416 Et
857 3360 1078 3432 quando
1110 3360 1179 3414 de
1208 3358 1329 3417 solo
1357 3360 1572 3431 species
1606 3359 1810 3415 dicitur
1848 3360 1996 3415 indi-

385 3457 574 3523 viduo,
606 3453 945 3510 tantumdem
978 3450 1235 3506 accidens
1274 3449 1459 3506 dicere
1516 3456 1569 3504 et
1607 3449 1677 3504 de
1708 3449 1993 3506 individuo

385 3546 528 3601 valet
544 3551 599 3600 et
619 3544 689 3598 de
702 3541 919 3614 species
937 3539 1189 3612 quamvis
1202 3538 1578 3609 principaliter
1604 3546 1659 3594 ct
1674 3539 1851 3610 primo
1873 3540 1993 3597 loco

388 3638 499 3692 sint
526 3635 582 3690 in
612 3631 916 3689 individuis
942 3628 1274 3685 accidentia.

384 3780 526 3843 Quod
569 3781 629 3832 in
682 3789 997 3844 unoquoque
1024 3772 1438 3829 discernendum
1473 3774 1926 3855 est_z'ndividuum
1961 3792 1996 3831 α

1094 3879 1278 3934 sperne.

459 3996 627 4068 Igitur
651 3993 874 4065 quando
909 3992 1147 4063 primum
1180 3991 1353 4047 factus
1394 3998 1478 4047 est
1516 3993 1701 4060 homo,
1753 3995 1995 4049 humana

385 4086 568 4141 anima
600 4083 740 4138 facta
770 4082 920 4153 prius
957 4081 1014 4135 in
1028 4094 1140 4135 uno
1172 4080 1478 4148 individuo,
1511 4088 1566 4136 et
1595 4082 1796 4138 deinde
1823 4084 1996 4139 divisa

384 4180 439 4234 in
461 4178 590 4245 alio,
610 4176 787 4248 ipsius
813 4175 1067 4230 humana:
1083 4173 1280 4228 anima:
1310 4180 1524 4241 natura,
1547 4174 1602 4227 in
1633 4175 1845 4231 duabus
1872 4192 1997 4248 per-

384 4268 537 4323 sonis
575 4274 694 4322 erat
723 4262 903 4319 omnis
942 4270 997 4317 et
1026 4268 1157 4331 tota,
1187 4264 1386 4328 omnis,
1422 4262 1668 4334 inquam,
1699 4264 1831 4335 quia
1861 4281 1991 4319 nus-

2093 3079 2167 3134 tio
2198 3095 2434 3151 namque
2479 3088 2727 3136 naturam
2781 3082 3174 3137 universalium
3214 3083 3266 3137 vi
3298 3098 3411 3137 suae
3441 3082 3723 3155 sagacita-

2091 3172 2158 3226 tis
2188 3179 2243 3228 et
2272 3173 2437 3243 capit,
2471 3180 2524 3227 et
2553 3174 2621 3229 ab
2644 3174 2880 3231 invicem
2913 3183 2968 3231 et
2989 3175 3059 3229 ab
3089 3174 3388 3231 individuis
3418 3174 3724 3237 discernit.

2096 3274 2172 3333 ut,
2207 3268 2457 3339 quamvis
2489 3270 2601 3324 sint
2627 3270 2941 3326 communia
2970 3287 3082 3327 suae
3112 3279 3296 3327 tamen
3323 3272 3586 3327 essentia:
3602 3271 3721 3325 sin-

2093 3360 2437 3432 gularitatem
2477 3362 2772 3432 quamdam
2806 3363 3068 3429 habeant,
3102 3363 3243 3419 sicut
3265 3362 3575 3417 individua.
3627 3362 3723 3417 Est

2096 3451 2261 3524 igitur
2291 3453 2471 3507 omnis
2491 3454 2735 3509 essentia
2761 3454 3075 3527 singularis,
3102 3461 3210 3509 tam
3244 3453 3533 3509 individua
3554 3470 3720 3525 quam

2097 3543 2443 3610 universalis,
2473 3552 2664 3616 utpote
2689 3546 2904 3602 habens
2928 3547 3182 3602 essentiae
3205 3563 3318 3601 suae
3347 3544 3713 3620 singularita-

2096 3643 2229 3703 tem,
2254 3653 2363 3708 qua
2387 3636 2666 3712 sigillatim
2712 3638 3004 3710 inspicitur
3035 3638 3103 3693 ab
3135 3638 3277 3693 aliis.
3323 3638 3383 3692 Et
3410 3637 3491 3691 sic
3513 3636 3725 3690 indivi-

2097 3729 2266 3784 duum
2305 3746 2489 3796 omne,
2523 3732 2832 3805 singulare;
2864 3748 2972 3788 non
3000 3738 3183 3788 autem
3224 3747 3389 3787 omne
3426 3730 3720 3805 singulare

2098 3822 2466 3892 individuum,
2497 3825 2628 3895 quia
2653 3841 2764 3880 non
2803 3832 2887 3879 est
2924 3824 3297 3891 individuum,
3333 3822 3436 3878 nisi
3468 3823 3622 3894 quod
3656 3824 3728 3877 de

2100 3916 2251 3973 nullo
2282 3916 2505 3985 dicitur,
2537 3917 2814 3991 singulare
2848 3923 3033 3973 autem
3055 3932 3242 3973 omne.

2732 4012 2802 4061 De
2834 4021 3081 4075 persona.

2170 4093 2413 4149 Persona
2440 4108 2569 4149 vero
2603 4102 2686 4149 est
2707 4093 3056 4149 individuum
3087 4092 3369 4148 rationalis
3401 4098 3640 4155 naturae,
3673 4102 3730 4146 ut

2099 4182 2346 4238 omnium
2382 4182 2792 4238 individuorum
2819 4199 2884 4237 ea
2905 4183 3022 4238 sola
3046 4182 3299 4237 dicantur
3320 4196 3577 4252 persons:
3599 4199 3725 4253 quze

2100 4291 2210 4330 non
2250 4282 2439 4330 carent
2472 4275 2711 4341 ratione;
2747 4291 2859 4330 non
2891 4284 2973 4329 est
3013 4275 3180 4348 igitur
3219 4275 3273 4328 in
3311 4273 3727 4329 universalihus

383 4379 545 4435 quam
577 4367 694 4417 erat
724 4367 877 4415 extra
924 4358 1071 4413 illas:
1118 4363 1250 4423 tota,
1293 4358 1424 4430 quia
1477 4358 1679 4430 cuique
1738 4377 1987 4430 personas
2013 4328 2355 4435 Dpersona,
2407 4380 2509 4419 nec
2549 4364 2607 4418 in
2646 4364 2947 4419 individuis
2979 4364 3089 4419 illis
3120 4380 3243 4436 qua:
3284 4379 3395 4419 non
3446 4374 3581 4418 sunt
3638 4382 3719 4418 m-

382 4455 520 4509 nihil
541 4455 730 4510 deerat
756 4454 1010 4507 humanm
1036 4450 1256 4505 animze.
1286 4450 1423 4504 Audi
1458 4450 1579 4518 tria,
1628 4456 1681 4504 et
1711 4450 1985 4508 discerne.

382 4545 505 4599 Erat
541 4544 785 4597 humana
813 4541 1018 4607 anima,
1048 4545 1165 4594 erat
1194 4539 1377 4594 anima
1402 4539 1552 4603 Adae,
1587 4546 1704 4593 erat
1726 4546 1780 4594 et
1808 4541 1992 4595 anima

384 4636 522 4690 Eva).
562 4633 684 4687 Tria
746 4641 877 4688 sunt
915 4632 1149 4698 diversa,
1208 4633 1392 4689 anima
1452 4632 1579 4686 Adae
1619 4631 1992 4699 individuum,

383 4724 499 4777 sive
526 4722 710 4776 dicere
737 4721 897 4789 velis,
932 4721 1234 4795 singulare,
1277 4721 1391 4776 sive
1423 4736 1737 4791 personam,
1772 4739 1895 4793 quae
1927 4723 1997 4777 de

385 4811 536 4866 nullo
585 4808 803 4865 dicitur.
849 4810 1117 4864 Similiter
1157 4810 1340 4864 anima
1366 4809 1489 4866 Evae
1522 4810 1867 4866 individuum
1917 4819 2000 4867 est

381 4902 503 4957 sine
526 4914 781 4971 persona,
823 4900 940 4955 sive
964 4899 1266 4972 singulare,
1298 4899 1445 4971 quod
1491 4901 1560 4955 de
1591 4900 1744 4955 nullo
1775 4901 1995 4956 dicitur.

386 4994 635 5049 llumana
665 4991 851 5046 anima
880 4998 1075 5048 natura
1102 4990 1362 5063 specialis
1389 4999 1489 5059 est,
1536 5008 1647 5047 non
1689 4992 1994 5061 individua,

383 5089 479 5143 sed
519 5086 831 5143 communis
861 5102 983 5158 quae
1026 5086 1228 5142 dicitur
1277 5087 1345 5142 de
1402 5087 1615 5142 duabus
1660 5089 1914 5159 personis
1943 5095 1997 5143 et

383 5177 647 5233 dividitur
678 5177 733 5230 in
773 5176 928 5247 ipsis.
959 5176 1217 5232 lliscerne
1241 5177 1343 5232 tria
1374 5179 1511 5245 haec,
1544 5194 1647 5233 nec
1672 5179 1790 5235 solo
1829 5194 1992 5233 sensu

384 5269 554 5323 utaris
571 5269 625 5322 in
662 5268 1054 5334 discernenda,
1073 5268 1171 5322 sed
1187 5279 1240 5323 et
1264 5269 1505 5336 ratione;
1527 5286 1629 5325 nec
1640 5270 1788 5325 enim
1802 5287 1966 5325 sensu
1978 5312 1993 5336 ,

381 5356 477 5408 sed
508 5356 625 5411 sola
664 5357 876 5412 ratione
912 5356 1248 5411 discernitur
1307 5358 1649 5413 individuum
1693 5376 1722 5413 a
1780 5359 1987 5430 specie.

384 5446 489 5501 Sed
522 5456 582 5503 ut
611 5451 728 5505 hare
758 5450 970 5507 facilius
1010 5451 1316 5522 capiantur,
1360 5452 1595 5508 dicenda
1634 5461 1762 5511 sunt
1820 5469 1993 5524 pauca

387 5536 782 5605 deindividuo,
816 5543 899 5596 vel
928 5542 1214 5615 singulari,
1257 5542 1341 5599 vel
1382 5561 1632 5613 persona.

2094 4458 2397 4513 tionabilia.
2454 4459 2543 4513 Est
2600 4459 2766 4533 igitur
2820 4458 3166 4513 individuum
3220 4458 3401 4513 omnis
3458 4474 3722 4527 persona,

2092 4547 2192 4601 sed
2224 4563 2335 4615 non
2366 4563 2532 4602 omne
2558 4547 2905 4602 individuum
2939 4563 3199 4619 persona.
3232 4547 3294 4601 Et
3324 4546 3405 4601 sic
3429 4546 3500 4600 ad
3527 4546 3724 4601 indivi-

2097 4636 2265 4691 duum
2284 4652 2520 4707 persona
2548 4644 2608 4691 ut
2647 4643 2729 4692 est
2748 4628 3095 4693 individuum
3121 4635 3190 4690 ad
3221 4634 3525 4708 singulare.
3575 4636 3721 4689 Divi-

2099 4731 2179 4786 dit
2224 4732 2279 4785 in
2318 4731 2422 4786 tria
2447 4731 2837 4802 grammaticus
2869 4732 3010 4785 hanc
3039 4744 3354 4800 personam,
3399 4728 3455 4781 in
3486 4729 3722 4798 primam

2101 4824 2334 4890 scilicet,
2365 4823 2666 4879 secundam
2701 4832 2755 4877 et
2786 4822 3026 4877 tertiam.
3058 4822 3115 4876 Et
3138 4821 3313 4892 prima
3340 4820 3570 4891 quidem
3602 4839 3723 4893 qua:

2102 4913 2367 4985 loquitur,
2400 4920 2455 4968 et
2485 4913 2725 4968 secunda
2748 4913 2835 4967 cui
2866 4910 2931 4966 fit
2957 4926 3164 4977 sermo,
3198 4925 3306 4965 non
3337 4909 3444 4963 nisi
3478 4910 3723 4965 rationa-

2100 5004 2213 5059 bile
2244 5003 2591 5057 individuum
2623 5009 2722 5057 est.
2756 5002 2816 5056 Et
2846 5001 2973 5056 ideo
3007 5008 3154 5056 recte
3181 5014 3417 5070 persona
3448 5007 3555 5053 est.
3584 5000 3717 5054 Ter-

2097 5095 2172 5149 tia
2200 5109 2330 5149 vero
2362 5093 2430 5147 de
2460 5108 2568 5163 qua
2609 5092 2668 5146 lit
2710 5107 2913 5158 sermo,
2959 5090 3183 5163 quando
3239 5088 3588 5143 rationabilis
3618 5102 3719 5152 est,

2097 5190 2149 5239 et
2177 5185 2297 5254 ipsa
2324 5193 2472 5239 recte
2501 5198 2738 5253 persona
2786 5190 2891 5237 est.
2923 5182 3031 5237 Sed
3065 5181 3118 5235 in
3162 5181 3263 5236 hac
3292 5179 3452 5234 tertia
3484 5195 3722 5249 persona

2096 5273 2401 5330 secundum
2448 5272 2867 5347 grammaticum
2919 5271 2978 5325 tit
3036 5271 3288 5341 quaestio,
3350 5268 3445 5341 qui
3508 5269 3721 5323 tertiam

2097 5380 2388 5436 personam
2421 5362 2576 5429 dicit,
2611 5361 2745 5416 dicit
2773 5375 2937 5415 omne
2970 5359 3039 5413 de
3093 5374 3202 5429 quo
3234 5356 3293 5411 lit
3329 5370 3535 5410 sermo.
3573 5355 3722 5419 Quo-

2094 5455 2258 5510 modo
2282 5452 2427 5507 enim
2461 5466 2696 5522 persona
2736 5456 2840 5516 est,
2895 5448 3042 5519 quod
3076 5445 3424 5501 individuum
3457 5445 3725 5500 rationale

2096 5562 2207 5601 non
2226 5551 2309 5600 est
2329 5543 2356 5596 ?
2373 5542 2478 5597 Sed
2506 5541 2788 5613 quomodo
2803 5540 3014 5611 pictura
3038 5545 3271 5609 prOpter
3301 5534 3724 5592 similitudinem
