3892 6048
245 219 375 275 1081

1296 214 1376 268 DE
1412 211 1700 268 PECCATO
1749 211 2107 272 ORIGINALI.
2153 247 2220 259 -
2260 220 2368 274 LIB
2437 223 2498 275 ll.

3422 230 3562 287 1082

244 345 468 411 dicitur,
509 351 562 399 et
592 358 703 400 non
731 350 816 398 est
834 343 1019 407 homo,
1043 349 1098 396 et
1125 357 1354 413 quarum
1378 356 1512 395 usus
1533 346 1619 394 est
1645 339 1701 392 in
1725 353 1846 394 sce-
1881 342 1934 408 Α
1960 341 2162 400 infecta
2186 353 2268 402 est
2286 355 2513 418 peccato
2540 356 2651 405 tota
2682 360 2876 406 natura
2909 353 3159 408 humanaa
3189 355 3416 422 animae;
3442 373 3563 427 quae

243 437 326 490 uis
356 453 455 506 per
493 435 914 490 similitudinem
956 434 1216 489 dicuntur
1280 447 1554 503 personae,
1613 430 1712 484 sed
1745 445 1855 485 non

241 531 369 579 sunt
410 525 646 596 pr0priae
686 523 766 578 sic
797 522 1142 577 individuum
1175 521 1322 592 quod
1345 519 1558 575 ratione
1597 525 1748 573 caret
1774 517 1858 571 di-

241 613 643 685 citurquidem.
667 613 763 667 sed
788 627 896 668 non
911 618 994 666 cst
1019 611 1179 666 tertia
1203 626 1465 680 persona;
1490 609 1654 664 habet
1673 615 1856 662 autem

245 701 540 757 locutionis
582 701 973 771 preprietatem
1017 700 1178 765 ratio,
1213 707 1272 754 ut
1330 699 1383 754 id
1416 704 1626 753 tantum
1659 697 1861 750 habeat

242 794 573 849 locutionem
632 795 779 865 quod
823 793 987 848 habet
1029 793 1315 848 rationem.
1377 791 1645 846 Dividitur
1691 790 1860 865 igitur

241 885 602 954 personalitas
629 885 859 939 rationis
887 885 1191 938 secundum
1221 883 1594 937 diversitatem
1626 881 1856 936 locutio-

241 973 346 1038 nis,
375 981 430 1028 ut
461 973 637 1043 prima
672 988 906 1043 persona
941 972 1014 1026 sit
1045 987 1169 1043 quae
1209 970 1340 1026 facit
1369 971 1726 1036 locutionem,
1767 986 1858 1025 se-

238 1063 418 1116 cunda
447 1063 535 1116 cui
568 1061 627 1116 tit
648 1061 876 1128 locutio,
910 1061 1076 1116 tertia
1107 1061 1174 1114 de
1215 1077 1324 1132 qua
1356 1060 1417 1115 fit
1455 1059 1666 1115 locutio
1716 1061 1854 1130 ipsa.

240 1153 493 1208 Pcrsonis
514 1153 678 1226 igitur
709 1153 815 1208 hoc
849 1155 1013 1208 modo
1046 1153 1238 1208 divisis
1265 1153 1572 1208 secundum
1601 1159 1712 1208 tres
1743 1168 1859 1208 mo-

239 1246 338 1300 dos
365 1245 682 1310 locutionis,
710 1245 882 1298 tertiae
925 1261 1181 1314 persona:
1212 1245 1404 1299 tertius
1439 1260 1536 1314 per
1563 1245 1854 1316 quamdam

237 1337 657 1391 similitudinem
689 1337 950 1390 convenit
978 1336 1268 1404 universis,
1306 1352 1429 1390 nam
1463 1336 1607 1391 sicut
1645 1336 1856 1392 locutio

235 1430 293 1484 lit
320 1431 386 1484 de
415 1429 669 1484 rationali
708 1429 1015 1496 individuo,
1049 1429 1124 1484 ita
1155 1429 1222 1482 de
1245 1428 1505 1484 omnibus
1525 1427 1650 1483 aliis
1680 1436 1859 1499 potest

237 1518 352 1572 fieri
381 1533 582 1572 sermo.
623 1517 844 1571 Rectum
875 1517 1098 1588 quidem
1131 1526 1218 1572 est
1261 1517 1530 1570 familiare
1573 1517 1857 1574 rationali—

233 1610 359 1674 bus,
398 1609 505 1662 sibi
539 1608 684 1663 etde
715 1624 774 1662 se
809 1607 1042 1662 invicem
1077 1609 1258 1663 facere
1297 1609 1659 1674 locutionem,
1693 1617 1748 1662 et
1800 1609 1854 1662 in

235 1714 336 1753 suo
362 1713 569 1771 genere
601 1713 759 1752 suum
793 1697 1078 1752 continere
1102 1697 1409 1768 preprium,
1441 1697 1591 1768 quod
1619 1697 1687 1752 ad
1709 1697 1857 1752 aliud

236 1789 532 1844 transferre
553 1789 772 1843 videtur
802 1789 959 1860 quasi
993 1789 1258 1844 alienum.
1293 1789 1402 1844 Sed
1444 1789 1576 1860 quia
1610 1805 1858 1845 necessa-

235 1882 375 1936 rium
401 1890 484 1936 est
522 1881 885 1936 rationalibus
930 1882 1264 1953 quandoque
1305 1899 1466 1937 suum
1499 1899 1674 1958 genus
1702 1899 1859 1938 exeo-

231 1971 383 2038 dere,
414 1977 468 2024 et
506 1971 576 2024 de
633 1971 830 2024 alienis
861 1970 1197 2026 locutionem
1262 1972 1462 2036 facere,
1505 1972 1686 2027 aliena
1741 1973 1856 2043 ipsa

233 2078 519 2132 personas,
555 2068 608 2116 et
650 2062 694 2115 si
725 2077 837 2115 non
892 2068 1040 2125 sunt,
1076 2062 1264 2117 tertias
1298 2062 1552 2128 dicimus,
1588 2079 1653 2118 eo
1707 2064 1853 2134 quod

233 2154 286 2206 in
318 2153 402 2206 eis
436 2152 612 2207 tertia:
645 2168 892 2224 personze
913 2153 1115 2223 polleat
1147 2153 1474 2220 similitudo,
1518 2155 1570 2208 in
1604 2170 1670 2209 eo
1703 2157 1852 2226 quod

233 2243 301 2298 de
332 2245 464 2315 ipsis
503 2245 630 2316 quis
658 2244 857 2298 alienis
881 2244 973 2300 ﬁat
1007 2245 1232 2301 locutio.
1258 2247 1395 2299 Sunt
1423 2246 1588 2318 igitur
1617 2247 1848 2302 aliater-

234 2333 325 2388 tiu:
351 2349 598 2403 personae
632 2351 730 2404 per
747 2334 1188 2399 similitudinem,
1219 2335 1568 2390 rationabilia
1595 2351 1726 2391 vero
1753 2354 1851 2406 per

233 2425 647 2495 proprietatem,
689 2425 820 2496 quia
869 2425 1164 2480 locutionis
1191 2425 1433 2481 officium
1482 2426 1549 2481 ad
1583 2427 1848 2483 rationale

230 2517 454 2587 preprie
481 2518 720 2588 pertinet
748 2517 1116 2572 individuum.
1142 2519 1295 2573 Nunc
1321 2519 1688 2574 redeamusad
1719 2537 1848 2591 pro-

228 2609 466 2680 positum

575 2722 718 2782 Quod
745 2722 922 2776 multa
961 2728 1091 2776 sunt
1121 2722 1258 2776 bona
1276 2723 1494 2776 animae.

305 2834 363 2886 In
393 2832 664 2903 principio
691 2833 914 2904 quando
937 2833 1228 2888 humanam
1247 2833 1484 2888 animam
1517 2833 1660 2888 Deus
1689 2849 1845 2888 crea-

231 2921 328 2986 vit,
372 2921 619 2991 pluribus
649 2921 812 2978 bonis
842 2922 989 2977 illam
1018 2923 1334 2979 cumulavit.
1369 2923 1526 2978 Dedit
1552 2924 1843 2986 rationem,

1957 438 2266 492 communis
2295 439 2601 496 substantia
2655 449 2758 506 est,
2811 451 2894 498 est
2947 445 3206 516 specialis
3249 447 3562 519 utriusque.

1961 521 2117 578 Extra
2148 525 2245 580 has
2272 527 2420 581 enim
2453 529 2697 584 nondum
2730 539 2813 586 est
2839 548 2957 586 eam
2999 549 3140 589 esse.
3175 535 3227 588 Si
3259 535 3406 589 enim
3429 536 3566 590 fuis-

1959 619 2041 665 set
2073 612 2129 666 in
2158 615 2282 670 aliis
2331 617 2527 684 divisa,
2569 635 2670 690 pro
2727 621 2862 691 ipsis
2907 623 3041 678 solis
3080 639 3188 680 non
3249 624 3568 680 inﬁceretur

1962 707 2094 755 tota.
2133 704 2268 768 Quia
2296 705 2340 760 si
2372 717 2694 776 peccassent
2740 711 2876 776 istae,
2921 711 3146 767 forsitan
3188 729 3299 770 non
3341 731 3566 786 peccas-

1959 803 2081 850 sent
2101 795 2242 864 alize,
2277 799 2332 852 in
2361 799 2565 870 quibus
2595 809 2738 857 esset
2766 804 2914 858 salva
2955 805 3206 860 humanae
3238 806 3436 860 animae
3469 824 3566 862 na-

1961 892 2100 939 tura.
2135 886 2290 942 Nunc
2305 898 2491 944 autem
2520 891 2611 946 ubi
2639 899 2854 962 poterat
2882 895 3066 951 anima
3090 897 3328 952 humana
3358 899 3564 953 munda

1960 989 2083 1032 esse
2109 995 2230 1048 quae
2271 983 2541 1050 peccatrix
2569 993 2686 1040 erat
2713 986 2961 1059 ubique?

1958 1089 2217 1148 Quomodo
2245 1090 2488 1146 humana
2516 1101 2721 1150 natura
2753 1113 2848 1166 per
2875 1115 2930 1154 se
2966 1116 3076 1155 non
3130 1108 3334 1170 peccat,
3365 1103 3454 1156 sed
3474 1118 3570 1172 per

2612 1204 2914 1256 personam.

2029 1270 2132 1324 Sed
2175 1269 2316 1326 forte
2346 1273 2492 1329 (licet
2523 1277 2757 1348 aliquis:
2791 1281 2844 1334 Si
2879 1291 3071 1337 natura
3102 1284 3431 1350 communis,
3467 1285 3565 1338 hu-

1959 1375 2122 1414 mana
2152 1361 2361 1417 scilicet
2391 1364 2575 1420 anima
2607 1371 2857 1438 peccavit
2913 1372 2965 1426 in
3007 1374 3276 1443 personis,
3309 1375 3432 1446 quis
3472 1391 3569 1445 po-

1957 1457 2062 1505 test
2093 1468 2297 1526 negare
2327 1456 2568 1525 speciem
2619 1475 2878 1528 peccasse
2903 1467 2931 1516 ?
2971 1465 3075 1518 Sed
3127 1466 3421 1520 absurdum
3490 1473 3573 1520 est

1958 1539 2064 1594 hoc
2101 1540 2290 1597 dicere
2339 1545 2406 1614 de
2462 1545 2580 1616 ipsa
2623 1549 2832 1619 specie,
2892 1558 2945 1606 et
2985 1553 3122 1624 ipsis
3165 1554 3572 1610 universalibus

1885 1659 1933 1727 Β
1958 1631 2238 1686 ascribere
2260 1634 2407 1704 quod
2433 1636 2566 1690 solis
2584 1640 2841 1694 convenit
2855 1643 3112 1711 personis
3157 1643 3424 1698 Praeterea
3442 1644 3564 1698 uni-

1957 1722 2191 1776 versalia
2230 1740 2450 1794 semper
2487 1736 2614 1782 sunt
2661 1730 2808 1799 quod
2848 1742 2995 1794 sunt,
3043 1739 3114 1798 et,
3171 1739 3448 1805 utcunque
3481 1750 3569 1788 va-

1957 1817 2168 1874 rientur
2223 1819 2526 1890 individua,
2560 1825 2870 1881 consistunt
2897 1827 3312 1882 immutabilitcr
3341 1827 3565 1882 univer-

1956 1909 2111 1973 salia,
2155 1917 2208 1964 et
2246 1912 2496 1982 quamvis
2535 1914 2602 1966 de
2646 1914 2778 1984 ipsis
2809 1932 2934 1970 vere
2982 1917 3196 1971 dicatur
3230 1917 3566 1972 mutabilitas

1956 1998 2390 2067 individuorum,
2421 2017 2530 2056 non
2580 2011 2663 2058 est
2691 2011 2871 2058 tamen
2904 2005 2957 2059 in
3002 2006 3156 2076 ipsis.
3193 2007 3300 2060 Sed
3333 2023 3437 2061 nec
3463 2023 3566 2062 nos

1956 2088 2190 2145 dicimus
2210 2091 2383 2160 ipsam
2415 2092 2658 2162 speciem
2690 2109 2790 2162 per
2817 2111 2897 2158 se,
2939 2096 3036 2148 sed
3065 2095 3118 2148 in
3147 2095 3278 2150 solis
3311 2096 3563 2165 personis

1955 2195 2233 2249 peccasse.
2277 2180 2337 2234 Et
2363 2181 2614 2252 quamvis
2656 2181 2725 2236 de
2767 2183 3168 2238 universalibus
3192 2184 3444 2239 dicantur
3474 2185 3563 2238 in-

1953 2271 2299 2328 dividuorum
2331 2274 2659 2341 accidentia,
2688 2291 2798 2330 non
2828 2281 3008 2330 tamen
3039 2282 3166 2330 sunt
3198 2276 3250 2330 in
3284 2276 3564 2331 universa-

1951 2363 2096 2418 libus
2143 2365 2297 2436 ipsis,
2343 2367 2446 2421 hoc
2476 2367 2623 2438 quod
2657 2375 2807 2434 sunt,
2849 2368 2946 2422 sed
3000 2368 3119 2423 loco
3159 2367 3228 2422 ab
3261 2368 3561 2424 individuis

1948 2455 2224 2522 secundo;
2261 2473 2384 2511 nam
2427 2457 2573 2512 sicut
2599 2458 2831 2513 diversae
2861 2466 2990 2513 sunt
3014 2459 3082 2513 ab
3111 2459 3411 2514 individuis
3431 2475 3557 2530 spe-

1945 2547 2083 2614 cies,
2116 2548 2370 2602 similiter
2401 2557 2454 2604 et
2487 2565 2676 2604 eorum
2722 2550 3106 2621 pr0prietates,
3149 2556 3208 2605 ut
3235 2549 3473 2605 hominis
3491 2566 3557 2606 ea

1948 2641 2432 2712 pr0prietasquod
2471 2642 2689 2712 species
2718 2649 2820 2708 est,
2847 2643 2995 2714 quod
3027 2642 3358 2708 universale,
3405 2642 3553 2712 quod

1946 2751 2259 2802 commune,
2289 2737 2436 2807 quod
2461 2737 2704 2792 essentia
2733 2737 3199 2794 incommutabilis
3237 2738 3291 2792 in
3317 2754 3375 2792 se
3406 2737 3551 2810 quod

1946 2827 2014 2881 de
2061 2827 2310 2898 pluribus
2357 2828 2576 2890 dicitur,
2647 2837 2701 2884 et
2743 2839 2939 2884 caetera
2979 2830 3183 2902 quibus
3222 2831 3553 2886 universalia

1946 2919 2335 2974 discernuntur
2361 2921 2430 2974 ab
2470 2921 2787 2983 individuis,
2813 2937 2924 2976 non
2957 2923 3216 2978 convenit
3243 2923 3377 2994 ipsis
3406 2922 3552 2976 indi-

231 3031 339 3085 qua
362 3014 673 3069 Creatorem
716 3015 1055 3070 discerneret
1084 3031 1116 3070 a
1141 3021 1420 3080 creatura;
1460 3015 1614 3070 dedit
1643 3015 1840 3071 volun-
1867 3032 1916 3099 Ο
1943 3012 2142 3068 viduis.
2187 3013 2456 3068 Similiter
2491 3013 2638 3085 quod
2681 3014 2868 3069 Petrus
2898 3015 3244 3071 individuum
3286 3025 3388 3082 est,
3423 3033 3552 3087 pcr-

228 3114 394 3162 tatem
426 3117 481 3162 et
503 3108 801 3162 voluntatis
830 3107 1140 3173 arbitrium,
1172 3114 1232 3162 ut
1259 3124 1326 3162 ex
1353 3107 1604 3174 arbitrio,
1638 3123 1748 3163 non
1775 3124 1842 3164 ex

228 3195 553 3251 necessitate
585 3197 752 3251 vellet
780 3196 930 3268 quod
961 3196 1146 3261 vellet,
1177 3213 1288 3252 non
1316 3196 1466 3252 enim
1497 3195 1564 3250 ad
1600 3194 1841 3250 beatitu-

225 3287 411 3350 dinem
436 3295 553 3341 erat
578 3287 848 3358 cogenda,
873 3287 942 3341 ad
971 3303 1133 3358 quam
1163 3302 1274 3342 non
1297 3293 1382 3342 est
1403 3285 1838 3358 perveniendum

226 3375 329 3429 nisi
389 3375 704 3430 voluntaria
747 3374 981 3442 justitia.
1039 3375 1261 3429 (Irnavit
1289 3391 1408 3429 eam
1445 3374 1682 3442 justitia,
1732 3389 1840 3445 qua

225 3473 528 3518 mereretur
558 3463 679 3517 lieri
709 3465 887 3518 beata.
921 3463 980 3517 Et
1019 3462 1320 3519 voluntatis
1354 3462 1584 3518 arbitrio
1621 3477 1838 3532 suppo-

224 3553 336 3609 suit
361 3569 506 3620 eam,
548 3561 608 3606 ut
655 3551 938 3607 voluntate
963 3551 1110 3619 justa
1162 3557 1310 3606 esset
1337 3566 1448 3606 non
1487 3551 1837 3607 necessitate.

226 3645 387 3700 Dedit
425 3651 481 3698 et
513 3643 762 3698 debitum
790 3642 1037 3711 justitize,
1097 3650 1156 3697 ut
1185 3642 1386 3697 debeat
1426 3641 1692 3710 justitiam
1745 3643 1840 3714 qui

223 3736 444 3807 accepit
466 3735 761 3805 justitiam,
793 3742 847 3789 et
874 3741 1126 3790 teneatur
1165 3734 1355 3789 debito
1394 3733 1620 3805 justitize
1652 3751 1766 3800 rea,
1794 3735 1839 3790 si

224 3829 506 3883 voluntate
549 3827 754 3882 deserit
811 3841 974 3897 quam
1034 3841 1253 3896 semper
1292 3823 1495 3879 habere
1534 3823 1744 3879 debuit.
1779 3825 1839 3880 Et

223 3919 353 3991 quia
397 3920 465 3974 de
519 3919 742 3974 homine
781 3917 1023 3973 cwlestis
1080 3925 1196 3972 erat
1249 3915 1586 3987 perﬁcienda
1625 3915 1836 3984 civitas,

223 4009 351 4061 data
377 4013 460 4061 est
490 4007 686 4060 anima:
711 4007 968 4061 humana:
999 4006 1081 4060 vis
1108 4005 1522 4078 propagationis
1536 4021 1834 4075 corporeae,

226 4106 283 4154 ut
323 4099 392 4152 de
425 4114 526 4152 suo
558 4113 791 4168 corpore
845 4114 1116 4172 generare
1151 4105 1318 4169 queat
1353 4113 1559 4168 corpus
1612 4097 1836 4153 alterius

221 4192 440 4258 animze,
473 4189 867 4260 c00peratione
897 4190 1062 4244 maris
1089 4190 1398 4246 etfeminze.
1433 4191 1566 4246 Ecce
1597 4191 1836 4245 humana

219 4283 427 4349 anima,
470 4290 547 4337 tot
567 4283 856 4337 honestata
891 4281 1071 4346 bonis,
1105 4283 1161 4336 in
1195 4283 1471 4352 principio
1497 4299 1608 4337 sua:
1638 4282 1830 4338 condi-

221 4375 412 4443 tionis,
433 4374 648 4430 duabus
680 4375 936 4444 personis
967 4374 1170 4439 clausa,
1202 4390 1305 4429 nec
1335 4375 1575 4430 exterius
1599 4391 1829 4447 usquam

223 4475 498 4538 protensa.

414 4581 556 4643 Quod
581 4583 640 4633 in
667 4582 826 4648 culpa
854 4593 1091 4648 persona
1117 4587 1194 4633 est
1222 4580 1382 4648 culpa
1402 4587 1637 4636 natum.

298 4671 429 4725 Ecce
463 4671 708 4740 peccavit
747 4679 980 4742 utraque
1021 4685 1260 4741 persona
1314 4671 1672 4745 suggestione
1711 4687 1828 4726 ser-

225 4761 428 4830 pentis,
465 4760 734 4830 peccavit,
778 4759 1022 4830 inquam,
1057 4765 1286 4830 utraque
1317 4760 1552 4814 necdum
1577 4761 1833 4814 substan-

223 4850 349 4903 tiam
383 4865 536 4902 suam
572 4849 900 4903 habentibus
951 4849 1084 4904 alibi
1125 4865 1286 4920 quam
1330 4849 1384 4902 in
1417 4865 1498 4914 se,
1539 4865 1660 4919 qua:
1692 4863 1835 4904 nona

221 4945 349 4996 dum
381 4952 498 4997 erat
525 4942 651 4996 alibi
700 4958 862 5013 quam
897 4942 994 4996 ibi.
1032 4943 1086 4995 Si
1128 4957 1257 4997 vero
1300 4957 1539 5012 persona
1567 4942 1834 5013 peccavit,

221 5029 339 5081 sine
369 5045 470 5083 sua
499 5030 805 5085 substantia
839 5045 947 5086 non
981 5030 1243 5100 peccavit.
1299 5030 1387 5085 Est
1427 5045 1556 5105 ergo
1587 5045 1834 5101 persona:

223 5117 530 5173 substantia
565 5126 788 5190 peccato
820 5119 1028 5185 vitiata,
1071 5128 1126 5175 ct
1154 5120 1326 5176 inlicit
1379 5129 1664 5191 peccatum
1693 5121 1831 5176 sub-

222 5209 501 5276 stantiam,
536 5227 658 5282 quze
685 5226 958 5282 nusquam
999 5219 1082 5266 est
1123 5219 1275 5267 extra
1317 5212 1673 5282 peccatricem
1696 5228 1830 5284 per-

219 5315 432 5354 sonam.
464 5301 782 5357 Substantia
801 5318 932 5358 vero
974 5319 1086 5358 una
1107 5313 1161 5358 et
1203 5303 1396 5358 eadem
1429 5311 1512 5358 est
1541 5305 1829 5375 utriusque

221 5404 469 5456 personae
500 5391 813 5446 communis
853 5391 988 5462 ipsis
1018 5399 1072 5446 et
1102 5391 1381 5462 specialis.
1407 5393 1465 5446 In
1505 5393 1829 5463 peccatrici-

219 5479 322 5533 bus
349 5496 480 5555 ergo
507 5483 763 5552 personis
804 5489 886 5538 est
915 5483 1115 5538 infecta
1149 5493 1375 5554 peccato
1397 5491 1590 5540 natura
1619 5488 1834 5558 specia-

219 5569 303 5634 lis,
328 5587 450 5641 qua:
475 5587 584 5628 non
617 5580 701 5628 est
729 5573 859 5627 alibi
891 5590 1055 5646 quam
1091 5575 1144 5629 in
1178 5575 1330 5645 ipsis.
1366 5576 1426 5630 ln
1455 5577 1636 5633 anima
1660 5578 1830 5634 Adam

219 5676 354 5733 ergo
382 5667 436 5716 et
456 5660 510 5715 in
530 5661 714 5717 anima
733 5663 873 5731 Evaa,
893 5679 1017 5735 quae
1044 5665 1410 5735 personaliter
1441 5676 1828 5738 peccaverunt,

1942 3121 2098 3171 sona,
2140 3107 2289 3177 quod
2329 3106 2399 3161 de
2431 3107 2581 3162 nullo
2612 3107 2834 3175 dicitur,
2867 3109 3015 3180 quod
3055 3109 3333 3165 mutabilis
3362 3118 3467 3175 est,
3497 3118 3552 3166 et

1941 3205 2142 3252 caetera
2171 3196 2373 3268 quibus
2409 3197 2698 3254 individua
2736 3199 3128 3274 disjunguntur
3168 3200 3236 3254 ab
3269 3200 3549 3257 universa-

1945 3289 2106 3348 libus.
2141 3289 2279 3360 ipsis
2305 3296 2486 3344 tamen
2527 3291 2868 3346 conveniunt
2893 3292 3310 3347 universalibus.

2067 3407 2136 3456 De
2159 3403 2578 3471 proprietatibus
2604 3406 2901 3472 specierum
2929 3411 2979 3458 et
3005 3405 3424 3460 individuorum.

2016 3491 2078 3546 Et
2108 3493 2238 3565 quia
2277 3509 2338 3546 se
2370 3492 2555 3547 intulit
2582 3493 2802 3548 occasio
2833 3500 2887 3547 ct
2917 3493 3049 3547 utile
3078 3501 3161 3548 est
3199 3499 3387 3549 nostro
3418 3510 3550 3564 pro-

1944 3584 2146 3656 posito,
2179 3583 2481 3638 notandum
2511 3591 2595 3638 est
2632 3585 2780 3656 quod
2811 3585 3208 3640 universalium
3240 3585 3547 3656 prOprieta-

1944 3683 2026 3731 tes
2049 3692 2172 3747 quae
2200 3675 2337 3745 ipsis
2366 3675 2772 3731 universalibus
2801 3685 2932 3730 sunt
2952 3691 3300 3742 communes,
3323 3676 3549 3732 omnino

1942 3788 2050 3828 non
2083 3771 2422 3828 conveniunt
2451 3771 2774 3836 individuis,
2815 3770 2956 3825 sicut
2987 3776 3040 3826 et
3091 3769 3198 3826 illa;
3227 3769 3549 3826 individuo-

1939 3879 2056 3918 rum
2096 3879 2234 3934 quas
2290 3863 2496 3918 habent
2555 3862 2836 3917 individua
2866 3877 3210 3927 communes,
3261 3867 3550 3932 nequeunt

1938 3954 2345 4011 universalibus
2375 3955 2641 4026 coaptari,
2680 3961 2740 4010 ut
2769 3955 2852 4009 hae
2891 3971 3028 4027 quas
3056 3971 3224 4025 supra
3241 3953 3546 4025 posuimus,

1939 4049 2030 4102 lla:
2060 4063 2188 4103 vero
2221 4046 2592 4117 proprietates
2633 4046 3046 4110 universalium,
3088 4044 3291 4117 quibus
3345 4059 3548 4099 unum-

1937 4136 2198 4208 quodque
2214 4142 2501 4206 separatur
2531 4134 2598 4190 ab
2625 4135 2906 4200 omnibus,
2941 4135 2995 4188 in
3018 4134 3150 4205 ipsis
3177 4134 3400 4206 quidem
3419 4133 3546 4188 uni-

1936 4223 2240 4280 versalibus
2267 4224 2648 4295 principaliter
2677 4231 2731 4278 et
2763 4223 2938 4293 primo
2970 4223 3090 4278 loco
3121 4229 3271 4289 sunt,
3301 4222 3547 4277 secundo

1857 4321 1916 4390 D
1944 4331 2072 4371 vero
2102 4317 2222 4371 loco
2249 4314 2607 4369 inferioribus
2646 4320 2901 4384 aptantur
2927 4327 3102 4382 usque
3131 4311 3199 4366 ad
3241 4309 3524 4364 individua

1936 4405 2198 4462 Similiter
2227 4409 2280 4457 et
2309 4404 2393 4458 ha:
2435 4401 2842 4456 individuorum
2876 4399 3083 4471 quibus
3109 4399 3547 4470 unumquodque

1931 4501 2216 4567 separatur
2257 4489 2326 4545 ab
2383 4489 2660 4556 omnibus,
2704 4487 3083 4559 principaliter
3119 4493 3246 4542 sunt
3285 4485 3340 4540 in
3389 4487 3544 4556 ipsis,

1929 4585 2025 4639 sed
2053 4581 2382 4638 secundario
2407 4579 2786 4651 superioribus
2815 4578 3170 4644 conveniunt,
3213 4584 3271 4632 ut
3299 4576 3548 4648 corporis

1931 4677 2264 4748 proprietas,
2287 4673 2436 4745 quod
2494 4687 2762 4742 corporea
2799 4671 3108 4727 substantia
3134 4679 3236 4739 est,
3287 4669 3548 4726 omnibus

1933 4762 2292 4818 inferioribus
2309 4761 2592 4826 convenit,
2615 4761 2714 4814 sed
2738 4759 2916 4832 primo
2946 4760 3064 4814 loco
3078 4758 3316 4830 corpori.
3339 4757 3548 4813 Simili-

1935 4863 2016 4907 ter
2046 4851 2407 4923 proprietates
2435 4849 2640 4922 quibus
2671 4847 2981 4924 sejungitur
3005 4848 3073 4902 ab
3094 4847 3216 4903 aliis
3242 4847 3548 4902 individuis

1939 4945 2150 5010 Petrus,
2171 4943 2319 5014 quod
2347 4941 2516 4998 frater
2533 4942 2785 5008 Andreae,
2812 4941 2960 5014 quod
2987 4940 3359 5012 apostolorum
3393 4938 3546 5009 prin-

1938 5047 2090 5101 ceps,
2127 5030 2181 5084 in
2202 5029 2324 5102 ipso
2344 5029 2568 5101 quidem
2597 5029 2974 5100 principaliter
2993 5035 3150 5094 sunt,
3185 5027 3254 5082 ab
3274 5027 3393 5097 ipso
3415 5042 3544 5082 vero

1934 5119 2178 5176 secundo
2206 5119 2328 5174 loco
2368 5118 2650 5190 accipiunt
2681 5117 3032 5174 universalia.
3087 5119 3276 5189 itaque
3340 5115 3544 5186 duplex

1934 5221 2016 5270 est
2026 5215 2336 5286 preprietas
2350 5213 2780 5280 universalium;
2812 5212 3016 5285 duplex
3027 5219 3110 5268 est
3134 5217 3189 5266 et
3217 5210 3546 5266 individuo-

1933 5323 2072 5374 rum,
2106 5322 2216 5360 una
2246 5305 2556 5377 pr0prietas
2586 5305 3008 5371 universalium,
3049 5321 3157 5376 qua
3185 5301 3447 5359 differunt
3475 5302 3545 5357 ab

1936 5395 2364 5462 universalibus,
2415 5393 2523 5448 alia
2573 5411 2682 5467 qua
2730 5396 2799 5450 ab
2843 5394 3164 5450 individuis.
3200 5393 3468 5448 Similiter
3491 5398 3547 5447 et

1934 5483 2342 5540 individuorum
2368 5482 2696 5554 proprietas,
2737 5483 2842 5538 alia
2883 5499 2990 5554 qua
3021 5481 3090 5538 ab
3131 5481 3432 5537 individuis
3461 5496 3546 5536 se-

1933 5583 2211 5648 parantur,
2253 5575 2359 5630 alia
2386 5591 2494 5647 qua
2519 5576 2588 5630 ab
2621 5575 3062 5640 universalibus;
3125 5590 3248 5630 nam
3279 5590 3401 5630 cum
3434 5589 3544 5628 una

1933 5669 2207 5726 eteadem
2234 5668 2538 5726 substantia
2577 5668 2647 5724 sit
2706 5669 2760 5722 in
2790 5667 3091 5724 individuis
3130 5677 3184 5722 et
3225 5666 3540 5738 speciebus,
