3892 6048
338 172 358 225 1
376 174 479 225 (183

1568 169 1623 221 Β.
1668 166 1906 221 ODONIS
1947 165 2183 221 CAMER.
2226 166 2410 221 EPISC

3530 171 3697 225 1084

337 313 553 376 Oportet
581 323 674 361 eas
690 305 1056 377 proprietates
1071 302 1274 357 habere
1304 301 1510 373 quibus
1536 300 1829 356 diversitas
1856 316 1947 371 pa-
1975 307 2019 370 Α
2140 301 2290 367 Quod
2318 302 2561 355 humana
2593 308 2800 356 natura
2842 305 3077 377 transire
3103 306 3291 371 nequit
3318 304 3388 357 ad
3430 304 3580 358 alias

336 399 447 448 teat
473 392 620 447 inter
647 408 727 453 se,
755 401 816 446 ut
838 391 1080 447 hominis
1110 402 1165 446 et
1194 390 1360 454 Petri,
1390 406 1514 445 cum
1538 389 1609 445 sit
1635 406 1746 444 una
1775 398 1831 443 et
1851 404 1946 443 ea-

337 484 461 538 dem
499 484 823 549 substantia,
846 483 1188 538 differentias
1222 482 1429 537 habent
1454 481 1657 553 quibus
1684 479 1948 536 differunt

336 578 403 632 ab
432 578 696 644 invicem;
729 578 877 649 quod
898 579 987 633 hic
1005 578 1231 649 quidem
1261 576 1610 631 individuum
1642 584 1724 630 est
1747 583 1803 630 et
1830 591 1947 646 per-

334 684 492 737 sona,
543 669 637 725 ille
690 686 819 725 vero
876 669 1186 725 communis
1213 676 1297 724 est
1337 676 1391 724 et
1430 667 1689 739 specialis
1728 676 1944 734 natura,

334 777 502 816 unum
537 768 663 816 sunt
687 761 1016 825 substantia,
1059 758 1488 832 proprietatibus
1534 767 1664 813 sunt
1700 757 1943 817 diversa.

337 852 435 907 Per
477 855 582 908 hoc
606 854 755 925 quod
812 854 1016 908 habent
1062 853 1281 908 diversa
1310 858 1459 917 sunt,
1499 866 1600 921 per
1641 850 1746 906 hoc
1794 850 1942 921 quod

331 950 458 997 sunt
487 959 657 997 unum
700 949 847 998 sunt.
889 943 1077 997 Unitas
1115 940 1434 996 substantiae
1455 939 1584 995 facit
1615 955 1790 994 unum
1820 954 1943 1009 qua:

331 1042 459 1091 sunt
527 1034 768 1100 diversa,
823 1033 1109 1088 diversitas
1162 1031 1563 1103 pr0prietatum
1624 1046 1748 1102 quae
1816 1035 1944 1085 sunt

338 1139 508 1179 unum
538 1122 668 1178 facit
688 1123 923 1177 diversa.
960 1122 1019 1176 Et
1048 1121 1124 1175 ita
1161 1136 1270 1176 non
1319 1118 1484 1173 habet
1510 1119 1727 1188 species
1759 1119 1814 1172 in
1847 1118 1940 1172 in-

340 1212 566 1268 dividuo
592 1213 648 1266 id
679 1212 828 1284 quod
868 1211 1049 1267 differt
1088 1211 1156 1266 ab
1189 1210 1471 1266 individuo
1520 1210 1615 1264 sed
1651 1208 1723 1263 ita
1755 1224 1852 1279 per
1887 1225 1947 1263 se

343 1303 510 1358 habet
538 1311 591 1359 et
620 1320 867 1359 seorsum
901 1305 970 1359 ab
997 1303 1285 1357 individuo
1310 1302 1365 1356 id
1388 1301 1536 1373 quod
1564 1298 1748 1356 differt
1775 1300 1949 1355 abin-

341 1395 589 1461 dividuo,
624 1396 778 1467 quasi
821 1396 1040 1467 penitus
1067 1409 1175 1451 non
1224 1402 1372 1449 esset
1423 1392 1480 1447 in
1518 1391 1850 1460 individuo;
1899 1391 1954 1445 id

2547 388 2801 442 personas
2834 376 2953 428 sine
2986 374 3165 441 culpa.

2121 487 2179 541 Et
2210 488 2339 559 quia
2379 487 2619 541 humana
2649 490 2832 541 anima
2863 494 2975 542 tota
3008 493 3091 541 est
3125 486 3181 540 in
3212 488 3380 541 Adam
3422 488 3686 543 obnoxia

2047 576 2280 646 peccati,
2308 576 2428 630 sine
2461 582 2685 646 peccato
2727 592 2836 631 non
2870 583 3051 647 potest
3086 577 3154 630 ab
3208 577 3344 631 alias
3404 593 3695 648 personas

2047 666 2350 731 transferri,
2384 683 2488 722 nec
2516 666 2633 722 fieri
2680 667 2792 734 jam
2848 675 3029 737 potest
3055 668 3238 722 anima
3280 668 3525 723 humana
3556 669 3693 723 sine

2045 756 2177 812 vitio
2207 758 2437 827 peccati,
2471 765 2525 812 et
2559 774 2746 813 secum
2789 759 2993 830 ubique
3028 759 3191 814 trahit
3237 759 3430 814 vitium
3463 760 3623 831 quod
3659 776 3694 813 a

2046 849 2319 920 principio
2361 850 2525 905 habet
2557 851 2611 905 in
2640 867 2699 905 se
2731 859 3072 907 concretum.
3109 852 3298 907 Omnis
3345 853 3515 927 igitur
3547 853 3691 906 ani-

2044 957 2153 1008 ma,
2185 958 2307 1013 quae
2349 951 2470 1013 post
2524 943 2690 998 Adam
2739 951 2974 1009 creatur,
3023 960 3051 998 a
3102 944 3375 1015 principio
3438 945 3693 999 naturali

2046 1032 2210 1086 trahit
2231 1033 2380 1103 quod
2405 1034 2458 1087 in
2485 1049 2542 1088 se
2568 1034 2843 1106 culpetur.
2873 1035 3126 1107 Alioquin
3161 1050 3272 1090 non
3294 1036 3399 1090 erit
3434 1038 3693 1090 humana

2045 1128 2248 1194 anima,
2290 1129 2336 1182 si
2367 1129 2536 1185 fuerit
2562 1131 2682 1186 sine
2728 1131 2911 1201 culpa,
2960 1148 3064 1186 nec
3092 1132 3198 1186 erit
3230 1141 3439 1187 naturae
3474 1149 3691 1204 pecca-

2052 1219 2221 1282 tricis,
2252 1221 2297 1273 si
2327 1236 2435 1276 non
2471 1221 2633 1276 fuerit
2662 1222 2780 1291 ipsa
2821 1222 3115 1293 peccatrix.
3164 1227 3268 1276 Aut
3297 1223 3342 1276 si
3379 1240 3441 1276 se
3467 1222 3691 1276 dixerit

2056 1325 2165 1365 non
2199 1311 2581 1380 peccatricem,
2616 1327 2846 1365 necesse
2875 1320 2956 1365 est
2979 1310 3301 1382 profiteatur
3318 1328 3382 1366 se
3413 1328 3529 1366 non
3560 1328 3690 1365 esse

2058 1405 2355 1459 humanam
2405 1405 2665 1460 animam.
2719 1406 2778 1459 Et
2819 1405 2968 1460 nulla
3018 1405 3137 1458 sine
3203 1415 3431 1476 peccato
3462 1413 3694 1460 creatur

342 1494 521 1542 autem
554 1502 663 1559 quo
693 1488 908 1557 species
933 1487 1001 1541 ab
1033 1485 1452 1541 universalibus
1500 1483 1685 1538 differt
1714 1498 1822 1539 non
1856 1484 1958 1538 ha-
1987 1523 2035 1590 Β
2060 1499 2116 1553 in
2157 1500 2258 1555 hac
2325 1499 2431 1553 vita
2489 1515 2832 1571 quascunque
2877 1499 3224 1555 οοηνίηοίιυιι
3263 1516 3381 1554 esse
3439 1500 3693 1555 humana

344 1576 437 1628 bet
468 1574 573 1628 nisi
604 1576 658 1629 in
692 1575 1002 1639 individuo,
1037 1582 1091 1630 et
1112 1575 1193 1629 sic
1220 1574 1385 1628 habet
1410 1574 1464 1627 in
1491 1573 1778 1627 individuo
1802 1573 1956 1643 quasi

347 1679 454 1718 non
487 1664 556 1717 sit
584 1664 732 1718 aliud
773 1680 937 1735 quam
981 1664 1161 1734 ipsum
1199 1662 1570 1728 individuum,
1614 1678 1734 1716 cum
1774 1670 1957 1717 tamen

346 1751 561 1822 species
589 1752 659 1806 sit
688 1759 743 1806 et
784 1768 895 1808 non
928 1752 1291 1807 individuum.
1330 1750 1597 1806 Similiter
1645 1759 1699 1806 et
1754 1750 1957 1805 indivi-

347 1839 515 1893 duum
546 1856 657 1895 suae
686 1854 795 1894 non
828 1840 1077 1895 attribuit
1106 1841 1310 1911 speciei
1340 1841 1395 1894 id
1423 1855 1532 1911 quo
1564 1837 1801 1894 differta
1830 1855 1958 1911 spe-

348 1928 445 1983 cie.
486 1928 593 1983 Sed
627 1928 700 1983 ita
732 1945 830 1999 per
866 1945 925 1984 se
951 1937 1199 1994 tenet,et
1228 1945 1480 1986 seorsum
1512 1947 1540 1984 a
1562 1930 1750 2001 specie
1772 1930 1826 1984 id
1848 1945 1958 2001 quo

349 2020 531 2075 differt
586 2037 616 2076 a
656 2022 864 2092 specie,
906 2023 1063 2095 quasi
1109 2023 1247 2077 nihil
1282 2023 1481 2079 habeat
1533 2039 1564 2077 a
1594 2023 1802 2094 specie,
1833 2038 1956 2077 cum

350 2128 514 2167 unam
555 2112 778 2183 penitus
824 2120 882 2168 et
908 2115 1159 2169 eamdem
1192 2114 1557 2170 substantiam
1604 2114 1807 2170 habeat
1836 2130 1960 2170 cum

349 2205 553 2275 specie.
575 2205 630 2259 ld
646 2212 829 2260 autem
860 2222 969 2278 quo
988 2205 1174 2262 differt
1188 2207 1255 2261 ab
1284 2207 1586 2262 individuis
1612 2206 1958 2263 individuum

351 2312 462 2351 non
485 2296 772 2352 habetnisi
803 2314 927 2353 cum
960 2298 1168 2370 specie.
1210 2298 1272 2353 Et
1297 2299 1381 2354 sic
1402 2298 1569 2354 habet
1598 2315 1722 2354 cum
1752 2298 1960 2370 specie,

351 2393 508 2463 quasi
550 2408 660 2448 non
688 2394 757 2448 sit
775 2393 922 2449 aliud
951 2394 1130 2466 ipsum
1165 2410 1328 2465 quam
1362 2394 1483 2465 ipsa
1514 2394 1749 2466 species.

354 2506 501 2570 Quod
530 2508 593 2559 in
622 2509 811 2560 anima
836 2521 932 2576 pro
962 2509 1119 2576 culpa
1171 2522 1409 2577 persona:
1446 2510 1516 2573 sit
1544 2509 1703 2576 culpa
1729 2513 1969 2569 naturae.

429 2593 492 2647 Ut
518 2593 683 2667 igitur
697 2595 1008 2650 secundum
1033 2596 1327 2667 Scriptura:
1356 2596 1648 2667 loquamur
1671 2593 1968 2650 auctorita-

357 2693 487 2749 tem,
503 2699 624 2754 quze
642 2685 833 2754 primm
844 2685 1178 2741 conditionis
1200 2686 1336 2740 duas
1360 2700 1625 2757 personas
1649 2683 1850 2755 accipit
1869 2699 1968 2755 pro

358 2796 467 2834 una
491 2784 545 2834 et
575 2795 684 2835 uno
706 2780 929 2836 nomine
955 2789 1112 2836 vocat
1140 2797 1253 2851 eas,
1286 2781 1339 2835 id
1373 2788 1454 2836 est
1479 2782 1669 2845 Adam,
1708 2781 1753 2834 si
1787 2780 1969 2835 anima

358 2868 603 2938 peccavit
632 2869 778 2934 Adae,
813 2870 1058 2940 peccavit
1083 2871 1320 2926 humana
1341 2870 1543 2924 anima.
1562 2869 1813 2924 Peccavit
1838 2884 1968 2941 ergo

2062 1606 2241 1643 anima

2337 1684 2603 1748 Quomodo
2626 1685 2863 1738 Christus
2888 1687 3034 1738 venit
3062 1688 3178 1739 sine
3206 1685 3384 1751 culpa.

2130 1793 2269 1857 Quid
2326 1809 2457 1865 ergo
2517 1794 2751 1849 dicimus
2806 1795 2875 1848 de
2921 1794 3117 1849 Christi
3159 1796 3340 1849 anima
3389 1812 3517 1868 quae
3581 1797 3690 1850 hu-

2063 1900 2221 1939 mana
2253 1891 2335 1939 est
2366 1893 2423 1940 et
2451 1885 2572 1939 sine
2621 1885 2822 1955 culpa?
2848 1885 3053 1941 dictum
3088 1896 3170 1940 est
3200 1887 3355 1956 prius
3384 1887 3517 1957 quia
3553 1902 3692 1957 pro-

2063 1978 2280 2051 pagatio
2314 1978 2438 2032 data
2471 1985 2553 2032 est
2584 1978 2839 2033 humanae
2862 1979 3085 2046 animae,
3118 1987 3179 2034 ut
3206 1994 3519 2053 prepagare
3557 1996 3692 2049 pos-

2063 2068 2132 2121 sit
2163 2067 2463 2122 bumanum
2493 2083 2695 2138 corpus
2724 2067 2791 2123 de
2828 2069 3070 2123 humano
3127 2083 3360 2139 corpore
3410 2084 3693 2138 coopera-

2065 2158 2216 2212 tione
2231 2157 2394 2211 maris
2420 2164 2475 2212 et
2494 2156 2731 2213 feminae.
2752 2158 2812 2213 Et
2834 2158 3693 2230 oportebatauctoritatedivina:

2062 2250 2289 2319 justitize
2316 2258 2371 2306 et
2410 2253 2739 2308 necessitate
2793 2260 3003 2309 naturae
3057 2261 3135 2321 ut,
3168 2253 3348 2326 qualis
3405 2254 3596 2309 anima
3637 2261 3696 2307 et

2069 2340 2137 2394 de
2168 2339 2315 2411 quali
2356 2356 2588 2412 corpore
2618 2349 2734 2397 erat
2762 2341 2991 2410 factura,
3023 2344 3205 2397 anima
3245 2344 3369 2398 talis
3405 2352 3460 2398 et
3490 2343 3551 2397 in
3592 2341 3694 2397 tali

2070 2444 2301 2500 corpore
2314 2437 2462 2485 esset
2490 2437 2766 2494 secutura,
2789 2442 2849 2487 ut
2873 2432 3051 2503 qualis
3073 2440 3220 2488 esset
3246 2433 3424 2505 origo,
3448 2442 3502 2487 et
3529 2433 3697 2504 prin—

2070 2520 2275 2591 cipium
2297 2521 2517 2586 radicis,
2541 2521 2665 2577 talis
2691 2531 3022 2595 sequeretur
3044 2525 3191 2595 justa
3212 2524 3547 2580 necessitate
3560 2542 3693 2597 pro-

2071 2628 2262 2667 cessus
2285 2614 2508 2668 humani
2540 2614 2787 2687 generis,
2820 2632 2924 2671 nec
2953 2625 3097 2671 esset
3116 2615 3391 2687 principio
3413 2616 3697 2671 dissimile

2070 2705 2217 2776 quod
2243 2704 2398 2761 ﬁeret
2414 2722 2513 2778 per
2533 2708 2986 2781 pr0pagationem
3006 2708 3171 2763 maris
3189 2716 3242 2763 et
3265 2708 3507 2763 feminea.
3534 2709 3699 2763 Chri—

2070 2802 2208 2863 stus,
2232 2812 2359 2852 vero
2382 2797 2512 2869 quia
2532 2814 2636 2853 nec
2662 2798 2897 2853 maritali
2927 2799 3124 2870 copula
3147 2816 3249 2855 nec
3272 2799 3530 2871 amplexu
3559 2816 3699 2856 con-

2066 2884 2207 2958 jugii
2234 2886 2405 2953 venit,
2436 2887 2533 2942 sed
2573 2887 2687 2943 sola
2720 2888 2921 2943 virtute
2953 2887 3143 2943 divina
3172 2888 3229 2942 in
3256 2887 3503 2963 Virgine,
3536 2889 3695 2943 etde

359 2972 552 3018 natura
592 2980 863 3033 personae,
904 2981 1027 3037 quae
1090 2965 1348 3036 specialis
1404 2972 1510 3030 est,
1551 2971 1605 3020 et
1661 2964 1966 3019 communis

2122 2978 2292 3052 irgine
2315 2978 2490 3033 factus
2519 2987 2602 3034 est
2621 2990 2829 3043 sancta,
2855 2987 3081 3050 peccato
3101 2979 3224 3047 jure
3236 2981 3432 3045 caruit,
3457 2997 3563 3035 nec
3588 2981 3693 3035 de-

359 3071 482 3109 esse
511 3061 710 3124 potest,
742 3056 839 3109 sed
871 3071 971 3126 per
999 3072 1060 3111 se
1103 3072 1210 3111 non
1241 3056 1507 3126 peccavit,
1547 3063 1601 3110 et
1623 3071 1871 3111 seorsum
1901 3055 1970 3109 ab

362 3142 671 3209 individuo,
702 3158 811 3198 non
845 3144 992 3199 enirn
1026 3152 1108 3199 est
1139 3150 1421 3215 peccatum
1451 3144 1520 3199 de
1544 3143 1972 3215 proprietatibus

361 3232 470 3287 illis
523 3232 725 3304 quibus
765 3230 979 3288 differat
1027 3233 1095 3287 ab
1139 3232 1449 3299 individuo,
1490 3233 1589 3287 sed
1632 3232 1877 3303 peccavit
1916 3232 1970 3286 in

362 3326 481 3395 ipso
513 3324 821 3390 individuo,
855 3335 909 3380 et
940 3341 1039 3396 per
1080 3326 1259 3396 ipsum
1293 3325 1438 3396 quod
1470 3325 1631 3379 aliam
1667 3340 1775 3380 non
1809 3325 1976 3381 habet

362 3414 722 3469 substantiam
778 3430 939 3485 quam
986 3416 1277 3470 humanam
1321 3415 1581 3483 animam,
1613 3414 1742 3486 quia
1771 3430 1972 3485 pecca-

363 3520 473 3565 tum
505 3517 589 3564 est
628 3525 815 3564 earum
860 3510 1277 3581 proprietatum,
1325 3510 1529 3581 quibus
1557 3510 1626 3565 ab
1673 3508 1973 3564 individuis

364 3600 543 3657 differt
587 3602 763 3672 ipsum
792 3602 1160 3657 individuum.
1221 3602 1340 3658 Non
1373 3602 1539 3658 habet
1566 3617 1697 3677 ergo
1739 3617 1976 3673 persona

366 3699 650 3762 peccatum
685 3690 808 3746 sine
854 3706 952 3746 sua
991 3690 1199 3761 specie,
1250 3706 1372 3745 cum
1402 3707 1510 3762 qua
1555 3707 1725 3745 unum
1751 3697 1806 3745 et
1831 3690 1977 3745 idem

369 3780 670 3835 habetesse
701 3778 1085 3844 substantiale,
1117 3788 1171 3833 et
1192 3785 1275 3833 est
1302 3778 1355 3832 in
1392 3779 1569 3849 primo
1602 3779 1826 3835 homine
1856 3794 1981 3849 pcr-

371 3872 560 3927 sonale
594 3878 877 3941 peccatum
911 3877 1135 3937 naturae,
1167 3885 1277 3925 non
1310 3872 1572 3927 naturale.
1609 3872 1745 3936 Quia
1786 3888 1982 3942 pecca-

371 3974 481 4018 tum
517 3952 896 4033 principaliter
920 3968 1005 4016 est
1035 3961 1091 4015 in
1123 3978 1362 4032 persona
1401 3980 1522 4034 qum
1565 3964 1811 4034 peccavit
1842 3962 1978 4033 ipsa,

370 4054 615 4110 secundo
646 4053 768 4109 loco
806 4054 861 4107 in
903 4053 1090 4124 specie
1129 4070 1251 4125 quae
1295 4056 1543 4125 peccavit
1582 4056 1832 4127 quidem,
1883 4058 1980 4111 sed

373 4160 482 4199 non
510 4144 652 4214 ipsa,
682 4158 791 4198 non
835 4144 1011 4213 potuit
1041 4159 1268 4215 peccare
1301 4159 1537 4215 persona
1588 4145 1707 4199 sine
1733 4147 1983 4203 substan-

370 4233 465 4300 tia,
512 4249 615 4288 nec
648 4232 751 4287 nisi
800 4234 856 4287 in
896 4232 1203 4289 substantia
1232 4241 1514 4304 peccatum
1547 4235 1724 4306 potuit
1779 4237 1981 4291 habere

2071 3070 2166 3125 bet
2194 3072 2397 3142 requiri
2438 3082 2744 3142 peccatum,
2799 3074 2893 3128 ubi
2923 3075 3100 3129 solum
3131 3081 3212 3129 est
3240 3090 3382 3145 opus
3410 3075 3691 3130 divinum.

2074 3158 2134 3213 Et
2191 3169 2337 3216 recte
2394 3159 2516 3217 sine
2575 3172 2801 3232 peccato
2859 3169 3037 3234 potest
3080 3179 3203 3219 esse
3234 3164 3327 3234 qui
3370 3163 3551 3218 factus
3602 3170 3697 3218 est

2074 3250 2195 3307 sine
2226 3252 2467 3307 humana
2493 3253 2733 3316 actione,
2791 3260 2849 3307 ut
2888 3254 2982 3323 qui
3025 3270 3123 3324 per
3163 3253 3415 3308 homines
3457 3267 3573 3307 non
3603 3262 3696 3307 est

2078 3344 2297 3412 factus,
2361 3354 2647 3415 peccatum
2725 3361 2835 3402 non
2894 3345 3097 3401 habeat
3154 3361 3275 3401 cum
3347 3344 3698 3400 hominibus.

2077 3435 2269 3488 Anima
2299 3436 2465 3490 Adam
2502 3436 2883 3509 propagationi
2945 3436 3087 3491 datae
3140 3435 3321 3503 junxit
3350 3434 3597 3505 culpam,
3632 3441 3692 3489 et

2079 3527 2493 3601 pr0pagationis
2524 3528 2670 3584 bono
2700 3528 2850 3600 quod
2888 3528 3036 3582 Deus
3084 3526 3237 3581 dedit
3265 3524 3524 3597 apposuit
3556 3541 3694 3595 pec-

2079 3623 2258 3672 catum
2292 3618 2439 3690 quod
2472 3618 2591 3690 ipse
2621 3618 2770 3674 fecit.
2821 3620 2949 3684 Quae
2974 3633 3104 3673 vero
3136 3616 3429 3686 conjuncta
3472 3623 3606 3671 sunt
3636 3616 3695 3670 in

2082 3707 2298 3780 origine
2329 3708 2573 3778 separari
2607 3715 2891 3779 nequeunt
2916 3708 2971 3761 in
3021 3706 3358 3779 posteritate.
3404 3706 3534 3760 ldeo
3585 3712 3703 3759 tra-

2083 3796 2221 3852 hunt
2248 3798 2495 3853 naturale
2524 3805 2806 3869 peccatum
2835 3797 3090 3853 homines
3118 3796 3213 3868 qui
3236 3803 3537 3850 nascuntur
3567 3811 3704 3865 pro-

2083 3886 2378 3959 pagatione
2395 3887 2711 3953 hominum;
2746 3886 2988 3942 nasceris
3011 3886 3249 3941 humana
3273 3882 3702 3957 propagatione,

2085 3978 2334 4050 sequitur
2361 3979 2522 4049 culpa
2569 3978 2916 4033 necessitate.
2977 3978 3159 4032 Potest
3208 3976 3373 4051 igitur
3419 3990 3543 4030 esse
3576 3975 3703 4029 sine

2084 4077 2331 4138 peccato,
2387 4084 2552 4140 quem
2614 4083 2724 4124 non
2765 4067 3021 4140 producit
3051 4068 3290 4121 humana
3343 4065 3694 4137 prepagatio.

2081 4157 2230 4213 Tolle
2267 4158 2719 4229 propagationem
2764 4158 3077 4222 humanam,
3140 4155 3234 4210 ubi
3274 4154 3528 4209 invenies
3578 4153 3700 4208 cul-

2083 4250 2249 4320 pam?
2289 4250 2351 4305 Et
2382 4250 2509 4306 ideo
2540 4250 2786 4305 Christus
2809 4266 2919 4306 non
2951 4247 3147 4303 habuit
3165 4247 3405 4319 culpam,
3439 4245 3574 4318 quia
3593 4264 3698 4319 ge-

370 4338 683 4394 personam.
743 4322 914 4378 Habet
952 4329 1134 4377 autem
1187 4339 1423 4395 persona
1463 4332 1774 4395 peccatum;
1819 4325 1966 4380 habet

2123 4340 2424 4395 erationem
2458 4354 2567 4395 non
2610 4338 2802 4393 habuit
2831 4339 3147 4393 humanam.
3198 4335 3307 4391 Nec
3344 4342 3433 4388 est
3459 4334 3703 4388 humana

370 4430 501 4490 ergo
514 4414 1029 4470 etsubstantiatota.
1053 4415 1349 4487 Tota,quia
1378 4432 1487 4472 non
1510 4423 1626 4472 erat
1650 4417 1782 4471 alibi
1812 4434 1976 4489 quam

374 4505 481 4571 ibi;
513 4511 645 4572 tota,
672 4504 801 4576 quia
819 4504 1065 4560 nondum
1092 4504 1148 4558 in
1162 4503 1298 4559 alias
1319 4519 1588 4576 personas
1609 4506 1814 4571 divisa;
1853 4514 1984 4573 tota,

373 4597 647 4668 siquidem
680 4596 903 4667 proprie
930 4596 1166 4651 dicimus
1199 4604 1330 4664 tota,
1361 4604 1415 4652 et
1436 4613 1546 4653 non
1573 4598 1756 4669 potius
1780 4600 1980 4656 omnis.

768 4708 903 4775 Quid
942 4709 1103 4764 distat
1142 4716 1313 4765 totum
1336 4716 1388 4765 et
1412 4726 1586 4765 omne.

446 4804 582 4862 Nam
615 4810 789 4859 totum
808 4820 909 4875 pro
939 4806 1189 4875 partibus
1228 4806 1464 4874 dicitur;
1511 4807 1691 4863 omnis
1721 4823 1850 4863 vero
1880 4823 1978 4879 pro

375 4894 696 4951 individuis.
731 4896 789 4950 Et
818 4895 1223 4952 universalibus
1253 4898 1510 4953 convenit
1534 4912 1719 4964 omne,
1752 4913 1982 4969 compo-

374 4986 490 5040 sitis
517 5001 645 5041 vero
673 4992 842 5041 totum
865 5003 878 5051 ;
911 5002 1034 5040 nam
1054 5003 1218 5042 omne
1238 4985 1449 5060 colligit
1474 4987 1777 5052 individua,
1808 4994 1980 5043 totum

375 5082 559 5146 partes
612 5083 927 5148 congregat.
971 5075 1198 5147 Species
1238 5085 1421 5131 autem
1479 5091 1586 5131 non
1620 5083 1803 5147 partes
1847 5092 1982 5132 cou-

374 5171 587 5238 gregat,
619 5164 716 5219 sed
747 5164 1033 5219 individua
1055 5163 1281 5238 colligit.
1310 5165 1823 5235 Etcompositumin
1851 5166 1986 5222 solis

378 5253 678 5308 individuis
730 5252 1029 5321 invenitur,
1069 5261 1131 5308 ut
1177 5254 1431 5310 dicantur
1460 5262 1611 5320 tota;
1657 5255 1988 5311 universalia

376 5360 505 5399 vero
546 5346 732 5400 omnia
768 5345 1035 5417 simplicis
1072 5355 1127 5401 et
1179 5347 1561 5417 incomposita:
1611 5356 1741 5402 sunt
1780 5357 1988 5403 natura:

380 5437 629 5502 quamvis
673 5438 1005 5510 quandoque
1082 5439 1429 5510 complurimi
1493 5438 1746 5495 dicantur
1806 5439 1988 5511 aliqua

381 5523 760 5591 similitudine,
812 5535 870 5582 ut
908 5531 1142 5600 species,
1201 5540 1255 5586 et
1300 5529 1626 5587 differentiis
1656 5542 1709 5588 et
1762 5549 1988 5606 genere,

382 5611 451 5664 ad
482 5613 901 5675 similitudinem
922 5623 1172 5680 materiei
1203 5631 1257 5680 et
1280 5623 1487 5680 forma.

2091 4437 2281 4486 natura
2311 4431 2550 4487 obnoxia
2581 4437 2828 4503 peccato,
2872 4429 2976 4485 nisi
3008 4428 3103 4484 ubi
3141 4426 3203 4482 fit
3256 4428 3493 4481 humana
3526 4441 3706 4495 gene-

2089 4524 2254 4590 ratio;
2289 4539 2414 4578 nam
2455 4523 2548 4579 ubi
2606 4523 2662 4577 in
2717 4522 3112 4594 prepagatione
3168 4519 3286 4575 sola
3315 4525 3399 4573 est
3449 4518 3706 4587 operatio

2087 4615 2292 4677 divina.
2323 4615 2428 4670 nisi
2465 4616 2633 4670 Deum
2669 4616 2881 4686 culpes,
2916 4612 3067 4669 nulla
3092 4619 3174 4668 est
3203 4610 3383 4681 culpa.
3414 4610 3505 4664 Sic
3536 4608 3705 4683 igitur

2086 4716 2407 4766 nasceretur
2435 4709 2557 4765 sine
2583 4717 2809 4781 peccato
2859 4708 3122 4772 Christus,
3157 4704 3368 4761 etiamsi
3410 4720 3522 4759 non
3557 4714 3705 4759 esset

2083 4798 2245 4855 Deus.

2326 4878 2433 4928 Cur
2459 4876 2518 4927 in
2546 4873 2750 4926 Christo
2792 4872 2902 4937 fuit
2930 4885 3090 4939 poma
3118 4872 3234 4923 sine
3262 4867 3440 4935 culpa.

2156 4982 2311 5037 Forte
2341 4982 2629 5053 quaeritur:
2673 4979 2776 5034 Cur
2807 4978 3053 5034 Christus
3102 4984 3250 5032 tanta
3301 4976 3559 5031 toleravit
3608 4978 3703 5047 qui

2085 5092 2194 5132 non
2227 5072 2519 5146 peccavit?
2565 5071 2942 5127 Infirmitatem
2975 5079 3239 5133 nostram,
3282 5084 3406 5139 qua:
3437 5068 3597 5122 utilis
3625 5077 3707 5122 est

2086 5178 2142 5228 et
2179 5186 2287 5242 qua
2311 5169 2483 5224 virtus
2524 5166 2767 5222 exerceri
2801 5172 3001 5237 potest,
3050 5172 3249 5235 sponte
3303 5171 3358 5218 et
3410 5163 3702 5218 hominum

2087 5261 2473 5332 compassione
2522 5257 2747 5314 retinuit
2795 5272 2905 5313 non
2959 5255 3310 5325 necessitate,
3370 5270 3521 5319 nam,
3579 5270 3704 5309 cum

2087 5368 2262 5425 usque
2292 5353 2360 5406 ad
2416 5358 2649 5406 mortem
2687 5349 2919 5404 virtutes
2963 5348 3209 5403 exercuit
3253 5346 3308 5399 in
3359 5344 3708 5410 infirmitate,

2088 5445 2240 5501 dedit
2261 5443 2571 5515 exemplum
2600 5442 2880 5515 patientia:
2914 5458 2983 5495 ne
3021 5455 3122 5495 nos
3151 5440 3205 5493 in
3256 5437 3581 5492 infirmitate
3609 5438 3710 5493 de-

2090 5536 2356 5602 ﬁciamus,
2380 5535 2480 5591 sed
2514 5535 2570 5589 in
2623 5534 2890 5606 patientia
2936 5533 3236 5588 toleremus
3288 5529 3545 5591 adversa,
3580 5529 3707 5599 quia

2085 5630 2259 5682 uirtus
2276 5630 2336 5681 in
2366 5628 2687 5691 inﬁrmitate
2710 5624 3029 5694 perﬁcitur(
3039 5627 3085 5677 ιι
3104 5626 3216 5678 Cor.
3253 5620 3349 5688 xu)
3402 5618 3541 5672 Nam
3575 5619 3708 5689 quid
