3892 6048
169 208 192 260 1
205 207 316 261 085

1240 206 1318 260 DE
1358 206 1644 262 PECCATO
1685 205 2040 262 ORIGINALI.
2081 238 2148 247 —
2191 208 2313 262 LIB.
2361 209 2422 261 ll.

3350 205 3489 265 1086

168 334 246 388 illi
270 334 465 390 eberat
494 332 791 389 difﬁcultas
817 349 1218 405 pressurarum,
1247 352 1370 391 cum
1390 337 1778 408 exprimeban-
1802 341 1852 408 Α
1882 336 1989 391 mal
2027 353 2131 392 nec
2157 338 2341 403 homo,
2363 337 2458 392 sed
2482 337 2709 392 alterius
2737 337 2962 406 speciei.
2997 336 3088 391 Sic
3118 343 3172 391 et
3201 337 3254 390 in
3286 337 3489 406 plantis

168 435 256 480 tur
286 425 532 498 insignia
562 425 847 480 latentium
879 425 1183 481 virtutum?
1221 427 1352 492 Quis
1402 428 1534 484 dicit
1582 429 1778 484 inutile

167 517 345 586 premi
373 517 740 573 torcularibus
766 533 919 584 uvas,
949 518 1044 589 qui
1075 534 1211 589 pura
1236 518 1595 575 videtsudare
1608 520 1778 576 vina?

164 607 296 672 Quis
337 623 446 664 non
489 607 707 663 fortiter
754 615 891 663 terat
929 611 1200 681 synaxim,
1253 611 1300 666 si
1359 611 1472 666 vult
1507 613 1774 668 occultam

163 695 373 750 sentire
417 695 722 752 virtutem?
776 695 867 752 Sic
923 697 978 751 in
1039 696 1256 754 Christo
1308 698 1411 754 fuit
1488 699 1778 757 infirmitas

166 790 352 838 nostra
407 783 650 839 exterius
701 785 859 854 cujus
915 786 1250 842 contritione
1302 793 1512 858 pateret
1574 796 1778 860 quanta

164 873 330 931 fuerit
360 875 589 931 firmitas
618 875 788 943 intus,
818 882 873 932 et
903 877 978 932 ita
1001 877 1120 932 sine
1149 889 1376 949 peccato
1405 895 1506 936 suo
1521 879 1778 956 dignatus

165 971 247 1018 est
278 965 387 1035 pati
416 981 637 1036 poenam
670 980 768 1036 pro
797 971 1025 1036 peccato
1047 973 1261 1034 nostro,
1285 983 1397 1024 non
1422 969 1599 1025 solum
1627 971 1774 1042 quod

163 1053 414 1121 facimus,
453 1055 551 1111 sed
565 1063 622 1112 et
659 1071 783 1111 cum
811 1071 924 1128 quo
955 1057 1215 1112 nascitur.

306 1165 446 1232 Quid
481 1165 646 1221 distat
673 1166 930 1221 naturale
953 1172 1233 1235 peccatum
1257 1175 1308 1222 et
1332 1171 1628 1238 personale.

239 1252 446 1308 Dicitur
472 1254 618 1308 enim
651 1252 868 1308 duobus
924 1254 1104 1309 modis
1143 1264 1456 1326 peccatum,
1488 1258 1774 1327 personale

164 1355 221 1402 et
251 1347 517 1403 naturale.
553 1347 617 1402 Et
650 1346 898 1403 naturale
953 1355 1038 1403 est
1065 1364 1188 1404 cum
1243 1365 1354 1421 quo
1381 1351 1678 1419 nascimur,
1721 1362 1776 1407 et

164 1442 312 1512 quod
346 1442 414 1496 ab
448 1441 615 1497 Adam
647 1443 917 1498 trahimus
955 1443 1010 1498 in
1041 1459 1152 1515 quo
1182 1459 1380 1500 omnes
1408 1447 1772 1517 peccavimus.

167 1535 225 1588 ln
261 1535 381 1606 ipso
411 1535 700 1591 enim'erat
730 1535 913 1590 anima
960 1553 1103 1604 mea,
1139 1539 1350 1609 specie,
1379 1555 1490 1594 non
1521 1557 1778 1612 persona,

165 1639 278 1679 non
310 1625 615 1692 individua,
665 1626 763 1680 sed
813 1627 1090 1682 communi
1146 1635 1362 1683 natura.
1422 1630 1555 1684 Nam
1599 1632 1781 1687 omnis

1883 429 2119 500 primum
2180 439 2262 485 est
2311 446 2342 484 a
2408 445 2518 501 quo
2581 444 2772 485 semen
2853 429 3094 484 medium
3169 445 3265 500 per
3315 429 3490 500 quod,

1878 521 1933 578 id
1994 530 2078 580 est
2127 524 2306 595 ipsum
2381 539 2572 579 semen
2617 524 2872 578 ultimum
2933 523 2987 578 in
3033 523 3182 595 quod
3233 523 3294 578 ﬁt
3379 531 3486 580 tra-

1879 618 1988 674 dux
2045 619 2266 690 plantae.
2316 619 2488 694 Igitur
2534 634 2563 673 a
2615 619 2792 690 prima
2847 618 3035 690 planta
3092 617 3244 673 venit
3297 617 3488 674 ultima

1879 711 2066 782 planta
2105 727 2204 782 per
2255 709 2497 765 medium
2547 724 2739 764 semen
2795 707 3016 779 plantae,
3057 707 3205 778 quod
3247 723 3356 762 non
3407 715 3489 762 est

1879 803 2083 873 planta.
2117 801 2234 858 Non
2274 809 2357 858 est
2401 816 2534 874 ergo
2562 800 2862 872 putandum
2895 799 2963 853 ab
2993 797 3277 853 individuo
3308 799 3488 869 primo

1876 907 2118 962 sequens
2150 891 2354 946 habere
2375 890 2656 946 traducem
2689 895 2884 960 praeter
2915 888 3167 942 eamdem
3198 885 3488 958 utriusque

1875 982 2147 1054 speciem,
2187 983 2294 1037 nisi
2323 982 2416 1038 fiat
2446 999 2547 1054 per
2577 980 2819 1036 medium
2849 995 3061 1035 semen.
3090 979 3488 1033 Transeat’saz-

1876 1071 2000 1142 pius
2028 1071 2248 1142 species
2274 1071 2342 1126 ab
2391 1071 2513 1126 aliis
2545 1068 2846 1124 individuis
2871 1068 2939 1122 ad
2999 1082 3221 1128 novum.
3272 1066 3484 1121 nullum

1875 1159 1951 1214 ibi
1984 1159 2264 1214 traducem
2305 1159 2562 1224 dicimus,
2612 1158 2719 1214 nisi
2749 1158 2842 1214 fiat
2871 1174 2970 1228 per
2994 1171 3184 1212 semen
3215 1155 3482 1212 medium.

1879 1251 1959 1318 Et,
1990 1250 2252 1322 quoniam
2285 1249 2581 1305 rationales
2625 1250 2823 1304 animae
2850 1248 3003 1304 nullo
3033 1249 3210 1302 fluunt
3247 1247 3484 1314 semine,

1877 1342 1946 1398 ab
1978 1343 2160 1398 anima
2212 1342 2390 1412 prima
2435 1341 2652 1412 species
2689 1355 2911 1411 semper
2957 1339 3150 1394 transit
3186 1340 3254 1394 ad
3287 1353 3483 1394 novam

1880 1435 2003 1488 sine
2033 1433 2143 1488 ulla
2175 1433 2418 1489 traduce.
2453 1432 2515 1486 Et
2544 1433 2588 1486 si
2611 1429 2975 1501 prmcedentis
2995 1429 3190 1482 animae
3223 1425 3488 1481 substan-
3539 1471 3544 1476 .

1881 1523 2012 1577 tiam
2058 1521 2258 1591 accipit
2281 1536 2443 1586 nova,
2500 1527 2684 1574 tamen
2735 1517 2938 1572 nullam
2970 1518 3135 1571 habet
3177 1515 3482 1578 traducem,

1882 1614 1976 1670 ubi
2017 1613 2226 1668 nullum
2261 1612 2556 1668 intervenit
2583 1626 2795 1666 semen.

162 1716 422 1771 humanae
481 1715 678 1773 anima:
723 1723 918 1773 natura
966 1720 1276 1775 communis
1338 1729 1454 1777 erat
1511 1724 1564 1776 in
1604 1724 1774 1778 Adam
1801 1710 1852 1780 Β
1877 1723 2143 1790 Quomodo
2174 1727 2308 1778 Deus
2324 1736 2434 1776 non
2471 1723 2586 1790 agit
2622 1721 2834 1789 culpam
2860 1721 2954 1788 qui
2974 1724 3120 1773 creat
3147 1719 3493 1787 peccatricem

163 1808 406 1864 obnoxia
434 1817 680 1880 peccato.
706 1810 768 1865 Et
808 1810 938 1866 ideo
967 1811 1150 1866 omnis
1189 1815 1427 1868 humana
1457 1815 1640 1869 anima
1662 1815 1782 1871 cul-

165 1899 368 1972 pabilis
399 1908 481 1957 est
518 1903 824 1959 secundum
857 1920 1010 1960 suam
1055 1914 1330 1973 naturam,
1389 1909 1492 1963 etsi
1543 1926 1655 1964 non
1686 1926 1778 1965 se-

165 1993 407 2049 cundum
439 2010 590 2050 suam
626 2011 942 2067 personam.
999 1999 1075 2053 Ita
1127 2006 1413 2068 peccatum
1443 2017 1552 2072 quo
1583 2017 1782 2072 pecca-

161 2085 341 2140 vimus
378 2086 433 2140 in
469 2087 661 2155 Adam,
695 2088 832 2143 mihi
862 2089 1088 2160 quidem
1121 2091 1371 2147 naturale
1393 2101 1498 2160 est,
1527 2093 1581 2148 in
1609 2094 1778 2150 Adam

161 2195 294 2234 vero
324 2181 634 2251 personale.
671 2183 729 2237 In
758 2183 928 2238 Adam
953 2183 1195 2257 gravius,
1220 2185 1398 2241 levius
1421 2187 1475 2242 in
1499 2205 1620 2255 me;
1653 2205 1778 2244 nam

163 2270 385 2338 peccavi
413 2271 468 2325 in
498 2288 566 2328 eo
598 2288 710 2330 non
751 2275 845 2346 qui
878 2292 1022 2342 sum,
1053 2278 1152 2332 sed
1191 2280 1339 2350 quod
1379 2296 1520 2336 sum.
1555 2281 1780 2338 Peccavi

159 2358 214 2412 in
239 2374 306 2413 eo
335 2375 442 2415 non
474 2375 600 2435 ego,
623 2363 719 2418 sed
739 2364 843 2420 hoc
859 2366 1009 2436 quod
1037 2383 1158 2422 sum
1185 2384 1308 2441 ego.
1339 2369 1566 2426 Peccavi
1591 2373 1778 2438 homo,

159 2447 260 2502 sed
289 2463 399 2503 non
429 2449 544 2506 Odo
624 2452 848 2509 Peccavi
893 2454 1224 2523 substantia,
1273 2473 1380 2514 non
1427 2475 1691 2531 persona;
1726 2467 1782 2516 et

158 2539 290 2610 quia
318 2540 627 2598 substantia
673 2559 784 2600 non
815 2552 901 2600 est
931 2547 1034 2601 nisi
1085 2548 1142 2602 in
1192 2564 1450 2620 persona,
1489 2561 1776 2622 peccatum

157 2631 484 2688 substantiae
516 2642 602 2690 est
643 2636 810 2690 etiam
855 2652 1129 2708 personae,
1170 2641 1266 2695 sed
1307 2656 1418 2697 non
1466 2644 1774 2712 personale.

161 2720 448 2777 Peccatum
489 2740 620 2780 vero
676 2727 967 2797 personale
1017 2737 1099 2784 est
1145 2731 1293 2802 quod
1344 2732 1485 2788 facio
1516 2749 1620 2807 ego
1681 2735 1775 2805 qui

154 2833 298 2884 sum,
333 2833 442 2874 non
475 2821 578 2875 hoc
600 2821 749 2892 quod
769 2838 914 2888 sum,
941 2839 1053 2895 quo
1079 2841 1249 2895 pecco
1280 2825 1416 2895 Odo,
1441 2843 1553 2884 non
1587 2829 1770 2895 homo,

153 2925 264 2980 quo
295 2925 462 2980 pecco
509 2927 768 2982 persona,
811 2930 921 2971 non
965 2922 1190 2981 natura;
1237 2919 1335 2973 sed
1369 2919 1498 2991 quia
1540 2936 1774 2991 persona

151 3016 263 3054 non
302 3009 386 3058 est
437 3004 557 3058 sine
614 3013 830 3070 natura,
881 3015 1166 3078 peccatum
1210 3025 1460 3080 personae
1495 3017 1578 3067 est
1607 3012 1771 3068 etiam
1797 3029 1846 3097 Ο

151 3100 380 3157 naturae,
416 3095 514 3151 sed
544 3112 655 3153 non
691 3099 960 3154 naturale.

545 3190 686 3256 Quid
713 3197 788 3246 est
816 3194 1000 3247 venire
1036 3193 1099 3248 de
1139 3195 1376 3250 traduce.

231 3280 338 3334 Sed
367 3283 578 3354 apponi
605 3289 814 3354 potest:
840 3285 1128 3340 Ostensum
1154 3293 1236 3341 est
1283 3289 1520 3344 animam
1552 3291 1773 3360 cujusli-

151 3368 245 3422 bet
281 3384 346 3424 ex
377 3370 604 3426 traduce
635 3372 846 3434 venire,
901 3387 1026 3428 cum
1067 3375 1172 3430 hoc
1221 3376 1567 3433 Orthodoxus
1597 3394 1768 3454 nega-

152 3458 309 3513 verit.
343 3459 475 3515 Nam
505 3460 768 3532 quaelibet
798 3462 981 3518 anima
1005 3471 1219 3520 creatur
1254 3466 1307 3521 in
1335 3482 1584 3538 corpore,
1619 3469 1768 3526 aliud

152 3563 274 3604 esse
312 3547 756 3605 substantialiter
783 3565 894 3606 non
939 3551 1108 3608 habet
1145 3570 1307 3626 quam
1363 3557 1624 3628 speciale.
1661 3559 1768 3615 Sed

155 3653 278 3692 esse
329 3637 571 3708 speciale
613 3645 669 3694 et
716 3640 900 3696 anima
941 3642 1116 3712 prima
1147 3643 1374 3712 habuit;
1431 3646 1600 3702 habet
1637 3664 1768 3724 ergo

153 3725 418 3796 quaelibet
466 3727 648 3782 anima
699 3728 1117 3785 substantialem
1148 3733 1444 3789 essentiam
1486 3735 1554 3790 ab
1587 3737 1768 3792 anima

155 3818 350 3889 prima.
381 3818 544 3874 Venit
589 3835 721 3896 ergo
762 3837 827 3875 ex
872 3821 1098 3878 traduce
1129 3824 1394 3896 quaelibet
1417 3826 1622 3896 anima,
1645 3845 1768 3900 quae

153 3905 572 3962 substantialem
609 3910 908 3966 essentiam
940 3911 1107 3966 trahit
1157 3928 1187 3965 a
1217 3912 1411 3982 prima.
1473 3915 1580 3970 Sed
1641 3918 1768 3973 huic

151 3998 453 4070 objectioni
481 4002 845 4072 respondetur
881 4004 1011 4076 quia
1045 4019 1154 4060 non
1183 4014 1330 4062 recte
1359 4008 1641 4065 traducem
1673 4027 1763 4066 ac-

151 4089 365 4160 cipiunt
393 4091 486 4162 qui
519 4107 636 4146 eam
667 4093 736 4146 de
765 4094 952 4164 specie
995 4094 1208 4152 dicunt.
1238 4097 1298 4154 Et
1329 4099 1478 4170 quod
1505 4105 1588 4154 est
1614 4100 1762 4156 indi-

152 4178 328 4245 vidui,
367 4194 478 4234 non
528 4179 672 4235 bene
725 4183 1006 4240 ascribunt
1039 4186 1268 4256 speciei.
1319 4188 1575 4253 Quamvis
1613 4190 1760 4245 enim

155 4276 396 4338 nequeat
427 4284 552 4323 esse
582 4269 702 4324 sine
755 4272 962 4340 specie,
1010 4273 1356 4332 individuum
1413 4287 1595 4334 tamen
1654 4295 1763 4335 non

2557 1829 2805 1870 ammam
2814 1857 2824 1868 .

1953 1907 2221 1980 Superius
2275 1905 2489 1976 digesta
2529 1902 2765 1974 probant
2817 1903 3108 1956 humanam
3160 1899 3397 1955 animam
3441 1899 3496 1954 in

1882 2013 2222 2070 unoquoque
2249 1996 2424 2052 creari
2449 1994 2834 2066 peccatricem,
2861 2009 2964 2048 nec
2994 1999 3174 2064 potest
3187 2007 3281 2046 eas
3311 2005 3500 2044 creare

1883 2089 1989 2144 nisi
2022 2089 2168 2144 Deus
2217 2088 2310 2160 qui
2370 2092 2519 2142 creat
2571 2085 2774 2142 omnia.
2831 2083 3159 2138 Timendum
3198 2089 3281 2138 est
3334 2081 3502 2153 igitur

1884 2194 1954 2233 ne
1985 2177 2197 2248 peccati
2226 2175 2300 2232 sit
2324 2176 2466 2230 Deus
2491 2180 2702 2240 auctor,
2725 2173 2818 2244 qui
2843 2181 2926 2226 est
2951 2170 3271 2242 peccatricis
3299 2169 3497 2224 anima:

1881 2279 2116 2325 creator.
2169 2267 2276 2322 Sed
2337 2273 2560 2322 econtra
2616 2264 2852 2320 dicimus
2917 2263 3086 2317 Deum
3145 2268 3201 2316 et
3257 2261 3494 2314 animam

1881 2373 2065 2414 creare
2085 2356 2473 2428 peccatricem,
2503 2361 2557 2410 et
2587 2369 2698 2410 non
2721 2368 2841 2408 esse
2866 2351 2993 2406 mali
3025 2357 3329 2406 auctorem.
3361 2349 3495 2404 Vide

1881 2449 2028 2506 enim
2057 2449 2112 2503 in
2137 2449 2378 2502 humano
2399 2462 2606 2517 genere
2637 2445 2762 2517 quis
2802 2443 2934 2499 fecit
2972 2443 3124 2514 prius
3149 2441 3412 2508 animam,
3442 2449 3497 2495 et

1881 2541 2004 2614 quis
2045 2540 2197 2611 prius
2235 2538 2476 2610 culpam,
2524 2549 2579 2591 et
2630 2535 2887 2592 invenies
2921 2534 3158 2589 animam
3189 2548 3330 2603 opus
3379 2533 3494 2600 Dei,

1877 2641 1932 2690 et
1961 2633 2197 2705 ‘culpam
2252 2648 2393 2703 opus
2423 2631 2687 2688 hominis.
2749 2629 2896 2700 Opus
2949 2629 3043 2683 Dei
3083 2628 3314 2692 bonum,
3355 2642 3496 2698 opus

1877 2721 2121 2778 hominis
2144 2721 2366 2783 malum.
2401 2719 2530 2774 Cum
2565 2735 2699 2794 ergo
2721 2718 2888 2774 dicis:
2915 2719 3061 2772 Deus
3085 2723 3234 2773 creat
3255 2717 3492 2771 animam

1877 2813 2264 2885 peccatricem,
2322 2811 2431 2866 duo
2470 2810 2626 2871 dicis.
2685 2810 2923 2865 animam
2987 2815 3040 2864 et
3089 2818 3397 2880 peccatum,
3443 2817 3498 2863 et

1875 2913 2172 2976 utrumque
2205 2903 2348 2958 refer
2386 2903 2456 2957 ad
2485 2908 2765 2958 auctorem
2797 2918 2976 2966 suum,
3009 2901 3248 2956 animam
3283 2901 3496 2956 scilicet

1875 2994 1941 3048 ad
1975 2994 2166 3059 Deum,
2191 2998 2248 3047 et
2277 2992 2346 3046 ad
2375 2991 2657 3047 hominem
2683 2997 2989 3062 peccatum.
3024 2989 3198 3064 Igitur
3229 2989 3286 3042 in
3308 2987 3494 3043 anima

1877 3083 2205 3156 peccatrice,
2237 3083 2587 3154 quam.Deus
2613 3091 2787 3148 creat,
2828 3081 2897 3136 da
2927 3081 3040 3136 Deo
3083 3095 3240 3135 suum
3268 3094 3409 3151 opus
3437 3084 3492 3134 et

1871 3174 2054 3243 lauda,
2095 3183 2150 3230 et
2189 3174 2400 3231 homini
2451 3174 2521 3228 da
2551 3189 2710 3228 suum
2765 3179 2819 3228 et
2856 3172 3108 3243 vitupera
3170 3170 3328 3226 Creat
3375 3170 3491 3226 ani-

1871 3287 2014 3326 mam
2067 3270 2449 3341 peccatricem.
2508 3269 2662 3332 Quod
2717 3269 2876 3323 audis
2922 3268 3186 3334 animam,
3241 3267 3332 3320 Del
3376 3272 3486 3330 est;

1871 3362 2018 3434 quod
2054 3362 2437 3432 peccatricem,
2467 3360 2729 3416 hominis.
2757 3359 2864 3415 Hoc
2895 3359 3060 3414 modo
3089 3359 3232 3413 Deus
3252 3363 3306 3412 et
3335 3363 3484 3411 creat

1871 3449 2111 3504 animam
2139 3448 2522 3520 peccatricem,
2549 3453 2604 3501 et
2638 3461 2748 3501 non
2775 3454 2860 3500 est
2879 3453 3068 3502 auctor
3086 3444 3318 3514 peccati.
3355 3444 3489 3498 Am-

1872 3542 2040 3613 plius,
2081 3541 2178 3596 sed
2232 3548 2293 3595 ut
2339 3539 2654 3595 evidentius
2720 3538 3028 3608 loquamur,
3071 3551 3340 3606 ponamus
3390 3551 3486 3606 pro

1871 3640 2101 3704 peccato
2133 3631 2479 3701 injustitiam.
2531 3631 2673 3684 Deus
2721 3638 2871 3684 creat
2926 3628 3164 3682 animam
3207 3627 3488 3695 injustam.

1872 3719 2202 3774 Benedictus
2250 3720 2414 3784 Deus,
2447 3717 2580 3788 quia
2639 3724 2695 3772 et
2749 3717 2805 3770 in
2837 3717 2943 3772 hoc
2986 3716 3170 3784 justus
3207 3723 3310 3770 est.
3345 3715 3483 3780 Quid

1870 3808 2018 3862 enim
2051 3807 2256 3876 justius
2290 3821 2456 3878 quam
2485 3805 2724 3860 animam
2772 3804 3066 3859 humanam
3112 3818 3300 3858 creare
3332 3803 3481 3874 inju-

1868 3898 2052 3954 stam?
2084 3898 2236 3954 Certe
2259 3898 2422 3952 talem
2457 3895 2650 3951 debuit
2682 3896 2737 3950 in
2779 3912 2866 3952 me
2903 3911 3118 3960 creare,
3152 3895 3332 3967 qualis
3385 3895 3487 3950 fuit

1869 3989 2119 4060 inprime
2152 3989 2401 4056 homine,
2434 3987 2737 4060 quiatalem
2757 3988 3034 4043 nascendo
3055 3987 3292 4060 quisque
3319 3987 3488 4043 debet

1867 4082 2071 4136 habere
2111 4082 2327 4154 qualem
2377 4081 2543 4136 debet
2574 4081 2894 4156 propagatio
2927 4081 3093 4136 maris
3147 4089 3202 4136 et
3228 4080 3472 4136 feminae.

1867 4177 2022 4233 Creat
2055 4177 2222 4252 igitur
2260 4177 2520 4246 injustam
2570 4177 2894 4246 justissime,
2936 4179 3064 4248 quia
3111 4178 3275 4233 talem
3336 4187 3488 4234 creat

1869 4273 2048 4348 qualis
2073 4273 2239 4328 debet
2278 4289 2420 4329 esse.
2453 4273 2508 4327 Si
2545 4273 2746 4341 justam
2781 4282 3010 4339 crearet,
3047 4273 3286 4340 injustas
3311 4280 3476 4337 esset,

151 4357 320 4413 habet
347 4375 467 4414 eam
497 4376 527 4414 a
559 4361 764 4432 specie.
794 4362 964 4420 Habet
993 4365 1340 4424 individuum
1366 4369 1436 4424 ab
1468 4370 1760 4427 individuo
1789 4397 1848 4466 D
1873 4375 1926 4420 et
1957 4372 2145 4421 contra
2175 4382 2265 4432 se;
2313 4382 2460 4428 nam,
2491 4365 2582 4436 qui
2625 4364 2944 4418 instituerat
2982 4365 3355 4434 posteritatem
3392 4365 3487 4418 hu-

153 4450 460 4519 traducem,
483 4453 582 4507 sed
600 4468 710 4509 non
727 4455 1032 4511 secundum
1051 4459 1301 4514 eamdem
1323 4461 1597 4531 speciem;
1622 4464 1771 4519 venit

156 4544 304 4598 enim
334 4543 402 4598 ab
437 4544 724 4602 individuo
751 4548 958 4619 Speciei
999 4549 1252 4618 alicujus,
1296 4568 1394 4622 per
1421 4553 1766 4612 individuum

1874 4459 2117 4513 manitus
2175 4466 2525 4532 prepagatam
2577 4473 2737 4511 suum
2795 4457 2956 4528 sequi
3013 4456 3367 4527 principium,
3437 4456 3483 4511 si

1871 4548 2118 4604 nascitur
2145 4550 2245 4604 ista
2274 4547 2592 4620 posteritas,
2623 4563 2783 4602 suum
2814 4554 2979 4620 negat
3008 4545 3338 4609 institutum,
3369 4545 3487 4599 dis-

155 4633 605 4702 specieialterius
629 4635 684 4690 in
713 4635 1061 4692 individuum
1087 4638 1336 4706 ejusdem
1357 4642 1766 4713 speciei,cujus
1864 4638 2108 4712 jungens
2139 4653 2170 4692 a
2200 4637 2378 4707 capite
2434 4651 2656 4706 corpus,
2697 4643 2757 4690 ut
2797 4649 2900 4690 suo
2935 4633 3205 4704 principio
3259 4647 3369 4690 non
3414 4633 3486 4689 sit

154 4731 271 4780 erat
303 4725 476 4796 prius,
509 4733 568 4781 ut
604 4727 715 4782 sint
747 4735 992 4783 extrema
1035 4729 1322 4786 individua
1359 4731 1608 4800 ejusdem
1632 4751 1768 4806 spe-

157 4813 283 4880 ciei,
327 4815 568 4870 medium
608 4831 740 4872 vero
797 4815 1042 4872 alterius.
1099 4817 1358 4885 Ejusdem
1411 4828 1540 4876 sunt
1592 4837 1621 4876 a
1662 4841 1774 4896 quo

154 4906 305 4961 venit
331 4915 386 4963 et
416 4909 469 4963 in
502 4909 672 4981 quod,
715 4909 939 4964 alterius
969 4925 1101 4966 vero
1144 4927 1241 4980 per
1283 4913 1452 4984 quod.
1505 4913 1770 4984 Medium,

154 5006 241 5054 est
272 5016 368 5071 per
395 5003 568 5073 quod,
623 5010 866 5059 extrema
896 5013 1024 5058 sunt
1049 5021 1080 5058 a
1112 5020 1222 5076 quo
1262 5012 1317 5060 et
1347 5007 1401 5060 in
1450 5009 1620 5079 quod,
1658 5011 1771 5081 pri-

154 5107 302 5147 mum
333 5109 363 5148 a
396 5110 528 5166 quo,
557 5103 859 5150 extremum
901 5095 956 5150 in
985 5087 1155 5168 quod,
1198 5105 1258 5152 ut
1289 5097 1342 5152 in
1385 5099 1610 5156 animali
1657 5102 1771 5172 pri-

155 5201 302 5240 mum
336 5201 535 5257 parens
563 5203 595 5240 a
622 5201 754 5258 quo,
793 5185 1058 5253 medium,
1091 5203 1283 5244 semen
1315 5207 1414 5262 per
1433 5194 1604 5265 quod,
1631 5193 1764 5249 ulti~

157 5289 306 5328 mum
336 5273 522 5344 proles
544 5273 602 5328 in
625 5275 774 5346 quod
807 5276 1087 5331 traducem
1119 5278 1310 5334 venire
1336 5280 1591 5336 dicimus.
1613 5281 1771 5337 Venit

157 5377 288 5436 ergo
319 5378 349 5416 a
401 5361 581 5433 primo
609 5378 707 5434 per
750 5364 993 5420 medium
1040 5365 1098 5420 in
1138 5367 1414 5423 ultimum.
1449 5369 1684 5424 Primum
1717 5377 1772 5426 et

159 5452 410 5508 ultimum
442 5452 690 5519 ejusdem
748 5453 956 5523 speciei
998 5455 1102 5509 sub
1129 5457 1378 5525 animali,
1406 5466 1468 5514 ut
1507 5459 1766 5516 hominis.

159 5543 291 5598 Nam
332 5542 376 5597 si
412 5558 611 5613 parens
656 5551 739 5598 est
779 5544 980 5599 animal
1036 5553 1091 5600 et
1131 5548 1317 5614 homo,
1358 5554 1412 5602 et
1436 5549 1617 5618 proles
1646 5550 1768 5604 ani-

163 5634 267 5690 mal
291 5642 347 5690 et
377 5634 561 5691 homo.
585 5632 819 5690 Medium
842 5651 970 5692 vero
995 5653 1188 5692 semen
1223 5655 1320 5707 per
1336 5640 1503 5710 quod,
1527 5655 1631 5695 nec
1650 5641 1769 5696 ani-

1875 4728 2002 4784 finis
2032 4728 2346 4802 contiguus,
2395 4735 2450 4783 et
2477 4727 2712 4782 biforme
2739 4731 3042 4782 monstrum
3084 4724 3156 4780 sit
3186 4726 3482 4781 humanum

1873 4834 2072 4892 genus,
2095 4817 2310 4872 habens
2331 4825 2494 4889 caput
2517 4817 2730 4872 discors
2746 4832 2775 4870 a
2801 4829 3048 4886 corpore.
3075 4821 3128 4870 et
3152 4816 3482 4886 principium

1874 4927 1902 4964 a
1945 4910 2073 4964 fine.
2110 4909 2242 4964 Vide
2273 4925 2406 4981 ergo
2451 4925 2520 4964 ne
2552 4909 2682 4963 dum
2716 4909 2980 4963 abhorres
3011 4907 3240 4976 injustas
3273 4906 3486 4961 animas

1870 5014 2059 5054 creare
2100 4999 2294 5064 Deum,
2346 4998 2621 5054 adulando
2659 4997 2841 5062 stulte,
2885 4997 3053 5052 facias
3110 4996 3396 5064 injustam,
3431 5004 3485 5051 et

1871 5111 1993 5160 cum
2038 5095 2306 5151 honorare
2357 5102 2515 5166 putas
2570 5095 2880 5150 exhonores
2927 5093 3312 5164 justissimum.
3358 5093 3485 5146 Am-

1870 5186 2038 5257 plius,
2081 5185 2225 5241 Deus
2268 5185 2420 5240 dedit
2453 5185 2720 5254 justitiam
2769 5185 2990 5248 animae,
3047 5191 3104 5240 et
3141 5183 3269 5238 ideo
3317 5182 3486 5238 debet

1872 5277 2104 5344 habere,
2135 5279 2232 5333 sed
2287 5277 2469 5332 anima
2526 5293 2688 5348 quam
2741 5276 2945 5332 habere
3002 5274 3171 5330 debet
3219 5274 3482 5342 justitiam

1871 5376 2074 5440 sponte
2099 5366 2368 5423 deseruit.
2403 5366 2568 5436 Cujus
2612 5381 2744 5441 ergo
2788 5366 2950 5436 culpa
2986 5369 3155 5431 caret,
3187 5379 3351 5435 quam
3387 5363 3486 5417 ha-

1874 5460 2007 5514 bere
2035 5459 2238 5514 debet?
2267 5458 2376 5513 Sua
2409 5473 2531 5526 quae
2562 5465 2765 5528 sponte
2796 5455 3069 5522 deseruit,
3101 5468 3211 5508 non
3251 5451 3345 5507 Dei
3389 5453 3482 5524 qui

1871 5566 1982 5605 non
2031 5547 2235 5620 coegit.
2267 5545 2470 5601 Tamen
2503 5545 2705 5600 habere
2754 5543 2923 5599 debet
2957 5557 3121 5614 quam
3156 5555 3265 5596 non
3296 5539 3479 5594 habet.

1871 5642 2022 5708 Quod
2057 5657 2189 5712 ergo
2215 5639 2354 5694 Deus
2377 5638 2614 5692 animam
2644 5636 2767 5691 facit
2799 5637 2921 5688 sine
2945 5634 3157 5702 justitia
3185 5647 3347 5706 quam
3369 5633 3473 5688 de-
