3892 6048
419 144 559 198 1087
1621 145 1682 199 Β.
1725 144 1963 201 ODONIS
2005 143 2026 198 (

2203 146 2242 199 l.
2288 143 2491 200 EPISC.
3613 144 3778 198 1088
3853 57 3855 118 ‘

415 271 508 324 bet
540 269 766 336 habere,
808 285 920 324 non
951 277 1036 324 est
1075 271 1169 324 Dei
1209 271 1390 342 culpa,
1434 273 1530 327 sed
1569 273 1786 327 animae.
1829 273 1932 327 Sed
1973 272 2019 327 si
2045 279 2093 344 Α
2118 274 2326 342 justum
2367 281 2426 328 ut
2452 283 2508 329 tu
2535 275 2612 329 sis
2645 275 2826 342 justus
2889 273 2996 327 Sed
3037 273 3396 327 immutabilis
3415 288 3529 327 non
3563 277 3776 342 potest

415 376 534 414 eam
567 361 730 414 modo
762 359 890 413 facit
923 361 1043 416 sine
1069 362 1300 430 justitia,
1335 379 1496 434 quam
1527 373 1725 434 sponte
1755 364 2017 428 deseruit,

413 465 599 506 nonne
624 450 932 506 laudandus
953 459 1034 506 est
1063 453 1226 508 valde
1266 454 1359 524 qui
1394 462 1474 510 tot
1501 455 1552 510 ei
1583 454 1729 509 bona
1761 455 2023 525 reliquit?

413 541 605 596 Adhuc
639 550 885 597 remanet
907 543 1217 598 eidebitum
1235 544 1460 612 justitia:
1491 555 1542 599 et
1566 544 1908 619 propagatio,
1938 563 2025 600 ar-

415 629 751 701 bitriumque
781 631 1027 695 rationis,
1061 641 1116 686 et
1143 633 1264 703 ipsa
1308 634 1466 698 ratio,
1501 649 1606 705 qua
1647 633 1862 688 cmteris
1893 649 2025 704 prae-

415 717 624 774 cminet
641 719 992 776 animalibus.
1010 721 1200 776 Anima
1211 722 1394 788 stulta,
1409 723 1596 794 quisce
1609 737 1842 797 arguere
1857 723 2021 777 Crea-

415 813 610 872 torem,
640 815 714 873 et,
739 809 866 880 quia
912 815 962 864 te
993 826 1104 865 non
1157 810 1282 864 lccit
1311 811 1534 878 justam,
1563 811 1827 880 injustum
1870 810 2023 865 (lice-

416 915 490 954 re.
535 898 783 954 Sufﬁciat
815 900 914 954 tibi
963 902 1110 972 quod
1145 901 1338 968 habes,
1382 901 1510 973 quia
1550 918 1653 957 nec
1679 903 1855 974 ipsum
1897 919 2022 957 me-

414 993 589 1046 ruisti.
624 995 803 1049 Lauda
833 995 1231 1065 benignitatem
1263 997 1448 1051 dantis
1479 996 1772 1063 immerita,
1801 1013 1904 1052 nec
1934 1013 2024 1052 ac-

416 1101 546 1140 cusa
577 1087 958 1142 rectitudinem
992 1103 1101 1143 non
1155 1089 1335 1143 dantis
1365 1089 1584 1157 injusta.
1645 1089 1796 1152 Quod
1826 1089 1870 1143 si
1915 1105 2024 1144 non

420 1173 597 1242 placet
629 1174 704 1228 illi
738 1176 868 1229 dare
907 1179 1162 1231 creandae
1194 1183 1366 1231 totum
1399 1177 1547 1248 quod
1567 1177 1672 1242 vis,
1702 1194 1804 1248 age
1825 1177 2028 1248 gratias

418 1264 486 1320 de
525 1268 826 1336 concessis,
857 1270 1108 1341 supplica
1139 1286 1236 1340 pro
1259 1269 1410 1334 aliis;
1444 1271 1624 1324 facere
1674 1271 1754 1324 vis
1776 1286 1900 1324 eum
1933 1271 2025 1324 in-

2124 363 2342 429 mutari,
2376 379 2479 418 nec
2502 363 2622 438 cegi
2648 369 2827 434 potest
2856 359 3237 432 Omnipotens.
3271 362 3426 415 Creat
3458 362 3771 432 injustam,

2120 453 2216 506 sed
2249 453 2355 506 hoc
2383 451 2520 505 nihil
2543 457 2626 506 est
2652 451 2802 506 aliud
2833 467 2994 522 quam
3027 450 3148 504 sine
3191 448 3401 518 justitia
3431 465 3666 514 creare,
3700 463 3766 504 et

2119 539 2394 609 justitiam
2433 555 2543 594 non
2598 539 2730 594 dare
2770 539 3052 604 creandie;
3102 537 3148 592 si
3190 554 3300 592 non
3337 538 3452 592 vult
3498 538 3766 608 amplius

2125 632 2280 697 dare,
2317 631 2446 686 tolle
2479 632 2626 702 quod
2656 631 2826 684 habes
2851 629 3057 704 gratias
3088 630 3326 704 agendo,
3359 645 3464 684 nec
3489 647 3596 700 pro
3631 629 3770 683 aliis

2126 725 2205 782 sis
2268 723 2346 776 illi
2427 723 2694 776 molestus
2771 721 2877 775 nisi
2961 721 3346 792 supplicando.
3430 721 3541 776 Sed
3615 720 3768 774 forte

2125 809 2296 864 dicis:
2327 810 2509 866 Debeo
2563 811 2790 868 habere.
2821 811 2875 864 Si
2926 811 3118 876 debes,
3148 809 3336 864 redde.
3384 809 3502 865 Non
3538 809 3766 864 habeo.

2129 897 2394 954 Habuisti.
2449 901 2686 955 Perdidi.
2731 900 2864 964 Quis
2893 898 3162 954 abstulit?
3201 898 3412 952 Nullus.
3454 899 3770 962 Quomodo

2127 1006 2258 1061 ergo
2291 991 2846 1062 [terdidistii'Spontc
2868 990 3074 1044 dimisi.
3111 989 3245 1063 Ergo
3277 1005 3386 1044 non
3420 989 3643 1060 poteris
3675 1005 3768 1041 re-

2129 1097 2394 1152 cuperare
2439 1083 2543 1136 nisi
2573 1099 2770 1154 magna
2802 1081 3338 1152 recompensatione.
3373 1082 3566 1135 Adhuc
3595 1097 3766 1150 quae—

2129 1177 2254 1231 dam
2288 1194 2385 1248 pro
2413 1177 2736 1232 orthodoxis
2753 1187 2881 1230 sunt
2908 1175 3166 1241 dicenda,
3209 1175 3308 1230 sed
3339 1176 3470 1247 quia
3493 1175 3634 1229 lassi
3665 1192 3762 1228 su-

2130 1285 2270 1336 mus,
2300 1268 2414 1323 aliii
2438 1277 2565 1322 sunt
2595 1269 2820 1325 exordio
2861 1267 3149 1322 servanda.

1669 1397 1929 1474 Expi-icit
1977 1399 2124 1456 iiber
2163 1397 2481 1487 secundus.

2361 1593 2639 1601 —_—--—.
2653 1594 3000 1601 -..φορμ-η-
3011 1594 3038 1600 _
3049 1594 3092 1600 ...-
3111 1595 3152 1600 -σ-
3167 1594 3293 1600 ’φ’-ο

1583 1733 1926 1820 LIBER
2027 1733 2568 1821 TERTIUS.

525 1946 672 2010 Quod
712 1952 848 2002 totus
879 1950 1028 2002 homo
1053 1948 1254 2002 dicitur
1287 1964 1506 2017 peccare
1531 1964 1625 2018 per
1653 1953 1917 2016 animam,

993 2053 1102 2090 non
1123 2052 1221 2106 per
1248 2053 1454 2106 corpus.

489 2140 756 2209 Superius
793 2143 1008 2216 digesta
1046 2145 1332 2200 continent
1362 2145 1684 2214 injustitiam
1728 2147 2023 2201 essentiam

421 2247 528 2287 non
566 2234 790 2301 habere,
824 2253 926 2292 nec
955 2254 1074 2292 esse
1109 2238 1160 2292 in
1187 2255 1443 2310 corpore,
1477 2241 1577 2295 sed
1605 2241 1658 2294 in
1691 2241 1875 2295 anima
1907 2248 2026 2296 tan-

421 2329 556 2390 tum,
599 2323 691 2377 ubi
726 2325 939 2394 justitia
969 2327 1134 2382 debet
1176 2346 1320 2395 esse,
1368 2331 1580 2386 animas
1611 2347 1736 2386 vero
1769 2347 1879 2386 non
1907 2330 2023 2385 tieri

419 2411 487 2464 de
515 2412 757 2478 traduce,
786 2415 883 2468 sed
916 2433 946 2468 a
975 2417 1094 2472 solo
1125 2417 1260 2483 Deo,
1317 2419 1400 2474 vel
1439 2419 1507 2474 de
1537 2421 1880 2476 exstantibus
1936 2419 2025 2474 ali-

419 2503 637 2572 quibus,
681 2505 764 2560 vel
795 2506 861 2559 de
894 2508 1090 2573 nihilo,
1114 2516 1168 2563 et
1202 2509 1254 2563 in
1288 2519 1514 2580 peccato
1539 2513 1704 2566 Adam
1733 2513 2026 2566 humanam

417 2594 656 2648 animam
698 2613 978 2666 peccasse,
1028 2615 1248 2654 omnem
1291 2608 1346 2656 et
1375 2609 1566 2670 totam,
1599 2620 1700 2658 nec
1749 2613 1870 2674 post
1899 2620 2023 2659 eum
2058 2629 2065 2637 -

421 2694 619 2757 printer
649 2687 844 2745 Christi
872 2692 1108 2746 animam
1144 2694 1307 2749 ullam
1342 2695 1463 2750 sine
1498 2707 1724 2767 peccato
1754 2696 1896 2762 ﬁeri,
1925 2698 2029 2752 hoc

418 2775 674 2850 exigente
715 2780 897 2836 divina
941 2783 1282 2856 naturalique
1307 2785 1539 2855 justitia.
1576 2787 1712 2848 Quia
1757 2801 1889 2858 ergo
1929 2786 2026 2841 ho-

420 2871 587 2926 minis
619 2885 903 2944 peccatum
957 2878 1012 2932 in
1067 2895 1296 2950 corpore
1337 2895 1447 2936 non
1489 2881 1786 2948 invenitur,
1839 2881 1937 2936 sed
1979 2882 2030 2935 in

417 2959 620 3026 anima,
654 2962 858 3018 idcirco
890 2965 1055 3020 locuti
1106 2983 1296 3022 sumus
1343 2969 1448 3024 huc
1509 2986 1684 3040 usque
1725 2970 1794 3023 de
1825 2970 2030 3025 anima.

421 3047 590 3102 llomo
624 3067 772 3116 vero,
828 3069 925 3122 pro
980 3070 1090 3124 quo
1150 3063 1322 3110 totum
1375 3058 1520 3112 hunc
1576 3073 1887 3114 sermonem
1946 3059 2034 3113 in-

421 3135 779 3206 sumpsimus,
799 3155 862 3193 ex
887 3141 1071 3197 anima
1092 3150 1304 3198 constat
1333 3154 1384 3200 et
1408 3161 1662 3216 corpore,
1695 3162 1798 3201 nec
1827 3147 2038 3220 integer

421 3232 504 3280 est
559 3242 624 3281 ex
665 3229 856 3298 altero,
916 3232 1030 3287 sive
1087 3241 1350 3306 utroque,
1415 3237 1667 3308 quamvis
1726 3238 2028 3293 secundum

420 3318 738 3374 alterutrum
799 3323 1016 3378 dicatur
1063 3325 1229 3382 homo
1286 3329 1640 3400 quandoque,
1699 3337 1759 3385 ut
1808 3330 2028 3402 quidam

417 3413 660 3483 sapiens,
715 3432 744 3468 a
807 3417 1228 3492 generalissimo
1277 3421 1624 3478 descendens
1675 3423 1741 3478 ad
1783 3423 2031 3478 ultimam

417 3505 660 3574 speciem
675 3511 892 3580 corpori
907 3513 1172 3582 supponit
1193 3513 1499 3582 hominem,
1525 3515 1720 3570 dicens
1747 3516 2032 3571 hominem

421 3610 542 3649 esse
599 3613 800 3669 corpus
859 3601 1182 3670 animatum,
1242 3605 1531 3672 sensibile,
1601 3607 1888 3674 rationale,
1949 3608 2038 3663 hic

425 3707 642 3759 ponens
664 3695 937 3750 rationem
966 3713 1064 3768 pro
1099 3699 1406 3765 locutione;
1471 3702 1600 3772 quia
1633 3703 1771 3757 sicut
1823 3704 2036 3759 ratione

421 3797 578 3836 mens
621 3784 787 3849 intus,
823 3785 894 3840 ita
925 3801 1182 3843 sermone
1227 3804 1428 3860 corpus
1457 3791 1630 3846 utitur
1658 3793 1920 3847 exterius.
1977 3793 2037 3848 Et

420 3875 551 3943 quia
579 3891 726 3944 saepe
759 3876 888 3930 dum
931 3878 1000 3932 de
1032 3885 1167 3941 toto,
1199 3881 1344 3950 quod
1406 3881 1550 3936 inest
1582 3883 1742 3953 parti,
1803 3893 1857 3939 et
1887 3887 2031 3956 quod

421 3959 624 4014 dicitur
662 3962 729 4016 de
772 3973 948 4032 parte,
1001 3968 1190 4040 negari
1250 3984 1398 4039 saepe
1447 3985 1558 4026 non
1602 3977 1784 4042 potest
1826 3975 1944 4039 toti,
1979 3982 2038 4030 ut

421 4049 564 4102 idem
598 4051 714 4120 ipse
737 4052 938 4124 aliquis
961 4061 1015 4110 ct
1043 4055 1200 4126 niger
1219 4056 1434 4112 dicatur
1465 4075 1686 4130 corpus,
1713 4072 1767 4116 ct
1794 4063 2032 4118 animam

412 4140 612 4208 justus,
653 4142 733 4196 sic
770 4144 952 4198 omnis
1011 4145 1174 4202 homo
1231 4163 1354 4202 cum
1396 4165 1462 4204 ex
1511 4150 1693 4206 anima
1723 4161 1940 4208 constet
1980 4162 2036 4210 et

415 4243 668 4298 corpore,
713 4247 812 4300 per
857 4233 1094 4288 animam
1140 4245 1321 4290 tamen
1357 4247 1614 4308 peccator
1647 4240 1847 4295 dicitur
1887 4258 2027 4298 esse.

431 4318 608 4374 l‘otum
641 4328 724 4376 cst
755 4338 817 4376 ex
877 4323 1062 4379 multis
1093 4326 1382 4396 partibus?
1417 4329 1571 4393 Quod
1623 4347 1765 4386 unus
1803 4341 1906 4400 est,
1949 4333 2035 4386 di-

413 4434 420 4450 ι
448 4409 557 4463 itur
595 4410 665 4464 de
703 4417 842 4474 toto,
880 4427 991 4467 non
1031 4420 1213 4469 tamen
1244 4415 1313 4471 de
1345 4417 1628 4486 omnibus,
1662 4419 1866 4474 dicitur
1899 4437 2034 4492 pec-

416 4512 568 4559 lator
605 4506 702 4578 qui
731 4515 948 4563 constet
987 4525 1050 4564 ex
1083 4526 1338 4580 corpore,
1372 4527 1476 4567 nec
1515 4522 1697 4568 tamen
1737 4515 1804 4569 ad
1836 4531 2036 4587 corpus

417 4612 428 4664 ι
454 4596 656 4652 ertinet
688 4613 936 4668 peccare.

536 4728 685 4794 Quod
705 4732 765 4784 in
787 4731 1104 4787 substantiis
1136 4734 1389 4802 plurimis
1407 4742 1485 4790 est
1513 4752 1626 4792 una
1647 4751 1900 4806 persona.

489 4834 578 4890 Sic
600 4851 835 4906 persona
864 4839 1066 4896 dicitur
1091 4841 1302 4912 Petrus,
1323 4859 1448 4899 cum
1475 4860 1712 4915 persona
1737 4861 1845 4901 non
1865 4847 2027 4916 perti-

419 4932 544 4980 ieat
569 4925 638 4979 ad
669 4941 888 4996 corpus,
932 4935 1224 4984 esttamen
1265 4947 1466 5002 corpus
1501 4933 1754 5004 junctum
1807 4934 2026 5001 animae,

415 5022 476 5068 ut
501 5015 698 5072 habeat
716 5032 840 5072 cum
875 5017 1060 5072 anima
1077 5019 1228 5090 quod
1254 5035 1364 5076 non
1389 5021 1554 5076 habet
1583 5039 1683 5094 per
1707 5039 1786 5078 se.
1824 5023 2030 5078 Dicitur

417 5123 547 5178 ergo
579 5107 902 5165 individuus
959 5111 1123 5166 homo
1175 5127 1412 5181 persona
1452 5129 1563 5168 non
1618 5129 1872 5184 corpore,
1929 5115 2030 5170 sed

413 5199 622 5267 anima,
651 5201 833 5257 anima
889 5218 1128 5274 namque
1181 5219 1381 5276 corpus
1409 5205 1638 5262 assumit
1687 5208 1742 5262 in
1769 5225 1865 5262 sua
1891 5227 2022 5282 per-

415 5303 574 5354 sana,
604 5297 664 5344 ut
691 5289 744 5344 in
777 5307 888 5346 una
917 5307 1174 5362 persona,
1209 5293 1413 5366 duplex
1451 5296 1520 5350 sit
1543 5296 1868 5354 substantia.
1915 5301 2026 5355 Hoc

418 5379 656 5434 maxime
697 5381 862 5437 distat
917 5400 949 5437 a
1003 5383 1256 5440 Creatore
1305 5395 1576 5456 creatura,
1643 5391 1790 5460 quod
1837 5393 2026 5463 plures

421 5483 682 5532 personas
737 5472 954 5530 Creator
1003 5474 1172 5532 habet
1223 5477 1278 5532 in
1337 5495 1446 5534 una
1497 5481 1822 5550 substantia,
1879 5486 2026 5557 quod

2054 1951 2102 2018 Β
2132 1947 2352 2017 penitus
2394 1947 2628 2003 inveniri
2685 1948 2880 2019 nequit
2919 1949 2971 2002 in
3006 1955 3276 2004 creatura.
3329 1949 3590 2003 Creatura
3623 1967 3761 2003 vero

2127 2037 2408 2094 invenitur
2429 2055 2593 2093 unam
2644 2039 2851 2096 habere
2890 2057 3178 2111 personam
3221 2041 3276 2094 in
3317 2039 3574 2110 pluribus
3607 2041 3759 2094 sub-

2127 2127 2364 2194 stantiis,
2385 2127 2534 2198 quod
2555 2143 2677 2183 esse
2697 2145 2806 2184 non
2836 2137 3015 2198 potest
3041 2129 3096 2183 iu
3124 2129 3410 2197 majestate
3439 2127 3758 2189 Creatoris,

2128 2217 2220 2274 Est
2256 2218 2422 2290 igitur
2450 2221 2767 2276 individuus
2800 2223 2988 2284 homo,
3023 2221 3345 2292 multiplicis
3399 2221 3760 2286 substantiae,

2129 2319 2183 2366 et
2210 2311 2376 2366 unius
2405 2328 2680 2382 personae,
2731 2329 2968 2384 persona
2999 2329 3130 2379 una,
3161 2313 3447 2384 multiplex
3489 2313 3760 2366 substan-

2127 2398 2219 2454 tia.
2258 2399 2502 2457 Humana
2560 2417 2800 2472 persona
2829 2408 3043 2458 constat
3101 2418 3166 2456 ex
3199 2401 3471 2472 pluribus,
3522 2409 3582 2456 et
3643 2418 3757 2455 non

2129 2491 2331 2546 dicitur
2377 2492 2449 2546 de
2488 2493 2770 2564 pluribus;
2826 2500 2911 2548 est
2952 2492 3266 2557 divisibilis,
3325 2501 3385 2546 ut
3427 2498 3611 2546 totum
3659 2509 3760 2562 per

2129 2581 2407 2647 membra;
2435 2589 2519 2636 est
2548 2581 2924 2646 indivisibilis,
2955 2587 3015 2636 ut
3042 2580 3320 2654 singulare
3345 2597 3442 2651 per
3457 2580 3718 2648 subjecta
3742 2597 3756 2642 ;

2128 2672 2257 2742 quia
2304 2680 2486 2742 partes
2515 2673 2682 2727 habet
2713 2680 2794 2726 est
2835 2680 3044 2736 totum;
3104 2672 3232 2744 quia
3276 2671 3596 2739 subjectum
3642 2687 3754 2726 non

2131 2761 2314 2827 habet,
2337 2771 2422 2817 est
2452 2761 2818 2816 individuum.

2133 2910 2280 2976 Quod
2308 2911 2369 2964 in
2393 2913 2605 2966 homine
2635 2926 2732 2980 pro
2759 2911 2917 2980 culpa
2941 2924 3178 2980 persona:
3205 2913 3275 2965 sit
3319 2911 3480 2980 culpa
3506 2918 3756 2966 natm.

2207 3037 2268 3093 Et
2293 3038 2434 3094 sicut
2473 3039 2681 3110 aliquid
2715 3039 2782 3094 de
2824 3039 3123 3094 universali
3154 3039 3356 3094 dicitur
3389 3054 3490 3109 pro
3549 3039 3760 3094 indivi-

2135 3137 2267 3203 duo,
2310 3137 2390 3192 sic
2448 3137 2657 3209 aliquid
2707 3139 2911 3194 dicitur
2937 3154 3036 3209 pro
3068 3145 3222 3209 parte
3249 3139 3318 3192 de
3351 3145 3487 3204 toto,
3533 3149 3595 3193 ut
3627 3155 3762 3210 pro-

2134 3237 2254 3298 pter
2292 3230 2530 3284 animam
2561 3231 2733 3286 solam
2783 3231 3000 3285 dicatur
3033 3237 3288 3300 peccator
3336 3230 3501 3285 homo
3547 3230 3762 3286 indivi-

2133 3320 2296 3385 duus,
2331 3321 2422 3392 qui
2467 3321 2706 3376 animam
2761 3322 2922 3376 simul
2967 3323 3131 3377 habet
3185 3333 3239 3376 et
3269 3337 3491 3393 corpus.
3551 3322 3766 3378 Dicitur

2136 3421 2392 3482 peccator
2418 3430 2516 3484 per
2543 3413 2716 3470 solam
2748 3414 2984 3468 animam
3018 3414 3113 3486 qui
3154 3415 3315 3470 simul
3344 3415 3514 3469 habet
3551 3431 3768 3486 corpus

2137 3509 2192 3557 ct
2233 3501 2492 3556 animam.
2543 3502 2620 3556 Ad
2661 3518 2866 3574 corpus
2895 3509 3181 3574 peccatum
3238 3518 3348 3558 non
3397 3503 3672 3574 pertinet,
3711 3514 3768 3559 et

2140 3596 2322 3644 tamen
2367 3598 2622 3661 peccator
2665 3599 2747 3646 est
2793 3591 2886 3663 qui
2933 3608 3134 3663 corpus
3194 3591 3378 3652 habet.
3413 3607 3530 3646 non
3594 3593 3770 3666 igitur

2139 3679 2322 3734 anima
2359 3681 2474 3734 sola
2505 3696 2763 3750 peccasse
2817 3681 3018 3736 dicitur
3059 3682 3113 3735 in
3153 3681 3344 3746 Adam,
3396 3681 3496 3735 sed
3527 3689 3590 3735 et
3647 3683 3768 3754 ipse

2141 3784 2236 3838 per
2265 3769 2526 3836 animam,
2558 3769 2770 3824 scilicet
2799 3776 2948 3825 totus
2985 3787 3051 3824 ex
3091 3769 3341 3841 pluribus
3370 3769 3637 3839 partibus
3669 3787 3768 3842 per

2139 3878 2322 3917 unam.
2357 3863 2566 3917 Dicitur
2605 3879 2736 3938 ergo
2785 3870 2838 3918 et
2880 3864 3049 3918 Adam
3081 3879 3358 3934 peccasse,
3389 3863 3524 3934 quia
3563 3881 3767 3934 pecca-

2137 3950 2212 4004 vit
2259 3951 2458 4012 anima,
2488 3968 2648 4023 quam
2695 3952 2892 4007 habuit
2930 3953 3069 4024 ipse.
3107 3953 3169 4006 Et
3210 3953 3254 4007 si
3285 3951 3536 4022 peccavit
3565 3954 3766 4020 Adam,

2139 4040 2387 4110 peccavit
2435 4041 2630 4107 homo;
2663 4041 2791 4112 quia
2821 4040 2866 4096 si
2924 4040 3170 4111 peccavit
3223 4041 3340 4110 ipse
3389 4041 3587 4107 homo,
3627 4059 3762 4113 pec-

2136 4131 2279 4186 cavit
2309 4133 2546 4187 humana
2595 4141 2809 4199 natura,
2851 4149 2974 4206 qua:
3004 4140 3086 4188 cst
3132 4133 3316 4188 homo.
3359 4131 3468 4186 Sed
3512 4132 3762 4188 humana

2136 4229 2328 4275 natura
2352 4229 2463 4276 tota
2495 4229 2623 4277 tunc
2653 4231 2769 4277 erat
2799 4223 2854 4276 in
2876 4223 3020 4294 ipso,
3061 4238 3164 4277 nec
3203 4237 3434 4294 usquam
3463 4229 3591 4276 erat
3622 4223 3755 4278 alibi

2133 4309 2390 4380 specialis
2421 4311 2605 4366 homo.
2641 4310 2770 4366 Cum
2799 4327 2930 4384 ergo
2969 4311 3220 4380 peccavit
3250 4327 3513 4383 persona,
3547 4313 3763 4368 scilicet

2139 4399 2256 4466 ipse
2297 4399 2484 4466 homo,
2534 4402 2782 4470 peccavit
2813 4407 2924 4456 tota
2958 4409 3176 4464 natura,
3205 4400 3419 4455 scilicet
3441 4405 3764 4458 communis

2141 4490 2322 4546 homo.
2359 4491 2423 4546 Et
2451 4492 2506 4546 in
2559 4501 2786 4564 peccato
2818 4508 3092 4564 personae,
3121 4491 3418 4564 culpabilis
3459 4491 3652 4548 factus
3689 4506 3766 4548 est

2139 4587 2303 4642 homo
2334 4587 2644 4642 communis
2675 4594 2902 4640 naturai.
2935 4585 2998 4640 Et
3037 4585 3254 4657 qualem
3286 4585 3456 4639 Adam
3490 4586 3634 4641 fecit
3664 4591 3762 4644 bu-

2054 4641 2111 4708 Ι)
2137 4694 2354 4733 manam
2387 4685 2634 4734 naturam
2679 4678 2732 4732 in
2773 4695 2854 4745 se,
2887 4677 3048 4732 talem
3085 4676 3318 4748 posteris
3373 4693 3499 4730 eam
3535 4680 3763 4735 tradidit

2133 4774 2258 4838 post
2289 4783 2366 4821 sc.
2406 4767 2464 4821 Et
2494 4766 2674 4838 qualis
2727 4766 2867 4821 facta
2909 4773 2992 4820 est
3025 4766 3265 4820 humana
3301 4775 3503 4818 natura
3537 4783 3644 4836 per
3681 4770 3760 4824 in-

2131 4859 2446 4930 sipientiam
2491 4859 2810 4930 peccatoris,
2853 4859 2974 4912 talis
3025 4874 3248 4912 necesse
3281 4866 3364 4912 est
3405 4861 3760 4916 transfunda-

2132 4958 2220 5003 tur
2267 4949 2320 5003 in
2364 4958 2616 5019 posteros
2668 4965 2766 5018 per
2815 4947 3080 5016 justitiam
3134 4947 3428 5012 Creatoris,
3485 4955 3548 5002 ut
3601 4951 3649 5004 si
3707 4954 3760 5004 in

2129 5043 2242 5092 toto
2269 5037 2416 5108 quod
2457 5037 2712 5108 superius
2739 5037 2942 5091 dictum
2975 5043 3057 5091 est
3091 5036 3161 5090 de
3191 5043 3363 5106 parte,
3400 5043 3455 5091 et
3487 5043 3648 5108 quod
3679 5042 3760 5093 di-

2129 5129 2358 5184 cebatur
2383 5130 2450 5184 de
2481 5129 2664 5183 anima
2704 5128 3086 5184 inveniaturin
3110 5136 3222 5183 toto
3250 5128 3504 5183 homine.

2375 5279 2524 5346 Quod
2575 5294 2730 5335 nemo
2757 5282 2919 5348 possit
2953 5279 3172 5334 evadere
3192 5279 3498 5346 justitiam.

2199 5395 2354 5458 Quod
2397 5408 2506 5448 non
2539 5392 2713 5448 solum
2759 5391 3180 5463 intelligendum
3209 5399 3297 5443 est
3325 5391 3393 5442 de
3435 5390 3635 5460 culpa,
3657 5393 3748 5446 sed

2129 5493 2184 5541 et
2213 5487 2282 5541 de
2313 5501 2496 5557 poma,
2541 5493 2618 5551 ut,
2667 5485 2792 5556 quia
2841 5485 2982 5538 Deus
3031 5482 3246 5538 homini
3297 5482 3480 5552 primo
3524 5499 3744 5553 prunam
