3932 6040
168 227 326 284 1089

1242 222 1322 276 DE
1362 222 1648 278 PECCATO
1691 221 2046 277 ORIGINAIJ.
2091 254 2160 263 —
2201 225 2325 277 LIB'
2372 225 2462 278 111.

3388 226 3529 280 1090

167 353 438 408 reddidit
475 367 575 423 pro
606 351 789 422 culpa,
821 353 875 405 in
917 356 1164 420 posteros
1193 349 1607 406 transfundatur
1645 365 1807 420 poena
1833 355 1884 420 Α
1911 350 2034 405 aliis
2056 351 2518 422 inaequalitatibus
2545 351 2876 416 innumeris,
2905 359 2961 406 et
2983 351 3050 406 ad
3069 351 3320 407 ultimum
3352 361 3527 408 morte

169 461 312 500 cum
357 445 542 515 culpa,
587 453 641 499 et
671 460 794 498 cum
828 459 991 514 poena
1027 449 1321 498 nascantur
1349 443 1442 515 qui
1489 459 1612 498 cum
1647 443 1809 514 culpa
1910 439 2188 494 cruciatur
2215 437 2594 494 indesinenter
2643 438 2804 494 homo
2833 439 3020 504 miser,
3072 439 3297 510 punitur
3333 441 3389 496 in
3418 441 3532 496 suis

173 545 480 598 creantur;
516 535 711 590 merito
743 550 982 605 namque
1021 533 1170 605 quod
1201 549 1312 590 non
1335 535 1452 590 vult
1483 535 1688 606 patitur
1709 548 1810 606 per
1911 527 2186 584 mortibus
2249 527 2708 599 prOpinquorum,
2768 529 2935 584 variis
2975 529 3340 586 incommodis
3394 531 3534 586 ami-

169 627 465 696 justitiam
497 627 592 698 qui
619 625 752 681 fecit
809 625 958 696 quod
989 625 1163 680 voluit
1191 633 1381 681 contra
1421 625 1712 695 justitiam.
1753 625 1818 680 Et

181 715 400 770 merito
445 714 640 770 nolens
669 713 876 784 patitur
915 729 1158 783 poenam,
1209 713 1302 784 qui
1333 713 1528 770 volens
1569 714 1816 770 deseruit

179 804 492 872 justitiam.
522 804 678 858 Juste
710 801 940 874 punitur
979 801 1196 866 nolens,
1241 801 1336 872 qui
1365 803 1509 856 male
1562 802 1693 857 fecit
1720 817 1817 858 vo-

183 895 342 963 lens,
384 903 445 951 ut
475 909 586 951 non
617 893 813 950 evadat
837 893 1124 962 justitiam,
1155 893 1247 965 qui
1289 893 1499 950 deserit
1516 893 1816 964 justitiam;

188 999 324 1038 nam
375 983 420 1037 si
453 981 661 1038 deserit
687 997 832 1049 eam,
872 981 1018 1036 male
1057 980 1334 1051 faciendo,
1368 983 1564 1038 incidit
1604 985 1660 1039 in
1698 999 1817 1040 eam

183 1075 344 1142 juste
367 1073 674 1144 puniendo.
710 1072 766 1126 Si
809 1071 1073 1143 relinquit
1093 1087 1214 1128 eam
1247 1072 1600 1141 inobediens,
1623 1072 1818 1128 recidit

191 1167 256 1221 in
288 1182 412 1222 eam
445 1166 580 1220 dure
612 1164 847 1236 patiens.
895 1163 950 1216 Si
977 1163 1210 1232 justitiaa
1235 1163 1494 1219 subditus
1532 1179 1655 1219 esse
1707 1177 1819 1219 non

192 1261 320 1316 vult
336 1260 676 1326 obediendo,
707 1258 964 1314 subditus
993 1266 1078 1313 est
1096 1259 1171 1324 ei,
1204 1257 1332 1314 velit
1357 1259 1514 1325 nolit,
1531 1258 1818 1328 patiendo.

195 1352 265 1408 Et
295 1367 461 1424 quam
489 1350 698 1407 devitat
726 1349 1008 1405 voluntate
1041 1349 1327 1417 iustitiam,
1368 1349 1598 1405 incurrit
1627 1365 1822 1406 neces-

199 1443 388 1498 sitate.
424 1443 484 1497 Et
532 1450 695 1515 urget
745 1457 870 1496 eum
919 1440 1066 1508 justa
1106 1441 1424 1499 necessitas.
1465 1457 1628 1512 quem
1671 1447 1823 1498 tenet

198 1535 413 1604 injusta
442 1535 712 1591 voluntas.

314 1662 465 1728 Quod
493 1665 553 1716 in
580 1662 693 1716 sota
714 1662 993 1716 voluntate
1016 1661 1275 1716 meritum
1310 1666 1388 1715 est
1424 1661 1712 1717 rationalis

911 1753 1128 1802 natura:

282 1863 342 1916 ln
395 1862 678 1918 voluntate
726 1876 859 1916 vero
909 1875 1224 1932 peccamus,
1277 1860 1364 1914 vel
1421 1859 1822 1928 benefacimus,

205 1953 337 2024 quia
386 1955 440 2008 in
471 1953 755 2009 voluntate
797 1960 882 2008 est
911 1959 1086 2008 totum
1119 1952 1378 2008 meritum
1419 1959 1704 2020 nostrum;
1744 1951 1821 2006 si—

209 2047 437 2118 quidem
469 2047 739 2120 quidquid
767 2062 1066 2113 meremur,
1091 2046 1370 2102 voluntate
1391 2062 1688 2112 meremur,
1719 2061 1824 2102 nec

212 2138 309 2194 ubi
343 2139 596 2194 voluntas
627 2139 804 2206 abest,
835 2138 1007 2193 ullum
1051 2147 1134 2193 est
1165 2137 1448 2202 meritum;
1504 2137 1597 2192 ubi
1639 2145 1822 2192 autem

211 2234 298 2284 est
330 2227 612 2295 meritum,
640 2227 715 2282 ibi
746 2237 830 2282 est
851 2225 1001 2295 justa
1058 2241 1221 2298 poena
1261 2227 1350 2281 vel
1380 2226 1685 2298 praemium.
1727 2226 1827 2280 Be-

217 2319 475 2374 nedictus
503 2318 647 2374 Deus
670 2318 764 2389 qui
788 2317 1044 2388 posuitin
1065 2317 1349 2373 voluntate
1377 2323 1587 2384 nostra,
1615 2323 1828 2372 utrum-

217 2411 355 2467 libet
385 2420 469 2466 est
498 2410 660 2467 nobis
689 2410 954 2468 futurum.
997 2409 1140 2472 Quid
1170 2424 1301 2482 ergo
1324 2407 1352 2462 Ῥ
1383 2409 1536 2464 Sicut
1556 2408 1828 2467 volumus.

217 2504 300 2559 sic
329 2503 677 2559 habebimus.
716 2503 770 2557 Si
799 2502 1054 2558 volumus
1095 2502 1392 2572 justitiam,
1441 2502 1593 2571 juxta
1632 2499 1829 2556 volun-

219 2597 382 2646 tatem
409 2590 660 2662 sequitur
687 2589 946 2646 meritum
977 2589 1198 2662 palmae.
1241 2589 1298 2644 Si
1326 2589 1584 2645 volumus
1611 2588 1831 2657 injusti-

218 2685 368 2748 tiam,
416 2691 606 2741 contra
648 2685 986 2741 voluntatem
1041 2685 1292 2756 sequitur
1334 2683 1592 2739 meritum
1632 2697 1828 2754 pinnae.

221 2775 547 2830 Utrumlibet
581 2789 714 2848 ergo
771 2789 1180 2846 consequamur
1230 2781 1314 2830 est
1366 2773 1423 2828 in
1466 2779 1654 2828 nostra
1682 2777 1836 2843 pote-

221 2873 380 2934 state,
410 2867 537 2938 quia
568 2873 652 2922 est
685 2867 743 2922 in
781 2872 972 2922 nostra
1019 2859 1322 2921 voluntate.
1358 2864 1502 2919 Nihil
1533 2864 1682 2920 enim
1723 2869 1830 2918 tam

1915 637 2128 689 corum,
2159 631 2214 677 et
2235 621 2634 692 multiplicibus
2665 623 2882 678 damnis
2911 639 3132 680 suarum
3168 641 3380 681 rerum.

2223 753 2374 819 Quod
2400 752 2560 822 culpa
2581 756 2765 823 nequit
2788 768 2898 809 esse
2919 757 3037 810 sine
3050 770 3229 824 pana.

1991 861 2112 917 Haec
2150 869 2279 916 sunt
2307 861 2450 916 mala
2489 877 2613 932 qua:
2646 861 2776 918 facit
2817 863 2958 918 Deus
3001 870 3060 918 ut
3089 865 3331 935 patiatur
3359 865 3526 922 homo

1923 965 2020 1022 pro
2041 949 2188 1006 malo
2215 949 2362 1022 quod
2394 965 2503 1005 non
2533 949 2660 1006 fecit
2697 951 2861 1019 Deus,
2893 957 2948 1007 et
2976 951 3108 1008 fecit
3137 953 3322 1008 homo.
3355 954 3414 1008 Et
3444 954 3532 1008 his

1921 1041 2081 1096 malis
2107 1056 2230 1112 quae
2270 1039 2400 1096 fecit
2431 1041 2598 1109 Deus,
2643 1042 2794 1112 juste
2837 1041 3066 1113 punitur
3103 1044 3402 1100 humanum
3444 1061 3536 1118 ge-

1919 1149 2022 1188 nus
2052 1147 2151 1204 pro
2182 1133 2340 1188 malis
2362 1149 2486 1204 quae
2533 1148 2643 1189 non
2686 1133 2818 1190 fecit
2849 1135 3012 1202 Deus,
3045 1145 3100 1190 et
3157 1136 3286 1192 fecit
3339 1139 3535 1192 huma-

1920 1241 2050 1281 num
2079 1240 2258 1300 genus
2336 1224 2396 1280 Et
2433 1225 2707 1280 contrahit
2747 1225 3047 1282 humanum
3089 1244 3269 1301 genus
3320 1231 3526 1285 malum

1923 1316 2072 1388 quod
2099 1315 2226 1371 fecit
2253 1315 2416 1381 Deus,
2447 1322 2505 1370 ut
2529 1331 2750 1386 semper
2798 1317 3000 1372 habeat
3029 1318 3200 1372 miser
3223 1319 3388 1376 homo
3418 1336 3536 1392 pm-

1923 1423 2049 1462 nam
2078 1423 2231 1462 suam
2273 1407 2622 1475 conjunctain
2661 1413 2905 1477 peccato,
2933 1415 2988 1464 et
3014 1417 3140 1482 agat
3177 1411 3535 1481 temporalem

1927 1499 2091 1555 vitam
2125 1515 2247 1555 cum
2286 1515 2470 1569 perna,
2513 1499 2608 1570 qui
2661 1501 3024 1570 temporalem
3066 1501 3231 1556 vitam
3263 1503 3375 1576 agit
3411 1520 3534 1558 cum

1827 1620 1880 1688 Β
1929 1589 2112 1659 culpa,
2153 1593 2213 1642 ut
2242 1602 2403 1660 quem
2438 1588 2600 1658 culpa
2631 1594 2798 1654 tenet,
2849 1589 2996 1644 hunc
3023 1605 3242 1660 semper
3273 1607 3436 1661 pinna
3465 1593 3540 1646 fa-

1926 1680 2077 1752 tiget.
2129 1678 2254 1734 Haec
2283 1685 2368 1732 est
2399 1679 2622 1733 humani
2651 1679 2874 1752 generis
2905 1681 3150 1736 conditio
3179 1682 3537 1750 miserabilis,

1929 1768 2047 1822 haec
2071 1765 2410 1822 inevitabilis
2437 1766 2762 1832 necessitas,
2782 1774 2841 1821 ut
2861 1784 3083 1840 semper
3104 1769 3404 1826 habeamus
3425 1772 3542 1826 cul-

1929 1873 2076 1929 pam,
2111 1849 2333 1928 s‘emper
2370 1856 2674 1912 habeamus
2716 1867 2770 1912 et
2799 1874 3038 1929 pinnam.
3083 1861 3142 1915 In
3176 1861 3278 1918 hac
3304 1862 3412 1917 vita
3440 1878 3544 1918 nec

1922 1951 2134 2008 solvere
2163 1951 2364 2007 collum
2399 1966 2692 2022 possumus
2721 1969 2752 2006 a
2781 1951 2916 2026 jugo
2957 1953 3154 2025 culpae,
3195 1971 3298 2012 nec
3327 1957 3542 2012 evitare

1923 2043 2143 2114 penitus
2164 2042 2550 2098 necessitatem
2580 2059 2778 2114 pugnae.
2817 2043 2942 2099 Haec
2983 2044 3168 2116 culpa,
3198 2056 3254 2101 et
3279 2047 3398 2103 haec
3425 2065 3545 2120 poe-

1925 2147 1995 2186 na
2025 2131 2202 2202 culpae
2229 2130 2331 2186 fuit
2361 2130 2414 2184 in
2449 2131 2626 2202 primo
2671 2131 2917 2197 homine,
2959 2149 2992 2186 a
3021 2133 3131 2190 Deo
3172 2135 3395 2206 quidem
3427 2153 3544 2207 poe-

1933 2239 2022 2289 na,
2081 2221 2149 2276 ab
2192 2221 2416 2278 homine
2461 2237 2595 2277 vero
2660 2223 2840 2294 culpa.
2896 2223 3062 2294 Culpa
3113 2225 3356 2281 hominis
3409 2243 3549 2298 Opus

1933 2319 2126 2368 contra
2175 2311 2367 2379 Deum,
2421 2328 2586 2383 pinna
2614 2327 2756 2384 opus
2784 2314 2879 2368 Dei
2912 2322 3105 2370 contra
3135 2316 3436 2371 hominem.
3485 2317 3550 2373 Et

1932 2402 2074 2458 sicut
2110 2401 2180 2456 ab
2235 2401 2404 2456 Adam
2441 2402 2602 2473 culpa
2645 2403 2864 2458 transiit
2919 2403 2973 2457 in
3031 2403 3290 2460 homines
3334 2420 3550 2466 omnes.

1932 2492 2007 2546 ita
2036 2499 2092 2545 et
2134 2504 2300 2562 poena
2337 2490 2544 2562 culpae;
2597 2505 2706 2546 non
2741 2491 2887 2546 enim
2917 2492 3038 2548 sine
3075 2509 3240 2564 poena
3279 2497 3458 2566 potuit
3495 2494 3551 2550 in

1934 2579 2261 2636 hominibus
2298 2595 2422 2635 esse
2481 2580 2664 2652 culpa.
2713 2580 2946 2636 Necesse
2997 2587 3081 2638 est
3117 2583 3352 2654 ergo,in
3394 2583 3556 2640 nobis

1935 2687 2060 2728 esse
2086 2671 2388 2726 vindictam
2433 2670 2530 2726 Dei
2573 2687 2672 2742 pro
2711 2673 2872 2744 culpa
2917 2678 3123 2741 nostra,
3155 2675 3298 2730 sicut
3348 2675 3402 2730 in
3437 2676 3554 2747 pri-

1935 2773 2085 2813 mum
2113 2758 2393 2814 hominem
2435 2759 2530 2814 Dei
2560 2759 2802 2815 vindicta
2849 2760 3000 2816 venit
3025 2777 3124 2832 pro
3154 2763 3316 2834 culpa
3345 2779 3466 2831 sua,
3497 2771 3557 2819 ut

1937 2849 2030 2922 qui
2059 2850 2396 2906 contrahunt
2421 2851 2662 2922 culpam,
2692 2853 3022 2908 contrahant
3059 2858 3114 2907 et
3153 2869 3392 2924 poenam.
3444 2855 3554 2910 Hu-

227 2966 309 3014 cst
355 2959 411 3014 in
439 2967 627 3016 nostra
668 2966 940 3030 potestate
980 2974 1144 3030 quam
1186 2957 1440 3014 voluntas
1470 2963 1679 3023 nostra,
1710 2971 1836 3010 nam
1863 2959 1912 3028 ί]
1940 2957 2159 3030 mana?“
2189 2941 2339 3030 enim
2367 2947 2616 2996 naturam
2659 2941 2912 3014 πείρετε
2941 2942 3230 3012 debemus;
3273 2943 3377 3000 110°
3405 2948 3554 3016 qu°d

224 3066 346 3123 qua:
393 3057 592 3107 nostrae
623 3051 910 3122 potestatis
954 3057 1104 3116 sunt,
1140 3057 1290 3106 tanto
1329 3048 1509 3124 magis
1564 3048 1622 3102 in
1651 3054 1840 3103 nostra

229 3143 498 3208 potestate
549 3144 677 3193 sunt
720 3143 924 3210 quanto
948 3137 1124 3211 magis
1155 3137 1212 3192 in
1260 3138 1567 3200 voluntate,
1618 3141 1673 3190 et
1711 3134 1842 3206 quia

227 3231 478 3286 voluntas
507 3237 694 3286 nostra
743 3229 1107 3301 pr0pinquior
1143 3229 1249 3284 sibi
1277 3229 1433 3283 adest
1462 3235 1518 3283 et
1557 3227 1732 3302 magis
1759 3235 1844 3282 est

230 3321 286 3378 in
311 3337 368 3377 se
389 3338 552 3394 quam
580 3329 799 3388 caetera,
841 3321 970 3377 ideo
995 3321 1227 3376 maxime
1255 3327 1340 3375 est
1361 3319 1417 3374 in
1449 3325 1726 3390 potestate
1746 3333 1842 3374 no-

231 3425 374 3484 stra;
436 3433 548 3472 non
579 3417 726 3472 enim
766 3431 890 3471 mea
937 3423 1180 3488 potestas
1209 3415 1374 3470 habet
1410 3413 1561 3486 quod
1611 3429 1676 3468 ex
1719 3427 1844 3468 mea

231 3504 510 3560 voluntate
554 3519 662 3560 non
697 3503 920 3574 pendet,
953 3518 1078 3558 nam
1109 3501 1284 3575 magis
1325 3507 1484 3576 urget
1515 3499 1842 3556 necessitate

233 3609 393 3665 quam
425 3591 664 3648 delectet
691 3597 958 3664 potestate
995 3590 1144 3662 quod
1176 3605 1288 3645 non
1329 3597 1412 3645 est
1438 3589 1496 3643 in
1535 3589 1836 3644 voluntate.

239 3688 292 3742 In
323 3687 580 3744 omnibus
607 3698 740 3758 ergo
781 3689 958 3738 rectus
987 3685 1262 3749 Dominus,
1291 3687 1344 3737 et
1385 3696 1497 3737 non
1525 3687 1602 3736 est
1648 3681 1845 3750 iniqui-

241 3784 318 3832 tas
366 3780 427 3832 in
480 3790 538 3831 eo
597 3773 759 3844 (Psal.
816 3774 943 3840 XCI).
989 3769 1322 3826 Utrumlibet
1387 3767 1536 3824 enim
1584 3767 1842 3834 velimus,

241 3870 360 3940 ipse
387 3875 474 3923 est
503 3867 711 3930 bonus;
745 3880 869 3918 nam
897 3863 944 3918 si
975 3863 1030 3918 in
1053 3877 1241 3919 amore
1265 3860 1505 3931 justitia,
1531 3859 1730 3916 merito
1754 3873 1847 3915 vo-

242 3957 464 4014 luntatis
514 3955 782 4012 retribuet
836 3955 1121 4027 praemium
1161 3953 1320 4026 pius;
1365 3953 1410 4008 si
1462 3951 1612 4008 aliud
1661 3957 1746 4007 est
1789 3951 1846 4006 in

241 4066 424 4106 amore
485 4054 676 4105 contra
722 4047 1012 4117 justitiam,
1052 4046 1250 4103 merito
1303 4045 1602 4103 voluntatis
1655 4059 1848 4116 poenas

239 4137 490 4194 retribuit
513 4137 714 4206 justus.

309 4267 455 4334 Quod
465 4265 751 4323 rationalis
779 4271 986 4319 natura
997 4266 1058 4318 in
1083 4265 1382 4334 eopunitur
1408 4263 1547 4332 quod
1573 4261 1773 4332 diligit.

312 4373 371 4428 Et
408 4375 536 4446 quia
565 4381 756 4430 contra
808 4372 1146 4428 voluntatem
1194 4373 1360 4428 homo
1385 4371 1630 4443 punitur,
1685 4371 1739 4426 in
1781 4386 1849 4428 eo

248 4463 466 4533 punitur
489 4463 638 4536 quod
665 4462 868 4537 diligit,
911 4469 972 4517 ut
999 4463 1070 4518 de
1110 4463 1230 4533 ejus
1285 4463 1637 4519 incommodo
1666 4462 1852 4518 doleat

249 4553 390 4624 quod
421 4561 585 4608 amat.
613 4552 844 4608 Punitur
870 4566 1003 4626 ergo
1031 4551 1088 4607 in
1127 4567 1209 4620 se,
1249 4560 1305 4606 et
1334 4551 1389 4605 in
1444 4551 1582 4618 suis,
1621 4551 1752 4623 quia
1789 4566 1850 4606 se

248 4647 422 4721 diligit
459 4653 516 4702 et
542 4663 664 4703 sua.
705 4645 938 4702 Punitur
965 4646 1023 4701 in
1067 4662 1150 4714 se,
1189 4645 1402 4701 scilicet
1437 4645 1622 4700 anima
1649 4652 1705 4700 et
1735 4660 1851 4701 cor-

249 4757 394 4812 pore.
438 4743 500 4796 ln
519 4741 704 4796 anima
751 4740 899 4796 enim
931 4746 988 4796 et
1032 4753 1262 4811 corpore
1287 4738 1468 4794 statim
1499 4738 1715 4810 accepit
1750 4755 1848 4794 va-

250 4833 517 4889 letudines
559 4833 746 4899 homo,
777 4831 927 4887 unde
981 4831 1272 4903 puniretur
1299 4845 1399 4902 pro
1438 4836 1684 4901 peccato,
1711 4846 1852 4902 quas

253 4922 396 4993 prius
453 4937 566 4977 non
618 4921 912 4988 habuerat,
951 4920 1084 4991 quia
1134 4918 1381 4974 nondum
1435 4925 1739 4985 memerat;
1795 4919 1852 4974 in

255 5013 450 5082 anima,
499 5029 741 5086 namque
773 5010 1134 5069 confunditur
1168 5010 1496 5086 ignorantia,
1540 5009 1736 5066 timore
1769 5017 1858 5066 ta-

1941 3035 2058 3085 erat
2095 3029 2152 3084 in
2193 3029 2373 3102 primo
2406 3030 2632 3086 homine
2661 3031 2964 3103 posterius,
3005 3047 3120 3088 non
3164 3033 3314 3104 quod
3345 3041 3464 3090 erat
3496 3035 3554 3090 in

1943 3117 2063 3189 ipso
2120 3117 2290 3189 prius.
2341 3118 2518 3191 Exigit
2569 3119 2718 3174 enim
2776 3135 2807 3174 a
2862 3119 3021 3176 vobis
3071 3120 3313 3176 humana
3362 3129 3555 3178 natura

1943 3209 2090 3281 quod
2114 3209 2216 3264 fuit
2245 3209 2304 3264 in
2333 3209 2512 3280 primo
2543 3218 2768 3280 parente
2797 3213 3092 3282 posterius,
3127 3229 3238 3270 non
3268 3215 3414 3286 quod
3435 3213 3557 3269 fue-

1944 3309 2026 3358 rat
2064 3303 2117 3358 in
2185 3303 2310 3374 ipso
2352 3303 2538 3374 prius;
2595 3303 2724 3376 quia
2755 3305 2905 3376 quod
2936 3307 3088 3376 prius
3113 3307 3290 3362 fuerat
3319 3309 3374 3363 in
3407 3311 3554 3380 ipso,

1945 3395 2221 3466 perdidit;
2255 3396 2405 3466 quod
2440 3410 2572 3450 vero
2603 3396 2898 3466 posterius,
2951 3401 3174 3456 mansit.
3208 3400 3366 3464 Quod
3415 3401 3558 3458 bene

1943 3483 2120 3539 fuerat
2188 3482 2341 3554 prius
2394 3481 2664 3554 perdidit;
2722 3484 2872 3555 quod
2929 3487 3071 3542 male
3123 3488 3222 3542 fuit
3261 3491 3559 3560 posterius,

1945 3573 2164 3630 mansit.
2216 3573 2333 3628 Non
2383 3579 2565 3644 potest
2589 3574 2903 3630 humanitas
2952 3581 3242 3653 propagari
3275 3581 3378 3636 nisi
3411 3585 3560 3654 quod
3635 3591 3642 3596 '

1943 3673 2080 3722 erat.
2115 3665 2244 3720 ldeo
2280 3680 2392 3721 non
2413 3681 2606 3722 sumus
2636 3667 2742 3722 nisi
2773 3668 2919 3739 quod
2977 3680 3112 3726 erat.
3161 3671 3402 3745 Ideoque
3457 3676 3560 3730 mi-

1944 3755 2054 3810 seri
2085 3770 2298 3823 sumus,
2329 3754 2462 3826 quia
2477 3754 2682 3811 misera
2721 3765 2856 3812 erat.

1947 3901 2098 3970 Quod
2133 3904 2322 3956 anima
2351 3905 2612 3973 cujusque
2641 3905 2872 3961 hominis
2912 3908 3034 3970 ﬁeri
3066 3912 3271 3980 nequit,
3317 3915 3425 3968 nisi
3461 3916 3564 3972 hu-

2524 4007 2706 4047 manm
2741 3999 2978 4050 natura.

2019 4095 2196 4162 Quaeri
2242 4103 2427 4168 potest
2457 4100 2736 4170 quomodo
2767 4101 3024 4158 humanae
3063 4106 3260 4162 animai
3305 4118 3563 4168 creantur

1949 4204 1980 4244 a
2007 4187 2120 4244 Deo
2147 4188 2426 4260 quotidie;
2453 4206 2602 4259 nam,
2619 4192 2666 4246 si
2689 4193 2999 4250 substantia
3019 4211 3176 4253 novae
3201 4215 3452 4270 persona:
3475 4209 3558 4257 est

1948 4279 2142 4334 eadem
2173 4293 2297 4335 cum
2325 4295 2423 4334 sua
2447 4280 2658 4351 specie,
2690 4284 2970 4353 quomodo
2998 4285 3200 4340 dicitur
3219 4303 3382 4356 nova,
3407 4291 3565 4360 cujus

1949 4373 2034 4422 est
2059 4367 2284 4439 antiqua
2309 4368 2652 4424 substantia?
2698 4371 2944 4435 Qualiter
2977 4379 3197 4428 creatur
3234 4374 3420 4441 modo,
3463 4391 3563 4431 cu—

1945 4459 2038 4528 jus
2066 4458 2374 4514 substantia
2401 4457 2502 4514 fuit
2529 4475 2562 4514 a
2599 4460 2912 4532 principio?
2941 4461 3121 4518 Manet
3158 4464 3306 4519 enim
3333 4467 3560 4537 specia-o

1952 4551 2019 4607 lis
2045 4560 2265 4618 natura,
2309 4551 2467 4620 cujus
2505 4559 2714 4609 naturae
2745 4561 2964 4610 creatur
2991 4556 3176 4612 anima
3222 4573 3382 4614 nova.
3420 4558 3566 4623 Quo-

1952 4648 2117 4704 modo
2139 4662 2271 4722 ergo
2317 4663 2460 4704 nova
2489 4648 2550 4704 ﬁt
2578 4650 2766 4718 hodie,
2809 4652 2967 4721 cujus
2997 4659 3188 4708 natura
3219 4655 3480 4712 manebat
3511 4657 3567 4712 in

1950 4740 2158 4813 specie,
2198 4741 2366 4798 modo
2391 4740 2472 4810 ﬁt,
2505 4749 2560 4798 et
2587 4743 2742 4798 erat?
2778 4743 2918 4809 Quid
2960 4752 3043 4800 est
3075 4745 3218 4803 hoc?
3248 4747 3384 4804 Huic
3414 4765 3568 4821 quae-

1950 4831 2115 4888 stioni
2176 4833 2544 4904 respondetur
2597 4835 2689 4891 ita.
2741 4836 2911 4904 Patet,
2949 4837 3106 4906 juxta
3141 4837 3304 4894 fidem
3337 4841 3568 4896 catholi-

1959 4939 2102 4992 cam,
2152 4923 2284 4996 quia
2311 4931 2530 4981 creatur
2553 4926 2736 4982 anima
2774 4943 2917 4984 nova
2947 4929 3002 4984 in
3040 4931 3282 4987 humano
3313 4947 3567 5004 corpore.

1961 5015 2044 5071 Fit
2069 5025 2251 5072 autem
2284 5017 2469 5074 anima
2511 5035 2635 5091 qua:
2675 5027 2894 5076 creatur
2929 5027 3024 5077 aut
3051 5023 3307 5078 humanae
3339 5033 3568 5092 naturae,

253 5105 438 5173 beseit,
480 5105 809 5180 aegritudine
841 5109 1092 5171 testatur,
1133 5101 1457 5159 difﬁcultate
1483 5119 1584 5158 sua
1635 5109 1690 5159 et
1730 5119 1860 5160 cor-
1964 5111 2059 5160 aut
2087 5104 2312 5160 alterius
2341 5121 2504 5177 quam
2532 5107 2810 5177 humanae,
2851 5117 2943 5166 aut
2971 5109 3197 5166 nullius.
3229 5111 3338 5166 Sed
3369 5113 3574 5168 nullius

252 5197 397 5269 poris
435 5203 744 5268 torquetur,
788 5195 1027 5252 inﬁnitis
1079 5194 1550 5252 sollicitudinibus
1586 5195 1858 5252 distendi-

255 5291 360 5348 tur;
402 5285 457 5338 in
483 5299 715 5356 corpore
761 5299 894 5340 vero
923 5282 1206 5358 gravitatis
1232 5282 1508 5350 tarditate,
1534 5284 1853 5342 morborum

253 5374 548 5441 doloribus,
588 5390 818 5446 operum
864 5372 1302 5446 fatigationibus,
1335 5373 1586 5430 laborum
1609 5374 1852 5444 defectu,

257 5465 450 5521 inedia:
473 5465 560 5521 vel
589 5465 1034 5538 ingurgitationis
1055 5465 1448 5536 inaequalitate,
1468 5465 1651 5540 rigore
1674 5467 1853 5542 frigo-

255 5551 323 5607 ris
369 5553 755 5622 contrahente,
801 5553 1050 5610 aestivum
1117 5553 1319 5610 sudore
1379 5553 1740 5624 dissolvente,
1800 5564 1856 5612 et

1967 5201 2177 5252 natura:
2208 5195 2327 5252 ﬁeri
2352 5213 2669 5268 personam,
2701 5209 2756 5256 et
2779 5201 2924 5256 inter
2952 5207 3177 5257 naturas
3205 5204 3402 5272 creari,
3424 5206 3573 5276 quod

1958 5285 2162 5340 nullam
2204 5285 2409 5341 habeat
2463 5295 2711 5342 naturam
2765 5299 2849 5344 est
2901 5289 3266 5360 impossibile.
3331 5293 3385 5348 Si
3443 5309 3572 5350 vero

1954 5385 2172 5432 creatur
2220 5377 2278 5432 in
2322 5378 2566 5436 humano
2603 5395 2834 5452 corpore
2881 5381 3107 5438 alterius
3137 5390 3346 5441 natum
3387 5385 3574 5441 anima

1955 5484 2118 5539 quam
2179 5468 2452 5538 humanae,
2503 5471 2671 5527 etiam
2717 5473 2819 5528 hoc
2867 5472 3168 5530 absurdum
3229 5483 3316 5532 est
3367 5477 3566 5533 dicere.

1957 5559 2145 5616 Restat
2175 5571 2308 5630 ergo
2337 5567 2398 5615 ut
2443 5574 2568 5615 cum
2609 5567 2828 5618 creatur
2869 5576 3011 5618 nova
3063 5561 3158 5620 fiat
3189 5565 3441 5622 humanae
3471 5581 3574 5621 na-
