3892 6048
1586 216 1641 266 Β.
1685 213 1920 267 ODONIS
1961 212 2203 265 CAMER.
2250 211 2448 264 EPISC.
3597 214 3766 267 1092

373 217 500 270 ’1091

369 365 522 411 turae.
561 358 618 411 Et
651 359 720 410 ita
751 356 1190 427 colligitiir,quia
1213 355 1270 410 tit
1301 371 1440 410 nova
1469 357 1587 422 ejus
1619 363 1826 410 naturae
1853 372 1970 426 quan

2627 337 2696 388 De
2735 340 2839 387 toto
2874 334 3166 388 materiali.

371 463 478 501 non
512 453 593 500 cst
624 462 794 510 nova;
824 445 950 500 facit
977 461 1106 517 ergo
1141 445 1281 499 Deus
1313 445 1552 499 animam
1587 461 1805 511 novam,
1851 462 1974 517 quae

370 546 617 590 naturam
643 552 750 590 non
796 537 960 590 habet
992 552 1202 590 novam.
1265 536 1352 590 Est
1386 552 1516 608 ergo
1557 537 1750 590 eadem
1786 545 1975 591 natura

371 643 530 692 nova,
563 635 754 682 etnon
802 643 958 681 nova.
1009 628 1066 680 ln
1109 643 1346 697 persona
1402 643 1540 681 nova
1571 636 1674 694 est,
1711 627 1764 681 in
1797 627 1982 698 specie

371 734 509 774 nova
551 733 658 772 non
692 725 792 772 est.
827 717 977 772 Nova
1033 725 1116 772 est
1154 718 1492 788 pr0prietate
1526 719 1826 789 personali,
1869 734 1980 774 non

374 826 510 865 nova
546 808 880 879 prOprietate
929 809 1211 863 communi
1285 807 1506 863 Creatur
1561 825 1592 863 a
1642 809 1752 863 Deo
1784 808 1854 862 de
1893 825 1983 863 ex-

369 905 663 969 stantibus,
717 903 802 957 vel
843 903 911 957 de
958 903 1129 958 nihilo
1186 905 1371 958 anima
1422 920 1563 959 nova
1620 903 1984 974 personaliter

370 997 491 1064 ejus
519 1005 730 1050 natura:
764 1010 886 1066 quae
927 995 1027 1050 fuit
1082 995 1151 1049 ab
1201 997 1364 1050 Adam
1398 996 1796 1051 universaliter.
1846 995 1975 1050 Cum

371 1086 538 1140 dicis:
577 1086 832 1139 llumanau
858 1085 1057 1139 animae
1129 1101 1365 1156 persona
1393 1091 1632 1151 creatur,
1681 1087 1976 1140 humanam

2148 446 2303 499 Nunc
2340 445 2408 499 ad
2441 459 2538 498 eos
2594 449 2676 496 est
2725 443 3058 497 veniendum
3115 443 3208 513 qui
3254 442 3450 496 dicunt
3505 444 3754 496 animas

2077 551 2298 606 quoque
2340 536 2408 589 de
2449 534 2618 587 Adam
2667 533 2909 596 venisse,
2971 540 3025 587 et
3082 533 3162 587 sic
3209 548 3406 588 omnes
3442 534 3500 587 in
3551 535 3747 588 Adam

2085 637 2361 692 peccasse.
2396 622 2503 676 Sed
2528 620 2616 675 hic
2647 620 3057 692 praedicendum
3083 627 3165 675 est
3195 621 3264 675 de
3305 630 3461 692 parte
3485 629 3550 676 et
3586 631 3741 675 toto.

2083 710 2224 766 sicut
2245 711 2501 782 superius
2533 710 2600 764 de
2631 709 2930 763 universali
2957 718 3011 763 et
3043 708 3364 772 individuo;
3410 725 3552 763 nam
3585 709 3744 762 sicut

2083 805 2150 859 de
2180 805 2478 860 universali
2509 813 2564 859 et
2591 803 2880 858 individuo
2912 803 3097 858 dicere
3127 803 3382 873 superius
3422 804 3611 858 valuit
3663 805 3737 856 ad

2083 898 2513 966 ostendendum,
2558 897 2819 952 similiter
2873 895 2964 951 hic
2990 897 3060 951 de
3088 895 3340 966 partibus
3365 904 3426 952 et
3476 903 3611 951 toto
3651 896 3742 950 lo-

2083 988 2175 1059 qui
2208 988 2450 1058 proderit
2480 988 2548 1044 ad
2575 985 3020 1060 intelligendum.
3055 985 3114 1040 Et
3148 985 3354 1040 dicitur
3370 991 3558 1040 totum
3593 985 3732 1055 plu-

2083 1077 2236 1131 ribus
2261 1077 2460 1132 modis.
2493 1077 2611 1131 Uno
2641 1075 2806 1131 modo
2863 1075 3162 1147 integrum,
3194 1075 3342 1145 quod
3378 1075 3737 1129 naturaliter

372 1178 607 1232 animam
642 1194 749 1232 non
800 1178 939 1232 dicis
982 1177 1179 1244 creari,
1222 1177 1317 1231 sed
1371 1193 1682 1248 personam.
1743 1178 1980 1232 Persona

371 1277 551 1324 autem
580 1271 834 1324 humanae
875 1270 1073 1323 animae
1106 1278 1187 1324 est
1238 1270 1419 1323 anima
1453 1269 1735 1324 individua
1811 1270 1976 1324 Crea-

372 1369 458 1414 tur
485 1359 648 1433 igitur
670 1374 780 1412 non
806 1359 1041 1411 humana
1071 1358 1276 1422 anima,
1329 1359 1424 1412 sed
1459 1358 1747 1414 individua
1776 1360 1978 1414 anima.

374 1451 660 1504 lndividua
700 1449 882 1503 anima
927 1455 1160 1511 creatur,
1196 1449 1324 1518 quia
1356 1450 1507 1520 prius
1542 1465 1652 1506 non
1700 1459 1816 1506 erat
1879 1453 1984 1506 hu-

374 1556 533 1593 mana
564 1540 746 1593 anima
776 1553 884 1592 non
917 1545 1152 1603 creatur,
1177 1538 1303 1608 quia
1337 1538 1488 1609 prius
1519 1546 1654 1603 erat,
1685 1547 1739 1593 et
1780 1540 1834 1592 in
1859 1540 1984 1594 aliis

2080 1174 2293 1223 constat
2343 1167 2744 1238 compositione
2785 1166 3042 1237 partium,
3096 1174 3257 1222 utens
3301 1167 3735 1236 compositione.

2083 1267 2340 1327 tanquam
2398 1257 2592 1322 forma,
2651 1255 2900 1326 partibus
2959 1269 3087 1311 vero
3128 1261 3388 1326 tanquam
3450 1255 3727 1308 materia.

2085 1348 2338 1404 Partibus
2367 1349 2515 1404 enim
2550 1347 2855 1403 adveniens
2886 1345 3217 1416 compositio
3248 1345 3462 1415 perficit
3510 1352 3726 1400 totum.

2085 1444 2216 1498 Nam
2263 1444 2386 1498 sine
2413 1442 2816 1514 compositione
2867 1440 3002 1495 nihil
3039 1448 3223 1512 partes
3251 1440 3521 1495 efficiunt.
3568 1441 3636 1494 L't
3670 1441 3726 1493 in

2087 1535 2308 1591 homine
2366 1545 2550 1606 partes
2601 1543 2729 1589 sunt
2785 1534 2970 1588 anima
3009 1540 3064 1588 et
3091 1548 3312 1604 corpus,
3376 1532 3728 1586 inhumano

375 1631 626 1701 personis
653 1639 786 1685 erat.
814 1630 1014 1683 Tamen
1070 1629 1354 1683 individua
1399 1631 1580 1684 anima
1614 1639 1695 1685 est
1742 1631 1981 1686 humana
2012 1635 2265 1716 Bautem
2312 1641 2545 1698 corpore
2599 1631 2783 1696 partes
2833 1632 2964 1680 sunt
3025 1625 3211 1678 omnia
3263 1623 3516 1678 membra
3567 1625 3722 1691 ejus,

373 1717 578 1782 anima,
618 1724 668 1770 et
693 1716 927 1787 idipsum
980 1716 1410 1772 substantialiter
1439 1725 1518 1772 est
1548 1719 1829 1774 individua
1855 1721 1978 1774 ani-

371 1825 456 1862 ma
483 1809 629 1879 quod
665 1809 923 1876 humana,
957 1817 1010 1862 et
1066 1825 1173 1862 una
1216 1809 1520 1881 eademque
1553 1812 1858 1867 substantia
1893 1821 1975 1868 est

371 1903 486 1956 hanc
518 1909 571 1956 et
603 1903 862 1968 humana,
906 1903 957 1956 id
992 1910 1074 1957 est
1111 1911 1293 1958 creata
1323 1905 1508 1968 modo,
1543 1914 1597 1960 et
1640 1923 1871 1960 manens
1907 1909 1975 1962 ab

371 1991 524 2045 initio
589 1990 872 2044 individua
902 1990 1160 2045 videlicet
1197 2002 1251 2045 et
1287 1993 1563 2062 specialis,
1597 1993 1895 2068 singularis
1920 2004 1974 2048 et

367 2081 674 2136 communis
705 2081 830 2135 ideo
870 2097 979 2135 una
1009 2090 1062 2136 et
1092 2082 1284 2136 eadem
1317 2083 1621 2138 substantia
1652 2092 1734 2138 est
1771 2085 1976 2139 utrius-

365 2185 492 2242 que,
521 2171 671 2240 quia,
724 2185 846 2224 cum
878 2169 1164 2224 individua
1208 2171 1391 2225 anima
1435 2179 1670 2238 creatur,
1696 2169 1754 2225 tit
1784 2172 1975 2226 huma-

366 2276 450 2314 nae
481 2267 711 2322 naturae,
754 2268 808 2313 et
864 2259 1027 2314 modo
1057 2259 1198 2314 facta
1229 2260 1297 2314 de
1338 2261 1535 2326 nihilo,
1566 2263 1797 2316 assumit
1840 2262 1894 2316 in
1917 2279 1976 2317 se

366 2350 558 2406 factam
604 2349 672 2404 ab
699 2350 876 2405 initio.
911 2351 1169 2415 Assumit,
1205 2351 1453 2422 inquam,
1501 2351 1783 2407 individua
1823 2369 1976 2408 com-

364 2459 610 2509 munem,
646 2450 704 2497 ut
749 2442 952 2498 habeat
981 2443 1230 2498 eamdem
1263 2460 1385 2498 cum
1411 2461 1476 2499 ea
1507 2445 1892 2502 substantiam.
1918 2446 1978 2500 Et

363 2551 486 2589 cum
523 2532 955 2605 pr0prietatibus
999 2533 1117 2587 suis
1156 2532 1414 2588 differant
1463 2550 1560 2605 per
1609 2535 1973 2590 substantiam

365 2624 584 2695 penitus
611 2631 738 2678 sunt
778 2623 943 2677 idem.
984 2623 1172 2694 Itaque
1208 2624 1459 2677 humanae
1499 2625 1697 2678 animae
1727 2633 1984 2679 creantur

363 2731 502 2770 nova
532 2714 855 2778 individua;
903 2729 1026 2785 quae
1073 2714 1310 2784 idipsum
1367 2715 1802 2770 substantialiter
1846 2715 1984 2770 fiunt

362 2807 510 2879 quod
551 2815 632 2860 est
690 2806 928 2859 humana
979 2804 1178 2860 anima.
1214 2805 1436 2860 Creatur
1488 2806 1741 2860 humanae
1779 2807 1978 2860 animae

363 2913 560 2954 novum
606 2898 968 2957 individuum.
1009 2896 1157 2967 quod
1215 2913 1337 2951 cum
1397 2898 1515 2967 ipsa
1567 2897 1884 2952 necessario
1911 2897 1982 2952 sit

362 2987 608 3055 ejusdem
645 2993 875 3052 naturae,
905 2985 1034 3055 quia
1082 2985 1425 3054 impossibile
1466 2993 1549 3040 est
1582 2986 1834 3040 humana:
1861 2986 1979 3040 ani-

360 3094 462 3132 mm
521 3076 870 3130 individuum
922 3077 975 3128 in
1011 3077 1248 3130 humano
1280 3092 1510 3147 corpore
1543 3078 1716 3132 creari
1757 3077 1984 3133 alterius

363 3179 571 3225 naturae
601 3184 762 3240 quam
798 3170 1069 3222 humanae.
1115 3169 1380 3239 Amplius,
1433 3177 1612 3240 potest
1643 3171 1808 3224 etiam
1865 3168 1979 3225 dici

362 3274 530 3314 novas
559 3257 771 3312 animas
807 3258 1000 3323 creari,
1033 3273 1140 3313 non
1173 3259 1319 3328 quod
1358 3268 1504 3325 sunt,
1538 3258 1636 3313 sed
1677 3259 1825 3329 quod
1882 3259 1980 3312 ha-

362 3348 585 3413 bent,id
612 3352 693 3401 est
720 3346 1078 3417 proprietate,
1115 3362 1226 3402 non
1258 3347 1587 3413 substantia,
1617 3355 1676 3402 ut
1703 3363 1814 3402 non
1838 3362 1976 3403 nova

359 3438 683 3504 substantia,
716 3437 815 3491 sed
849 3453 987 3492 nova
1017 3438 1109 3494 tiat
1141 3440 1472 3510 proprietas,
1501 3446 1559 3494 ut
1591 3440 1974 3509 procreatione

289 3587 295 3592 ,
361 3529 714 3600 proprietatis
755 3545 910 3584 novae
959 3530 1166 3586 crcatio
1199 3531 1413 3585 dicatur
1443 3530 1684 3601 antiqua}
1719 3531 1974 3585 substan-

360 3623 470 3688 tiae,
509 3628 564 3675 et
593 3621 820 3691 antiqua
857 3621 1164 3677 substantia
1203 3623 1330 3678 ideo
1381 3638 1521 3678 nova
1567 3622 1801 3689 dicatur,
1844 3623 1973 3694 quia

361 3725 499 3764 nova
530 3711 863 3780 preprietate
897 3710 1178 3765 formatur.
1222 3711 1282 3765 Et
1317 3713 1565 3782 quamvis
1591 3728 1830 3784 persona
1861 3727 1972 3768 non

359 3802 429 3855 sit
471 3801 592 3854 sine
624 3800 954 3863 substantia,
988 3817 1281 3870 personam
1315 3808 1496 3856 tamen
1543 3819 1652 3858 non
1687 3803 1814 3859 facit
1837 3804 1970 3858 sub-

359 3891 580 3957 stantia,
621 3890 718 3942 sed
749 3889 1067 3943 substantiae
1101 3890 1432 3960 proprietas,
1476 3892 1715 3964 ideoque
1750 3900 1972 3965 prepter

360 3981 754 4052 preprietatem
789 3995 983 4033 novam
1015 3996 1154 4036 nova
1191 3982 1392 4036 dicitur
1429 3983 1629 4038 anima.
1685 3986 1778 4040 Dat
1824 3987 1968 4041 Deus

360 4067 614 4123 existenti
646 4066 842 4119 animae
865 4068 1250 4138 pr0prietatem
1293 4085 1510 4135 novam,
1543 4079 1597 4126 et
1618 4072 1747 4128 facit
1769 4089 1964 4129 novam

359 4173 674 4231 personam,
708 4156 926 4227 species
963 4157 1234 4225 subsistit,
1277 4158 1439 4214 datur
1489 4176 1518 4214 a
1563 4161 1676 4217 Deo
1716 4164 1966 4234 proprie-

358 4261 461 4318 tas,
495 4256 551 4304 et
577 4249 636 4304 fit
689 4265 828 4303 nova
859 4263 1114 4320 persona.
1168 4251 1399 4306 Advenit
1458 4253 1764 4323 proprietas
1812 4270 1961 4310 com-

356 4345 508 4400 muni
537 4351 764 4407 natura),
797 4351 870 4409 et,
913 4359 1012 4413 per
1050 4345 1460 4414 prOprietatem,
1512 4345 1572 4400 fit
1615 4317 2042 4404 individuumD

354 4439 502 4512 quod
533 4444 647 4494 erat
675 4453 968 4493 commune
1026 4439 1212 4509 Itaque
1253 4439 1371 4494 sola
1404 4439 1713 4510 prOprietas
1747 4442 1826 4508 tit,
1857 4458 1966 4498 non

355 4542 568 4597 natura,
600 4531 716 4586 sola
763 4531 1093 4600 prOprietas,
1147 4546 1258 4586 non
1298 4530 1625 4598 substantia,
1684 4541 1740 4588 et
1781 4541 1964 4590 tamen

352 4623 656 4679 substantia
687 4623 860 4678 creari
905 4622 1104 4677 dicitur
1163 4640 1262 4693 per
1292 4623 1709 4694 pr0prietatem,
1739 4633 1797 4680 ut
1828 4642 1968 4682 nova

351 4715 420 4770 sit
458 4715 664 4783 anima,
692 4715 848 4784 cujus
879 4719 960 4768 est
982 4729 1122 4769 nova
1151 4715 1477 4785 pr0prietas.
1517 4716 1666 4772 Hanc
1696 4718 1962 4774 rationem

351 4807 524 4879 priori
554 4821 664 4861 non
697 4805 1063 4876 praeferimus,
1091 4806 1218 4877 quia
1257 4808 1342 4862 vix
1388 4809 1641 4864 audimus
1671 4811 1856 4866 dicere
1908 4812 1963 4866 in

348 4896 626 4952 creatione
657 4893 962 4949 animarum
996 4895 1165 4950 Deum
1198 4911 1307 4951 non
1356 4912 1543 4953 creare
1574 4898 1961 4969 substantiam,

346 4989 446 5045 sed
472 4987 861 5060 pr0prietatcm
888 4986 1084 5052 solam,
1116 5003 1184 5042 ne
1219 4987 1487 5061 derogare
1515 4989 1802 5046 videamur
1829 5008 1956 5047 om-

347 5080 670 5152 nipotentiae
727 5094 974 5145 summae,
1017 5079 1062 5132 si
1105 5078 1220 5133 sola
1259 5079 1562 5137 accidentia
1607 5083 1862 5140 dicuntur
1901 5087 1956 5139 in

347 5171 599 5242 personis
626 5176 680 5225 ct
729 5185 838 5225 non
891 5169 1224 5224 substantias
1257 5187 1462 5226 creare.
1519 5173 1719 5229 Damus
1773 5181 1953 5231 tamen

347 5266 537 5321 lectori
573 5264 849 5320 licentiam
883 5264 1032 5334 quod
1065 5265 1242 5335 magis
1273 5265 1388 5320 vult
1417 5272 1627 5322 tenere.
1662 5268 1757 5324 Bis
1788 5270 1956 5325 ratio-

349 5354 512 5408 nibus
540 5353 855 5408 ostenditur
881 5354 1186 5409 secundum
1219 5356 1553 5412 orthodoxos
1608 5373 1802 5414 omnes
1854 5362 1957 5416 ho-

348 5445 524 5499 mines
554 5445 896 5519 originaliter
933 5448 1148 5518 culpam
1196 5449 1412 5503 trahere
1465 5457 1520 5505 et
1548 5451 1602 5505 in
1635 5452 1802 5507 Adam
1835 5469 1957 5510 om-

349 5544 450 5582 nes
490 5546 767 5596 peccasse,
823 5535 1074 5602 quamvis
1115 5535 1308 5591 animaa
1367 5551 1477 5592 non
1537 5536 1668 5593 fiant
1720 5539 1789 5594 de
1847 5547 1956 5595 tra-

349 5617 506 5676 duce.

2085 1737 2206 1792 quae
2238 1720 2551 1792 perficiunt,
2583 1720 2687 1774 illae
2716 1719 2944 1790 quidem
2977 1718 3282 1783 hominem,
3313 1720 3396 1772 hae
3428 1735 3567 1773 vero
3595 1733 3723 1772 cor-

2077 1830 2180 1882 pus
2202 1813 2529 1878 humanum;
2571 1813 2615 1866 si
2641 1811 3105 1882 compositionem
3143 1810 3442 1865 habuerint
3466 1825 3715 1881 compe-

2075 1911 2304 1958 tentem.
2353 1904 2414 1958 Et
2440 1903 2583 1957 sicut
2613 1901 3014 1972 compositione
3066 1901 3426 1964 construitur,
3473 1901 3554 1954 ita
3594 1901 3718 1953 dis-

2074 1997 2350 2052 solutione
2391 1997 2624 2067 partium
2690 1996 2992 2050 destruilur
3042 2001 3234 2050 totum.
3293 1993 3579 2068 Contingit
3620 2010 3719 2047 au-

2080 2096 2188 2140 tem
2216 2087 2534 2156 frequenter
2564 2083 2790 2138 alterius
2828 2083 3051 2158 generis
3105 2099 3228 2137 esse
3268 2091 3463 2148 totum,
3509 2091 3569 2136 et
3634 2084 3710 2134 al-

2079 2179 2250 2234 terius
2277 2189 2512 2250 partem,
2546 2185 2604 2234 ut
2631 2177 2870 2233 hominis
2898 2177 3198 2230 humanum
3240 2190 3468 2245 corpus,
3495 2182 3556 2228 et
3587 2189 3718 2229 cor—

2079 2272 2220 2340 pori,
2261 2278 2314 2327 et
2355 2272 2594 2325 humana
2648 2270 2832 2323 anima
2889 2268 3108 2335 animae,
3149 2268 3313 2322 homo
3353 2282 3484 2322 vero
3529 2274 3718 2322 totum

2079 2364 2259 2418 neutri
2292 2370 2654 2434 supponatur,
2693 2361 2791 2416 sed
2825 2361 2874 2415 ei
2903 2360 3052 2431 quod
3102 2366 3319 2415 constat
3340 2375 3407 2414 ex
3437 2365 3715 2430 utroque.

2081 2455 2140 2509 Et
2172 2455 2228 2508 in
2261 2455 2364 2510 hoc
2393 2461 2528 2520 toto,
2561 2469 2664 2507 nec
2713 2453 2892 2522 ipsum
2949 2452 3017 2506 de
3049 2450 3297 2521 partibus
3346 2450 3574 2511 dicitur,
3611 2466 3718 2502 nec

2086 2555 2269 2617 partes
2301 2547 2369 2600 de
2399 2546 2544 2616 ipso.
2587 2545 2648 2598 Et
2680 2544 2785 2598 tale
2816 2549 2990 2598 totum
3013 2541 3222 2612 speciei
3255 2557 3478 2612 semper
3500 2549 3590 2594 est
3623 2543 3718 2594 in-

2085 2642 2390 2697 dividuum.
2427 2641 2484 2694 ln
2515 2638 2930 2695 universalibus
2960 2638 3108 2693 enim
3142 2653 3255 2692 non
3288 2638 3572 2692 invenitur
3604 2638 3716 2690 tale

2083 2739 2269 2788 totum.
2319 2731 2662 2787 Universalia
2692 2729 2839 2784 enim
2874 2729 2978 2784 hoc
3007 2727 3156 2800 quod
3187 2735 3314 2782 sunt
3354 2743 3453 2798 per
3499 2743 3587 2786 se,
3623 2728 3714 2780 in-

2082 2825 2399 2895 compositae
2429 2832 2558 2878 sunt
2588 2829 2643 2877 et
2681 2822 2949 2892 simplicis
2979 2827 3225 2883 naturae;
3255 2826 3310 2874 et
3339 2820 3383 2872 si
3414 2824 3530 2874 tota
3562 2819 3707 2873 dici-

2083 2921 2189 2980 tur,
2215 2913 2268 2966 in
2303 2912 2605 2967 individuis
2627 2911 2743 2966 suis
2765 2910 3024 2964 dicuntur
3053 2925 3151 2980 per
3195 2924 3278 2974 se,
3309 2908 3475 2962 etiam
3521 2924 3710 2978 quan-

2007 3023 2056 3091 ρ
2083 3002 2252 3057 titatis
2279 3011 2333 3057 et
2361 3017 2570 3073 genera
2597 3008 2653 3056 et
2685 3001 2922 3071 species,
2968 3015 3092 3071 quae
3134 2999 3271 3053 nihil
3318 2998 3712 3091 aliudisonare

2085 3093 2343 3148 videntur
2371 3109 2535 3165 quam
2564 3108 2628 3148 ex
2657 3092 2906 3163 partibus
2959 3091 3087 3146 talia
3125 3096 3260 3155 tota,
3319 3089 3374 3143 in
3401 3087 3713 3143 individuis

2084 3186 2306 3256 quidem
2343 3192 2525 3256 partes
2547 3185 2773 3247 habent,
2801 3194 2854 3239 et
2884 3190 2996 3239 tota
3018 3191 3166 3250 sunt,
3196 3183 3315 3253 ipsa
3352 3197 3482 3236 vero
3519 3198 3619 3251 per
3649 3198 3710 3234 se.

2082 3296 2184 3335 nec
2215 3291 2396 3352 partes
2434 3281 2645 3335 habent
2695 3295 2797 3334 nec
2833 3285 2961 3334 sunt
2991 3285 3135 3344 tota;
3177 3278 3274 3332 sed
3322 3284 3535 3331 naturae
3568 3277 3706 3330 sim—

2080 3371 2238 3440 plicis
2263 3377 2318 3425 et
2356 3369 2628 3435 absoluta,
2661 3377 2722 3424 ut
2748 3383 3099 3423 numerorum
3139 3383 3345 3440 genera
3371 3374 3424 3421 et
3447 3366 3696 3436 species,

2076 3473 2310 3530 quorum
2354 3465 2522 3514 totam
2569 3457 3046 3513 ratiocinationem
3089 3456 3322 3527 partium
3368 3455 3695 3510 considera-

2077 3547 2150 3604 tio
2178 3547 2442 3610 continet,
2486 3548 2604 3618 ipsa
2660 3547 2884 3618 quidem
2918 3562 3015 3616 per
3043 3562 3104 3600 se
3134 3561 3238 3600 nec
3269 3552 3380 3600 tota
3418 3552 3551 3599 sunt
3582 3561 3687 3598 nec

2077 3644 2261 3708 partes
2293 3637 2527 3702 habent;
2563 3636 2616 3689 in
2669 3635 2970 3690 individuis
2999 3650 3130 3690 vero
3158 3641 3268 3689 tota
3313 3643 3442 3688 sunt
3475 3632 3691 3704 ubique

2075 3729 2310 3800 partium
2369 3728 2776 3800 compositione
2870 3727 3283 3782 Universalibus
3353 3734 3538 3781 tamen
3598 3727 3695 3780 dat

2074 3817 2454 3889 phiIOSOphica
2513 3817 2882 3874 consideratio
2923 3817 3368 3873 constitutionem
3418 3832 3530 3871 non
3566 3816 3694 3887 qui-

2071 3908 2199 3962 dem
2245 3908 2488 3978 proprie,
2519 3908 2618 3962 sed
2644 3908 2710 3962 ad
2741 3907 3164 3964 similitudinem
3205 3907 3450 3962 materiei
3479 3917 3535 3961 et
3580 3907 3693 3961 for-

2070 4012 2196 4062 mae,
2227 4012 2353 4051 nam
2383 3996 2628 4066 speciem
2659 4005 2909 4052 constare
2945 3996 3137 4052 dicunt
3161 4013 3224 4052 ex
3251 4012 3452 4069 genere
3475 4003 3531 4050 et
3561 3995 3693 4050 sub-

2071 4085 2290 4149 stantia,
2322 4084 2474 4140 velut
2511 4101 2574 4140 ex
2615 4085 2843 4139 materia
2885 4091 2938 4140 et
2968 4083 3158 4140 forma.
3203 4085 3310 4140 Sed
3342 4086 3395 4139 in
3428 4085 3528 4138 hac
3569 4086 3690 4138 uni-

2069 4179 2363 4234 versalium
2409 4181 2801 4238 constitutione
2842 4197 2952 4238 non
2981 4183 3125 4253 perit
3149 4180 3474 4252 simplicitas
3506 4189 3677 4235 natu-

2068 4286 2166 4338 rae,
2194 4271 2344 4327 velut
2363 4278 2545 4342 partes
2583 4289 2692 4329 non
2722 4274 2928 4331 faciunt
2953 4277 3119 4332 totius
3163 4276 3552 4348 quantitatem,
3583 4276 3681 4329 sed

2070 4361 2306 4432 qualitas
2331 4360 2635 4417 adveniens
2689 4364 3014 4435 simpliciter
3066 4365 3326 4421 informat
3364 4365 3670 4418 materiem.

2069 4458 2186 4512 Non
2239 4465 2323 4512 est
2363 4457 2512 4512 enim
2548 4456 2747 4531 ﬁgura,
2793 4456 3092 4514 multorum
3133 4458 3188 4512 in
3219 4473 3390 4513 unum
3447 4472 3677 4528 compo-

2068 4549 2220 4611 sitio,
2253 4549 2352 4604 sed
2383 4549 2626 4603 materiae
2653 4548 2918 4616 subjecta;
2937 4547 3167 4618 simplex
3207 4547 3548 4612 informatio,
3580 4563 3679 4602 nec

2071 4637 2304 4710 qualitas
2343 4636 2470 4692 facit
2521 4637 2684 4691 ullam
2727 4637 3086 4708 quantitatem
3125 4637 3388 4705 subjectae
3428 4637 3676 4691 materiei

2069 4729 2538 4797 informationem,
2569 4729 2711 4784 sicut
2737 4744 2998 4784 numerus
3027 4729 3385 4784 materialium
3415 4729 3675 4799 partium,

2067 4819 2487 4891 compositione.
2521 4819 2652 4874 Nam
2699 4819 3063 4876 materialium
3118 4820 3354 4891 partium
3411 4836 3677 4876 numerus

2067 4911 2222 4981 ponit
2263 4909 2644 4981 quantitatem.
2696 4909 2892 4983 Figura
2944 4925 3072 4966 vero
3117 4911 3377 4980 subjectae
3425 4912 3669 4966 materiei

2065 5001 2580 5073 ponitqualitatem,
2611 5000 2888 5072 siquidem
2920 5001 3096 5076 ﬁgura
3124 5010 3209 5058 est
3233 5001 3490 5073 qualitas.
3521 5002 3668 5067 Qua—

2058 5091 2182 5146 litas
2205 5097 2386 5146 autem
2420 5103 2530 5145 non
2557 5089 2801 5160 pertinet
2829 5090 2896 5145 ad
2938 5097 3111 5146 totum
3144 5091 3509 5146 materialium
3540 5108 3669 5163 par-

2059 5180 2219 5247 tium,
2258 5181 2354 5236 sed
2403 5179 2681 5251 quantitas
2730 5187 2956 5250 propter
2992 5195 3179 5236 earum
3214 5197 3526 5237 numerum.
3561 5183 3664 5236 Ita-

2059 5287 2166 5344 que
2205 5271 2334 5344 quia
2374 5271 2738 5327 materialium
2777 5271 3013 5343 partium
3077 5288 3363 5328 numerum
3405 5288 3517 5328 non
3576 5274 3670 5329 ad-

2058 5361 2299 5429 mittunt,
2323 5375 2433 5416 non
2461 5359 2697 5431 pertinet
2727 5361 2793 5415 ad
2845 5377 2912 5416 ea
2945 5362 3266 5433 quantitatis
3304 5369 3502 5426 totum,
3536 5372 3591 5418 ut
3615 5365 3667 5417 in

2059 5467 2157 5507 sua
2196 5451 2586 5508 constitutione
2626 5451 2878 5508 dicantur
2921 5454 3260 5523 composita;
3323 5455 3421 5509 sed
3463 5461 3665 5510 natura:

2056 5543 2324 5615 simplicis
2364 5551 2492 5600 sunt
2537 5551 2592 5599 et
2641 5544 3039 5617 incompositae,
3069 5560 3289 5617 semper
3355 5546 3459 5602 hoc
3489 5546 3662 5618 ipsum

2055 5637 2334 5694 manentia
2363 5636 2512 5710 quod
2545 5645 2672 5694 sunt
2698 5645 2750 5696 et
2783 5638 3150 5696 immutabilia
3179 5653 3278 5713 per
3306 5654 3408 5718 se;
