  <div class='ocr_page' id='page_1' title='image "/cluster/home/n/w/nwhite01/storage/ocr_20150623/160/hvd.32044054760186/552.png"; bbox 0 0 3892 6048; ppageno 0'>
   <div class='ocr_carea' id='block_1_1' title="bbox 182 248 319 304">
    <p class='ocr_par' dir='ltr' id='par_1_1' title="bbox 182 248 319 304">
     <span class='ocr_line' id='line_1_1' title="bbox 182 248 319 304; baseline 0 -2"><span class='ocrx_word' id='word_1_1' title='bbox 182 248 204 302; x_wconf 87' lang='grc'><strong>1</strong></span> <span class='ocrx_word' id='word_1_2' title='bbox 215 248 319 304; x_wconf 88' lang='grc'><strong>093</strong></span> 
     </span>
    </p>
   </div>
   <div class='ocr_carea' id='block_1_2' title="bbox 742 371 1228 434">
    <p class='ocr_par' dir='ltr' id='par_1_2' title="bbox 742 371 1228 434">
     <span class='ocr_line' id='line_1_2' title="bbox 742 371 1228 434; baseline 0 -10"><span class='ocrx_word' id='word_1_3' title='bbox 742 376 808 425; x_wconf 85' lang='lat' dir='ltr'><strong>De</strong></span> <span class='ocrx_word' id='word_1_4' title='bbox 849 372 958 424; x_wconf 79' lang='lat' dir='ltr'><strong>toto</strong></span> <span class='ocrx_word' id='word_1_5' title='bbox 991 371 1228 434; x_wconf 75' lang='lat' dir='ltr'><strong>formali.</strong></span> 
     </span>
    </p>
   </div>
   <div class='ocr_carea' id='block_1_3' title="bbox 251 499 1790 571">
    <p class='ocr_par' dir='ltr' id='par_1_3' title="bbox 251 499 1790 571">
     <span class='ocr_line' id='line_1_3' title="bbox 251 499 1790 571; baseline 0.001 -19"><span class='ocrx_word' id='word_1_6' title='bbox 251 500 368 554; x_wconf 85' lang='lat' dir='ltr'><strong>Alio</strong></span> <span class='ocrx_word' id='word_1_7' title='bbox 399 500 562 554; x_wconf 89' lang='lat' dir='ltr'><strong>modo</strong></span> <span class='ocrx_word' id='word_1_8' title='bbox 592 500 791 555; x_wconf 90' lang='lat' dir='ltr'><strong>dicitur</strong></span> <span class='ocrx_word' id='word_1_9' title='bbox 830 506 1006 554; x_wconf 87' lang='lat' dir='ltr'><strong>totum</strong></span> <span class='ocrx_word' id='word_1_10' title='bbox 1052 501 1299 566; x_wconf 78' lang='lat' dir='ltr'><strong>formate,</strong></span> <span class='ocrx_word' id='word_1_11' title='bbox 1331 501 1478 571; x_wconf 85' lang='lat' dir='ltr'><strong>quod</strong></span> <span class='ocrx_word' id='word_1_12' title='bbox 1519 516 1583 554; x_wconf 83' lang='lat' dir='ltr'><strong>ex</strong></span> <span class='ocrx_word' id='word_1_13' title='bbox 1616 499 1790 554; x_wconf 89' lang='lat' dir='ltr'><strong>forma</strong></span> 
     </span>
    </p>
   </div>
   <div class='ocr_carea' id='block_1_4' title="bbox 181 591 1788 662">
    <p class='ocr_par' dir='ltr' id='par_1_4' title="bbox 181 591 1788 662">
     <span class='ocr_line' id='line_1_4' title="bbox 181 591 1788 662; baseline 0.001 -18"><span class='ocrx_word' id='word_1_14' title='bbox 181 599 393 645; x_wconf 85' lang='lat' dir='ltr'><strong>constat</strong></span> <span class='ocrx_word' id='word_1_15' title='bbox 429 598 484 645; x_wconf 91' lang='lat' dir='ltr'><strong>et</strong></span> <span class='ocrx_word' id='word_1_16' title='bbox 522 592 772 651; x_wconf 88' lang='lat' dir='ltr'><strong>materia,</strong></span> <span class='ocrx_word' id='word_1_17' title='bbox 804 591 961 646; x_wconf 82' lang='lat' dir='ltr'><strong>aliter</strong></span> <span class='ocrx_word' id='word_1_18' title='bbox 991 592 1136 646; x_wconf 89' lang='lat' dir='ltr'><strong>enim</strong></span> <span class='ocrx_word' id='word_1_19' title='bbox 1171 599 1382 646; x_wconf 84' lang='lat' dir='ltr'><strong>constat</strong></span> <span class='ocrx_word' id='word_1_20' title='bbox 1423 591 1563 646; x_wconf 89' lang='lat' dir='ltr'><strong>Petri</strong></span> <span class='ocrx_word' id='word_1_21' title='bbox 1589 606 1788 662; x_wconf 90' lang='lat' dir='ltr'><strong>corpus</strong></span> 
     </span>
    </p>
   </div>
   <div class='ocr_carea' id='block_1_5' title="bbox 180 679 1788 751">
    <p class='ocr_par' dir='ltr' id='par_1_5' title="bbox 180 679 1788 751">
     <span class='ocr_line' id='line_1_5' title="bbox 180 679 1788 751; baseline 0.001 -19"><span class='ocrx_word' id='word_1_22' title='bbox 180 695 244 732; x_wconf 85' lang='lat' dir='ltr'><strong>ex</strong></span> <span class='ocrx_word' id='word_1_23' title='bbox 274 680 513 733; x_wconf 90' lang='lat' dir='ltr'><strong>humana</strong></span> <span class='ocrx_word' id='word_1_24' title='bbox 544 679 717 751; x_wconf 88' lang='lat' dir='ltr'><strong>ﬁgura</strong></span> <span class='ocrx_word' id='word_1_25' title='bbox 755 686 809 734; x_wconf 90' lang='lat' dir='ltr'><strong>et</strong></span> <span class='ocrx_word' id='word_1_26' title='bbox 838 681 1064 734; x_wconf 81' lang='lat' dir='ltr'><strong>materia</strong></span> <span class='ocrx_word' id='word_1_27' title='bbox 1113 695 1394 750; x_wconf 76' lang='lat' dir='ltr'><strong>corporeae</strong></span> <span class='ocrx_word' id='word_1_28' title='bbox 1436 696 1655 745; x_wconf 83' lang='lat' dir='ltr'><strong>massae,</strong></span> <span class='ocrx_word' id='word_1_29' title='bbox 1685 680 1788 735; x_wconf 91' lang='lat' dir='ltr'><strong>ali-</strong></span> 
     </span>
    </p>
   </div>
   <div class='ocr_carea' id='block_1_6' title="bbox 182 774 1789 845">
    <p class='ocr_par' dir='ltr' id='par_1_6' title="bbox 182 774 1789 845">
     <span class='ocr_line' id='line_1_6' title="bbox 182 774 1789 845; baseline -0.001 -16"><span class='ocrx_word' id='word_1_30' title='bbox 182 781 263 829; x_wconf 85' lang='lat' dir='ltr'><strong>ter</strong></span> <span class='ocrx_word' id='word_1_31' title='bbox 292 790 358 828; x_wconf 88' lang='lat' dir='ltr'><strong>ex</strong></span> <span class='ocrx_word' id='word_1_32' title='bbox 404 774 653 844; x_wconf 87' lang='lat' dir='ltr'><strong>pluribus</strong></span> <span class='ocrx_word' id='word_1_33' title='bbox 688 775 952 829; x_wconf 88' lang='lat' dir='ltr'><strong>membris</strong></span> <span class='ocrx_word' id='word_1_34' title='bbox 1004 776 1119 830; x_wconf 87' lang='lat' dir='ltr'><strong>suis</strong></span> <span class='ocrx_word' id='word_1_35' title='bbox 1149 781 1203 830; x_wconf 89' lang='lat' dir='ltr'><strong>et</strong></span> <span class='ocrx_word' id='word_1_36' title='bbox 1235 775 1657 845; x_wconf 84' lang='lat' dir='ltr'><strong>compositione,</strong></span> <span class='ocrx_word' id='word_1_37' title='bbox 1701 775 1789 828; x_wconf 92' lang='lat' dir='ltr'><strong>in-</strong></span> 
     </span>
    </p>
   </div>
   <div class='ocr_carea' id='block_1_7' title="bbox 181 862 1790 934">
    <p class='ocr_par' dir='ltr' id='par_1_7' title="bbox 181 862 1790 934">
     <span class='ocr_line' id='line_1_7' title="bbox 181 862 1790 934; baseline 0.002 -19"><span class='ocrx_word' id='word_1_38' title='bbox 181 869 265 916; x_wconf 91' lang='lat' dir='ltr'><strong>est</strong></span> <span class='ocrx_word' id='word_1_39' title='bbox 295 862 464 934; x_wconf 91' lang='lat' dir='ltr'><strong>ﬁgura</strong></span> <span class='ocrx_word' id='word_1_40' title='bbox 504 877 716 927; x_wconf 65' lang='lat' dir='ltr'><strong>massae,</strong></span> <span class='ocrx_word' id='word_1_41' title='bbox 746 871 798 918; x_wconf 91' lang='lat' dir='ltr'><strong>et</strong></span> <span class='ocrx_word' id='word_1_42' title='bbox 820 871 1034 919; x_wconf 88' lang='lat' dir='ltr'><strong>constat</strong></span> <span class='ocrx_word' id='word_1_43' title='bbox 1065 872 1238 919; x_wconf 90' lang='lat' dir='ltr'><strong>totum</strong></span> <span class='ocrx_word' id='word_1_44' title='bbox 1265 863 1512 919; x_wconf 90' lang='lat' dir='ltr'><strong>formale.</strong></span> <span class='ocrx_word' id='word_1_45' title='bbox 1559 864 1790 928; x_wconf 87' lang='lat' dir='ltr'><strong>Quanti-</strong></span> 
     </span>
    </p>
   </div>
   <div class='ocr_carea' id='block_1_8' title="bbox 183 956 1792 1028">
    <p class='ocr_par' dir='ltr' id='par_1_8' title="bbox 183 956 1792 1028">
     <span class='ocr_line' id='line_1_8' title="bbox 183 956 1792 1028; baseline 0.004 -21"><span class='ocrx_word' id='word_1_46' title='bbox 183 960 293 1008; x_wconf 88' lang='lat' dir='ltr'><strong>tate</strong></span> <span class='ocrx_word' id='word_1_47' title='bbox 319 970 430 1009; x_wconf 92' lang='lat' dir='ltr'><strong>non</strong></span> <span class='ocrx_word' id='word_1_48' title='bbox 463 963 678 1010; x_wconf 91' lang='lat' dir='ltr'><strong>constat</strong></span> <span class='ocrx_word' id='word_1_49' title='bbox 708 956 811 1011; x_wconf 88' lang='lat' dir='ltr'><strong>hoc</strong></span> <span class='ocrx_word' id='word_1_50' title='bbox 855 963 1048 1021; x_wconf 90' lang='lat' dir='ltr'><strong>totum,</strong></span> <span class='ocrx_word' id='word_1_51' title='bbox 1081 957 1210 1028; x_wconf 89' lang='lat' dir='ltr'><strong>quia</strong></span> <span class='ocrx_word' id='word_1_52' title='bbox 1259 972 1368 1012; x_wconf 92' lang='lat' dir='ltr'><strong>non</strong></span> <span class='ocrx_word' id='word_1_53' title='bbox 1419 958 1677 1028; x_wconf 64' lang='lat' dir='ltr'><strong>quaeritur</strong></span> <span class='ocrx_word' id='word_1_54' title='bbox 1701 958 1792 1013; x_wconf 91' lang='lat' dir='ltr'><strong>hic</strong></span> 
     </span>
    </p>
   </div>
   <div class='ocr_carea' id='block_1_9' title="bbox 185 1044 1788 1117">
    <p class='ocr_par' dir='ltr' id='par_1_9' title="bbox 185 1044 1788 1117">
     <span class='ocr_line' id='line_1_9' title="bbox 185 1044 1788 1117; baseline 0.004 -20"><span class='ocrx_word' id='word_1_55' title='bbox 185 1044 479 1099; x_wconf 85' lang='lat' dir='ltr'><strong>multitudo</strong></span> <span class='ocrx_word' id='word_1_56' title='bbox 508 1045 875 1099; x_wconf 90' lang='lat' dir='ltr'><strong>materialium</strong></span> <span class='ocrx_word' id='word_1_57' title='bbox 919 1047 1176 1117; x_wconf 90' lang='lat' dir='ltr'><strong>partium,</strong></span> <span class='ocrx_word' id='word_1_58' title='bbox 1235 1048 1332 1102; x_wconf 90' lang='lat' dir='ltr'><strong>sed</strong></span> <span class='ocrx_word' id='word_1_59' title='bbox 1382 1048 1498 1103; x_wconf 87' lang='lat' dir='ltr'><strong>sola</strong></span> <span class='ocrx_word' id='word_1_60' title='bbox 1531 1065 1708 1103; x_wconf 85' lang='lat' dir='ltr'><strong>massa</strong></span> <span class='ocrx_word' id='word_1_61' title='bbox 1734 1057 1788 1103; x_wconf 91' lang='lat' dir='ltr'><strong>et</strong></span> 
     </span>
    </p>
   </div>
   <div class='ocr_carea' id='block_1_10' title="bbox 184 1133 1792 1211">
    <p class='ocr_par' dir='ltr' id='par_1_10' title="bbox 184 1133 1792 1211">
     <span class='ocr_line' id='line_1_10' title="bbox 184 1133 1792 1211; baseline 0.005 -25"><span class='ocrx_word' id='word_1_62' title='bbox 184 1133 424 1207; x_wconf 77' lang='lat' dir='ltr'><strong>figurans</strong></span> <span class='ocrx_word' id='word_1_63' title='bbox 452 1135 626 1190; x_wconf 87' lang='lat' dir='ltr'><strong>forma</strong></span> <span class='ocrx_word' id='word_1_64' title='bbox 667 1152 768 1190; x_wconf 90' lang='lat' dir='ltr'><strong>nec</strong></span> <span class='ocrx_word' id='word_1_65' title='bbox 797 1136 961 1192; x_wconf 86' lang='lat' dir='ltr'><strong>debet</strong></span> <span class='ocrx_word' id='word_1_66' title='bbox 989 1146 1251 1208; x_wconf 91' lang='lat' dir='ltr'><strong>quantum</strong></span> <span class='ocrx_word' id='word_1_67' title='bbox 1305 1137 1436 1202; x_wconf 89' lang='lat' dir='ltr'><strong>dici,</strong></span> <span class='ocrx_word' id='word_1_68' title='bbox 1467 1139 1564 1192; x_wconf 91' lang='lat' dir='ltr'><strong>sed</strong></span> <span class='ocrx_word' id='word_1_69' title='bbox 1618 1139 1792 1211; x_wconf 85' lang='lat' dir='ltr'><strong>magis</strong></span> 
     </span>
    </p>
   </div>
   <div class='ocr_carea' id='block_1_11' title="bbox 184 1227 1785 1303">
    <p class='ocr_par' dir='ltr' id='par_1_11' title="bbox 184 1227 1785 1303">
     <span class='ocr_line' id='line_1_11' title="bbox 184 1227 1785 1303; baseline 0.005 -24"><span class='ocrx_word' id='word_1_70' title='bbox 184 1227 366 1296; x_wconf 86' lang='lat' dir='ltr'><strong>quale,</strong></span> <span class='ocrx_word' id='word_1_71' title='bbox 407 1228 536 1298; x_wconf 88' lang='lat' dir='ltr'><strong>quia</strong></span> <span class='ocrx_word' id='word_1_72' title='bbox 575 1236 659 1282; x_wconf 90' lang='lat' dir='ltr'><strong>est</strong></span> <span class='ocrx_word' id='word_1_73' title='bbox 685 1227 932 1294; x_wconf 79' lang='lat' dir='ltr'><strong>f‘ormale,</strong></span> <span class='ocrx_word' id='word_1_74' title='bbox 966 1245 1086 1283; x_wconf 91' lang='lat' dir='ltr'><strong>nam</strong></span> <span class='ocrx_word' id='word_1_75' title='bbox 1118 1230 1290 1284; x_wconf 87' lang='lat' dir='ltr'><strong>forma</strong></span> <span class='ocrx_word' id='word_1_76' title='bbox 1332 1239 1494 1286; x_wconf 91' lang='lat' dir='ltr'><strong>estet</strong></span> <span class='ocrx_word' id='word_1_77' title='bbox 1534 1232 1785 1303; x_wconf 84' lang='lat' dir='ltr'><strong>qualitas.</strong></span> 
     </span>
    </p>
   </div>
   <div class='ocr_carea' id='block_1_12' title="bbox 185 1316 1791 1389">
    <p class='ocr_par' dir='ltr' id='par_1_12' title="bbox 185 1316 1791 1389">
     <span class='ocr_line' id='line_1_12' title="bbox 185 1316 1791 1389; baseline 0.005 -19"><span class='ocrx_word' id='word_1_78' title='bbox 185 1316 244 1370; x_wconf 86' lang='lat' dir='ltr'><strong>Et</strong></span> <span class='ocrx_word' id='word_1_79' title='bbox 273 1317 558 1371; x_wconf 91' lang='lat' dir='ltr'><strong>sciendum</strong></span> <span class='ocrx_word' id='word_1_80' title='bbox 613 1319 741 1389; x_wconf 88' lang='lat' dir='ltr'><strong>quia</strong></span> <span class='ocrx_word' id='word_1_81' title='bbox 771 1334 882 1374; x_wconf 90' lang='lat' dir='ltr'><strong>non</strong></span> <span class='ocrx_word' id='word_1_82' title='bbox 933 1320 1210 1374; x_wconf 80' lang='lat' dir='ltr'><strong>invenitur</strong></span> <span class='ocrx_word' id='word_1_83' title='bbox 1242 1322 1342 1376; x_wconf 88' lang='lat' dir='ltr'><strong>hoc</strong></span> <span class='ocrx_word' id='word_1_84' title='bbox 1374 1329 1570 1386; x_wconf 90' lang='lat' dir='ltr'><strong>totum,</strong></span> <span class='ocrx_word' id='word_1_85' title='bbox 1600 1323 1704 1377; x_wconf 88' lang='lat' dir='ltr'><strong>nisi</strong></span> <span class='ocrx_word' id='word_1_86' title='bbox 1736 1324 1791 1378; x_wconf 93' lang='lat' dir='ltr'><strong>in</strong></span> 
     </span>
    </p>
   </div>
   <div class='ocr_carea' id='block_1_13' title="bbox 184 1408 1794 1481">
    <p class='ocr_par' dir='ltr' id='par_1_13' title="bbox 184 1408 1794 1481">
     <span class='ocr_line' id='line_1_13' title="bbox 184 1408 1794 1481; baseline 0.006 -19"><span class='ocrx_word' id='word_1_87' title='bbox 184 1408 486 1463; x_wconf 76' lang='lat' dir='ltr'><strong>individuis</strong></span> <span class='ocrx_word' id='word_1_88' title='bbox 501 1410 829 1480; x_wconf 88' lang='lat' dir='ltr'><strong>specierum.</strong></span> <span class='ocrx_word' id='word_1_89' title='bbox 855 1411 1080 1481; x_wconf 89' lang='lat' dir='ltr'><strong>Species</strong></span> <span class='ocrx_word' id='word_1_90' title='bbox 1108 1412 1254 1467; x_wconf 89' lang='lat' dir='ltr'><strong>enim</strong></span> <span class='ocrx_word' id='word_1_91' title='bbox 1289 1429 1396 1468; x_wconf 93' lang='lat' dir='ltr'><strong>non</strong></span> <span class='ocrx_word' id='word_1_92' title='bbox 1427 1414 1632 1470; x_wconf 86' lang='lat' dir='ltr'><strong>habent</strong></span> <span class='ocrx_word' id='word_1_93' title='bbox 1651 1416 1794 1470; x_wconf 87' lang='lat' dir='ltr'><strong>hanc</strong></span> 
     </span>
    </p>
   </div>
   <div class='ocr_carea' id='block_1_14' title="bbox 182 1499 1091 1564">
    <p class='ocr_par' dir='ltr' id='par_1_14' title="bbox 182 1499 1091 1564">
     <span class='ocr_line' id='line_1_14' title="bbox 182 1499 1091 1564; baseline 0.001 -10"><span class='ocrx_word' id='word_1_94' title='bbox 182 1499 658 1564; x_wconf 87' lang='lat' dir='ltr'><strong>constitutionem,</strong></span> <span class='ocrx_word' id='word_1_95' title='bbox 699 1500 795 1554; x_wconf 88' lang='lat' dir='ltr'><strong>sed</strong></span> <span class='ocrx_word' id='word_1_96' title='bbox 834 1500 1091 1556; x_wconf 87' lang='lat' dir='ltr'><strong>similem.</strong></span> 
     </span>
    </p>
   </div>
   <div class='ocr_carea' id='block_1_15' title="bbox 752 1626 1227 1679">
    <p class='ocr_par' dir='ltr' id='par_1_15' title="bbox 752 1626 1227 1679">
     <span class='ocr_line' id='line_1_15' title="bbox 752 1626 1227 1679; baseline 0.004 -2"><span class='ocrx_word' id='word_1_97' title='bbox 752 1627 822 1677; x_wconf 84' lang='lat' dir='ltr'><strong>De</strong></span> <span class='ocrx_word' id='word_1_98' title='bbox 853 1629 956 1678; x_wconf 80' lang='lat' dir='ltr'><strong>toto</strong></span> <span class='ocrx_word' id='word_1_99' title='bbox 983 1626 1227 1679; x_wconf 80' lang='lat' dir='ltr'><strong>virtualz.</strong></span> 
     </span>
    </p>
   </div>
   <div class='ocr_carea' id='block_1_16' title="bbox 259 1733 1789 1812">
    <p class='ocr_par' dir='ltr' id='par_1_16' title="bbox 259 1733 1789 1812">
     <span class='ocr_line' id='line_1_16' title="bbox 259 1733 1789 1812; baseline 0.006 -25"><span class='ocrx_word' id='word_1_100' title='bbox 259 1733 348 1788; x_wconf 88' lang='lat' dir='ltr'><strong>Est</strong></span> <span class='ocrx_word' id='word_1_101' title='bbox 385 1733 550 1788; x_wconf 85' lang='lat' dir='ltr'><strong>etiam</strong></span> <span class='ocrx_word' id='word_1_102' title='bbox 573 1741 744 1789; x_wconf 88' lang='lat' dir='ltr'><strong>totum</strong></span> <span class='ocrx_word' id='word_1_103' title='bbox 778 1736 926 1806; x_wconf 91' lang='lat' dir='ltr'><strong>quod</strong></span> <span class='ocrx_word' id='word_1_104' title='bbox 967 1744 1146 1806; x_wconf 89' lang='lat' dir='ltr'><strong>potest</strong></span> <span class='ocrx_word' id='word_1_105' title='bbox 1177 1737 1284 1792; x_wconf 91' lang='lat' dir='ltr'><strong>dici</strong></span> <span class='ocrx_word' id='word_1_106' title='bbox 1330 1740 1582 1806; x_wconf 90' lang='lat' dir='ltr'><strong>virtuale,</strong></span> <span class='ocrx_word' id='word_1_107' title='bbox 1644 1743 1789 1812; x_wconf 92' lang='lat' dir='ltr'><strong>quod</strong></span> 
     </span>
    </p>
   </div>
   <div class='ocr_carea' id='block_1_17' title="bbox 180 1829 1792 1898">
    <p class='ocr_par' dir='ltr' id='par_1_17' title="bbox 180 1829 1792 1898">
     <span class='ocr_line' id='line_1_17' title="bbox 180 1829 1792 1898; baseline 0.006 -16"><span class='ocrx_word' id='word_1_108' title='bbox 180 1845 246 1882; x_wconf 90' lang='lat' dir='ltr'><strong>ex</strong></span> <span class='ocrx_word' id='word_1_109' title='bbox 283 1829 492 1883; x_wconf 83' lang='lat' dir='ltr'><strong>viribus</strong></span> <span class='ocrx_word' id='word_1_110' title='bbox 539 1838 770 1898; x_wconf 85' lang='lat' dir='ltr'><strong>constat,</strong></span> <span class='ocrx_word' id='word_1_111' title='bbox 805 1839 859 1886; x_wconf 91' lang='lat' dir='ltr'><strong>et</strong></span> <span class='ocrx_word' id='word_1_112' title='bbox 903 1833 1135 1887; x_wconf 90' lang='lat' dir='ltr'><strong>maxime</strong></span> <span class='ocrx_word' id='word_1_113' title='bbox 1175 1834 1448 1889; x_wconf 84' lang='lat' dir='ltr'><strong>invenitur</strong></span> <span class='ocrx_word' id='word_1_114' title='bbox 1493 1836 1547 1889; x_wconf 92' lang='lat' dir='ltr'><strong>in</strong></span> <span class='ocrx_word' id='word_1_115' title='bbox 1594 1836 1792 1892; x_wconf 90' lang='lat' dir='ltr'><strong>indivi-</strong></span> 
     </span>
    </p>
   </div>
   <div class='ocr_carea' id='block_1_18' title="bbox 181 1920 1791 1997">
    <p class='ocr_par' dir='ltr' id='par_1_18' title="bbox 181 1920 1791 1997">
     <span class='ocr_line' id='line_1_18' title="bbox 181 1920 1791 1997; baseline 0.007 -24"><span class='ocrx_word' id='word_1_116' title='bbox 181 1920 306 1974; x_wconf 91' lang='lat' dir='ltr'><strong>duis</strong></span> <span class='ocrx_word' id='word_1_117' title='bbox 332 1921 566 1975; x_wconf 67' lang='lat' dir='ltr'><strong>animaa:</strong></span> <span class='ocrx_word' id='word_1_118' title='bbox 633 1922 796 1978; x_wconf 86' lang='lat' dir='ltr'><strong>habet</strong></span> <span class='ocrx_word' id='word_1_119' title='bbox 833 1924 978 1978; x_wconf 91' lang='lat' dir='ltr'><strong>enim</strong></span> <span class='ocrx_word' id='word_1_120' title='bbox 1023 1925 1204 1979; x_wconf 89' lang='lat' dir='ltr'><strong>anima</strong></span> <span class='ocrx_word' id='word_1_121' title='bbox 1255 1941 1490 1997; x_wconf 65' lang='lat' dir='ltr'><strong>quaeque</strong></span> <span class='ocrx_word' id='word_1_122' title='bbox 1541 1929 1703 1994; x_wconf 90' lang='lat' dir='ltr'><strong>vires,</strong></span> <span class='ocrx_word' id='word_1_123' title='bbox 1737 1937 1791 1985; x_wconf 91' lang='lat' dir='ltr'><strong>et</strong></span> 
     </span>
    </p>
   </div>
   <div class='ocr_carea' id='block_1_19' title="bbox 175 2006 1788 2081">
    <p class='ocr_par' dir='ltr' id='par_1_19' title="bbox 175 2006 1788 2081">
     <span class='ocr_line' id='line_1_19' title="bbox 175 2006 1788 2081; baseline 0.009 -22"><span class='ocrx_word' id='word_1_124' title='bbox 175 2006 451 2063; x_wconf 83' lang='lat' dir='ltr'><strong>efficacias</strong></span> <span class='ocrx_word' id='word_1_125' title='bbox 489 2009 750 2079; x_wconf 85' lang='lat' dir='ltr'><strong>quasdam</strong></span> <span class='ocrx_word' id='word_1_126' title='bbox 789 2010 990 2081; x_wconf 91' lang='lat' dir='ltr'><strong>quibus</strong></span> <span class='ocrx_word' id='word_1_127' title='bbox 1045 2020 1256 2067; x_wconf 89' lang='lat' dir='ltr'><strong>constat</strong></span> <span class='ocrx_word' id='word_1_128' title='bbox 1296 2021 1350 2068; x_wconf 90' lang='lat' dir='ltr'><strong>et</strong></span> <span class='ocrx_word' id='word_1_129' title='bbox 1402 2013 1571 2071; x_wconf 87' lang='lat' dir='ltr'><strong>efﬁcit</strong></span> <span class='ocrx_word' id='word_1_130' title='bbox 1619 2017 1788 2073; x_wconf 88' lang='lat' dir='ltr'><strong>multa</strong></span> 
     </span>
    </p>
   </div>
   <div class='ocr_carea' id='block_1_20' title="bbox 185 2106 1791 2184">
    <p class='ocr_par' dir='ltr' id='par_1_20' title="bbox 185 2106 1791 2184">
     <span class='ocr_line' id='line_1_20' title="bbox 185 2106 1791 2184; baseline 0.007 -28"><span class='ocrx_word' id='word_1_131' title='bbox 185 2119 283 2173; x_wconf 92' lang='lat' dir='ltr'><strong>pro</strong></span> <span class='ocrx_word' id='word_1_132' title='bbox 312 2120 412 2158; x_wconf 91' lang='lat' dir='ltr'><strong>suo</strong></span> <span class='ocrx_word' id='word_1_133' title='bbox 445 2120 626 2175; x_wconf 85' lang='lat' dir='ltr'><strong>posse,</strong></span> <span class='ocrx_word' id='word_1_134' title='bbox 661 2106 734 2160; x_wconf 90' lang='lat' dir='ltr'><strong>ita</strong></span> <span class='ocrx_word' id='word_1_135' title='bbox 771 2115 830 2161; x_wconf 90' lang='lat' dir='ltr'><strong>ut</strong></span> <span class='ocrx_word' id='word_1_136' title='bbox 863 2123 962 2162; x_wconf 90' lang='lat' dir='ltr'><strong>sua</strong></span> <span class='ocrx_word' id='word_1_137' title='bbox 1002 2123 1233 2180; x_wconf 90' lang='lat' dir='ltr'><strong>corpora</strong></span> <span class='ocrx_word' id='word_1_138' title='bbox 1260 2110 1481 2184; x_wconf 82' lang='lat' dir='ltr'><strong>vigeant</strong></span> <span class='ocrx_word' id='word_1_139' title='bbox 1508 2111 1563 2165; x_wconf 92' lang='lat' dir='ltr'><strong>in</strong></span> <span class='ocrx_word' id='word_1_140' title='bbox 1604 2114 1791 2168; x_wconf 90' lang='lat' dir='ltr'><strong>multis</strong></span> 
     </span>
    </p>
   </div>
   <div class='ocr_carea' id='block_1_21' title="bbox 185 2197 1789 2262">
    <p class='ocr_par' dir='ltr' id='par_1_21' title="bbox 185 2197 1789 2262">
     <span class='ocr_line' id='line_1_21' title="bbox 185 2197 1789 2262; baseline 0.006 -10"><span class='ocrx_word' id='word_1_141' title='bbox 185 2197 492 2254; x_wconf 89' lang='lat' dir='ltr'><strong>secundum</strong></span> <span class='ocrx_word' id='word_1_142' title='bbox 519 2199 667 2254; x_wconf 86' lang='lat' dir='ltr'><strong>vires</strong></span> <span class='ocrx_word' id='word_1_143' title='bbox 715 2201 927 2256; x_wconf 66' lang='lat' dir='ltr'><strong>animm.</strong></span> <span class='ocrx_word' id='word_1_144' title='bbox 975 2201 1129 2257; x_wconf 91' lang='lat' dir='ltr'><strong>Unde</strong></span> <span class='ocrx_word' id='word_1_145' title='bbox 1182 2205 1418 2258; x_wconf 86' lang='lat' dir='ltr'><strong>humana</strong></span> <span class='ocrx_word' id='word_1_146' title='bbox 1466 2206 1651 2260; x_wconf 89' lang='lat' dir='ltr'><strong>anima</strong></span> <span class='ocrx_word' id='word_1_147' title='bbox 1681 2207 1789 2262; x_wconf 87' lang='lat' dir='ltr'><strong>vim</strong></span> 
     </span>
    </p>
   </div>
   <div class='ocr_carea' id='block_1_22' title="bbox 177 2289 1788 2362">
    <p class='ocr_par' dir='ltr' id='par_1_22' title="bbox 177 2289 1788 2362">
     <span class='ocr_line' id='line_1_22' title="bbox 177 2289 1788 2362; baseline 0.007 -20"><span class='ocrx_word' id='word_1_148' title='bbox 177 2289 345 2344; x_wconf 88' lang='lat' dir='ltr'><strong>habet</strong></span> <span class='ocrx_word' id='word_1_149' title='bbox 372 2290 714 2358; x_wconf 87' lang='lat' dir='ltr'><strong>rationalem,</strong></span> <span class='ocrx_word' id='word_1_150' title='bbox 746 2308 855 2362; x_wconf 90' lang='lat' dir='ltr'><strong>qua</strong></span> <span class='ocrx_word' id='word_1_151' title='bbox 883 2292 1054 2348; x_wconf 89' lang='lat' dir='ltr'><strong>utitur</strong></span> <span class='ocrx_word' id='word_1_152' title='bbox 1085 2295 1316 2348; x_wconf 90' lang='lat' dir='ltr'><strong>interius</strong></span> <span class='ocrx_word' id='word_1_153' title='bbox 1355 2297 1422 2350; x_wconf 88' lang='lat' dir='ltr'><strong>ad</strong></span> <span class='ocrx_word' id='word_1_154' title='bbox 1457 2297 1788 2353; x_wconf 90' lang='lat' dir='ltr'><strong>invisibilem</strong></span> 
     </span>
    </p>
   </div>
   <div class='ocr_carea' id='block_1_23' title="bbox 178 2381 1796 2454">
    <p class='ocr_par' dir='ltr' id='par_1_23' title="bbox 178 2381 1796 2454">
     <span class='ocr_line' id='line_1_23' title="bbox 178 2381 1796 2454; baseline 0.006 -19"><span class='ocrx_word' id='word_1_155' title='bbox 178 2381 551 2454; x_wconf 81' lang='lat' dir='ltr'><strong>cognitionem</strong></span> <span class='ocrx_word' id='word_1_156' title='bbox 616 2391 672 2438; x_wconf 90' lang='lat' dir='ltr'><strong>et</strong></span> <span class='ocrx_word' id='word_1_157' title='bbox 724 2398 907 2438; x_wconf 90' lang='lat' dir='ltr'><strong>rerum</strong></span> <span class='ocrx_word' id='word_1_158' title='bbox 956 2385 1201 2440; x_wconf 86' lang='lat' dir='ltr'><strong>omnium</strong></span> <span class='ocrx_word' id='word_1_159' title='bbox 1273 2386 1680 2454; x_wconf 89' lang='lat' dir='ltr'><strong>discretionem,</strong></span> <span class='ocrx_word' id='word_1_160' title='bbox 1741 2397 1796 2445; x_wconf 91' lang='lat' dir='ltr'><strong>et</strong></span> 
     </span>
    </p>
   </div>
   <div class='ocr_carea' id='block_1_24' title="bbox 192 2471 1796 2545">
    <p class='ocr_par' dir='ltr' id='par_1_24' title="bbox 192 2471 1796 2545">
     <span class='ocr_line' id='line_1_24' title="bbox 192 2471 1796 2545; baseline 0.004 -19"><span class='ocrx_word' id='word_1_161' title='bbox 192 2478 462 2540; x_wconf 88' lang='lat' dir='ltr'><strong>operatur</strong></span> <span class='ocrx_word' id='word_1_162' title='bbox 495 2471 736 2526; x_wconf 86' lang='lat' dir='ltr'><strong>exterius</strong></span> <span class='ocrx_word' id='word_1_163' title='bbox 792 2473 845 2526; x_wconf 92' lang='lat' dir='ltr'><strong>in</strong></span> <span class='ocrx_word' id='word_1_164' title='bbox 904 2489 1004 2528; x_wconf 91' lang='lat' dir='ltr'><strong>suo</strong></span> <span class='ocrx_word' id='word_1_165' title='bbox 1044 2489 1277 2545; x_wconf 89' lang='lat' dir='ltr'><strong>corpore</strong></span> <span class='ocrx_word' id='word_1_166' title='bbox 1308 2476 1508 2530; x_wconf 90' lang='lat' dir='ltr'><strong>multos</strong></span> <span class='ocrx_word' id='word_1_167' title='bbox 1536 2486 1709 2544; x_wconf 89' lang='lat' dir='ltr'><strong>actus,</strong></span> <span class='ocrx_word' id='word_1_168' title='bbox 1741 2486 1796 2532; x_wconf 88' lang='lat' dir='ltr'><strong>et</strong></span> 
     </span>
    </p>
   </div>
   <div class='ocr_carea' id='block_1_25' title="bbox 185 2558 1792 2620">
    <p class='ocr_par' dir='ltr' id='par_1_25' title="bbox 185 2558 1792 2620">
     <span class='ocr_line' id='line_1_25' title="bbox 185 2558 1792 2620; baseline 0.005 -8"><span class='ocrx_word' id='word_1_169' title='bbox 185 2558 522 2614; x_wconf 87' lang='lat' dir='ltr'><strong>locutionem</strong></span> <span class='ocrx_word' id='word_1_170' title='bbox 564 2560 818 2614; x_wconf 86' lang='lat' dir='ltr'><strong>maxime.</strong></span> <span class='ocrx_word' id='word_1_171' title='bbox 862 2561 1030 2616; x_wconf 88' lang='lat' dir='ltr'><strong>Habet</strong></span> <span class='ocrx_word' id='word_1_172' title='bbox 1077 2569 1132 2618; x_wconf 90' lang='lat' dir='ltr'><strong>et</strong></span> <span class='ocrx_word' id='word_1_173' title='bbox 1170 2579 1337 2617; x_wconf 91' lang='lat' dir='ltr'><strong>unum</strong></span> <span class='ocrx_word' id='word_1_174' title='bbox 1369 2565 1590 2619; x_wconf 87' lang='lat' dir='ltr'><strong>nomine</strong></span> <span class='ocrx_word' id='word_1_175' title='bbox 1621 2566 1792 2620; x_wconf 87' lang='lat' dir='ltr'><strong>sensi-</strong></span> 
     </span>
    </p>
   </div>
   <div class='ocr_carea' id='block_1_26' title="bbox 177 2649 1800 2726">
    <p class='ocr_par' dir='ltr' id='par_1_26' title="bbox 177 2649 1800 2726">
     <span class='ocr_line' id='line_1_26' title="bbox 177 2649 1800 2726; baseline 0.006 -24"><span class='ocrx_word' id='word_1_176' title='bbox 177 2649 310 2713; x_wconf 90' lang='lat' dir='ltr'><strong>bile,</strong></span> <span class='ocrx_word' id='word_1_177' title='bbox 340 2665 447 2720; x_wconf 89' lang='lat' dir='ltr'><strong>qua</strong></span> <span class='ocrx_word' id='word_1_178' title='bbox 485 2665 686 2722; x_wconf 91' lang='lat' dir='ltr'><strong>corpus</strong></span> <span class='ocrx_word' id='word_1_179' title='bbox 711 2650 882 2706; x_wconf 89' lang='lat' dir='ltr'><strong>afﬁcit</strong></span> <span class='ocrx_word' id='word_1_180' title='bbox 911 2652 1168 2708; x_wconf 88' lang='lat' dir='ltr'><strong>sensibus</strong></span> <span class='ocrx_word' id='word_1_181' title='bbox 1193 2655 1460 2726; x_wconf 90' lang='lat' dir='ltr'><strong>quinque,</strong></span> <span class='ocrx_word' id='word_1_182' title='bbox 1493 2663 1554 2711; x_wconf 89' lang='lat' dir='ltr'><strong>ut</strong></span> <span class='ocrx_word' id='word_1_183' title='bbox 1590 2658 1800 2712; x_wconf 91' lang='lat' dir='ltr'><strong>sentire</strong></span> 
     </span>
    </p>
   </div>
   <div class='ocr_carea' id='block_1_27' title="bbox 179 2742 1798 2818">
    <p class='ocr_par' dir='ltr' id='par_1_27' title="bbox 179 2742 1798 2818">
     <span class='ocr_line' id='line_1_27' title="bbox 179 2742 1798 2818; baseline 0.006 -23"><span class='ocrx_word' id='word_1_184' title='bbox 179 2751 347 2813; x_wconf 88' lang='lat' dir='ltr'><strong>queat</strong></span> <span class='ocrx_word' id='word_1_185' title='bbox 378 2742 662 2797; x_wconf 87' lang='lat' dir='ltr'><strong>sensibilia</strong></span> <span class='ocrx_word' id='word_1_186' title='bbox 694 2759 952 2815; x_wconf 61' lang='lat' dir='ltr'><strong>quaeque,</strong></span> <span class='ocrx_word' id='word_1_187' title='bbox 979 2752 1033 2799; x_wconf 90' lang='lat' dir='ltr'><strong>et</strong></span> <span class='ocrx_word' id='word_1_188' title='bbox 1054 2745 1510 2818; x_wconf 90' lang='lat' dir='ltr'><strong>dividitcorporis</strong></span> <span class='ocrx_word' id='word_1_189' title='bbox 1542 2749 1798 2818; x_wconf 89' lang='lat' dir='ltr'><strong>partibus</strong></span> 
     </span>
    </p>
   </div>
   <div class='ocr_carea' id='block_1_28' title="bbox 174 2833 1794 2908">
    <p class='ocr_par' dir='ltr' id='par_1_28' title="bbox 174 2833 1794 2908">
     <span class='ocr_line' id='line_1_28' title="bbox 174 2833 1794 2908; baseline 0.006 -21"><span class='ocrx_word' id='word_1_190' title='bbox 174 2833 393 2904; x_wconf 90' lang='lat' dir='ltr'><strong>species</strong></span> <span class='ocrx_word' id='word_1_191' title='bbox 456 2849 741 2900; x_wconf 90' lang='lat' dir='ltr'><strong>sensuum,</strong></span> <span class='ocrx_word' id='word_1_192' title='bbox 810 2837 1118 2891; x_wconf 89' lang='lat' dir='ltr'><strong>secundum</strong></span> <span class='ocrx_word' id='word_1_193' title='bbox 1173 2839 1463 2908; x_wconf 89' lang='lat' dir='ltr'><strong>qualitates</strong></span> <span class='ocrx_word' id='word_1_194' title='bbox 1549 2841 1794 2896; x_wconf 89' lang='lat' dir='ltr'><strong>diversas</strong></span> 
     </span>
    </p>
   </div>
   <div class='ocr_carea' id='block_1_29' title="bbox 169 2921 1792 2999">
    <p class='ocr_par' dir='ltr' id='par_1_29' title="bbox 169 2921 1792 2999">
     <span class='ocr_line' id='line_1_29' title="bbox 169 2921 1792 2999; baseline 0.006 -25"><span class='ocrx_word' id='word_1_195' title='bbox 169 2921 541 2988; x_wconf 87' lang='lat' dir='ltr'><strong>sensibilium,</strong></span> <span class='ocrx_word' id='word_1_196' title='bbox 573 2922 721 2977; x_wconf 90' lang='lat' dir='ltr'><strong>visus</strong></span> <span class='ocrx_word' id='word_1_197' title='bbox 750 2923 1054 2987; x_wconf 89' lang='lat' dir='ltr'><strong>oculorum,</strong></span> <span class='ocrx_word' id='word_1_198' title='bbox 1097 2924 1302 2999; x_wconf 88' lang='lat' dir='ltr'><strong>ﬁguras</strong></span> <span class='ocrx_word' id='word_1_199' title='bbox 1333 2935 1386 2982; x_wconf 91' lang='lat' dir='ltr'><strong>et</strong></span> <span class='ocrx_word' id='word_1_200' title='bbox 1418 2927 1652 2996; x_wconf 89' lang='lat' dir='ltr'><strong>colores,</strong></span> <span class='ocrx_word' id='word_1_201' title='bbox 1689 2946 1792 2984; x_wconf 92' lang='lat' dir='ltr'><strong>au-</strong></span> 
     </span>
    </p>
   </div>
   <div class='ocr_carea' id='block_1_30' title="bbox 175 3015 1792 3091">
    <p class='ocr_par' dir='ltr' id='par_1_30' title="bbox 175 3015 1792 3091">
     <span class='ocr_line' id='line_1_30' title="bbox 175 3015 1792 3091; baseline 0.006 -21"><span class='ocrx_word' id='word_1_202' title='bbox 175 3015 324 3071; x_wconf 91' lang='lat' dir='ltr'><strong>ditus</strong></span> <span class='ocrx_word' id='word_1_203' title='bbox 361 3016 574 3070; x_wconf 91' lang='lat' dir='ltr'><strong>aurium</strong></span> <span class='ocrx_word' id='word_1_204' title='bbox 614 3032 780 3073; x_wconf 92' lang='lat' dir='ltr'><strong>sonos</strong></span> <span class='ocrx_word' id='word_1_205' title='bbox 818 3019 965 3089; x_wconf 91' lang='lat' dir='ltr'><strong>capit</strong></span> <span class='ocrx_word' id='word_1_206' title='bbox 1010 3026 1064 3074; x_wconf 90' lang='lat' dir='ltr'><strong>et</strong></span> <span class='ocrx_word' id='word_1_207' title='bbox 1118 3035 1304 3091; x_wconf 89' lang='lat' dir='ltr'><strong>voces,</strong></span> <span class='ocrx_word' id='word_1_208' title='bbox 1354 3020 1580 3078; x_wconf 91' lang='lat' dir='ltr'><strong>odorem</strong></span> <span class='ocrx_word' id='word_1_209' title='bbox 1630 3039 1792 3079; x_wconf 88' lang='lat' dir='ltr'><strong>nares</strong></span> 
     </span>
    </p>
   </div>
   <div class='ocr_carea' id='block_1_31' title="bbox 172 3104 1797 3183">
    <p class='ocr_par' dir='ltr' id='par_1_31' title="bbox 172 3104 1797 3183">
     <span class='ocr_line' id='line_1_31' title="bbox 172 3104 1797 3183; baseline 0.005 -23"><span class='ocrx_word' id='word_1_210' title='bbox 172 3104 426 3172; x_wconf 89' lang='lat' dir='ltr'><strong>odoratu,</strong></span> <span class='ocrx_word' id='word_1_211' title='bbox 451 3105 688 3176; x_wconf 86' lang='lat' dir='ltr'><strong>palatum</strong></span> <span class='ocrx_word' id='word_1_212' title='bbox 711 3122 937 3178; x_wconf 88' lang='lat' dir='ltr'><strong>sapores</strong></span> <span class='ocrx_word' id='word_1_213' title='bbox 950 3108 1164 3176; x_wconf 88' lang='lat' dir='ltr'><strong>judicat</strong></span> <span class='ocrx_word' id='word_1_214' title='bbox 1183 3117 1372 3183; x_wconf 85' lang='lat' dir='ltr'><strong>gustu,</strong></span> <span class='ocrx_word' id='word_1_215' title='bbox 1395 3117 1571 3166; x_wconf 90' lang='lat' dir='ltr'><strong>tactus</strong></span> <span class='ocrx_word' id='word_1_216' title='bbox 1593 3111 1797 3168; x_wconf 91' lang='lat' dir='ltr'><strong>discer-</strong></span> 
     </span>
    </p>
   </div>
   <div class='ocr_carea' id='block_1_32' title="bbox 175 3194 1795 3269">
    <p class='ocr_par' dir='ltr' id='par_1_32' title="bbox 175 3194 1795 3269">
     <span class='ocr_line' id='line_1_32' title="bbox 175 3194 1795 3269; baseline 0.004 -21"><span class='ocrx_word' id='word_1_217' title='bbox 175 3194 257 3249; x_wconf 91' lang='lat' dir='ltr'><strong>nit</strong></span> <span class='ocrx_word' id='word_1_218' title='bbox 277 3210 374 3264; x_wconf 90' lang='lat' dir='ltr'><strong>per</strong></span> <span class='ocrx_word' id='word_1_219' title='bbox 397 3202 570 3249; x_wconf 91' lang='lat' dir='ltr'><strong>totum</strong></span> <span class='ocrx_word' id='word_1_220' title='bbox 602 3195 979 3252; x_wconf 71' lang='lat' dir='ltr'><strong>indifferenter</strong></span> <span class='ocrx_word' id='word_1_221' title='bbox 1009 3214 1233 3269; x_wconf 90' lang='lat' dir='ltr'><strong>corpus,</strong></span> <span class='ocrx_word' id='word_1_222' title='bbox 1265 3215 1524 3269; x_wconf 86' lang='lat' dir='ltr'><strong>asperum</strong></span> <span class='ocrx_word' id='word_1_223' title='bbox 1557 3209 1620 3255; x_wconf 91' lang='lat' dir='ltr'><strong>et</strong></span> <span class='ocrx_word' id='word_1_224' title='bbox 1650 3201 1795 3268; x_wconf 88' lang='lat' dir='ltr'><strong>lene,</strong></span> 
     </span>
    </p>
   </div>
   <div class='ocr_carea' id='block_1_33' title="bbox 185 3286 1797 3363">
    <p class='ocr_par' dir='ltr' id='par_1_33' title="bbox 185 3286 1797 3363">
     <span class='ocr_line' id='line_1_33' title="bbox 185 3286 1797 3363; baseline 0.006 -24"><span class='ocrx_word' id='word_1_225' title='bbox 185 3287 382 3340; x_wconf 88' lang='lat' dir='ltr'><strong>durum</strong></span> <span class='ocrx_word' id='word_1_226' title='bbox 414 3295 468 3341; x_wconf 88' lang='lat' dir='ltr'><strong>et</strong></span> <span class='ocrx_word' id='word_1_227' title='bbox 498 3286 685 3352; x_wconf 89' lang='lat' dir='ltr'><strong>molle,</strong></span> <span class='ocrx_word' id='word_1_228' title='bbox 719 3303 900 3342; x_wconf 90' lang='lat' dir='ltr'><strong>rarum</strong></span> <span class='ocrx_word' id='word_1_229' title='bbox 933 3299 988 3343; x_wconf 92' lang='lat' dir='ltr'><strong>et</strong></span> <span class='ocrx_word' id='word_1_230' title='bbox 1025 3290 1285 3359; x_wconf 90' lang='lat' dir='ltr'><strong>spissum,</strong></span> <span class='ocrx_word' id='word_1_231' title='bbox 1343 3291 1514 3363; x_wconf 82' lang='lat' dir='ltr'><strong>frigus</strong></span> <span class='ocrx_word' id='word_1_232' title='bbox 1541 3300 1594 3346; x_wconf 90' lang='lat' dir='ltr'><strong>ct</strong></span> <span class='ocrx_word' id='word_1_233' title='bbox 1649 3293 1797 3348; x_wconf 90' lang='lat' dir='ltr'><strong>calo-</strong></span> 
     </span>
    </p>
   </div>
   <div class='ocr_carea' id='block_1_34' title="bbox 191 3377 1794 3450">
    <p class='ocr_par' dir='ltr' id='par_1_34' title="bbox 191 3377 1794 3450">
     <span class='ocr_line' id='line_1_34' title="bbox 191 3377 1794 3450; baseline 0.004 -18"><span class='ocrx_word' id='word_1_234' title='bbox 191 3394 307 3432; x_wconf 89' lang='lat' dir='ltr'><strong>rem</strong></span> <span class='ocrx_word' id='word_1_235' title='bbox 327 3385 382 3433; x_wconf 88' lang='lat' dir='ltr'><strong>et</strong></span> <span class='ocrx_word' id='word_1_236' title='bbox 408 3377 706 3450; x_wconf 83' lang='lat' dir='ltr'><strong>figuras.Hi</strong></span> <span class='ocrx_word' id='word_1_237' title='bbox 745 3380 1089 3436; x_wconf 88' lang='lat' dir='ltr'><strong>sensuslicet</strong></span> <span class='ocrx_word' id='word_1_238' title='bbox 1118 3381 1186 3435; x_wconf 92' lang='lat' dir='ltr'><strong>ab</strong></span> <span class='ocrx_word' id='word_1_239' title='bbox 1219 3382 1400 3436; x_wconf 89' lang='lat' dir='ltr'><strong>anima</strong></span> <span class='ocrx_word' id='word_1_240' title='bbox 1427 3383 1540 3438; x_wconf 91' lang='lat' dir='ltr'><strong>sint</strong></span> <span class='ocrx_word' id='word_1_241' title='bbox 1581 3385 1636 3438; x_wconf 93' lang='lat' dir='ltr'><strong>in</strong></span> <span class='ocrx_word' id='word_1_242' title='bbox 1674 3399 1794 3440; x_wconf 91' lang='lat' dir='ltr'><strong>cor-</strong></span> 
     </span>
    </p>
   </div>
   <div class='ocr_carea' id='block_1_35' title="bbox 189 3471 1792 3540">
    <p class='ocr_par' dir='ltr' id='par_1_35' title="bbox 189 3471 1792 3540">
     <span class='ocr_line' id='line_1_35' title="bbox 189 3471 1792 3540; baseline 0.004 -18"><span class='ocrx_word' id='word_1_243' title='bbox 189 3486 348 3540; x_wconf 84' lang='lat' dir='ltr'><strong>pore,</strong></span> <span class='ocrx_word' id='word_1_244' title='bbox 381 3476 564 3524; x_wconf 85' lang='lat' dir='ltr'><strong>tamen</strong></span> <span class='ocrx_word' id='word_1_245' title='bbox 596 3486 699 3524; x_wconf 91' lang='lat' dir='ltr'><strong>nec</strong></span> <span class='ocrx_word' id='word_1_246' title='bbox 736 3471 940 3538; x_wconf 87' lang='lat' dir='ltr'><strong>anima,</strong></span> <span class='ocrx_word' id='word_1_247' title='bbox 989 3488 1092 3527; x_wconf 91' lang='lat' dir='ltr'><strong>nec</strong></span> <span class='ocrx_word' id='word_1_248' title='bbox 1138 3471 1222 3526; x_wconf 85' lang='lat' dir='ltr'><strong>vis</strong></span> <span class='ocrx_word' id='word_1_249' title='bbox 1278 3473 1501 3540; x_wconf 74' lang='lat' dir='ltr'><strong>animae,</strong></span> <span class='ocrx_word' id='word_1_250' title='bbox 1532 3475 1631 3529; x_wconf 92' lang='lat' dir='ltr'><strong>sed</strong></span> <span class='ocrx_word' id='word_1_251' title='bbox 1658 3473 1792 3529; x_wconf 82' lang='lat' dir='ltr'><strong>affe-</strong></span> 
     </span>
    </p>
   </div>
   <div class='ocr_carea' id='block_1_36' title="bbox 182 3561 1790 3634">
    <p class='ocr_par' dir='ltr' id='par_1_36' title="bbox 182 3561 1790 3634">
     <span class='ocr_line' id='line_1_36' title="bbox 182 3561 1790 3634; baseline 0.004 -17"><span class='ocrx_word' id='word_1_252' title='bbox 182 3562 396 3617; x_wconf 89' lang='lat' dir='ltr'><strong>ctiones</strong></span> <span class='ocrx_word' id='word_1_253' title='bbox 428 3561 497 3616; x_wconf 91' lang='lat' dir='ltr'><strong>ab</strong></span> <span class='ocrx_word' id='word_1_254' title='bbox 551 3562 733 3616; x_wconf 90' lang='lat' dir='ltr'><strong>anima</strong></span> <span class='ocrx_word' id='word_1_255' title='bbox 785 3564 1107 3634; x_wconf 90' lang='lat' dir='ltr'><strong>corporibus</strong></span> <span class='ocrx_word' id='word_1_256' title='bbox 1156 3566 1340 3633; x_wconf 56' lang='lat' dir='ltr'><strong>illatae,</strong></span> <span class='ocrx_word' id='word_1_257' title='bbox 1397 3566 1564 3621; x_wconf 88' lang='lat' dir='ltr'><strong>habet</strong></span> <span class='ocrx_word' id='word_1_258' title='bbox 1625 3568 1790 3623; x_wconf 91' lang='lat' dir='ltr'><strong>etiam</strong></span> 
     </span>
    </p>
   </div>
   <div class='ocr_carea' id='block_1_37' title="bbox 178 3657 1792 3734">
    <p class='ocr_par' dir='ltr' id='par_1_37' title="bbox 178 3657 1792 3734">
     <span class='ocr_line' id='line_1_37' title="bbox 178 3657 1792 3734; baseline 0.005 -22"><span class='ocrx_word' id='word_1_259' title='bbox 178 3657 288 3712; x_wconf 90' lang='lat' dir='ltr'><strong>vim</strong></span> <span class='ocrx_word' id='word_1_260' title='bbox 321 3657 709 3730; x_wconf 87' lang='lat' dir='ltr'><strong>vegetabilem,</strong></span> <span class='ocrx_word' id='word_1_261' title='bbox 735 3674 844 3729; x_wconf 91' lang='lat' dir='ltr'><strong>qua</strong></span> <span class='ocrx_word' id='word_1_262' title='bbox 861 3674 1020 3725; x_wconf 84' lang='lat' dir='ltr'><strong>suum</strong></span> <span class='ocrx_word' id='word_1_263' title='bbox 1040 3675 1242 3730; x_wconf 90' lang='lat' dir='ltr'><strong>corpus</strong></span> <span class='ocrx_word' id='word_1_264' title='bbox 1274 3667 1523 3734; x_wconf 85' lang='lat' dir='ltr'><strong>vegetat;</strong></span> <span class='ocrx_word' id='word_1_265' title='bbox 1549 3663 1792 3734; x_wconf 88' lang='lat' dir='ltr'><strong>etipsius</strong></span> 
     </span>
    </p>
   </div>
   <div class='ocr_carea' id='block_1_38' title="bbox 191 3749 1796 3825">
    <p class='ocr_par' dir='ltr' id='par_1_38' title="bbox 191 3749 1796 3825">
     <span class='ocr_line' id='line_1_38' title="bbox 191 3749 1796 3825; baseline 0.004 -22"><span class='ocrx_word' id='word_1_266' title='bbox 191 3749 441 3819; x_wconf 90' lang='lat' dir='ltr'><strong>corporis</strong></span> <span class='ocrx_word' id='word_1_267' title='bbox 461 3756 634 3804; x_wconf 91' lang='lat' dir='ltr'><strong>status</strong></span> <span class='ocrx_word' id='word_1_268' title='bbox 661 3757 942 3805; x_wconf 90' lang='lat' dir='ltr'><strong>momenta</strong></span> <span class='ocrx_word' id='word_1_269' title='bbox 965 3751 1129 3806; x_wconf 90' lang='lat' dir='ltr'><strong>etiam</strong></span> <span class='ocrx_word' id='word_1_270' title='bbox 1160 3752 1459 3808; x_wconf 88' lang='lat' dir='ltr'><strong>nesciendo</strong></span> <span class='ocrx_word' id='word_1_271' title='bbox 1491 3754 1796 3825; x_wconf 89' lang='lat' dir='ltr'><strong>dispensat.</strong></span> 
     </span>
    </p>
   </div>
   <div class='ocr_carea' id='block_1_39' title="bbox 185 3836 1795 3908">
    <p class='ocr_par' dir='ltr' id='par_1_39' title="bbox 185 3836 1795 3908">
     <span class='ocr_line' id='line_1_39' title="bbox 185 3836 1795 3908; baseline 0.006 -19"><span class='ocrx_word' id='word_1_272' title='bbox 185 3836 322 3899; x_wconf 85' lang='lat' dir='ltr'><strong>Quid</strong></span> <span class='ocrx_word' id='word_1_273' title='bbox 354 3837 423 3891; x_wconf 91' lang='lat' dir='ltr'><strong>de</strong></span> <span class='ocrx_word' id='word_1_274' title='bbox 452 3837 764 3908; x_wconf 87' lang='lat' dir='ltr'><strong>plantarum</strong></span> <span class='ocrx_word' id='word_1_275' title='bbox 788 3838 1080 3894; x_wconf 90' lang='lat' dir='ltr'><strong>animabus</strong></span> <span class='ocrx_word' id='word_1_276' title='bbox 1107 3840 1395 3896; x_wconf 74' lang='lat' dir='ltr'><strong>dicamus?</strong></span> <span class='ocrx_word' id='word_1_277' title='bbox 1423 3841 1574 3898; x_wconf 89' lang='lat' dir='ltr'><strong>Vires</strong></span> <span class='ocrx_word' id='word_1_278' title='bbox 1609 3859 1795 3899; x_wconf 91' lang='lat' dir='ltr'><strong>earum</strong></span> 
     </span>
    </p>
   </div>
   <div class='ocr_carea' id='block_1_40' title="bbox 184 3932 1799 4008">
    <p class='ocr_par' dir='ltr' id='par_1_40' title="bbox 184 3932 1799 4008">
     <span class='ocr_line' id='line_1_40' title="bbox 184 3932 1799 4008; baseline 0.005 -24"><span class='ocrx_word' id='word_1_279' title='bbox 184 3937 332 3986; x_wconf 89' lang='lat' dir='ltr'><strong>certe</strong></span> <span class='ocrx_word' id='word_1_280' title='bbox 358 3932 634 3988; x_wconf 89' lang='lat' dir='ltr'><strong>medicina</strong></span> <span class='ocrx_word' id='word_1_281' title='bbox 683 3935 905 4004; x_wconf 89' lang='lat' dir='ltr'><strong>penitus</strong></span> <span class='ocrx_word' id='word_1_282' title='bbox 936 3949 1046 3990; x_wconf 92' lang='lat' dir='ltr'><strong>non</strong></span> <span class='ocrx_word' id='word_1_283' title='bbox 1091 3935 1328 4006; x_wconf 85' lang='lat' dir='ltr'><strong>ignorat,</strong></span> <span class='ocrx_word' id='word_1_284' title='bbox 1372 3952 1492 4008; x_wconf 61' lang='lat' dir='ltr'><strong>qum</strong></span> <span class='ocrx_word' id='word_1_285' title='bbox 1526 3937 1799 3994; x_wconf 88' lang='lat' dir='ltr'><strong>efﬁcacias</strong></span> 
     </span>
    </p>
   </div>
   <div class='ocr_carea' id='block_1_41' title="bbox 185 4025 1798 4101">
    <p class='ocr_par' dir='ltr' id='par_1_41' title="bbox 185 4025 1798 4101">
     <span class='ocr_line' id='line_1_41' title="bbox 185 4025 1798 4101; baseline 0.006 -23"><span class='ocrx_word' id='word_1_286' title='bbox 185 4041 374 4079; x_wconf 86' lang='lat' dir='ltr'><strong>earum</strong></span> <span class='ocrx_word' id='word_1_287' title='bbox 392 4025 448 4079; x_wconf 91' lang='lat' dir='ltr'><strong>in</strong></span> <span class='ocrx_word' id='word_1_288' title='bbox 483 4028 598 4081; x_wconf 89' lang='lat' dir='ltr'><strong>suis</strong></span> <span class='ocrx_word' id='word_1_289' title='bbox 622 4028 822 4097; x_wconf 90' lang='lat' dir='ltr'><strong>plantis</strong></span> <span class='ocrx_word' id='word_1_290' title='bbox 851 4029 1153 4084; x_wconf 90' lang='lat' dir='ltr'><strong>secundum</strong></span> <span class='ocrx_word' id='word_1_291' title='bbox 1187 4029 1430 4085; x_wconf 89' lang='lat' dir='ltr'><strong>diversas</strong></span> <span class='ocrx_word' id='word_1_292' title='bbox 1452 4032 1670 4101; x_wconf 87' lang='lat' dir='ltr'><strong>species</strong></span> <span class='ocrx_word' id='word_1_293' title='bbox 1701 4049 1798 4088; x_wconf 91' lang='lat' dir='ltr'><strong>ex-</strong></span> 
     </span>
    </p>
   </div>
   <div class='ocr_carea' id='block_1_42' title="bbox 189 4115 1796 4188">
    <p class='ocr_par' dir='ltr' id='par_1_42' title="bbox 189 4115 1796 4188">
     <span class='ocr_line' id='line_1_42' title="bbox 189 4115 1796 4188; baseline 0.007 -20"><span class='ocrx_word' id='word_1_294' title='bbox 189 4115 402 4186; x_wconf 87' lang='lat' dir='ltr'><strong>plorat;</strong></span> <span class='ocrx_word' id='word_1_295' title='bbox 457 4115 664 4170; x_wconf 88' lang='lat' dir='ltr'><strong>habent</strong></span> <span class='ocrx_word' id='word_1_296' title='bbox 702 4117 847 4172; x_wconf 87' lang='lat' dir='ltr'><strong>vires</strong></span> <span class='ocrx_word' id='word_1_297' title='bbox 901 4119 1135 4174; x_wconf 90' lang='lat' dir='ltr'><strong>interius</strong></span> <span class='ocrx_word' id='word_1_298' title='bbox 1181 4121 1401 4188; x_wconf 66' lang='lat' dir='ltr'><strong>animae,</strong></span> <span class='ocrx_word' id='word_1_299' title='bbox 1444 4129 1498 4177; x_wconf 93' lang='lat' dir='ltr'><strong>et</strong></span> <span class='ocrx_word' id='word_1_300' title='bbox 1559 4124 1796 4179; x_wconf 91' lang='lat' dir='ltr'><strong>exterius</strong></span> 
     </span>
    </p>
   </div>
   <div class='ocr_carea' id='block_1_43' title="bbox 188 4203 1800 4283">
    <p class='ocr_par' dir='ltr' id='par_1_43' title="bbox 188 4203 1800 4283">
     <span class='ocr_line' id='line_1_43' title="bbox 188 4203 1800 4283; baseline 0.006 -25"><span class='ocrx_word' id='word_1_301' title='bbox 188 4203 505 4258; x_wconf 86' lang='lat' dir='ltr'><strong>atficiuntur</strong></span> <span class='ocrx_word' id='word_1_302' title='bbox 536 4204 754 4275; x_wconf 81' lang='lat' dir='ltr'><strong>plantae.</strong></span> <span class='ocrx_word' id='word_1_303' title='bbox 788 4207 994 4262; x_wconf 63' lang='lat' dir='ltr'><strong>Animae</strong></span> <span class='ocrx_word' id='word_1_304' title='bbox 1019 4209 1166 4283; x_wconf 83' lang='lat' dir='ltr'><strong>viget</strong></span> <span class='ocrx_word' id='word_1_305' title='bbox 1191 4209 1456 4278; x_wconf 87' lang='lat' dir='ltr'><strong>efﬁcacia,</strong></span> <span class='ocrx_word' id='word_1_306' title='bbox 1499 4219 1553 4266; x_wconf 88' lang='lat' dir='ltr'><strong>et</strong></span> <span class='ocrx_word' id='word_1_307' title='bbox 1582 4212 1685 4268; x_wconf 90' lang='lat' dir='ltr'><strong>hoc</strong></span> <span class='ocrx_word' id='word_1_308' title='bbox 1719 4229 1800 4268; x_wconf 89' lang='lat' dir='ltr'><strong>re-</strong></span> 
     </span>
    </p>
   </div>
   <div class='ocr_carea' id='block_1_44' title="bbox 191 4294 1797 4374">
    <p class='ocr_par' dir='ltr' id='par_1_44' title="bbox 191 4294 1797 4374">
     <span class='ocr_line' id='line_1_44' title="bbox 191 4294 1797 4374; baseline 0.007 -27"><span class='ocrx_word' id='word_1_309' title='bbox 191 4294 398 4364; x_wconf 88' lang='lat' dir='ltr'><strong>peritur</strong></span> <span class='ocrx_word' id='word_1_310' title='bbox 427 4295 482 4349; x_wconf 93' lang='lat' dir='ltr'><strong>in</strong></span> <span class='ocrx_word' id='word_1_311' title='bbox 521 4295 726 4366; x_wconf 89' lang='lat' dir='ltr'><strong>planta,</strong></span> <span class='ocrx_word' id='word_1_312' title='bbox 774 4298 1091 4368; x_wconf 86' lang='lat' dir='ltr'><strong>experimur</strong></span> <span class='ocrx_word' id='word_1_313' title='bbox 1140 4301 1195 4355; x_wconf 94' lang='lat' dir='ltr'><strong>in</strong></span> <span class='ocrx_word' id='word_1_314' title='bbox 1252 4303 1458 4372; x_wconf 89' lang='lat' dir='ltr'><strong>planta,</strong></span> <span class='ocrx_word' id='word_1_315' title='bbox 1500 4319 1622 4374; x_wconf 66' lang='lat' dir='ltr'><strong>quae</strong></span> <span class='ocrx_word' id='word_1_316' title='bbox 1652 4303 1797 4359; x_wconf 90' lang='lat' dir='ltr'><strong>vires</strong></span> 
     </span>
    </p>
   </div>
   <div class='ocr_carea' id='block_1_45' title="bbox 189 4364 1879 4458">
    <p class='ocr_par' dir='ltr' id='par_1_45' title="bbox 189 4364 1879 4458">
     <span class='ocr_line' id='line_1_45' title="bbox 189 4364 1879 4458; baseline 0.007 -22"><span class='ocrx_word' id='word_1_317' title='bbox 189 4382 362 4438; x_wconf 87' lang='lat' dir='ltr'><strong>latent</strong></span> <span class='ocrx_word' id='word_1_318' title='bbox 397 4383 453 4437; x_wconf 91' lang='lat' dir='ltr'><strong>in</strong></span> <span class='ocrx_word' id='word_1_319' title='bbox 495 4383 697 4440; x_wconf 88' lang='lat' dir='ltr'><strong>anima.</strong></span> <span class='ocrx_word' id='word_1_320' title='bbox 740 4384 930 4440; x_wconf 84' lang='lat' dir='ltr'><strong>Mirum</strong></span> <span class='ocrx_word' id='word_1_321' title='bbox 964 4386 1112 4458; x_wconf 91' lang='lat' dir='ltr'><strong>quod</strong></span> <span class='ocrx_word' id='word_1_322' title='bbox 1152 4388 1295 4443; x_wconf 89' lang='lat' dir='ltr'><strong>vires</strong></span> <span class='ocrx_word' id='word_1_323' title='bbox 1335 4391 1555 4458; x_wconf 73' lang='lat' dir='ltr'><strong>animae,</strong></span> <span class='ocrx_word' id='word_1_324' title='bbox 1614 4392 1796 4448; x_wconf 90' lang='lat' dir='ltr'><strong>anima</strong></span> <span class='ocrx_word' id='word_1_325' title='bbox 1822 4364 1879 4432; x_wconf 83' lang='lat' dir='ltr'><strong>D</strong></span> 
     </span>
    </p>
   </div>
   <div class='ocr_carea' id='block_1_46' title="bbox 198 4475 1804 4552">
    <p class='ocr_par' dir='ltr' id='par_1_46' title="bbox 198 4475 1804 4552">
     <span class='ocr_line' id='line_1_46' title="bbox 198 4475 1804 4552; baseline 0.008 -27"><span class='ocrx_word' id='word_1_326' title='bbox 198 4481 432 4536; x_wconf 89' lang='lat' dir='ltr'><strong>mortua,</strong></span> <span class='ocrx_word' id='word_1_327' title='bbox 466 4483 692 4528; x_wconf 91' lang='lat' dir='ltr'><strong>manent</strong></span> <span class='ocrx_word' id='word_1_328' title='bbox 712 4475 766 4528; x_wconf 91' lang='lat' dir='ltr'><strong>in</strong></span> <span class='ocrx_word' id='word_1_329' title='bbox 807 4490 1062 4545; x_wconf 90' lang='lat' dir='ltr'><strong>corpore,</strong></span> <span class='ocrx_word' id='word_1_330' title='bbox 1095 4483 1149 4531; x_wconf 92' lang='lat' dir='ltr'><strong>et</strong></span> <span class='ocrx_word' id='word_1_331' title='bbox 1183 4488 1469 4535; x_wconf 89' lang='lat' dir='ltr'><strong>remanent</strong></span> <span class='ocrx_word' id='word_1_332' title='bbox 1509 4480 1563 4534; x_wconf 93' lang='lat' dir='ltr'><strong>in</strong></span> <span class='ocrx_word' id='word_1_333' title='bbox 1617 4481 1804 4552; x_wconf 89' lang='lat' dir='ltr'><strong>planta</strong></span> 
     </span>
    </p>
   </div>
   <div class='ocr_carea' id='block_1_47' title="bbox 194 4559 1803 4641">
    <p class='ocr_par' dir='ltr' id='par_1_47' title="bbox 194 4559 1803 4641">
     <span class='ocr_line' id='line_1_47' title="bbox 194 4559 1803 4641; baseline 0.007 -28"><span class='ocrx_word' id='word_1_334' title='bbox 194 4559 426 4634; x_wconf 85' lang='lat' dir='ltr'><strong>vestigia</strong></span> <span class='ocrx_word' id='word_1_335' title='bbox 455 4561 650 4616; x_wconf 89' lang='lat' dir='ltr'><strong>virium</strong></span> <span class='ocrx_word' id='word_1_336' title='bbox 689 4579 811 4633; x_wconf 62' lang='lat' dir='ltr'><strong>qua:</strong></span> <span class='ocrx_word' id='word_1_337' title='bbox 842 4562 1063 4620; x_wconf 91' lang='lat' dir='ltr'><strong>fuerunt</strong></span> <span class='ocrx_word' id='word_1_338' title='bbox 1086 4564 1140 4619; x_wconf 91' lang='lat' dir='ltr'><strong>in</strong></span> <span class='ocrx_word' id='word_1_339' title='bbox 1163 4566 1367 4634; x_wconf 89' lang='lat' dir='ltr'><strong>anima,</strong></span> <span class='ocrx_word' id='word_1_340' title='bbox 1399 4567 1579 4623; x_wconf 91' lang='lat' dir='ltr'><strong>donec</strong></span> <span class='ocrx_word' id='word_1_341' title='bbox 1600 4576 1654 4624; x_wconf 92' lang='lat' dir='ltr'><strong>et</strong></span> <span class='ocrx_word' id='word_1_342' title='bbox 1685 4571 1803 4641; x_wconf 91' lang='lat' dir='ltr'><strong>ipsa</strong></span> 
     </span>
    </p>
   </div>
   <div class='ocr_carea' id='block_1_48' title="bbox 191 4653 1797 4726">
    <p class='ocr_par' dir='ltr' id='par_1_48' title="bbox 191 4653 1797 4726">
     <span class='ocr_line' id='line_1_48' title="bbox 191 4653 1797 4726; baseline 0.007 -19"><span class='ocrx_word' id='word_1_343' title='bbox 191 4653 244 4707; x_wconf 90' lang='lat' dir='ltr'><strong>in</strong></span> <span class='ocrx_word' id='word_1_344' title='bbox 289 4668 521 4725; x_wconf 90' lang='lat' dir='ltr'><strong>corpore</strong></span> <span class='ocrx_word' id='word_1_345' title='bbox 551 4656 811 4726; x_wconf 87' lang='lat' dir='ltr'><strong>paulatim</strong></span> <span class='ocrx_word' id='word_1_346' title='bbox 845 4657 1184 4713; x_wconf 90' lang='lat' dir='ltr'><strong>emoriantur</strong></span> <span class='ocrx_word' id='word_1_347' title='bbox 1233 4665 1518 4714; x_wconf 88' lang='lat' dir='ltr'><strong>vetustate.</strong></span> <span class='ocrx_word' id='word_1_348' title='bbox 1559 4661 1670 4717; x_wconf 87' lang='lat' dir='ltr'><strong>Hoc</strong></span> <span class='ocrx_word' id='word_1_349' title='bbox 1699 4679 1797 4717; x_wconf 89' lang='lat' dir='ltr'><strong>au—</strong></span> 
     </span>
    </p>
   </div>
   <div class='ocr_carea' id='block_1_49' title="bbox 190 4746 1800 4823">
    <p class='ocr_par' dir='ltr' id='par_1_49' title="bbox 190 4746 1800 4823">
     <span class='ocr_line' id='line_1_49' title="bbox 190 4746 1800 4823; baseline 0.006 -23"><span class='ocrx_word' id='word_1_350' title='bbox 190 4752 299 4800; x_wconf 90' lang='lat' dir='ltr'><strong>tem</strong></span> <span class='ocrx_word' id='word_1_351' title='bbox 340 4746 505 4801; x_wconf 89' lang='lat' dir='ltr'><strong>habet</strong></span> <span class='ocrx_word' id='word_1_352' title='bbox 534 4747 601 4800; x_wconf 91' lang='lat' dir='ltr'><strong>ab</strong></span> <span class='ocrx_word' id='word_1_353' title='bbox 637 4747 759 4802; x_wconf 90' lang='lat' dir='ltr'><strong>aliis</strong></span> <span class='ocrx_word' id='word_1_354' title='bbox 797 4748 926 4804; x_wconf 89' lang='lat' dir='ltr'><strong>totis</strong></span> <span class='ocrx_word' id='word_1_355' title='bbox 969 4749 1112 4804; x_wconf 90' lang='lat' dir='ltr'><strong>istud</strong></span> <span class='ocrx_word' id='word_1_356' title='bbox 1149 4751 1455 4822; x_wconf 89' lang='lat' dir='ltr'><strong>proprium,</strong></span> <span class='ocrx_word' id='word_1_357' title='bbox 1496 4753 1644 4823; x_wconf 91' lang='lat' dir='ltr'><strong>quod</strong></span> <span class='ocrx_word' id='word_1_358' title='bbox 1676 4769 1800 4809; x_wconf 88' lang='lat' dir='ltr'><strong>cum</strong></span> 
     </span>
    </p>
   </div>
   <div class='ocr_carea' id='block_1_50' title="bbox 193 4836 1800 4913">
    <p class='ocr_par' dir='ltr' id='par_1_50' title="bbox 193 4836 1800 4913">
     <span class='ocr_line' id='line_1_50' title="bbox 193 4836 1800 4913; baseline 0.006 -23"><span class='ocrx_word' id='word_1_359' title='bbox 193 4836 376 4908; x_wconf 89' lang='lat' dir='ltr'><strong>plures</strong></span> <span class='ocrx_word' id='word_1_360' title='bbox 403 4837 568 4893; x_wconf 88' lang='lat' dir='ltr'><strong>habet</strong></span> <span class='ocrx_word' id='word_1_361' title='bbox 597 4839 760 4906; x_wconf 89' lang='lat' dir='ltr'><strong>vires,</strong></span> <span class='ocrx_word' id='word_1_362' title='bbox 813 4840 866 4894; x_wconf 92' lang='lat' dir='ltr'><strong>in</strong></span> <span class='ocrx_word' id='word_1_363' title='bbox 924 4856 1257 4913; x_wconf 87' lang='lat' dir='ltr'><strong>unaquaque</strong></span> <span class='ocrx_word' id='word_1_364' title='bbox 1311 4849 1394 4897; x_wconf 89' lang='lat' dir='ltr'><strong>est</strong></span> <span class='ocrx_word' id='word_1_365' title='bbox 1419 4849 1628 4910; x_wconf 88' lang='lat' dir='ltr'><strong>totum;</strong></span> <span class='ocrx_word' id='word_1_366' title='bbox 1663 4853 1716 4900; x_wconf 90' lang='lat' dir='ltr'><strong>et</strong></span> <span class='ocrx_word' id='word_1_367' title='bbox 1749 4847 1800 4901; x_wconf 93' lang='lat' dir='ltr'><strong>in</strong></span> 
     </span>
    </p>
   </div>
   <div class='ocr_carea' id='block_1_51' title="bbox 192 4923 1803 4997">
    <p class='ocr_par' dir='ltr' id='par_1_51' title="bbox 192 4923 1803 4997">
     <span class='ocr_line' id='line_1_51' title="bbox 192 4923 1803 4997; baseline 0.009 -20"><span class='ocrx_word' id='word_1_368' title='bbox 192 4923 425 4997; x_wconf 87' lang='lat' dir='ltr'><strong>singulis</strong></span> <span class='ocrx_word' id='word_1_369' title='bbox 473 4925 685 4983; x_wconf 89' lang='lat' dir='ltr'><strong>viribus</strong></span> <span class='ocrx_word' id='word_1_370' title='bbox 725 4937 808 4983; x_wconf 92' lang='lat' dir='ltr'><strong>est</strong></span> <span class='ocrx_word' id='word_1_371' title='bbox 849 4929 1053 4997; x_wconf 90' lang='lat' dir='ltr'><strong>anima,</strong></span> <span class='ocrx_word' id='word_1_372' title='bbox 1112 4945 1234 4986; x_wconf 91' lang='lat' dir='ltr'><strong>cum</strong></span> <span class='ocrx_word' id='word_1_373' title='bbox 1273 4938 1454 4987; x_wconf 90' lang='lat' dir='ltr'><strong>tamen</strong></span> <span class='ocrx_word' id='word_1_374' title='bbox 1507 4941 1680 4990; x_wconf 90' lang='lat' dir='ltr'><strong>totum</strong></span> <span class='ocrx_word' id='word_1_375' title='bbox 1737 4951 1803 4992; x_wconf 82' lang='lat' dir='ltr'><strong>ex</strong></span> 
     </span>
    </p>
   </div>
   <div class='ocr_carea' id='block_1_52' title="bbox 197 5014 1804 5085">
    <p class='ocr_par' dir='ltr' id='par_1_52' title="bbox 197 5014 1804 5085">
     <span class='ocr_line' id='line_1_52' title="bbox 197 5014 1804 5085; baseline 0.005 -18"><span class='ocrx_word' id='word_1_376' title='bbox 197 5027 307 5068; x_wconf 89' lang='lat' dir='ltr'><strong>una</strong></span> <span class='ocrx_word' id='word_1_377' title='bbox 334 5014 386 5071; x_wconf 88' lang='lat' dir='ltr'><strong>vi</strong></span> <span class='ocrx_word' id='word_1_378' title='bbox 425 5021 638 5071; x_wconf 88' lang='lat' dir='ltr'><strong>constet</strong></span> <span class='ocrx_word' id='word_1_379' title='bbox 667 5016 799 5072; x_wconf 91' lang='lat' dir='ltr'><strong>sola.</strong></span> <span class='ocrx_word' id='word_1_380' title='bbox 834 5017 893 5071; x_wconf 87' lang='lat' dir='ltr'><strong>In</strong></span> <span class='ocrx_word' id='word_1_381' title='bbox 921 5033 1032 5074; x_wconf 90' lang='lat' dir='ltr'><strong>una</strong></span> <span class='ocrx_word' id='word_1_382' title='bbox 1060 5019 1178 5075; x_wconf 85' lang='lat' dir='ltr'><strong>sola</strong></span> <span class='ocrx_word' id='word_1_383' title='bbox 1204 5019 1254 5075; x_wconf 90' lang='lat' dir='ltr'><strong>vi</strong></span> <span class='ocrx_word' id='word_1_384' title='bbox 1278 5027 1362 5074; x_wconf 88' lang='lat' dir='ltr'><strong>est</strong></span> <span class='ocrx_word' id='word_1_385' title='bbox 1386 5025 1581 5085; x_wconf 90' lang='lat' dir='ltr'><strong>totum,</strong></span> <span class='ocrx_word' id='word_1_386' title='bbox 1613 5027 1669 5074; x_wconf 92' lang='lat' dir='ltr'><strong>et</strong></span> <span class='ocrx_word' id='word_1_387' title='bbox 1695 5036 1804 5075; x_wconf 90' lang='lat' dir='ltr'><strong>una</strong></span> 
     </span>
    </p>
   </div>
   <div class='ocr_carea' id='block_1_53' title="bbox 199 5105 1804 5180">
    <p class='ocr_par' dir='ltr' id='par_1_53' title="bbox 199 5105 1804 5180">
     <span class='ocr_line' id='line_1_53' title="bbox 199 5105 1804 5180; baseline 0.002 -19"><span class='ocrx_word' id='word_1_388' title='bbox 199 5105 316 5161; x_wconf 86' lang='lat' dir='ltr'><strong>sola</strong></span> <span class='ocrx_word' id='word_1_389' title='bbox 356 5105 438 5160; x_wconf 91' lang='lat' dir='ltr'><strong>vis</strong></span> <span class='ocrx_word' id='word_1_390' title='bbox 459 5121 569 5162; x_wconf 90' lang='lat' dir='ltr'><strong>non</strong></span> <span class='ocrx_word' id='word_1_391' title='bbox 596 5105 765 5163; x_wconf 88' lang='lat' dir='ltr'><strong>efficit</strong></span> <span class='ocrx_word' id='word_1_392' title='bbox 795 5113 988 5171; x_wconf 92' lang='lat' dir='ltr'><strong>totum,</strong></span> <span class='ocrx_word' id='word_1_393' title='bbox 1014 5115 1097 5164; x_wconf 89' lang='lat' dir='ltr'><strong>est</strong></span> <span class='ocrx_word' id='word_1_394' title='bbox 1125 5108 1348 5180; x_wconf 90' lang='lat' dir='ltr'><strong>quidem</strong></span> <span class='ocrx_word' id='word_1_395' title='bbox 1391 5116 1565 5165; x_wconf 90' lang='lat' dir='ltr'><strong>totum</strong></span> <span class='ocrx_word' id='word_1_396' title='bbox 1601 5109 1654 5164; x_wconf 92' lang='lat' dir='ltr'><strong>in</strong></span> <span class='ocrx_word' id='word_1_397' title='bbox 1686 5110 1804 5165; x_wconf 89' lang='lat' dir='ltr'><strong>sin-</strong></span> 
     </span>
    </p>
   </div>
   <div class='ocr_carea' id='block_1_54' title="bbox 187 5193 1798 5271">
    <p class='ocr_par' dir='ltr' id='par_1_54' title="bbox 187 5193 1798 5271">
     <span class='ocr_line' id='line_1_54' title="bbox 187 5193 1798 5271; baseline 0.004 -25"><span class='ocrx_word' id='word_1_398' title='bbox 187 5193 330 5266; x_wconf 87' lang='lat' dir='ltr'><strong>gulis</strong></span> <span class='ocrx_word' id='word_1_399' title='bbox 359 5195 514 5263; x_wconf 90' lang='lat' dir='ltr'><strong>solis,</strong></span> <span class='ocrx_word' id='word_1_400' title='bbox 543 5196 640 5251; x_wconf 90' lang='lat' dir='ltr'><strong>sed</strong></span> <span class='ocrx_word' id='word_1_401' title='bbox 677 5211 786 5252; x_wconf 90' lang='lat' dir='ltr'><strong>non</strong></span> <span class='ocrx_word' id='word_1_402' title='bbox 809 5203 1024 5253; x_wconf 90' lang='lat' dir='ltr'><strong>constat</strong></span> <span class='ocrx_word' id='word_1_403' title='bbox 1051 5213 1117 5252; x_wconf 88' lang='lat' dir='ltr'><strong>ex</strong></span> <span class='ocrx_word' id='word_1_404' title='bbox 1145 5197 1380 5271; x_wconf 84' lang='lat' dir='ltr'><strong>singulis</strong></span> <span class='ocrx_word' id='word_1_405' title='bbox 1399 5199 1550 5265; x_wconf 91' lang='lat' dir='ltr'><strong>solis,</strong></span> <span class='ocrx_word' id='word_1_406' title='bbox 1583 5199 1651 5254; x_wconf 89' lang='lat' dir='ltr'><strong>de</strong></span> <span class='ocrx_word' id='word_1_407' title='bbox 1679 5199 1798 5254; x_wconf 91' lang='lat' dir='ltr'><strong>sola</strong></span> 
     </span>
    </p>
   </div>
   <div class='ocr_carea' id='block_1_55' title="bbox 187 5285 1796 5360">
    <p class='ocr_par' dir='ltr' id='par_1_55' title="bbox 187 5285 1796 5360">
     <span class='ocr_line' id='line_1_55' title="bbox 187 5285 1796 5360; baseline 0.004 -22"><span class='ocrx_word' id='word_1_408' title='bbox 187 5291 341 5355; x_wconf 88' lang='lat' dir='ltr'><strong>parte</strong></span> <span class='ocrx_word' id='word_1_409' title='bbox 380 5285 582 5341; x_wconf 90' lang='lat' dir='ltr'><strong>dicitur</strong></span> <span class='ocrx_word' id='word_1_410' title='bbox 609 5294 804 5354; x_wconf 91' lang='lat' dir='ltr'><strong>totum,</strong></span> <span class='ocrx_word' id='word_1_411' title='bbox 838 5289 936 5343; x_wconf 89' lang='lat' dir='ltr'><strong>sed</strong></span> <span class='ocrx_word' id='word_1_412' title='bbox 966 5304 1030 5342; x_wconf 86' lang='lat' dir='ltr'><strong>ex</strong></span> <span class='ocrx_word' id='word_1_413' title='bbox 1081 5288 1199 5345; x_wconf 89' lang='lat' dir='ltr'><strong>sola</strong></span> <span class='ocrx_word' id='word_1_414' title='bbox 1237 5296 1390 5360; x_wconf 90' lang='lat' dir='ltr'><strong>parte</strong></span> <span class='ocrx_word' id='word_1_415' title='bbox 1433 5304 1542 5344; x_wconf 89' lang='lat' dir='ltr'><strong>non</strong></span> <span class='ocrx_word' id='word_1_416' title='bbox 1583 5296 1796 5344; x_wconf 88' lang='lat' dir='ltr'><strong>constat</strong></span> 
     </span>
    </p>
   </div>
   <div class='ocr_carea' id='block_1_56' title="bbox 187 5379 1796 5453">
    <p class='ocr_par' dir='ltr' id='par_1_56' title="bbox 187 5379 1796 5453">
     <span class='ocr_line' id='line_1_56' title="bbox 187 5379 1796 5453; baseline 0.002 -20"><span class='ocrx_word' id='word_1_417' title='bbox 187 5385 383 5434; x_wconf 89' lang='lat' dir='ltr'><strong>totum.</strong></span> <span class='ocrx_word' id='word_1_418' title='bbox 443 5379 504 5434; x_wconf 85' lang='lat' dir='ltr'><strong>Et</strong></span> <span class='ocrx_word' id='word_1_419' title='bbox 553 5381 802 5452; x_wconf 77' lang='lat' dir='ltr'><strong>quamvis</strong></span> <span class='ocrx_word' id='word_1_420' title='bbox 858 5383 1042 5438; x_wconf 89' lang='lat' dir='ltr'><strong>anima</strong></span> <span class='ocrx_word' id='word_1_421' title='bbox 1090 5383 1256 5452; x_wconf 88' lang='lat' dir='ltr'><strong>hujus</strong></span> <span class='ocrx_word' id='word_1_422' title='bbox 1304 5382 1505 5453; x_wconf 82' lang='lat' dir='ltr'><strong>plantae</strong></span> <span class='ocrx_word' id='word_1_423' title='bbox 1558 5382 1628 5438; x_wconf 89' lang='lat' dir='ltr'><strong>de</strong></span> <span class='ocrx_word' id='word_1_424' title='bbox 1674 5383 1796 5437; x_wconf 90' lang='lat' dir='ltr'><strong>sin-</strong></span> 
     </span>
    </p>
   </div>
   <div class='ocr_carea' id='block_1_57' title="bbox 188 5473 1802 5547">
    <p class='ocr_par' dir='ltr' id='par_1_57' title="bbox 188 5473 1802 5547">
     <span class='ocr_line' id='line_1_57' title="bbox 188 5473 1802 5547; baseline 0.002 -20"><span class='ocrx_word' id='word_1_425' title='bbox 188 5473 332 5547; x_wconf 87' lang='lat' dir='ltr'><strong>gulis</strong></span> <span class='ocrx_word' id='word_1_426' title='bbox 375 5473 583 5529; x_wconf 88' lang='lat' dir='ltr'><strong>viribus</strong></span> <span class='ocrx_word' id='word_1_427' title='bbox 621 5476 735 5530; x_wconf 90' lang='lat' dir='ltr'><strong>suis</strong></span> <span class='ocrx_word' id='word_1_428' title='bbox 773 5476 1006 5542; x_wconf 82' lang='lat' dir='ltr'><strong>dicatur,</strong></span> <span class='ocrx_word' id='word_1_429' title='bbox 1055 5491 1164 5532; x_wconf 89' lang='lat' dir='ltr'><strong>non</strong></span> <span class='ocrx_word' id='word_1_430' title='bbox 1206 5483 1388 5531; x_wconf 90' lang='lat' dir='ltr'><strong>tamen</strong></span> <span class='ocrx_word' id='word_1_431' title='bbox 1447 5491 1636 5531; x_wconf 89' lang='lat' dir='ltr'><strong>earum</strong></span> <span class='ocrx_word' id='word_1_432' title='bbox 1672 5491 1802 5547; x_wconf 90' lang='lat' dir='ltr'><strong>spe-</strong></span> 
     </span>
    </p>
   </div>
   <div class='ocr_carea' id='block_1_58' title="bbox 186 5562 1799 5634">
    <p class='ocr_par' dir='ltr' id='par_1_58' title="bbox 186 5562 1799 5634">
     <span class='ocr_line' id='line_1_58' title="bbox 186 5562 1799 5634; baseline 0.001 -18"><span class='ocrx_word' id='word_1_433' title='bbox 186 5562 300 5616; x_wconf 89' lang='lat' dir='ltr'><strong>cies</strong></span> <span class='ocrx_word' id='word_1_434' title='bbox 338 5567 581 5632; x_wconf 87' lang='lat' dir='ltr'><strong>putetur,</strong></span> <span class='ocrx_word' id='word_1_435' title='bbox 613 5563 741 5634; x_wconf 91' lang='lat' dir='ltr'><strong>quia</strong></span> <span class='ocrx_word' id='word_1_436' title='bbox 774 5563 1122 5620; x_wconf 89' lang='lat' dir='ltr'><strong>individuum</strong></span> <span class='ocrx_word' id='word_1_437' title='bbox 1145 5571 1248 5632; x_wconf 86' lang='lat' dir='ltr'><strong>est,</strong></span> <span class='ocrx_word' id='word_1_438' title='bbox 1291 5572 1344 5619; x_wconf 93' lang='lat' dir='ltr'><strong>et</strong></span> <span class='ocrx_word' id='word_1_439' title='bbox 1375 5564 1442 5618; x_wconf 92' lang='lat' dir='ltr'><strong>de</strong></span> <span class='ocrx_word' id='word_1_440' title='bbox 1476 5563 1628 5618; x_wconf 91' lang='lat' dir='ltr'><strong>nullo</strong></span> <span class='ocrx_word' id='word_1_441' title='bbox 1659 5563 1799 5618; x_wconf 87' lang='lat' dir='ltr'><strong>sub-</strong></span> 
     </span>
    </p>
   </div>
   <div class='ocr_carea' id='block_1_59' title="bbox 183 5652 1805 5727">
    <p class='ocr_par' dir='ltr' id='par_1_59' title="bbox 183 5652 1805 5727">
     <span class='ocr_line' id='line_1_59' title="bbox 183 5652 1805 5727; baseline 0.001 -20"><span class='ocrx_word' id='word_1_442' title='bbox 183 5653 333 5724; x_wconf 91' lang='lat' dir='ltr'><strong>jecto</strong></span> <span class='ocrx_word' id='word_1_443' title='bbox 365 5652 582 5710; x_wconf 89' lang='lat' dir='ltr'><strong>dicitur.</strong></span> <span class='ocrx_word' id='word_1_444' title='bbox 634 5653 785 5710; x_wconf 87' lang='lat' dir='ltr'><strong>Vires</strong></span> <span class='ocrx_word' id='word_1_445' title='bbox 808 5654 957 5710; x_wconf 89' lang='lat' dir='ltr'><strong>enim</strong></span> <span class='ocrx_word' id='word_1_446' title='bbox 989 5656 1154 5725; x_wconf 82' lang='lat' dir='ltr'><strong>huius</strong></span> <span class='ocrx_word' id='word_1_447' title='bbox 1202 5655 1398 5712; x_wconf 64' lang='lat' dir='ltr'><strong>animm</strong></span> <span class='ocrx_word' id='word_1_448' title='bbox 1439 5661 1622 5727; x_wconf 87' lang='lat' dir='ltr'><strong>partes</strong></span> <span class='ocrx_word' id='word_1_449' title='bbox 1654 5653 1805 5711; x_wconf 87' lang='lat' dir='ltr'><strong>illius</strong></span> 
     </span>
    </p>
   </div>
   <div class='ocr_carea' id='block_1_60' title="bbox 1225 246 2433 311">
    <p class='ocr_par' dir='ltr' id='par_1_60' title="bbox 1225 246 2433 311">
     <span class='ocr_line' id='line_1_60' title="bbox 1225 246 2433 311; baseline 0.011 -13"><span class='ocrx_word' id='word_1_450' title='bbox 1225 249 1304 303; x_wconf 82' lang='lat' dir='ltr'><strong>DE</strong></span> <span class='ocrx_word' id='word_1_451' title='bbox 1349 246 1635 301; x_wconf 73' lang='lat' dir='ltr'><strong>PECCATO</strong></span> <span class='ocrx_word' id='word_1_452' title='bbox 1677 246 2021 304; x_wconf 77' lang='lat' dir='ltr'><strong>ORIGINAH</strong></span> <span class='ocrx_word' id='word_1_453' title='bbox 2089 285 2155 293; x_wconf 89' lang='lat'><strong>--</strong></span> <span class='ocrx_word' id='word_1_454' title='bbox 2201 255 2300 309; x_wconf 86' lang='lat' dir='ltr'>LIB</span> <span class='ocrx_word' id='word_1_455' title='bbox 2370 258 2433 311; x_wconf 91' lang='lat' dir='ltr'><strong>Ill</strong></span> 
     </span>
    </p>
   </div>
   <div class='ocr_carea' id='block_1_61' title="bbox 3366 281 3504 333">
    <p class='ocr_par' dir='ltr' id='par_1_61' title="bbox 3366 281 3504 333">
     <span class='ocr_line' id='line_1_61' title="bbox 3366 281 3504 333; baseline 0.007 -1"><span class='ocrx_word' id='word_1_456' title='bbox 3366 281 3504 333; x_wconf 69' lang='grc'><strong>1094</strong></span> 
     </span>
    </p>
   </div>
   <div class='ocr_carea' id='block_1_62' title="bbox 1813 373 3502 469">
    <p class='ocr_par' dir='ltr' id='par_1_62' title="bbox 1813 373 3502 469">
     <span class='ocr_line' id='line_1_62' title="bbox 1813 373 3502 469; baseline 0.018 -47"><span class='ocrx_word' id='word_1_457' title='bbox 1813 373 1861 438; x_wconf 80' lang='grc' dir='ltr'><em>Α</em></span> <span class='ocrx_word' id='word_1_458' title='bbox 1897 379 2042 439; x_wconf 89' lang='lat' dir='ltr'><strong>sunt,</strong></span> <span class='ocrx_word' id='word_1_459' title='bbox 2072 391 2180 430; x_wconf 92' lang='lat' dir='ltr'><strong>non</strong></span> <span class='ocrx_word' id='word_1_460' title='bbox 2229 387 2285 432; x_wconf 92' lang='lat' dir='ltr'><strong>ut</strong></span> <span class='ocrx_word' id='word_1_461' title='bbox 2320 379 2601 437; x_wconf 88' lang='lat' dir='ltr'><strong>individua</strong></span> <span class='ocrx_word' id='word_1_462' title='bbox 2622 387 2905 454; x_wconf 65' lang='lat' dir='ltr'><strong>subjectae,</strong></span> <span class='ocrx_word' id='word_1_463' title='bbox 2940 407 3041 446; x_wconf 87' lang='lat' dir='ltr'><strong>nec</strong></span> <span class='ocrx_word' id='word_1_464' title='bbox 3091 396 3272 450; x_wconf 88' lang='lat' dir='ltr'><strong>anima</strong></span> <span class='ocrx_word' id='word_1_465' title='bbox 3303 401 3502 469; x_wconf 66' lang='lat' dir='ltr'><strong>plantae</strong></span> 
     </span>
    </p>
   </div>
   <div class='ocr_carea' id='block_1_63' title="bbox 1846 458 3504 559">
    <p class='ocr_par' dir='ltr' id='par_1_63' title="bbox 1846 458 3504 559">
     <span class='ocr_line' id='line_1_63' title="bbox 1846 458 3504 559; baseline 0.019 -45"><span class='ocrx_word' id='word_1_466' title='bbox 1846 458 1853 464; x_wconf 80' lang='grc'><strong>’</strong></span> <span class='ocrx_word' id='word_1_467' title='bbox 1896 462 2059 531; x_wconf 86' lang='lat' dir='ltr'><strong>hujus</strong></span> <span class='ocrx_word' id='word_1_468' title='bbox 2086 474 2195 522; x_wconf 91' lang='lat' dir='ltr'><strong>tota</strong></span> <span class='ocrx_word' id='word_1_469' title='bbox 2227 479 2311 523; x_wconf 90' lang='lat' dir='ltr'><strong>est</strong></span> <span class='ocrx_word' id='word_1_470' title='bbox 2341 471 2392 524; x_wconf 88' lang='lat' dir='ltr'><strong>in</strong></span> <span class='ocrx_word' id='word_1_471' title='bbox 2438 462 2671 547; x_wconf 86' lang='lat' dir='ltr'><strong>singulis</strong></span> <span class='ocrx_word' id='word_1_472' title='bbox 2701 477 2913 534; x_wconf 89' lang='lat' dir='ltr'><strong>viribus</strong></span> <span class='ocrx_word' id='word_1_473' title='bbox 2955 483 3090 550; x_wconf 90' lang='lat' dir='ltr'><strong>suis,</strong></span> <span class='ocrx_word' id='word_1_474' title='bbox 3133 502 3255 540; x_wconf 89' lang='lat' dir='ltr'><strong>cum</strong></span> <span class='ocrx_word' id='word_1_475' title='bbox 3287 493 3504 559; x_wconf 82' lang='lat' dir='ltr'><strong>species</strong></span> 
     </span>
    </p>
   </div>
   <div class='ocr_carea' id='block_1_64' title="bbox 1890 558 3504 639">
    <p class='ocr_par' dir='ltr' id='par_1_64' title="bbox 1890 558 3504 639">
     <span class='ocr_line' id='line_1_64' title="bbox 1890 558 3504 639; baseline 0.019 -32"><span class='ocrx_word' id='word_1_476' title='bbox 1890 558 2001 608; x_wconf 84' lang='lat' dir='ltr'><strong>tota</strong></span> <span class='ocrx_word' id='word_1_477' title='bbox 2032 558 2101 611; x_wconf 91' lang='lat' dir='ltr'><strong>sit</strong></span> <span class='ocrx_word' id='word_1_478' title='bbox 2153 559 2207 612; x_wconf 93' lang='lat' dir='ltr'><strong>in</strong></span> <span class='ocrx_word' id='word_1_479' title='bbox 2239 561 2469 634; x_wconf 87' lang='lat' dir='ltr'><strong>singulis</strong></span> <span class='ocrx_word' id='word_1_480' title='bbox 2517 565 2812 624; x_wconf 87' lang='lat' dir='ltr'><strong>individuis</strong></span> <span class='ocrx_word' id='word_1_481' title='bbox 2839 573 2970 627; x_wconf 90' lang='lat' dir='ltr'><strong>suis.</strong></span> <span class='ocrx_word' id='word_1_482' title='bbox 3008 574 3162 631; x_wconf 89' lang='lat' dir='ltr'><strong>Nunc</strong></span> <span class='ocrx_word' id='word_1_483' title='bbox 3215 558 3504 639; x_wconf 89' lang='lat' dir='ltr'><strong>redeamus</strong></span> 
     </span>
    </p>
   </div>
   <div class='ocr_carea' id='block_1_65' title="bbox 1889 643 2351 716">
    <p class='ocr_par' dir='ltr' id='par_1_65' title="bbox 1889 643 2351 716">
     <span class='ocr_line' id='line_1_65' title="bbox 1889 643 2351 716; baseline 0.022 -21"><span class='ocrx_word' id='word_1_484' title='bbox 1889 643 1957 696; x_wconf 92' lang='lat' dir='ltr'><strong>ad</strong></span> <span class='ocrx_word' id='word_1_485' title='bbox 1988 647 2351 716; x_wconf 83' lang='lat' dir='ltr'><strong>prepositum.</strong></span> 
     </span>
    </p>
   </div>
   <div class='ocr_carea' id='block_1_66' title="bbox 2145 758 3242 833">
    <p class='ocr_par' dir='ltr' id='par_1_66' title="bbox 2145 758 3242 833">
     <span class='ocr_line' id='line_1_66' title="bbox 2145 758 3242 833; baseline 0.02 -22"><span class='ocrx_word' id='word_1_486' title='bbox 2145 758 2407 824; x_wconf 80' lang='lat' dir='ltr'><strong>Quomodo</strong></span> <span class='ocrx_word' id='word_1_487' title='bbox 2431 764 2494 817; x_wconf 80' lang='lat' dir='ltr'><strong>de</strong></span> <span class='ocrx_word' id='word_1_488' title='bbox 2525 767 2746 823; x_wconf 80' lang='lat' dir='ltr'><strong>traduce</strong></span> <span class='ocrx_word' id='word_1_489' title='bbox 2774 775 2999 828; x_wconf 80' lang='lat' dir='ltr'><strong>veniunt</strong></span> <span class='ocrx_word' id='word_1_490' title='bbox 3020 778 3242 833; x_wconf 71' lang='lat' dir='ltr'><strong>ani-mw.</strong></span> 
     </span>
    </p>
   </div>
   <div class='ocr_carea' id='block_1_67' title="bbox 1962 864 3499 958">
    <p class='ocr_par' dir='ltr' id='par_1_67' title="bbox 1962 864 3499 958">
     <span class='ocr_line' id='line_1_67' title="bbox 1962 864 3499 958; baseline 0.02 -39"><span class='ocrx_word' id='word_1_491' title='bbox 1962 864 2159 923; x_wconf 90' lang='lat' dir='ltr'><strong>Dicunt</strong></span> <span class='ocrx_word' id='word_1_492' title='bbox 2189 872 2553 931; x_wconf 90' lang='lat' dir='ltr'><strong>seminatores</strong></span> <span class='ocrx_word' id='word_1_493' title='bbox 2591 879 2923 951; x_wconf 87' lang='lat' dir='ltr'><strong>animarum,</strong></span> <span class='ocrx_word' id='word_1_494' title='bbox 2958 903 3190 958; x_wconf 88' lang='lat' dir='ltr'><strong>quorum</strong></span> <span class='ocrx_word' id='word_1_495' title='bbox 3234 894 3499 950; x_wconf 89' lang='lat' dir='ltr'><strong>rationem</strong></span> 
     </span>
    </p>
   </div>
   <div class='ocr_carea' id='block_1_68' title="bbox 1893 958 3504 1050">
    <p class='ocr_par' dir='ltr' id='par_1_68' title="bbox 1893 958 3504 1050">
     <span class='ocr_line' id='line_1_68' title="bbox 1893 958 3504 1050; baseline 0.02 -43"><span class='ocrx_word' id='word_1_496' title='bbox 1893 960 2014 1022; x_wconf 89' lang='lat' dir='ltr'><strong>post</strong></span> <span class='ocrx_word' id='word_1_497' title='bbox 2069 958 2405 1018; x_wconf 89' lang='lat' dir='ltr'><strong>orthodoxos</strong></span> <span class='ocrx_word' id='word_1_498' title='bbox 2458 965 2853 1039; x_wconf 89' lang='lat' dir='ltr'><strong>insumpsimus</strong></span> <span class='ocrx_word' id='word_1_499' title='bbox 2893 973 3077 1030; x_wconf 89' lang='lat' dir='ltr'><strong>dicere</strong></span> <span class='ocrx_word' id='word_1_500' title='bbox 3133 982 3278 1050; x_wconf 92' lang='lat' dir='ltr'><strong>quod</strong></span> <span class='ocrx_word' id='word_1_501' title='bbox 3323 987 3504 1039; x_wconf 90' lang='lat' dir='ltr'><strong>omnis</strong></span> 
     </span>
    </p>
   </div>
   <div class='ocr_carea' id='block_1_69' title="bbox 1891 1044 3501 1140">
    <p class='ocr_par' dir='ltr' id='par_1_69' title="bbox 1891 1044 3501 1140">
     <span class='ocr_line' id='line_1_69' title="bbox 1891 1044 3501 1140; baseline 0.021 -43"><span class='ocrx_word' id='word_1_502' title='bbox 1891 1044 2073 1100; x_wconf 90' lang='lat' dir='ltr'><strong>anima</strong></span> <span class='ocrx_word' id='word_1_503' title='bbox 2101 1051 2248 1106; x_wconf 92' lang='lat' dir='ltr'><strong>venit</strong></span> <span class='ocrx_word' id='word_1_504' title='bbox 2279 1053 2346 1108; x_wconf 90' lang='lat' dir='ltr'><strong>de</strong></span> <span class='ocrx_word' id='word_1_505' title='bbox 2379 1057 2622 1125; x_wconf 89' lang='lat' dir='ltr'><strong>traduce,</strong></span> <span class='ocrx_word' id='word_1_506' title='bbox 2663 1061 2715 1114; x_wconf 92' lang='lat' dir='ltr'><strong>id</strong></span> <span class='ocrx_word' id='word_1_507' title='bbox 2749 1070 2830 1118; x_wconf 83' lang='lat' dir='ltr'><strong>est</strong></span> <span class='ocrx_word' id='word_1_508' title='bbox 2870 1067 3049 1122; x_wconf 89' lang='lat' dir='ltr'><strong>anima</strong></span> <span class='ocrx_word' id='word_1_509' title='bbox 3081 1087 3179 1140; x_wconf 87' lang='lat' dir='ltr'><strong>per</strong></span> <span class='ocrx_word' id='word_1_510' title='bbox 3207 1088 3396 1128; x_wconf 91' lang='lat' dir='ltr'><strong>semen</strong></span> <span class='ocrx_word' id='word_1_511' title='bbox 3433 1077 3501 1130; x_wconf 88' lang='lat' dir='ltr'><strong>de</strong></span> 
     </span>
    </p>
   </div>
   <div class='ocr_carea' id='block_1_70' title="bbox 1890 1143 3502 1235">
    <p class='ocr_par' dir='ltr' id='par_1_70' title="bbox 1890 1143 3502 1235">
     <span class='ocr_line' id='line_1_70' title="bbox 1890 1143 3502 1235; baseline 0.022 -50"><span class='ocrx_word' id='word_1_512' title='bbox 1890 1149 2093 1202; x_wconf 83' lang='lat' dir='ltr'><strong>anima,</strong></span> <span class='ocrx_word' id='word_1_513' title='bbox 2123 1143 2263 1194; x_wconf 90' lang='lat' dir='ltr'><strong>sicut</strong></span> <span class='ocrx_word' id='word_1_514' title='bbox 2293 1143 2412 1210; x_wconf 86' lang='lat' dir='ltr'><strong>ejus</strong></span> <span class='ocrx_word' id='word_1_515' title='bbox 2467 1161 2666 1217; x_wconf 91' lang='lat' dir='ltr'><strong>corpus</strong></span> <span class='ocrx_word' id='word_1_516' title='bbox 2698 1167 2799 1219; x_wconf 88' lang='lat' dir='ltr'><strong>per</strong></span> <span class='ocrx_word' id='word_1_517' title='bbox 2824 1168 3015 1209; x_wconf 87' lang='lat' dir='ltr'><strong>semen</strong></span> <span class='ocrx_word' id='word_1_518' title='bbox 3049 1169 3382 1235; x_wconf 87' lang='lat' dir='ltr'><strong>prOpagatur</strong></span> <span class='ocrx_word' id='word_1_519' title='bbox 3434 1165 3502 1219; x_wconf 85' lang='lat' dir='ltr'><strong>de</strong></span> 
     </span>
    </p>
   </div>
   <div class='ocr_carea' id='block_1_71' title="bbox 1893 1231 3504 1312">
    <p class='ocr_par' dir='ltr' id='par_1_71' title="bbox 1893 1231 3504 1312">
     <span class='ocr_line' id='line_1_71' title="bbox 1893 1231 3504 1312; baseline 0.022 -36"><span class='ocrx_word' id='word_1_520' title='bbox 1893 1239 2143 1296; x_wconf 90' lang='lat' dir='ltr'><strong>corpore,</strong></span> <span class='ocrx_word' id='word_1_521' title='bbox 2173 1231 2256 1285; x_wconf 86' lang='lat' dir='ltr'><strong>vel</strong></span> <span class='ocrx_word' id='word_1_522' title='bbox 2289 1234 2452 1290; x_wconf 91' lang='lat' dir='ltr'><strong>arbor</strong></span> <span class='ocrx_word' id='word_1_523' title='bbox 2481 1237 2548 1292; x_wconf 90' lang='lat' dir='ltr'><strong>de</strong></span> <span class='ocrx_word' id='word_1_524' title='bbox 2594 1241 2813 1312; x_wconf 90' lang='lat' dir='ltr'><strong>arbore,</strong></span> <span class='ocrx_word' id='word_1_525' title='bbox 2857 1254 2909 1302; x_wconf 86' lang='lat' dir='ltr'><strong>et</strong></span> <span class='ocrx_word' id='word_1_526' title='bbox 2938 1249 3017 1302; x_wconf 90' lang='lat' dir='ltr'><strong>sic</strong></span> <span class='ocrx_word' id='word_1_527' title='bbox 3043 1265 3164 1305; x_wconf 87' lang='lat' dir='ltr'><strong>esse</strong></span> <span class='ocrx_word' id='word_1_528' title='bbox 3197 1231 3302 1307; x_wconf 77' lang='lat' dir='ltr'><strong>vim</strong></span> <span class='ocrx_word' id='word_1_529' title='bbox 3335 1257 3504 1310; x_wconf 87' lang='lat' dir='ltr'><strong>semi-</strong></span> 
     </span>
    </p>
   </div>
   <div class='ocr_carea' id='block_1_72' title="bbox 1895 1315 3504 1412">
    <p class='ocr_par' dir='ltr' id='par_1_72' title="bbox 1895 1315 3504 1412">
     <span class='ocr_line' id='line_1_72' title="bbox 1895 1315 3504 1412; baseline 0.022 -47"><span class='ocrx_word' id='word_1_530' title='bbox 1895 1315 2100 1412; x_wconf 78' lang='lat' dir='ltr'><strong>nariam</strong></span> <span class='ocrx_word' id='word_1_531' title='bbox 2145 1318 2199 1372; x_wconf 92' lang='lat' dir='ltr'><strong>in</strong></span> <span class='ocrx_word' id='word_1_532' title='bbox 2254 1322 2456 1393; x_wconf 88' lang='lat' dir='ltr'><strong>anima,</strong></span> <span class='ocrx_word' id='word_1_533' title='bbox 2503 1332 2968 1398; x_wconf 90' lang='lat' dir='ltr'><strong>quemadmodum</strong></span> <span class='ocrx_word' id='word_1_534' title='bbox 3021 1338 3074 1392; x_wconf 90' lang='lat' dir='ltr'><strong>in</strong></span> <span class='ocrx_word' id='word_1_535' title='bbox 3135 1357 3380 1412; x_wconf 67' lang='lat' dir='ltr'><strong>corpore,</strong></span> <span class='ocrx_word' id='word_1_536' title='bbox 3446 1347 3504 1399; x_wconf 91' lang='lat' dir='ltr'><strong>ln</strong></span> 
     </span>
    </p>
   </div>
   <div class='ocr_carea' id='block_1_73' title="bbox 1895 1403 3503 1494">
    <p class='ocr_par' dir='ltr' id='par_1_73' title="bbox 1895 1403 3503 1494">
     <span class='ocr_line' id='line_1_73' title="bbox 1895 1403 3503 1494; baseline 0.02 -38"><span class='ocrx_word' id='word_1_537' title='bbox 1895 1403 2225 1462; x_wconf 90' lang='lat' dir='ltr'><strong>animalibus</strong></span> <span class='ocrx_word' id='word_1_538' title='bbox 2257 1411 2402 1466; x_wconf 89' lang='lat' dir='ltr'><strong>enim</strong></span> <span class='ocrx_word' id='word_1_539' title='bbox 2445 1415 2552 1469; x_wconf 91' lang='lat' dir='ltr'><strong>nisi</strong></span> <span class='ocrx_word' id='word_1_540' title='bbox 2578 1418 2684 1472; x_wconf 91' lang='lat' dir='ltr'><strong>vim</strong></span> <span class='ocrx_word' id='word_1_541' title='bbox 2710 1425 3070 1494; x_wconf 86' lang='lat' dir='ltr'><strong>vegetabilem</strong></span> <span class='ocrx_word' id='word_1_542' title='bbox 3109 1403 3285 1486; x_wconf 79' lang='lat' dir='ltr'><strong>trahat</strong></span> <span class='ocrx_word' id='word_1_543' title='bbox 3312 1448 3503 1488; x_wconf 89' lang='lat' dir='ltr'><strong>semen</strong></span> 
     </span>
    </p>
   </div>
   <div class='ocr_carea' id='block_1_74' title="bbox 1895 1495 3507 1591">
    <p class='ocr_par' dir='ltr' id='par_1_74' title="bbox 1895 1495 3507 1591">
     <span class='ocr_line' id='line_1_74' title="bbox 1895 1495 3507 1591; baseline 0.02 -46"><span class='ocrx_word' id='word_1_544' title='bbox 1895 1495 2158 1562; x_wconf 90' lang='lat' dir='ltr'><strong>parentis,</strong></span> <span class='ocrx_word' id='word_1_545' title='bbox 2201 1513 2309 1554; x_wconf 93' lang='lat' dir='ltr'><strong>non</strong></span> <span class='ocrx_word' id='word_1_546' title='bbox 2337 1502 2557 1572; x_wconf 88' lang='lat' dir='ltr'><strong>proﬁcit</strong></span> <span class='ocrx_word' id='word_1_547' title='bbox 2586 1506 2651 1561; x_wconf 89' lang='lat' dir='ltr'><strong>ad</strong></span> <span class='ocrx_word' id='word_1_548' title='bbox 2685 1510 3022 1566; x_wconf 90' lang='lat' dir='ltr'><strong>creationem</strong></span> <span class='ocrx_word' id='word_1_549' title='bbox 3062 1519 3346 1588; x_wconf 88' lang='lat' dir='ltr'><strong>sequentis</strong></span> <span class='ocrx_word' id='word_1_550' title='bbox 3377 1538 3507 1591; x_wconf 91' lang='lat' dir='ltr'><strong>pro-</strong></span> 
     </span>
    </p>
   </div>
   <div class='ocr_carea' id='block_1_75' title="bbox 1897 1585 3503 1681">
    <p class='ocr_par' dir='ltr' id='par_1_75' title="bbox 1897 1585 3503 1681">
     <span class='ocr_line' id='line_1_75' title="bbox 1897 1585 3503 1681; baseline 0.018 -43"><span class='ocrx_word' id='word_1_551' title='bbox 1897 1585 1984 1650; x_wconf 92' lang='lat' dir='ltr'><strong>lis,</strong></span> <span class='ocrx_word' id='word_1_552' title='bbox 2026 1602 2149 1642; x_wconf 92' lang='lat' dir='ltr'><strong>nam</strong></span> <span class='ocrx_word' id='word_1_553' title='bbox 2181 1605 2369 1646; x_wconf 90' lang='lat' dir='ltr'><strong>semen</strong></span> <span class='ocrx_word' id='word_1_554' title='bbox 2411 1593 2592 1650; x_wconf 88' lang='lat' dir='ltr'><strong>fusum</strong></span> <span class='ocrx_word' id='word_1_555' title='bbox 2629 1597 2686 1652; x_wconf 90' lang='lat' dir='ltr'><strong>in</strong></span> <span class='ocrx_word' id='word_1_556' title='bbox 2727 1598 2950 1671; x_wconf 84' lang='lat' dir='ltr'><strong>femina,</strong></span> <span class='ocrx_word' id='word_1_557' title='bbox 3010 1585 3288 1676; x_wconf 83' lang='lat' dir='ltr'><strong>quomodo</strong></span> <span class='ocrx_word' id='word_1_558' title='bbox 3317 1585 3503 1681; x_wconf 80' lang='lat' dir='ltr'><strong>pullu-</strong></span> 
     </span>
    </p>
   </div>
   <div class='ocr_carea' id='block_1_76' title="bbox 1816 1676 3506 1765">
    <p class='ocr_par' dir='ltr' id='par_1_76' title="bbox 1816 1676 3506 1765">
     <span class='ocr_line' id='line_1_76' title="bbox 1816 1676 3506 1765; baseline 0.018 -37"><span class='ocrx_word' id='word_1_559' title='bbox 1816 1693 1865 1764; x_wconf 78' lang='grc' dir='ltr'><strong>Β</strong></span> <span class='ocrx_word' id='word_1_560' title='bbox 1897 1676 1988 1740; x_wconf 89' lang='lat' dir='ltr'><strong>lat,</strong></span> <span class='ocrx_word' id='word_1_561' title='bbox 2027 1679 2134 1734; x_wconf 91' lang='lat' dir='ltr'><strong>nisi</strong></span> <span class='ocrx_word' id='word_1_562' title='bbox 2168 1681 2276 1736; x_wconf 91' lang='lat' dir='ltr'><strong>vim</strong></span> <span class='ocrx_word' id='word_1_563' title='bbox 2309 1684 2506 1740; x_wconf 66' lang='lat' dir='ltr'><strong>anima!</strong></span> <span class='ocrx_word' id='word_1_564' title='bbox 2556 1691 2915 1764; x_wconf 86' lang='lat' dir='ltr'><strong>vegetabilem</strong></span> <span class='ocrx_word' id='word_1_565' title='bbox 2957 1697 3176 1752; x_wconf 83' lang='lat' dir='ltr'><strong>trahat?</strong></span> <span class='ocrx_word' id='word_1_566' title='bbox 3224 1676 3506 1765; x_wconf 82' lang='lat' dir='ltr'><strong>Quomodo</strong></span> 
     </span>
    </p>
   </div>
   <div class='ocr_carea' id='block_1_77' title="bbox 1896 1770 3504 1858">
    <p class='ocr_par' dir='ltr' id='par_1_77' title="bbox 1896 1770 3504 1858">
     <span class='ocr_line' id='line_1_77' title="bbox 1896 1770 3504 1858; baseline 0.017 -39"><span class='ocrx_word' id='word_1_567' title='bbox 1896 1770 2205 1824; x_wconf 90' lang='lat' dir='ltr'><strong>concrescit</strong></span> <span class='ocrx_word' id='word_1_568' title='bbox 2257 1772 2312 1826; x_wconf 93' lang='lat' dir='ltr'><strong>in</strong></span> <span class='ocrx_word' id='word_1_569' title='bbox 2371 1774 2579 1831; x_wconf 83' lang='lat' dir='ltr'><strong>viscera</strong></span> <span class='ocrx_word' id='word_1_570' title='bbox 2621 1785 2954 1855; x_wconf 67' lang='lat' dir='ltr'><strong>praegnantis</strong></span> <span class='ocrx_word' id='word_1_571' title='bbox 2997 1788 3352 1858; x_wconf 90' lang='lat' dir='ltr'><strong>seminatum,</strong></span> <span class='ocrx_word' id='word_1_572' title='bbox 3401 1793 3504 1847; x_wconf 90' lang='lat' dir='ltr'><strong>nisi</strong></span> 
     </span>
    </p>
   </div>
   <div class='ocr_carea' id='block_1_78' title="bbox 1893 1866 3508 1942">
    <p class='ocr_par' dir='ltr' id='par_1_78' title="bbox 1893 1866 3508 1942">
     <span class='ocr_line' id='line_1_78' title="bbox 1893 1866 3508 1942; baseline 0.018 -28"><span class='ocrx_word' id='word_1_573' title='bbox 1893 1868 2172 1935; x_wconf 89' lang='lat' dir='ltr'><strong>utcunque</strong></span> <span class='ocrx_word' id='word_1_574' title='bbox 2231 1866 2395 1923; x_wconf 89' lang='lat' dir='ltr'><strong>fuerit</strong></span> <span class='ocrx_word' id='word_1_575' title='bbox 2440 1872 2783 1930; x_wconf 80' lang='lat' dir='ltr'><strong>animatum?</strong></span> <span class='ocrx_word' id='word_1_576' title='bbox 2845 1879 3205 1938; x_wconf 88' lang='lat' dir='ltr'><strong>lnfundantur</strong></span> <span class='ocrx_word' id='word_1_577' title='bbox 3247 1887 3406 1942; x_wconf 92' lang='lat' dir='ltr'><strong>urina</strong></span> <span class='ocrx_word' id='word_1_578' title='bbox 3437 1889 3508 1942; x_wconf 91' lang='lat' dir='ltr'><strong>de</strong></span> 
     </span>
    </p>
   </div>
   <div class='ocr_carea' id='block_1_79' title="bbox 1892 1958 3506 2049">
    <p class='ocr_par' dir='ltr' id='par_1_79' title="bbox 1892 1958 3506 2049">
     <span class='ocr_line' id='line_1_79' title="bbox 1892 1958 3506 2049; baseline 0.017 -43"><span class='ocrx_word' id='word_1_579' title='bbox 1892 1961 2139 2049; x_wconf 74' lang='lat' dir='ltr'><strong>parente,</strong></span> <span class='ocrx_word' id='word_1_580' title='bbox 2165 1958 2252 2012; x_wconf 89' lang='lat' dir='ltr'><strong>vel</strong></span> <span class='ocrx_word' id='word_1_581' title='bbox 2293 1967 2535 2030; x_wconf 91' lang='lat' dir='ltr'><strong>sputum,</strong></span> <span class='ocrx_word' id='word_1_582' title='bbox 2567 1965 2650 2019; x_wconf 91' lang='lat' dir='ltr'><strong>vel</strong></span> <span class='ocrx_word' id='word_1_583' title='bbox 2682 1967 2830 2023; x_wconf 86' lang='lat' dir='ltr'><strong>aliud</strong></span> <span class='ocrx_word' id='word_1_584' title='bbox 2865 1971 3190 2043; x_wconf 83' lang='lat' dir='ltr'><strong>quidquam,</strong></span> <span class='ocrx_word' id='word_1_585' title='bbox 3233 1992 3342 2031; x_wconf 90' lang='lat' dir='ltr'><strong>non</strong></span> <span class='ocrx_word' id='word_1_586' title='bbox 3377 1995 3506 2049; x_wconf 84' lang='lat' dir='ltr'><strong>pro-</strong></span> 
     </span>
    </p>
   </div>
   <div class='ocr_carea' id='block_1_80' title="bbox 1895 2039 3502 2137">
    <p class='ocr_par' dir='ltr' id='par_1_80' title="bbox 1895 2039 3502 2137">
     <span class='ocr_line' id='line_1_80' title="bbox 1895 2039 3502 2137; baseline 0.017 -43"><span class='ocrx_word' id='word_1_587' title='bbox 1895 2039 2010 2096; x_wconf 88' lang='lat' dir='ltr'><strong>ﬁcit</strong></span> <span class='ocrx_word' id='word_1_588' title='bbox 2049 2043 2102 2097; x_wconf 94' lang='lat' dir='ltr'><strong>in</strong></span> <span class='ocrx_word' id='word_1_589' title='bbox 2136 2054 2369 2114; x_wconf 89' lang='lat' dir='ltr'><strong>partum,</strong></span> <span class='ocrx_word' id='word_1_590' title='bbox 2399 2052 2482 2104; x_wconf 92' lang='lat' dir='ltr'><strong>vel</strong></span> <span class='ocrx_word' id='word_1_591' title='bbox 2526 2053 2578 2106; x_wconf 93' lang='lat' dir='ltr'><strong>in</strong></span> <span class='ocrx_word' id='word_1_592' title='bbox 2633 2055 2840 2124; x_wconf 89' lang='lat' dir='ltr'><strong>prolem</strong></span> <span class='ocrx_word' id='word_1_593' title='bbox 2875 2059 3061 2123; x_wconf 89' lang='lat' dir='ltr'><strong>ullam,</strong></span> <span class='ocrx_word' id='word_1_594' title='bbox 3125 2080 3225 2117; x_wconf 84' lang='lat' dir='ltr'><strong>nec</strong></span> <span class='ocrx_word' id='word_1_595' title='bbox 3259 2039 3502 2137; x_wconf 76' lang='lat' dir='ltr'><strong>unquam</strong></span> 
     </span>
    </p>
   </div>
   <div class='ocr_carea' id='block_1_81' title="bbox 1895 2140 3507 2223">
    <p class='ocr_par' dir='ltr' id='par_1_81' title="bbox 1895 2140 3507 2223">
     <span class='ocr_line' id='line_1_81' title="bbox 1895 2140 3507 2223; baseline 0.017 -36"><span class='ocrx_word' id='word_1_596' title='bbox 1895 2143 2079 2189; x_wconf 89' lang='lat' dir='ltr'><strong>natum</strong></span> <span class='ocrx_word' id='word_1_597' title='bbox 2117 2145 2199 2192; x_wconf 91' lang='lat' dir='ltr'><strong>est</strong></span> <span class='ocrx_word' id='word_1_598' title='bbox 2237 2140 2441 2195; x_wconf 89' lang='lat' dir='ltr'><strong>animal</strong></span> <span class='ocrx_word' id='word_1_599' title='bbox 2485 2144 2575 2198; x_wconf 91' lang='lat' dir='ltr'><strong>tali</strong></span> <span class='ocrx_word' id='word_1_600' title='bbox 2626 2146 2923 2216; x_wconf 88' lang='lat' dir='ltr'><strong>infusione,</strong></span> <span class='ocrx_word' id='word_1_601' title='bbox 2959 2153 3084 2223; x_wconf 89' lang='lat' dir='ltr'><strong>quia</strong></span> <span class='ocrx_word' id='word_1_602' title='bbox 3127 2155 3252 2209; x_wconf 89' lang='lat' dir='ltr'><strong>talis</strong></span> <span class='ocrx_word' id='word_1_603' title='bbox 3304 2157 3507 2214; x_wconf 84' lang='lat' dir='ltr'><strong>infusio</strong></span> 
     </span>
    </p>
   </div>
   <div class='ocr_carea' id='block_1_82' title="bbox 1893 2233 3508 2308">
    <p class='ocr_par' dir='ltr' id='par_1_82' title="bbox 1893 2233 3508 2308">
     <span class='ocr_line' id='line_1_82' title="bbox 1893 2233 3508 2308; baseline 0.015 -26"><span class='ocrx_word' id='word_1_604' title='bbox 1893 2238 2041 2284; x_wconf 90' lang='lat' dir='ltr'><strong>caret</strong></span> <span class='ocrx_word' id='word_1_605' title='bbox 2071 2233 2429 2291; x_wconf 87' lang='lat' dir='ltr'><strong>animatione.</strong></span> <span class='ocrx_word' id='word_1_606' title='bbox 2487 2238 2694 2294; x_wconf 79' lang='lat' dir='ltr'><strong>Nullam</strong></span> <span class='ocrx_word' id='word_1_607' title='bbox 2754 2243 2861 2298; x_wconf 88' lang='lat' dir='ltr'><strong>vim</strong></span> <span class='ocrx_word' id='word_1_608' title='bbox 2895 2246 3093 2301; x_wconf 67' lang='lat' dir='ltr'><strong>anima:</strong></span> <span class='ocrx_word' id='word_1_609' title='bbox 3149 2249 3272 2304; x_wconf 90' lang='lat' dir='ltr'><strong>talis</strong></span> <span class='ocrx_word' id='word_1_610' title='bbox 3305 2251 3508 2308; x_wconf 87' lang='lat' dir='ltr'><strong>infusio</strong></span> 
     </span>
    </p>
   </div>
   <div class='ocr_carea' id='block_1_83' title="bbox 1896 2323 3508 2416">
    <p class='ocr_par' dir='ltr' id='par_1_83' title="bbox 1896 2323 3508 2416">
     <span class='ocr_line' id='line_1_83' title="bbox 1896 2323 3508 2416; baseline 0.017 -42"><span class='ocrx_word' id='word_1_611' title='bbox 1896 2323 2081 2390; x_wconf 90' lang='lat' dir='ltr'><strong>trahit,</strong></span> <span class='ocrx_word' id='word_1_612' title='bbox 2117 2325 2242 2382; x_wconf 91' lang='lat' dir='ltr'><strong>ideo</strong></span> <span class='ocrx_word' id='word_1_613' title='bbox 2282 2344 2392 2384; x_wconf 90' lang='lat' dir='ltr'><strong>non</strong></span> <span class='ocrx_word' id='word_1_614' title='bbox 2425 2334 2687 2404; x_wconf 90' lang='lat' dir='ltr'><strong>prospicit</strong></span> <span class='ocrx_word' id='word_1_615' title='bbox 2714 2337 2766 2391; x_wconf 91' lang='lat' dir='ltr'><strong>in</strong></span> <span class='ocrx_word' id='word_1_616' title='bbox 2813 2348 3048 2409; x_wconf 85' lang='lat' dir='ltr'><strong>partum,</strong></span> <span class='ocrx_word' id='word_1_617' title='bbox 3079 2359 3180 2397; x_wconf 90' lang='lat' dir='ltr'><strong>nec</strong></span> <span class='ocrx_word' id='word_1_618' title='bbox 3221 2345 3351 2400; x_wconf 88' lang='lat' dir='ltr'><strong>inde</strong></span> <span class='ocrx_word' id='word_1_619' title='bbox 3381 2349 3508 2416; x_wconf 90' lang='lat' dir='ltr'><strong>pul-</strong></span> 
     </span>
    </p>
   </div>
   <div class='ocr_carea' id='block_1_84' title="bbox 1897 2415 3511 2503">
    <p class='ocr_par' dir='ltr' id='par_1_84' title="bbox 1897 2415 3511 2503">
     <span class='ocr_line' id='line_1_84' title="bbox 1897 2415 3511 2503; baseline 0.015 -34"><span class='ocrx_word' id='word_1_620' title='bbox 1897 2415 2030 2472; x_wconf 90' lang='lat' dir='ltr'><strong>lulat</strong></span> <span class='ocrx_word' id='word_1_621' title='bbox 2059 2418 2288 2491; x_wconf 88' lang='lat' dir='ltr'><strong>aliquid.</strong></span> <span class='ocrx_word' id='word_1_622' title='bbox 2332 2423 2655 2483; x_wconf 87' lang='lat' dir='ltr'><strong>lnfundatur</strong></span> <span class='ocrx_word' id='word_1_623' title='bbox 2684 2429 2905 2487; x_wconf 68' lang='lat' dir='ltr'><strong>femina:</strong></span> <span class='ocrx_word' id='word_1_624' title='bbox 2928 2450 3140 2503; x_wconf 88' lang='lat' dir='ltr'><strong>semen,</strong></span> <span class='ocrx_word' id='word_1_625' title='bbox 3189 2415 3511 2496; x_wconf 80' lang='lat' dir='ltr'><strong>infundatur</strong></span> 
     </span>
    </p>
   </div>
   <div class='ocr_carea' id='block_1_85' title="bbox 1896 2505 3504 2594">
    <p class='ocr_par' dir='ltr' id='par_1_85' title="bbox 1896 2505 3504 2594">
     <span class='ocr_line' id='line_1_85' title="bbox 1896 2505 3504 2594; baseline 0.018 -38"><span class='ocrx_word' id='word_1_626' title='bbox 1896 2511 1950 2558; x_wconf 90' lang='lat' dir='ltr'><strong>et</strong></span> <span class='ocrx_word' id='word_1_627' title='bbox 1980 2505 2144 2561; x_wconf 89' lang='lat' dir='ltr'><strong>aliud.</strong></span> <span class='ocrx_word' id='word_1_628' title='bbox 2180 2509 2318 2574; x_wconf 85' lang='lat' dir='ltr'><strong>Quid</strong></span> <span class='ocrx_word' id='word_1_629' title='bbox 2359 2520 2441 2568; x_wconf 89' lang='lat' dir='ltr'><strong>est</strong></span> <span class='ocrx_word' id='word_1_630' title='bbox 2468 2518 2613 2586; x_wconf 86' lang='lat' dir='ltr'><strong>quod</strong></span> <span class='ocrx_word' id='word_1_631' title='bbox 2648 2519 2753 2575; x_wconf 91' lang='lat' dir='ltr'><strong>hoc</strong></span> <span class='ocrx_word' id='word_1_632' title='bbox 2778 2537 3003 2593; x_wconf 89' lang='lat' dir='ltr'><strong>semper</strong></span> <span class='ocrx_word' id='word_1_633' title='bbox 3024 2533 3107 2580; x_wconf 91' lang='lat' dir='ltr'><strong>est</strong></span> <span class='ocrx_word' id='word_1_634' title='bbox 3132 2526 3346 2594; x_wconf 89' lang='lat' dir='ltr'><strong>inutile,</strong></span> <span class='ocrx_word' id='word_1_635' title='bbox 3375 2530 3504 2584; x_wconf 91' lang='lat' dir='ltr'><strong>illud</strong></span> 
     </span>
    </p>
   </div>
   <div class='ocr_carea' id='block_1_86' title="bbox 1898 2599 3510 2685">
    <p class='ocr_par' dir='ltr' id='par_1_86' title="bbox 1898 2599 3510 2685">
     <span class='ocr_line' id='line_1_86' title="bbox 1898 2599 3510 2685; baseline 0.017 -36"><span class='ocrx_word' id='word_1_636' title='bbox 1898 2611 2028 2652; x_wconf 90' lang='lat' dir='ltr'><strong>vero</strong></span> <span class='ocrx_word' id='word_1_637' title='bbox 2074 2599 2292 2670; x_wconf 85' lang='lat' dir='ltr'><strong>proﬁcit</strong></span> <span class='ocrx_word' id='word_1_638' title='bbox 2321 2604 2374 2658; x_wconf 93' lang='lat' dir='ltr'><strong>in</strong></span> <span class='ocrx_word' id='word_1_639' title='bbox 2406 2607 2613 2676; x_wconf 91' lang='lat' dir='ltr'><strong>prolem</strong></span> <span class='ocrx_word' id='word_1_640' title='bbox 2645 2626 2827 2682; x_wconf 64' lang='lat' dir='ltr'><strong>saepe:</strong></span> <span class='ocrx_word' id='word_1_641' title='bbox 2892 2614 2996 2670; x_wconf 90' lang='lat' dir='ltr'><strong>hoc</strong></span> <span class='ocrx_word' id='word_1_642' title='bbox 3047 2617 3185 2672; x_wconf 90' lang='lat' dir='ltr'><strong>nihil</strong></span> <span class='ocrx_word' id='word_1_643' title='bbox 3219 2619 3378 2685; x_wconf 91' lang='lat' dir='ltr'><strong>valet,</strong></span> <span class='ocrx_word' id='word_1_644' title='bbox 3413 2638 3510 2676; x_wconf 88' lang='lat' dir='ltr'><strong>un-</strong></span> 
     </span>
    </p>
   </div>
   <div class='ocr_carea' id='block_1_87' title="bbox 1901 2689 3504 2782">
    <p class='ocr_par' dir='ltr' id='par_1_87' title="bbox 1901 2689 3504 2782">
     <span class='ocr_line' id='line_1_87' title="bbox 1901 2689 3504 2782; baseline 0.017 -44"><span class='ocrx_word' id='word_1_645' title='bbox 1901 2701 2087 2782; x_wconf 84' lang='lat' dir='ltr'><strong>quam,</strong></span> <span class='ocrx_word' id='word_1_646' title='bbox 2136 2689 2269 2782; x_wconf 88' lang='lat' dir='ltr'><strong>illud</strong></span> <span class='ocrx_word' id='word_1_647' title='bbox 2323 2696 2530 2763; x_wconf 90' lang='lat' dir='ltr'><strong>prolem</strong></span> <span class='ocrx_word' id='word_1_648' title='bbox 2574 2702 2840 2769; x_wconf 88' lang='lat' dir='ltr'><strong>promittit</strong></span> <span class='ocrx_word' id='word_1_649' title='bbox 2891 2705 3149 2772; x_wconf 86' lang='lat' dir='ltr'><strong>futuram,</strong></span> <span class='ocrx_word' id='word_1_650' title='bbox 3194 2709 3297 2763; x_wconf 91' lang='lat' dir='ltr'><strong>nisi</strong></span> <span class='ocrx_word' id='word_1_651' title='bbox 3355 2713 3504 2782; x_wconf 90' lang='lat' dir='ltr'><strong>quod</strong></span> 
     </span>
    </p>
   </div>
   <div class='ocr_carea' id='block_1_88' title="bbox 1901 2777 3510 2875">
    <p class='ocr_par' dir='ltr' id='par_1_88' title="bbox 1901 2777 3510 2875">
     <span class='ocr_line' id='line_1_88' title="bbox 1901 2777 3510 2875; baseline 0.017 -45"><span class='ocrx_word' id='word_1_652' title='bbox 1901 2777 2006 2832; x_wconf 92' lang='lat' dir='ltr'><strong>hoc</strong></span> <span class='ocrx_word' id='word_1_653' title='bbox 2035 2780 2171 2835; x_wconf 91' lang='lat' dir='ltr'><strong>nihil</strong></span> <span class='ocrx_word' id='word_1_654' title='bbox 2201 2784 2553 2843; x_wconf 80' lang='lat' dir='ltr'><strong>animationis</strong></span> <span class='ocrx_word' id='word_1_655' title='bbox 2585 2790 2769 2862; x_wconf 89' lang='lat' dir='ltr'><strong>habet,</strong></span> <span class='ocrx_word' id='word_1_656' title='bbox 2810 2795 2942 2850; x_wconf 91' lang='lat' dir='ltr'><strong>illud</strong></span> <span class='ocrx_word' id='word_1_657' title='bbox 2974 2813 3105 2854; x_wconf 92' lang='lat' dir='ltr'><strong>vero</strong></span> <span class='ocrx_word' id='word_1_658' title='bbox 3153 2799 3259 2854; x_wconf 91' lang='lat' dir='ltr'><strong>vim</strong></span> <span class='ocrx_word' id='word_1_659' title='bbox 3289 2777 3510 2875; x_wconf 83' lang='lat' dir='ltr'><strong>vegeta-</strong></span> 
     </span>
    </p>
   </div>
   <div class='ocr_carea' id='block_1_89' title="bbox 1821 2871 3506 2963">
    <p class='ocr_par' dir='ltr' id='par_1_89' title="bbox 1821 2871 3506 2963">
     <span class='ocr_line' id='line_1_89' title="bbox 1821 2871 3506 2963; baseline 0.015 -39"><span class='ocrx_word' id='word_1_660' title='bbox 1821 2928 1828 2933; x_wconf 52' lang='lat'><strong>,</strong></span> <span class='ocrx_word' id='word_1_661' title='bbox 1895 2871 2060 2927; x_wconf 87' lang='lat' dir='ltr'><strong>bilem</strong></span> <span class='ocrx_word' id='word_1_662' title='bbox 2092 2876 2316 2932; x_wconf 86' lang='lat' dir='ltr'><strong>retinet:</strong></span> <span class='ocrx_word' id='word_1_663' title='bbox 2359 2879 2544 2936; x_wconf 89' lang='lat' dir='ltr'><strong>Trahit</strong></span> <span class='ocrx_word' id='word_1_664' title='bbox 2597 2899 2728 2957; x_wconf 85' lang='lat' dir='ltr'><strong>ergo</strong></span> <span class='ocrx_word' id='word_1_665' title='bbox 2760 2902 2948 2942; x_wconf 91' lang='lat' dir='ltr'><strong>secum</strong></span> <span class='ocrx_word' id='word_1_666' title='bbox 2989 2906 3179 2945; x_wconf 82' lang='lat' dir='ltr'><strong>semen</strong></span> <span class='ocrx_word' id='word_1_667' title='bbox 3239 2871 3506 2963; x_wconf 64' lang='lat' dir='ltr'><strong>corporis,</strong></span> 
     </span>
    </p>
   </div>
   <div class='ocr_carea' id='block_1_90' title="bbox 1895 2969 3506 3053">
    <p class='ocr_par' dir='ltr' id='par_1_90' title="bbox 1895 2969 3506 3053">
     <span class='ocr_line' id='line_1_90' title="bbox 1895 2969 3506 3053; baseline 0.011 -35"><span class='ocrx_word' id='word_1_668' title='bbox 1895 2980 2085 3020; x_wconf 90' lang='lat' dir='ltr'><strong>semen</strong></span> <span class='ocrx_word' id='word_1_669' title='bbox 2126 2969 2346 3037; x_wconf 64' lang='lat' dir='ltr'><strong>animas,</strong></span> <span class='ocrx_word' id='word_1_670' title='bbox 2399 2973 2610 3030; x_wconf 84' lang='lat' dir='ltr'><strong>scilicet</strong></span> <span class='ocrx_word' id='word_1_671' title='bbox 2641 2976 2748 3030; x_wconf 89' lang='lat' dir='ltr'><strong>vim</strong></span> <span class='ocrx_word' id='word_1_672' title='bbox 2800 2979 3186 3051; x_wconf 89' lang='lat' dir='ltr'><strong>vegetationis,</strong></span> <span class='ocrx_word' id='word_1_673' title='bbox 3219 2998 3342 3053; x_wconf 71' lang='lat' dir='ltr'><strong>qua:</strong></span> <span class='ocrx_word' id='word_1_674' title='bbox 3375 3000 3506 3039; x_wconf 87' lang='lat' dir='ltr'><strong>cor-</strong></span> 
     </span>
    </p>
   </div>
   <div class='ocr_carea' id='block_1_91' title="bbox 1823 3056 3511 3142">
    <p class='ocr_par' dir='ltr' id='par_1_91' title="bbox 1823 3056 3511 3142">
     <span class='ocr_line' id='line_1_91' title="bbox 1823 3056 3511 3142; baseline 0.011 -34"><span class='ocrx_word' id='word_1_675' title='bbox 1823 3056 1871 3125; x_wconf 80' lang='lat' dir='ltr'>C</span> <span class='ocrx_word' id='word_1_676' title='bbox 1895 3069 2125 3124; x_wconf 87' lang='lat' dir='ltr'><strong>poreum</strong></span> <span class='ocrx_word' id='word_1_677' title='bbox 2165 3073 2354 3114; x_wconf 90' lang='lat' dir='ltr'><strong>semen</strong></span> <span class='ocrx_word' id='word_1_678' title='bbox 2396 3069 2617 3134; x_wconf 85' lang='lat' dir='ltr'><strong>vegetet</strong></span> <span class='ocrx_word' id='word_1_679' title='bbox 2660 3064 2712 3118; x_wconf 95' lang='lat' dir='ltr'><strong>in</strong></span> <span class='ocrx_word' id='word_1_680' title='bbox 2747 3065 3038 3121; x_wconf 89' lang='lat' dir='ltr'><strong>humanam</strong></span> <span class='ocrx_word' id='word_1_681' title='bbox 3099 3069 3349 3138; x_wconf 88' lang='lat' dir='ltr'><strong>formam,</strong></span> <span class='ocrx_word' id='word_1_682' title='bbox 3391 3071 3511 3142; x_wconf 89' lang='lat' dir='ltr'><strong>ipsa</strong></span> 
     </span>
    </p>
   </div>
   <div class='ocr_carea' id='block_1_92' title="bbox 1897 3151 3514 3225">
    <p class='ocr_par' dir='ltr' id='par_1_92' title="bbox 1897 3151 3514 3225">
     <span class='ocr_line' id='line_1_92' title="bbox 1897 3151 3514 3225; baseline 0.01 -27"><span class='ocrx_word' id='word_1_683' title='bbox 1897 3159 2020 3198; x_wconf 92' lang='lat' dir='ltr'><strong>cum</strong></span> <span class='ocrx_word' id='word_1_684' title='bbox 2051 3161 2116 3201; x_wconf 91' lang='lat' dir='ltr'><strong>eo</strong></span> <span class='ocrx_word' id='word_1_685' title='bbox 2147 3163 2504 3204; x_wconf 85' lang='lat' dir='ltr'><strong>succrescens</strong></span> <span class='ocrx_word' id='word_1_686' title='bbox 2545 3151 2596 3206; x_wconf 91' lang='lat' dir='ltr'><strong>in</strong></span> <span class='ocrx_word' id='word_1_687' title='bbox 2632 3154 2950 3210; x_wconf 90' lang='lat' dir='ltr'><strong>rationalem</strong></span> <span class='ocrx_word' id='word_1_688' title='bbox 2984 3157 3246 3225; x_wconf 87' lang='lat' dir='ltr'><strong>animam,</strong></span> <span class='ocrx_word' id='word_1_689' title='bbox 3277 3167 3335 3213; x_wconf 90' lang='lat' dir='ltr'><strong>ut</strong></span> <span class='ocrx_word' id='word_1_690' title='bbox 3373 3161 3514 3214; x_wconf 92' lang='lat' dir='ltr'><strong>sicut</strong></span> 
     </span>
    </p>
   </div>
   <div class='ocr_carea' id='block_1_93' title="bbox 1899 3239 3511 3321">
    <p class='ocr_par' dir='ltr' id='par_1_93' title="bbox 1899 3239 3511 3321">
     <span class='ocr_line' id='line_1_93' title="bbox 1899 3239 3511 3321; baseline 0.011 -30"><span class='ocrx_word' id='word_1_691' title='bbox 1899 3239 2182 3308; x_wconf 87' lang='lat' dir='ltr'><strong>particula,</strong></span> <span class='ocrx_word' id='word_1_692' title='bbox 2213 3258 2334 3312; x_wconf 69' lang='lat' dir='ltr'><strong>qua:</strong></span> <span class='ocrx_word' id='word_1_693' title='bbox 2367 3259 2476 3298; x_wconf 92' lang='lat' dir='ltr'><strong>non</strong></span> <span class='ocrx_word' id='word_1_694' title='bbox 2517 3253 2603 3300; x_wconf 90' lang='lat' dir='ltr'><strong>est</strong></span> <span class='ocrx_word' id='word_1_695' title='bbox 2633 3247 2932 3303; x_wconf 88' lang='lat' dir='ltr'><strong>humanum</strong></span> <span class='ocrx_word' id='word_1_696' title='bbox 2965 3267 3186 3321; x_wconf 91' lang='lat' dir='ltr'><strong>corpus,</strong></span> <span class='ocrx_word' id='word_1_697' title='bbox 3217 3253 3286 3306; x_wconf 89' lang='lat' dir='ltr'><strong>ab</strong></span> <span class='ocrx_word' id='word_1_698' title='bbox 3317 3254 3511 3308; x_wconf 88' lang='lat' dir='ltr'><strong>huma-</strong></span> 
     </span>
    </p>
   </div>
   <div class='ocr_carea' id='block_1_94' title="bbox 1898 3334 3510 3415">
    <p class='ocr_par' dir='ltr' id='par_1_94' title="bbox 1898 3334 3510 3415">
     <span class='ocr_line' id='line_1_94' title="bbox 1898 3334 3510 3415; baseline 0.011 -34"><span class='ocrx_word' id='word_1_699' title='bbox 1898 3344 1969 3384; x_wconf 93' lang='lat' dir='ltr'><strong>no</strong></span> <span class='ocrx_word' id='word_1_700' title='bbox 2010 3346 2238 3402; x_wconf 91' lang='lat' dir='ltr'><strong>corpore</strong></span> <span class='ocrx_word' id='word_1_701' title='bbox 2288 3334 2407 3388; x_wconf 89' lang='lat' dir='ltr'><strong>fluit</strong></span> <span class='ocrx_word' id='word_1_702' title='bbox 2453 3337 2506 3390; x_wconf 89' lang='lat' dir='ltr'><strong>in</strong></span> <span class='ocrx_word' id='word_1_703' title='bbox 2561 3347 2891 3406; x_wconf 90' lang='lat' dir='ltr'><strong>sementem,</strong></span> <span class='ocrx_word' id='word_1_704' title='bbox 2933 3342 3010 3396; x_wconf 90' lang='lat' dir='ltr'><strong>sic</strong></span> <span class='ocrx_word' id='word_1_705' title='bbox 3050 3344 3339 3413; x_wconf 89' lang='lat' dir='ltr'><strong>particula,</strong></span> <span class='ocrx_word' id='word_1_706' title='bbox 3386 3361 3510 3415; x_wconf 79' lang='lat' dir='ltr'><strong>quae</strong></span> 
     </span>
    </p>
   </div>
   <div class='ocr_carea' id='block_1_95' title="bbox 1899 3423 3512 3488">
    <p class='ocr_par' dir='ltr' id='par_1_95' title="bbox 1899 3423 3512 3488">
     <span class='ocr_line' id='line_1_95' title="bbox 1899 3423 3512 3488; baseline 0.011 -18"><span class='ocrx_word' id='word_1_707' title='bbox 1899 3434 2009 3474; x_wconf 92' lang='lat' dir='ltr'><strong>non</strong></span> <span class='ocrx_word' id='word_1_708' title='bbox 2049 3430 2132 3475; x_wconf 90' lang='lat' dir='ltr'><strong>est</strong></span> <span class='ocrx_word' id='word_1_709' title='bbox 2159 3423 2397 3476; x_wconf 91' lang='lat' dir='ltr'><strong>humana</strong></span> <span class='ocrx_word' id='word_1_710' title='bbox 2417 3425 2620 3486; x_wconf 92' lang='lat' dir='ltr'><strong>anima,</strong></span> <span class='ocrx_word' id='word_1_711' title='bbox 2659 3427 2726 3480; x_wconf 90' lang='lat' dir='ltr'><strong>ab</strong></span> <span class='ocrx_word' id='word_1_712' title='bbox 2770 3429 3007 3484; x_wconf 90' lang='lat' dir='ltr'><strong>humana</strong></span> <span class='ocrx_word' id='word_1_713' title='bbox 3045 3433 3229 3486; x_wconf 90' lang='lat' dir='ltr'><strong>anima</strong></span> <span class='ocrx_word' id='word_1_714' title='bbox 3255 3433 3512 3488; x_wconf 89' lang='lat' dir='ltr'><strong>decurrat</strong></span> 
     </span>
    </p>
   </div>
   <div class='ocr_carea' id='block_1_96' title="bbox 1893 3516 3511 3593">
    <p class='ocr_par' dir='ltr' id='par_1_96' title="bbox 1893 3516 3511 3593">
     <span class='ocr_line' id='line_1_96' title="bbox 1893 3516 3511 3593; baseline 0.01 -27"><span class='ocrx_word' id='word_1_715' title='bbox 1893 3519 1952 3567; x_wconf 89' lang='lat' dir='ltr'><strong>ut</strong></span> <span class='ocrx_word' id='word_1_716' title='bbox 1983 3529 2171 3569; x_wconf 90' lang='lat' dir='ltr'><strong>semen</strong></span> <span class='ocrx_word' id='word_1_717' title='bbox 2228 3516 2288 3570; x_wconf 86' lang='lat' dir='ltr'><strong>Et</strong></span> <span class='ocrx_word' id='word_1_718' title='bbox 2319 3516 2462 3571; x_wconf 90' lang='lat' dir='ltr'><strong>sicut</strong></span> <span class='ocrx_word' id='word_1_719' title='bbox 2511 3520 2752 3586; x_wconf 89' lang='lat' dir='ltr'><strong>pruritus</strong></span> <span class='ocrx_word' id='word_1_720' title='bbox 2781 3525 3027 3593; x_wconf 87' lang='lat' dir='ltr'><strong>corporis</strong></span> <span class='ocrx_word' id='word_1_721' title='bbox 3066 3541 3177 3580; x_wconf 91' lang='lat' dir='ltr'><strong>non</strong></span> <span class='ocrx_word' id='word_1_722' title='bbox 3209 3526 3349 3581; x_wconf 91' lang='lat' dir='ltr'><strong>solet</strong></span> <span class='ocrx_word' id='word_1_723' title='bbox 3389 3528 3511 3582; x_wconf 91' lang='lat' dir='ltr'><strong>sine</strong></span> 
     </span>
    </p>
   </div>
   <div class='ocr_carea' id='block_1_97' title="bbox 1894 3604 3511 3686">
    <p class='ocr_par' dir='ltr' id='par_1_97' title="bbox 1894 3604 3511 3686">
     <span class='ocr_line' id='line_1_97' title="bbox 1894 3604 3511 3686; baseline 0.009 -29"><span class='ocrx_word' id='word_1_724' title='bbox 1894 3604 2259 3660; x_wconf 90' lang='lat' dir='ltr'><strong>delectatione</strong></span> <span class='ocrx_word' id='word_1_725' title='bbox 2290 3607 2485 3661; x_wconf 68' lang='lat' dir='ltr'><strong>animae</strong></span> <span class='ocrx_word' id='word_1_726' title='bbox 2509 3607 2645 3672; x_wconf 64' lang='lat' dir='ltr'><strong>fieri,</strong></span> <span class='ocrx_word' id='word_1_727' title='bbox 2679 3610 2758 3665; x_wconf 90' lang='lat' dir='ltr'><strong>sic</strong></span> <span class='ocrx_word' id='word_1_728' title='bbox 2797 3613 3040 3681; x_wconf 89' lang='lat' dir='ltr'><strong>pruritus</strong></span> <span class='ocrx_word' id='word_1_729' title='bbox 3079 3629 3109 3667; x_wconf 92' lang='lat' dir='ltr'><strong>a</strong></span> <span class='ocrx_word' id='word_1_730' title='bbox 3141 3631 3371 3686; x_wconf 91' lang='lat' dir='ltr'><strong>corpore</strong></span> <span class='ocrx_word' id='word_1_731' title='bbox 3400 3633 3511 3671; x_wconf 91' lang='lat' dir='ltr'><strong>non</strong></span> 
     </span>
    </p>
   </div>
   <div class='ocr_carea' id='block_1_98' title="bbox 1899 3693 3512 3767">
    <p class='ocr_par' dir='ltr' id='par_1_98' title="bbox 1899 3693 3512 3767">
     <span class='ocr_line' id='line_1_98' title="bbox 1899 3693 3512 3767; baseline 0.008 -22"><span class='ocrx_word' id='word_1_732' title='bbox 1899 3693 2104 3747; x_wconf 88' lang='lat' dir='ltr'><strong>excutit</strong></span> <span class='ocrx_word' id='word_1_733' title='bbox 2123 3694 2476 3749; x_wconf 88' lang='lat' dir='ltr'><strong>seminarium</strong></span> <span class='ocrx_word' id='word_1_734' title='bbox 2505 3695 2921 3767; x_wconf 89' lang='lat' dir='ltr'><strong>liquorem,nisi</strong></span> <span class='ocrx_word' id='word_1_735' title='bbox 2945 3701 3106 3755; x_wconf 92' lang='lat' dir='ltr'><strong>simul</strong></span> <span class='ocrx_word' id='word_1_736' title='bbox 3130 3703 3328 3757; x_wconf 80' lang='lat' dir='ltr'><strong>animae</strong></span> <span class='ocrx_word' id='word_1_737' title='bbox 3361 3704 3512 3758; x_wconf 90' lang='lat' dir='ltr'><strong>dele-</strong></span> 
     </span>
    </p>
   </div>
   <div class='ocr_carea' id='block_1_99' title="bbox 1899 3780 3515 3864">
    <p class='ocr_par' dir='ltr' id='par_1_99' title="bbox 1899 3780 3515 3864">
     <span class='ocr_line' id='line_1_99' title="bbox 1899 3780 3515 3864; baseline 0.009 -29"><span class='ocrx_word' id='word_1_738' title='bbox 1899 3780 2062 3836; x_wconf 88' lang='lat' dir='ltr'><strong>ctatio</strong></span> <span class='ocrx_word' id='word_1_739' title='bbox 2077 3782 2340 3850; x_wconf 89' lang='lat' dir='ltr'><strong>producat</strong></span> <span class='ocrx_word' id='word_1_740' title='bbox 2361 3783 2428 3836; x_wconf 90' lang='lat' dir='ltr'><strong>ab</strong></span> <span class='ocrx_word' id='word_1_741' title='bbox 2446 3784 2630 3839; x_wconf 86' lang='lat' dir='ltr'><strong>anima</strong></span> <span class='ocrx_word' id='word_1_742' title='bbox 2651 3787 2999 3844; x_wconf 88' lang='lat' dir='ltr'><strong>seminariam</strong></span> <span class='ocrx_word' id='word_1_743' title='bbox 3023 3791 3151 3860; x_wconf 89' lang='lat' dir='ltr'><strong>vim,</strong></span> <span class='ocrx_word' id='word_1_744' title='bbox 3171 3792 3224 3846; x_wconf 93' lang='lat' dir='ltr'><strong>id</strong></span> <span class='ocrx_word' id='word_1_745' title='bbox 3248 3799 3331 3847; x_wconf 93' lang='lat' dir='ltr'><strong>est</strong></span> <span class='ocrx_word' id='word_1_746' title='bbox 3348 3809 3515 3864; x_wconf 80' lang='lat' dir='ltr'><strong>vege-</strong></span> 
     </span>
    </p>
   </div>
   <div class='ocr_carea' id='block_1_100' title="bbox 1900 3872 3519 3959">
    <p class='ocr_par' dir='ltr' id='par_1_100' title="bbox 1900 3872 3519 3959">
     <span class='ocr_line' id='line_1_100' title="bbox 1900 3872 3519 3959; baseline 0.01 -34"><span class='ocrx_word' id='word_1_747' title='bbox 1900 3872 2220 3928; x_wconf 86' lang='lat' dir='ltr'><strong>tabilitatem</strong></span> <span class='ocrx_word' id='word_1_748' title='bbox 2249 3881 2306 3928; x_wconf 89' lang='lat' dir='ltr'><strong>ut</strong></span> <span class='ocrx_word' id='word_1_749' title='bbox 2336 3875 2406 3929; x_wconf 90' lang='lat' dir='ltr'><strong>sit</strong></span> <span class='ocrx_word' id='word_1_750' title='bbox 2435 3876 2690 3932; x_wconf 67' lang='lat' dir='ltr'><strong>humana:</strong></span> <span class='ocrx_word' id='word_1_751' title='bbox 2718 3879 2914 3935; x_wconf 64' lang='lat' dir='ltr'><strong>anima;</strong></span> <span class='ocrx_word' id='word_1_752' title='bbox 2945 3898 3157 3950; x_wconf 87' lang='lat' dir='ltr'><strong>semen,</strong></span> <span class='ocrx_word' id='word_1_753' title='bbox 3182 3884 3264 3938; x_wconf 88' lang='lat' dir='ltr'><strong>vis</strong></span> <span class='ocrx_word' id='word_1_754' title='bbox 3293 3893 3519 3959; x_wconf 87' lang='lat' dir='ltr'><strong>vegeta-</strong></span> 
     </span>
    </p>
   </div>
   <div class='ocr_carea' id='block_1_101' title="bbox 1900 3963 3551 4047">
    <p class='ocr_par' dir='ltr' id='par_1_101' title="bbox 1900 3963 3551 4047">
     <span class='ocr_line' id='line_1_101' title="bbox 1900 3963 3551 4047; baseline 0.008 -29"><span class='ocrx_word' id='word_1_755' title='bbox 1900 3963 2044 4028; x_wconf 83' lang='lat' dir='ltr'><strong>bilis,</strong></span> <span class='ocrx_word' id='word_1_756' title='bbox 2076 3966 2570 4023; x_wconf 91' lang='lat' dir='ltr'><strong>sicutscminarius</strong></span> <span class='ocrx_word' id='word_1_757' title='bbox 2601 3970 2799 4042; x_wconf 89' lang='lat' dir='ltr'><strong>liquor,</strong></span> <span class='ocrx_word' id='word_1_758' title='bbox 2830 3989 3021 4029; x_wconf 91' lang='lat' dir='ltr'><strong>semen</strong></span> <span class='ocrx_word' id='word_1_759' title='bbox 3045 3986 3408 4047; x_wconf 81' lang='lat' dir='ltr'><strong>estcorporis.</strong></span> <span class='ocrx_word' id='word_1_760' title='bbox 3449 3977 3512 4031; x_wconf 89' lang='lat' dir='ltr'><strong>Et</strong></span> <span class='ocrx_word' id='word_1_761' title='bbox 3547 4029 3551 4033; x_wconf 25' lang='lat'><strong>,</strong></span> 
     </span>
    </p>
   </div>
   <div class='ocr_carea' id='block_1_102' title="bbox 1900 4053 3518 4138">
    <p class='ocr_par' dir='ltr' id='par_1_102' title="bbox 1900 4053 3518 4138">
     <span class='ocr_line' id='line_1_102' title="bbox 1900 4053 3518 4138; baseline 0.009 -32"><span class='ocrx_word' id='word_1_762' title='bbox 1900 4055 2042 4109; x_wconf 91' lang='lat' dir='ltr'><strong>sicut</strong></span> <span class='ocrx_word' id='word_1_763' title='bbox 2057 4053 2219 4110; x_wconf 90' lang='lat' dir='ltr'><strong>simul</strong></span> <span class='ocrx_word' id='word_1_764' title='bbox 2241 4057 2546 4126; x_wconf 89' lang='lat' dir='ltr'><strong>procedunt</strong></span> <span class='ocrx_word' id='word_1_765' title='bbox 2564 4075 2768 4128; x_wconf 59' lang='lat' dir='ltr'><strong>causae,</strong></span> <span class='ocrx_word' id='word_1_766' title='bbox 2788 4063 3001 4118; x_wconf 90' lang='lat' dir='ltr'><strong>scilicet</strong></span> <span class='ocrx_word' id='word_1_767' title='bbox 3015 4064 3308 4121; x_wconf 90' lang='lat' dir='ltr'><strong>delectatio</strong></span> <span class='ocrx_word' id='word_1_768' title='bbox 3320 4073 3374 4121; x_wconf 92' lang='lat' dir='ltr'><strong>et</strong></span> <span class='ocrx_word' id='word_1_769' title='bbox 3392 4083 3518 4138; x_wconf 85' lang='lat' dir='ltr'><strong>pru-</strong></span> 
     </span>
    </p>
   </div>
   <div class='ocr_carea' id='block_1_103' title="bbox 1902 4147 3520 4232">
    <p class='ocr_par' dir='ltr' id='par_1_103' title="bbox 1902 4147 3520 4232">
     <span class='ocr_line' id='line_1_103' title="bbox 1902 4147 3520 4232; baseline 0.008 -32"><span class='ocrx_word' id='word_1_770' title='bbox 1902 4147 2055 4214; x_wconf 90' lang='lat' dir='ltr'><strong>ritus,</strong></span> <span class='ocrx_word' id='word_1_771' title='bbox 2087 4147 2167 4202; x_wconf 92' lang='lat' dir='ltr'><strong>sic</strong></span> <span class='ocrx_word' id='word_1_772' title='bbox 2195 4148 2356 4203; x_wconf 90' lang='lat' dir='ltr'><strong>simul</strong></span> <span class='ocrx_word' id='word_1_773' title='bbox 2389 4159 2695 4222; x_wconf 91' lang='lat' dir='ltr'><strong>sequuntur</strong></span> <span class='ocrx_word' id='word_1_774' title='bbox 2724 4152 2974 4222; x_wconf 66' lang='lat' dir='ltr'><strong>effectus,</strong></span> <span class='ocrx_word' id='word_1_775' title='bbox 3011 4156 3062 4210; x_wconf 91' lang='lat' dir='ltr'><strong>id</strong></span> <span class='ocrx_word' id='word_1_776' title='bbox 3097 4165 3181 4211; x_wconf 90' lang='lat' dir='ltr'><strong>est</strong></span> <span class='ocrx_word' id='word_1_777' title='bbox 3237 4159 3318 4212; x_wconf 88' lang='lat' dir='ltr'><strong>vis</strong></span> <span class='ocrx_word' id='word_1_778' title='bbox 3351 4174 3520 4232; x_wconf 87' lang='lat' dir='ltr'><strong>vege-</strong></span> 
     </span>
    </p>
   </div>
   <div class='ocr_carea' id='block_1_104' title="bbox 1900 4235 3520 4312">
    <p class='ocr_par' dir='ltr' id='par_1_104' title="bbox 1900 4235 3520 4312">
     <span class='ocr_line' id='line_1_104' title="bbox 1900 4235 3520 4312; baseline 0.007 -22"><span class='ocrx_word' id='word_1_779' title='bbox 1900 4235 2108 4305; x_wconf 88' lang='lat' dir='ltr'><strong>tabilis,</strong></span> <span class='ocrx_word' id='word_1_780' title='bbox 2151 4244 2205 4292; x_wconf 90' lang='lat' dir='ltr'><strong>et</strong></span> <span class='ocrx_word' id='word_1_781' title='bbox 2235 4237 2418 4309; x_wconf 90' lang='lat' dir='ltr'><strong>liquor</strong></span> <span class='ocrx_word' id='word_1_782' title='bbox 2439 4241 2794 4312; x_wconf 88' lang='lat' dir='ltr'><strong>seminarius,</strong></span> <span class='ocrx_word' id='word_1_783' title='bbox 2842 4245 3004 4299; x_wconf 89' lang='lat' dir='ltr'><strong>simul</strong></span> <span class='ocrx_word' id='word_1_784' title='bbox 3037 4249 3200 4299; x_wconf 91' lang='lat' dir='ltr'><strong>etiam</strong></span> <span class='ocrx_word' id='word_1_785' title='bbox 3241 4263 3363 4300; x_wconf 90' lang='lat' dir='ltr'><strong>cum</strong></span> <span class='ocrx_word' id='word_1_786' title='bbox 3394 4261 3520 4301; x_wconf 86' lang='lat' dir='ltr'><strong>cre-</strong></span> 
     </span>
    </p>
   </div>
   <div class='ocr_carea' id='block_1_105' title="bbox 1902 4329 3519 4404">
    <p class='ocr_par' dir='ltr' id='par_1_105' title="bbox 1902 4329 3519 4404">
     <span class='ocr_line' id='line_1_105' title="bbox 1902 4329 3519 4404; baseline 0.004 -21"><span class='ocrx_word' id='word_1_787' title='bbox 1902 4329 2107 4385; x_wconf 90' lang='lat' dir='ltr'><strong>scendo</strong></span> <span class='ocrx_word' id='word_1_788' title='bbox 2139 4329 2435 4400; x_wconf 88' lang='lat' dir='ltr'><strong>proﬁciunt</strong></span> <span class='ocrx_word' id='word_1_789' title='bbox 2463 4333 2566 4387; x_wconf 90' lang='lat' dir='ltr'><strong>hoc</strong></span> <span class='ocrx_word' id='word_1_790' title='bbox 2605 4349 2780 4404; x_wconf 84' lang='lat' dir='ltr'><strong>usque</strong></span> <span class='ocrx_word' id='word_1_791' title='bbox 2812 4337 2880 4388; x_wconf 91' lang='lat' dir='ltr'><strong>ad</strong></span> <span class='ocrx_word' id='word_1_792' title='bbox 2929 4337 3222 4390; x_wconf 87' lang='lat' dir='ltr'><strong>humanam</strong></span> <span class='ocrx_word' id='word_1_793' title='bbox 3267 4337 3519 4399; x_wconf 86' lang='lat' dir='ltr'><strong>formam,</strong></span> 
     </span>
    </p>
   </div>
   <div class='ocr_carea' id='block_1_106' title="bbox 1905 4423 3521 4496">
    <p class='ocr_par' dir='ltr' id='par_1_106' title="bbox 1905 4423 3521 4496">
     <span class='ocr_line' id='line_1_106' title="bbox 1905 4423 3521 4496; baseline 0.006 -19"><span class='ocrx_word' id='word_1_794' title='bbox 1905 4423 2041 4478; x_wconf 92' lang='lat' dir='ltr'><strong>illud</strong></span> <span class='ocrx_word' id='word_1_795' title='bbox 2067 4441 2240 4495; x_wconf 91' lang='lat' dir='ltr'><strong>usque</strong></span> <span class='ocrx_word' id='word_1_796' title='bbox 2271 4425 2337 4479; x_wconf 89' lang='lat' dir='ltr'><strong>ad</strong></span> <span class='ocrx_word' id='word_1_797' title='bbox 2382 4426 2702 4481; x_wconf 89' lang='lat' dir='ltr'><strong>rationalem</strong></span> <span class='ocrx_word' id='word_1_798' title='bbox 2742 4428 3001 4496; x_wconf 89' lang='lat' dir='ltr'><strong>animam,</strong></span> <span class='ocrx_word' id='word_1_799' title='bbox 3038 4431 3167 4484; x_wconf 89' lang='lat' dir='ltr'><strong>inde</strong></span> <span class='ocrx_word' id='word_1_800' title='bbox 3206 4431 3368 4485; x_wconf 92' lang='lat' dir='ltr'><strong>simul</strong></span> <span class='ocrx_word' id='word_1_801' title='bbox 3404 4449 3521 4486; x_wconf 91' lang='lat' dir='ltr'><strong>ma-</strong></span> 
     </span>
    </p>
   </div>
   <div class='ocr_carea' id='block_1_107' title="bbox 1905 4515 3522 4589">
    <p class='ocr_par' dir='ltr' id='par_1_107' title="bbox 1905 4515 3522 4589">
     <span class='ocr_line' id='line_1_107' title="bbox 1905 4515 3522 4589; baseline 0.006 -21"><span class='ocrx_word' id='word_1_802' title='bbox 1905 4522 2039 4569; x_wconf 91' lang='lat' dir='ltr'><strong>nent</strong></span> <span class='ocrx_word' id='word_1_803' title='bbox 2105 4515 2158 4570; x_wconf 91' lang='lat' dir='ltr'><strong>in</strong></span> <span class='ocrx_word' id='word_1_804' title='bbox 2211 4532 2320 4571; x_wconf 92' lang='lat' dir='ltr'><strong>una</strong></span> <span class='ocrx_word' id='word_1_805' title='bbox 2374 4532 2610 4586; x_wconf 88' lang='lat' dir='ltr'><strong>persona</strong></span> <span class='ocrx_word' id='word_1_806' title='bbox 2659 4534 2832 4589; x_wconf 91' lang='lat' dir='ltr'><strong>usque</strong></span> <span class='ocrx_word' id='word_1_807' title='bbox 2894 4521 2961 4574; x_wconf 89' lang='lat' dir='ltr'><strong>ad</strong></span> <span class='ocrx_word' id='word_1_808' title='bbox 3019 4529 3270 4576; x_wconf 91' lang='lat' dir='ltr'><strong>mortem.</strong></span> <span class='ocrx_word' id='word_1_809' title='bbox 3339 4521 3522 4577; x_wconf 67' lang='lat' dir='ltr'><strong>Causas</strong></span> 
     </span>
    </p>
   </div>
   <div class='ocr_carea' id='block_1_108' title="bbox 1905 4605 3520 4678">
    <p class='ocr_par' dir='ltr' id='par_1_108' title="bbox 1905 4605 3520 4678">
     <span class='ocr_line' id='line_1_108' title="bbox 1905 4605 3520 4678; baseline 0.005 -20"><span class='ocrx_word' id='word_1_810' title='bbox 1905 4605 2210 4672; x_wconf 70' lang='lat' dir='ltr'><strong>conjuncta&quot;:</strong></span> <span class='ocrx_word' id='word_1_811' title='bbox 2265 4605 2429 4659; x_wconf 90' lang='lat' dir='ltr'><strong>simul</strong></span> <span class='ocrx_word' id='word_1_812' title='bbox 2473 4607 2718 4678; x_wconf 87' lang='lat' dir='ltr'><strong>jungunt</strong></span> <span class='ocrx_word' id='word_1_813' title='bbox 2763 4623 2892 4663; x_wconf 91' lang='lat' dir='ltr'><strong>suos</strong></span> <span class='ocrx_word' id='word_1_814' title='bbox 2949 4609 3196 4678; x_wconf 74' lang='lat' dir='ltr'><strong>effectus,</strong></span> <span class='ocrx_word' id='word_1_815' title='bbox 3258 4611 3312 4664; x_wconf 93' lang='lat' dir='ltr'><strong>in</strong></span> <span class='ocrx_word' id='word_1_816' title='bbox 3350 4628 3520 4666; x_wconf 90' lang='lat' dir='ltr'><strong>unum</strong></span> 
     </span>
    </p>
   </div>
   <div class='ocr_carea' id='block_1_109' title="bbox 1905 4698 3518 4776">
    <p class='ocr_par' dir='ltr' id='par_1_109' title="bbox 1905 4698 3518 4776">
     <span class='ocr_line' id='line_1_109' title="bbox 1905 4698 3518 4776; baseline 0.005 -25"><span class='ocrx_word' id='word_1_817' title='bbox 1905 4698 2253 4754; x_wconf 90' lang='lat' dir='ltr'><strong>individuum</strong></span> <span class='ocrx_word' id='word_1_818' title='bbox 2282 4700 2423 4768; x_wconf 90' lang='lat' dir='ltr'><strong>ejus,</strong></span> <span class='ocrx_word' id='word_1_819' title='bbox 2463 4700 2610 4770; x_wconf 91' lang='lat' dir='ltr'><strong>quod</strong></span> <span class='ocrx_word' id='word_1_820' title='bbox 2637 4709 2852 4757; x_wconf 89' lang='lat' dir='ltr'><strong>constat</strong></span> <span class='ocrx_word' id='word_1_821' title='bbox 2881 4718 2945 4757; x_wconf 88' lang='lat' dir='ltr'><strong>ex</strong></span> <span class='ocrx_word' id='word_1_822' title='bbox 2974 4704 3158 4758; x_wconf 90' lang='lat' dir='ltr'><strong>anima</strong></span> <span class='ocrx_word' id='word_1_823' title='bbox 3187 4711 3242 4760; x_wconf 92' lang='lat' dir='ltr'><strong>et</strong></span> <span class='ocrx_word' id='word_1_824' title='bbox 3267 4720 3518 4776; x_wconf 88' lang='lat' dir='ltr'><strong>corpore.</strong></span> 
     </span>
    </p>
   </div>
   <div class='ocr_carea' id='block_1_110' title="bbox 1906 4791 3521 4868">
    <p class='ocr_par' dir='ltr' id='par_1_110' title="bbox 1906 4791 3521 4868">
     <span class='ocr_line' id='line_1_110' title="bbox 1906 4791 3521 4868; baseline 0.005 -24"><span class='ocrx_word' id='word_1_825' title='bbox 1906 4791 2258 4845; x_wconf 90' lang='lat' dir='ltr'><strong>lndividuum</strong></span> <span class='ocrx_word' id='word_1_826' title='bbox 2289 4797 2469 4846; x_wconf 91' lang='lat' dir='ltr'><strong>autem</strong></span> <span class='ocrx_word' id='word_1_827' title='bbox 2507 4792 2638 4847; x_wconf 92' lang='lat' dir='ltr'><strong>illud</strong></span> <span class='ocrx_word' id='word_1_828' title='bbox 2683 4810 2780 4864; x_wconf 90' lang='lat' dir='ltr'><strong>per</strong></span> <span class='ocrx_word' id='word_1_829' title='bbox 2812 4811 2940 4849; x_wconf 91' lang='lat' dir='ltr'><strong>suas</strong></span> <span class='ocrx_word' id='word_1_830' title='bbox 2982 4813 3175 4852; x_wconf 90' lang='lat' dir='ltr'><strong>causas</strong></span> <span class='ocrx_word' id='word_1_831' title='bbox 3203 4798 3306 4853; x_wconf 92' lang='lat' dir='ltr'><strong>sub</strong></span> <span class='ocrx_word' id='word_1_832' title='bbox 3335 4798 3521 4868; x_wconf 90' lang='lat' dir='ltr'><strong>specie</strong></span> 
     </span>
    </p>
   </div>
   <div class='ocr_carea' id='block_1_111' title="bbox 1905 4881 3520 4959">
    <p class='ocr_par' dir='ltr' id='par_1_111' title="bbox 1905 4881 3520 4959">
     <span class='ocr_line' id='line_1_111' title="bbox 1905 4881 3520 4959; baseline 0.004 -24"><span class='ocrx_word' id='word_1_833' title='bbox 1905 4897 2003 4935; x_wconf 89' lang='lat' dir='ltr'><strong>sua</strong></span> <span class='ocrx_word' id='word_1_834' title='bbox 2042 4881 2430 4952; x_wconf 89' lang='lat' dir='ltr'><strong>compositum,</strong></span> <span class='ocrx_word' id='word_1_835' title='bbox 2489 4883 2705 4952; x_wconf 84' lang='lat' dir='ltr'><strong>proficit</strong></span> <span class='ocrx_word' id='word_1_836' title='bbox 2737 4885 2803 4939; x_wconf 90' lang='lat' dir='ltr'><strong>ad</strong></span> <span class='ocrx_word' id='word_1_837' title='bbox 2844 4887 3070 4942; x_wconf 87' lang='lat' dir='ltr'><strong>alterius</strong></span> <span class='ocrx_word' id='word_1_838' title='bbox 3118 4888 3326 4959; x_wconf 90' lang='lat' dir='ltr'><strong>speciei</strong></span> <span class='ocrx_word' id='word_1_839' title='bbox 3366 4888 3520 4942; x_wconf 85' lang='lat' dir='ltr'><strong>indi-</strong></span> 
     </span>
    </p>
   </div>
   <div class='ocr_carea' id='block_1_112' title="bbox 1906 4973 3515 5048">
    <p class='ocr_par' dir='ltr' id='par_1_112' title="bbox 1906 4973 3515 5048">
     <span class='ocr_line' id='line_1_112' title="bbox 1906 4973 3515 5048; baseline 0.002 -20"><span class='ocrx_word' id='word_1_840' title='bbox 1906 4973 2149 5028; x_wconf 90' lang='lat' dir='ltr'><strong>viduum.</strong></span> <span class='ocrx_word' id='word_1_841' title='bbox 2195 4973 2349 5038; x_wconf 87' lang='lat' dir='ltr'><strong>Quod</strong></span> <span class='ocrx_word' id='word_1_842' title='bbox 2391 4981 2448 5029; x_wconf 89' lang='lat' dir='ltr'><strong>ut</strong></span> <span class='ocrx_word' id='word_1_843' title='bbox 2496 4975 2744 5030; x_wconf 89' lang='lat' dir='ltr'><strong>videatur</strong></span> <span class='ocrx_word' id='word_1_844' title='bbox 2793 4980 3058 5048; x_wconf 89' lang='lat' dir='ltr'><strong>apertius,</strong></span> <span class='ocrx_word' id='word_1_845' title='bbox 3108 4980 3330 5035; x_wconf 89' lang='lat' dir='ltr'><strong>aliunde</strong></span> <span class='ocrx_word' id='word_1_846' title='bbox 3372 4979 3515 5034; x_wconf 90' lang='lat' dir='ltr'><strong>inci-</strong></span> 
     </span>
    </p>
   </div>
   <div class='ocr_carea' id='block_1_113' title="bbox 1907 5062 3521 5138">
    <p class='ocr_par' dir='ltr' id='par_1_113' title="bbox 1907 5062 3521 5138">
     <span class='ocr_line' id='line_1_113' title="bbox 1907 5062 3521 5138; baseline 0.003 -22"><span class='ocrx_word' id='word_1_847' title='bbox 1907 5062 2154 5134; x_wconf 89' lang='lat' dir='ltr'><strong>piamus,</strong></span> <span class='ocrx_word' id='word_1_848' title='bbox 2216 5069 2272 5118; x_wconf 92' lang='lat' dir='ltr'><strong>ut</strong></span> <span class='ocrx_word' id='word_1_849' title='bbox 2328 5079 2393 5118; x_wconf 91' lang='lat' dir='ltr'><strong>ex</strong></span> <span class='ocrx_word' id='word_1_850' title='bbox 2446 5063 2627 5119; x_wconf 89' lang='lat' dir='ltr'><strong>altiori</strong></span> <span class='ocrx_word' id='word_1_851' title='bbox 2674 5066 2948 5138; x_wconf 90' lang='lat' dir='ltr'><strong>principio</strong></span> <span class='ocrx_word' id='word_1_852' title='bbox 2997 5069 3234 5126; x_wconf 88' lang='lat' dir='ltr'><strong>lucidior</strong></span> <span class='ocrx_word' id='word_1_853' title='bbox 3281 5068 3372 5123; x_wconf 87' lang='lat' dir='ltr'><strong>fiat</strong></span> <span class='ocrx_word' id='word_1_854' title='bbox 3418 5066 3521 5122; x_wconf 90' lang='lat' dir='ltr'><strong>ﬁns</strong></span> 
     </span>
    </p>
   </div>
   <div class='ocr_carea' id='block_1_114' title="bbox 1904 5157 2172 5230">
    <p class='ocr_par' dir='ltr' id='par_1_114' title="bbox 1904 5157 2172 5230">
     <span class='ocr_line' id='line_1_114' title="bbox 1904 5157 2172 5230; baseline -0.004 -18"><span class='ocrx_word' id='word_1_855' title='bbox 1904 5157 2172 5230; x_wconf 86' lang='lat' dir='ltr'><strong>cognitio.</strong></span> 
     </span>
    </p>
   </div>
   <div class='ocr_carea' id='block_1_115' title="bbox 1899 5274 3520 5348">
    <p class='ocr_par' dir='ltr' id='par_1_115' title="bbox 1899 5274 3520 5348">
     <span class='ocr_line' id='line_1_115' title="bbox 1899 5274 3520 5348; baseline 0.003 -20"><span class='ocrx_word' id='word_1_856' title='bbox 1899 5280 2180 5330; x_wconf 78' lang='lat' dir='ltr'><strong>Descensus</strong></span> <span class='ocrx_word' id='word_1_857' title='bbox 2220 5274 2537 5330; x_wconf 73' lang='lat' dir='ltr'><strong>substantzw</strong></span> <span class='ocrx_word' id='word_1_858' title='bbox 2585 5277 2656 5330; x_wconf 82' lang='lat' dir='ltr'><strong>ad</strong></span> <span class='ocrx_word' id='word_1_859' title='bbox 2728 5277 3035 5346; x_wconf 75' lang='lat' dir='ltr'><strong>individua,</strong></span> <span class='ocrx_word' id='word_1_860' title='bbox 3121 5294 3214 5348; x_wconf 80' lang='lat' dir='ltr'><strong>per</strong></span> <span class='ocrx_word' id='word_1_861' title='bbox 3277 5280 3330 5333; x_wconf 83' lang='lat' dir='ltr'><strong>id</strong></span> <span class='ocrx_word' id='word_1_862' title='bbox 3384 5279 3520 5347; x_wconf 82' lang='lat' dir='ltr'><strong>quod</strong></span> 
     </span>
    </p>
   </div>
   <div class='ocr_carea' id='block_1_116' title="bbox 2272 5373 3129 5439">
    <p class='ocr_par' dir='ltr' id='par_1_116' title="bbox 2272 5373 3129 5439">
     <span class='ocr_line' id='line_1_116' title="bbox 2272 5373 3129 5439; baseline 0.004 -19"><span class='ocrx_word' id='word_1_863' title='bbox 2272 5373 2479 5423; x_wconf 73' lang='lat' dir='ltr'><strong>constat</strong></span> <span class='ocrx_word' id='word_1_864' title='bbox 2509 5383 2575 5423; x_wconf 77' lang='lat' dir='ltr'><strong>ea:</strong></span> <span class='ocrx_word' id='word_1_865' title='bbox 2594 5385 2807 5439; x_wconf 79' lang='lat' dir='ltr'><strong>corpore</strong></span> <span class='ocrx_word' id='word_1_866' title='bbox 2843 5377 2894 5425; x_wconf 80' lang='lat' dir='ltr'><strong>et</strong></span> <span class='ocrx_word' id='word_1_867' title='bbox 2919 5374 3129 5426; x_wconf 76' lang='lat' dir='ltr'><strong>anima.</strong></span> 
     </span>
    </p>
   </div>
   <div class='ocr_carea' id='block_1_117' title="bbox 1977 5474 3524 5552">
    <p class='ocr_par' dir='ltr' id='par_1_117' title="bbox 1977 5474 3524 5552">
     <span class='ocr_line' id='line_1_117' title="bbox 1977 5474 3524 5552; baseline 0.003 -24"><span class='ocrx_word' id='word_1_868' title='bbox 1977 5474 2065 5528; x_wconf 84' lang='lat' dir='ltr'><strong>Est</strong></span> <span class='ocrx_word' id='word_1_869' title='bbox 2105 5489 2280 5548; x_wconf 86' lang='lat' dir='ltr'><strong>genus</strong></span> <span class='ocrx_word' id='word_1_870' title='bbox 2320 5474 2692 5533; x_wconf 88' lang='lat' dir='ltr'><strong>subalternum</strong></span> <span class='ocrx_word' id='word_1_871' title='bbox 2735 5479 3093 5552; x_wconf 55' lang='lat' dir='ltr'><strong>substantiae,</strong></span> <span class='ocrx_word' id='word_1_872' title='bbox 3147 5479 3294 5551; x_wconf 88' lang='lat' dir='ltr'><strong>quod</strong></span> <span class='ocrx_word' id='word_1_873' title='bbox 3326 5494 3524 5550; x_wconf 91' lang='lat' dir='ltr'><strong>corpo-</strong></span> 
     </span>
    </p>
   </div>
   <div class='ocr_carea' id='block_1_118' title="bbox 1904 5562 3524 5640">
    <p class='ocr_par' dir='ltr' id='par_1_118' title="bbox 1904 5562 3524 5640">
     <span class='ocr_line' id='line_1_118' title="bbox 1904 5562 3524 5640; baseline 0.004 -23"><span class='ocrx_word' id='word_1_874' title='bbox 1904 5565 1949 5617; x_wconf 93' lang='lat' dir='ltr'><strong>ri</strong></span> <span class='ocrx_word' id='word_1_875' title='bbox 1992 5579 2103 5619; x_wconf 89' lang='lat' dir='ltr'><strong>non</strong></span> <span class='ocrx_word' id='word_1_876' title='bbox 2135 5562 2488 5633; x_wconf 87' lang='lat' dir='ltr'><strong>supponitur,</strong></span> <span class='ocrx_word' id='word_1_877' title='bbox 2526 5582 2626 5622; x_wconf 91' lang='lat' dir='ltr'><strong>nec</strong></span> <span class='ocrx_word' id='word_1_878' title='bbox 2671 5569 2894 5635; x_wconf 72' lang='lat' dir='ltr'><strong>animm,</strong></span> <span class='ocrx_word' id='word_1_879' title='bbox 2918 5569 3014 5624; x_wconf 91' lang='lat' dir='ltr'><strong>sed</strong></span> <span class='ocrx_word' id='word_1_880' title='bbox 3047 5569 3097 5623; x_wconf 91' lang='lat' dir='ltr'><strong>ei</strong></span> <span class='ocrx_word' id='word_1_881' title='bbox 3126 5569 3274 5640; x_wconf 88' lang='lat' dir='ltr'><strong>quod</strong></span> <span class='ocrx_word' id='word_1_882' title='bbox 3308 5574 3524 5624; x_wconf 88' lang='lat' dir='ltr'><strong>constat</strong></span> 
     </span>
    </p>
   </div>
   <div class='ocr_carea' id='block_1_119' title="bbox 1906 5661 2262 5726">
    <p class='ocr_par' dir='ltr' id='par_1_119' title="bbox 1906 5661 2262 5726">
     <span class='ocr_line' id='line_1_119' title="bbox 1906 5661 2262 5726; baseline 0.017 -18"><span class='ocrx_word' id='word_1_883' title='bbox 1906 5669 1972 5708; x_wconf 86' lang='lat' dir='ltr'><strong>ex</strong></span> <span class='ocrx_word' id='word_1_884' title='bbox 2001 5661 2262 5726; x_wconf 61' lang='lat' dir='ltr'><strong>utroque.</strong></span> 
     </span>
    </p>
   </div>
  </div>
