3892 6048
899 354 912 685 ι

358 213 379 264 1
391 212 501 265 095‘

1009 438 1324 493 Substantia
1414 348 1430 676 \

1165 613 1176 676 I

512 898 712 952 corpus
793 883 801 952 |
967 883 975 952 Ι
1014 883 1201 938 anima
1239 890 1295 936 et
1333 883 1341 952 |
1510 883 1518 952 |
1612 883 1792 934 anima

1039 970 1270 1025 corpore

1517 1031 1871 1040 _____

985 1266 1053 1304 ex
1093 1219 1341 1575 ηεαδ-Ι
1507 1217 1515 1469 Ι
1869 1218 1879 1472 Ι

986 1318 1081 1373 bili
1104 1326 1158 1373 et
1189 1334 1316 1372 cor-
1587 1318 1794 1373 aminal

1080 1405 1219 1459 pore

986 1318 1081 1373 bili
1104 1318 1340 1373 et‘cor-l
1505 1318 1514 1373 Ι
1587 1318 1794 1373 aminal

1080 1405 1219 1459 pore

974 1218 1327 1229 .___————

1503 1470 1871 1479 .——..

982 1477 1321 1489 ___.____—_

969 1666 1326 1679 __________..

962 1682 972 1923 Ι

1515 1910 1865 1922 —————_...

986 1918 1318 1926 .-_—_———_

1325 1670 1338 2015 Ι

968 2101 1335 2113 §—-——-

957 2114 974 2362 Ι

1320 2115 1338 2450 Ι

970 2356 1315 2368 —.———.

984 1670 1338 1908 scmnfﬁigni"
1504 1663 1514 1908 Ι
1602 1763 1785 1832 planta

1522 2148 1713 2188 semen
1727 2133 1858 2190 alio-

982 2185 1173 2258 SW9“
1191 2241 1201 2251 .
1216 2133 1337 2258 ho"
1502 2133 1510 2258 Ι
1557 2220 1675 2258 rum
1701 2207 1823 2258 ani-

1130 2241 1140 2250 .
1191 2241 1201 2251 .
1266 2224 1277 2226 -
1557 2224 1675 2258 rum
1701 2224 1812 2259 am-

1071 2257 1235 2295 mmls
1327 2224 1337 2330 Ι
1501 2224 1509 2330 Ι
1567 2276 1812 2330 malium.

962 2558 972 2808 Ι
1053 2626 1245 2664 semen
1328 2558 1336 2794 ι
1498 2558 1715 2801 Ιεοπιθη
1744 2615 1859 2668 An-

1080 2682 1225 2736 Petri
1604 2684 1772 2739 dreae.

1080 2682 1225 2736 Petri
1328 2682 1335 2739 |
1503 2682 1511 2739 Ι
1604 2684 1772 2739 dreae.

1498 2556 1511 2801 Ι

1868 2554 1881 2799 Ι

1507 2794 1868 2811 ὼ

1604 203 1657 257 Β.
1702 202 1937 257 ODONIS
1977 201 2216 255 CAMER.
2260 202 2457 256 EPISC.

3542 205 3703 262 1096

1992 340 2039 402 Α
2069 328 2289 399 quando
2339 334 2579 382 mutatur
2616 327 2810 400 ﬁgura,
2877 328 3131 382 similiter
3178 335 3420 383 mutatur
3464 337 3521 384 et
3558 345 3708 400 spe-

2068 419 2225 475 cialis
2253 426 2470 485 natura,
2501 427 2555 474 et
2585 421 2746 475 etiam
2776 419 3148 487 individuum,
3178 421 3310 491 quia
3340 421 3705 477 individuum

2067 514 2319 586 sequitur
2382 515 2648 585 speciem,
2704 522 2758 570 et
2823 529 2930 569 non
3001 515 3317 579 materiem;
3373 531 3483 570 non
3535 517 3701 571 enim

2068 606 2296 676 respicit
2323 607 2389 661 ad
2420 607 2723 675 subjectam
2750 607 3036 661 materiem
3068 606 3322 673 inferius,
3354 607 3450 662 sed
3480 608 3551 661 ad
3577 606 3706 662 for—

2069 703 2266 752 matam
2324 698 2567 768 speciem
2622 697 2897 768 superius.
2960 698 3023 752 Et
3081 697 3160 752 sic
3211 696 3536 768 frequenter
3586 715 3701 769 ap-

2071 798 2225 859 paret
2270 789 2323 843 in
2365 788 2713 860 corporibus,
2769 796 2829 844 ut
2879 789 2936 843 in
3000 788 3272 860 corporali
3320 805 3528 856 massa,
3572 790 3701 844 sic-

2071 887 2131 935 ut
2196 886 2434 936 mutatur
2508 879 2684 955 ﬁgura
2738 880 2883 936 circa
2968 879 3277 945 materiem,
3362 881 3509 936 sicut
3558 896 3701 934 mu-

2071 974 2214 1023 tatur
2252 978 2308 1024 et
2336 969 2555 1039 species
2583 969 2887 1024 secundum
2932 968 3406 1038 praedicationem.
3446 968 3699 1023 Massam

2070 1059 2245 1132 ﬁgura
2290 1060 2575 1130 componit
2604 1070 2659 1115 et
2696 1059 2758 1115 ﬁt
2812 1066 2984 1116 totum
3034 1058 3262 1115 formale
3302 1061 3700 1130 corporaliter,

2071 1149 2430 1203 substantiam
2477 1147 2788 1204 differentia
2833 1149 3055 1213 format,
3103 1155 3157 1202 et
3195 1147 3255 1202 tit
3291 1149 3513 1219 species
3553 1148 3705 1203 sub-

2070 1238 2340 1293 stantialis
2393 1238 2814 1309 incorporaliter
2853 1218 3085 1293 ‘mutata
3158 1218 3353 1302 formai,
3423 1237 3705 1292 alteratur

2066 1331 2324 1385 materies
2354 1330 2410 1384 in
2444 1329 2749 1385 individuis
2779 1330 2948 1385 rebus
2976 1328 3265 1384 visibiliter
3308 1335 3533 1393 mutata,
3568 1328 3697 1382 dif-

2066 1421 2299 1477 ferentia
2351 1422 2680 1477 substantiae
2733 1422 3047 1478 communis
3076 1421 3135 1475 in
3181 1422 3409 1476 materie
3453 1421 3698 1484 visibili,

2070 1522 2310 1570 mutatur
2345 1514 2603 1585 specialis
2634 1521 2832 1569 natura
2860 1514 2916 1568 in
2969 1514 3159 1568 eadem
3209 1513 3409 1568 visibili
3446 1513 3698 1568 materie

2072 1602 2446 1667 invisibiliter,
2505 1602 2578 1657 ita
2623 1611 2681 1656 ut
2739 1601 3046 1673 corporalis
3091 1602 3319 1657 mutatio
3384 1599 3577 1674 ﬁgurae
3639 1601 3697 1655 in

2071 1707 2254 1745 massa
2315 1707 2482 1747 causa
2561 1691 2667 1746 dici
2727 1689 2903 1761 possit
2961 1690 3322 1760 incorporalis
3362 1691 3700 1745 mutationis

2066 1781 2391 1838 differentias
2420 1784 2476 1837 in
2506 1783 2833 1849 substantia,
2857 1782 2990 1853 quia
3024 1782 3167 1838 sicut
3197 1797 3428 1852 corpora
3459 1789 3696 1836 mutant

2067 1872 2290 1947 ﬁguras,
2324 1881 2383 1930 ut
2433 1875 2538 1929 alia
2567 1874 2700 1929 ﬁant
2729 1873 2980 1929 formalia
3030 1880 3144 1929 tota
3182 1874 3250 1928 de
3293 1874 3563 1938 materiis,
3614 1874 3693 1928 ita

2062 1979 2269 2039 genera
2295 1980 2586 2035 corporum
2643 1964 2983 2019 differentias
3030 1970 3245 2019 mutant
3299 1965 3353 2019 in
3386 1980 3693 2034 corporum

2064 2055 2329 2121 materiis,
2362 2063 2421 2110 ut
2451 2056 2570 2111 aliae
2601 2056 2819 2126 species
2848 2054 3003 2123 ﬁant,
3042 2056 3115 2110 ibi
3145 2056 3215 2111 de
3252 2056 3384 2127 ipsis
3415 2054 3692 2110 differen-

2068 2150 2157 2204 tiis
2198 2157 2254 2205 et
2286 2150 2569 2205 materiem
2627 2149 2800 2226 ﬁgura
2846 2149 3064 2216 format,
3095 2156 3156 2204 ut
3197 2150 3266 2205 de
3300 2149 3695 2204 materialibns

2069 2240 2315 2310 partibus
2340 2248 2554 2296 constet
2583 2240 2703 2311 ipsa
2722 2240 3012 2306 materies;
3036 2254 3216 2313 genus
3237 2238 3552 2293 differentia
3570 2238 3696 2293 for-

2066 2336 2198 2395 mat,
2228 2336 2288 2383 ut
2317 2330 2375 2383 in
2406 2329 2543 2400 ipsis
2580 2327 2826 2384 materiis
2855 2329 3069 2384 dicatur
3096 2329 3168 2383 de
3199 2326 3499 2382 individuis
3549 2343 3693 2397 spe—

2066 2423 2182 2477 cies
2235 2422 2370 2477 Hinc
2398 2421 2570 2477 habes
2610 2421 2856 2476 materiei
2900 2428 3102 2492 partes,
3126 2421 3257 2476 inde
3287 2419 3690 2484 substantiam,

2068 2517 2124 2565 et
2149 2511 2324 2581 ipsam
2354 2510 2635 2565 materiem
2655 2510 2710 2564 in
2743 2510 3048 2565 meditullio
3061 2510 3325 2580 positam;
3354 2508 3483 2580 quia
3516 2509 3695 2563 habet

2069 2597 2296 2652 materia
2337 2604 2539 2687 partes,
2570 2597 2735 2652 habet
2763 2604 2818 2652 et
2846 2597 3229 2653 substantiam.

2134 2776 2451 2831 Substantia
2476 2776 2547 2830 de
2577 2774 2805 2831 materia
2826 2774 3175 2846 praedicatur,
3195 2776 3423 2830 materia
3451 2775 3523 2829 de
3545 2792 3688 2847 par-

2064 2866 2208 2922 tibus
2236 2867 2614 2938 componitur;
2644 2866 2903 2922 materies
2935 2867 3068 2922 hinc
3095 2867 3327 2937 suscipit
3352 2866 3690 2922 substantia?

420 2942 532 2995 "0°
581 2946 762 2993 “mem
806 2940 956 2994 alin“
998 2939 1163 2992 habet
1205 2936 1580 3030 su_l’_?ite?"“m
1630 2938 1731 2993 ειη)
1789 2955 1872 3006 se:
1905 2942 1959 2997 id
2008 3029 2013 3030 γ
2061 2936 2535 3030 praedicationem,
2574 2960 2704 3015 hinc
2728 2959 2898 3014 habet
2928 2959 3162 3030 partium
3193 2936 3685 3029 compositionem,

345 3040 446 3123 θεῷ
480 3035 739 3123 “instans
762 3046 830 3123 φ(
859 3030 1043 3083 anima
1062 3026 1359 3123 "f’getimm
1384 3029 1437 3081 εί
1467 3043 1719 3123 corpore,
1753 3030 1963 3123 habens
1985 3029 2034 3099 (ἶ
2059 3026 2190 3106 huic
2217 3059 2300 3107 est
2328 3050 2649 3107 substantiae
2677 3026 2959 3123 specialis,
2991 3026 3359 3118 individuum,
3392 3052 3525 3106 hinc
3546 3068 3689 3107 vero

343 3115 544 3169 animal
588 3131 617 3169 e
670 3116 930 3187 regione;
973 3116 1121 3185 quod
1161 3120 1341 3169 autem
1402 3122 1617 3170 constat
1668 3133 1734 3171 ex
1774 3119 1957 3174 anima

340 3207 633 3281 vegetabili
663 3214 717 3261 et
748 3222 1002 3278 corpore,
1050 3214 1106 3261 et
1145 3208 1325 3277 ipsum
1360 3207 1529 3262 habet
1583 3213 1956 3280 suppositum,

342 3296 488 3352 aliud
551 3295 951 3363 subalternum,
1006 3295 1060 3349 id
1122 3302 1206 3350 est
1246 3295 1502 3350 animalis
1548 3313 1759 3365 semen,
1812 3302 1957 3372 quod

343 3408 454 3447 non
481 3398 564 3446 est
602 3390 827 3457 animal,
855 3390 955 3445 sed
986 3390 1213 3445 tandum
1243 3390 1498 3445 animalis
1527 3407 1717 3447 semen
1753 3394 1959 3450 habens

345 3482 615 3537 cdiverso
657 3479 924 3551 plantam,
956 3485 1018 3534 ut
1047 3479 1167 3547 ejus
1196 3479 1343 3550 quod
1384 3494 1449 3533 ex
1475 3494 1706 3550 corpore
1750 3490 1961 3539 constat

345 3584 402 3628 ct
439 3571 737 3646 vegetabili
780 3571 984 3642 anima,
1018 3571 1167 3625 aliud
1193 3570 1265 3625 sit
1288 3586 1477 3626 semen
1510 3572 1781 3637 animalis,
1810 3574 1958 3629 aliud

346 3666 551 3737 planta,
601 3663 704 3718 sub
739 3663 948 3717 semine
979 3662 1251 3729 animalis,
1293 3661 1696 3732 specialissima
1746 3665 1962 3734 species

343 3761 427 3809 est
478 3768 669 3807 semen
735 3750 993 3818 hominis,
1050 3756 1104 3804 et
1174 3750 1305 3805 inde
1360 3749 1700 3806 individuum
1764 3767 1956 3808 semen

343 3845 778 3914 uniuscujusque
809 3842 1069 3897 hominis.
1111 3842 1312 3896 Semen
1352 3848 1535 3896 autem
1592 3843 1832 3898 hominis
1850 3845 1952 3900 sub

344 3937 556 3991 semine
586 3933 859 3998 animalis,
890 3948 1003 3987 non
1032 3938 1116 3988 est
1147 3933 1334 4000 homo,
1368 3949 1472 3987 nec
1511 3934 1736 4001 animal,
1769 3936 1867 3990 sed
1899 3936 1954 3991 in

345 4028 688 4083 individuum
730 4025 992 4096 paulatim
1025 4024 1243 4096 proﬁcit
1280 4025 1542 4080 hominis.

418 4117 667 4173 Decurrit
690 4130 823 4191 ergo
854 4130 1045 4170 semen
1075 4114 1347 4182 animalis,
1382 4116 1531 4187 quod
1572 4131 1681 4171 non
1726 4124 1809 4173 est
1834 4120 1955 4173 ani-

346 4214 476 4280 mal,
507 4219 561 4267 ct
616 4210 875 4283 paulatim
924 4215 1278 4280 promovetur
1307 4209 1363 4264 in
1406 4211 1555 4265 aliud
1606 4211 1954 4267 individuum

346 4304 621 4361 animalis.
668 4303 727 4356 Et
760 4301 833 4356 ita
861 4308 1196 4376 propagatur
1226 4301 1292 4355 ab
1335 4302 1558 4357 animali
1596 4303 1823 4371 animal,
1857 4321 1957 4375 per

2062 3141 2309 3212 partibus
2336 3140 2452 3196 suis
2489 3148 2575 3196 est
2602 3147 2801 3205 totum,
2824 3142 2952 3213 quia
2982 3140 3220 3196 refertur
3242 3142 3309 3196 ad
3338 3142 3587 3212 speciem
3619 3150 3683 3196 ut

2061 3234 2440 3299 individuum;
2472 3235 2697 3305 respicit
2727 3235 2794 3289 ad
2821 3244 3005 3305 partes
3046 3242 3107 3290 ut
3139 3241 3313 3290 totum
3354 3243 3409 3289 et
3442 3236 3684 3289 relatum

2060 3325 2316 3397 utrinque
2347 3327 2622 3397 posterius
2645 3332 2729 3381 est
2753 3336 3027 3398 utroque;
3062 3343 3185 3381 nam
3216 3332 3270 3381 et
3297 3327 3571 3397 posterius
3600 3336 3693 3382 est

2061 3418 2248 3488 specie
2277 3426 2338 3473 ut
2376 3418 2745 3486 individuum,
2784 3427 2840 3474 et
2868 3419 3146 3490 posterius
3176 3420 3295 3474 suis
3326 3419 3599 3491 partibus,
3629 3430 3692 3476 ut

2063 3514 2235 3562 totum
2247 3548 2258 3561 .

2061 3633 2210 3700 Quod
2238 3640 2411 3689 totum
2447 3640 2720 3703 mtegrum
2759 3634 2965 3689 medius
2996 3635 3125 3701 ﬁms
3181 3642 3257 3690 est
3312 3641 3685 3691 extremorum

2661 3724 3074 3793 principiorum.

2127 3849 2300 3906 Omne
2325 3863 2456 3922 ergo
2485 3856 2658 3905 totum
2708 3849 2983 3922 integrum
3012 3851 3263 3921 partibus
3314 3859 3369 3907 et
3396 3854 3679 3923 praedica-

2054 3942 2257 3998 mentis
2294 3957 2353 3997 se
2379 3941 2589 4013 praebet
2617 3941 2883 3997 medium.
2917 3943 3103 3998 Partes
3133 3944 3381 4000 continet
3410 3944 3478 3997 ab
3526 3945 3677 4000 infe-

2055 4034 2215 4100 riori;
2274 4033 2704 4104 praedicamenta
2756 4033 2988 4103 suscipit
3016 4050 3046 4088 a
3093 4035 3386 4104 superiori.
3422 4037 3459 4088 Α
3503 4052 3682 4107 supc-

2056 4126 2301 4182 rioribus
2338 4126 2539 4197 accipit
2574 4126 2935 4182 substantiam
2979 4143 3157 4192 suam,
3209 4128 3276 4182 ab
3315 4128 3682 4185 inferioribus

2057 4216 2225 4270 habet
2272 4214 2638 4288 integritatem
2696 4231 2870 4270 suam.
2926 4218 2966 4269 A
3019 4216 3463 4287 pnedicamentis
3507 4219 3681 4273 habet

2056 4320 2329 4360 summum
2370 4303 2701 4374 principium
2735 4304 2883 4375 quod
2911 4304 3003 4371 sit,
3048 4321 3079 4359 a
3117 4306 3365 4375 partibus
3395 4307 3567 4361 habet
3599 4311 3683 4361 ul-

344 4412 535 4453 semen
568 4394 822 4450 animalis
843 4393 992 4464 quod
1024 4409 1135 4449 non
1159 4400 1243 4449 est
1273 4393 1497 4461 animal,
1530 4401 1591 4449 ut
1610 4410 1801 4450 semen
1833 4396 2031 4478 ani-D
2056 4398 2249 4453 timum
2280 4397 2612 4467 principium
2638 4397 2790 4452 unde
2844 4399 2932 4454 sit.
2967 4400 3005 4452 A
3066 4399 3519 4469 [medicamentis
3548 4410 3680 4470 post

344 4492 502 4547 malis
547 4490 787 4560 perdens
831 4488 1127 4559 specialem
1194 4496 1441 4543 naturam
1484 4489 1735 4555 seminis,
1787 4507 1949 4562 quam

345 4579 580 4636 habebat
601 4576 949 4650 promotione
971 4577 1205 4648 quadam
1235 4576 1470 4647 accipiat
1489 4577 1716 4634 alterius
1740 4579 1949 4650 speciei

342 4668 727 4734 substantiam,
759 4682 921 4739 quam
953 4672 1147 4737 postea
1184 4666 1486 4737 possideat.

341 4817 490 4884 Quod
544 4818 690 4871 circa
743 4814 982 4870 eamdem
1033 4816 1322 4869 materiam
1360 4820 1646 4871 mutentur
1679 4818 1874 4886 species
1901 4823 1951 4871 et

993 4904 1277 4958 individua

408 5031 466 5085 In
501 5044 611 5100 quo
643 5036 727 5083 est
754 5027 1057 5083 notandum
1111 5028 1261 5099 quod
1297 5027 1442 5084 circa
1480 5031 1732 5085 eamdem
1775 5038 1949 5087 mate-

337 5119 475 5174 riem
529 5117 624 5171 ﬁat
666 5115 898 5171 mutatio
950 5115 1263 5185 specierum
1318 5124 1374 5172 et
1418 5117 1850 5187 individuorum,
1891 5128 1947 5176 et

337 5207 394 5260 in
424 5206 615 5261 eadem
665 5220 866 5270 massa,
909 5219 1056 5258 nunc
1085 5213 1140 5259 et
1167 5205 1382 5275 species
1412 5205 1524 5268 ﬁat,
1562 5223 1707 5263 nunc
1744 5209 1855 5274 illa,
1888 5218 1947 5265 ut

342 5299 397 5352 in
428 5314 606 5354 massa
647 5298 878 5354 seminis
920 5298 1084 5354 modo
1123 5299 1195 5354 sit
1246 5300 1529 5356 seminalis
1558 5308 1773 5371 natura,
1802 5312 1947 5374 post,

343 5388 601 5453 humana,
635 5398 690 5443 et
727 5405 852 5444 cum
880 5405 1058 5444 massa
1097 5392 1169 5445 sit
1199 5391 1392 5446 eadem
1433 5393 1809 5463 materialiter,
1851 5412 1950 5466 pro

346 5481 592 5544 tempore
632 5486 807 5532 mutat
853 5480 1219 5535 substantiam
1272 5481 1720 5552 praedicabiliter,
1762 5492 1822 5540 ut
1853 5501 1948 5540 ea-

347 5561 472 5640 dem
503 5573 760 5621 manente
816 5571 1061 5625 materiei
1104 5587 1307 5641 massa,
1347 5571 1489 5629 sicut
1512 5573 1657 5649 circa
1683 5590 1804 5631 eam
1844 5577 1949 5633 ali-

2054 4505 2327 4544 summum
2360 4488 2696 4560 principium
2717 4489 2803 4544 sui
2833 4490 3047 4561 accepit
3071 4490 3416 4547 differentias
3445 4493 3676 4563 specie-

2052 4596 2194 4639 rum.
2228 4580 2620 4636 descendendo
2658 4580 2927 4651 gradatim
2954 4581 3009 4635 in
3035 4598 3132 4656 se,
3160 4598 3192 4636 a
3221 4583 3488 4653 partibus,
3539 4583 3681 4639 citra

2053 4672 2388 4743 principium
2418 4671 2671 4727 ultimum
2704 4673 2809 4740 sui,
2843 4673 3044 4744 accipit
3067 4674 3507 4744 compositiones
3548 4691 3680 4745 paro

2052 4762 2188 4817 tium
2218 4761 2574 4818 ascendendo
2599 4761 2867 4834 gradatim
2891 4762 2946 4816 in
2978 4778 3062 4817 se.
3099 4762 3249 4817 idem
3282 4762 3463 4833 ipsum
3490 4779 3522 4815 a
3541 4780 3684 4833 prae-

2051 4854 2381 4910 dicamentis
2416 4853 2650 4925 suscipit
2680 4853 2737 4907 in
2768 4870 2829 4909 se
2875 4854 3349 4925 praedicationem,
3397 4860 3451 4909 et
3490 4871 3525 4909 a
3556 4872 3689 4925 par-

2048 4949 2195 5007 tibus
2231 4948 2432 5019 accipit
2487 4947 2546 5002 in
2575 4963 2636 5002 se
2682 4948 3168 5019 compositionem,
3223 4948 3368 5004 idem
3400 4949 3591 5020 ipsum
3628 4961 3689 5007 et

2047 5047 2218 5121 totum
2242 5048 2325 5096 est
2376 5047 2431 5095 et
2474 5040 2847 5105 individuum;
2879 5041 3227 5097 individuum
3273 5048 3374 5108 est,
3413 5043 3549 5112 quia
3577 5044 3688 5099 ali-

2047 5130 2181 5202 quid
2202 5136 2316 5196 est;
2346 5134 2520 5186 totum
2552 5136 2657 5199 est,
2689 5131 2819 5201 quia
2843 5131 2914 5186 de
2942 5130 3129 5203 aliquo
3154 5138 3258 5187 est.

2121 5218 2470 5274 lndividuum
2505 5224 2607 5285 est,
2648 5219 2779 5290 quia
2826 5219 2895 5274 de
2929 5234 2995 5274 eo
3035 5220 3298 5275 dicuntur
3346 5222 3683 5292 superiora;

2051 5314 2226 5365 totum
2257 5317 2359 5374 est,
2383 5309 2513 5379 quia
2535 5308 2710 5378 ipsum
2752 5318 3096 5380 componunt
3127 5310 3409 5366 inferiora.
3458 5313 3685 5369 lndivi-

2052 5400 2221 5455 duum
2252 5406 2354 5467 est,
2387 5400 2536 5470 quod
2562 5401 2631 5454 de
2661 5399 2912 5469 subjecto
2943 5417 3054 5456 non
3087 5402 3287 5458 dicitur
3316 5421 3331 5468 ;
3365 5409 3538 5458 totum
3573 5415 3682 5469 est,

2052 5489 2203 5558 quod
2233 5505 2298 5543 ex
2330 5488 2583 5560 pluribus
2611 5490 2984 5561 componitur.
3011 5490 3127 5547 Non
3155 5493 3397 5562 pertinet
3425 5494 3498 5549 ad
3529 5496 3686 5552 indi-

2051 5579 2277 5635 viduum
2317 5579 2666 5652 compositio,
2708 5596 2813 5637 nec
2841 5581 2911 5637 ad
2955 5588 3128 5639 totum
3173 5584 3516 5656 praedicatio,
3546 5589 3686 5660 quia
