  <div class='ocr_page' id='page_1' title='image "/cluster/home/n/w/nwhite01/storage/ocr_20150623/160/hvd.32044054760186/554.png"; bbox 0 0 3892 6048; ppageno 0'>
   <div class='ocr_carea' id='block_1_1' title="bbox 169 277 306 333">
    <p class='ocr_par' dir='ltr' id='par_1_1' title="bbox 169 277 306 333">
     <span class='ocr_line' id='line_1_1' title="bbox 169 277 306 333; baseline 0.007 -2"><span class='ocrx_word' id='word_1_1' title='bbox 169 277 306 333; x_wconf 81' lang='grc'><strong>1097</strong></span> 
     </span>
    </p>
   </div>
   <div class='ocr_carea' id='block_1_2' title="bbox 1281 268 2410 331">
    <p class='ocr_par' dir='ltr' id='par_1_2' title="bbox 1281 268 2410 331">
     <span class='ocr_line' id='line_1_2' title="bbox 1281 268 2410 331; baseline -0.004 0"><span class='ocrx_word' id='word_1_2' title='bbox 1281 277 1362 331; x_wconf 87' lang='lat' dir='ltr'><strong>DE</strong></span> <span class='ocrx_word' id='word_1_3' title='bbox 1403 273 1687 331; x_wconf 76' lang='lat' dir='ltr'><strong>PECCATO</strong></span> <span class='ocrx_word' id='word_1_4' title='bbox 1727 269 2092 328; x_wconf 80' lang='lat' dir='ltr'><strong>ORIGINALI.</strong></span> <span class='ocrx_word' id='word_1_5' title='bbox 2138 268 2266 326; x_wconf 87' lang='lat' dir='ltr'><strong>LIB.</strong></span> <span class='ocrx_word' id='word_1_6' title='bbox 2311 268 2410 327; x_wconf 87' lang='grc' dir='ltr'><strong>ΙΙΙ.</strong></span> 
     </span>
    </p>
   </div>
   <div class='ocr_carea' id='block_1_3' title="bbox 3349 267 3494 324">
    <p class='ocr_par' dir='ltr' id='par_1_3' title="bbox 3349 267 3494 324">
     <span class='ocr_line' id='line_1_3' title="bbox 3349 267 3494 324; baseline 0.014 -2"><span class='ocrx_word' id='word_1_7' title='bbox 3349 267 3494 324; x_wconf 78' lang='grc'>1098</span> 
     </span>
    </p>
   </div>
   <div class='ocr_carea' id='block_1_4' title="bbox 169 405 3490 492">
    <p class='ocr_par' dir='ltr' id='par_1_4' title="bbox 169 405 3490 492">
     <span class='ocr_line' id='line_1_4' title="bbox 169 405 3490 492; baseline -0.005 -17"><span class='ocrx_word' id='word_1_8' title='bbox 169 436 273 476; x_wconf 89' lang='lat' dir='ltr'><strong>nec</strong></span> <span class='ocrx_word' id='word_1_9' title='bbox 311 426 484 476; x_wconf 90' lang='lat' dir='ltr'><strong>totum</strong></span> <span class='ocrx_word' id='word_1_10' title='bbox 513 421 714 478; x_wconf 90' lang='lat' dir='ltr'><strong>dicitur</strong></span> <span class='ocrx_word' id='word_1_11' title='bbox 763 427 824 477; x_wconf 92' lang='lat' dir='ltr'><strong>ut</strong></span> <span class='ocrx_word' id='word_1_12' title='bbox 852 421 1120 492; x_wconf 76' lang='lat' dir='ltr'><strong>suscipiat</strong></span> <span class='ocrx_word' id='word_1_13' title='bbox 1155 421 1627 492; x_wconf 58' lang='lat' dir='ltr'><strong>praedicationem,</strong></span> <span class='ocrx_word' id='word_1_14' title='bbox 1677 433 1783 472; x_wconf 90' lang='lat' dir='ltr'><strong>noc</strong></span> <span class='ocrx_word' id='word_1_15' title='bbox 1807 421 1855 486; x_wconf 86' lang='grc' dir='ltr'><strong>Α</strong></span> <span class='ocrx_word' id='word_1_16' title='bbox 1887 411 2111 484; x_wconf 86' lang='lat' dir='ltr'><strong>quidem</strong></span> <span class='ocrx_word' id='word_1_17' title='bbox 2161 408 2389 482; x_wconf 80' lang='lat' dir='ltr'><strong>cogitari</strong></span> <span class='ocrx_word' id='word_1_18' title='bbox 2421 413 2626 480; x_wconf 96' lang='lat' dir='ltr'><strong>potest,</strong></span> <span class='ocrx_word' id='word_1_19' title='bbox 2667 405 2766 461; x_wconf 87' lang='lat' dir='ltr'><strong>sed</strong></span> <span class='ocrx_word' id='word_1_20' title='bbox 2806 422 2928 462; x_wconf 88' lang='lat' dir='ltr'><strong>esse</strong></span> <span class='ocrx_word' id='word_1_21' title='bbox 2987 407 3108 462; x_wconf 85' lang='lat' dir='ltr'><strong>sine</strong></span> <span class='ocrx_word' id='word_1_22' title='bbox 3161 405 3336 481; x_wconf 80' lang='lat' dir='ltr'><strong>ﬁgura</strong></span> <span class='ocrx_word' id='word_1_23' title='bbox 3379 423 3490 464; x_wconf 87' lang='lat' dir='ltr'><strong>non</strong></span> 
     </span>
    </p>
   </div>
   <div class='ocr_carea' id='block_1_5' title="bbox 168 511 1785 584">
    <p class='ocr_par' dir='ltr' id='par_1_5' title="bbox 168 511 1785 584">
     <span class='ocr_line' id='line_1_5' title="bbox 168 511 1785 584; baseline 0 -19"><span class='ocrx_word' id='word_1_24' title='bbox 168 511 515 567; x_wconf 90' lang='lat' dir='ltr'><strong>individuum</strong></span> <span class='ocrx_word' id='word_1_25' title='bbox 537 519 598 568; x_wconf 92' lang='lat' dir='ltr'><strong>ut</strong></span> <span class='ocrx_word' id='word_1_26' title='bbox 628 513 864 584; x_wconf 86' lang='lat' dir='ltr'><strong>accipiat</strong></span> <span class='ocrx_word' id='word_1_27' title='bbox 891 511 1372 584; x_wconf 77' lang='lat' dir='ltr'><strong>compositionem.</strong></span> <span class='ocrx_word' id='word_1_28' title='bbox 1418 512 1589 566; x_wconf 84' lang='lat' dir='ltr'><strong>Omne</strong></span> <span class='ocrx_word' id='word_1_29' title='bbox 1617 511 1785 583; x_wconf 79' lang='lat' dir='ltr'><strong>igitur</strong></span> 
     </span>
    </p>
   </div>
   <div class='ocr_carea' id='block_1_6' title="bbox 172 600 1783 676">
    <p class='ocr_par' dir='ltr' id='par_1_6' title="bbox 172 600 1783 676">
     <span class='ocr_line' id='line_1_6' title="bbox 172 600 1783 676; baseline -0.001 -20"><span class='ocrx_word' id='word_1_30' title='bbox 172 601 410 670; x_wconf 84' lang='lat' dir='ltr'><strong>alicujus</strong></span> <span class='ocrx_word' id='word_1_31' title='bbox 451 601 642 676; x_wconf 81' lang='lat' dir='ltr'><strong>ﬁgurae</strong></span> <span class='ocrx_word' id='word_1_32' title='bbox 689 617 858 672; x_wconf 82' lang='lat' dir='ltr'><strong>capax</strong></span> <span class='ocrx_word' id='word_1_33' title='bbox 908 601 1182 674; x_wconf 85' lang='lat' dir='ltr'><strong>integrum</strong></span> <span class='ocrx_word' id='word_1_34' title='bbox 1251 607 1422 656; x_wconf 92' lang='lat' dir='ltr'><strong>totum</strong></span> <span class='ocrx_word' id='word_1_35' title='bbox 1469 600 1636 656; x_wconf 86' lang='lat' dir='ltr'><strong>habet</strong></span> <span class='ocrx_word' id='word_1_36' title='bbox 1673 601 1783 656; x_wconf 91' lang='lat' dir='ltr'><strong>duo</strong></span> 
     </span>
    </p>
   </div>
   <div class='ocr_carea' id='block_1_7' title="bbox 171 689 1786 762">
    <p class='ocr_par' dir='ltr' id='par_1_7' title="bbox 171 689 1786 762">
     <span class='ocr_line' id='line_1_7' title="bbox 171 689 1786 762; baseline 0.001 -17"><span class='ocrx_word' id='word_1_37' title='bbox 171 691 470 762; x_wconf 84' lang='lat' dir='ltr'><strong>principia,</strong></span> <span class='ocrx_word' id='word_1_38' title='bbox 497 691 626 746; x_wconf 88' lang='lat' dir='ltr'><strong>huic</strong></span> <span class='ocrx_word' id='word_1_39' title='bbox 679 689 956 760; x_wconf 89' lang='lat' dir='ltr'><strong>inﬁmum,</strong></span> <span class='ocrx_word' id='word_1_40' title='bbox 988 690 1064 746; x_wconf 91' lang='lat' dir='ltr'><strong>illi</strong></span> <span class='ocrx_word' id='word_1_41' title='bbox 1095 707 1391 746; x_wconf 90' lang='lat' dir='ltr'><strong>summum.</strong></span> <span class='ocrx_word' id='word_1_42' title='bbox 1438 690 1662 746; x_wconf 92' lang='lat' dir='ltr'><strong>Summo</strong></span> <span class='ocrx_word' id='word_1_43' title='bbox 1702 697 1786 746; x_wconf 90' lang='lat' dir='ltr'><strong>est</strong></span> 
     </span>
    </p>
   </div>
   <div class='ocr_carea' id='block_1_8' title="bbox 171 781 1786 856">
    <p class='ocr_par' dir='ltr' id='par_1_8' title="bbox 171 781 1786 856">
     <span class='ocr_line' id='line_1_8' title="bbox 171 781 1786 856; baseline 0.001 -19"><span class='ocrx_word' id='word_1_44' title='bbox 171 781 448 852; x_wconf 86' lang='lat' dir='ltr'><strong>inﬁmum,</strong></span> <span class='ocrx_word' id='word_1_45' title='bbox 508 783 640 856; x_wconf 84' lang='lat' dir='ltr'><strong>quia</strong></span> <span class='ocrx_word' id='word_1_46' title='bbox 689 789 772 839; x_wconf 92' lang='lat' dir='ltr'><strong>est</strong></span> <span class='ocrx_word' id='word_1_47' title='bbox 818 784 940 852; x_wconf 85' lang='lat' dir='ltr'><strong>ejus</strong></span> <span class='ocrx_word' id='word_1_48' title='bbox 1014 784 1392 851; x_wconf 82' lang='lat' dir='ltr'><strong>individuum;</strong></span> <span class='ocrx_word' id='word_1_49' title='bbox 1454 781 1645 840; x_wconf 90' lang='lat' dir='ltr'><strong>inﬁmo</strong></span> <span class='ocrx_word' id='word_1_50' title='bbox 1699 790 1786 839; x_wconf 89' lang='lat' dir='ltr'><strong>est</strong></span> 
     </span>
    </p>
   </div>
   <div class='ocr_carea' id='block_1_9' title="bbox 168 872 1784 944">
    <p class='ocr_par' dir='ltr' id='par_1_9' title="bbox 168 872 1784 944">
     <span class='ocr_line' id='line_1_9' title="bbox 168 872 1784 944; baseline 0.001 -18"><span class='ocrx_word' id='word_1_51' title='bbox 168 888 468 940; x_wconf 91' lang='lat' dir='ltr'><strong>summum,</strong></span> <span class='ocrx_word' id='word_1_52' title='bbox 527 873 654 944; x_wconf 89' lang='lat' dir='ltr'><strong>quia</strong></span> <span class='ocrx_word' id='word_1_53' title='bbox 703 873 826 942; x_wconf 85' lang='lat' dir='ltr'><strong>ejus</strong></span> <span class='ocrx_word' id='word_1_54' title='bbox 889 880 973 929; x_wconf 90' lang='lat' dir='ltr'><strong>est</strong></span> <span class='ocrx_word' id='word_1_55' title='bbox 1019 880 1214 928; x_wconf 89' lang='lat' dir='ltr'><strong>totum.</strong></span> <span class='ocrx_word' id='word_1_56' title='bbox 1271 874 1496 930; x_wconf 89' lang='lat' dir='ltr'><strong>Summo</strong></span> <span class='ocrx_word' id='word_1_57' title='bbox 1529 881 1612 929; x_wconf 90' lang='lat' dir='ltr'><strong>est</strong></span> <span class='ocrx_word' id='word_1_58' title='bbox 1657 872 1784 928; x_wconf 87' lang='lat' dir='ltr'><strong>inﬁ-</strong></span> 
     </span>
    </p>
   </div>
   <div class='ocr_carea' id='block_1_10' title="bbox 171 961 1788 1033">
    <p class='ocr_par' dir='ltr' id='par_1_10' title="bbox 171 961 1788 1033">
     <span class='ocr_line' id='line_1_10' title="bbox 171 961 1788 1033; baseline 0.002 -17"><span class='ocrx_word' id='word_1_59' title='bbox 171 977 344 1025; x_wconf 88' lang='lat' dir='ltr'><strong>mum,</strong></span> <span class='ocrx_word' id='word_1_60' title='bbox 386 961 516 1033; x_wconf 89' lang='lat' dir='ltr'><strong>quia</strong></span> <span class='ocrx_word' id='word_1_61' title='bbox 563 977 676 1018; x_wconf 87' lang='lat' dir='ltr'><strong>non</strong></span> <span class='ocrx_word' id='word_1_62' title='bbox 737 962 938 1017; x_wconf 90' lang='lat' dir='ltr'><strong>dicitur</strong></span> <span class='ocrx_word' id='word_1_63' title='bbox 985 963 1056 1016; x_wconf 91' lang='lat' dir='ltr'><strong>de</strong></span> <span class='ocrx_word' id='word_1_64' title='bbox 1115 962 1398 1032; x_wconf 86' lang='lat' dir='ltr'><strong>subjecto;</strong></span> <span class='ocrx_word' id='word_1_65' title='bbox 1459 963 1652 1019; x_wconf 87' lang='lat' dir='ltr'><strong>inﬁmo</strong></span> <span class='ocrx_word' id='word_1_66' title='bbox 1703 971 1788 1019; x_wconf 90' lang='lat' dir='ltr'><strong>est</strong></span> 
     </span>
    </p>
   </div>
   <div class='ocr_carea' id='block_1_11' title="bbox 171 1053 1789 1126">
    <p class='ocr_par' dir='ltr' id='par_1_11' title="bbox 171 1053 1789 1126">
     <span class='ocr_line' id='line_1_11' title="bbox 171 1053 1789 1126; baseline 0 -16"><span class='ocrx_word' id='word_1_67' title='bbox 171 1070 468 1122; x_wconf 89' lang='lat' dir='ltr'><strong>summum,</strong></span> <span class='ocrx_word' id='word_1_68' title='bbox 494 1053 624 1126; x_wconf 89' lang='lat' dir='ltr'><strong>quia</strong></span> <span class='ocrx_word' id='word_1_69' title='bbox 663 1054 1012 1110; x_wconf 81' lang='lat' dir='ltr'><strong>constituitur</strong></span> <span class='ocrx_word' id='word_1_70' title='bbox 1035 1055 1103 1110; x_wconf 88' lang='lat' dir='ltr'><strong>ad</strong></span> <span class='ocrx_word' id='word_1_71' title='bbox 1135 1055 1386 1110; x_wconf 85' lang='lat' dir='ltr'><strong>ultimum</strong></span> <span class='ocrx_word' id='word_1_72' title='bbox 1419 1055 1488 1111; x_wconf 91' lang='lat' dir='ltr'><strong>de</strong></span> <span class='ocrx_word' id='word_1_73' title='bbox 1512 1055 1606 1112; x_wconf 92' lang='lat' dir='ltr'><strong>illo</strong></span> <span class='ocrx_word' id='word_1_74' title='bbox 1658 1054 1789 1112; x_wconf 85' lang='lat' dir='ltr'><strong>Inﬁ-</strong></span> 
     </span>
    </p>
   </div>
   <div class='ocr_carea' id='block_1_12' title="bbox 172 1143 1787 1214">
    <p class='ocr_par' dir='ltr' id='par_1_12' title="bbox 172 1143 1787 1214">
     <span class='ocr_line' id='line_1_12' title="bbox 172 1143 1787 1214; baseline 0.002 -17"><span class='ocrx_word' id='word_1_75' title='bbox 172 1159 322 1198; x_wconf 91' lang='lat' dir='ltr'><strong>mum</strong></span> <span class='ocrx_word' id='word_1_76' title='bbox 349 1151 453 1210; x_wconf 90' lang='lat' dir='ltr'><strong>est,</strong></span> <span class='ocrx_word' id='word_1_77' title='bbox 475 1143 601 1214; x_wconf 89' lang='lat' dir='ltr'><strong>quia</strong></span> <span class='ocrx_word' id='word_1_78' title='bbox 636 1143 717 1198; x_wconf 91' lang='lat' dir='ltr'><strong>sic</strong></span> <span class='ocrx_word' id='word_1_79' title='bbox 757 1143 1048 1199; x_wconf 86' lang='lat' dir='ltr'><strong>descendit</strong></span> <span class='ocrx_word' id='word_1_80' title='bbox 1077 1159 1108 1198; x_wconf 88' lang='lat' dir='ltr'><strong>a</strong></span> <span class='ocrx_word' id='word_1_81' title='bbox 1147 1145 1592 1214; x_wconf 70' lang='lat' dir='ltr'><strong>prmdicamentis</strong></span> <span class='ocrx_word' id='word_1_82' title='bbox 1629 1154 1690 1201; x_wconf 89' lang='lat' dir='ltr'><strong>ut</strong></span> <span class='ocrx_word' id='word_1_83' title='bbox 1717 1145 1787 1202; x_wconf 90' lang='lat' dir='ltr'><strong>de</strong></span> 
     </span>
    </p>
   </div>
   <div class='ocr_carea' id='block_1_13' title="bbox 171 1232 1786 1307">
    <p class='ocr_par' dir='ltr' id='par_1_13' title="bbox 171 1232 1786 1307">
     <span class='ocr_line' id='line_1_13' title="bbox 171 1232 1786 1307; baseline 0.002 -20"><span class='ocrx_word' id='word_1_84' title='bbox 171 1233 324 1289; x_wconf 93' lang='lat' dir='ltr'><strong>nullo</strong></span> <span class='ocrx_word' id='word_1_85' title='bbox 353 1232 607 1298; x_wconf 82' lang='lat' dir='ltr'><strong>dicatur;</strong></span> <span class='ocrx_word' id='word_1_86' title='bbox 639 1249 916 1288; x_wconf 92' lang='lat' dir='ltr'><strong>summum</strong></span> <span class='ocrx_word' id='word_1_87' title='bbox 943 1239 1044 1298; x_wconf 88' lang='lat' dir='ltr'><strong>est,</strong></span> <span class='ocrx_word' id='word_1_88' title='bbox 1075 1234 1202 1305; x_wconf 87' lang='lat' dir='ltr'><strong>quia</strong></span> <span class='ocrx_word' id='word_1_89' title='bbox 1232 1233 1314 1289; x_wconf 91' lang='lat' dir='ltr'><strong>sic</strong></span> <span class='ocrx_word' id='word_1_90' title='bbox 1331 1235 1583 1290; x_wconf 87' lang='lat' dir='ltr'><strong>ascendit</strong></span> <span class='ocrx_word' id='word_1_91' title='bbox 1603 1252 1634 1290; x_wconf 91' lang='lat' dir='ltr'><strong>a</strong></span> <span class='ocrx_word' id='word_1_92' title='bbox 1654 1251 1786 1307; x_wconf 86' lang='lat' dir='ltr'><strong>par-</strong></span> 
     </span>
    </p>
   </div>
   <div class='ocr_carea' id='block_1_14' title="bbox 165 1325 1787 1400">
    <p class='ocr_par' dir='ltr' id='par_1_14' title="bbox 165 1325 1787 1400">
     <span class='ocr_line' id='line_1_14' title="bbox 165 1325 1787 1400; baseline 0 -20"><span class='ocrx_word' id='word_1_93' title='bbox 165 1325 336 1393; x_wconf 82' lang='lat' dir='ltr'><strong>tibus,</strong></span> <span class='ocrx_word' id='word_1_94' title='bbox 365 1332 426 1380; x_wconf 93' lang='lat' dir='ltr'><strong>ut</strong></span> <span class='ocrx_word' id='word_1_95' title='bbox 459 1325 692 1380; x_wconf 89' lang='lat' dir='ltr'><strong>ulterius</strong></span> <span class='ocrx_word' id='word_1_96' title='bbox 721 1340 831 1380; x_wconf 90' lang='lat' dir='ltr'><strong>non</strong></span> <span class='ocrx_word' id='word_1_97' title='bbox 864 1325 1271 1400; x_wconf 83' lang='lat' dir='ltr'><strong>progrediatur.</strong></span> <span class='ocrx_word' id='word_1_98' title='bbox 1311 1325 1607 1398; x_wconf 86' lang='lat' dir='ltr'><strong>Utriusque</strong></span> <span class='ocrx_word' id='word_1_99' title='bbox 1633 1327 1787 1398; x_wconf 87' lang='lat' dir='ltr'><strong>prin-</strong></span> 
     </span>
    </p>
   </div>
   <div class='ocr_carea' id='block_1_15' title="bbox 165 1415 1783 1490">
    <p class='ocr_par' dir='ltr' id='par_1_15' title="bbox 165 1415 1783 1490">
     <span class='ocr_line' id='line_1_15' title="bbox 165 1415 1783 1490; baseline 0.001 -20"><span class='ocrx_word' id='word_1_100' title='bbox 165 1416 298 1487; x_wconf 91' lang='lat' dir='ltr'><strong>cipii</strong></span> <span class='ocrx_word' id='word_1_101' title='bbox 331 1416 574 1472; x_wconf 91' lang='lat' dir='ltr'><strong>medium</strong></span> <span class='ocrx_word' id='word_1_102' title='bbox 603 1432 663 1472; x_wconf 89' lang='lat' dir='ltr'><strong>se</strong></span> <span class='ocrx_word' id='word_1_103' title='bbox 687 1415 849 1472; x_wconf 90' lang='lat' dir='ltr'><strong>ﬁnem</strong></span> <span class='ocrx_word' id='word_1_104' title='bbox 883 1417 1128 1485; x_wconf 86' lang='lat' dir='ltr'><strong>exhibet,</strong></span> <span class='ocrx_word' id='word_1_105' title='bbox 1148 1427 1208 1473; x_wconf 91' lang='lat' dir='ltr'><strong>ut</strong></span> <span class='ocrx_word' id='word_1_106' title='bbox 1236 1419 1525 1490; x_wconf 91' lang='lat' dir='ltr'><strong>utriusque</strong></span> <span class='ocrx_word' id='word_1_107' title='bbox 1543 1417 1783 1474; x_wconf 88' lang='lat' dir='ltr'><strong>ofﬁcium</strong></span> 
     </span>
    </p>
   </div>
   <div class='ocr_carea' id='block_1_16' title="bbox 169 1509 1786 1581">
    <p class='ocr_par' dir='ltr' id='par_1_16' title="bbox 169 1509 1786 1581">
     <span class='ocr_line' id='line_1_16' title="bbox 169 1509 1786 1581; baseline 0.002 -19"><span class='ocrx_word' id='word_1_108' title='bbox 169 1509 224 1562; x_wconf 91' lang='lat' dir='ltr'><strong>in</strong></span> <span class='ocrx_word' id='word_1_109' title='bbox 243 1525 302 1564; x_wconf 90' lang='lat' dir='ltr'><strong>se</strong></span> <span class='ocrx_word' id='word_1_110' title='bbox 323 1509 708 1565; x_wconf 89' lang='lat' dir='ltr'><strong>conterminet.</strong></span> <span class='ocrx_word' id='word_1_111' title='bbox 744 1509 875 1564; x_wconf 86' lang='lat' dir='ltr'><strong>Nam</strong></span> <span class='ocrx_word' id='word_1_112' title='bbox 908 1509 1036 1565; x_wconf 80' lang='lat' dir='ltr'><strong>finis</strong></span> <span class='ocrx_word' id='word_1_113' title='bbox 1068 1509 1475 1581; x_wconf 78' lang='lat' dir='ltr'><strong>praedicationis</strong></span> <span class='ocrx_word' id='word_1_114' title='bbox 1498 1509 1606 1566; x_wconf 89' lang='lat' dir='ltr'><strong>ﬁta</strong></span> <span class='ocrx_word' id='word_1_115' title='bbox 1637 1527 1786 1566; x_wconf 92' lang='lat' dir='ltr'><strong>sum-</strong></span> 
     </span>
    </p>
   </div>
   <div class='ocr_carea' id='block_1_17' title="bbox 169 1595 1788 1670">
    <p class='ocr_par' dir='ltr' id='par_1_17' title="bbox 169 1595 1788 1670">
     <span class='ocr_line' id='line_1_17' title="bbox 169 1595 1788 1670; baseline 0.003 -21"><span class='ocrx_word' id='word_1_116' title='bbox 169 1613 259 1653; x_wconf 93' lang='lat' dir='ltr'><strong>mo</strong></span> <span class='ocrx_word' id='word_1_117' title='bbox 288 1597 584 1670; x_wconf 84' lang='lat' dir='ltr'><strong>principio,</strong></span> <span class='ocrx_word' id='word_1_118' title='bbox 607 1606 664 1654; x_wconf 91' lang='lat' dir='ltr'><strong>et</strong></span> <span class='ocrx_word' id='word_1_119' title='bbox 696 1595 823 1652; x_wconf 92' lang='lat' dir='ltr'><strong>ﬁnis</strong></span> <span class='ocrx_word' id='word_1_120' title='bbox 855 1599 1276 1670; x_wconf 85' lang='lat' dir='ltr'><strong>compositionis</strong></span> <span class='ocrx_word' id='word_1_121' title='bbox 1305 1599 1525 1655; x_wconf 88' lang='lat' dir='ltr'><strong>abimo.</strong></span> <span class='ocrx_word' id='word_1_122' title='bbox 1557 1599 1618 1654; x_wconf 84' lang='lat' dir='ltr'><strong>Et</strong></span> <span class='ocrx_word' id='word_1_123' title='bbox 1648 1599 1788 1654; x_wconf 88' lang='lat' dir='ltr'><strong>ﬁnes</strong></span> 
     </span>
    </p>
   </div>
   <div class='ocr_carea' id='block_1_18' title="bbox 166 1687 1787 1758">
    <p class='ocr_par' dir='ltr' id='par_1_18' title="bbox 166 1687 1787 1758">
     <span class='ocr_line' id='line_1_18' title="bbox 166 1687 1787 1758; baseline 0.002 -18"><span class='ocrx_word' id='word_1_124' title='bbox 166 1695 542 1743; x_wconf 88' lang='lat' dir='ltr'><strong>extremorum</strong></span> <span class='ocrx_word' id='word_1_125' title='bbox 583 1687 638 1741; x_wconf 90' lang='lat' dir='ltr'><strong>in</strong></span> <span class='ocrx_word' id='word_1_126' title='bbox 691 1687 814 1758; x_wconf 90' lang='lat' dir='ltr'><strong>ipso</strong></span> <span class='ocrx_word' id='word_1_127' title='bbox 857 1687 1018 1742; x_wconf 87' lang='lat' dir='ltr'><strong>simul</strong></span> <span class='ocrx_word' id='word_1_128' title='bbox 1055 1688 1413 1754; x_wconf 84' lang='lat' dir='ltr'><strong>conveniunt,</strong></span> <span class='ocrx_word' id='word_1_129' title='bbox 1446 1697 1506 1744; x_wconf 93' lang='lat' dir='ltr'><strong>ut</strong></span> <span class='ocrx_word' id='word_1_130' title='bbox 1543 1687 1787 1744; x_wconf 85' lang='lat' dir='ltr'><strong>inveniat</strong></span> 
     </span>
    </p>
   </div>
   <div class='ocr_carea' id='block_1_19' title="bbox 167 1777 1858 1858">
    <p class='ocr_par' dir='ltr' id='par_1_19' title="bbox 167 1777 1858 1858">
     <span class='ocr_line' id='line_1_19' title="bbox 167 1777 1858 1858; baseline 0.002 -27"><span class='ocrx_word' id='word_1_131' title='bbox 167 1777 336 1832; x_wconf 90' lang='lat' dir='ltr'><strong>ﬁnem</strong></span> <span class='ocrx_word' id='word_1_132' title='bbox 361 1777 453 1833; x_wconf 90' lang='lat' dir='ltr'><strong>hic</strong></span> <span class='ocrx_word' id='word_1_133' title='bbox 482 1783 537 1832; x_wconf 90' lang='lat' dir='ltr'><strong>et</strong></span> <span class='ocrx_word' id='word_1_134' title='bbox 566 1777 660 1832; x_wconf 91' lang='lat' dir='ltr'><strong>ille</strong></span> <span class='ocrx_word' id='word_1_135' title='bbox 690 1794 946 1834; x_wconf 89' lang='lat' dir='ltr'><strong>recursus</strong></span> <span class='ocrx_word' id='word_1_136' title='bbox 968 1778 1198 1836; x_wconf 87' lang='lat' dir='ltr'><strong>ibidem.</strong></span> <span class='ocrx_word' id='word_1_137' title='bbox 1227 1780 1290 1836; x_wconf 87' lang='lat' dir='ltr'><strong>Ut</strong></span> <span class='ocrx_word' id='word_1_138' title='bbox 1311 1781 1780 1853; x_wconf 56' lang='lat' dir='ltr'><strong>aliquiscentena-</strong></span> <span class='ocrx_word' id='word_1_139' title='bbox 1807 1790 1858 1858; x_wconf 82' lang='grc' dir='ltr'>Β</span> 
     </span>
    </p>
   </div>
   <div class='ocr_carea' id='block_1_20' title="bbox 166 1869 1778 1946">
    <p class='ocr_par' dir='ltr' id='par_1_20' title="bbox 166 1869 1778 1946">
     <span class='ocr_line' id='line_1_20' title="bbox 166 1869 1778 1946; baseline 0.002 -22"><span class='ocrx_word' id='word_1_140' title='bbox 166 1870 283 1924; x_wconf 86' lang='lat' dir='ltr'><strong>rius</strong></span> <span class='ocrx_word' id='word_1_141' title='bbox 313 1869 484 1926; x_wconf 90' lang='lat' dir='ltr'><strong>habet</strong></span> <span class='ocrx_word' id='word_1_142' title='bbox 505 1877 770 1937; x_wconf 86' lang='lat' dir='ltr'><strong>extrema,</strong></span> <span class='ocrx_word' id='word_1_143' title='bbox 795 1871 924 1926; x_wconf 90' lang='lat' dir='ltr'><strong>hinc</strong></span> <span class='ocrx_word' id='word_1_144' title='bbox 953 1873 1242 1940; x_wconf 89' lang='lat' dir='ltr'><strong>unitatem,</strong></span> <span class='ocrx_word' id='word_1_145' title='bbox 1276 1873 1477 1929; x_wconf 88' lang='lat' dir='ltr'><strong>etinde</strong></span> <span class='ocrx_word' id='word_1_146' title='bbox 1499 1873 1778 1946; x_wconf 89' lang='lat' dir='ltr'><strong>quantita-</strong></span> 
     </span>
    </p>
   </div>
   <div class='ocr_carea' id='block_1_21' title="bbox 163 1959 1778 2035">
    <p class='ocr_par' dir='ltr' id='par_1_21' title="bbox 163 1959 1778 2035">
     <span class='ocr_line' id='line_1_21' title="bbox 163 1959 1778 2035; baseline 0.001 -20"><span class='ocrx_word' id='word_1_147' title='bbox 163 1968 300 2027; x_wconf 88' lang='lat' dir='ltr'><strong>tem,</strong></span> <span class='ocrx_word' id='word_1_148' title='bbox 334 1959 678 2016; x_wconf 88' lang='lat' dir='ltr'><strong>individuum</strong></span> <span class='ocrx_word' id='word_1_149' title='bbox 711 1976 741 2016; x_wconf 88' lang='lat' dir='ltr'><strong>a</strong></span> <span class='ocrx_word' id='word_1_150' title='bbox 763 1961 1067 2033; x_wconf 88' lang='lat' dir='ltr'><strong>quantitate</strong></span> <span class='ocrx_word' id='word_1_151' title='bbox 1097 1962 1398 2018; x_wconf 89' lang='lat' dir='ltr'><strong>secundum</strong></span> <span class='ocrx_word' id='word_1_152' title='bbox 1433 1961 1778 2035; x_wconf 84' lang='lat' dir='ltr'><strong>praedicatio-</strong></span> 
     </span>
    </p>
   </div>
   <div class='ocr_carea' id='block_1_22' title="bbox 165 2049 1774 2120">
    <p class='ocr_par' dir='ltr' id='par_1_22' title="bbox 165 2049 1774 2120">
     <span class='ocr_line' id='line_1_22' title="bbox 165 2049 1774 2120; baseline 0.002 -16"><span class='ocrx_word' id='word_1_153' title='bbox 165 2067 292 2106; x_wconf 88' lang='lat' dir='ltr'><strong>nem</strong></span> <span class='ocrx_word' id='word_1_154' title='bbox 324 2049 598 2118; x_wconf 90' lang='lat' dir='ltr'><strong>inﬁmum,</strong></span> <span class='ocrx_word' id='word_1_155' title='bbox 640 2057 812 2108; x_wconf 89' lang='lat' dir='ltr'><strong>totum</strong></span> <span class='ocrx_word' id='word_1_156' title='bbox 873 2052 942 2106; x_wconf 90' lang='lat' dir='ltr'><strong>ab</strong></span> <span class='ocrx_word' id='word_1_157' title='bbox 979 2051 1212 2120; x_wconf 87' lang='lat' dir='ltr'><strong>unitate,</strong></span> <span class='ocrx_word' id='word_1_158' title='bbox 1269 2054 1575 2110; x_wconf 89' lang='lat' dir='ltr'><strong>secundum</strong></span> <span class='ocrx_word' id='word_1_159' title='bbox 1621 2069 1774 2108; x_wconf 87' lang='lat' dir='ltr'><strong>suam</strong></span> 
     </span>
    </p>
   </div>
   <div class='ocr_carea' id='block_1_23' title="bbox 163 2139 948 2210">
    <p class='ocr_par' dir='ltr' id='par_1_23' title="bbox 163 2139 948 2210">
     <span class='ocr_line' id='line_1_23' title="bbox 163 2139 948 2210; baseline 0.003 -16"><span class='ocrx_word' id='word_1_160' title='bbox 163 2139 622 2210; x_wconf 88' lang='lat' dir='ltr'><strong>compositionem</strong></span> <span class='ocrx_word' id='word_1_161' title='bbox 653 2155 948 2196; x_wconf 88' lang='lat' dir='ltr'><strong>summum.</strong></span> 
     </span>
    </p>
   </div>
   <div class='ocr_carea' id='block_1_24' title="bbox 486 2277 1450 2349">
    <p class='ocr_par' dir='ltr' id='par_1_24' title="bbox 486 2277 1450 2349">
     <span class='ocr_line' id='line_1_24' title="bbox 486 2277 1450 2349; baseline 0.001 -18"><span class='ocrx_word' id='word_1_162' title='bbox 486 2277 562 2331; x_wconf 83' lang='lat' dir='ltr'><strong>De</strong></span> <span class='ocrx_word' id='word_1_163' title='bbox 583 2279 809 2332; x_wconf 76' lang='lat' dir='ltr'><strong>summis</strong></span> <span class='ocrx_word' id='word_1_164' title='bbox 839 2283 891 2332; x_wconf 80' lang='lat' dir='ltr'><strong>et</strong></span> <span class='ocrx_word' id='word_1_165' title='bbox 919 2277 1122 2342; x_wconf 73' lang='lat' dir='ltr'><strong>inﬁmis</strong></span> <span class='ocrx_word' id='word_1_166' title='bbox 1149 2279 1450 2349; x_wconf 75' lang='lat' dir='ltr'><strong>principiis.</strong></span> 
     </span>
    </p>
   </div>
   <div class='ocr_carea' id='block_1_25' title="bbox 237 2389 1784 2462">
    <p class='ocr_par' dir='ltr' id='par_1_25' title="bbox 237 2389 1784 2462">
     <span class='ocr_line' id='line_1_25' title="bbox 237 2389 1784 2462; baseline 0.003 -18"><span class='ocrx_word' id='word_1_167' title='bbox 237 2389 298 2446; x_wconf 84' lang='lat' dir='ltr'><strong>Et</strong></span> <span class='ocrx_word' id='word_1_168' title='bbox 332 2396 585 2445; x_wconf 86' lang='lat' dir='ltr'><strong>extrema</strong></span> <span class='ocrx_word' id='word_1_169' title='bbox 622 2389 871 2462; x_wconf 88' lang='lat' dir='ltr'><strong>quidem,</strong></span> <span class='ocrx_word' id='word_1_170' title='bbox 924 2406 953 2446; x_wconf 88' lang='lat' dir='ltr'><strong>a</strong></span> <span class='ocrx_word' id='word_1_171' title='bbox 1000 2390 1273 2462; x_wconf 89' lang='lat' dir='ltr'><strong>superiori</strong></span> <span class='ocrx_word' id='word_1_172' title='bbox 1313 2397 1442 2446; x_wconf 89' lang='lat' dir='ltr'><strong>sunt</strong></span> <span class='ocrx_word' id='word_1_173' title='bbox 1479 2391 1784 2448; x_wconf 86' lang='lat' dir='ltr'><strong>individuis</strong></span> 
     </span>
    </p>
   </div>
   <div class='ocr_carea' id='block_1_26' title="bbox 165 2479 1783 2550">
    <p class='ocr_par' dir='ltr' id='par_1_26' title="bbox 165 2479 1783 2550">
     <span class='ocr_line' id='line_1_26' title="bbox 165 2479 1783 2550; baseline 0.003 -17"><span class='ocrx_word' id='word_1_174' title='bbox 165 2479 440 2550; x_wconf 89' lang='lat' dir='ltr'><strong>principia</strong></span> <span class='ocrx_word' id='word_1_175' title='bbox 471 2479 843 2550; x_wconf 61' lang='lat' dir='ltr'><strong>pradicanda,</strong></span> <span class='ocrx_word' id='word_1_176' title='bbox 903 2479 971 2534; x_wconf 88' lang='lat' dir='ltr'><strong>ab</strong></span> <span class='ocrx_word' id='word_1_177' title='bbox 1013 2479 1262 2536; x_wconf 90' lang='lat' dir='ltr'><strong>inferiori</strong></span> <span class='ocrx_word' id='word_1_178' title='bbox 1296 2497 1425 2537; x_wconf 90' lang='lat' dir='ltr'><strong>vero</strong></span> <span class='ocrx_word' id='word_1_179' title='bbox 1464 2482 1592 2537; x_wconf 89' lang='lat' dir='ltr'><strong>totis</strong></span> <span class='ocrx_word' id='word_1_180' title='bbox 1650 2490 1783 2539; x_wconf 90' lang='lat' dir='ltr'><strong>sunt</strong></span> 
     </span>
    </p>
   </div>
   <div class='ocr_carea' id='block_1_27' title="bbox 164 2567 1779 2641">
    <p class='ocr_par' dir='ltr' id='par_1_27' title="bbox 164 2567 1779 2641">
     <span class='ocr_line' id='line_1_27' title="bbox 164 2567 1779 2641; baseline 0.002 -19"><span class='ocrx_word' id='word_1_181' title='bbox 164 2567 438 2638; x_wconf 87' lang='lat' dir='ltr'><strong>principia</strong></span> <span class='ocrx_word' id='word_1_182' title='bbox 466 2569 872 2639; x_wconf 87' lang='lat' dir='ltr'><strong>componenda.</strong></span> <span class='ocrx_word' id='word_1_183' title='bbox 909 2569 1189 2640; x_wconf 87' lang='lat' dir='ltr'><strong>Principio</strong></span> <span class='ocrx_word' id='word_1_184' title='bbox 1219 2570 1779 2641; x_wconf 86' lang='lat' dir='ltr'><strong>praedicamentorum</strong></span> 
     </span>
    </p>
   </div>
   <div class='ocr_carea' id='block_1_28' title="bbox 162 2655 1784 2730">
    <p class='ocr_par' dir='ltr' id='par_1_28' title="bbox 162 2655 1784 2730">
     <span class='ocr_line' id='line_1_28' title="bbox 162 2655 1784 2730; baseline 0.002 -19"><span class='ocrx_word' id='word_1_185' title='bbox 162 2655 290 2712; x_wconf 88' lang='lat' dir='ltr'><strong>ﬁnis</strong></span> <span class='ocrx_word' id='word_1_186' title='bbox 338 2665 423 2713; x_wconf 91' lang='lat' dir='ltr'><strong>est</strong></span> <span class='ocrx_word' id='word_1_187' title='bbox 475 2656 844 2724; x_wconf 89' lang='lat' dir='ltr'><strong>individuum,</strong></span> <span class='ocrx_word' id='word_1_188' title='bbox 917 2657 1194 2730; x_wconf 90' lang='lat' dir='ltr'><strong>principio</strong></span> <span class='ocrx_word' id='word_1_189' title='bbox 1247 2659 1482 2730; x_wconf 88' lang='lat' dir='ltr'><strong>partium</strong></span> <span class='ocrx_word' id='word_1_190' title='bbox 1534 2658 1663 2714; x_wconf 88' lang='lat' dir='ltr'><strong>ﬁnis</strong></span> <span class='ocrx_word' id='word_1_191' title='bbox 1701 2666 1784 2714; x_wconf 91' lang='lat' dir='ltr'><strong>est</strong></span> 
     </span>
    </p>
   </div>
   <div class='ocr_carea' id='block_1_29' title="bbox 163 2753 337 2802">
    <p class='ocr_par' dir='ltr' id='par_1_29' title="bbox 163 2753 337 2802">
     <span class='ocr_line' id='line_1_29' title="bbox 163 2753 337 2802; baseline 0 -2"><span class='ocrx_word' id='word_1_192' title='bbox 163 2753 337 2802; x_wconf 91' lang='lat' dir='ltr'><strong>totum</strong></span> 
     </span>
    </p>
   </div>
   <div class='ocr_carea' id='block_1_30' title="bbox 234 2837 1770 2910">
    <p class='ocr_par' dir='ltr' id='par_1_30' title="bbox 234 2837 1770 2910">
     <span class='ocr_line' id='line_1_30' title="bbox 234 2837 1770 2910; baseline 0.001 -18"><span class='ocrx_word' id='word_1_193' title='bbox 234 2837 512 2910; x_wconf 85' lang='lat' dir='ltr'><strong>Principia</strong></span> <span class='ocrx_word' id='word_1_194' title='bbox 567 2837 768 2910; x_wconf 87' lang='lat' dir='ltr'><strong>prima,</strong></span> <span class='ocrx_word' id='word_1_195' title='bbox 825 2854 1048 2894; x_wconf 83' lang='lat' dir='ltr'><strong>suarum</strong></span> <span class='ocrx_word' id='word_1_196' title='bbox 1109 2855 1288 2895; x_wconf 90' lang='lat' dir='ltr'><strong>rerum</strong></span> <span class='ocrx_word' id='word_1_197' title='bbox 1355 2839 1770 2896; x_wconf 84' lang='lat' dir='ltr'><strong>universitatem</strong></span> 
     </span>
    </p>
   </div>
   <div class='ocr_carea' id='block_1_31' title="bbox 159 2930 1770 3004">
    <p class='ocr_par' dir='ltr' id='par_1_31' title="bbox 159 2930 1770 3004">
     <span class='ocr_line' id='line_1_31' title="bbox 159 2930 1770 3004; baseline 0.002 -20"><span class='ocrx_word' id='word_1_198' title='bbox 159 2930 498 2986; x_wconf 87' lang='lat' dir='ltr'><strong>concludunt</strong></span> <span class='ocrx_word' id='word_1_199' title='bbox 522 2931 782 3004; x_wconf 88' lang='lat' dir='ltr'><strong>utrinque</strong></span> <span class='ocrx_word' id='word_1_200' title='bbox 813 2947 912 2986; x_wconf 90' lang='lat' dir='ltr'><strong>sua</strong></span> <span class='ocrx_word' id='word_1_201' title='bbox 931 2931 1301 2999; x_wconf 80' lang='lat' dir='ltr'><strong>extremitate,</strong></span> <span class='ocrx_word' id='word_1_202' title='bbox 1333 2939 1388 2988; x_wconf 88' lang='lat' dir='ltr'><strong>et</strong></span> <span class='ocrx_word' id='word_1_203' title='bbox 1412 2932 1542 3004; x_wconf 88' lang='lat' dir='ltr'><strong>quia</strong></span> <span class='ocrx_word' id='word_1_204' title='bbox 1564 2933 1770 2988; x_wconf 85' lang='lat' dir='ltr'><strong>nullam</strong></span> 
     </span>
    </p>
   </div>
   <div class='ocr_carea' id='block_1_32' title="bbox 159 3023 1774 3099">
    <p class='ocr_par' dir='ltr' id='par_1_32' title="bbox 159 3023 1774 3099">
     <span class='ocr_line' id='line_1_32' title="bbox 159 3023 1774 3099; baseline 0.003 -22"><span class='ocrx_word' id='word_1_205' title='bbox 159 3039 275 3078; x_wconf 87' lang='lat' dir='ltr'><strong>rem</strong></span> <span class='ocrx_word' id='word_1_206' title='bbox 303 3031 453 3078; x_wconf 82' lang='lat' dir='ltr'><strong>extra</strong></span> <span class='ocrx_word' id='word_1_207' title='bbox 478 3023 816 3096; x_wconf 89' lang='lat' dir='ltr'><strong>relinquunt,</strong></span> <span class='ocrx_word' id='word_1_208' title='bbox 843 3023 1273 3099; x_wconf 83' lang='lat' dir='ltr'><strong>propagationes</strong></span> <span class='ocrx_word' id='word_1_209' title='bbox 1299 3040 1478 3080; x_wconf 90' lang='lat' dir='ltr'><strong>rerum</strong></span> <span class='ocrx_word' id='word_1_210' title='bbox 1509 3025 1774 3082; x_wconf 87' lang='lat' dir='ltr'><strong>adversus</strong></span> 
     </span>
    </p>
   </div>
   <div class='ocr_carea' id='block_1_33' title="bbox 1886 494 3496 571">
    <p class='ocr_par' dir='ltr' id='par_1_33' title="bbox 1886 494 3496 571">
     <span class='ocr_line' id='line_1_33' title="bbox 1886 494 3496 571; baseline -0.003 -15"><span class='ocrx_word' id='word_1_211' title='bbox 1886 506 2086 571; x_wconf 90' lang='lat' dir='ltr'><strong>potest.</strong></span> <span class='ocrx_word' id='word_1_212' title='bbox 2132 497 2282 554; x_wconf 90' lang='lat' dir='ltr'><strong>Tolle</strong></span> <span class='ocrx_word' id='word_1_213' title='bbox 2338 496 2565 568; x_wconf 76' lang='lat' dir='ltr'><strong>ﬁguram</strong></span> <span class='ocrx_word' id='word_1_214' title='bbox 2621 511 2746 566; x_wconf 81' lang='lat' dir='ltr'><strong>quae</strong></span> <span class='ocrx_word' id='word_1_215' title='bbox 2786 495 2951 550; x_wconf 91' lang='lat' dir='ltr'><strong>modo</strong></span> <span class='ocrx_word' id='word_1_216' title='bbox 3007 494 3296 564; x_wconf 83' lang='lat' dir='ltr'><strong>formabat,</strong></span> <span class='ocrx_word' id='word_1_217' title='bbox 3353 497 3496 568; x_wconf 90' lang='lat' dir='ltr'><strong>perit</strong></span> 
     </span>
    </p>
   </div>
   <div class='ocr_carea' id='block_1_34' title="bbox 1885 590 3496 666">
    <p class='ocr_par' dir='ltr' id='par_1_34' title="bbox 1885 590 3496 666">
     <span class='ocr_line' id='line_1_34' title="bbox 1885 590 3496 666; baseline -0.002 -18"><span class='ocrx_word' id='word_1_218' title='bbox 1885 594 2100 666; x_wconf 89' lang='lat' dir='ltr'><strong>species</strong></span> <span class='ocrx_word' id='word_1_219' title='bbox 2139 609 2265 666; x_wconf 75' lang='lat' dir='ltr'><strong>quae</strong></span> <span class='ocrx_word' id='word_1_220' title='bbox 2301 590 2724 664; x_wconf 83' lang='lat' dir='ltr'><strong>praedicabatur.</strong></span> <span class='ocrx_word' id='word_1_221' title='bbox 2780 591 2912 645; x_wconf 85' lang='lat' dir='ltr'><strong>Nam</strong></span> <span class='ocrx_word' id='word_1_222' title='bbox 2975 591 3199 645; x_wconf 89' lang='lat' dir='ltr'><strong>humani</strong></span> <span class='ocrx_word' id='word_1_223' title='bbox 3247 591 3496 662; x_wconf 89' lang='lat' dir='ltr'><strong>corporis</strong></span> 
     </span>
    </p>
   </div>
   <div class='ocr_carea' id='block_1_35' title="bbox 1887 683 3497 760">
    <p class='ocr_par' dir='ltr' id='par_1_35' title="bbox 1887 683 3497 760">
     <span class='ocr_line' id='line_1_35' title="bbox 1887 683 3497 760; baseline -0.002 -19"><span class='ocrx_word' id='word_1_224' title='bbox 1887 685 2058 760; x_wconf 86' lang='lat' dir='ltr'><strong>ﬁgura</strong></span> <span class='ocrx_word' id='word_1_225' title='bbox 2089 686 2134 741; x_wconf 89' lang='lat' dir='ltr'><strong>si</strong></span> <span class='ocrx_word' id='word_1_226' title='bbox 2169 683 2332 756; x_wconf 89' lang='lat' dir='ltr'><strong>perit,</strong></span> <span class='ocrx_word' id='word_1_227' title='bbox 2365 683 2486 754; x_wconf 88' lang='lat' dir='ltr'><strong>ipsa</strong></span> <span class='ocrx_word' id='word_1_228' title='bbox 2515 683 2733 754; x_wconf 90' lang='lat' dir='ltr'><strong>species</strong></span> <span class='ocrx_word' id='word_1_229' title='bbox 2764 683 2816 736; x_wconf 89' lang='lat' dir='ltr'><strong>in</strong></span> <span class='ocrx_word' id='word_1_230' title='bbox 2847 698 2912 738; x_wconf 92' lang='lat' dir='ltr'><strong>eo</strong></span> <span class='ocrx_word' id='word_1_231' title='bbox 2954 698 3186 754; x_wconf 90' lang='lat' dir='ltr'><strong>corpore</strong></span> <span class='ocrx_word' id='word_1_232' title='bbox 3213 683 3418 752; x_wconf 89' lang='lat' dir='ltr'><strong>deﬁcit,</strong></span> <span class='ocrx_word' id='word_1_233' title='bbox 3443 688 3497 738; x_wconf 88' lang='lat' dir='ltr'><strong>et</strong></span> 
     </span>
    </p>
   </div>
   <div class='ocr_carea' id='block_1_36' title="bbox 1883 774 3494 849">
    <p class='ocr_par' dir='ltr' id='par_1_36' title="bbox 1883 774 3494 849">
     <span class='ocr_line' id='line_1_36' title="bbox 1883 774 3494 849; baseline -0.002 -15"><span class='ocrx_word' id='word_1_234' title='bbox 1883 777 2191 834; x_wconf 90' lang='lat' dir='ltr'><strong>secundum</strong></span> <span class='ocrx_word' id='word_1_235' title='bbox 2222 775 2383 832; x_wconf 90' lang='lat' dir='ltr'><strong>aliam</strong></span> <span class='ocrx_word' id='word_1_236' title='bbox 2417 774 2646 849; x_wconf 74' lang='lat' dir='ltr'><strong>ﬁguram</strong></span> <span class='ocrx_word' id='word_1_237' title='bbox 2671 791 2832 846; x_wconf 89' lang='lat' dir='ltr'><strong>quam</strong></span> <span class='ocrx_word' id='word_1_238' title='bbox 2866 775 3081 846; x_wconf 85' lang='lat' dir='ltr'><strong>recipit,</strong></span> <span class='ocrx_word' id='word_1_239' title='bbox 3113 775 3274 830; x_wconf 89' lang='lat' dir='ltr'><strong>aliam</strong></span> <span class='ocrx_word' id='word_1_240' title='bbox 3298 791 3494 830; x_wconf 89' lang='lat' dir='ltr'><strong>secun-</strong></span> 
     </span>
    </p>
   </div>
   <div class='ocr_carea' id='block_1_37' title="bbox 1884 865 3494 938">
    <p class='ocr_par' dir='ltr' id='par_1_37' title="bbox 1884 865 3494 938">
     <span class='ocr_line' id='line_1_37' title="bbox 1884 865 3494 938; baseline -0.001 -16"><span class='ocrx_word' id='word_1_241' title='bbox 1884 869 2014 924; x_wconf 90' lang='lat' dir='ltr'><strong>dum</strong></span> <span class='ocrx_word' id='word_1_242' title='bbox 2053 883 2254 938; x_wconf 90' lang='lat' dir='ltr'><strong>corpus</strong></span> <span class='ocrx_word' id='word_1_243' title='bbox 2313 867 2492 936; x_wconf 90' lang='lat' dir='ltr'><strong>ipsum</strong></span> <span class='ocrx_word' id='word_1_244' title='bbox 2532 865 2788 921; x_wconf 87' lang='lat' dir='ltr'><strong>assumit.</strong></span> <span class='ocrx_word' id='word_1_245' title='bbox 2840 865 2970 920; x_wconf 88' lang='lat' dir='ltr'><strong>Nam</strong></span> <span class='ocrx_word' id='word_1_246' title='bbox 3007 865 3134 937; x_wconf 86' lang='lat' dir='ltr'><strong>quia</strong></span> <span class='ocrx_word' id='word_1_247' title='bbox 3174 867 3380 920; x_wconf 91' lang='lat' dir='ltr'><strong>cineris</strong></span> <span class='ocrx_word' id='word_1_248' title='bbox 3409 865 3494 921; x_wconf 84' lang='lat' dir='ltr'><strong>vel</strong></span> 
     </span>
    </p>
   </div>
   <div class='ocr_carea' id='block_1_38' title="bbox 1883 957 3496 1032">
    <p class='ocr_par' dir='ltr' id='par_1_38' title="bbox 1883 957 3496 1032">
     <span class='ocr_line' id='line_1_38' title="bbox 1883 957 3496 1032; baseline -0.001 -18"><span class='ocrx_word' id='word_1_249' title='bbox 1883 960 2090 1016; x_wconf 88' lang='lat' dir='ltr'><strong>vermis</strong></span> <span class='ocrx_word' id='word_1_250' title='bbox 2128 957 2600 1032; x_wconf 81' lang='lat' dir='ltr'><strong>accipitﬁguram,</strong></span> <span class='ocrx_word' id='word_1_251' title='bbox 2631 963 2806 1012; x_wconf 88' lang='lat' dir='ltr'><strong>mutat</strong></span> <span class='ocrx_word' id='word_1_252' title='bbox 2835 965 2890 1012; x_wconf 91' lang='lat' dir='ltr'><strong>et</strong></span> <span class='ocrx_word' id='word_1_253' title='bbox 2915 957 3160 1028; x_wconf 89' lang='lat' dir='ltr'><strong>speciem</strong></span> <span class='ocrx_word' id='word_1_254' title='bbox 3184 957 3330 1012; x_wconf 87' lang='lat' dir='ltr'><strong>circa</strong></span> <span class='ocrx_word' id='word_1_255' title='bbox 3351 973 3496 1012; x_wconf 87' lang='lat' dir='ltr'><strong>mas-</strong></span> 
     </span>
    </p>
   </div>
   <div class='ocr_carea' id='block_1_39' title="bbox 1885 1051 3501 1123">
    <p class='ocr_par' dir='ltr' id='par_1_39' title="bbox 1885 1051 3501 1123">
     <span class='ocr_line' id='line_1_39' title="bbox 1885 1051 3501 1123; baseline -0.001 -13"><span class='ocrx_word' id='word_1_256' title='bbox 1885 1071 1999 1110; x_wconf 89' lang='lat' dir='ltr'><strong>sam</strong></span> <span class='ocrx_word' id='word_1_257' title='bbox 2043 1055 2317 1110; x_wconf 88' lang='lat' dir='ltr'><strong>eamdem.</strong></span> <span class='ocrx_word' id='word_1_258' title='bbox 2367 1053 2431 1107; x_wconf 89' lang='lat' dir='ltr'><strong>Et</strong></span> <span class='ocrx_word' id='word_1_259' title='bbox 2497 1053 2567 1108; x_wconf 92' lang='lat' dir='ltr'><strong>de</strong></span> <span class='ocrx_word' id='word_1_260' title='bbox 2623 1068 2731 1123; x_wconf 87' lang='lat' dir='ltr'><strong>qua</strong></span> <span class='ocrx_word' id='word_1_261' title='bbox 2775 1067 2954 1107; x_wconf 87' lang='lat' dir='ltr'><strong>massa</strong></span> <span class='ocrx_word' id='word_1_262' title='bbox 3005 1051 3158 1122; x_wconf 91' lang='lat' dir='ltr'><strong>prius</strong></span> <span class='ocrx_word' id='word_1_263' title='bbox 3211 1051 3501 1108; x_wconf 85' lang='lat' dir='ltr'><strong>dicebatur</strong></span> 
     </span>
    </p>
   </div>
   <div class='ocr_carea' id='block_1_40' title="bbox 1887 1141 3502 1218">
    <p class='ocr_par' dir='ltr' id='par_1_40' title="bbox 1887 1141 3502 1218">
     <span class='ocr_line' id='line_1_40' title="bbox 1887 1141 3502 1218; baseline 0.001 -18"><span class='ocrx_word' id='word_1_264' title='bbox 1887 1146 2054 1202; x_wconf 87' lang='lat' dir='ltr'><strong>homo</strong></span> <span class='ocrx_word' id='word_1_265' title='bbox 2081 1145 2385 1200; x_wconf 88' lang='lat' dir='ltr'><strong>secundum</strong></span> <span class='ocrx_word' id='word_1_266' title='bbox 2418 1144 2659 1216; x_wconf 89' lang='lat' dir='ltr'><strong>priorem</strong></span> <span class='ocrx_word' id='word_1_267' title='bbox 2704 1141 2956 1218; x_wconf 90' lang='lat' dir='ltr'><strong>ﬁguram,</strong></span> <span class='ocrx_word' id='word_1_268' title='bbox 2981 1143 3051 1200; x_wconf 92' lang='lat' dir='ltr'><strong>de</strong></span> <span class='ocrx_word' id='word_1_269' title='bbox 3077 1145 3270 1200; x_wconf 89' lang='lat' dir='ltr'><strong>eadem</strong></span> <span class='ocrx_word' id='word_1_270' title='bbox 3299 1144 3502 1201; x_wconf 89' lang='lat' dir='ltr'><strong>dicitur</strong></span> 
     </span>
    </p>
   </div>
   <div class='ocr_carea' id='block_1_41' title="bbox 1886 1234 3498 1292">
    <p class='ocr_par' dir='ltr' id='par_1_41' title="bbox 1886 1234 3498 1292">
     <span class='ocr_line' id='line_1_41' title="bbox 1886 1234 3498 1292; baseline -0.001 -1"><span class='ocrx_word' id='word_1_271' title='bbox 1886 1235 2090 1291; x_wconf 82' lang='lat' dir='ltr'><strong>vermis</strong></span> <span class='ocrx_word' id='word_1_272' title='bbox 2111 1243 2166 1290; x_wconf 92' lang='lat' dir='ltr'><strong>et</strong></span> <span class='ocrx_word' id='word_1_273' title='bbox 2194 1235 2338 1290; x_wconf 90' lang='lat' dir='ltr'><strong>cinis</strong></span> <span class='ocrx_word' id='word_1_274' title='bbox 2374 1234 2680 1290; x_wconf 92' lang='lat' dir='ltr'><strong>secundum</strong></span> <span class='ocrx_word' id='word_1_275' title='bbox 2713 1234 2896 1290; x_wconf 89' lang='lat' dir='ltr'><strong>aliam.</strong></span> <span class='ocrx_word' id='word_1_276' title='bbox 2937 1235 3201 1292; x_wconf 82' lang='lat' dir='ltr'><strong>Similiter</strong></span> <span class='ocrx_word' id='word_1_277' title='bbox 3238 1243 3293 1291; x_wconf 90' lang='lat' dir='ltr'><strong>et</strong></span> <span class='ocrx_word' id='word_1_278' title='bbox 3329 1242 3498 1292; x_wconf 91' lang='lat' dir='ltr'><strong>totum</strong></span> 
     </span>
    </p>
   </div>
   <div class='ocr_carea' id='block_1_42' title="bbox 1887 1323 3498 1400">
    <p class='ocr_par' dir='ltr' id='par_1_42' title="bbox 1887 1323 3498 1400">
     <span class='ocr_line' id='line_1_42' title="bbox 1887 1323 3498 1400; baseline -0.001 -16"><span class='ocrx_word' id='word_1_279' title='bbox 1887 1328 2171 1384; x_wconf 88' lang='lat' dir='ltr'><strong>materiale</strong></span> <span class='ocrx_word' id='word_1_280' title='bbox 2201 1327 2322 1382; x_wconf 91' lang='lat' dir='ltr'><strong>sine</strong></span> <span class='ocrx_word' id='word_1_281' title='bbox 2365 1341 2560 1381; x_wconf 82' lang='lat' dir='ltr'><strong>massae</strong></span> <span class='ocrx_word' id='word_1_282' title='bbox 2597 1341 2711 1381; x_wconf 75' lang='lat' dir='ltr'><strong>suae</strong></span> <span class='ocrx_word' id='word_1_283' title='bbox 2751 1323 2925 1400; x_wconf 83' lang='lat' dir='ltr'><strong>ﬁgura</strong></span> <span class='ocrx_word' id='word_1_284' title='bbox 2981 1343 3093 1383; x_wconf 90' lang='lat' dir='ltr'><strong>non</strong></span> <span class='ocrx_word' id='word_1_285' title='bbox 3135 1335 3318 1398; x_wconf 87' lang='lat' dir='ltr'><strong>potest</strong></span> <span class='ocrx_word' id='word_1_286' title='bbox 3355 1345 3498 1384; x_wconf 86' lang='lat' dir='ltr'><strong>esse.</strong></span> 
     </span>
    </p>
   </div>
   <div class='ocr_carea' id='block_1_43' title="bbox 1886 1418 3501 1498">
    <p class='ocr_par' dir='ltr' id='par_1_43' title="bbox 1886 1418 3501 1498">
     <span class='ocr_line' id='line_1_43' title="bbox 1886 1418 3501 1498; baseline 0.001 -23"><span class='ocrx_word' id='word_1_287' title='bbox 1886 1421 2018 1476; x_wconf 86' lang='lat' dir='ltr'><strong>Nam</strong></span> <span class='ocrx_word' id='word_1_288' title='bbox 2041 1419 2322 1492; x_wconf 92' lang='lat' dir='ltr'><strong>quomodo</strong></span> <span class='ocrx_word' id='word_1_289' title='bbox 2361 1423 2548 1490; x_wconf 90' lang='lat' dir='ltr'><strong>partes</strong></span> <span class='ocrx_word' id='word_1_290' title='bbox 2597 1418 2718 1487; x_wconf 87' lang='lat' dir='ltr'><strong>ejus</strong></span> <span class='ocrx_word' id='word_1_291' title='bbox 2775 1418 3212 1475; x_wconf 79' lang='lat' dir='ltr'><strong>discernuntur?</strong></span> <span class='ocrx_word' id='word_1_292' title='bbox 3250 1421 3501 1498; x_wconf 75' lang='lat' dir='ltr'><strong>Omnium</strong></span> 
     </span>
    </p>
   </div>
   <div class='ocr_carea' id='block_1_44' title="bbox 1887 1508 3506 1584">
    <p class='ocr_par' dir='ltr' id='par_1_44' title="bbox 1887 1508 3506 1584">
     <span class='ocr_line' id='line_1_44' title="bbox 1887 1508 3506 1584; baseline 0.002 -18"><span class='ocrx_word' id='word_1_293' title='bbox 1887 1511 2055 1584; x_wconf 80' lang='lat' dir='ltr'><strong>igitur</strong></span> <span class='ocrx_word' id='word_1_294' title='bbox 2104 1527 2396 1584; x_wconf 89' lang='lat' dir='ltr'><strong>corporum</strong></span> <span class='ocrx_word' id='word_1_295' title='bbox 2445 1525 2611 1566; x_wconf 89' lang='lat' dir='ltr'><strong>causa</strong></span> <span class='ocrx_word' id='word_1_296' title='bbox 2641 1514 2724 1564; x_wconf 90' lang='lat' dir='ltr'><strong>est</strong></span> <span class='ocrx_word' id='word_1_297' title='bbox 2753 1508 2948 1582; x_wconf 86' lang='lat' dir='ltr'><strong>ﬁgura.</strong></span> <span class='ocrx_word' id='word_1_298' title='bbox 2995 1509 3210 1583; x_wconf 83' lang='lat' dir='ltr'><strong>Quippe</strong></span> <span class='ocrx_word' id='word_1_299' title='bbox 3263 1527 3365 1568; x_wconf 90' lang='lat' dir='ltr'><strong>nec</strong></span> <span class='ocrx_word' id='word_1_300' title='bbox 3396 1520 3506 1569; x_wconf 88' lang='lat' dir='ltr'><strong>tota</strong></span> 
     </span>
    </p>
   </div>
   <div class='ocr_carea' id='block_1_45' title="bbox 1887 1597 3506 1670">
    <p class='ocr_par' dir='ltr' id='par_1_45' title="bbox 1887 1597 3506 1670">
     <span class='ocr_line' id='line_1_45' title="bbox 1887 1597 3506 1670; baseline 0.003 -16"><span class='ocrx_word' id='word_1_301' title='bbox 1887 1616 1991 1656; x_wconf 89' lang='lat' dir='ltr'><strong>nec</strong></span> <span class='ocrx_word' id='word_1_302' title='bbox 2021 1599 2307 1655; x_wconf 90' lang='lat' dir='ltr'><strong>individua</strong></span> <span class='ocrx_word' id='word_1_303' title='bbox 2338 1613 2482 1666; x_wconf 91' lang='lat' dir='ltr'><strong>esse,</strong></span> <span class='ocrx_word' id='word_1_304' title='bbox 2516 1613 2620 1654; x_wconf 89' lang='lat' dir='ltr'><strong>nec</strong></span> <span class='ocrx_word' id='word_1_305' title='bbox 2651 1597 2868 1670; x_wconf 89' lang='lat' dir='ltr'><strong>species</strong></span> <span class='ocrx_word' id='word_1_306' title='bbox 2908 1599 3115 1656; x_wconf 88' lang='lat' dir='ltr'><strong>habere</strong></span> <span class='ocrx_word' id='word_1_307' title='bbox 3143 1615 3248 1656; x_wconf 91' lang='lat' dir='ltr'><strong>nec</strong></span> <span class='ocrx_word' id='word_1_308' title='bbox 3276 1601 3506 1659; x_wconf 88' lang='lat' dir='ltr'><strong>omnino</strong></span> 
     </span>
    </p>
   </div>
   <div class='ocr_carea' id='block_1_46' title="bbox 1885 1687 2838 1764">
    <p class='ocr_par' dir='ltr' id='par_1_46' title="bbox 1885 1687 2838 1764">
     <span class='ocr_line' id='line_1_46' title="bbox 1885 1687 2838 1764; baseline -0.001 -18"><span class='ocrx_word' id='word_1_309' title='bbox 1885 1691 2190 1748; x_wconf 88' lang='lat' dir='ltr'><strong>subsistere</strong></span> <span class='ocrx_word' id='word_1_310' title='bbox 2223 1695 2458 1762; x_wconf 87' lang='lat' dir='ltr'><strong>possunt</strong></span> <span class='ocrx_word' id='word_1_311' title='bbox 2495 1689 2616 1744; x_wconf 89' lang='lat' dir='ltr'><strong>sine</strong></span> <span class='ocrx_word' id='word_1_312' title='bbox 2643 1687 2838 1764; x_wconf 89' lang='lat' dir='ltr'><strong>ﬁgura.</strong></span> 
     </span>
    </p>
   </div>
   <div class='ocr_carea' id='block_1_47' title="bbox 2533 1823 2848 1889">
    <p class='ocr_par' dir='ltr' id='par_1_47' title="bbox 2533 1823 2848 1889">
     <span class='ocr_line' id='line_1_47' title="bbox 2533 1823 2848 1889; baseline 0.003 -14"><span class='ocrx_word' id='word_1_313' title='bbox 2533 1825 2602 1876; x_wconf 83' lang='lat' dir='ltr'><strong>De</strong></span> <span class='ocrx_word' id='word_1_314' title='bbox 2637 1823 2848 1889; x_wconf 78' lang='lat' dir='ltr'><strong>formis.</strong></span> 
     </span>
    </p>
   </div>
   <div class='ocr_carea' id='block_1_48' title="bbox 1953 1931 3506 2003">
    <p class='ocr_par' dir='ltr' id='par_1_48' title="bbox 1953 1931 3506 2003">
     <span class='ocr_line' id='line_1_48' title="bbox 1953 1931 3506 2003; baseline 0.003 -14"><span class='ocrx_word' id='word_1_315' title='bbox 1953 1933 2228 1990; x_wconf 89' lang='lat' dir='ltr'><strong>Similiter</strong></span> <span class='ocrx_word' id='word_1_316' title='bbox 2245 1931 2619 2003; x_wconf 89' lang='lat' dir='ltr'><strong>incorporalia</strong></span> <span class='ocrx_word' id='word_1_317' title='bbox 2645 1939 2843 1988; x_wconf 89' lang='lat' dir='ltr'><strong>cuncta</strong></span> <span class='ocrx_word' id='word_1_318' title='bbox 2873 1931 2996 1989; x_wconf 88' lang='lat' dir='ltr'><strong>sine</strong></span> <span class='ocrx_word' id='word_1_319' title='bbox 3021 1933 3139 1990; x_wconf 87' lang='lat' dir='ltr'><strong>suis</strong></span> <span class='ocrx_word' id='word_1_320' title='bbox 3163 1933 3356 1992; x_wconf 86' lang='lat' dir='ltr'><strong>formis</strong></span> <span class='ocrx_word' id='word_1_321' title='bbox 3384 1951 3506 1994; x_wconf 89' lang='lat' dir='ltr'><strong>esse</strong></span> 
     </span>
    </p>
   </div>
   <div class='ocr_carea' id='block_1_49' title="bbox 1881 2025 3507 2098">
    <p class='ocr_par' dir='ltr' id='par_1_49' title="bbox 1881 2025 3507 2098">
     <span class='ocr_line' id='line_1_49' title="bbox 1881 2025 3507 2098; baseline 0.003 -18"><span class='ocrx_word' id='word_1_322' title='bbox 1881 2043 1992 2082; x_wconf 91' lang='lat' dir='ltr'><strong>non</strong></span> <span class='ocrx_word' id='word_1_323' title='bbox 2026 2031 2279 2098; x_wconf 87' lang='lat' dir='ltr'><strong>possunt,</strong></span> <span class='ocrx_word' id='word_1_324' title='bbox 2318 2032 2378 2081; x_wconf 88' lang='lat' dir='ltr'><strong>ut</strong></span> <span class='ocrx_word' id='word_1_325' title='bbox 2402 2039 2598 2081; x_wconf 90' lang='lat' dir='ltr'><strong>omnes</strong></span> <span class='ocrx_word' id='word_1_326' title='bbox 2625 2025 2864 2096; x_wconf 87' lang='lat' dir='ltr'><strong>species,</strong></span> <span class='ocrx_word' id='word_1_327' title='bbox 2900 2032 2956 2082; x_wconf 91' lang='lat' dir='ltr'><strong>et</strong></span> <span class='ocrx_word' id='word_1_328' title='bbox 3003 2025 3313 2088; x_wconf 87' lang='lat' dir='ltr'><strong>individua.</strong></span> <span class='ocrx_word' id='word_1_329' title='bbox 3347 2029 3507 2085; x_wconf 77' lang='lat' dir='ltr'><strong>diffe-</strong></span> 
     </span>
    </p>
   </div>
   <div class='ocr_carea' id='block_1_50' title="bbox 1881 2115 3507 2192">
    <p class='ocr_par' dir='ltr' id='par_1_50' title="bbox 1881 2115 3507 2192">
     <span class='ocr_line' id='line_1_50' title="bbox 1881 2115 3507 2192; baseline 0.005 -24"><span class='ocrx_word' id='word_1_330' title='bbox 1881 2117 2088 2174; x_wconf 89' lang='lat' dir='ltr'><strong>rentias</strong></span> <span class='ocrx_word' id='word_1_331' title='bbox 2147 2122 2204 2173; x_wconf 93' lang='lat' dir='ltr'><strong>et</strong></span> <span class='ocrx_word' id='word_1_332' title='bbox 2254 2115 2625 2188; x_wconf 90' lang='lat' dir='ltr'><strong>proprietates</strong></span> <span class='ocrx_word' id='word_1_333' title='bbox 2693 2115 2972 2187; x_wconf 89' lang='lat' dir='ltr'><strong>accipiunt</strong></span> <span class='ocrx_word' id='word_1_334' title='bbox 3024 2115 3248 2184; x_wconf 82' lang='lat' dir='ltr'><strong>formas,</strong></span> <span class='ocrx_word' id='word_1_335' title='bbox 3304 2120 3507 2192; x_wconf 89' lang='lat' dir='ltr'><strong>quibus</strong></span> 
     </span>
    </p>
   </div>
   <div class='ocr_carea' id='block_1_51' title="bbox 1877 2207 3506 2283">
    <p class='ocr_par' dir='ltr' id='par_1_51' title="bbox 1877 2207 3506 2283">
     <span class='ocr_line' id='line_1_51' title="bbox 1877 2207 3506 2283; baseline 0.001 -17"><span class='ocrx_word' id='word_1_336' title='bbox 1877 2209 2140 2266; x_wconf 88' lang='lat' dir='ltr'><strong>existunt.</strong></span> <span class='ocrx_word' id='word_1_337' title='bbox 2175 2207 2356 2263; x_wconf 87' lang='lat' dir='ltr'><strong>Prima</strong></span> <span class='ocrx_word' id='word_1_338' title='bbox 2379 2223 2512 2264; x_wconf 88' lang='lat' dir='ltr'><strong>vero</strong></span> <span class='ocrx_word' id='word_1_339' title='bbox 2544 2222 2752 2274; x_wconf 90' lang='lat' dir='ltr'><strong>rerum,</strong></span> <span class='ocrx_word' id='word_1_340' title='bbox 2791 2223 3001 2283; x_wconf 89' lang='lat' dir='ltr'><strong>genera</strong></span> <span class='ocrx_word' id='word_1_341' title='bbox 3028 2209 3326 2265; x_wconf 89' lang='lat' dir='ltr'><strong>essentiam</strong></span> <span class='ocrx_word' id='word_1_342' title='bbox 3359 2213 3506 2268; x_wconf 91' lang='lat' dir='ltr'><strong>acci-</strong></span> 
     </span>
    </p>
   </div>
   <div class='ocr_carea' id='block_1_52' title="bbox 1877 2296 3507 2371">
    <p class='ocr_par' dir='ltr' id='par_1_52' title="bbox 1877 2296 3507 2371">
     <span class='ocr_line' id='line_1_52' title="bbox 1877 2296 3507 2371; baseline 0.001 -17"><span class='ocrx_word' id='word_1_343' title='bbox 1877 2299 2038 2370; x_wconf 90' lang='lat' dir='ltr'><strong>piunt</strong></span> <span class='ocrx_word' id='word_1_344' title='bbox 2081 2312 2180 2371; x_wconf 87' lang='lat' dir='ltr'><strong>pro</strong></span> <span class='ocrx_word' id='word_1_345' title='bbox 2212 2296 2407 2364; x_wconf 88' lang='lat' dir='ltr'><strong>forma,</strong></span> <span class='ocrx_word' id='word_1_346' title='bbox 2451 2311 2576 2351; x_wconf 92' lang='lat' dir='ltr'><strong>nam</strong></span> <span class='ocrx_word' id='word_1_347' title='bbox 2633 2296 3102 2368; x_wconf 89' lang='lat' dir='ltr'><strong>quemadmodum</strong></span> <span class='ocrx_word' id='word_1_348' title='bbox 3157 2297 3350 2354; x_wconf 78' lang='lat' dir='ltr'><strong>formae</strong></span> <span class='ocrx_word' id='word_1_349' title='bbox 3389 2301 3507 2356; x_wconf 90' lang='lat' dir='ltr'><strong>suis</strong></span> 
     </span>
    </p>
   </div>
   <div class='ocr_carea' id='block_1_53' title="bbox 1882 2391 3506 2464">
    <p class='ocr_par' dir='ltr' id='par_1_53' title="bbox 1882 2391 3506 2464">
     <span class='ocr_line' id='line_1_53' title="bbox 1882 2391 3506 2464; baseline -0.001 -12"><span class='ocrx_word' id='word_1_350' title='bbox 1882 2394 2050 2453; x_wconf 90' lang='lat' dir='ltr'><strong>rebus</strong></span> <span class='ocrx_word' id='word_1_351' title='bbox 2071 2394 2203 2450; x_wconf 90' lang='lat' dir='ltr'><strong>dant</strong></span> <span class='ocrx_word' id='word_1_352' title='bbox 2220 2409 2365 2462; x_wconf 88' lang='lat' dir='ltr'><strong>esse,</strong></span> <span class='ocrx_word' id='word_1_353' title='bbox 2389 2392 2466 2448; x_wconf 89' lang='lat' dir='ltr'><strong>ita</strong></span> <span class='ocrx_word' id='word_1_354' title='bbox 2490 2406 2697 2464; x_wconf 80' lang='lat' dir='ltr'><strong>genera</strong></span> <span class='ocrx_word' id='word_1_355' title='bbox 2723 2407 2936 2446; x_wconf 91' lang='lat' dir='ltr'><strong>summa</strong></span> <span class='ocrx_word' id='word_1_356' title='bbox 2963 2391 3069 2446; x_wconf 91' lang='lat' dir='ltr'><strong>nisi</strong></span> <span class='ocrx_word' id='word_1_357' title='bbox 3095 2407 3192 2463; x_wconf 89' lang='lat' dir='ltr'><strong>per</strong></span> <span class='ocrx_word' id='word_1_358' title='bbox 3206 2395 3506 2450; x_wconf 85' lang='lat' dir='ltr'><strong>essentiam</strong></span> 
     </span>
    </p>
   </div>
   <div class='ocr_carea' id='block_1_54' title="bbox 1883 2481 3510 2558">
    <p class='ocr_par' dir='ltr' id='par_1_54' title="bbox 1883 2481 3510 2558">
     <span class='ocr_line' id='line_1_54' title="bbox 1883 2481 3510 2558; baseline 0.001 -17"><span class='ocrx_word' id='word_1_359' title='bbox 1883 2501 1993 2542; x_wconf 91' lang='lat' dir='ltr'><strong>non</strong></span> <span class='ocrx_word' id='word_1_360' title='bbox 2024 2491 2257 2558; x_wconf 90' lang='lat' dir='ltr'><strong>possunt</strong></span> <span class='ocrx_word' id='word_1_361' title='bbox 2279 2500 2426 2540; x_wconf 90' lang='lat' dir='ltr'><strong>esse.</strong></span> <span class='ocrx_word' id='word_1_362' title='bbox 2463 2483 2524 2538; x_wconf 89' lang='lat' dir='ltr'><strong>Et</strong></span> <span class='ocrx_word' id='word_1_363' title='bbox 2553 2489 2768 2538; x_wconf 48' lang='lat' dir='ltr'><strong>caetera;</strong></span> <span class='ocrx_word' id='word_1_364' title='bbox 2786 2481 2980 2538; x_wconf 76' lang='lat' dir='ltr'><strong>formae</strong></span> <span class='ocrx_word' id='word_1_365' title='bbox 3008 2498 3206 2539; x_wconf 90' lang='lat' dir='ltr'><strong>omnes</strong></span> <span class='ocrx_word' id='word_1_366' title='bbox 3228 2501 3344 2541; x_wconf 65' lang='lat' dir='ltr'><strong>suae</strong></span> <span class='ocrx_word' id='word_1_367' title='bbox 3379 2495 3510 2542; x_wconf 87' lang='lat' dir='ltr'><strong>sunt</strong></span> 
     </span>
    </p>
   </div>
   <div class='ocr_carea' id='block_1_55' title="bbox 1883 2573 3510 2641">
    <p class='ocr_par' dir='ltr' id='par_1_55' title="bbox 1883 2573 3510 2641">
     <span class='ocr_line' id='line_1_55' title="bbox 1883 2573 3510 2641; baseline 0.001 -8"><span class='ocrx_word' id='word_1_368' title='bbox 1883 2593 2106 2633; x_wconf 89' lang='lat' dir='ltr'><strong>suarum</strong></span> <span class='ocrx_word' id='word_1_369' title='bbox 2137 2592 2341 2641; x_wconf 89' lang='lat' dir='ltr'><strong>rerum,</strong></span> <span class='ocrx_word' id='word_1_370' title='bbox 2375 2573 2616 2630; x_wconf 86' lang='lat' dir='ltr'><strong>essentia</strong></span> <span class='ocrx_word' id='word_1_371' title='bbox 2645 2587 2780 2630; x_wconf 91' lang='lat' dir='ltr'><strong>vero</strong></span> <span class='ocrx_word' id='word_1_372' title='bbox 2807 2575 3120 2630; x_wconf 89' lang='lat' dir='ltr'><strong>communis</strong></span> <span class='ocrx_word' id='word_1_373' title='bbox 3150 2581 3204 2630; x_wconf 92' lang='lat' dir='ltr'><strong>et</strong></span> <span class='ocrx_word' id='word_1_374' title='bbox 3225 2576 3510 2634; x_wconf 86' lang='lat' dir='ltr'><strong>universa-</strong></span> 
     </span>
    </p>
   </div>
   <div class='ocr_carea' id='block_1_56' title="bbox 1881 2664 3506 2726">
    <p class='ocr_par' dir='ltr' id='par_1_56' title="bbox 1881 2664 3506 2726">
     <span class='ocr_line' id='line_1_56' title="bbox 1881 2664 3506 2726; baseline 0.001 -2"><span class='ocrx_word' id='word_1_375' title='bbox 1881 2669 1954 2725; x_wconf 90' lang='lat' dir='ltr'><strong>lis</strong></span> <span class='ocrx_word' id='word_1_376' title='bbox 1973 2675 2056 2726; x_wconf 88' lang='lat' dir='ltr'><strong>est</strong></span> <span class='ocrx_word' id='word_1_377' title='bbox 2092 2667 2338 2725; x_wconf 84' lang='lat' dir='ltr'><strong>omnium</strong></span> <span class='ocrx_word' id='word_1_378' title='bbox 2381 2683 2584 2722; x_wconf 89' lang='lat' dir='ltr'><strong>rerum.</strong></span> <span class='ocrx_word' id='word_1_379' title='bbox 2618 2665 2750 2722; x_wconf 72' lang='lat' dir='ltr'><strong>Alias</strong></span> <span class='ocrx_word' id='word_1_380' title='bbox 2789 2664 2982 2722; x_wconf 70' lang='lat' dir='ltr'><strong>formas</strong></span> <span class='ocrx_word' id='word_1_381' title='bbox 3021 2683 3149 2722; x_wconf 89' lang='lat' dir='ltr'><strong>suas</strong></span> <span class='ocrx_word' id='word_1_382' title='bbox 3175 2684 3265 2723; x_wconf 90' lang='lat' dir='ltr'><strong>res</strong></span> <span class='ocrx_word' id='word_1_383' title='bbox 3297 2667 3506 2726; x_wconf 88' lang='lat' dir='ltr'><strong>faciunt</strong></span> 
     </span>
    </p>
   </div>
   <div class='ocr_carea' id='block_1_57' title="bbox 1884 2754 3504 2832">
    <p class='ocr_par' dir='ltr' id='par_1_57' title="bbox 1884 2754 3504 2832">
     <span class='ocr_line' id='line_1_57' title="bbox 1884 2754 3504 2832; baseline -0.001 -18"><span class='ocrx_word' id='word_1_384' title='bbox 1884 2759 2095 2832; x_wconf 91' lang='lat' dir='ltr'><strong>aliquid</strong></span> <span class='ocrx_word' id='word_1_385' title='bbox 2125 2775 2268 2824; x_wconf 90' lang='lat' dir='ltr'><strong>esse,</strong></span> <span class='ocrx_word' id='word_1_386' title='bbox 2301 2756 2544 2813; x_wconf 87' lang='lat' dir='ltr'><strong>essentia</strong></span> <span class='ocrx_word' id='word_1_387' title='bbox 2573 2770 2704 2811; x_wconf 88' lang='lat' dir='ltr'><strong>vero</strong></span> <span class='ocrx_word' id='word_1_388' title='bbox 2733 2754 2867 2810; x_wconf 87' lang='lat' dir='ltr'><strong>facit</strong></span> <span class='ocrx_word' id='word_1_389' title='bbox 2891 2769 3088 2811; x_wconf 91' lang='lat' dir='ltr'><strong>omnes</strong></span> <span class='ocrx_word' id='word_1_390' title='bbox 3119 2772 3206 2812; x_wconf 91' lang='lat' dir='ltr'><strong>res</strong></span> <span class='ocrx_word' id='word_1_391' title='bbox 3235 2757 3504 2830; x_wconf 90' lang='lat' dir='ltr'><strong>simplici-</strong></span> 
     </span>
    </p>
   </div>
   <div class='ocr_carea' id='block_1_58' title="bbox 1885 2844 3506 2917">
    <p class='ocr_par' dir='ltr' id='par_1_58' title="bbox 1885 2844 3506 2917">
     <span class='ocr_line' id='line_1_58' title="bbox 1885 2844 3506 2917; baseline 0.001 -15"><span class='ocrx_word' id='word_1_392' title='bbox 1885 2853 1969 2902; x_wconf 86' lang='lat' dir='ltr'><strong>ter</strong></span> <span class='ocrx_word' id='word_1_393' title='bbox 1996 2863 2134 2903; x_wconf 89' lang='lat' dir='ltr'><strong>esse.</strong></span> <span class='ocrx_word' id='word_1_394' title='bbox 2171 2846 2232 2902; x_wconf 86' lang='lat' dir='ltr'><strong>Et</strong></span> <span class='ocrx_word' id='word_1_395' title='bbox 2257 2861 2378 2902; x_wconf 92' lang='lat' dir='ltr'><strong>cum</strong></span> <span class='ocrx_word' id='word_1_396' title='bbox 2404 2860 2490 2900; x_wconf 91' lang='lat' dir='ltr'><strong>res</strong></span> <span class='ocrx_word' id='word_1_397' title='bbox 2519 2859 2716 2901; x_wconf 90' lang='lat' dir='ltr'><strong>omnes</strong></span> <span class='ocrx_word' id='word_1_398' title='bbox 2755 2844 2998 2900; x_wconf 90' lang='lat' dir='ltr'><strong>habeant</strong></span> <span class='ocrx_word' id='word_1_399' title='bbox 3025 2846 3276 2917; x_wconf 87' lang='lat' dir='ltr'><strong>pr0prias</strong></span> <span class='ocrx_word' id='word_1_400' title='bbox 3303 2847 3506 2904; x_wconf 84' lang='lat' dir='ltr'><strong>formas</strong></span> 
     </span>
    </p>
   </div>
   <div class='ocr_carea' id='block_1_59' title="bbox 1885 2933 3502 3011">
    <p class='ocr_par' dir='ltr' id='par_1_59' title="bbox 1885 2933 3502 3011">
     <span class='ocr_line' id='line_1_59' title="bbox 1885 2933 3502 3011; baseline 0.002 -20"><span class='ocrx_word' id='word_1_401' title='bbox 1885 2935 2086 3007; x_wconf 88' lang='lat' dir='ltr'><strong>quibus</strong></span> <span class='ocrx_word' id='word_1_402' title='bbox 2137 2935 2445 2990; x_wconf 83' lang='lat' dir='ltr'><strong>formantur</strong></span> <span class='ocrx_word' id='word_1_403' title='bbox 2497 2933 2566 2988; x_wconf 89' lang='lat' dir='ltr'><strong>ad</strong></span> <span class='ocrx_word' id='word_1_404' title='bbox 2613 2933 2823 3006; x_wconf 91' lang='lat' dir='ltr'><strong>aliquid</strong></span> <span class='ocrx_word' id='word_1_405' title='bbox 2870 2949 3013 3001; x_wconf 86' lang='lat' dir='ltr'><strong>esse,</strong></span> <span class='ocrx_word' id='word_1_406' title='bbox 3071 2935 3246 3006; x_wconf 88' lang='lat' dir='ltr'><strong>prima</strong></span> <span class='ocrx_word' id='word_1_407' title='bbox 3297 2953 3502 3011; x_wconf 81' lang='lat' dir='ltr'><strong>genera</strong></span> 
     </span>
    </p>
   </div>
   <div class='ocr_carea' id='block_1_60' title="bbox 1879 3024 3498 3097">
    <p class='ocr_par' dir='ltr' id='par_1_60' title="bbox 1879 3024 3498 3097">
     <span class='ocr_line' id='line_1_60' title="bbox 1879 3024 3498 3097; baseline -0.001 -16"><span class='ocrx_word' id='word_1_408' title='bbox 1879 3043 2061 3083; x_wconf 93' lang='lat' dir='ltr'><strong>rerum</strong></span> <span class='ocrx_word' id='word_1_409' title='bbox 2106 3027 2317 3082; x_wconf 90' lang='lat' dir='ltr'><strong>habent</strong></span> <span class='ocrx_word' id='word_1_410' title='bbox 2370 3024 2669 3081; x_wconf 89' lang='lat' dir='ltr'><strong>essentiam</strong></span> <span class='ocrx_word' id='word_1_411' title='bbox 2709 3041 2832 3097; x_wconf 63' lang='lat' dir='ltr'><strong>qua:</strong></span> <span class='ocrx_word' id='word_1_412' title='bbox 2881 3024 3192 3081; x_wconf 87' lang='lat' dir='ltr'><strong>formantur</strong></span> <span class='ocrx_word' id='word_1_413' title='bbox 3229 3027 3298 3082; x_wconf 90' lang='lat' dir='ltr'><strong>ad</strong></span> <span class='ocrx_word' id='word_1_414' title='bbox 3353 3044 3498 3085; x_wconf 90' lang='lat' dir='ltr'><strong>esse.</strong></span> 
     </span>
    </p>
   </div>
   <div class='ocr_carea' id='block_1_61' title="bbox 159 3113 3498 3192">
    <p class='ocr_par' dir='ltr' id='par_1_61' title="bbox 159 3113 3498 3192">
     <span class='ocr_line' id='line_1_61' title="bbox 159 3113 3498 3192; baseline 0.002 -22"><span class='ocrx_word' id='word_1_415' title='bbox 159 3129 220 3170; x_wconf 89' lang='lat' dir='ltr'><strong>se</strong></span> <span class='ocrx_word' id='word_1_416' title='bbox 251 3113 510 3182; x_wconf 88' lang='lat' dir='ltr'><strong>invicem,</strong></span> <span class='ocrx_word' id='word_1_417' title='bbox 543 3115 840 3172; x_wconf 90' lang='lat' dir='ltr'><strong>introrsum</strong></span> <span class='ocrx_word' id='word_1_418' title='bbox 881 3115 1174 3173; x_wconf 86' lang='lat' dir='ltr'><strong>revolvunt</strong></span> <span class='ocrx_word' id='word_1_419' title='bbox 1212 3117 1268 3172; x_wconf 91' lang='lat' dir='ltr'><strong>in</strong></span> <span class='ocrx_word' id='word_1_420' title='bbox 1309 3117 1478 3182; x_wconf 87' lang='lat' dir='ltr'><strong>idem,</strong></span> <span class='ocrx_word' id='word_1_421' title='bbox 1531 3125 1592 3174; x_wconf 91' lang='lat' dir='ltr'><strong>ut</strong></span> <span class='ocrx_word' id='word_1_422' title='bbox 1633 3119 1782 3174; x_wconf 90' lang='lat' dir='ltr'><strong>idem</strong></span> <span class='ocrx_word' id='word_1_423' title='bbox 1811 3123 1860 3192; x_wconf 83' lang='lat' dir='ltr'>C</span> <span class='ocrx_word' id='word_1_424' title='bbox 1883 3118 2100 3174; x_wconf 57' lang='lat' dir='ltr'><strong>(latera:</strong></span> <span class='ocrx_word' id='word_1_425' title='bbox 2147 3115 2336 3174; x_wconf 66' lang='lat' dir='ltr'><strong>formae</strong></span> <span class='ocrx_word' id='word_1_426' title='bbox 2380 3133 2507 3172; x_wconf 89' lang='lat' dir='ltr'><strong>suas</strong></span> <span class='ocrx_word' id='word_1_427' title='bbox 2535 3133 2622 3172; x_wconf 86' lang='lat' dir='ltr'><strong>res</strong></span> <span class='ocrx_word' id='word_1_428' title='bbox 2683 3117 2892 3173; x_wconf 85' lang='lat' dir='ltr'><strong>faciunt</strong></span> <span class='ocrx_word' id='word_1_429' title='bbox 2938 3117 3069 3190; x_wconf 89' lang='lat' dir='ltr'><strong>quid</strong></span> <span class='ocrx_word' id='word_1_430' title='bbox 3106 3125 3252 3174; x_wconf 90' lang='lat' dir='ltr'><strong>sunt.</strong></span> <span class='ocrx_word' id='word_1_431' title='bbox 3286 3119 3498 3177; x_wconf 78' lang='lat' dir='ltr'><strong>Etcum</strong></span> 
     </span>
    </p>
   </div>
   <div class='ocr_carea' id='block_1_62' title="bbox 161 3203 1782 3278">
    <p class='ocr_par' dir='ltr' id='par_1_62' title="bbox 161 3203 1782 3278">
     <span class='ocr_line' id='line_1_62' title="bbox 161 3203 1782 3278; baseline 0.002 -20"><span class='ocrx_word' id='word_1_432' title='bbox 161 3203 466 3260; x_wconf 91' lang='lat' dir='ltr'><strong>secundum</strong></span> <span class='ocrx_word' id='word_1_433' title='bbox 497 3204 749 3260; x_wconf 90' lang='lat' dir='ltr'><strong>diversas</strong></span> <span class='ocrx_word' id='word_1_434' title='bbox 776 3203 1158 3272; x_wconf 89' lang='lat' dir='ltr'><strong>habitudines,</strong></span> <span class='ocrx_word' id='word_1_435' title='bbox 1180 3206 1466 3278; x_wconf 92' lang='lat' dir='ltr'><strong>utriusque</strong></span> <span class='ocrx_word' id='word_1_436' title='bbox 1486 3223 1782 3278; x_wconf 85' lang='lat' dir='ltr'><strong>processus</strong></span> 
     </span>
    </p>
   </div>
   <div class='ocr_carea' id='block_1_63' title="bbox 163 3293 1782 3366">
    <p class='ocr_par' dir='ltr' id='par_1_63' title="bbox 163 3293 1782 3366">
     <span class='ocr_line' id='line_1_63' title="bbox 163 3293 1782 3366; baseline 0.001 -18"><span class='ocrx_word' id='word_1_437' title='bbox 163 3293 236 3350; x_wconf 89' lang='lat' dir='ltr'><strong>sit</strong></span> <span class='ocrx_word' id='word_1_438' title='bbox 270 3295 508 3350; x_wconf 89' lang='lat' dir='ltr'><strong>medius.</strong></span> <span class='ocrx_word' id='word_1_439' title='bbox 535 3294 646 3350; x_wconf 90' lang='lat' dir='ltr'><strong>Nec</strong></span> <span class='ocrx_word' id='word_1_440' title='bbox 674 3294 863 3348; x_wconf 90' lang='lat' dir='ltr'><strong>inﬁma</strong></span> <span class='ocrx_word' id='word_1_441' title='bbox 904 3303 1298 3365; x_wconf 89' lang='lat' dir='ltr'><strong>supponuntur</strong></span> <span class='ocrx_word' id='word_1_442' title='bbox 1323 3296 1556 3350; x_wconf 89' lang='lat' dir='ltr'><strong>summis</strong></span> <span class='ocrx_word' id='word_1_443' title='bbox 1583 3297 1782 3366; x_wconf 64' lang='lat' dir='ltr'><strong>praedi-</strong></span> 
     </span>
    </p>
   </div>
   <div class='ocr_carea' id='block_1_64' title="bbox 160 3382 1782 3460">
    <p class='ocr_par' dir='ltr' id='par_1_64' title="bbox 160 3382 1782 3460">
     <span class='ocr_line' id='line_1_64' title="bbox 160 3382 1782 3460; baseline 0.001 -22"><span class='ocrx_word' id='word_1_444' title='bbox 160 3382 400 3448; x_wconf 81' lang='lat' dir='ltr'><strong>catione,</strong></span> <span class='ocrx_word' id='word_1_445' title='bbox 432 3382 546 3440; x_wconf 92' lang='lat' dir='ltr'><strong>imo</strong></span> <span class='ocrx_word' id='word_1_446' title='bbox 575 3397 697 3438; x_wconf 89' lang='lat' dir='ltr'><strong>sese</strong></span> <span class='ocrx_word' id='word_1_447' title='bbox 743 3383 1052 3454; x_wconf 87' lang='lat' dir='ltr'><strong>respiciunt</strong></span> <span class='ocrx_word' id='word_1_448' title='bbox 1085 3399 1116 3438; x_wconf 91' lang='lat' dir='ltr'><strong>e</strong></span> <span class='ocrx_word' id='word_1_449' title='bbox 1158 3384 1410 3460; x_wconf 80' lang='lat' dir='ltr'><strong>regione,</strong></span> <span class='ocrx_word' id='word_1_450' title='bbox 1439 3391 1494 3439; x_wconf 92' lang='lat' dir='ltr'><strong>et</strong></span> <span class='ocrx_word' id='word_1_451' title='bbox 1523 3391 1782 3456; x_wconf 86' lang='lat' dir='ltr'><strong>tanquam</strong></span> 
     </span>
    </p>
   </div>
   <div class='ocr_carea' id='block_1_65' title="bbox 164 3473 1787 3548">
    <p class='ocr_par' dir='ltr' id='par_1_65' title="bbox 164 3473 1787 3548">
     <span class='ocr_line' id='line_1_65' title="bbox 164 3473 1787 3548; baseline -0.001 -16"><span class='ocrx_word' id='word_1_452' title='bbox 164 3475 444 3548; x_wconf 85' lang='lat' dir='ltr'><strong>opposita,</strong></span> <span class='ocrx_word' id='word_1_453' title='bbox 487 3489 671 3546; x_wconf 89' lang='lat' dir='ltr'><strong>neque</strong></span> <span class='ocrx_word' id='word_1_454' title='bbox 691 3474 761 3530; x_wconf 91' lang='lat' dir='ltr'><strong>de</strong></span> <span class='ocrx_word' id='word_1_455' title='bbox 784 3473 994 3530; x_wconf 85' lang='lat' dir='ltr'><strong>inﬁmis</strong></span> <span class='ocrx_word' id='word_1_456' title='bbox 1041 3475 1430 3545; x_wconf 59' lang='lat' dir='ltr'><strong>praedicantur,</strong></span> <span class='ocrx_word' id='word_1_457' title='bbox 1479 3490 1581 3530; x_wconf 90' lang='lat' dir='ltr'><strong>nec</strong></span> <span class='ocrx_word' id='word_1_458' title='bbox 1607 3475 1676 3531; x_wconf 90' lang='lat' dir='ltr'><strong>ab</strong></span> <span class='ocrx_word' id='word_1_459' title='bbox 1705 3476 1787 3531; x_wconf 91' lang='lat' dir='ltr'><strong>eis</strong></span> 
     </span>
    </p>
   </div>
   <div class='ocr_carea' id='block_1_66' title="bbox 164 3567 1785 3639">
    <p class='ocr_par' dir='ltr' id='par_1_66' title="bbox 164 3567 1785 3639">
     <span class='ocr_line' id='line_1_66' title="bbox 164 3567 1785 3639; baseline 0.001 -18"><span class='ocrx_word' id='word_1_460' title='bbox 164 3574 576 3636; x_wconf 91' lang='lat' dir='ltr'><strong>componuntur</strong></span> <span class='ocrx_word' id='word_1_461' title='bbox 621 3581 854 3632; x_wconf 87' lang='lat' dir='ltr'><strong>summa,</strong></span> <span class='ocrx_word' id='word_1_462' title='bbox 891 3581 1015 3620; x_wconf 91' lang='lat' dir='ltr'><strong>nam</strong></span> <span class='ocrx_word' id='word_1_463' title='bbox 1050 3572 1312 3638; x_wconf 89' lang='lat' dir='ltr'><strong>punctum</strong></span> <span class='ocrx_word' id='word_1_464' title='bbox 1372 3567 1557 3632; x_wconf 82' lang='lat' dir='ltr'><strong>lineae,</strong></span> <span class='ocrx_word' id='word_1_465' title='bbox 1587 3583 1785 3639; x_wconf 87' lang='lat' dir='ltr'><strong>quam-</strong></span> 
     </span>
    </p>
   </div>
   <div class='ocr_carea' id='block_1_67' title="bbox 160 3656 1787 3729">
    <p class='ocr_par' dir='ltr' id='par_1_67' title="bbox 160 3656 1787 3729">
     <span class='ocr_line' id='line_1_67' title="bbox 160 3656 1787 3729; baseline -0.001 -17"><span class='ocrx_word' id='word_1_466' title='bbox 160 3657 505 3712; x_wconf 89' lang='lat' dir='ltr'><strong>visnondum</strong></span> <span class='ocrx_word' id='word_1_467' title='bbox 534 3656 606 3712; x_wconf 91' lang='lat' dir='ltr'><strong>sit</strong></span> <span class='ocrx_word' id='word_1_468' title='bbox 643 3656 813 3722; x_wconf 89' lang='lat' dir='ltr'><strong>linea,</strong></span> <span class='ocrx_word' id='word_1_469' title='bbox 847 3672 958 3713; x_wconf 92' lang='lat' dir='ltr'><strong>non</strong></span> <span class='ocrx_word' id='word_1_470' title='bbox 991 3664 1075 3713; x_wconf 88' lang='lat' dir='ltr'><strong>est</strong></span> <span class='ocrx_word' id='word_1_471' title='bbox 1104 3667 1290 3714; x_wconf 89' lang='lat' dir='ltr'><strong>tamen</strong></span> <span class='ocrx_word' id='word_1_472' title='bbox 1319 3657 1540 3729; x_wconf 87' lang='lat' dir='ltr'><strong>penitus</strong></span> <span class='ocrx_word' id='word_1_473' title='bbox 1565 3672 1677 3715; x_wconf 88' lang='lat' dir='ltr'><strong>non</strong></span> <span class='ocrx_word' id='word_1_474' title='bbox 1719 3658 1787 3712; x_wconf 89' lang='lat' dir='ltr'><strong>li-</strong></span> 
     </span>
    </p>
   </div>
   <div class='ocr_carea' id='block_1_68' title="bbox 168 3749 907 3821">
    <p class='ocr_par' dir='ltr' id='par_1_68' title="bbox 168 3749 907 3821">
     <span class='ocr_line' id='line_1_68' title="bbox 168 3749 907 3821; baseline 0 -17"><span class='ocrx_word' id='word_1_475' title='bbox 168 3765 296 3817; x_wconf 89' lang='lat' dir='ltr'><strong>nea,</strong></span> <span class='ocrx_word' id='word_1_476' title='bbox 328 3749 424 3804; x_wconf 89' lang='lat' dir='ltr'><strong>sed</strong></span> <span class='ocrx_word' id='word_1_477' title='bbox 467 3755 549 3804; x_wconf 90' lang='lat' dir='ltr'><strong>est</strong></span> <span class='ocrx_word' id='word_1_478' title='bbox 571 3764 715 3821; x_wconf 89' lang='lat' dir='ltr'><strong>pene</strong></span> <span class='ocrx_word' id='word_1_479' title='bbox 739 3749 907 3806; x_wconf 89' lang='lat' dir='ltr'><strong>linea.</strong></span> 
     </span>
    </p>
   </div>
   <div class='ocr_carea' id='block_1_69' title="bbox 240 3839 1788 3913">
    <p class='ocr_par' dir='ltr' id='par_1_69' title="bbox 240 3839 1788 3913">
     <span class='ocr_line' id='line_1_69' title="bbox 240 3839 1788 3913; baseline 0.002 -20"><span class='ocrx_word' id='word_1_480' title='bbox 240 3839 330 3894; x_wconf 86' lang='lat' dir='ltr'><strong>Est</strong></span> <span class='ocrx_word' id='word_1_481' title='bbox 357 3839 528 3913; x_wconf 78' lang='lat' dir='ltr'><strong>igitur</strong></span> <span class='ocrx_word' id='word_1_482' title='bbox 559 3839 702 3896; x_wconf 90' lang='lat' dir='ltr'><strong>linea</strong></span> <span class='ocrx_word' id='word_1_483' title='bbox 721 3839 1154 3912; x_wconf 87' lang='lat' dir='ltr'><strong>quodammodo,</strong></span> <span class='ocrx_word' id='word_1_484' title='bbox 1188 3841 1440 3912; x_wconf 88' lang='lat' dir='ltr'><strong>quamvis</strong></span> <span class='ocrx_word' id='word_1_485' title='bbox 1470 3856 1581 3897; x_wconf 91' lang='lat' dir='ltr'><strong>non</strong></span> <span class='ocrx_word' id='word_1_486' title='bbox 1613 3841 1684 3896; x_wconf 89' lang='lat' dir='ltr'><strong>sit</strong></span> <span class='ocrx_word' id='word_1_487' title='bbox 1721 3841 1788 3896; x_wconf 92' lang='lat' dir='ltr'><strong>li-</strong></span> 
     </span>
    </p>
   </div>
   <div class='ocr_carea' id='block_1_70' title="bbox 168 3931 1784 4004">
    <p class='ocr_par' dir='ltr' id='par_1_70' title="bbox 168 3931 1784 4004">
     <span class='ocr_line' id='line_1_70' title="bbox 168 3931 1784 4004; baseline 0.001 -16"><span class='ocrx_word' id='word_1_488' title='bbox 168 3950 276 3990; x_wconf 87' lang='lat' dir='ltr'><strong>nea</strong></span> <span class='ocrx_word' id='word_1_489' title='bbox 298 3933 638 3990; x_wconf 92' lang='lat' dir='ltr'><strong>omnimodo.</strong></span> <span class='ocrx_word' id='word_1_490' title='bbox 664 3931 930 3988; x_wconf 91' lang='lat' dir='ltr'><strong>Similiter</strong></span> <span class='ocrx_word' id='word_1_491' title='bbox 955 3939 1010 3988; x_wconf 90' lang='lat' dir='ltr'><strong>et</strong></span> <span class='ocrx_word' id='word_1_492' title='bbox 1030 3931 1208 3988; x_wconf 88' lang='lat' dir='ltr'><strong>littera</strong></span> <span class='ocrx_word' id='word_1_493' title='bbox 1239 3947 1349 3988; x_wconf 93' lang='lat' dir='ltr'><strong>non</strong></span> <span class='ocrx_word' id='word_1_494' title='bbox 1373 3941 1460 3988; x_wconf 89' lang='lat' dir='ltr'><strong>est</strong></span> <span class='ocrx_word' id='word_1_495' title='bbox 1479 3948 1582 3988; x_wconf 86' lang='lat' dir='ltr'><strong>vox</strong></span> <span class='ocrx_word' id='word_1_496' title='bbox 1598 3932 1784 4004; x_wconf 90' lang='lat' dir='ltr'><strong>plene,</strong></span> 
     </span>
    </p>
   </div>
   <div class='ocr_carea' id='block_1_71' title="bbox 162 4021 1786 4094">
    <p class='ocr_par' dir='ltr' id='par_1_71' title="bbox 162 4021 1786 4094">
     <span class='ocr_line' id='line_1_71' title="bbox 162 4021 1786 4094; baseline 0 -15"><span class='ocrx_word' id='word_1_497' title='bbox 162 4024 264 4079; x_wconf 91' lang='lat' dir='ltr'><strong>sed</strong></span> <span class='ocrx_word' id='word_1_498' title='bbox 295 4039 479 4094; x_wconf 90' lang='lat' dir='ltr'><strong>pene;</strong></span> <span class='ocrx_word' id='word_1_499' title='bbox 511 4038 620 4078; x_wconf 92' lang='lat' dir='ltr'><strong>non</strong></span> <span class='ocrx_word' id='word_1_500' title='bbox 650 4028 734 4076; x_wconf 89' lang='lat' dir='ltr'><strong>est</strong></span> <span class='ocrx_word' id='word_1_501' title='bbox 761 4037 865 4078; x_wconf 86' lang='lat' dir='ltr'><strong>vox</strong></span> <span class='ocrx_word' id='word_1_502' title='bbox 895 4021 1244 4090; x_wconf 85' lang='lat' dir='ltr'><strong>omnimodo,</strong></span> <span class='ocrx_word' id='word_1_503' title='bbox 1274 4021 1372 4077; x_wconf 89' lang='lat' dir='ltr'><strong>sed</strong></span> <span class='ocrx_word' id='word_1_504' title='bbox 1399 4021 1786 4094; x_wconf 89' lang='lat' dir='ltr'><strong>aliquomodo;</strong></span> 
     </span>
    </p>
   </div>
   <div class='ocr_carea' id='block_1_72' title="bbox 165 4112 1688 4184">
    <p class='ocr_par' dir='ltr' id='par_1_72' title="bbox 165 4112 1688 4184">
     <span class='ocr_line' id='line_1_72' title="bbox 165 4112 1688 4184; baseline -0.001 -15"><span class='ocrx_word' id='word_1_505' title='bbox 165 4130 278 4171; x_wconf 91' lang='lat' dir='ltr'><strong>non</strong></span> <span class='ocrx_word' id='word_1_506' title='bbox 313 4122 397 4170; x_wconf 90' lang='lat' dir='ltr'><strong>est</strong></span> <span class='ocrx_word' id='word_1_507' title='bbox 423 4130 524 4170; x_wconf 88' lang='lat' dir='ltr'><strong>vox</strong></span> <span class='ocrx_word' id='word_1_508' title='bbox 555 4112 822 4184; x_wconf 90' lang='lat' dir='ltr'><strong>perfecta,</strong></span> <span class='ocrx_word' id='word_1_509' title='bbox 853 4113 950 4168; x_wconf 89' lang='lat' dir='ltr'><strong>sed</strong></span> <span class='ocrx_word' id='word_1_510' title='bbox 985 4113 1328 4184; x_wconf 88' lang='lat' dir='ltr'><strong>imperfecta.</strong></span> <span class='ocrx_word' id='word_1_511' title='bbox 1667 4167 1688 4180; x_wconf 73' lang='grc'><em>,</em></span> 
     </span>
    </p>
   </div>
   <div class='ocr_carea' id='block_1_73' title="bbox 233 4203 1788 4279">
    <p class='ocr_par' dir='ltr' id='par_1_73' title="bbox 233 4203 1788 4279">
     <span class='ocr_line' id='line_1_73' title="bbox 233 4203 1788 4279; baseline 0.001 -19"><span class='ocrx_word' id='word_1_512' title='bbox 233 4205 324 4260; x_wconf 90' lang='lat' dir='ltr'><strong>Est</strong></span> <span class='ocrx_word' id='word_1_513' title='bbox 376 4220 512 4279; x_wconf 82' lang='lat' dir='ltr'><strong>ergo</strong></span> <span class='ocrx_word' id='word_1_514' title='bbox 545 4212 602 4260; x_wconf 91' lang='lat' dir='ltr'><strong>et</strong></span> <span class='ocrx_word' id='word_1_515' title='bbox 657 4205 938 4277; x_wconf 89' lang='lat' dir='ltr'><strong>quantitas</strong></span> <span class='ocrx_word' id='word_1_516' title='bbox 969 4203 1401 4276; x_wconf 89' lang='lat' dir='ltr'><strong>quodammodo,</strong></span> <span class='ocrx_word' id='word_1_517' title='bbox 1443 4205 1703 4263; x_wconf 88' lang='lat' dir='ltr'><strong>similiter</strong></span> <span class='ocrx_word' id='word_1_518' title='bbox 1731 4221 1788 4270; x_wconf 74' lang='lat' dir='ltr'><strong>et</strong></span> 
     </span>
    </p>
   </div>
   <div class='ocr_carea' id='block_1_74' title="bbox 163 4297 1778 4370">
    <p class='ocr_par' dir='ltr' id='par_1_74' title="bbox 163 4297 1778 4370">
     <span class='ocr_line' id='line_1_74' title="bbox 163 4297 1778 4370; baseline 0.003 -18"><span class='ocrx_word' id='word_1_519' title='bbox 163 4305 386 4353; x_wconf 87' lang='lat' dir='ltr'><strong>atomus</strong></span> <span class='ocrx_word' id='word_1_520' title='bbox 415 4297 690 4369; x_wconf 91' lang='lat' dir='ltr'><strong>corporis,</strong></span> <span class='ocrx_word' id='word_1_521' title='bbox 722 4311 866 4368; x_wconf 90' lang='lat' dir='ltr'><strong>pene</strong></span> <span class='ocrx_word' id='word_1_522' title='bbox 879 4311 1100 4368; x_wconf 92' lang='lat' dir='ltr'><strong>corpus,</strong></span> <span class='ocrx_word' id='word_1_523' title='bbox 1123 4304 1178 4352; x_wconf 93' lang='lat' dir='ltr'><strong>et</strong></span> <span class='ocrx_word' id='word_1_524' title='bbox 1207 4307 1470 4370; x_wconf 89' lang='lat' dir='ltr'><strong>punctum</strong></span> <span class='ocrx_word' id='word_1_525' title='bbox 1493 4301 1778 4370; x_wconf 88' lang='lat' dir='ltr'><strong>temporis,</strong></span> 
     </span>
    </p>
   </div>
   <div class='ocr_carea' id='block_1_75' title="bbox 164 4389 1779 4470">
    <p class='ocr_par' dir='ltr' id='par_1_75' title="bbox 164 4389 1779 4470">
     <span class='ocr_line' id='line_1_75' title="bbox 164 4389 1779 4470; baseline 0.003 -26"><span class='ocrx_word' id='word_1_526' title='bbox 164 4405 306 4460; x_wconf 91' lang='lat' dir='ltr'><strong>pene</strong></span> <span class='ocrx_word' id='word_1_527' title='bbox 361 4396 602 4462; x_wconf 91' lang='lat' dir='ltr'><strong>tempus,</strong></span> <span class='ocrx_word' id='word_1_528' title='bbox 659 4397 716 4444; x_wconf 90' lang='lat' dir='ltr'><strong>et</strong></span> <span class='ocrx_word' id='word_1_529' title='bbox 752 4389 955 4453; x_wconf 85' lang='lat' dir='ltr'><strong>unitas,</strong></span> <span class='ocrx_word' id='word_1_530' title='bbox 1015 4405 1158 4460; x_wconf 91' lang='lat' dir='ltr'><strong>pene</strong></span> <span class='ocrx_word' id='word_1_531' title='bbox 1194 4406 1478 4459; x_wconf 89' lang='lat' dir='ltr'><strong>numerus,</strong></span> <span class='ocrx_word' id='word_1_532' title='bbox 1509 4391 1618 4447; x_wconf 89' lang='lat' dir='ltr'><strong>sint</strong></span> <span class='ocrx_word' id='word_1_533' title='bbox 1647 4408 1779 4470; x_wconf 86' lang='lat' dir='ltr'><strong>ergo</strong></span> 
     </span>
    </p>
   </div>
   <div class='ocr_carea' id='block_1_76' title="bbox 1883 3205 3500 3281">
    <p class='ocr_par' dir='ltr' id='par_1_76' title="bbox 1883 3205 3500 3281">
     <span class='ocr_line' id='line_1_76' title="bbox 1883 3205 3500 3281; baseline 0.002 -19"><span class='ocrx_word' id='word_1_534' title='bbox 1883 3207 2031 3262; x_wconf 87' lang='lat' dir='ltr'><strong>aliud</strong></span> <span class='ocrx_word' id='word_1_535' title='bbox 2072 3208 2143 3260; x_wconf 90' lang='lat' dir='ltr'><strong>sit</strong></span> <span class='ocrx_word' id='word_1_536' title='bbox 2173 3205 2382 3278; x_wconf 88' lang='lat' dir='ltr'><strong>aliquid</strong></span> <span class='ocrx_word' id='word_1_537' title='bbox 2423 3222 2568 3272; x_wconf 89' lang='lat' dir='ltr'><strong>esse,</strong></span> <span class='ocrx_word' id='word_1_538' title='bbox 2621 3205 2770 3261; x_wconf 89' lang='lat' dir='ltr'><strong>aliud</strong></span> <span class='ocrx_word' id='word_1_539' title='bbox 2801 3223 2947 3275; x_wconf 90' lang='lat' dir='ltr'><strong>esse,</strong></span> <span class='ocrx_word' id='word_1_540' title='bbox 2979 3207 3102 3263; x_wconf 68' lang='lat' dir='ltr'><strong>alia:</strong></span> <span class='ocrx_word' id='word_1_541' title='bbox 3151 3207 3340 3265; x_wconf 59' lang='lat' dir='ltr'><strong>formas</strong></span> <span class='ocrx_word' id='word_1_542' title='bbox 3373 3227 3500 3281; x_wconf 90' lang='lat' dir='ltr'><strong>per-</strong></span> 
     </span>
    </p>
   </div>
   <div class='ocr_carea' id='block_1_77' title="bbox 1884 3296 3506 3370">
    <p class='ocr_par' dir='ltr' id='par_1_77' title="bbox 1884 3296 3506 3370">
     <span class='ocr_line' id='line_1_77' title="bbox 1884 3296 3506 3370; baseline 0.001 -18"><span class='ocrx_word' id='word_1_543' title='bbox 1884 3298 2065 3352; x_wconf 91' lang='lat' dir='ltr'><strong>tinent</strong></span> <span class='ocrx_word' id='word_1_544' title='bbox 2089 3297 2156 3351; x_wconf 94' lang='lat' dir='ltr'><strong>ad</strong></span> <span class='ocrx_word' id='word_1_545' title='bbox 2198 3296 2404 3368; x_wconf 90' lang='lat' dir='ltr'><strong>aliquid</strong></span> <span class='ocrx_word' id='word_1_546' title='bbox 2434 3312 2576 3359; x_wconf 86' lang='lat' dir='ltr'><strong>esse,</strong></span> <span class='ocrx_word' id='word_1_547' title='bbox 2625 3303 2681 3350; x_wconf 87' lang='lat' dir='ltr'><strong>et</strong></span> <span class='ocrx_word' id='word_1_548' title='bbox 2720 3311 2829 3351; x_wconf 90' lang='lat' dir='ltr'><strong>non</strong></span> <span class='ocrx_word' id='word_1_549' title='bbox 2881 3297 2948 3350; x_wconf 89' lang='lat' dir='ltr'><strong>ad</strong></span> <span class='ocrx_word' id='word_1_550' title='bbox 2981 3313 3126 3352; x_wconf 91' lang='lat' dir='ltr'><strong>esse.</strong></span> <span class='ocrx_word' id='word_1_551' title='bbox 3163 3299 3223 3353; x_wconf 85' lang='lat' dir='ltr'><strong>Et</strong></span> <span class='ocrx_word' id='word_1_552' title='bbox 3255 3301 3506 3370; x_wconf 89' lang='lat' dir='ltr'><strong>quamvis</strong></span> 
     </span>
    </p>
   </div>
   <div class='ocr_carea' id='block_1_78' title="bbox 1886 3383 3500 3453">
    <p class='ocr_par' dir='ltr' id='par_1_78' title="bbox 1886 3383 3500 3453">
     <span class='ocr_line' id='line_1_78' title="bbox 1886 3383 3500 3453; baseline 0.002 -15"><span class='ocrx_word' id='word_1_553' title='bbox 1886 3384 1952 3438; x_wconf 89' lang='lat' dir='ltr'><strong>ad</strong></span> <span class='ocrx_word' id='word_1_554' title='bbox 1976 3383 2186 3453; x_wconf 90' lang='lat' dir='ltr'><strong>aliquid</strong></span> <span class='ocrx_word' id='word_1_555' title='bbox 2219 3399 2345 3437; x_wconf 90' lang='lat' dir='ltr'><strong>esse</strong></span> <span class='ocrx_word' id='word_1_556' title='bbox 2373 3391 2636 3452; x_wconf 90' lang='lat' dir='ltr'><strong>sequatur</strong></span> <span class='ocrx_word' id='word_1_557' title='bbox 2661 3398 2823 3447; x_wconf 82' lang='lat' dir='ltr'><strong>esse;</strong></span> <span class='ocrx_word' id='word_1_558' title='bbox 2857 3399 2968 3438; x_wconf 92' lang='lat' dir='ltr'><strong>non</strong></span> <span class='ocrx_word' id='word_1_559' title='bbox 3009 3394 3093 3440; x_wconf 90' lang='lat' dir='ltr'><strong>est</strong></span> <span class='ocrx_word' id='word_1_560' title='bbox 3125 3392 3308 3441; x_wconf 88' lang='lat' dir='ltr'><strong>tamen</strong></span> <span class='ocrx_word' id='word_1_561' title='bbox 3329 3397 3500 3442; x_wconf 74' lang='lat' dir='ltr'><strong>caete-</strong></span> 
     </span>
    </p>
   </div>
   <div class='ocr_carea' id='block_1_79' title="bbox 1886 3469 3500 3544">
    <p class='ocr_par' dir='ltr' id='par_1_79' title="bbox 1886 3469 3500 3544">
     <span class='ocr_line' id='line_1_79' title="bbox 1886 3469 3500 3544; baseline 0.002 -18"><span class='ocrx_word' id='word_1_562' title='bbox 1886 3487 2067 3526; x_wconf 89' lang='lat' dir='ltr'><strong>rarum</strong></span> <span class='ocrx_word' id='word_1_563' title='bbox 2119 3471 2416 3526; x_wconf 85' lang='lat' dir='ltr'><strong>formarum</strong></span> <span class='ocrx_word' id='word_1_564' title='bbox 2473 3479 2533 3524; x_wconf 93' lang='lat' dir='ltr'><strong>ut</strong></span> <span class='ocrx_word' id='word_1_565' title='bbox 2565 3469 2764 3524; x_wconf 86' lang='lat' dir='ltr'><strong>faciant</strong></span> <span class='ocrx_word' id='word_1_566' title='bbox 2815 3487 2979 3537; x_wconf 85' lang='lat' dir='ltr'><strong>esse;</strong></span> <span class='ocrx_word' id='word_1_567' title='bbox 3047 3471 3256 3528; x_wconf 90' lang='lat' dir='ltr'><strong>faciunt</strong></span> <span class='ocrx_word' id='word_1_568' title='bbox 3295 3481 3500 3544; x_wconf 84' lang='lat' dir='ltr'><strong>tamen,</strong></span> 
     </span>
    </p>
   </div>
   <div class='ocr_carea' id='block_1_80' title="bbox 1885 3562 3504 3634">
    <p class='ocr_par' dir='ltr' id='par_1_80' title="bbox 1885 3562 3504 3634">
     <span class='ocr_line' id='line_1_80' title="bbox 1885 3562 3504 3634; baseline 0.003 -16"><span class='ocrx_word' id='word_1_569' title='bbox 1885 3563 1982 3619; x_wconf 89' lang='lat' dir='ltr'><strong>sed</strong></span> <span class='ocrx_word' id='word_1_570' title='bbox 2033 3562 2456 3634; x_wconf 88' lang='lat' dir='ltr'><strong>consequentia,</strong></span> <span class='ocrx_word' id='word_1_571' title='bbox 2505 3576 2617 3617; x_wconf 90' lang='lat' dir='ltr'><strong>non</strong></span> <span class='ocrx_word' id='word_1_572' title='bbox 2648 3570 2876 3629; x_wconf 84' lang='lat' dir='ltr'><strong>natura;</strong></span> <span class='ocrx_word' id='word_1_573' title='bbox 2909 3570 2994 3618; x_wconf 91' lang='lat' dir='ltr'><strong>est</strong></span> <span class='ocrx_word' id='word_1_574' title='bbox 3045 3573 3227 3620; x_wconf 89' lang='lat' dir='ltr'><strong>autem</strong></span> <span class='ocrx_word' id='word_1_575' title='bbox 3259 3568 3504 3623; x_wconf 89' lang='lat' dir='ltr'><strong>essentia</strong></span> 
     </span>
    </p>
   </div>
   <div class='ocr_carea' id='block_1_81' title="bbox 1888 3655 3505 3733">
    <p class='ocr_par' dir='ltr' id='par_1_81' title="bbox 1888 3655 3505 3733">
     <span class='ocr_line' id='line_1_81' title="bbox 1888 3655 3505 3733; baseline 0.004 -21"><span class='ocrx_word' id='word_1_576' title='bbox 1888 3656 2123 3729; x_wconf 86' lang='lat' dir='ltr'><strong>primum</strong></span> <span class='ocrx_word' id='word_1_577' title='bbox 2157 3657 2214 3711; x_wconf 91' lang='lat' dir='ltr'><strong>in</strong></span> <span class='ocrx_word' id='word_1_578' title='bbox 2250 3656 2444 3728; x_wconf 90' lang='lat' dir='ltr'><strong>primis</strong></span> <span class='ocrx_word' id='word_1_579' title='bbox 2469 3655 2792 3729; x_wconf 81' lang='lat' dir='ltr'><strong>generibus,</strong></span> <span class='ocrx_word' id='word_1_580' title='bbox 2826 3663 2886 3712; x_wconf 91' lang='lat' dir='ltr'><strong>ut</strong></span> <span class='ocrx_word' id='word_1_581' title='bbox 2915 3658 3093 3728; x_wconf 90' lang='lat' dir='ltr'><strong>prima</strong></span> <span class='ocrx_word' id='word_1_582' title='bbox 3117 3675 3322 3732; x_wconf 81' lang='lat' dir='ltr'><strong>genera</strong></span> <span class='ocrx_word' id='word_1_583' title='bbox 3357 3663 3505 3733; x_wconf 88' lang='lat' dir='ltr'><strong>prin-</strong></span> 
     </span>
    </p>
   </div>
   <div class='ocr_carea' id='block_1_82' title="bbox 1887 3748 3506 3820">
    <p class='ocr_par' dir='ltr' id='par_1_82' title="bbox 1887 3748 3506 3820">
     <span class='ocr_line' id='line_1_82' title="bbox 1887 3748 3506 3820; baseline 0.004 -16"><span class='ocrx_word' id='word_1_584' title='bbox 1887 3749 2140 3820; x_wconf 90' lang='lat' dir='ltr'><strong>cipaliter</strong></span> <span class='ocrx_word' id='word_1_585' title='bbox 2163 3749 2294 3816; x_wconf 90' lang='lat' dir='ltr'><strong>sint,</strong></span> <span class='ocrx_word' id='word_1_586' title='bbox 2327 3754 2388 3803; x_wconf 93' lang='lat' dir='ltr'><strong>ut</strong></span> <span class='ocrx_word' id='word_1_587' title='bbox 2407 3764 2506 3820; x_wconf 90' lang='lat' dir='ltr'><strong>per</strong></span> <span class='ocrx_word' id='word_1_588' title='bbox 2531 3748 2826 3804; x_wconf 88' lang='lat' dir='ltr'><strong>essentiam</strong></span> <span class='ocrx_word' id='word_1_589' title='bbox 2851 3748 3030 3820; x_wconf 89' lang='lat' dir='ltr'><strong>primo</strong></span> <span class='ocrx_word' id='word_1_590' title='bbox 3052 3750 3174 3807; x_wconf 93' lang='lat' dir='ltr'><strong>loco</strong></span> <span class='ocrx_word' id='word_1_591' title='bbox 3200 3751 3506 3810; x_wconf 90' lang='lat' dir='ltr'><strong>formentur</strong></span> 
     </span>
    </p>
   </div>
   <div class='ocr_carea' id='block_1_83' title="bbox 1887 3835 3500 3914">
    <p class='ocr_par' dir='ltr' id='par_1_83' title="bbox 1887 3835 3500 3914">
     <span class='ocr_line' id='line_1_83' title="bbox 1887 3835 3500 3914; baseline 0.002 -21"><span class='ocrx_word' id='word_1_592' title='bbox 1887 3837 1956 3893; x_wconf 89' lang='lat' dir='ltr'><strong>ad</strong></span> <span class='ocrx_word' id='word_1_593' title='bbox 1995 3852 2137 3904; x_wconf 91' lang='lat' dir='ltr'><strong>esse,</strong></span> <span class='ocrx_word' id='word_1_594' title='bbox 2185 3837 2316 3892; x_wconf 91' lang='lat' dir='ltr'><strong>inde</strong></span> <span class='ocrx_word' id='word_1_595' title='bbox 2357 3837 2562 3892; x_wconf 90' lang='lat' dir='ltr'><strong>habent</strong></span> <span class='ocrx_word' id='word_1_596' title='bbox 2600 3835 2866 3892; x_wconf 86' lang='lat' dir='ltr'><strong>inferiora</strong></span> <span class='ocrx_word' id='word_1_597' title='bbox 2899 3854 2998 3907; x_wconf 93' lang='lat' dir='ltr'><strong>per</strong></span> <span class='ocrx_word' id='word_1_598' title='bbox 3035 3837 3238 3896; x_wconf 85' lang='lat' dir='ltr'><strong>formas</strong></span> <span class='ocrx_word' id='word_1_599' title='bbox 3294 3841 3500 3914; x_wconf 87' lang='lat' dir='ltr'><strong>aliquid</strong></span> 
     </span>
    </p>
   </div>
   <div class='ocr_carea' id='block_1_84' title="bbox 1889 3925 3506 4000">
    <p class='ocr_par' dir='ltr' id='par_1_84' title="bbox 1889 3925 3506 4000">
     <span class='ocr_line' id='line_1_84' title="bbox 1889 3925 3506 4000; baseline 0 -16"><span class='ocrx_word' id='word_1_600' title='bbox 1889 3943 2011 3984; x_wconf 86' lang='lat' dir='ltr'><strong>esse</strong></span> <span class='ocrx_word' id='word_1_601' title='bbox 2059 3934 2118 3983; x_wconf 91' lang='lat' dir='ltr'><strong>ut</strong></span> <span class='ocrx_word' id='word_1_602' title='bbox 2148 3943 2349 3999; x_wconf 90' lang='lat' dir='ltr'><strong>corpus</strong></span> <span class='ocrx_word' id='word_1_603' title='bbox 2389 3926 2556 3982; x_wconf 88' lang='lat' dir='ltr'><strong>habet</strong></span> <span class='ocrx_word' id='word_1_604' title='bbox 2602 3925 2966 3982; x_wconf 88' lang='lat' dir='ltr'><strong>substantiam</strong></span> <span class='ocrx_word' id='word_1_605' title='bbox 2999 3941 3120 3983; x_wconf 91' lang='lat' dir='ltr'><strong>esse</strong></span> <span class='ocrx_word' id='word_1_606' title='bbox 3163 3944 3261 4000; x_wconf 92' lang='lat' dir='ltr'><strong>per</strong></span> <span class='ocrx_word' id='word_1_607' title='bbox 3312 3944 3506 4000; x_wconf 85' lang='lat' dir='ltr'><strong>corpo-</strong></span> 
     </span>
    </p>
   </div>
   <div class='ocr_carea' id='block_1_85' title="bbox 1893 4014 3500 4090">
    <p class='ocr_par' dir='ltr' id='par_1_85' title="bbox 1893 4014 3500 4090">
     <span class='ocr_line' id='line_1_85' title="bbox 1893 4014 3500 4090; baseline 0.001 -18"><span class='ocrx_word' id='word_1_608' title='bbox 1893 4032 2042 4072; x_wconf 88' lang='lat' dir='ltr'><strong>ream</strong></span> <span class='ocrx_word' id='word_1_609' title='bbox 2101 4016 2349 4072; x_wconf 90' lang='lat' dir='ltr'><strong>formam.</strong></span> <span class='ocrx_word' id='word_1_610' title='bbox 2445 4015 2582 4072; x_wconf 91' lang='lat' dir='ltr'><strong>Sunt</strong></span> <span class='ocrx_word' id='word_1_611' title='bbox 2619 4014 2789 4090; x_wconf 85' lang='lat' dir='ltr'><strong>igitur</strong></span> <span class='ocrx_word' id='word_1_612' title='bbox 2840 4014 3030 4072; x_wconf 66' lang='lat' dir='ltr'><strong>formae</strong></span> <span class='ocrx_word' id='word_1_613' title='bbox 3084 4033 3262 4073; x_wconf 67' lang='lat' dir='ltr'><strong>causa:</strong></span> <span class='ocrx_word' id='word_1_614' title='bbox 3319 4034 3500 4073; x_wconf 88' lang='lat' dir='ltr'><strong>rerum</strong></span> 
     </span>
    </p>
   </div>
   <div class='ocr_carea' id='block_1_86' title="bbox 1897 4105 3504 4171">
    <p class='ocr_par' dir='ltr' id='par_1_86' title="bbox 1897 4105 3504 4171">
     <span class='ocr_line' id='line_1_86' title="bbox 1897 4105 3504 4171; baseline 0 -7"><span class='ocrx_word' id='word_1_615' title='bbox 1897 4107 2166 4171; x_wconf 87' lang='lat' dir='ltr'><strong>omnium,</strong></span> <span class='ocrx_word' id='word_1_616' title='bbox 2199 4123 2324 4162; x_wconf 91' lang='lat' dir='ltr'><strong>nam</strong></span> <span class='ocrx_word' id='word_1_617' title='bbox 2349 4113 2562 4163; x_wconf 69' lang='lat' dir='ltr'><strong>caetera:</strong></span> <span class='ocrx_word' id='word_1_618' title='bbox 2587 4105 2774 4162; x_wconf 68' lang='lat' dir='ltr'><strong>formae</strong></span> <span class='ocrx_word' id='word_1_619' title='bbox 2803 4122 2999 4164; x_wconf 89' lang='lat' dir='ltr'><strong>omnes</strong></span> <span class='ocrx_word' id='word_1_620' title='bbox 3025 4123 3190 4164; x_wconf 90' lang='lat' dir='ltr'><strong>causa</strong></span> <span class='ocrx_word' id='word_1_621' title='bbox 3219 4115 3348 4164; x_wconf 89' lang='lat' dir='ltr'><strong>sunt</strong></span> <span class='ocrx_word' id='word_1_622' title='bbox 3389 4109 3504 4164; x_wconf 89' lang='lat' dir='ltr'><strong>suis</strong></span> 
     </span>
    </p>
   </div>
   <div class='ocr_carea' id='block_1_87' title="bbox 1887 4199 3504 4272">
    <p class='ocr_par' dir='ltr' id='par_1_87' title="bbox 1887 4199 3504 4272">
     <span class='ocr_line' id='line_1_87' title="bbox 1887 4199 3504 4272; baseline 0 -16"><span class='ocrx_word' id='word_1_623' title='bbox 1887 4201 2074 4268; x_wconf 88' lang='lat' dir='ltr'><strong>rebus,</strong></span> <span class='ocrx_word' id='word_1_624' title='bbox 2142 4208 2202 4256; x_wconf 92' lang='lat' dir='ltr'><strong>ut</strong></span> <span class='ocrx_word' id='word_1_625' title='bbox 2249 4199 2460 4272; x_wconf 88' lang='lat' dir='ltr'><strong>aliquid</strong></span> <span class='ocrx_word' id='word_1_626' title='bbox 2518 4199 2660 4265; x_wconf 91' lang='lat' dir='ltr'><strong>sint;</strong></span> <span class='ocrx_word' id='word_1_627' title='bbox 2719 4200 2964 4256; x_wconf 88' lang='lat' dir='ltr'><strong>essentia</strong></span> <span class='ocrx_word' id='word_1_628' title='bbox 3001 4216 3152 4265; x_wconf 88' lang='lat' dir='ltr'><strong>vero,</strong></span> <span class='ocrx_word' id='word_1_629' title='bbox 3199 4217 3363 4256; x_wconf 87' lang='lat' dir='ltr'><strong>causa</strong></span> <span class='ocrx_word' id='word_1_630' title='bbox 3420 4213 3504 4256; x_wconf 89' lang='lat' dir='ltr'><strong>est</strong></span> 
     </span>
    </p>
   </div>
   <div class='ocr_carea' id='block_1_88' title="bbox 1885 4288 3498 4347">
    <p class='ocr_par' dir='ltr' id='par_1_88' title="bbox 1885 4288 3498 4347">
     <span class='ocr_line' id='line_1_88' title="bbox 1885 4288 3498 4347; baseline -0.002 0"><span class='ocrx_word' id='word_1_631' title='bbox 1885 4290 2149 4347; x_wconf 89' lang='lat' dir='ltr'><strong>omnibus</strong></span> <span class='ocrx_word' id='word_1_632' title='bbox 2193 4297 2257 4344; x_wconf 87' lang='lat' dir='ltr'><strong>ut</strong></span> <span class='ocrx_word' id='word_1_633' title='bbox 2307 4290 2420 4344; x_wconf 90' lang='lat' dir='ltr'><strong>sint</strong></span> <span class='ocrx_word' id='word_1_634' title='bbox 2502 4289 2564 4343; x_wconf 91' lang='lat' dir='ltr'><strong>Et</strong></span> <span class='ocrx_word' id='word_1_635' title='bbox 2606 4288 2854 4344; x_wconf 68' lang='lat' dir='ltr'><strong>materiae</strong></span> <span class='ocrx_word' id='word_1_636' title='bbox 2909 4295 3104 4344; x_wconf 89' lang='lat' dir='ltr'><strong>natura</strong></span> <span class='ocrx_word' id='word_1_637' title='bbox 3150 4289 3498 4344; x_wconf 89' lang='lat' dir='ltr'><strong>substantiali</strong></span> 
     </span>
    </p>
   </div>
   <div class='ocr_carea' id='block_1_89' title="bbox 1885 4375 3496 4451">
    <p class='ocr_par' dir='ltr' id='par_1_89' title="bbox 1885 4375 3496 4451">
     <span class='ocr_line' id='line_1_89' title="bbox 1885 4375 3496 4451; baseline -0.001 -17"><span class='ocrx_word' id='word_1_638' title='bbox 1885 4379 2100 4451; x_wconf 87' lang='lat' dir='ltr'><strong>priores</strong></span> <span class='ocrx_word' id='word_1_639' title='bbox 2128 4387 2255 4433; x_wconf 90' lang='lat' dir='ltr'><strong>sunt</strong></span> <span class='ocrx_word' id='word_1_640' title='bbox 2276 4376 2491 4443; x_wconf 89' lang='lat' dir='ltr'><strong>formis,</strong></span> <span class='ocrx_word' id='word_1_641' title='bbox 2524 4376 2715 4432; x_wconf 63' lang='lat' dir='ltr'><strong>formae</strong></span> <span class='ocrx_word' id='word_1_642' title='bbox 2744 4391 2876 4432; x_wconf 88' lang='lat' dir='ltr'><strong>vero</strong></span> <span class='ocrx_word' id='word_1_643' title='bbox 2902 4376 2947 4430; x_wconf 92' lang='lat' dir='ltr'><strong>si</strong></span> <span class='ocrx_word' id='word_1_644' title='bbox 2969 4375 3232 4448; x_wconf 89' lang='lat' dir='ltr'><strong>respicias</strong></span> <span class='ocrx_word' id='word_1_645' title='bbox 3261 4377 3330 4430; x_wconf 92' lang='lat' dir='ltr'><strong>ad</strong></span> <span class='ocrx_word' id='word_1_646' title='bbox 3353 4392 3496 4444; x_wconf 87' lang='lat' dir='ltr'><strong>esse,</strong></span> 
     </span>
    </p>
   </div>
   <div class='ocr_carea' id='block_1_90' title="bbox 165 4464 3500 4559">
    <p class='ocr_par' dir='ltr' id='par_1_90' title="bbox 165 4464 3500 4559">
     <span class='ocr_line' id='line_1_90' title="bbox 165 4464 3500 4559; baseline -0.001 -37"><span class='ocrx_word' id='word_1_647' title='bbox 165 4487 389 4536; x_wconf 55' lang='lat' dir='ltr'><strong>atomus</strong></span> <span class='ocrx_word' id='word_1_648' title='bbox 428 4481 654 4551; x_wconf 74' lang='lat' dir='ltr'><strong>quidem</strong></span> <span class='ocrx_word' id='word_1_649' title='bbox 691 4480 1049 4552; x_wconf 75' lang='lat' dir='ltr'><strong>aliquomodo</strong></span> <span class='ocrx_word' id='word_1_650' title='bbox 1076 4480 1418 4549; x_wconf 59' lang='lat' dir='ltr'><strong>substantia;</strong></span> <span class='ocrx_word' id='word_1_651' title='bbox 1455 4492 1651 4539; x_wconf 46' lang='lat' dir='ltr'><strong>cetera</strong></span> <span class='ocrx_word' id='word_1_652' title='bbox 1688 4464 1782 4540; x_wconf 58' lang='lat'><strong>{0.</strong></span> <span class='ocrx_word' id='word_1_653' title='bbox 1809 4490 1869 4559; x_wconf 82' lang='lat' dir='ltr'><strong>D</strong></span> <span class='ocrx_word' id='word_1_654' title='bbox 1892 4468 2140 4525; x_wconf 89' lang='lat' dir='ltr'><strong>materiis</strong></span> <span class='ocrx_word' id='word_1_655' title='bbox 2173 4468 2546 4539; x_wconf 88' lang='lat' dir='ltr'><strong>prioressunt,</strong></span> <span class='ocrx_word' id='word_1_656' title='bbox 2587 4466 2732 4536; x_wconf 91' lang='lat' dir='ltr'><strong>quod</strong></span> <span class='ocrx_word' id='word_1_657' title='bbox 2765 4481 2861 4520; x_wconf 88' lang='lat' dir='ltr'><strong>eas</strong></span> <span class='ocrx_word' id='word_1_658' title='bbox 2899 4481 3022 4520; x_wconf 90' lang='lat' dir='ltr'><strong>esse</strong></span> <span class='ocrx_word' id='word_1_659' title='bbox 3041 4464 3270 4532; x_wconf 88' lang='lat' dir='ltr'><strong>faciunt,</strong></span> <span class='ocrx_word' id='word_1_660' title='bbox 3300 4465 3500 4520; x_wconf 89' lang='lat' dir='ltr'><strong>multas</strong></span> 
     </span>
    </p>
   </div>
   <div class='ocr_carea' id='block_1_91' title="bbox 165 4571 1782 4645">
    <p class='ocr_par' dir='ltr' id='par_1_91' title="bbox 165 4571 1782 4645">
     <span class='ocr_line' id='line_1_91' title="bbox 165 4571 1782 4645; baseline 0.001 -17"><span class='ocrx_word' id='word_1_661' title='bbox 165 4586 227 4628; x_wconf 91' lang='lat' dir='ltr'><strong>ro</strong></span> <span class='ocrx_word' id='word_1_662' title='bbox 279 4571 690 4644; x_wconf 90' lang='lat' dir='ltr'><strong>quodammodo</strong></span> <span class='ocrx_word' id='word_1_663' title='bbox 741 4572 1040 4644; x_wconf 89' lang='lat' dir='ltr'><strong>quantitas,</strong></span> <span class='ocrx_word' id='word_1_664' title='bbox 1102 4573 1206 4628; x_wconf 91' lang='lat' dir='ltr'><strong>hos</strong></span> <span class='ocrx_word' id='word_1_665' title='bbox 1266 4574 1656 4645; x_wconf 82' lang='lat' dir='ltr'><strong>grammaticus</strong></span> <span class='ocrx_word' id='word_1_666' title='bbox 1702 4577 1782 4630; x_wconf 93' lang='lat' dir='ltr'><strong>in-</strong></span> 
     </span>
    </p>
   </div>
   <div class='ocr_carea' id='block_1_92' title="bbox 160 4663 1778 4740">
    <p class='ocr_par' dir='ltr' id='par_1_92' title="bbox 160 4663 1778 4740">
     <span class='ocr_line' id='line_1_92' title="bbox 160 4663 1778 4740; baseline 0.002 -21"><span class='ocrx_word' id='word_1_667' title='bbox 160 4664 346 4736; x_wconf 88' lang='lat' dir='ltr'><strong>spicit,</strong></span> <span class='ocrx_word' id='word_1_668' title='bbox 390 4663 484 4736; x_wconf 89' lang='lat' dir='ltr'><strong>qui</strong></span> <span class='ocrx_word' id='word_1_669' title='bbox 519 4671 778 4736; x_wconf 90' lang='lat' dir='ltr'><strong>tanquam</strong></span> <span class='ocrx_word' id='word_1_670' title='bbox 828 4663 1039 4736; x_wconf 89' lang='lat' dir='ltr'><strong>plurale</strong></span> <span class='ocrx_word' id='word_1_671' title='bbox 1091 4663 1428 4740; x_wconf 82' lang='lat' dir='ltr'><strong>singularem</strong></span> <span class='ocrx_word' id='word_1_672' title='bbox 1487 4682 1778 4722; x_wconf 88' lang='lat' dir='ltr'><strong>numerum</strong></span> 
     </span>
    </p>
   </div>
   <div class='ocr_carea' id='block_1_93' title="bbox 171 4756 1781 4829">
    <p class='ocr_par' dir='ltr' id='par_1_93' title="bbox 171 4756 1781 4829">
     <span class='ocr_line' id='line_1_93' title="bbox 171 4756 1781 4829; baseline 0.002 -19"><span class='ocrx_word' id='word_1_673' title='bbox 171 4756 328 4812; x_wconf 90' lang='lat' dir='ltr'><strong>dicit.</strong></span> <span class='ocrx_word' id='word_1_674' title='bbox 359 4756 502 4812; x_wconf 91' lang='lat' dir='ltr'><strong>Dicit</strong></span> <span class='ocrx_word' id='word_1_675' title='bbox 527 4763 584 4812; x_wconf 92' lang='lat' dir='ltr'><strong>et</strong></span> <span class='ocrx_word' id='word_1_676' title='bbox 612 4773 748 4812; x_wconf 89' lang='lat' dir='ltr'><strong>usus</strong></span> <span class='ocrx_word' id='word_1_677' title='bbox 776 4757 1093 4812; x_wconf 90' lang='lat' dir='ltr'><strong>communis</strong></span> <span class='ocrx_word' id='word_1_678' title='bbox 1119 4773 1367 4828; x_wconf 62' lang='lat' dir='ltr'><strong>praesens</strong></span> <span class='ocrx_word' id='word_1_679' title='bbox 1390 4764 1629 4828; x_wconf 88' lang='lat' dir='ltr'><strong>tempus,</strong></span> <span class='ocrx_word' id='word_1_680' title='bbox 1653 4775 1781 4829; x_wconf 79' lang='lat' dir='ltr'><strong>par-</strong></span> 
     </span>
    </p>
   </div>
   <div class='ocr_carea' id='block_1_94' title="bbox 164 4844 1774 4918">
    <p class='ocr_par' dir='ltr' id='par_1_94' title="bbox 164 4844 1774 4918">
     <span class='ocr_line' id='line_1_94' title="bbox 164 4844 1774 4918; baseline 0.002 -19"><span class='ocrx_word' id='word_1_681' title='bbox 164 4844 386 4900; x_wconf 90' lang='lat' dir='ltr'><strong>ticulam</strong></span> <span class='ocrx_word' id='word_1_682' title='bbox 416 4845 702 4916; x_wconf 90' lang='lat' dir='ltr'><strong>temporis,</strong></span> <span class='ocrx_word' id='word_1_683' title='bbox 733 4845 800 4900; x_wconf 88' lang='lat' dir='ltr'><strong>ad</strong></span> <span class='ocrx_word' id='word_1_684' title='bbox 829 4861 991 4918; x_wconf 91' lang='lat' dir='ltr'><strong>quam</strong></span> <span class='ocrx_word' id='word_1_685' title='bbox 1021 4845 1176 4902; x_wconf 90' lang='lat' dir='ltr'><strong>velut</strong></span> <span class='ocrx_word' id='word_1_686' title='bbox 1205 4861 1554 4902; x_wconf 89' lang='lat' dir='ltr'><strong>communem</strong></span> <span class='ocrx_word' id='word_1_687' title='bbox 1585 4847 1774 4902; x_wconf 61' lang='lat' dir='ltr'><strong>termi.</strong></span> 
     </span>
    </p>
   </div>
   <div class='ocr_carea' id='block_1_95' title="bbox 165 4937 1777 5009">
    <p class='ocr_par' dir='ltr' id='par_1_95' title="bbox 165 4937 1777 5009">
     <span class='ocr_line' id='line_1_95' title="bbox 165 4937 1777 5009; baseline 0.002 -17"><span class='ocrx_word' id='word_1_688' title='bbox 165 4953 318 5005; x_wconf 88' lang='lat' dir='ltr'><strong>num,</strong></span> <span class='ocrx_word' id='word_1_689' title='bbox 367 4938 704 5008; x_wconf 73' lang='lat' dir='ltr'><strong>praeteritum</strong></span> <span class='ocrx_word' id='word_1_690' title='bbox 735 4938 1028 5009; x_wconf 83' lang='lat' dir='ltr'><strong>capulatur</strong></span> <span class='ocrx_word' id='word_1_691' title='bbox 1058 4946 1114 4994; x_wconf 91' lang='lat' dir='ltr'><strong>et</strong></span> <span class='ocrx_word' id='word_1_692' title='bbox 1163 4937 1425 4994; x_wconf 87' lang='lat' dir='ltr'><strong>futurum.</strong></span> <span class='ocrx_word' id='word_1_693' title='bbox 1457 4939 1518 4994; x_wconf 85' lang='lat' dir='ltr'><strong>Et</strong></span> <span class='ocrx_word' id='word_1_694' title='bbox 1547 4939 1629 4994; x_wconf 88' lang='lat' dir='ltr'><strong>sic</strong></span> <span class='ocrx_word' id='word_1_695' title='bbox 1648 4940 1777 4996; x_wconf 84' lang='lat' dir='ltr'><strong>ulti-</strong></span> 
     </span>
    </p>
   </div>
   <div class='ocr_carea' id='block_1_96' title="bbox 163 5008 1776 5106">
    <p class='ocr_par' dir='ltr' id='par_1_96' title="bbox 163 5008 1776 5106">
     <span class='ocr_line' id='line_1_96' title="bbox 163 5008 1776 5106; baseline 0.003 -23"><span class='ocrx_word' id='word_1_696' title='bbox 163 5043 254 5083; x_wconf 89' lang='lat' dir='ltr'><strong>ma</strong></span> <span class='ocrx_word' id='word_1_697' title='bbox 284 5028 558 5100; x_wconf 83' lang='lat' dir='ltr'><strong>principia</strong></span> <span class='ocrx_word' id='word_1_698' title='bbox 581 5029 770 5084; x_wconf 85' lang='lat' dir='ltr'><strong>referri</strong></span> <span class='ocrx_word' id='word_1_699' title='bbox 802 5008 1036 5102; x_wconf 71' lang='lat' dir='ltr'><strong>possunt</strong></span> <span class='ocrx_word' id='word_1_700' title='bbox 1065 5031 1133 5086; x_wconf 91' lang='lat' dir='ltr'><strong>ad</strong></span> <span class='ocrx_word' id='word_1_701' title='bbox 1165 5029 1363 5102; x_wconf 90' lang='lat' dir='ltr'><strong>prima,</strong></span> <span class='ocrx_word' id='word_1_702' title='bbox 1388 5037 1647 5104; x_wconf 88' lang='lat' dir='ltr'><strong>tanquam</strong></span> <span class='ocrx_word' id='word_1_703' title='bbox 1678 5048 1776 5106; x_wconf 85' lang='lat' dir='ltr'><strong>ge-</strong></span> 
     </span>
    </p>
   </div>
   <div class='ocr_carea' id='block_1_97' title="bbox 167 5121 1773 5198">
    <p class='ocr_par' dir='ltr' id='par_1_97' title="bbox 167 5121 1773 5198">
     <span class='ocr_line' id='line_1_97' title="bbox 167 5121 1773 5198; baseline 0.004 -22"><span class='ocrx_word' id='word_1_704' title='bbox 167 5121 396 5178; x_wconf 87' lang='lat' dir='ltr'><strong>neribus</strong></span> <span class='ocrx_word' id='word_1_705' title='bbox 425 5123 559 5195; x_wconf 89' lang='lat' dir='ltr'><strong>ipsis</strong></span> <span class='ocrx_word' id='word_1_706' title='bbox 584 5125 895 5196; x_wconf 88' lang='lat' dir='ltr'><strong>supposita,</strong></span> <span class='ocrx_word' id='word_1_707' title='bbox 926 5132 979 5182; x_wconf 91' lang='lat' dir='ltr'><strong>et</strong></span> <span class='ocrx_word' id='word_1_708' title='bbox 1010 5141 1202 5182; x_wconf 90' lang='lat' dir='ltr'><strong>eorum</strong></span> <span class='ocrx_word' id='word_1_709' title='bbox 1245 5126 1693 5198; x_wconf 69' lang='lat' dir='ltr'><strong>praedicationem</strong></span> <span class='ocrx_word' id='word_1_710' title='bbox 1717 5127 1773 5182; x_wconf 92' lang='lat' dir='ltr'><strong>in</strong></span> 
     </span>
    </p>
   </div>
   <div class='ocr_carea' id='block_1_98' title="bbox 163 5216 634 5288">
    <p class='ocr_par' dir='ltr' id='par_1_98' title="bbox 163 5216 634 5288">
     <span class='ocr_line' id='line_1_98' title="bbox 163 5216 634 5288; baseline 0.006 -19"><span class='ocrx_word' id='word_1_711' title='bbox 163 5230 226 5270; x_wconf 88' lang='lat' dir='ltr'><strong>se</strong></span> <span class='ocrx_word' id='word_1_712' title='bbox 253 5216 634 5288; x_wconf 87' lang='lat' dir='ltr'><strong>suscipientia.</strong></span> 
     </span>
    </p>
   </div>
   <div class='ocr_carea' id='block_1_99' title="bbox 825 5313 1117 5380">
    <p class='ocr_par' dir='ltr' id='par_1_99' title="bbox 825 5313 1117 5380">
     <span class='ocr_line' id='line_1_99' title="bbox 825 5313 1117 5380; baseline 0 -14"><span class='ocrx_word' id='word_1_713' title='bbox 825 5315 896 5367; x_wconf 82' lang='lat' dir='ltr'><strong>De</strong></span> <span class='ocrx_word' id='word_1_714' title='bbox 917 5313 1117 5380; x_wconf 80' lang='lat' dir='ltr'><strong>ﬁgura.</strong></span> 
     </span>
    </p>
   </div>
   <div class='ocr_carea' id='block_1_100' title="bbox 235 5417 1777 5501">
    <p class='ocr_par' dir='ltr' id='par_1_100' title="bbox 235 5417 1777 5501">
     <span class='ocr_line' id='line_1_100' title="bbox 235 5417 1777 5501; baseline 0.004 -26"><span class='ocrx_word' id='word_1_715' title='bbox 235 5417 420 5476; x_wconf 91' lang='lat' dir='ltr'><strong>Potest</strong></span> <span class='ocrx_word' id='word_1_716' title='bbox 449 5436 580 5496; x_wconf 87' lang='lat' dir='ltr'><strong>ergo</strong></span> <span class='ocrx_word' id='word_1_717' title='bbox 603 5439 669 5478; x_wconf 88' lang='lat' dir='ltr'><strong>ex</strong></span> <span class='ocrx_word' id='word_1_718' title='bbox 702 5423 1146 5495; x_wconf 67' lang='lat' dir='ltr'><strong>praecedentibus</strong></span> <span class='ocrx_word' id='word_1_719' title='bbox 1176 5423 1381 5500; x_wconf 88' lang='lat' dir='ltr'><strong>colligi,</strong></span> <span class='ocrx_word' id='word_1_720' title='bbox 1405 5421 1632 5501; x_wconf 83' lang='lat' dir='ltr'><strong>ﬁguram</strong></span> <span class='ocrx_word' id='word_1_721' title='bbox 1655 5441 1777 5483; x_wconf 86' lang='lat' dir='ltr'><strong>cor-</strong></span> 
     </span>
    </p>
   </div>
   <div class='ocr_carea' id='block_1_101' title="bbox 165 5508 1777 5588">
    <p class='ocr_par' dir='ltr' id='par_1_101' title="bbox 165 5508 1777 5588">
     <span class='ocr_line' id='line_1_101' title="bbox 165 5508 1777 5588; baseline 0.004 -23"><span class='ocrx_word' id='word_1_722' title='bbox 165 5508 433 5582; x_wconf 88' lang='lat' dir='ltr'><strong>poralium</strong></span> <span class='ocrx_word' id='word_1_723' title='bbox 465 5511 710 5567; x_wconf 90' lang='lat' dir='ltr'><strong>omnium</strong></span> <span class='ocrx_word' id='word_1_724' title='bbox 735 5529 957 5569; x_wconf 88' lang='lat' dir='ltr'><strong>causam</strong></span> <span class='ocrx_word' id='word_1_725' title='bbox 989 5511 1139 5580; x_wconf 88' lang='lat' dir='ltr'><strong>ﬁeri;</strong></span> <span class='ocrx_word' id='word_1_726' title='bbox 1169 5529 1295 5569; x_wconf 90' lang='lat' dir='ltr'><strong>nam</strong></span> <span class='ocrx_word' id='word_1_727' title='bbox 1323 5513 1443 5570; x_wconf 90' lang='lat' dir='ltr'><strong>sine</strong></span> <span class='ocrx_word' id='word_1_728' title='bbox 1469 5512 1645 5588; x_wconf 81' lang='lat' dir='ltr'><strong>figura</strong></span> <span class='ocrx_word' id='word_1_729' title='bbox 1674 5530 1777 5571; x_wconf 88' lang='lat' dir='ltr'><strong>nec</strong></span> 
     </span>
    </p>
   </div>
   <div class='ocr_carea' id='block_1_102' title="bbox 168 5601 1787 5680">
    <p class='ocr_par' dir='ltr' id='par_1_102' title="bbox 168 5601 1787 5680">
     <span class='ocr_line' id='line_1_102' title="bbox 168 5601 1787 5680; baseline 0.005 -23"><span class='ocrx_word' id='word_1_730' title='bbox 168 5601 432 5658; x_wconf 88' lang='lat' dir='ltr'><strong>materies</strong></span> <span class='ocrx_word' id='word_1_731' title='bbox 462 5603 582 5674; x_wconf 89' lang='lat' dir='ltr'><strong>ipsa</strong></span> <span class='ocrx_word' id='word_1_732' title='bbox 621 5610 805 5674; x_wconf 86' lang='lat' dir='ltr'><strong>potest</strong></span> <span class='ocrx_word' id='word_1_733' title='bbox 838 5620 982 5672; x_wconf 89' lang='lat' dir='ltr'><strong>esse,</strong></span> <span class='ocrx_word' id='word_1_734' title='bbox 1014 5621 1118 5662; x_wconf 88' lang='lat' dir='ltr'><strong>nec</strong></span> <span class='ocrx_word' id='word_1_735' title='bbox 1134 5605 1247 5663; x_wconf 88' lang='lat' dir='ltr'><strong>ulla</strong></span> <span class='ocrx_word' id='word_1_736' title='bbox 1263 5607 1482 5679; x_wconf 90' lang='lat' dir='ltr'><strong>species</strong></span> <span class='ocrx_word' id='word_1_737' title='bbox 1503 5605 1555 5660; x_wconf 92' lang='lat' dir='ltr'><strong>in</strong></span> <span class='ocrx_word' id='word_1_738' title='bbox 1586 5622 1787 5680; x_wconf 90' lang='lat' dir='ltr'><strong>corpo-</strong></span> 
     </span>
    </p>
   </div>
   <div class='ocr_carea' id='block_1_103' title="bbox 169 5691 1781 5766">
    <p class='ocr_par' dir='ltr' id='par_1_103' title="bbox 169 5691 1781 5766">
     <span class='ocr_line' id='line_1_103' title="bbox 169 5691 1781 5766; baseline 0.004 -21"><span class='ocrx_word' id='word_1_739' title='bbox 169 5691 324 5748; x_wconf 91' lang='lat' dir='ltr'><strong>ribus</strong></span> <span class='ocrx_word' id='word_1_740' title='bbox 364 5692 434 5748; x_wconf 90' lang='lat' dir='ltr'><strong>de</strong></span> <span class='ocrx_word' id='word_1_741' title='bbox 466 5691 768 5748; x_wconf 90' lang='lat' dir='ltr'><strong>individuis</strong></span> <span class='ocrx_word' id='word_1_742' title='bbox 797 5692 1108 5766; x_wconf 63' lang='lat' dir='ltr'><strong>praedicari,</strong></span> <span class='ocrx_word' id='word_1_743' title='bbox 1152 5712 1258 5751; x_wconf 90' lang='lat' dir='ltr'><strong>nec</strong></span> <span class='ocrx_word' id='word_1_744' title='bbox 1293 5695 1579 5752; x_wconf 84' lang='lat' dir='ltr'><strong>materiale</strong></span> <span class='ocrx_word' id='word_1_745' title='bbox 1610 5701 1781 5752; x_wconf 92' lang='lat' dir='ltr'><strong>totum</strong></span> 
     </span>
    </p>
   </div>
   <div class='ocr_carea' id='block_1_104' title="bbox 171 5782 1783 5858">
    <p class='ocr_par' dir='ltr' id='par_1_104' title="bbox 171 5782 1783 5858">
     <span class='ocr_line' id='line_1_104' title="bbox 171 5782 1783 5858; baseline 0.002 -21"><span class='ocrx_word' id='word_1_746' title='bbox 171 5797 314 5850; x_wconf 90' lang='lat' dir='ltr'><strong>esse,</strong></span> <span class='ocrx_word' id='word_1_747' title='bbox 345 5782 434 5840; x_wconf 85' lang='lat' dir='ltr'><strong>vel</strong></span> <span class='ocrx_word' id='word_1_748' title='bbox 465 5784 747 5855; x_wconf 89' lang='lat' dir='ltr'><strong>componi,</strong></span> <span class='ocrx_word' id='word_1_749' title='bbox 779 5786 1084 5858; x_wconf 89' lang='lat' dir='ltr'><strong>corporalis</strong></span> <span class='ocrx_word' id='word_1_750' title='bbox 1129 5787 1278 5842; x_wconf 90' lang='lat' dir='ltr'><strong>enim</strong></span> <span class='ocrx_word' id='word_1_751' title='bbox 1310 5787 1569 5844; x_wconf 86' lang='lat' dir='ltr'><strong>materies</strong></span> <span class='ocrx_word' id='word_1_752' title='bbox 1598 5795 1783 5843; x_wconf 82' lang='lat' dir='ltr'><strong>mente</strong></span> 
     </span>
    </p>
   </div>
   <div class='ocr_carea' id='block_1_105' title="bbox 525 5905 1068 5974">
    <p class='ocr_par' dir='ltr' id='par_1_105' title="bbox 525 5905 1068 5974">
     <span class='ocr_line' id='line_1_105' title="bbox 525 5905 1068 5974; baseline -0.002 -5"><span class='ocrx_word' id='word_1_753' title='bbox 525 5905 826 5971; x_wconf 74' lang='lat' dir='ltr'><strong>PATROL.</strong></span> <span class='ocrx_word' id='word_1_754' title='bbox 869 5905 1068 5974; x_wconf 83' lang='lat' dir='ltr'><strong>CLX.</strong></span> 
     </span>
    </p>
   </div>
   <div class='ocr_carea' id='block_1_106' title="bbox 1883 4559 3494 4636">
    <p class='ocr_par' dir='ltr' id='par_1_106' title="bbox 1883 4559 3494 4636">
     <span class='ocr_line' id='line_1_106' title="bbox 1883 4559 3494 4636; baseline -0.002 -18"><span class='ocrx_word' id='word_1_755' title='bbox 1883 4563 2262 4636; x_wconf 82' lang='lat' dir='ltr'><strong>digressiones</strong></span> <span class='ocrx_word' id='word_1_756' title='bbox 2290 4560 2544 4628; x_wconf 90' lang='lat' dir='ltr'><strong>facimus,</strong></span> <span class='ocrx_word' id='word_1_757' title='bbox 2577 4566 2632 4615; x_wconf 89' lang='lat' dir='ltr'><strong>et</strong></span> <span class='ocrx_word' id='word_1_758' title='bbox 2673 4560 2870 4633; x_wconf 79' lang='lat' dir='ltr'><strong>longas</strong></span> <span class='ocrx_word' id='word_1_759' title='bbox 2931 4559 2984 4614; x_wconf 93' lang='lat' dir='ltr'><strong>in</strong></span> <span class='ocrx_word' id='word_1_760' title='bbox 3041 4559 3146 4614; x_wconf 90' lang='lat' dir='ltr'><strong>hoc</strong></span> <span class='ocrx_word' id='word_1_761' title='bbox 3179 4575 3367 4631; x_wconf 84' lang='lat' dir='ltr'><strong>Opere.</strong></span> <span class='ocrx_word' id='word_1_762' title='bbox 3419 4561 3494 4614; x_wconf 83' lang='lat' dir='ltr'><strong>Ad</strong></span> 
     </span>
    </p>
   </div>
   <div class='ocr_carea' id='block_1_107' title="bbox 1882 4649 3498 4728">
    <p class='ocr_par' dir='ltr' id='par_1_107' title="bbox 1882 4649 3498 4728">
     <span class='ocr_line' id='line_1_107' title="bbox 1882 4649 3498 4728; baseline -0.002 -16"><span class='ocrx_word' id='word_1_763' title='bbox 1882 4656 2083 4712; x_wconf 90' lang='lat' dir='ltr'><strong>multas</strong></span> <span class='ocrx_word' id='word_1_764' title='bbox 2137 4670 2248 4709; x_wconf 91' lang='lat' dir='ltr'><strong>non</strong></span> <span class='ocrx_word' id='word_1_765' title='bbox 2317 4653 2466 4728; x_wconf 87' lang='lat' dir='ltr'><strong>cogit</strong></span> <span class='ocrx_word' id='word_1_766' title='bbox 2515 4651 2924 4723; x_wconf 90' lang='lat' dir='ltr'><strong>propositorum</strong></span> <span class='ocrx_word' id='word_1_767' title='bbox 2985 4649 3306 4720; x_wconf 85' lang='lat' dir='ltr'><strong>difﬁcultas,</strong></span> <span class='ocrx_word' id='word_1_768' title='bbox 3375 4669 3498 4725; x_wconf 71' lang='lat' dir='ltr'><strong>qua:</strong></span> 
     </span>
    </p>
   </div>
   <div class='ocr_carea' id='block_1_108' title="bbox 1880 4737 3494 4817">
    <p class='ocr_par' dir='ltr' id='par_1_108' title="bbox 1880 4737 3494 4817">
     <span class='ocr_line' id='line_1_108' title="bbox 1880 4737 3494 4817; baseline -0.003 -16"><span class='ocrx_word' id='word_1_769' title='bbox 1880 4743 2222 4817; x_wconf 62' lang='lat' dir='ltr'><strong>quaestiones</strong></span> <span class='ocrx_word' id='word_1_770' title='bbox 2245 4739 2601 4796; x_wconf 90' lang='lat' dir='ltr'><strong>multimodas</strong></span> <span class='ocrx_word' id='word_1_771' title='bbox 2621 4747 2866 4814; x_wconf 85' lang='lat' dir='ltr'><strong>generat.</strong></span> <span class='ocrx_word' id='word_1_772' title='bbox 2899 4737 3030 4803; x_wconf 66' lang='lat' dir='ltr'><strong>Quae</strong></span> <span class='ocrx_word' id='word_1_773' title='bbox 3060 4738 3338 4795; x_wconf 72' lang='lat' dir='ltr'><strong>solvenda:</strong></span> <span class='ocrx_word' id='word_1_774' title='bbox 3369 4751 3494 4797; x_wconf 89' lang='lat' dir='ltr'><strong>sunt</strong></span> 
     </span>
    </p>
   </div>
   <div class='ocr_carea' id='block_1_109' title="bbox 1880 4828 3497 4903">
    <p class='ocr_par' dir='ltr' id='par_1_109' title="bbox 1880 4828 3497 4903">
     <span class='ocr_line' id='line_1_109' title="bbox 1880 4828 3497 4903; baseline -0.002 -13"><span class='ocrx_word' id='word_1_775' title='bbox 1880 4833 2149 4900; x_wconf 89' lang='lat' dir='ltr'><strong>claritate,</strong></span> <span class='ocrx_word' id='word_1_776' title='bbox 2180 4847 2252 4886; x_wconf 90' lang='lat' dir='ltr'><strong>ne</strong></span> <span class='ocrx_word' id='word_1_777' title='bbox 2280 4846 2402 4903; x_wconf 75' lang='lat' dir='ltr'><strong>quae</strong></span> <span class='ocrx_word' id='word_1_778' title='bbox 2425 4829 2707 4901; x_wconf 89' lang='lat' dir='ltr'><strong>proposita</strong></span> <span class='ocrx_word' id='word_1_779' title='bbox 2734 4839 2864 4884; x_wconf 88' lang='lat' dir='ltr'><strong>sunt</strong></span> <span class='ocrx_word' id='word_1_780' title='bbox 2905 4835 3166 4884; x_wconf 79' lang='lat' dir='ltr'><strong>maneant</strong></span> <span class='ocrx_word' id='word_1_781' title='bbox 3203 4828 3257 4883; x_wconf 94' lang='lat' dir='ltr'><strong>in</strong></span> <span class='ocrx_word' id='word_1_782' title='bbox 3290 4828 3497 4886; x_wconf 91' lang='lat' dir='ltr'><strong>obscu-</strong></span> 
     </span>
    </p>
   </div>
   <div class='ocr_carea' id='block_1_110' title="bbox 1880 4916 3494 4992">
    <p class='ocr_par' dir='ltr' id='par_1_110' title="bbox 1880 4916 3494 4992">
     <span class='ocr_line' id='line_1_110' title="bbox 1880 4916 3494 4992; baseline -0.002 -16"><span class='ocrx_word' id='word_1_783' title='bbox 1880 4921 2058 4976; x_wconf 88' lang='lat' dir='ltr'><strong>ritate.</strong></span> <span class='ocrx_word' id='word_1_784' title='bbox 2099 4919 2177 4974; x_wconf 80' lang='lat' dir='ltr'><strong>Ad</strong></span> <span class='ocrx_word' id='word_1_785' title='bbox 2223 4919 2417 4992; x_wconf 80' lang='lat' dir='ltr'><strong>longas</strong></span> <span class='ocrx_word' id='word_1_786' title='bbox 2446 4932 2577 4974; x_wconf 90' lang='lat' dir='ltr'><strong>vero</strong></span> <span class='ocrx_word' id='word_1_787' title='bbox 2621 4932 2724 4973; x_wconf 90' lang='lat' dir='ltr'><strong>nos</strong></span> <span class='ocrx_word' id='word_1_788' title='bbox 2763 4916 3000 4988; x_wconf 88' lang='lat' dir='ltr'><strong>impellit</strong></span> <span class='ocrx_word' id='word_1_789' title='bbox 3027 4916 3304 4972; x_wconf 90' lang='lat' dir='ltr'><strong>subtilitas</strong></span> <span class='ocrx_word' id='word_1_790' title='bbox 3341 4935 3494 4990; x_wconf 84' lang='lat' dir='ltr'><strong>quae-</strong></span> 
     </span>
    </p>
   </div>
   <div class='ocr_carea' id='block_1_111' title="bbox 1878 5009 3494 5086">
    <p class='ocr_par' dir='ltr' id='par_1_111' title="bbox 1878 5009 3494 5086">
     <span class='ocr_line' id='line_1_111' title="bbox 1878 5009 3494 5086; baseline -0.001 -18"><span class='ocrx_word' id='word_1_791' title='bbox 1878 5013 2143 5082; x_wconf 86' lang='lat' dir='ltr'><strong>stionum,</strong></span> <span class='ocrx_word' id='word_1_792' title='bbox 2201 5029 2324 5086; x_wconf 69' lang='lat' dir='ltr'><strong>qua:</strong></span> <span class='ocrx_word' id='word_1_793' title='bbox 2375 5011 2464 5067; x_wconf 88' lang='lat' dir='ltr'><strong>vix</strong></span> <span class='ocrx_word' id='word_1_794' title='bbox 2521 5009 2590 5065; x_wconf 91' lang='lat' dir='ltr'><strong>ad</strong></span> <span class='ocrx_word' id='word_1_795' title='bbox 2635 5009 3054 5084; x_wconf 84' lang='lat' dir='ltr'><strong>intelligentiam</strong></span> <span class='ocrx_word' id='word_1_796' title='bbox 3118 5010 3494 5081; x_wconf 91' lang='lat' dir='ltr'><strong>perducuntur</strong></span> 
     </span>
    </p>
   </div>
   <div class='ocr_carea' id='block_1_112' title="bbox 1876 5100 3494 5174">
    <p class='ocr_par' dir='ltr' id='par_1_112' title="bbox 1876 5100 3494 5174">
     <span class='ocr_line' id='line_1_112' title="bbox 1876 5100 3494 5174; baseline -0.002 -16"><span class='ocrx_word' id='word_1_797' title='bbox 1876 5104 2040 5160; x_wconf 90' lang='lat' dir='ltr'><strong>etiam</strong></span> <span class='ocrx_word' id='word_1_798' title='bbox 2067 5101 2476 5174; x_wconf 89' lang='lat' dir='ltr'><strong>multiplicitate</strong></span> <span class='ocrx_word' id='word_1_799' title='bbox 2507 5103 2825 5155; x_wconf 84' lang='lat' dir='ltr'><strong>verborum.</strong></span> <span class='ocrx_word' id='word_1_800' title='bbox 2875 5100 2935 5155; x_wconf 88' lang='lat' dir='ltr'><strong>Et</strong></span> <span class='ocrx_word' id='word_1_801' title='bbox 2963 5116 3086 5155; x_wconf 91' lang='lat' dir='ltr'><strong>cum</strong></span> <span class='ocrx_word' id='word_1_802' title='bbox 3118 5100 3273 5172; x_wconf 89' lang='lat' dir='ltr'><strong>quasi</strong></span> <span class='ocrx_word' id='word_1_803' title='bbox 3307 5100 3494 5172; x_wconf 79' lang='lat' dir='ltr'><strong>hydrae</strong></span> 
     </span>
    </p>
   </div>
   <div class='ocr_carea' id='block_1_113' title="bbox 1875 5191 3493 5268">
    <p class='ocr_par' dir='ltr' id='par_1_113' title="bbox 1875 5191 3493 5268">
     <span class='ocr_line' id='line_1_113' title="bbox 1875 5191 3493 5268; baseline -0.004 -16"><span class='ocrx_word' id='word_1_804' title='bbox 1875 5196 2017 5252; x_wconf 69' lang='lat' dir='ltr'><strong>vivae</strong></span> <span class='ocrx_word' id='word_1_805' title='bbox 2046 5202 2213 5268; x_wconf 87' lang='lat' dir='ltr'><strong>caput</strong></span> <span class='ocrx_word' id='word_1_806' title='bbox 2235 5210 2408 5251; x_wconf 92' lang='lat' dir='ltr'><strong>unum</strong></span> <span class='ocrx_word' id='word_1_807' title='bbox 2439 5191 2800 5260; x_wconf 88' lang='lat' dir='ltr'><strong>abscidimus,</strong></span> <span class='ocrx_word' id='word_1_808' title='bbox 2827 5191 3163 5264; x_wconf 92' lang='lat' dir='ltr'><strong>quandoque</strong></span> <span class='ocrx_word' id='word_1_809' title='bbox 3189 5207 3493 5247; x_wconf 88' lang='lat' dir='ltr'><strong>renascun-</strong></span> 
     </span>
    </p>
   </div>
   <div class='ocr_carea' id='block_1_114' title="bbox 1878 5279 3494 5357">
    <p class='ocr_par' dir='ltr' id='par_1_114' title="bbox 1878 5279 3494 5357">
     <span class='ocr_line' id='line_1_114' title="bbox 1878 5279 3494 5357; baseline -0.004 -14"><span class='ocrx_word' id='word_1_810' title='bbox 1878 5294 1965 5343; x_wconf 89' lang='lat' dir='ltr'><strong>tur</strong></span> <span class='ocrx_word' id='word_1_811' title='bbox 2027 5286 2221 5352; x_wconf 88' lang='lat' dir='ltr'><strong>multa,</strong></span> <span class='ocrx_word' id='word_1_812' title='bbox 2285 5299 2408 5357; x_wconf 67' lang='lat' dir='ltr'><strong>quae</strong></span> <span class='ocrx_word' id='word_1_813' title='bbox 2455 5283 2560 5338; x_wconf 92' lang='lat' dir='ltr'><strong>nisi</strong></span> <span class='ocrx_word' id='word_1_814' title='bbox 2613 5297 2736 5338; x_wconf 92' lang='lat' dir='ltr'><strong>cum</strong></span> <span class='ocrx_word' id='word_1_815' title='bbox 2796 5295 2996 5354; x_wconf 80' lang='lat' dir='ltr'><strong>magno</strong></span> <span class='ocrx_word' id='word_1_816' title='bbox 3052 5279 3337 5336; x_wconf 89' lang='lat' dir='ltr'><strong>molimine</strong></span> <span class='ocrx_word' id='word_1_817' title='bbox 3383 5296 3494 5337; x_wconf 92' lang='lat' dir='ltr'><strong>non</strong></span> 
     </span>
    </p>
   </div>
   <div class='ocr_carea' id='block_1_115' title="bbox 1876 5375 2200 5432">
    <p class='ocr_par' dir='ltr' id='par_1_115' title="bbox 1876 5375 2200 5432">
     <span class='ocr_line' id='line_1_115' title="bbox 1876 5375 2200 5432; baseline -0.006 0"><span class='ocrx_word' id='word_1_818' title='bbox 1876 5375 2200 5432; x_wconf 89' lang='lat' dir='ltr'><strong>auferimus.</strong></span> 
     </span>
    </p>
   </div>
   <div class='ocr_carea' id='block_1_116' title="bbox 1877 5480 3494 5552">
    <p class='ocr_par' dir='ltr' id='par_1_116' title="bbox 1877 5480 3494 5552">
     <span class='ocr_line' id='line_1_116' title="bbox 1877 5480 3494 5552; baseline -0.001 -12"><span class='ocrx_word' id='word_1_819' title='bbox 1877 5484 2029 5552; x_wconf 85' lang='lat' dir='ltr'><strong>Quod</strong></span> <span class='ocrx_word' id='word_1_820' title='bbox 2067 5486 2146 5538; x_wconf 79' lang='lat' dir='ltr'><strong>vis</strong></span> <span class='ocrx_word' id='word_1_821' title='bbox 2185 5480 2490 5550; x_wconf 75' lang='lat' dir='ltr'><strong>vegetabilis</strong></span> <span class='ocrx_word' id='word_1_822' title='bbox 2516 5486 2594 5536; x_wconf 82' lang='lat' dir='ltr'><strong>est</strong></span> <span class='ocrx_word' id='word_1_823' title='bbox 2619 5493 2799 5536; x_wconf 76' lang='lat' dir='ltr'><strong>semen</strong></span> <span class='ocrx_word' id='word_1_824' title='bbox 2841 5481 3061 5546; x_wconf 70' lang='lat' dir='ltr'><strong>animae,</strong></span> <span class='ocrx_word' id='word_1_825' title='bbox 3099 5483 3345 5549; x_wconf 80' lang='lat' dir='ltr'><strong>quamvis</strong></span> <span class='ocrx_word' id='word_1_826' title='bbox 3383 5496 3494 5538; x_wconf 83' lang='lat' dir='ltr'><strong>non</strong></span> 
     </span>
    </p>
   </div>
   <div class='ocr_carea' id='block_1_117' title="bbox 2531 5571 2841 5624">
    <p class='ocr_par' dir='ltr' id='par_1_117' title="bbox 2531 5571 2841 5624">
     <span class='ocr_line' id='line_1_117' title="bbox 2531 5571 2841 5624; baseline 0 0"><span class='ocrx_word' id='word_1_827' title='bbox 2531 5572 2604 5624; x_wconf 81' lang='lat' dir='ltr'><strong>sit</strong></span> <span class='ocrx_word' id='word_1_828' title='bbox 2631 5571 2841 5624; x_wconf 80' lang='lat' dir='ltr'><strong>anima.</strong></span> 
     </span>
    </p>
   </div>
   <div class='ocr_carea' id='block_1_118' title="bbox 1955 5683 3496 5760">
    <p class='ocr_par' dir='ltr' id='par_1_118' title="bbox 1955 5683 3496 5760">
     <span class='ocr_line' id='line_1_118' title="bbox 1955 5683 3496 5760; baseline -0.001 -18"><span class='ocrx_word' id='word_1_829' title='bbox 1955 5685 2220 5760; x_wconf 90' lang='lat' dir='ltr'><strong>Superius</strong></span> <span class='ocrx_word' id='word_1_830' title='bbox 2241 5692 2526 5740; x_wconf 90' lang='lat' dir='ltr'><strong>ostensum</strong></span> <span class='ocrx_word' id='word_1_831' title='bbox 2558 5689 2642 5738; x_wconf 90' lang='lat' dir='ltr'><strong>est</strong></span> <span class='ocrx_word' id='word_1_832' title='bbox 2663 5697 2851 5738; x_wconf 89' lang='lat' dir='ltr'><strong>semen</strong></span> <span class='ocrx_word' id='word_1_833' title='bbox 2878 5683 3132 5740; x_wconf 89' lang='lat' dir='ltr'><strong>animalis</strong></span> <span class='ocrx_word' id='word_1_834' title='bbox 3155 5698 3346 5740; x_wconf 91' lang='lat' dir='ltr'><strong>eorum</strong></span> <span class='ocrx_word' id='word_1_835' title='bbox 3373 5699 3496 5740; x_wconf 89' lang='lat' dir='ltr'><strong>csse</strong></span> 
     </span>
    </p>
   </div>
   <div class='ocr_carea' id='block_1_119' title="bbox 1886 5775 3497 5852">
    <p class='ocr_par' dir='ltr' id='par_1_119' title="bbox 1886 5775 3497 5852">
     <span class='ocr_line' id='line_1_119' title="bbox 1886 5775 3497 5852; baseline -0.003 -16"><span class='ocrx_word' id='word_1_836' title='bbox 1886 5794 2010 5852; x_wconf 66' lang='lat' dir='ltr'><strong>qua:</strong></span> <span class='ocrx_word' id='word_1_837' title='bbox 2063 5783 2308 5835; x_wconf 88' lang='lat' dir='ltr'><strong>constant</strong></span> <span class='ocrx_word' id='word_1_838' title='bbox 2357 5791 2422 5830; x_wconf 92' lang='lat' dir='ltr'><strong>ex</strong></span> <span class='ocrx_word' id='word_1_839' title='bbox 2477 5775 2658 5829; x_wconf 87' lang='lat' dir='ltr'><strong>anima</strong></span> <span class='ocrx_word' id='word_1_840' title='bbox 2698 5781 2751 5830; x_wconf 89' lang='lat' dir='ltr'><strong>et</strong></span> <span class='ocrx_word' id='word_1_841' title='bbox 2793 5791 3042 5848; x_wconf 90' lang='lat' dir='ltr'><strong>corpore,</strong></span> <span class='ocrx_word' id='word_1_842' title='bbox 3085 5783 3143 5832; x_wconf 91' lang='lat' dir='ltr'><strong>et</strong></span> <span class='ocrx_word' id='word_1_843' title='bbox 3184 5777 3240 5832; x_wconf 91' lang='lat' dir='ltr'><strong>in</strong></span> <span class='ocrx_word' id='word_1_844' title='bbox 3283 5777 3497 5833; x_wconf 89' lang='lat' dir='ltr'><strong>semine</strong></span> 
     </span>
    </p>
   </div>
   <div class='ocr_carea' id='block_1_120' title="bbox 3033 5899 3113 5961">
    <p class='ocr_par' dir='ltr' id='par_1_120' title="bbox 3033 5899 3113 5961">
     <span class='ocr_line' id='line_1_120' title="bbox 3033 5899 3113 5961; baseline 0.013 -1"><span class='ocrx_word' id='word_1_845' title='bbox 3033 5899 3113 5961; x_wconf 82' lang='lat'><strong>35</strong></span> 
     </span>
    </p>
   </div>
  </div>
