3892 6048
374 249 515 305 1099

1496 291 1507 301 .
1591 245 1651 301 Β.
1691 243 1928 299 ODONIS
1970 242 2208 298 CAMER.
2256 243 2461 297 EPISC.

3572 242 3732 296 1100

376 390 517 442 sicut
546 401 767 456 corpus,
799 386 878 439 sic
905 392 958 438 et
984 384 1087 437 vim
1119 384 1482 457 vegetabilem
1516 384 1570 454 in
1601 383 1803 437 animal
1839 382 1982 436 futu-
2017 404 2057 455 λ
2084 385 2392 453 perabimus
2422 386 2571 437 Patri
2606 384 2921 452 spirituum,
2960 392 3012 440 et
3052 388 3292 439 vivemus
3315 384 3343 437 ?
3374 384 3551 448 (Hebr.
3592 394 3728 453 xu.)

375 509 492 548 rum
535 492 819 563 prolicere.
864 490 1175 545 Secundum
1231 490 1378 561 quod
1424 506 1533 543 non
1561 496 1743 559 potest
1794 488 1984 560 negari

374 594 433 640 ut
457 600 657 655 corpus
700 584 769 638 de
799 598 1051 653 corpore,
1083 583 1165 638 sic
1195 591 1250 637 et
1290 598 1389 653 per
1415 582 1655 636 animam
1695 578 1986 655 vegetabi-

375 680 505 743 lem,
527 679 595 733 de
622 677 845 732 animali
866 678 1071 741 anima,
1105 677 1401 732 animalem
1434 677 1674 731 animam
1708 675 1849 730 fieri.
1882 674 1988 730 Sed

374 772 515 827 forte
545 772 691 826 dicet
743 771 943 842 aliquis
988 771 1119 842 quia
1156 771 1238 825 vis
1293 771 1345 824 in
1392 771 1608 825 semine
1640 769 1989 841 vegetabilis,

374 864 527 918 nulla
557 873 639 918 est
662 863 865 930 anima,
900 863 1131 917 veniens
1160 863 1228 917 ab
1262 863 1445 917 anima
1477 862 1743 932 parentis,
1775 867 1829 915 et
1856 875 1990 931 pro-

2088 475 2286 530 Contra
2332 476 2435 530 hoc
2494 474 2683 529 dicunt
2753 482 3146 547 propagatores
3204 474 3513 530 animarum
3583 476 3729 546 quia

2092 571 2231 624 Deus
2261 567 2472 623 homini
2503 581 2704 637 corpus
2741 566 2810 620 de
2843 572 2991 620 terra
3018 564 3170 631 fecit,
3202 565 3441 619 animam
3481 578 3627 619 vero
3650 563 3726 617 de

2091 660 2263 714 nihilo
2284 658 2455 713 dedit.
2490 656 2746 721 Quamvis
2759 671 2891 730 ergo
2923 660 3180 725 parentes
3204 659 3479 730 generent
3505 661 3569 708 et
3599 653 3727 706 ani-

2092 768 2256 817 mam,
2284 759 2338 805 et
2375 765 2577 821 corpus
2599 749 2652 802 in
2686 748 2858 818 prole,
2891 748 3088 802 animm
3120 753 3305 802 tamen
3329 746 3536 802 dicitur
3564 746 3728 801 Deus

2095 843 2251 898 Pater
2269 841 2513 912 proprie,
2545 838 2695 911 quod
2726 854 2847 893 eam
2871 837 3086 908 accepit
3106 838 3294 902 homo,
3317 851 3430 892 non
3455 835 3724 901 aliunde,

357 954 568 1025 ficiens
593 955 647 1009 in
673 955 909 1009 animam
944 955 1134 1025 prolis.
1186 954 1291 1009 Sed
1348 961 1543 1009 contra
1593 954 1696 1008 hoc
1737 952 1997 1022 superius
2096 934 2255 1025 sed?
2297 933 2417 1025 591°
2474 932 2607 1025 θίξον
2640 939 2698 985 ιη
2737 945 2861 1025 cui“
2912 928 3140 1025 aliunde
3170 943 3372 1000 corpus
3404 926 3725 1025 δεθῗρθτίξν

377 1043 524 1098 dicta
554 1043 805 1117 vigilant,
839 1042 932 1113 qui
976 1041 1216 1097 animam
1246 1042 1388 1097 sicut
1418 1041 1488 1096 de
1519 1048 1656 1107 toto,
1686 1039 1767 1094 sic
1797 1038 1904 1093 dici
1929 1038 1997 1092 de

376 1138 610 1211 singulis
638 1137 890 1208 partibus
916 1136 1209 1190 affirmant.
1238 1136 1367 1199 Sed,
1399 1136 1445 1189 si
1465 1135 1609 1190 forte
1641 1149 1750 1187 non
1773 1131 1995 1202 acquie-

381 1234 485 1287 scit
516 1234 869 1303 importunus
929 1232 1055 1286 huic
1095 1237 1454 1305 argumento:
1501 1229 1649 1295 Esto,
1692 1234 1840 1282 certe
1888 1240 2000 1280 non

382 1332 562 1397 potest
601 1327 691 1396 qui
735 1333 975 1379 mentem
1035 1324 1233 1378 habeat
1269 1322 1454 1377 dicere
1498 1322 1605 1376 vim
1634 1318 1998 1393 vegetabilem

377 1434 489 1481 non
516 1432 638 1472 esse
678 1417 893 1471 animm.
930 1416 992 1469 Et
1021 1432 1065 1469 SI
1099 1430 1210 1469 non
1242 1420 1345 1479 est,
1379 1420 1438 1468 ut
1489 1413 1650 1476 dicit,
1680 1412 1883 1472 anima,
1918 1409 2003 1465 vis

378 1515 559 1562 tamen
594 1515 679 1559 est
728 1504 946 1558 animm.
987 1502 1099 1556 Nisi
1129 1502 1277 1556 enim
1324 1501 1614 1571 sitcorpus
1660 1501 1881 1565 animm,
1911 1513 2001 1552 se-

380 1607 618 1654 mentem
651 1614 761 1652 non
796 1604 979 1667 potest
1007 1594 1268 1666 proferre.
1301 1595 1454 1649 Tolle
1485 1594 1748 1660 animam,
1777 1608 1889 1647 non
1921 1590 1999 1645 fa-

378 1691 452 1747 cit
488 1705 709 1755 semen;
752 1687 881 1742 facit
910 1703 1124 1753 semen,
1172 1687 1337 1741 habet
1369 1686 1538 1759 igitur
1580 1685 1845 1741 animam.
1896 1683 2000 1735 lla-

379 1785 474 1839 bet
501 1799 631 1855 ergo
656 1796 849 1836 semen
882 1781 950 1835 ab
982 1782 1166 1836 anima
1194 1782 1304 1835 vim
1332 1780 1723 1854 vegetabilem.
1765 1779 1868 1833 Aut
1899 1778 1996 1831 ha-

378 1877 473 1931 bet
501 1876 568 1929 ab
614 1873 816 1937 anima,
859 1883 953 1927 aut
983 1890 1013 1927 a
1070 1888 1324 1944 corpore.
1368 1874 1421 1927 Si
1469 1888 1500 1927 a
1549 1886 1806 1942 corpore,
1868 1868 1999 1924 tolle

381 1963 622 2017 animam
656 1970 711 2016 et
746 1960 916 2016 funde
944 1977 1157 2027 semen,
1210 1968 1265 2015 et
1318 1961 1574 2015 dabimus
1629 1959 1865 2030 palmam
1898 1956 1997 2011 tibi

379 2050 645 2116 victorim,
687 2049 1045 2104 sivideamus
1070 2057 1393 2120 sequentem
1440 2049 1673 2120 prolem.
1709 2047 1763 2101 Si
1818 2053 2000 2101 autem

383 2155 492 2196 non
517 2147 695 2206 potest
717 2138 857 2203 fieri,
902 2137 1169 2193 confitere
1206 2138 1512 2204 veritatem,
1545 2145 1599 2191 et
1629 2136 1829 2191 animm
1860 2150 2000 2190 con-

382 2231 518 2287 cede
551 2230 657 2285 vim
690 2229 1077 2304 vegetabilem.
1111 2228 1177 2283 Et
1209 2228 1339 2283 licet
1367 2228 1485 2298 ipsa
1515 2227 1596 2281 vis
1638 2242 1749 2281 non
1781 2225 1851 2280 sit
1881 2224 2005 2279 aui-

382 2336 493 2387 ma,
526 2336 625 2391 per
651 2335 772 2373 eam
823 2326 1007 2372 tamen
1041 2318 1110 2372 ab
1140 2316 1323 2371 anima
1348 2323 1688 2390 propagatur
1717 2314 1924 2377 anima,
1953 2321 2009 2366 et

382 2408 443 2464 ﬁt
472 2424 660 2463 semen
687 2407 885 2461 animm
914 2406 1271 2479 propagantis
1303 2405 1565 2459 animam.
1609 2403 1735 2457 Sive
1766 2418 1900 2477 ergo
1926 2400 2007 2456 vis

383 2498 478 2552 illa
508 2497 713 2551 dicitur
740 2496 946 2561 anima,
969 2497 1085 2550 sive
1103 2511 1237 2562 non,
1256 2504 1406 2566 patet
1431 2495 1559 2566 quia
1587 2493 1849 2564 proditab
1877 2491 2003 2546 ani-

388 2605 477 2644 ma
521 2588 789 2661 parentis,
831 2595 885 2641 et
917 2595 1270 2658 promovetur
1300 2588 1356 2641 in
1385 2587 1622 2641 animam
1658 2585 1848 2657 prolis.
1882 2587 2009 2637 Am-

389 2683 556 2754 plius,
592 2699 739 2754 smpe
766 2683 1021 2737 videmus
1045 2682 1465 2737 similitudinem
1496 2680 1742 2751 parentis
1775 2680 1829 2733 in
1848 2679 2001 2750 prole

384 2783 439 2830 et
470 2775 524 2829 in
560 2783 703 2830 statu
733 2775 1003 2845 corporis,
1033 2781 1087 2830 et
1116 2773 1172 2827 in
1211 2774 1458 2829 moribus
1501 2773 1717 2826 animm.
1752 2771 1889 2837 Quid
1920 2777 2002 2824 est

387 2869 510 2931 hoc,
545 2867 650 2920 nisi
695 2867 840 2938 quod
875 2882 1068 2920 semen
1092 2873 1148 2921 et
1178 2882 1207 2920 a
1236 2880 1470 2936 corpore
1496 2864 1779 2935 parvulum
1815 2863 2001 2933 liquo-

385 2972 499 3012 rem
525 2965 579 3011 et
608 2957 676 3010 ab
731 2956 913 3010 anima
945 2956 1108 3010 trahit
1136 2956 1243 3010 vim
1297 2955 1687 3026 vegetabilem.
1726 2954 1857 3008 Nam
1892 2952 1997 3006 nisi

383 3065 574 3103 semen
601 3048 843 3102 traderet
875 3049 1091 3118 utriquc
1126 3046 1433 3118 proliquod
1465 3047 1629 3100 trahit
1658 3046 1727 3100 ab
1770 3055 2003 3116 utroque

386 3143 633 3207 parente,
680 3150 791 3190 non
828 3144 1253 3205 reprmsentaret
1313 3136 1368 3191 in
1411 3142 1645 3206 utroque
1678 3134 1849 3205 prolis
1879 3140 2005 3187 tan-

390 3239 496 3282 tam
530 3227 947 3281 similitudincm
985 3228 1246 3297 parentis.

454 3338 604 3404 Quod
631 3339 690 3391 in
725 3338 897 3391 Adam
924 3340 1134 3404 fuimus
1161 3353 1346 3393 omnes
1378 3340 1572 3392 anima
1601 3344 1652 3392 et
1699 3352 1931 3407 corpore.

456 3447 510 3501 Si
567 3463 701 3520 ergo
754 3448 1034 3504 invenitur
1080 3449 1134 3502 in
1188 3450 1402 3504 semine
1443 3456 1497 3503 et
1528 3450 1677 3521 quod
1722 3448 1790 3503 ab
1822 3448 2008 3503 anima

385 3539 609 3596 venitet
637 3541 783 3611 quod
815 3557 846 3595 a
868 3556 1122 3611 corpore,
1152 3549 1304 3612 patet
1335 3542 1467 3612 quia
1502 3541 1676 3612 prolis
1705 3540 1887 3594 anima
1913 3556 2005 3595 ve-

388 3632 470 3686 nit
508 3648 572 3685 ex
616 3632 861 3695 traduce,
903 3641 958 3689 et
987 3648 1184 3688 omnes
1218 3634 1418 3687 animm
1451 3641 1653 3687 nostrm
1697 3631 1921 3687 fuerunt
1950 3632 2008 3686 in

387 3725 571 3779 anima
600 3724 747 3778 Adm.
795 3725 852 3778 Et
878 3726 1099 3795 quando
1132 3726 1379 3796 peccavit
1432 3726 1623 3790 Adam,
1666 3724 1801 3779 nihil
1834 3726 1902 3779 ab
1939 3740 2008 3781 eo

391 3814 601 3867 exierat
630 3812 886 3867 humanm
934 3820 1163 3879 naturm,
1191 3813 1288 3868 sed
1319 3814 1500 3868 adhuc
1530 3821 1702 3869 totum
1721 3822 1838 3868 erat
1857 3814 1912 3868 in
1940 3830 2008 3870 eo

387 3902 657 3972 quidquid
710 3908 827 3955 erat
886 3901 1071 3955 homo.
1129 3901 1358 3964 Quando
1420 3916 1553 3974 ergo
1587 3902 1854 3971 peccavit,
1907 3918 2009 3957 nos

392 4004 591 4043 omnes
636 3988 1002 4058 peccavimus,
1032 3988 1163 4058 quia
1194 3987 1248 4040 in
1290 4004 1358 4043 eo
1385 4004 1578 4043 omnes
1613 4005 1849 4044 eramus.
1887 3991 2010 4045 Era-

388 4092 514 4131 mus
551 4091 800 4146 corpore,
831 4091 1051 4129 eramus
1077 4082 1130 4129 et
1168 4077 1370 4130 anima.
1418 4077 1587 4150 Igitur
1628 4078 1684 4131 in
1715 4094 1782 4133 eo
1814 4095 2010 4135 sumus

392 4180 588 4219 omnes
618 4164 805 4218 infecti
848 4172 1097 4234 peccato,
1123 4173 1178 4219 et
1216 4165 1345 4235 quia
1377 4166 1431 4219 in
1474 4181 1540 4220 eo
1576 4181 1671 4236 pro
1702 4167 1883 4239 culpa,
1916 4171 2011 4237 ju-

393 4264 478 4308 ste
508 4254 777 4309 successit
808 4254 970 4308 etiam
1003 4253 1276 4319 vindicta;
1329 4255 1386 4308 in
1427 4254 1590 4310 nobis
1638 4256 1800 4311 etiam
1837 4256 2012 4311 nasci-

392 4352 480 4398 tur
509 4359 669 4414 puena
692 4359 816 4398 cum
856 4344 1037 4414 culpa.
1073 4343 1133 4398 Et
1172 4344 1319 4413 juste
1360 4344 1639 4399 nascimur
1676 4344 1887 4411 miseri,
1915 4344 2010 4417 qui

393 4433 681 4502 prodimus
706 4450 737 4488 a
769 4434 995 4501 misero,
1028 4440 1087 4487 ut
1114 4434 1293 4506 qualis
1323 4442 1409 4489 est
1451 4434 1607 4507 origo
1638 4435 1763 4489 talis
1800 4445 1855 4490 et
1883 4451 2011 4506 pro-

2099 1023 2294 1079 merito
2337 1023 2482 1077 Deus
2525 1020 2740 1075 dicatur
2785 1020 2907 1088 ejus
2948 1017 3123 1086 Pater,
3165 1034 3287 1088 qum
3329 1033 3443 1073 non
3484 1015 3727 1071 aliunde

2100 1113 2267 1169 venit.
2303 1112 2438 1177 Quia
2468 1126 2599 1183 ergo
2626 1109 2929 1164 secundum
2962 1108 3295 1179 Scripturam
3327 1116 3475 1161 recte
3508 1106 3730 1160 dicitur

2102 1203 2245 1257 Deus
2294 1203 2448 1256 Pater
2493 1200 2719 1266 animm,
2772 1207 2941 1253 restat
3003 1204 3063 1252 ut
3094 1198 3258 1252 homo
3309 1196 3528 1252 dicatur
3556 1204 3730 1266 pater

2101 1292 2305 1358 carnis,
2343 1307 2464 1347 cum
2498 1298 2678 1345 tamen
2709 1295 2938 1363 generet
2967 1295 3279 1358 utrumque.

2349 1419 2498 1485 Quod
2524 1421 2725 1472 animae
2742 1432 2855 1471 non
2876 1418 3104 1471 veniunt
3131 1431 3199 1470 ea:
3222 1415 3460 1469 traduce.

2176 1534 2368 1591 Probat
2414 1533 2611 1587 animm
2657 1540 2989 1604 propagator
3025 1530 3266 1585 animam
3304 1530 3373 1583 ab
3402 1529 3595 1583 anima
3626 1544 3730 1582 ve-

2103 1626 2224 1680 nire
2260 1640 2326 1678 ex
2370 1639 2437 1679 eo
2468 1622 2615 1693 quod
2647 1622 2730 1676 vis
2760 1620 3087 1693 vegetabilis
3139 1619 3369 1674 trahitur
3413 1619 3469 1673 in
3501 1618 3729 1673 semine

2023 1751 2072 1819 Β
2102 1718 2293 1774 dicens
2315 1717 2513 1771 animm
2543 1722 2751 1785 partem
2785 1729 2906 1769 esse
2936 1715 3046 1768 vim
3090 1713 3290 1783 ipsam.
3331 1721 3387 1767 et
3416 1728 3447 1766 a
3477 1717 3598 1766 toto
3634 1725 3727 1764 se-

2099 1805 2280 1878 parari
2309 1806 2378 1860 ad
2411 1804 2622 1875 prolem
2644 1803 2977 1858 faciendam.
3020 1801 3367 1858 Orthodoxus
3414 1808 3607 1856 autem
3644 1799 3733 1855 di-

2100 1900 2176 1955 cit
2228 1902 2376 1954 hunc
2416 1898 2709 1953 carnaliter
2732 1913 2950 1968 sapere,
2992 1913 3096 1952 nec
3121 1897 3266 1953 bene
3324 1904 3578 1952 naturam
3615 1899 3737 1952 ani-

2104 2006 2206 2045 mm
2234 2004 2589 2063 c0gnoscere.
2650 1987 2839 2041 Anima
2881 1987 3028 2041 enim
3082 1987 3320 2041 humana
3357 1993 3559 2042 natura
3590 1988 3736 2041 sim-

2108 2084 2232 2153 plex
2253 2093 2335 2137 est
2362 2091 2417 2137 ct
2441 2081 2823 2151 incomposita.
2849 2082 2956 2136 hec
2981 2081 3335 2152 componitur
3355 2098 3421 2136 ex
3443 2081 3733 2153 pluribus,

2108 2178 2358 2250 quamvis
2395 2183 2611 2232 constet
2640 2193 2705 2231 ex
2728 2176 3002 2248 pluribus.
3047 2176 3161 2231 Una
3192 2185 3295 2242 est,
3327 2186 3383 2232 et
3408 2177 3604 2248 plures
3639 2179 3735 2232 ha-

2110 2267 2202 2321 bet
2230 2265 2525 2334 efficacias,
2548 2267 2678 2337 quia
2698 2267 2780 2321 sol
2811 2283 2974 2333 unus,
3003 2273 3058 2321 et
3096 2267 3284 2338 plures
3316 2266 3485 2321 habet
3514 2267 3729 2322 radios.

2111 2356 2356 2427 Simplex
2382 2367 2466 2410 est
2496 2363 2550 2410 et
2576 2357 2780 2410 enutrit
2804 2371 2871 2410 ex
2901 2372 2961 2411 se
3009 2356 3167 2427 plura
3217 2357 3287 2411 ad
3317 2372 3540 2428 corpus,
3563 2358 3735 2429 plura

2107 2447 2332 2518 quidem
2362 2447 2627 2509 exterius,
2657 2446 2756 2500 sed
2787 2446 2939 2500 unde
2976 2445 3230 2510 veniunt,
3259 2446 3493 2517 simplex
3524 2455 3615 2501 est
3647 2448 3734 2501 in-

2111 2546 2217 2604 tus,
2248 2547 2431 2608 partes
2460 2545 2591 2591 sunt
2621 2535 2842 2601 animm,
2876 2535 2975 2590 sed
3009 2550 3119 2591 non
3169 2535 3338 2589 habet
3364 2536 3734 2606 compositio-

2111 2642 2259 2693 nem,
2310 2626 2441 2696 quia
2491 2641 2595 2680 nec
2636 2625 2816 2695 ipsum
2861 2631 3033 2679 totum
3090 2624 3290 2694 recipit
3334 2625 3727 2696 quantitatem.

2110 2721 2203 2775 Hic
2228 2728 2373 2775 errat
2402 2720 2599 2774 animm
2636 2730 2995 2795 propagator,
3047 2718 3199 2790 quia.
3232 2735 3354 2775 cum
3389 2729 3577 2790 partes
3630 2737 3733 2775 au-

2102 2810 2182 2865 dit
2210 2810 2415 2882 cogitat
2452 2809 2837 2880 quantitatem,
2865 2808 3095 2880 etquod
3133 2817 3221 2863 est
3243 2809 3493 2879 corporis
3527 2810 3734 2880 quierit

2102 2903 2156 2957 in
2199 2917 2266 2957 eo
2312 2902 2461 2972 quod
2521 2916 2630 2956 non
2678 2908 2765 2956 est
2792 2916 3011 2971 corpus,
3065 2907 3119 2955 et
3147 2902 3623 2973 quemadmodum
3668 2902 3725 2955 in

2105 3006 2361 3062 corpore,
2390 2990 2553 3045 sicin
2583 2990 2766 3044 anima
2813 2999 3020 3061 partem
3054 2995 3211 3060 putat
3239 2989 3504 3045 abscondi
3538 3004 3733 3060 posse,

2027 3110 2075 3178 C
2105 3086 2159 3134 et
2188 3079 2529 3133 individuam
2559 3078 2855 3141 unitatem,
2908 3093 3032 3149 qum
3062 3078 3256 3134 localis
3286 3094 3397 3135 non
3440 3085 3527 3133 est
3556 3079 3617 3133 in
3647 3079 3736 3133 di-

2106 3188 2262 3225 versa
2292 3172 2410 3227 loca
2456 3172 2719 3241 dirumpi,
2748 3179 2801 3226 et
2845 3186 2944 3241 per
2970 3171 3220 3226 diversas
3254 3178 3438 3242 partes
3468 3187 3592 3226 eam
3640 3170 3730 3226 di-

2024 3298 2027 3301 »
2106 3264 2279 3318 versis
2328 3264 2462 3319 locis
2517 3264 2711 3329 teneri,
2745 3271 2800 3318 et
2846 3263 3046 3318 habere
3091 3269 3295 3334 partes,
3330 3263 3473 3318 sicut
3524 3279 3738 3335 corpus

2107 3356 2326 3411 diversa
2367 3357 2485 3411 loca
2516 3363 2793 3420 tenentes,
2824 3355 2971 3425 sapit
2991 3356 3311 3421 carnaliter,
3344 3356 3476 3427 quia
3504 3357 3739 3426 spirita-

2109 3450 2177 3504 lia
2212 3448 2423 3516 judicat
2452 3447 2836 3519 corporaliter,
2884 3447 3015 3520 quia
3070 3449 3317 3519 corporis
3361 3448 3736 3520 quantitatem

2107 3546 2303 3617 qumrit
2344 3546 2400 3598 in
2429 3544 2795 3599 substantiam
2826 3544 3192 3616 spiritualem.
3232 3545 3394 3599 Audit
3425 3554 3637 3616 partes,
3682 3555 3739 3599 et

2108 3635 2348 3690 occurrit
2387 3634 2587 3688 mentis
2617 3635 3001 3705 quantitas,‘et
3040 3635 3391 3706 compositio,
3422 3652 3549 3707 qum
3589 3636 3740 3691 solet

2109 3727 2376 3797 corporis,
2396 3727 2586 3781 exiens
2613 3727 2679 3781 ad
2709 3742 2910 3798 corpus
2936 3744 2967 3782 a
2988 3744 3047 3783 se
3077 3735 3133 3783 et
3163 3728 3410 3802 cogitans
3424 3729 3738 3783 secundum

2109 3831 2311 3885 corpus
2340 3816 2410 3870 de
2440 3832 2519 3881 se,
2562 3825 2616 3870 et
2646 3816 2728 3871 sic
2766 3815 2938 3872 oblita
2960 3817 3044 3871 sui
3078 3824 3197 3872 erat
3238 3817 3295 3871 in
3344 3832 3425 3883 se,
3468 3833 3739 3889 quaerens

2109 3920 2168 3959 se
2193 3911 2344 3959 extra
2371 3921 2449 3969 se,
2486 3921 2684 3975 putans
2709 3920 2769 3959 se
2794 3905 3098 3976 quantitate
3119 3906 3381 3969 distendi,
3413 3912 3467 3959 et
3486 3921 3593 3976 per
3613 3923 3743 3977 spa-

2111 3993 2184 4048 tia
2230 3994 2475 4049 locorum
2534 3992 2776 4060 dilatari,
2823 4009 2946 4048 cum
3006 4009 3117 4049 non
3175 3993 3375 4048 habeat
3419 4009 3740 4057 numerum,

2109 4087 2207 4140 sed
2258 4087 2623 4157 incomposita
2665 4088 2756 4153 sit,
2803 4094 2862 4143 ut
2901 4088 3085 4143 unitas
3140 4090 3197 4143 in
3260 4105 3492 4145 numero
3556 4091 3742 4145 multo

2110 4179 2604 4250 simpliciorlinem
2659 4186 2883 4250 puncto,
2916 4180 3001 4236 vel
3049 4182 3300 4252 corporis
3349 4182 3581 4248 atomio,
3644 4183 3742 4254 qui

2113 4284 2236 4322 cum
2263 4268 2334 4322 sit
2375 4268 2443 4323 de
2471 4283 2700 4339 corpore
2734 4284 2845 4325 non
2873 4277 2955 4325 est
2986 4270 3099 4341 jam
3141 4285 3362 4341 corpus,
3404 4271 3504 4325 sed
3544 4271 3622 4325 ob
3652 4272 3739 4325 sui

2111 4356 2523 4427 simplicitatem
2557 4357 2939 4429 incorporeus.
2985 4358 3113 4413 Cum
3144 4375 3276 4432 ergo
3318 4366 3506 4430 partes
3547 4360 3740 4426 audis,

2113 4449 2311 4504 animm
2342 4464 2565 4504 omnem
2614 4452 2971 4521 quantitatem
3001 4453 3085 4508 vel
3117 4453 3580 4523 compositionem
3641 4470 3742 4508 au-

392 4540 537 4598 pago
576 4525 853 4581 succedat.
886 4525 946 4579 Et
986 4526 1060 4580 ita
1111 4528 1389 4581 nascimur
1414 4543 1539 4581 cum
1581 4534 1828 4597 peccato,
1861 4543 1989 4599 qum

2176 4555 2196 4593 r
2221 4555 2252 4593 a
2274 4546 2478 4607 mente,
2524 4550 2578 4595 et
2607 4542 2924 4596 emundans
2948 4558 3070 4597 eam
3125 4558 3157 4597 a
3200 4542 3514 4613 pbantasiis
3542 4557 3742 4613 corpo—

392 4619 553 4674 nobis
584 4628 667 4674 est
713 4620 1014 4691 originale;
1060 4620 1189 4691 quia
1216 4621 1427 4676 homini
1470 4622 1647 4693 primo
1687 4623 1788 4677 fuit
1813 4640 2008 4695 perso-

392 4709 537 4775 nale,
566 4709 846 4764 nascimur
873 4726 995 4763 cum
1039 4716 1266 4780 peccato
1296 4711 1446 4781 quod
1476 4725 1589 4766 non
1620 4711 1851 4767 fecimus
1882 4713 2007 4783 ipsi,

389 4800 486 4854 sed
520 4800 648 4855 fecit
689 4801 831 4871 ipse,
866 4809 921 4855 et
952 4801 1247 4856 transfudit
1288 4802 1342 4855 in
1399 4818 1500 4857 nos
1531 4804 1813 4859 miseriam
1846 4821 2010 4877 quam

389 4894 589 4949 meruit
618 4896 756 4965 ipse.
797 4896 854 4950 Et
889 4896 990 4950 hoc
1016 4903 1098 4950 est
1137 4896 1407 4969 originale
1448 4904 1758 4968 peccatum,
1785 4914 1899 4969 quo
1931 4907 2013 4954 ta-

391 4989 568 5044 bescit
609 4990 909 5044 humanum
941 5005 1139 5063 genus,
1185 4998 1240 5045 et
1267 5005 1377 5061 quo
1435 4989 1687 5047 liberavit
1726 5007 1831 5048 nos
1864 4992 2048 5049 Chri-'

389 5088 532 5139 gms.
671 5159 782 5208 Cur
803 5158 939 5207 Deus
970 5155 1176 5208 dicitur
1200 5156 1521 5209 animarum
1552 5156 1731 5211 Pater.

456 5266 796 5322 Auctoritate
827 5267 1123 5337 Scripturm
1171 5266 1501 5323 conﬁrmant
1542 5269 1834 5326 orthodoxi
1894 5274 2013 5327 ani-

389 5370 532 5408 mam
590 5355 659 5408 ab
705 5355 889 5408 anima
923 5370 1033 5408 non
1081 5357 1395 5427 propagari.
1440 5357 1579 5412 Dicit
1625 5358 1774 5413 enim
1823 5361 2014 5416 Salva-

395 5451 510 5497 tor:
545 5450 862 5500 Reuertatur
889 5448 1065 5514 pulvis
1096 5449 1153 5501 in
1181 5453 1385 5501 terram
1413 5464 1574 5502 suam
1611 5452 1753 5506 unde
1793 5461 1932 5521 erat,
1962 5459 2016 5510 et

386 5532 607 5595 spiritus
634 5534 817 5587 redeat
854 5535 924 5586 ad
962 5539 1148 5602 Deum,
1181 5538 1277 5604 qui
1304 5537 1446 5589 dedit
1468 5537 1629 5592 illum
1684 5543 1855 5597 «Eccle
1896 5553 2009 5609 xu).

387 5613 791 5682 EtApostolus:
835 5625 1019 5675 Patres
1048 5624 1264 5689 quidem
1316 5627 1500 5678 carnis
1550 5627 1839 5683 habuimus
1887 5646 2016 5686 eru-

384 5704 577 5759 ditores
599 5714 647 5760 et
668 5711 1046 5765 reverebamur
1076 5729 1197 5779 eos;
1231 5730 1366 5770 num
1394 5717 1567 5772 multo
1595 5723 1767 5788 magis
1818 5723 2017 5777 obtem-

2113 4645 2255 4695 rum,
2307 4645 2506 4685 sensus
2534 4638 2589 4685 et
2636 4630 3091 4707 imaginationem
3124 4641 3394 4705 postpone
3424 4632 3655 4705 erigens
3686 4641 3740 4687 te

2112 4722 2179 4776 ad
2216 4722 2509 4791 rationem,
2561 4731 2620 4778 ut
2671 4725 2881 4779 ratione
2926 4724 3135 4799 cogites
3190 4725 3485 4780 rationem.
3546 4724 3740 4779 Partes

2113 4813 2261 4867 enim
2297 4812 2581 4868 rat'onalis
2597 4815 2819 4883 animm,
2844 4830 2957 4870 non
2979 4829 3212 4885 corpora
3228 4823 3377 4877 sunt,
3401 4814 3502 4868 sed
3533 4818 3737 4884 poten-

2121 4903 2229 4970 tim,
2263 4918 2375 4958 non
2404 4904 2652 4959 materiei
2685 4905 2783 4960 sed
2814 4904 3150 4973 efficientim,
3180 4919 3292 4961 non
3323 4919 3445 4959 eam
3467 4910 3530 4957 ut
3558 4919 3737 4957 mem-

2119 4995 2217 5049 bra
2242 5005 2604 5067 componunt,
2634 4998 2733 5053 sed
2766 4998 2833 5052 ab
2872 5014 2938 5054 ea
2966 4996 3117 5054 velut
3136 4998 3276 5053 radii
3306 4996 3605 5068 prodeunt.
3635 4997 3741 5051 To-

2119 5092 2230 5140 tum
2261 5092 2344 5140 est
2361 5086 2500 5156 ipsa,
2532 5103 2635 5143 nec
2666 5088 3016 5164 longitudine
3048 5087 3388 5159 producitur.
3426 5092 3605 5141 totum
3631 5092 3739 5151 est,

2118 5190 2223 5231 nec
2269 5182 2444 5230 tumet
2494 5175 2893 5247 profunditate.
2958 5177 3180 5233 Constat
3225 5192 3291 5231 ex
3350 5174 3610 5247 pluribus
3639 5190 3742 5229 nec

2118 5264 2301 5335 perdit
2324 5264 2758 5337 simplicitatem,
2797 5269 2929 5341 quia
2969 5284 3081 5324 non
3114 5267 3329 5323 admitit
3364 5265 3735 5336 compositio—

2116 5372 2264 5411 nem.
2296 5355 2519 5415 Constat
2569 5353 2649 5414 ex‘
2675 5360 2925 5430 pluribus
2953 5369 3008 5417 et
3044 5360 3277 5417 unitatis
3306 5373 3421 5414 sum
3448 5365 3632 5412 servat
3654 5355 3739 5409 in-

2116 5446 2521 5516 dividuitatcm,
2563 5450 2691 5521 quia
2720 5449 3007 5521 pluralitas
3054 5449 3175 5521 ipsa
3206 5463 3314 5504 non
3348 5445 3476 5502 facit
3524 5445 3738 5518 quanti-

2117 5543 2284 5590 tatem
2336 5536 2536 5591 Verum
2576 5538 2836 5609 equidem
2868 5546 2973 5605 est,
3009 5538 3138 5609 quia
3180 5536 3328 5593 venit
3381 5535 3450 5590 ab
3479 5533 3739 5588 animalis

2120 5635 2593 5708 prOpagationein
2620 5634 2855 5699 semine,
2904 5635 3001 5690 sed
3033 5635 3127 5689 illa
3151 5634 3236 5689 vis
3290 5631 3505 5687 aﬂectio
3535 5645 3739 5701 corpo-

2122 5723 2196 5779 ris
2227 5733 2330 5793 est,
2359 5742 2469 5784 non
2494 5725 2795 5785 efﬁcientia
2825 5729 3045 5784 animm.
3079 5725 3386 5784 Efﬁcientia
3414 5730 3499 5781 est
3526 5723 3584 5778 in
3604 5722 3739 5781 ani-
