3892 6048
226 311 357 368 11M

1295 311 1378 366 DE
1419 308 1706 366 PECCATO
1743 304 2100 362 ORIGINALI.
2141 320 2208 346 -ι-
2251 305 2353 358 LIB
2417 303 2509 358 lll.

3431 303 3569 359 1102

220 466 308 504 ma
347 457 403 504 et
439 463 646 519 corpus
675 446 918 503 afficitur
971 449 1039 503 de
1071 451 1192 520 ejus
1224 451 1536 520 praesentia,
1575 451 1700 506 dico
1727 451 1850 514 tria,
1885 449 1927 514 Α
1958 442 2376 497 similitudinem
2405 455 2558 494 suam
2586 437 2719 494 fecit
2767 439 3004 496 animam
3039 439 3180 493 Deus
3253 437 3410 510 Begit
3439 455 3571 513 ergo

227 539 486 592 discerne
514 543 569 591 et
593 537 906 592 considera.
939 537 1156 604 Anima,
1181 539 1380 594 anima;
1404 539 1508 599 vis,
1533 546 1590 594 et
1618 540 1700 593 vis
1729 556 1855 595 cor-

237 626 407 698 poris.
441 627 656 693 Anima,
716 633 798 680 est
829 625 1159 697 substantia,
1190 629 1274 682 vis
1307 636 1490 684 autem
1543 629 1760 696 animm,
1802 636 1856 684 et

231 721 414 777 anima
446 720 666 788 dicitur,
719 728 775 776 et
805 721 1141 788 substantia,
1185 723 1282 779 sed
1314 723 1398 780 vis
1437 723 1706 796 corporis,
1753 740 1855 780 nec

230 820 314 868 est
345 813 674 877 substantia,
725 829 830 868 nec
857 813 940 869 vis
965 815 1185 882 animae,
1232 831 1334 871 nec
1363 817 1567 882 anima,
1601 815 1698 870 sed
1731 831 1853 872 cor-

231 903 379 976 poris
415 901 654 970 affectio,
697 904 752 960 id
783 914 868 959 est
919 905 1160 976 qualitas
1191 905 1344 960 illata
1396 906 1611 977 corpori
1641 905 1709 960 ab
1739 905 1854 960 ani-

235 1013 340 1052 mae
371 997 683 1068 praesentia.
734 997 922 1053 Potest
953 1004 1138 1054 tamen
1181 999 1300 1055 haec
1353 1000 1591 1072 qualitas
1629 1001 1738 1057 dici
1770 1003 1853 1058 vis

233 1092 432 1146 animae
461 1091 645 1164 aliquo
685 1093 848 1148 modo
889 1109 1000 1149 non
1040 1094 1170 1166 quia
1210 1112 1337 1168 pars
1379 1104 1464 1152 est
1495 1097 1714 1162 anim-ce,
1754 1098 1850 1154 sed

235 1183 364 1254 quia
402 1199 504 1254 per
531 1182 636 1237 vim
669 1181 867 1238 animae
909 1182 1142 1240 infertur
1179 1185 1450 1252 subjecto.
1502 1187 1614 1244 Nec
1649 1188 1850 1255 solum,

234 1281 350 1336 suis
387 1279 704 1337 efficientiis
731 1281 901 1339 afﬁcit
951 1285 1134 1340 anima
1173 1301 1374 1356 corpus
1411 1287 1509 1341 sed
1539 1287 1704 1342 etiam
1737 1287 1853 1343 suis

233 1370 620 1442 qualitatibus,
660 1372 801 1428 sicut
839 1389 989 1446 saepe
1038 1374 1312 1442 videmus,
1348 1375 1547 1432 timore
1575 1377 1660 1432 vel
1694 1393 1852 1434 reve-

235 1459 414 1515 rentia
440 1459 641 1516 animae
672 1461 880 1532 pallere
903 1463 1136 1528 vultum,
1164 1464 1248 1518 vel
1271 1462 1512 1520 suffundi
1545 1465 1768 1532 rubore,
1797 1471 1854 1521 et

234 1548 422 1604 multae
479 1548 620 1604 fiunt
648 1551 939 1620 passiones
973 1567 1266 1623 corporum
1299 1569 1363 1607 ex
1407 1552 1730 1610 efﬁcientiis
1767 1553 1856 1610 vel

237 1641 596 1710 qualitatibus
633 1643 964 1712 animarum,
996 1645 1075 1700 sic
1113 1645 1295 1701 anima
1335 1647 1598 1716 potentiis
1635 1655 1690 1702 et
1720 1663 1858 1719 qua-

235 1733 482 1788 litatibus
520 1734 637 1790 suis
690 1736 832 1810 regit
887 1743 940 1792 et
969 1746 1272 1794 commutat
1309 1753 1526 1809 corpus.
1580 1739 1700 1810 Ipsa
1744 1745 1858 1796 tota

1956 535 2139 590 anima
2169 550 2328 589 suum
2361 547 2581 603 corpus,
2625 537 2680 586 et
2711 531 2779 586 ab
2825 532 3026 587 anima:
3088 531 3380 601 pra‘sentia
3408 531 3572 586 habet

1955 623 2128 678 multa
2157 636 2376 692 corpus,
2413 636 2536 692 qum
2575 635 2685 676 non
2716 627 2844 676 sunt
2873 619 3184 678 substantia
3217 619 3435 686 animae,
3468 635 3571 674 nec

1957 719 2140 782 partes
2166 709 2505 774 substantiae,
2530 709 2627 764 sed
2661 707 2982 764 affectiones
3025 709 3274 780 corporis
3298 715 3352 764 et
3388 709 3570 780 quali-

1955 808 2112 857 tates.
2157 809 2220 856 ts't
2250 801 2416 856 habet
2445 801 2617 856 multa
2646 815 2848 870 corpus
2879 800 2947 854 ab
2974 801 3180 866 anima,
3217 816 3341 872 quae
3373 801 3571 855 retinet

1953 893 2276 966 aliquandiu
2323 900 2446 964 post
2498 893 2763 947 animam.
2829 892 2960 946 Nam
3014 907 3207 947 recens
3265 893 3566 947 abscissum

1953 986 2261 1042 membrum
2295 1003 2324 1040 a
2363 1001 2464 1040 suo
2501 1001 2752 1057 corpore,
2803 983 3127 1056 aliquandiu
3169 985 3399 1056 palpitat
3449 994 3572 1055 post

1953 1081 2216 1146 animam,
2248 1080 2498 1136 retinens
2526 1089 2736 1135 motum
2771 1094 2933 1151 quem
2966 1079 3210 1134 habebat
3249 1079 3316 1134 ab
3364 1081 3562 1134 anima.

1955 1174 2015 1229 Et
2045 1172 2217 1228 herba
2245 1172 2386 1243 ipsa,
2417 1179 2708 1244 postquam
2745 1172 2839 1228 diu
2871 1174 3074 1228 siccata
3104 1179 3158 1226 et
3187 1171 3241 1226 in
3283 1172 3566 1242 pulverem

1953 1266 2380 1322 minutissimum
2407 1267 2775 1336 redacta,jam
2805 1268 3034 1323 omnino
3057 1267 3303 1338 perdidit
3330 1267 3568 1322 animam

1952 1363 2136 1412 tamen
2165 1355 2233 1410 ab
2273 1355 2458 1410 anima
2490 1371 2654 1426 quam
2686 1355 2950 1426 perdidit,
2983 1355 3187 1410 retinet
3217 1353 3567 1428 fragrantiam

1952 1467 2174 1508 suavem
2201 1449 2448 1514 naribus,
2492 1463 2546 1505 et
2583 1449 2728 1506 vires
2769 1458 2960 1506 contra
3000 1450 3350 1506 valetudines
3403 1451 3571 1504 Simi—

1955 1542 2086 1597 liter
2103 1556 2294 1596 semen
2337 1557 2438 1610 per
2465 1539 2806 1610 voluptatem
2836 1539 3066 1596 effusum
3102 1555 3133 1594 a
3163 1541 3286 1595 vivo
3315 1556 3569 1611 corpore,

1954 1629 2062 1684 vim
2097 1627 2508 1704 propagationis
2534 1644 2722 1682 secum
2756 1629 2924 1684 trahit
2950 1629 3018 1684 ab
3049 1629 3253 1696 anima,
3285 1629 3393 1683 vim
3420 1629 3568 1684 illam

1957 1719 2196 1774 habebat
2216 1717 2272 1771 in
2299 1732 2535 1788 corpore
2561 1717 2630 1772 ab
2661 1717 2864 1772 anima.
2889 1717 3006 1774 Non
3033 1725 3148 1773 erat
3169 1727 3322 1772 certe
3348 1718 3568 1784 animae,

237 1837 468 1878 manens
517 1823 574 1878 in
605 1840 687 1891 se,
729 1805 784 1880 et
821 1841 1022 1898 corpus
1053 1826 1121 1882 ab
1170 1827 1353 1882 anima
1391 1829 1579 1884 multis
1615 1827 1843 1885 afficitur

1968 1808 2059 1864 sed
2099 1807 2376 1878 corporis;
2430 1805 2498 1860 ab
2549 1806 2753 1871 anima,
2787 1807 3037 1879 corporis
3085 1807 3299 1864 scilicet
3338 1808 3573 1880 qualitas

231 1913 592 1986 qualitatibus
612 1930 737 1986 qua:
768 1931 880 1971 non
902 1923 1033 1971 sunt
1061 1916 1279 1972 animae.
1323 1916 1413 1972 Sic
1441 1917 1627 1973 anima
1651 1925 1846 1990 poten-

230 2001 334 2057 tias
371 2018 500 2056 suas
527 2002 751 2070 exserit,
780 2019 880 2075 per
923 2020 1125 2076 corpus
1159 2012 1356 2070 totum,
1411 2021 1535 2062 cum
1580 2007 1697 2078 ipsa
1734 2024 1844 2064 non

229 2092 300 2146 sit
331 2099 525 2147 totum.
560 2094 674 2149 lmo
706 2109 807 2164 per
836 2095 1024 2150 omnia
1065 2095 1318 2167 corporis
1359 2097 1536 2166 spatia
1574 2113 1634 2152 se
1680 2105 1846 2153 totam

233 2181 491 2251 infundit,
543 2194 597 2240 et
647 2184 854 2240 nullum
909 2185 1077 2240 habet
1134 2187 1396 2258 spatium.
1441 2186 1629 2242 Partes
1685 2187 1853 2244 habet

230 2288 431 2345 corpus
459 2275 580 2347 ipsa
606 2292 808 2347 corpus
835 2277 1050 2348 implet,
1083 2287 1138 2333 et
1167 2293 1276 2334 non
1310 2277 1562 2349 partibus
1586 2278 1720 2346 suis,
1753 2279 1852 2334 sed

231 2371 345 2422 tota
375 2373 430 2420 et
457 2365 621 2437 plena
654 2366 897 2438 perfecta
927 2367 1172 2436 singulas
1201 2367 1401 2438 implet
1427 2378 1606 2439 partes
1657 2383 1851 2439 corpo-

231 2456 322 2511 ris.
375 2457 592 2528 lmplet,
624 2457 871 2528 inquam,
905 2458 1060 2528 plura
1115 2457 1238 2513 sine
1269 2458 1606 2530 pluralitate,
1655 2475 1853 2515 nume-

231 2559 353 2600 rosa
379 2545 504 2599 sine
535 2560 792 2612 numero,
817 2545 988 2600 multa
1017 2546 1140 2602 sine
1179 2547 1554 2603 multitudine.
1591 2548 1680 2604 Sic
1705 2565 1858 2603 sum-

231 2652 320 2690 ma
347 2635 620 2706 sapientia
649 2636 820 2692 habet
857 2651 1055 2692 omnes
1086 2637 1290 2694 formas
1343 2639 1589 2695 omnium
1649 2657 1853 2696 rerum.

233 2725 444 2780 Lucent
475 2741 532 2778 in
565 2731 682 2778 arte
732 2740 946 2780 summa
987 2725 1178 2782 formae
1224 2727 1431 2798 plures,
1467 2729 1598 2800 quia
1642 2737 1770 2784 sunt
1797 2730 1853 2784 in

237 2833 408 2890 Opere
439 2835 528 2873 res
586 2819 796 2890 plures,
847 2820 979 2892 quia
1009 2822 1316 2878 secundum
1357 2824 1603 2879 diversas
1649 2825 1855 2880 formas

239 2909 372 2965 artis
401 2926 656 2977 summae,
690 2910 848 2966 factae
875 2919 1005 2967 sunt
1044 2913 1278 2970 diversaa
1312 2933 1402 2972 res
1441 2919 1494 2971 in
1525 2933 1716 2989 opere.
1758 2919 1855 2973 Ars

235 2999 380 3053 enim
409 3015 621 3054 summa
653 3000 881 3056 videbat
917 3003 1063 3072 apud
1094 3019 1154 3058 se
1201 3003 1347 3059 intus
1377 3005 1656 3076 quomodo
1699 3021 1854 3060 crea-

232 3097 426 3144 rentur
457 3088 642 3144 omnia
675 3090 918 3145 exterius
962 3097 1016 3145 et
1053 3091 1134 3146 sic
1159 3093 1451 3148 essentiam
1510 3093 1695 3149 omnia
1726 3110 1853 3165 pro-

230 3179 473 3246 dierunt,
505 3187 566 3235 ut
613 3189 837 3237 aeterna:
867 3181 1060 3238 formae
1100 3191 1560 3240 monstraverunt.
1594 3186 1733 3241 Ecce
1771 3185 1855 3240 di-

233 3275 413 3330 cimus
447 3277 580 3330 artis
604 3293 833 3331 summae
858 3277 1046 3348 plures
1073 3278 1296 3344 formas,
1322 3295 1444 3334 eum
1475 3296 1586 3334 non
1607 3281 1718 3336 sint
1740 3298 1852 3336 om-

233 3383 334 3423 nes
367 3369 421 3422 in
452 3384 580 3424 una.
619 3367 895 3440 Quidquid
929 3376 1012 3424 est
1045 3369 1144 3436 ibi,
1176 3387 1285 3426 non
1317 3378 1402 3426 est
1441 3371 1549 3426 nisi
1582 3388 1774 3440 unum,
1799 3382 1854 3428 et

232 3457 496 3528 idipsum,
529 3472 560 3512 ο
597 3457 701 3512 Lux
735 3473 865 3523 una,
899 3458 1034 3512 radii
1078 3457 1283 3529 plures.
1325 3459 1464 3514 Sunt
1511 3476 1681 3514 unum
1715 3461 1850 3514 radii

231 3543 287 3598 in
345 3543 470 3599 luce
522 3559 654 3609 una,
703 3555 970 3615 apparent
1025 3546 1211 3616 plures
1256 3547 1311 3600 in
1364 3547 1656 3619 multiplici
1691 3565 1852 3618 crea-

231 3638 372 3687 tura.
435 3633 643 3688 Formm
692 3633 879 3704 plures
906 3641 1035 3688 sunt
1086 3635 1251 3690 unius
1304 3635 1459 3702 artis,
1519 3644 1574 3690 et
1603 3636 1722 3707 ipsa
1764 3653 1852 3691 ars

232 3727 318 3776 est
380 3721 690 3777 uniformis.
775 3723 1018 3794 Simplex
1089 3725 1145 3778 in
1192 3741 1276 3793 se,
1341 3725 1631 3798 multiplex
1685 3744 1852 3800 appa-

234 3819 316 3868 ret
377 3813 433 3868 in
492 3821 762 3878 creatura,
822 3815 922 3870 sed
969 3825 1025 3872 et
1078 3831 1167 3872 res
1204 3825 1400 3873 creatae
1461 3817 1666 3875 formas
1719 3835 1850 3875 suas

234 3903 515 3974 accipiunt
569 3921 602 3960 a
653 3921 868 3961 summa
918 3912 1056 3974 arte,
1112 3907 1244 3980 quia
1281 3909 1350 3963 ab
1393 3908 1618 3964 alternis
1659 3909 1850 3966 formis

227 3989 540 4047 inferuntur
562 3993 727 4049 rebus
769 4010 900 4050 suae.
957 3995 1036 4050 Ab
1067 3997 1292 4051 aeternis
1314 3997 1590 4067 prodeunt
1627 4004 1847 4069 tempo-

226 4080 388 4147 rales,
421 4097 453 4135 a
480 4083 711 4137 summis
752 4083 1065 4150 inferiores,
1107 4102 1218 4142 non
1245 4087 1318 4142 ita
1351 4087 1627 4158 prodeunt
1655 4087 1844 4144 formae

224 4187 406 4227 rerum
439 4173 508 4227 ab
539 4174 696 4244 ipsis,
729 4183 788 4230 ut
815 4175 927 4230 sint
955 4175 1114 4248 ipsae,
1144 4179 1244 4234 sed
1272 4187 1332 4234 ut
1361 4179 1841 4250 alterius_naturae,

224 4260 355 4332 quia
384 4261 475 4316 ille
532 4261 774 4332 Creator,
805 4273 935 4320 sunt
979 4267 1100 4322 ista:
1133 4275 1418 4324 creaturae.
1453 4269 1570 4324 Non
1606 4269 1686 4325 sic
1720 4286 1844 4340 pro-

225 4348 400 4405 deunt
452 4367 484 4406 a
522 4368 738 4408 summo
797 4359 856 4408 ut
911 4371 1124 4411 summa
1178 4359 1420 4412 essentia
1472 4358 1840 4430 particulatim

224 4443 432 4500 deﬂuat
462 4446 518 4500 in
548 4453 878 4517 creaturam,
910 4458 968 4504 et
1015 4458 1202 4521 partes
1229 4468 1342 4507 suae
1381 4453 1704 4510 substantiae
1753 4453 1843 4508 tri-

230 4530 366 4588 buat
394 4543 684 4604 creatura),
718 4542 778 4592 ut
807 4537 913 4593 hoc
940 4538 1050 4593 sint
1087 4537 1278 4596 formae
1305 4551 1506 4597 nostrae
1539 4543 1688 4615 quod
1728 4543 1848 4615 ipsa

225 4638 446 4679 summa
489 4627 586 4681 sed
613 4643 827 4683 summa
869 4637 1042 4698 creat,
1076 4640 1136 4686 ut
1183 4632 1300 4687 suis
1355 4631 1674 4688 efficientiis
1713 4633 1848 4691 ﬁant

231 4713 368 4770 istae.
406 4715 605 4788 Implet
634 4717 728 4772 illa
757 4729 1061 4774 creaturam
1103 4727 1290 4784 totam,
1326 4729 1382 4776 et
1407 4736 1518 4776 non
1544 4733 1628 4777 est
1648 4729 1842 4790 totum,

228 4806 424 4879 implet
476 4809 664 4864 omnia
706 4811 904 4882 spatia,
937 4828 1049 4868 non
1101 4813 1312 4870 habens
1369 4815 1539 4870 ullum
1583 4815 1843 4886 spatium,

228 4899 414 4954 omnia
438 4900 602 4956 simul
629 4912 900 4975 tempora,
933 4905 1054 4960 sine
1083 4911 1358 4977 tempore,
1391 4914 1505 4962 tota
1523 4915 1578 4962 et
1603 4907 1767 4978 plena
1792 4915 1848 4963 et

229 4995 492 5066 perlecta,
538 4998 786 5072 singulas
827 5001 994 5055 totius
1038 5010 1304 5058 creaturae
1353 5011 1536 5075 partes
1574 5004 1696 5059 sine
1731 5003 1848 5059 suis

229 5083 499 5155 partibus,
557 5088 816 5146 similiter
867 5089 1050 5146 anima
1089 5109 1249 5148 suum
1318 5110 1539 5166 corpus,
1596 5095 1726 5166 quia
1779 5094 1847 5150 ad

1950 1909 2008 1964 et
2037 1900 2278 1963 affectio,
2317 1899 2416 1955 sed
2447 1897 2683 1956 effectus
2741 1901 2960 1956 animae.
2991 1900 3299 1958 Effunditur
3327 1909 3382 1957 et
3418 1917 3448 1955 a
3470 1917 3571 1957 suo

1948 2007 2180 2063 corpore
2205 1997 2513 2060 separatur,
2543 1988 2709 2044 trahit
2735 1996 2790 2044 et
2821 1997 2974 2045 extra
3003 2006 3190 2046 secum
3211 1991 3321 2046 vim
3351 2000 3574 2066 vegeta-

1954 2085 2120 2140 tivam
2162 2098 2327 2155 quam
2358 2081 2615 2136 habebat.
2661 2083 2777 2137 Vim
2829 2082 2996 2138 trahit
3025 2099 3213 2138 secum
3265 2089 3414 2138 extra
3453 2099 3570 2140 cor-

1955 2190 2076 2245 pus,
2105 2171 2202 2227 sed
2229 2171 2466 2226 animam
2511 2169 2714 2226 retinet
2741 2186 2926 2227 secum
2958 2187 3178 2243 corpus,
3212 2171 3350 2226 nihil
3405 2189 3567 2245 sepa-

1957 2271 2106 2320 ratur
2136 2263 2204 2318 ab
2232 2263 2417 2318 anima
2440 2277 2564 2318 cum
2587 2262 2939 2329 semine,sed
2967 2263 3148 2318 anima
3181 2271 3293 2318 tota
3321 2273 3570 2320 remanet

1955 2354 2010 2408 in
2040 2368 2292 2424 corpore,
2326 2351 2489 2406 trahit
2539 2367 2728 2406 secum
2769 2367 2961 2406 semen
3003 2350 3350 2408 affectionem
3390 2369 3567 2421 suam,

1953 2446 2050 2500 sed
2077 2445 2274 2500 retinet
2303 2458 2504 2514 corpus
2535 2449 2698 2497 totam
2727 2457 2879 2496 suam
2909 2441 3148 2496 animam
3175 2460 3189 2508 ;
3231 2443 3302 2497 de
3329 2443 3566 2514 simplici

1957 2541 2153 2588 natura
2180 2531 2317 2587 nihil
2351 2538 2532 2602 potest
2561 2547 2836 2586 emanare.
2871 2531 2988 2586 Non
3019 2546 3152 2604 ergo
3197 2540 3378 2602 potest
3415 2533 3483 2588 de
3509 2549 3568 2588 se

1957 2623 2142 2677 anima
2181 2621 2424 2676 animam
2469 2635 2776 2690 procreare,
2813 2635 2918 2674 nec
2963 2635 3255 2691 possumus
3319 2621 3568 2677 invenire

1953 2713 2260 2779 traducem,
2293 2728 2400 2784 qua
2432 2710 2550 2766 fieri
2583 2712 2812 2768 dicebas
2839 2711 3098 2767 animam.

2099 2832 2206 2886 Cur
2243 2834 2592 2900 apponuntur
2625 2829 2999 2898 philosophica
3036 2831 3096 2882 in
3125 2830 3220 2884 hoc
3249 2844 3418 2899 opere.

2028 2921 2444 2991 Philosopbicas
2483 2919 2956 2976 considerationés
2983 2921 3129 2992 quod
3160 2921 3463 2990 posuimus,
3493 2937 3564 2977 ne

1956 3027 2173 3082 precor,
2207 3018 2442 3083 arguant
2471 3009 2660 3064 fratres
2687 3010 2846 3082 quasi
2885 3011 3211 3066 catholicam
3251 3009 3413 3066 fidem
3445 3028 3565 3066 mu-

1883 3137 1932 3206 C
1957 3101 2072 3155 nire
2103 3100 2372 3156 voluerim
2405 3115 2502 3170 per
2536 3099 2976 3171 phil050phicam
3006 3101 3294 3174 rationem.
3320 3101 3436 3155 Non
3459 3101 3564 3157 feci

1954 3202 2014 3248 ut
2052 3191 2350 3257 munirem,
2381 3193 2476 3247 sed
2509 3199 2570 3248 ut
2613 3193 2892 3248 docerem.
2947 3193 3079 3257 Quis
3121 3199 3300 3265 potest
3347 3195 3564 3250 munire

1954 3281 2284 3338 veritatem?
2315 3299 2424 3337 non
2455 3291 2636 3354 potest
2663 3283 2866 3337 veritas
2898 3283 3088 3338 fortior
3120 3283 3261 3349 fieri,
3293 3284 3421 3354 quia
3455 3301 3564 3340 non

1954 3382 2134 3444 potest
2161 3373 2384 3428 muniri.
2427 3372 2532 3426 Sed
2575 3372 2776 3427 veritas
2826 3374 3134 3443 ponderosa
3163 3380 3248 3428 est
3279 3381 3332 3428 et
3362 3375 3563 3447 gravis,

1953 3476 2057 3516 nec
2101 3461 2313 3516 levibus
2341 3459 2601 3514 sensibus
2648 3468 2734 3514 est
2764 3460 2918 3524 levis,
2970 3477 3074 3516 nec
3103 3477 3221 3516 eam
3261 3461 3370 3516 cito
3416 3463 3568 3518 rudis

1953 3552 2120 3622 capit,
2171 3568 2333 3623 quam
2361 3552 2448 3604 vix
2497 3550 2748 3606 eruditus
2778 3551 3012 3607 invenit.
3044 3552 3182 3608 Ideo
3212 3559 3342 3607 sunt
3386 3554 3564 3608 unde-

1953 3659 2174 3714 quaque
2219 3641 2462 3696 rationes
2516 3642 2855 3712 qumrendae,
2903 3649 2962 3696 ut
3007 3642 3288 3713 aperiatur
3349 3643 3566 3699 occulta

1951 3749 2063 3789 non
2104 3741 2163 3788 ut
2200 3732 2478 3788 muniatur
2543 3731 2873 3798 fortissima;
2930 3737 2989 3786 ut
3043 3733 3336 3807 detegatur
3384 3732 3568 3788 clausa

1950 3825 2248 3898 mysteriis,
2297 3841 2411 3881 non
2442 3835 2501 3878 ut
2541 3824 2833 3880 roboretur
2890 3823 3267 3880 immutabilis.
3321 3825 3570 3896 Ideoque

1948 3914 2337 3989 philosophica
2367 3915 2618 3986 quadam
2649 3913 3028 3981 adhibuimus,
3056 3914 3188 3986 quia
3211 3915 3464 3970 novimus
3493 3914 3564 3970 de

1951 4006 2100 4062 clero
2127 4004 2457 4072 Catholicos,
2484 4003 2812 4060 liberalibus
2835 4004 3083 4060 eruditos
3111 4003 3346 4072 artibus,
3370 4003 3566 4061 videre

1944 4095 2130 4152 clausa
2158 4094 2323 4150 citius
2344 4109 2444 4166 per
2473 4109 2538 4149 ea
2559 4109 2682 4166 quae
2724 4101 3014 4151 noverunt.

2087 4229 2194 4285 Cur
2215 4231 2603 4298 propagatores
2641 4229 2950 4282 animarum
2977 4229 3290 4280 inseruntur
3315 4225 3420 4280 hic.

2018 4317 2414 4392 Propagatores
2469 4317 2777 4372 animarum
2811 4317 2938 4372 ideo
2967 4315 3208 4370 libenter
3233 4315 3468 4386 apposui
3507 4323 3568 4370 ut

1872 4410 2196 4482 [)undique
2222 4410 2352 4466 visis
2389 4409 2666 4474 omnibus,
2709 4408 2922 4462 facilius
2959 4415 3212 4463 occurrat
3263 4407 3411 4476 quod
3461 4406 3566 4461 eli-

1945 4509 2125 4577 gatur,
2153 4513 2210 4558 et
2254 4502 2400 4557 inter
2425 4500 2680 4572 apposita
2736 4499 2928 4566 multa,
2971 4498 3146 4553 libere
3187 4497 3436 4554 veritatis
3465 4515 3564 4553 au—

1943 4593 2167 4650 ctoritas
2181 4592 2422 4648 emineat
2441 4598 2498 4647 et
2522 4590 2767 4662 ipsorum
2793 4588 3170 4661 appositorum
3190 4587 3564 4644 consideratio

1944 4679 2086 4734 lenis
2115 4684 2399 4750 appareat.

1944 4810 2192 4880 Explica
2246 4811 2531 4864 Tractatus
2585 4809 3027 4865 reverendissimi
3072 4811 3280 4866 domini
3337 4807 3559 4875 Odonis,

2016 4881 2242 4935 cmnobii
2281 4881 2470 4937 Sancti
2519 4881 2752 4936 Martini
2781 4881 2932 4952 apud
2986 4885 3341 4938 Tornaccnses
3390 4895 3562 4952 quon-

2017 4953 2142 5007 dam
2169 4953 2381 5024 abbatis
2413 4968 2448 5006 a
2493 4951 2834 5022 reparatione
2885 4954 3073 5023 primi,
3104 4970 3168 5009 ac
3212 4951 3559 5024 postmodum

2018 5025 2266 5080 Ecclesia
2297 5023 2692 5080 Cameracensis
2741 5025 2979 5095 episcopi
3019 5030 3092 5082 De
3116 5023 3333 5096 peccato
3376 5025 3558 5089 origi-

2018 5096 2214 5162 ginali.
