3932 6040
340 207 482 267 1103

1571 209 1607 262 Β
1669 208 1906 264 ODONIS
1944 208 2186 266 CAMER.
2231 210 2430 269 EPlSC.

3519 212 3662 271 1104

632 521 1689 652 DISPUTATIO
1798 524 2499 654 CONTRA
2596 530 3365 661 JUD/EUM

1669 730 1970 793 LEONEM
2033 731 2272 795 ΝΟΜΙΝ
2280 734 2324 795 Ε

1034 881 1187 967 DE
1245 882 1812 971 ADVENTU
1877 883 2351 974 CHRISTI
2419 886 2699 977 FILII
2774 889 2967 979 DEI

1007 1279 1284 1346 Prologus.

413 1384 547 1445 Ouo,
603 1380 1012 1437 Cameracensis
1058 1384 1356 1455 episcopus
1388 1428 1402 1451 ,
1462 1387 1700 1453 Amano,
1754 1389 1955 1445 Phide-

340 1473 517 1527 mensi
552 1474 844 1528 monacho.

412 1564 545 1617 Dum
599 1565 652 1617 in
686 1564 1037 1619 Phidemensi
1086 1567 1348 1637 capitulo,
1404 1569 1727 1626 imminente
1778 1572 1948 1628 Natali

343 1655 647 1718 Dominico,
681 1656 947 1710 rationem
990 1657 1384 1715 incarnationis
1414 1661 1615 1717 divinae
1647 1663 1947 1728 dedissem,

344 1747 566 1817 placuit,
616 1755 675 1803 ut
703 1746 951 1814 dicebas,
1001 1749 1240 1818 auditus,
1285 1753 1381 1806 sed
1433 1755 1703 1811 memoria
1729 1757 1954 1812 retineri

342 1834 609 1906 nequibat
640 1835 970 1896 intellectus.
1024 1853 1148 1892 nam
1200 1856 1321 1909 qua:
1371 1841 1621 1914 diligenti
1662 1844 1954 1902 collatione

345 1934 691 1997 permanent,
736 1926 1140 1985 abundantiore
1170 1930 1448 1988 infusione
1482 1934 1767 1992 decidunt.
1799 1938 1956 1993 ldeo-

342 2034 448 2089 que
503 2018 736 2091 rogabas
791 2025 852 2073 ut
890 2021 1233 2087 memoriam,
1283 2040 1445 2094 quam
1489 2025 1774 2083 inundatio
1831 2045 1960 2084 sen-

343 2108 635 2163 tentiarum
677 2107 1004 2177 suﬂocabat,
1051 2127 1179 2166 vero
1210 2114 1509 2182 praetenuis
1554 2116 1729 2171 series
1756 2116 1961 2172 forma-

343 2203 425 2252 ret
454 2197 665 2271 digesta
697 2198 837 2268 stylo
865 2207 1141 2255 manente.
1174 2201 1531 2274 Tandemque
1562 2204 1669 2259 tuis
1702 2206 1960 2276 precibus

340 2289 517 2343 victus
560 2289 826 2360 preposui
865 2289 1045 2346 facere
1075 2293 1225 2363 quod
1255 2294 1508 2367 rogabas,
1565 2297 1662 2351 sed
1692 2312 1816 2352 cum
1858 2297 1945 2352 Pi-

1976 1288 2173 1355 Asum
2223 1296 2305 1343 est
2341 1299 2624 1358 peccatum
2677 1300 2829 1346 tuum
2887 1294 2963 1365 (II
2998 1294 3104 1361 Reg
3157 1298 3269 1360 xu).
3319 1295 3372 1349 Si
3431 1311 3566 1371 ergo
3604 1298 3662 1352 in

2057 1378 2178 1447 lege
2207 1377 2326 1433 sine
2367 1378 2576 1435 Christo
2618 1387 2806 1438 vestro
2841 1383 3094 1439 remissio
3147 1392 3232 1439 est
3283 1393 3665 1457 peccatorum,

2054 1470 2411 1541 consequitur
2448 1482 2503 1527 et
2553 1473 2837 1530 beatitudo
2867 1485 3089 1532 aeterna.
3151 1479 3302 1534 Beati
3331 1479 3479 1534 enim
3528 1497 3666 1551 quo~

2052 1576 2175 1615 rum
2200 1565 2437 1618 remissa:
2472 1570 2599 1619 sunt
2635 1567 2979 1636 iniquitates,
3010 1572 3061 1623 et
3112 1585 3340 1639 quorum
3371 1576 3509 1626 tecta
3536 1580 3671 1628 sunt

2051 1660 2273 1724 peccata
2303 1655 2471 1725 (Psal.
2507 1658 2674 1728 xxxn).
2711 1660 2848 1724 Quid
2876 1676 3008 1733 ergo
3033 1661 3162 1718 facit
3181 1662 3427 1720 Christus
3448 1666 3671 1721 vester?

2128 1744 2264 1802 Ouo.
2298 1746 2412 1802 Non
2442 1747 2574 1803 satis
2612 1749 2850 1804 attendis
2881 1751 3267 1808 rectitudinem
3294 1755 3542 1825 justitiae.
3569 1755 3669 1811 Cui

2057 1834 2204 1888 enim
2254 1835 2549 1892 dimittitur
2584 1847 2893 1909 peccatum,
2936 1856 3047 1895 non
3078 1842 3264 1897 statim
3312 1853 3673 1914 promovetur

2056 1921 2124 1979 ad
2158 1924 2409 1999 gloriam.
2445 1927 2656 1983 Peccati
2690 1928 2943 1984 remissio
2984 1944 3175 2000 poenas
3206 1931 3404 1998 aufert,
3434 1934 3671 2005 gloriam

2060 2027 2168 2068 non
2202 2012 2452 2079 confert;
2481 2015 2569 2070 cui
2598 2032 2761 2086 poena
2791 2017 3157 2086 subtrahitur,
3190 2035 3300 2075 non
3337 2020 3523 2076 statim
3551 2021 3673 2093 glo-

2058 2101 2138 2155 ria
2166 2100 2344 2157 datur.
2381 2103 2497 2157 Non
2539 2105 2722 2159 statim
2780 2106 2954 2178 gratia
2984 2107 3296 2177 decoratur,
3336 2110 3423 2165 cui
3464 2110 3548 2166 ira
3584 2114 3675 2167 di-

2058 2194 2320 2260 mittitur;
2354 2210 2478 2249 nam
2506 2200 2559 2248 et
2594 2193 2785 2264 David,
2827 2196 3049 2267 quando
3078 2195 3191 2253 filio
3222 2198 3430 2255 dimisit
3449 2209 3671 2257 reatum

2055 2286 2340 2342 fratricidii
2374 2287 2616 2343 nondum
2650 2304 2843 2359 passus
2872 2298 2956 2345 est
3002 2305 3126 2345 eum
3158 2290 3266 2345 sibi
3318 2296 3668 2362 praesentari,

340 2385 527 2433 ctavos
558 2379 692 2432 irem
755 2379 823 2432 ad
879 2380 1198 2445 consilium,
1230 2366 1359 2454 quia
1417 2384 1508 2439 die
1562 2401 1725 2456 quam
1776 2387 1951 2441 Silva-

2068 2391 2155 2430 iec
2182 2376 2335 2430 dedit
2361 2376 2612 2448 gratiam,
2654 2366 2743 2432 cui
2776 2378 3058 2435 dimiserat
3092 2381 3227 2437 iram
3268 2384 3344 2450 (II
3368 2384 3495 2453 Reg.
3526 2388 3665 2440 xxvi.

342 2474 520 2528 nectis
560 2473 738 2542 ipsum
763 2474 1046 2544 negotium
1067 2485 1458 2548 congruenter,
1492 2479 1789 2547 adjuvante
1818 2481 1951 2549 Deo,

2052 2467 2412 2540 Singulariter
2458 2468 2623 2526 homo
2648 2468 2873 2540 quidem
2905 2470 3173 2541 peccavit,
3205 2473 3307 2527 sed
3344 2475 3670 2545 paenitenti,

339 2567 528 2616 contra
554 2561 802 2616 Judaeum
834 2562 1128 2633 quemdam
1178 2562 1388 2620 fueram
1418 2575 1727 2634 exsecutus,
1774 2569 1953 2625 visum
1983 2598 2032 2666 Β
2058 2562 2113 2666 ξι
2148 2556 2675 2666 Γυτξξιερῖξθάίθηῖίι
2706 2556 2872 2666 mia“:
2916 2558 3068 2666 bene.
3095 2561 3358 2664 δεξτκίθηῑί
3398 2580 3565 2666 Ρφηδ
3608 2565 3672 2666 ill

341 2656 425 2704 est
451 2649 583 2704 mihi
624 2665 929 2722 congruum
959 2652 1099 2708 hanc
1128 2655 1490 2725 quaestionem
1533 2657 1757 2729 exsequi
1803 2674 1956 2715 more

342 2740 571 2816 dialogi,
633 2751 693 2798 ut
748 2743 971 2799 Judaaus
1024 2745 1277 2816 quaesivit
1329 2754 1383 2803 et
1435 2764 1539 2821 ego
1579 2752 1868 2821 respondi;
1902 2759 1958 2806 et

343 2833 475 2904 quia
513 2834 737 2889 Judaeus
792 2836 920 2903 Leo,
959 2845 1016 2892 et
1054 2854 1158 2912 ego
1209 2839 1364 2895 dicor
1419 2839 1554 2907 Odo,
1610 2857 1712 2913 per
1755 2843 1960 2913 primas

345 2928 553 2982 litteras
584 2929 869 2983 nominum
904 2931 1185 2987 distinctio
1236 2932 1329 2987 fiat
1386 2950 1765 3004 personarum.
1808 2936 1960 2992 Nunc

343 3024 525 3071 autem
557 3018 752 3073 invoco
800 3019 1063 3088 Spiritum
1092 3029 1343 3077 sanctum
1370 3031 1449 3089 ut,
1479 3024 1625 3094 quod
1652 3025 1806 3081 dedit
1822 3025 1956 3080 mihi

343 3106 409 3159 ad
451 3106 891 3161 convincendum
922 3108 1197 3177 Judaeum,
1243 3110 1437 3167 reddat
1475 3113 1542 3167 ad
1574 3113 1959 3169 instruendum

345 3192 562 3249 fidelem
583 3198 933 3252 monachum.
952 3200 1276 3271 ltaquecum
1292 3210 1416 3272 post
1430 3203 1797 3260 meridianum
1809 3222 1958 3261 som—

345 3306 472 3344 num
506 3291 748 3345 venisset
773 3293 997 3348 Judaaus
1035 3295 1179 3350 circa
1208 3296 1397 3352 horam
1441 3314 1645 3355 nonam
1671 3300 1739 3355 ad
1774 3301 1958 3373 hospi-

344 3380 479 3436 tium
503 3389 771 3452 nostrum,
806 3385 1227 3442 considentibus
1255 3388 1419 3445 nobis
1440 3390 1514 3446 ita
1542 3391 1729 3448 dicere
1756 3393 1953 3463 ccepit:

345 3522 498 3585 Quod
539 3525 781 3579 remissio
805 3530 1141 3593 peccatorum
1182 3543 1289 3583 non
1319 3531 1559 3600 sufﬁciat
1603 3531 1678 3586 ad
1702 3532 1951 3598 gloriam.

418 3632 545 3688 Leo.
605 3634 721 3704 Dic,
768 3651 800 3691 ο
864 3638 1144 3710 episcOpe,
1201 3641 1471 3697 adventus
1537 3642 1734 3699 Christi
1790 3644 1956 3700 vestri

344 3725 475 3795 quid
503 3727 757 3782 utilitatis
785 3731 1022 3785 contulit
1065 3733 1313 3788 mundo?
1370 3735 1501 3790 Ono.
1536 3736 1651 3804 Dic,
1684 3752 1716 3792 ο
1745 3730 1957 3806 Ιιιᾶωθ,

345 3815 477 3886 quid
509 3817 760 3873 utilitatis
786 3820 969 3875 credis
1020 3821 1213 3878 aﬂ'erre
1249 3832 1492 3881 vestrum
1535 3843 1699 3898 quem
1735 3829 1960 3883 creditis

344 3907 526 3960 adhuc
554 3916 843 3962 venturum
878 3910 1152 3969 Messiam.

418 3994 543 4048 Leo.
595 3995 747 4058 Quod
790 3997 844 4050 in
896 4000 1178 4069 pr0phetis
1231 4001 1487 4076 legimus,
1527 4005 1741 4063 scilicet
1774 4008 1961 4065 omnia

350 4102 520 4159 regna
552 4085 607 4139 in
631 4086 723 4141 illo
751 4088 912 4143 nobis
936 4089 1364 4158 subdenda,nos
1384 4094 1486 4149 sub
1515 4095 1606 4152 illo
1637 4107 1957 4169 perpetuam

349 4191 539 4246 pacem
592 4176 877 4233 habituros
936 4187 991 4234 et
1039 4180 1109 4235 de
1152 4182 1410 4237 omnibus
1461 4186 1646 4259 regnis
1699 4203 1802 4243 nos
1840 4205 1961 4245 cum

349 4267 523 4341 gloria
556 4268 610 4322 in
651 4267 987 4325 Hierusalem
1020 4275 1464 4348 congregandos,
1516 4284 1572 4332 et
1630 4276 1963 4336 Hierusalem

351 4358 691 4413 dominatum
725 4359 971 4415 omnium
1040 4378 1331 4434 regnorum
1391 4365 1722 4434 habituram,
1769 4375 1825 4423 et
1856 4386 1967 4425 cte-

353 4460 467 4506 tera
495 4468 618 4523 quae
651 4454 935 4525 prOphetaa
971 4455 1203 4513 feliciter
1230 4467 1584 4516 enumerant.
1622 4462 1751 4528 Qua:
1780 4464 1966 4520 omnia

352 4545 406 4598 in
441 4543 713 4599 Christum
768 4554 1004 4602 vestrum
1062 4566 1169 4606 non
1204 4550 1458 4608 videmus
1498 4553 1744 4626 impleta,
1799 4557 1967 4613 mira-

352 4653 476 4690 mur
503 4636 635 4706 quid
676 4638 745 4691 ab
777 4638 868 4693 illo
901 4642 1276 4710 exspectatis?

424 4724 561 4779 Ono.
603 4727 710 4780 Nos
754 4743 853 4797 per
883 4727 1151 4784 Christum
1205 4747 1434 4806 regnum
1465 4733 1729 4790 ctelorum
1770 4751 1965 4807 exspe-

353 4822 586 4880 ctamus,
614 4824 669 4872 et
701 4815 1015 4874 felicitatem
1048 4837 1211 4892 quam
1258 4838 1358 4878 vos
1385 4832 1682 4895 terrenam,
1736 4842 1838 4883 nos
1868 4843 1968 4898 per

354 4911 624 4965 Christum
693 4927 978 4980 speramus
1014 4916 1315 4971 caelestem.
1374 4917 1499 4973 Leo.
1556 4918 1747 4975 Errare
1809 4921 1963 4976 vide-

353 5002 520 5067 mini;
553 5019 655 5057 nos
704 5004 848 5057 enim
885 5012 939 5058 et
997 5021 1095 5075 per
1132 5006 1385 5062 Messiam
1426 5025 1489 5063 ex
1523 5016 1654 5065 tunc
1693 5021 1966 5083 tempora-

352 5095 459 5150 lem
484 5094 822 5159 felicitatem,
852 5104 926 5162 et,
960 5114 1060 5168 per
1099 5099 1236 5173 legis
1275 5101 1707 5170 observantiam,
1741 5105 1966 5160 cmleste

354 5195 477 5256 post
512 5186 655 5241 hanc
680 5186 844 5240 vitam
893 5204 1121 5261 regnum
1156 5205 1460 5261 speramus.
1493 5192 1841 5264 Temporalia
1863 5211 1966 5252 no-

355 5280 440 5334 bis
505 5279 650 5336 bona
702 5281 1027 5351 promittunt
1076 5285 1376 5355 prophetas.
1456 5287 1679 5344 caeleste
1730 5306 1962 5364 regnum

353 5379 735 5442 exspectamus
763 5389 825 5427 ex
861 5373 1016 5449 lege;
1058 5375 1221 5430 docet
1246 5377 1394 5431 enim
1426 5378 1514 5434 lex
1545 5395 1646 5450 pro
1674 5396 1785 5437 uno
1823 5397 1964 5454 quo-

353 5478 461 5532 que
491 5470 714 5532 peccato
772 5465 935 5536 quale
991 5465 1083 5523 fiat
1114 5467 1466 5536 sacrificium,
1525 5478 1580 5526 et
1635 5471 1715 5528 sic
1759 5472 1963 5528 dimitti

354 5560 657 5620 peccatum.
708 5555 838 5628 Regi
870 5557 1031 5612 etiam
1071 5560 1259 5628 David,
1291 5560 1547 5617 adulterii
1589 5569 1644 5618 et
1675 5564 1960 5619 homicidii

357 5644 636 5704 peceatum
687 5640 962 5709 confesso,
995 5645 1127 5700 dixit
1158 5649 1427 5718 pr0pheta
1464 5650 1709 5704 Nathan:
1764 5652 1964 5706 Dimis-

2060 2646 2179 2721 lege
2228 2648 2540 2717 dimittitur,
2582 2649 2677 2705 sed
2726 2650 2968 2707 nondum
3019 2652 3251 2726 gloriam
3305 2664 3552 2712 meretur
3594 2658 3671 2712 ad

2058 2751 2222 2806 quam
2252 2737 2361 2791 nisi
2392 2753 2491 2809 per
2521 2728 3088 2810 recompensationem
3137 2744 3350 2814 peccati
3376 2745 3523 2813 juste
3551 2761 3670 2802 non

2060 2826 2393 2896 pervenitur.
2425 2828 2692 2897 lnjustum
2720 2836 2801 2884 est
2845 2832 2992 2884 enim
3022 2832 3283 2887 ordinare
3319 2845 3671 2905 peccatorem

2059 2933 2182 2974 cum
2237 2919 2324 2974 his
2371 2920 2463 2991 qui
2515 2936 2622 2975 non
2677 2931 3066 2993 peccaverunt,
3123 2925 3245 2981 sine
3292 2926 3673 2984 satisfactione

2063 3009 2370 3078 peccati.ln
2405 3011 2525 3084 lege
2556 3026 2687 3082 ergo
2703 3011 2937 3067 dabatur
2956 3013 3168 3069 homini
3197 3016 3446 3072 remissio
3476 3032 3673 3087 pecca-

2060 3102 2256 3151 torum.
2276 3096 2381 3151 Sed
2398 3097 2529 3168 quia
2558 3098 2614 3152 in
2630 3099 2753 3173 lege
2766 3101 2959 3172 nequit
2980 3101 3146 3159 homo
3161 3119 3259 3174 pro
3271 3111 3499 3174 peccato
3511 3107 3675 3161 satis-

2061 3187 2263 3253 facere,
2299 3205 2408 3244 non
2443 3198 2622 3260 potest
2645 3207 2742 3263 per
2770 3192 2948 3267 legem
2978 3194 3044 3249 ad
3084 3196 3314 3268 gloriam
3354 3200 3670 3268 pervenire,

2053 3279 2295 3352 ideoque
2327 3283 2672 3339 necessarius
2694 3294 2776 3340 est
2801 3286 3008 3341 mundo
3034 3286 3439 3361 Christus,quia
3465 3290 3521 3345 in
3545 3292 3671 3362 ipso

2057 3384 2154 3438 pro
2177 3378 2403 3440 peccato
2422 3371 2810 3442 satisfacimus,
2833 3382 2893 3430 ut
2913 3375 2983 3430 ad
3008 3376 3239 3450 gloriam
3254 3379 3666 3449 perveniamus.

2054 3491 2207 3558 Quod
2231 3495 2549 3551 exercitium
2580 3496 2839 3552 bonorum
2851 3513 3073 3568 operum
3100 3515 3210 3555 non
3238 3501 3442 3571 sufﬁcit
3476 3502 3552 3557 ad
3576 3502 3675 3557 de-

2590 3588 2808 3643 lendum
2843 3594 3138 3660 peccatum.

2131 3692 2258 3749 Leo.
2293 3693 2464 3750 Homo
2490 3695 2714 3767 quidem
2743 3698 3023 3768 quomodo
3047 3698 3098 3753 in
3125 3697 3335 3754 Christo
3357 3707 3539 3756 vestro
3563 3717 3670 3772 pro

2061 3791 2286 3853 peccato
2316 3783 2616 3840 satisfaciat
2651 3786 2870 3851 nescio;
2922 3788 2977 3841 in
3006 3787 3127 3862 lege
3170 3795 3356 3844 autem
3381 3792 3671 3860 quomodo

2063 3883 2344 3944 peccatum
2400 3877 2728 3932 emendetur
2756 3878 2939 3934 video.
2999 3879 3482 3938 Obsecrationibus
3513 3883 3667 3938 enim

2061 3980 2116 4026 et
2157 3970 2460 4039 sacriﬁciis,
2522 3974 2896 4031 oblationibus
2934 3982 2990 4031 et
3029 3977 3399 4049 eleemosynis
3449 3986 3505 4033 et
3546 3979 3675 4033 aliis

2064 4066 2331 4123 bonorum
2372 4084 2601 4140 operum
2655 4072 2932 4128 exercitiis
2975 4088 3075 4144 pro
3126 4082 3351 4146 peccato
3407 4072 3678 4129 satisfaci-

2066 4176 2187 4215 mus
2212 4161 2266 4215 in
2295 4160 2418 4235 lege
2458 4163 2588 4217 Deo.
2620 4162 2755 4219 Ono.
2785 4164 3006 4232 Servus,
3046 4181 3177 4238 erga
3216 4165 3500 4221 dominum
3533 4166 3683 4220 anti-

2069 4271 2178 4328 quo
2208 4256 2399 4313 debito
2426 4257 2719 4332 obligatus,
2752 4259 2795 4315 si
2842 4268 3036 4331 postea
3066 4260 3375 4332 peccaverit
3408 4261 3463 4316 in
3495 4260 3677 4316 domi-

2071 4367 2225 4414 num,
2257 4352 2509 4422 nunquid
2550 4351 2763 4425 antiqui
2803 4354 2975 4409 debiti
3031 4354 3343 4411 redditione
3399 4354 3680 4425 posterius

2067 4450 2349 4514 peccatum
2374 4444 2700 4519 purgabitur
2718 4442 2747 4498 7
2776 4445 2852 4499 An
2884 4445 3083 4517 prioris
3104 4444 3276 4500 debiti
3299 4444 3500 4500 solutio
3524 4444 3679 4513 juste

2067 4533 2416 4606 reputabitur
2453 4535 2775 4605 posterioris
2804 4535 2982 4607 culpae
3008 4534 3350 4591 satisfactio?
3381 4550 3568 4591 nonne
3588 4550 3679 4590 se-

2067 4625 2294 4696 paratim
2326 4624 2511 4700 exiget
2548 4626 2807 4681 dominus
2836 4626 3040 4694 justus,
3098 4633 3154 4681 et
3191 4625 3347 4697 prius
3398 4624 3678 4694 debitum,

2067 4722 2123 4769 et
2150 4713 2422 4786 posterius
2459 4715 2756 4770 admissum
2783 4714 2812 4768 ?
2868 4715 2995 4770 Leo.
3035 4715 3134 4770 Ita.
3168 4716 3301 4771 Ooo.
3348 4715 3517 4771 Homo
3544 4730 3678 4789 ergo

2068 4825 2178 4865 non
2210 4817 2426 4880 poterat
2455 4811 2753 4866 emendare
2782 4819 3067 4883 peccatum
3101 4809 3368 4866 exercitio
3398 4808 3673 4865 bonorum

2066 4914 2328 4971 operum;
2362 4916 2526 4955 omne
2571 4901 2775 4956 etenim
2826 4900 3035 4956 bonum
3089 4899 3240 4972 quod
3283 4906 3494 4972 poterat
3548 4905 3680 4953 ante

2066 4998 2349 5064 peccatum
2392 4992 2506 5047 Deo
2536 4993 2794 5063 debebat,
2839 5009 2871 5048 a
2900 5009 3010 5064 quo
3042 5003 3097 5048 et
3125 4998 3431 5064 acceperat.
3464 4990 3681 5045 Reddat

2065 5101 2198 5157 ergo
2253 5085 2419 5141 homo
2447 5100 2613 5141 omne
2652 5084 2859 5141 bonum
2915 5084 3065 5156 quod
3124 5083 3366 5156 accepit;
3393 5084 3545 5153 juste
3594 5088 3680 5136 ta-

2067 5193 2192 5232 men
2216 5178 2451 5253 exigitur
2471 5178 2539 5233 ab
2571 5194 2636 5234 eo
2669 5178 2873 5233 malum
2906 5178 3057 5250 quod
3075 5176 3226 5233 fecit.
3261 5176 3379 5232 Non
3411 5190 3544 5250 ergo
3573 5189 3680 5246 po-

2065 5274 2169 5323 test
2208 5269 2373 5325 homo
2412 5268 2516 5324 sub
2555 5268 2677 5343 lege
2708 5268 2995 5323 sanctitate
3054 5266 3165 5321 ulla
3205 5264 3482 5320 redimere
3519 5264 3676 5335 quod

2065 5357 2330 5427 peccavit.

1988 5422 2047 5491 D
2066 5422 2215 5534 Quod
2236 5469 2505 5537 patientia
2528 5468 2983 5523 incommodorum
3019 5483 3128 5522 non
3156 5468 3362 5537 sufﬁcit
3381 5465 3456 5520 ad
3492 5464 3677 5519 delen-

2637 5557 2767 5611 dum
2791 5560 3091 5627 peccatum.

2138 5647 2264 5703 Lao.
2294 5648 2347 5702 Si
2370 5648 2536 5704 homo
2567 5663 2677 5705 non
2710 5655 2923 5718 poterat
2953 5647 3226 5702 redimere
3258 5652 3540 5717 peccatum
3574 5659 3680 5715 per
