3932 6040
266 269 404 325 1105

1404 254 1795 320 DISPUTATIO
1834 263 2089 321 CONTRA
2128 264 2433 321 JUDIEUM.

3448 266 3588 321 1106

262 393 321 448 id
341 376 491 466 quod
511 402 639 449 ante
672 393 933 461 debebat,
964 401 1103 449 esto.
1134 393 1288 448 Certe
1320 393 1537 448 labores
1575 401 1630 447 et
1659 398 1891 448 mortem
1915 397 1971 464 Α
1996 409 2162 465 egere
2200 402 2447 450 creatura
2486 393 2554 448 ad
2585 394 2917 449 abolendum
2948 393 3094 464 quod
3134 403 3323 450 contra
3344 411 3405 450 se
3436 404 3519 450 est
3550 397 3602 450 in

265 489 419 559 prius
439 488 549 559 pati
578 504 691 543 non
723 486 997 554 debebat;
1022 487 1147 558 quis
1178 486 1323 541 enim
1349 486 1495 540 dicat
1524 501 1649 540 eum
1687 484 1893 540 debere

264 580 375 650 pati
415 580 674 651 quoniam
720 595 833 635 non
866 578 1193 635 meruerat?
1234 578 1492 653 Legimus
1529 582 1710 632 autem
1765 577 1894 648 quia

265 672 415 726 Deus
448 671 658 727 homini
690 686 883 741 poenas
913 670 1111 726 indixit
1152 685 1252 742 pro
1284 682 1532 739 peccato.
1568 669 1896 738 Quocunque

266 764 357 819 die
396 765 705 831 comederis,
748 769 917 819 morte
961 766 1210 818 morieris
1238 763 1387 831 (Gen.
1436 764 1511 825 ιι),
1559 775 1690 816 ecce
1737 774 1891 816 mor-

269 862 379 909 tem
431 857 493 910 In
521 855 719 910 sudore
743 855 925 910 vultus
955 857 1035 908 tui
1087 856 1310 909 vesceris
1334 868 1478 924 pane
1503 860 1619 919 tuo,
1670 851 1898 906 tribulos

266 951 321 1001 et
354 952 544 1017 spinas
595 956 741 1001 terra
779 947 882 1002 tibi
918 947 1241 1015 germinabit
1296 946 1441 1012 (Gen.
1505 946 1610 1013 ιιι).
1646 958 1777 999 ecce
1814 941 1895 995 la-

272 1036 438 1093 bores
478 1044 534 1091 et
570 1036 973 1092 tribulationes.
1029 1034 1082 1088 Si
1132 1036 1229 1088 has
1279 1049 1474 1104 poenas
1526 1033 1672 1088 Deus
1720 1031 1896 1087 homi-

268 1130 325 1183 ni
358 1127 511 1184 dedit
573 1143 671 1198 pro
727 1134 974 1199 peccato,
1018 1134 1111 1181 aut
1171 1125 1449 1181 sufﬁciant
1500 1126 1569 1180 ad
1627 1123 1897 1196 expiatio-

275 1236 400 1276 nem
446 1219 685 1291 peccati,
730 1228 824 1275 aut
853 1235 965 1275 non
995 1218 1290 1274 sufficiant.
1344 1217 1400 1272 Si
1450 1216 1753 1282 sufficiunt,
1804 1231 1893 1270 se-

270 1312 458 1385 quitur
487 1318 547 1366 ut
601 1311 820 1382 expiato
854 1317 1079 1381 peccato
1131 1309 1523 1382 perveniamus
1561 1310 1628 1363 ad
1661 1307 1889 1380 gloriam

271 1401 559 1457 cwlestem
592 1400 715 1454 sine
743 1399 954 1454 Christo
984 1407 1198 1465 vestro;
1231 1398 1275 1453 si
1323 1414 1432 1454 non
1475 1396 1781 1465 sufficiunt,
1813 1397 1894 1451 di-

2000 493 2268 543 creatura.
2312 485 2511 538 Servus
2567 498 2892 538 conservum
2943 482 3178 537 liberare
3235 498 3342 538 non
3390 494 3601 554 potest;

1996 592 2057 639 ut
2087 596 2211 637 cum
2245 577 2444 633 ancilla
2487 576 2580 633 Dei
2615 577 2684 632 sit
2712 577 2894 631 omnis
2931 583 3198 632 creatura.
3248 578 3480 634 liberare
3513 597 3605 650 po-

1996 678 2103 728 test
2130 687 2161 724 a
2190 672 2418 740 peccato
2447 674 2776 732 creaturam,
2819 682 2940 737 quae
2975 682 3034 720 se
3065 667 3312 722 subdidit
3357 679 3601 738 peccato.

1997 761 2125 826 Quae
2146 758 2294 814 enim
2322 774 2384 812 se
2413 755 2660 811 subdidit
2693 765 2940 827 peccato,
2972 757 3197 812 recessit
3222 774 3252 811 a
3283 758 3421 822 Deo;
3451 774 3603 813 crea-

1998 858 2119 904 tura
2143 862 2297 921 ergo,
2328 861 2450 918 qua:
2503 855 2806 900 creaturam
2839 844 3041 902 liberat
3071 861 3100 898 a
3125 853 3373 916 peccato,
3425 848 3604 902 reddit

1997 957 2116 997 eam
2149 940 2282 1006 Deo,
2330 947 2381 992 et
2432 938 2650 993 beatam
2681 936 2828 992 facit.
2886 936 2991 991 Sed
3045 936 3266 992 beatum
3317 954 3439 993 esse
3488 955 3603 993 me-

1996 1030 2103 1084 lius
2140 1036 2400 1099 estquam
2430 1042 2573 1081 esse.
2606 1026 2993 1080 Attribuuntur
3018 1042 3148 1100 ergo
3167 1033 3430 1082 creaturae
3453 1030 3601 1099 quod

1997 1119 2173 1189 majus
2198 1127 2303 1184 est,
2335 1123 2389 1171 et
2432 1115 2669 1171 Creatori
2710 1114 2859 1186 quod
2890 1116 3093 1181 minus,
3133 1116 3406 1187 siquidem
3448 1117 3605 1172 Crea-

1996 1218 2081 1265 tor
2109 1208 2238 1264 facit
2267 1209 2415 1280 quod
2439 1214 2521 1262 est
2550 1223 2695 1275 esse,
2727 1213 2975 1262 creatura
3018 1224 3147 1263 vero
3179 1208 3308 1263 facit
3332 1210 3481 1280 quod
3521 1220 3605 1264 est

1996 1302 2216 1357 beatum
2254 1316 2395 1355 esse.
2442 1299 2593 1364 Quod
2653 1299 2781 1370 quia
2811 1306 2893 1352 est
2949 1299 3314 1371 impossibile,
3365 1317 3471 1356 non
3505 1319 3605 1373 po-

1995 1401 2101 1449 test
2127 1399 2374 1447 creatura
2403 1397 2708 1446 creaturam
2751 1407 2782 1444 a
2814 1397 3039 1461 peccato
3090 1391 3339 1446 liberare.
3374 1393 3598 1447 Omnem

269 1489 480 1544 cendus
533 1495 616 1543 est
666 1488 809 1542 Deus
849 1487 1307 1541 inconvenienter
1349 1502 1541 1558 poenas
1587 1487 1892 1558 injunxisse
1995 1482 2141 1537 enim
2191 1490 2495 1536 creaturam
2530 1478 2915 1550 praeponderat
2956 1480 3241 1534 minimum
3294 1489 3601 1550 peccatum,

271 1595 395 1650 quae
423 1578 492 1632 ad
550 1577 921 1648 expiationem
965 1575 1174 1645 peccati
1231 1590 1342 1630 non
1396 1573 1699 1629 sufficiunt.
1736 1574 1891 1638 Quod
1995 1573 2125 1645 quia
2156 1572 2444 1627 minimum
2498 1581 2781 1642 peccatum
2835 1577 2919 1625 est
2973 1581 3161 1626 contra
3210 1572 3420 1626 Deum:
3460 1574 3602 1628 Deus

270 1667 399 1739 quia
429 1665 586 1722 nefas
612 1676 697 1721 est
726 1666 796 1720 de
828 1666 937 1720 Deo
968 1663 1458 1734 dicere,probatur
1486 1663 1634 1735 quod
1669 1664 1891 1734 sapiens
1915 1720 1961 1739 η
1993 1672 2175 1716 autem
2207 1660 2358 1715 omni
2417 1668 2665 1714 creatura
2703 1659 2878 1730 major
2906 1666 3007 1713 est.
3050 1658 3168 1713 Non
3228 1676 3359 1732 ergo
3393 1661 3601 1716 sufﬁcit

272 1758 436 1826 Deus,
477 1758 781 1814 secundum
813 1757 1025 1828 peccati
1066 1756 1312 1822 modum,
1363 1756 1585 1811 modum
1633 1754 1889 1826 exposuit

270 1866 571 1921 poenarum.
602 1850 790 1904 Justus
845 1848 995 1903 enim
1040 1847 1411 1917 Deusjustam
1471 1846 1665 1902 debuit
1703 1847 1885 1903 facere

268 1941 594 2007 vindictam,
624 1956 749 2012 quae
783 1955 886 1995 nec
914 1948 1143 2011 peccato
1197 1938 1381 1994 minor
1418 1945 1585 2005 esset,
1634 1954 1737 1994 nec
1765 1953 1882 1993 mo-

267 2034 399 2089 dum
431 2034 743 2088 excederet.
786 2033 905 2089 Non
944 2032 1136 2087 debuit
1175 2030 1360 2086 minus
1391 2031 1593 2101 punire
1626 2038 1884 2102 peccato-

270 2141 381 2179 rem
410 2126 610 2194 justus,
646 2141 750 2180 nec
796 2124 974 2200 magis
1013 2140 1174 2196 quam
1234 2122 1553 2178 merebatur
1582 2122 1720 2193 pius.
1776 2122 1881 2177 La-

266 2214 430 2268 bores
458 2229 589 2288 ergo
620 2214 783 2282 hujus
809 2213 959 2280 vitae,
993 2220 1048 2268 et
1077 2212 1463 2268 tribulationes
1496 2218 1551 2266 et
1584 2210 1884 2266 novissime

272 2309 500 2357 mortem
543 2302 710 2358 homo
748 2301 794 2356 si
824 2302 1098 2372 patienter
1127 2302 1345 2368 tolerat,
1374 2315 1657 2371 peccatum
1689 2315 1885 2354 emen-

270 2390 363 2444 dat
389 2389 539 2445 bono
571 2389 880 2461 patientiae,
914 2404 1025 2460 quo
1057 2389 1208 2459 prius
1233 2404 1343 2443 non
1367 2387 1608 2443 debebat
1647 2386 1759 2458 pati
1786 2385 1880 2458 qui

266 2495 379 2536 non
412 2487 753 2551 peccaverat.
797 2479 859 2534 Et
882 2479 958 2534 ita
995 2478 1511 2549 recompensatione
1558 2476 1690 2533 boni
1729 2477 1882 2531 dele-

266 2576 357 2623 tur
374 2574 681 2640 peccatum,
708 2568 859 2640 quia,
891 2573 1156 2639 quantum
1212 2565 1414 2620 malum
1461 2564 1641 2619 fuerat
1696 2564 1881 2635 culpa,

265 2664 476 2714 tantum
535 2657 742 2714 bonum
791 2661 1245 2727 recompensatur
1272 2654 1560 2725 patientia.
1613 2653 1715 2709 Ubi
1747 2669 1879 2729 ergo

263 2751 503 2806 solutum
543 2757 630 2805 est
670 2755 981 2820 peccatum,
1021 2746 1157 2819 quid
1216 2746 1448 2817 impedit
1488 2746 1555 2800 ad
1595 2761 1825 2820 regnum
1852 2746 1880 2800 7

265 2845 399 2904 Ουο.
431 2844 551 2900 Non
591 2844 708 2900 haec
733 2843 949 2899 diceres
981 2840 1028 2897 si
1063 2840 1257 2913 quanti
1289 2840 1359 2895 sit
1383 2839 1649 2911 ponderis
1673 2856 1877 2911 pecca-

268 2946 380 2994 tum
404 2937 595 2994 scires.
640 2937 702 2992 Et
736 2936 863 2992 ideo
893 2944 1180 3007 peccatum
1208 2949 1547 3006 quaeramus,
1587 2949 1751 3005 quam
1779 2933 1885 2987 mi-

1991 1754 2173 1809 omnis
2186 1760 2433 1808 creatura
2454 1752 2521 1805 ad
2551 1751 3119 1822 recompensationem
3140 1751 3349 1806 minimi
3366 1759 3596 1823 peccati.

1990 1848 2119 1902 Leo.
2143 1847 2200 1900 In
2234 1860 2435 1919 magno
2463 1844 2709 1915 periculo
2737 1860 2950 1910 sumus,
2976 1844 3126 1914 quod
3146 1846 3392 1915 quotidie
3413 1863 3600 1916 pecca-

1989 1952 2131 2002 mus,
2172 1935 2218 1989 si
2251 1941 2559 2005 peccatum,
2609 1940 2668 1987 ut
2713 1932 2871 2000 dicis,
2912 1932 3077 1987 habet
3106 1938 3315 1988 tantum
3359 1937 3594 2005 pondus.

1989 2026 2095 2082 Cur
2118 2028 2258 2081 Deus
2281 2024 2494 2079 indixit
2521 2024 2725 2078 homini
2741 2037 2980 2092 pinnam,
3009 2036 3129 2091 quae
3156 2036 3262 2077 non
3291 2027 3500 2093 sufﬁcit
3523 2028 3599 2082 ad

2491 2114 2771 2169 delendum
2795 2117 3085 2184 peccatum.

2056 2202 2162 2257 Sed
2218 2218 2319 2257 cur
2372 2202 2515 2256 Deus
2573 2201 2846 2273 peccatori
2889 2198 3376 2272 prenam'indixit,
3418 2204 3462 2258 si
3501 2205 3594 2261 illa

1986 2307 2149 2363 poena
2177 2307 2278 2363 pro
2308 2300 2534 2363 peccato
2557 2307 2667 2347 non
2697 2292 2944 2348 sufficit?
2983 2294 3115 2348 Ooo-
3137 2289 3241 2352 Pro
3266 2296 3593 2351 remissione

1985 2390 2362 2454 peccatorum,
2395 2399 2557 2454 quam
2590 2383 2773 2438 facere
2804 2400 2912 2440 non
2948 2396 3164 2457 poterat
3192 2390 3421 2449 bonum,
3446 2389 3592 2459 quod

1983 2480 2112 2529 ante
2144 2482 2429 2545 peccatum
2462 2474 2716 2531 habebat.
2760 2477 2953 2533 Omnia
2983 2479 3131 2535 enim
3171 2481 3513 2550 hujusmodi,
3539 2481 3592 2535 id

1983 2571 2065 2619 est
2094 2565 2341 2620 omnium
2371 2564 2751 2621 molestiarum
2783 2567 3066 2636 patientia,
3092 2578 3147 2625 et
3174 2571 3372 2625 mentis
3392 2579 3448 2626 et
3472 2588 3594 2627 cor-

1983 2657 2133 2727 poris
2172 2656 2562 2726 castigationes
2611 2658 2972 2726 multimodaa,
3032 2670 3087 2715 et
3133 2662 3341 2729 omnia,
3394 2663 3596 2735 quibus

1980 2749 2050 2803 ab
2081 2747 2287 2803 bonum
2315 2747 2377 2804 ﬁt
2415 2749 2754 2815 exercitatio,
2783 2750 2905 2805 sine
2935 2752 3100 2821 plena
3126 2754 3335 2823 peccati
3372 2769 3590 2809 recom-

1986 2841 2314 2913 pensatione
2342 2843 2524 2897 valere
2552 2849 2764 2898 tantum
2807 2855 3036 2914 possunt
3066 2845 3134 2899 ad
3190 2845 3430 2913 veniam,
3484 2862 3595 2902 non

1985 2942 2166 2989 autem
2191 2934 2260 2988 ad
2291 2934 2544 3009 gloriam.

269 3032 478 3088 nimum
544 3048 855 3104 possumus,
908 3038 971 3086 ut
1022 3046 1089 3085 ex
1127 3044 1194 3085 eo
1234 3028 1523 3085 videamus
1565 3028 1623 3083 in
1668 3028 1880 3083 caeteris
1909 3038 1958 3106 ρ,
1982 3027 2133 3092 Quod
2152 3042 2252 3097 pro
2299 3027 2634 3096 perﬁcienda
2659 3027 2854 3081 cwtesti
2876 3030 3095 3084 civitate
3122 3031 3302 3096 factus
3332 3032 3404 3085 sit
3424 3032 3593 3087 homo.

266 3121 460 3193 quanti
478 3121 552 3176 sit
577 3121 866 3192 ponderis.
899 3121 1038 3175 Ecce
1072 3129 1127 3176 tu
1152 3119 1271 3190 ipse
1300 3134 1553 3190 propone
1581 3118 1730 3189 quod
1763 3118 1878 3188 pla-

268 3222 373 3269 cet.
416 3213 542 3269 Lso.
576 3213 722 3268 Nihil
761 3212 1000 3269 occurrit
1028 3212 1210 3266 minus
1240 3228 1405 3283 quam
1456 3209 1641 3266 brevis
1670 3210 1880 3282 cogita-

266 3309 342 3363 tio
372 3324 530 3362 vana.
565 3308 702 3363 Ouo.
736 3307 794 3361 Si
836 3321 969 3380 ergo
1023 3306 1121 3361 tibi
1171 3306 1316 3360 Deus
1360 3304 1656 3377 prohibeat
1693 3319 1761 3358 ne
1802 3304 1881 3358 in-

262 3396 515 3453 tentione
556 3405 663 3452 tuae
720 3394 1072 3469 cogitationis
1116 3410 1149 3448 a
1177 3409 1237 3448 se
1266 3408 1544 3465 quoquam
1589 3392 1873 3454 deﬂectas.

262 3493 317 3543 et
336 3487 478 3542 alius
507 3486 605 3541 tibi
634 3500 763 3541 vere
791 3485 940 3540 dicat
975 3484 1128 3556 quia,
1169 3483 1275 3538 nisi
1307 3484 1418 3539 cito
1443 3483 1551 3538 alio
1579 3493 1631 3537 te
1670 3490 1874 3549 vertas,

260 3579 440 3634 statim
474 3576 679 3649 peribis
707 3584 763 3633 et
812 3576 1023 3631 redibis
1060 3576 1115 3630 in
1181 3574 1439 3643 nihilum,
1483 3582 1718 3646 putasne
1767 3574 1877 3631 alio

260 3673 651 3746 cogitationem
679 3679 827 3727 tuam
858 3670 1105 3726 breviter
1132 3669 1453 3725 vertendam
1480 3676 1673 3725 contra
1704 3664 1874 3723 Deum

262 3779 361 3835 pro
401 3771 456 3819 te
501 3764 644 3835 ipso,
676 3778 745 3818 ne
772 3777 988 3833 pereas,
1013 3769 1065 3817 et
1114 3760 1387 3816 tantillum
1432 3767 1719 3831 peccatum
1759 3758 1877 3814 ﬁeri

262 3872 362 3928 pro
402 3856 786 3928 redemptione
819 3855 943 3911 tui?
971 3854 1235 3910 Meliusve
1258 3852 1478 3925 judicas
1510 3860 1563 3908 te
1609 3867 1708 3925 pro
1740 3868 1873 3923 pec-

262 3957 384 4007 cato
436 3950 619 4005 vivere
650 3965 815 4021 quam
861 3963 960 4020 pro
1003 3946 1216 4017 justitia
1256 3944 1486 4017 perire?
1531 3944 1659 3999 Lao.
1703 3944 1879 4010 Quare

264 4054 375 4094 non
415 4037 660 4094 melius?
688 4037 825 4092 Ooo.
862 4035 998 4102 Quia
1037 4035 1391 4107 omnipotens
1419 4034 1563 4088 Deus
1593 4032 1878 4089 meliorem

264 4133 446 4198 potest
485 4134 538 4182 te
578 4132 703 4197 post
741 4135 1012 4180 servatam
1056 4124 1328 4194 justitiam
1381 4122 1670 4179 restituere
1715 4138 1877 4194 quam

262 4227 319 4273 tu
348 4234 448 4289 per
490 4224 776 4289 peccatum
800 4232 974 4289 queas
1001 4216 1205 4274 vivere.
1248 4216 1311 4272 Et
1339 4216 1432 4288 qui
1466 4231 1566 4286 per
1593 4224 1879 4287 peccatum

2053 3116 2181 3172 Lso.
2216 3115 2504 3181 Quomodo
2535 3132 2667 3191 ergo
2703 3115 3023 3171 satisfacere
3080 3124 3261 3188 potest
3290 3119 3475 3184 homo,
3510 3121 3595 3175 vel

1980 3208 2115 3279 quid
2170 3224 2594 3278 recompensare
2644 3223 2742 3278 pro
2812 3202 3058 3278 peccato,
3089 3210 3134 3263 si
3192 3218 3303 3265 tota
3344 3221 3594 3267 creatura

1980 3297 2161 3353 minor
2189 3309 2277 3352 est.
2307 3314 2410 3352 nec
2447 3298 2513 3351 ad
2545 3298 2845 3352 delendum
2890 3307 3171 3369 peccatum
3203 3300 3458 3357 sufficere
3486 3318 3591 3373 po-

1982 3385 2129 3440 test?
2178 3385 2312 3441 Ooo.
2372 3385 2531 3440 Nullo
2563 3385 2727 3441 modo
2758 3403 2856 3456 per
2907 3402 2991 3441 se.
3041 3389 3168 3444 Lao.
3206 3389 3283 3442 Ad
3326 3391 3430 3444 hoc
3460 3406 3592 3463 ergo

1976 3477 2258 3532 contentio
2290 3477 2516 3532 rationis
2555 3484 2759 3532 nostrae
2812 3480 2961 3534 venit
3013 3488 3091 3546 ut,
3123 3482 3167 3535 si
3230 3482 3392 3536 homo
3455 3483 3583 3537 vitat

1978 3583 2170 3638 pamas
2199 3583 2298 3638 per
2347 3575 2696 3638 peccatorum
2731 3568 2948 3622 veniam
2998 3587 3101 3626 nec
3137 3578 3320 3626 tamen
3344 3574 3593 3643 pervenit

1982 3656 2051 3711 ad
2080 3656 2336 3731 gloriam,
2374 3655 2578 3711 habeat
2606 3663 2805 3712 statum
2836 3658 3077 3713 medium
3100 3675 3210 3731 quo
3240 3661 3296 3714 in
3326 3669 3589 3717 aeternum

1980 3748 2254 3819 quiescat,
2288 3756 2347 3805 ut
2386 3748 2566 3823 angeli
2594 3749 2689 3821 qui
2739 3765 2848 3805 non
2891 3762 3259 3822 peccaverunt
3307 3754 3362 3808 in
3418 3754 3593 3829 gloria

1981 3849 2358 3911 permaneant,
2412 3842 2576 3897 homo
2628 3858 2756 3898 vero
2808 3844 2902 3916 qui
2952 3845 3161 3914 peccati
3211 3847 3588 3903 remissionem

1981 3936 2195 4006 accepit
2241 3935 2327 3991 sui
2359 3935 2508 3991 modi
2540 3935 2784 4007 quietem
2826 3937 3111 4002 obtineat;
3153 3939 3247 4011 qui
3303 3956 3435 3997 vero
3467 3942 3591 3998 sine

1981 4024 2307 4080 remissione
2341 4033 2445 4090 est,
2496 4040 2688 4095 pinnas
2742 4034 3038 4096 perpetuas
3095 4027 3355 4083 incurrat.
3412 4029 3475 4085 Et
3521 4032 3589 4086 ad

1983 4118 2086 4173 hoc
2144 4117 2519 4189 processimus
2559 4117 2706 4188 quod
2753 4120 2961 4174 mundo
3011 4118 3252 4175 Christus
3304 4128 3487 4176 vester
3532 4124 3588 4178 in

1982 4206 2134 4263 nullo
2165 4218 2249 4263 est
2276 4209 2659 4274 necessarius;
2718 4226 2843 4264 nam
2881 4219 3054 4266 status
3084 4212 3173 4266 ille
3212 4212 3416 4283 quietis
3467 4215 3588 4270 sine

261 4309 537 4366 viventem
568 4317 624 4366 te
644 4310 796 4380 juste
825 4308 1030 4365 faceret
1069 4310 1354 4376 miserum,
1402 4314 1751 4381 peremptum
1775 4323 1875 4378 pro
1977 4300 2188 4358 Christo
2230 4316 2327 4371 per
2354 4300 2532 4373 legem
2577 4302 2830 4367 habetur,
2863 4301 2917 4355 in
2949 4319 3056 4374 qua
3086 4304 3342 4359 remissio
3392 4321 3589 4375 pecca-

254 4399 469 4469 justitia
487 4399 636 4470 juste
664 4397 983 4455 restitueret
1010 4397 1254 4453 beatum.
1287 4397 1679 4469 Praeponderat
1709 4396 1877 4468 igitur
1898 4406 1951 4473 ι)
1977 4404 2156 4453 torum
2189 4396 2405 4472 legitur.
2438 4397 2503 4451 Et
2552 4397 2647 4468 qui
2677 4398 3012 4468 proposuisti
3058 4398 3257 4454 Christi
3306 4401 3383 4454 tui
3415 4401 3587 4457 virtu-

262 4495 312 4545 te
341 4496 625 4560 peccatum
671 4490 820 4562 quod
862 4490 1197 4561 proposuisti
1229 4490 1378 4561 quod
1418 4488 1731 4545 faciendum
1765 4504 1875 4545 non
1978 4495 2087 4542 tem
2119 4486 2435 4552 ostendere,
2470 4485 2717 4557 probasti
2746 4487 3027 4543 hominem
3069 4488 3137 4543 ad
3168 4489 3400 4563 gloriam
3434 4491 3587 4546 nullo

263 4577 386 4646 fuit,
417 4580 578 4634 etiam
613 4594 712 4650 pro
756 4577 1139 4649 redemptione
1180 4578 1283 4633 tui.
1322 4577 1448 4633 Leo.
1495 4578 1679 4634 Placet
1727 4579 1875 4650 quod
1978 4575 2468 4646 modopervenire.
2497 4575 2629 4632 Ooo.
2656 4575 2999 4632 Hocmollior
3020 4586 3078 4633 ut
3100 4578 3329 4650 probem
3351 4579 3449 4633 tibi
3473 4595 3583 4634 non

264 4666 423 4732 dicis,
448 4682 559 4722 non
592 4667 740 4722 enim
771 4664 1277 4721 animadvertebam
1297 4666 1433 4742 tanti
1458 4666 1725 4736 ponderis
1750 4683 1876 4722 esse
1975 4672 2152 4727 solum
2186 4685 2370 4742 posse,
2397 4670 2495 4725 sed
2524 4676 2579 4726 et
2608 4672 2981 4727 necessarium
3022 4689 3145 4729 esse
3179 4674 3461 4730 hominem
3515 4677 3582 4730 ad

263 4754 543 4826 parvulam
571 4754 811 4826 culpam.
842 4752 978 4809 Ooo.
1012 4753 1121 4809 Sed
1153 4753 1263 4819 dic,
1289 4752 1335 4808 si
1365 4753 1602 4809 deberes
1640 4769 1741 4825 pro
1772 4771 1873 4811 an—
1974 4763 2205 4838 gloriam
2262 4762 2584 4837 angelorum
2634 4764 2944 4834 pervenire.
3008 4767 3161 4833 Quod
3216 4783 3340 4823 cum
3376 4768 3588 4824 Christo

262 4849 385 4925 gelo
421 4850 573 4923 quod
616 4865 726 4906 non
775 4849 948 4904 debes
997 4863 1099 4921 pro
1137 4848 1336 4920 teipso.
1385 4848 1513 4905 Leo.
1557 4849 1870 4906 Secundum
1973 4852 2268 4921 adjuvante
2301 4851 2505 4917 fecero,
2540 4867 2734 4922 precor
2771 4863 2831 4908 ut
2876 4854 3063 4912 relicto
3089 4871 3277 4912 errore
3325 4856 3585 4912 Christia-

264 4942 532 4998 rationem
560 4958 724 5014 quam
777 4941 847 4996 de
887 4957 975 4996 me
1019 4940 1230 5009 dixisti,
1255 4956 1436 5012 neque
1467 4956 1567 5012 pro
1598 4958 1731 5007 uno,
1764 4959 1870 4998 ne-
1977 4960 2080 4999 nus
2113 4940 2229 4997 ﬁas.
2261 4943 2389 4999 Lso.
2424 4943 2537 4999 Hoc
2580 4944 2815 5009 dimitte,
2857 4957 2913 5001 et
2958 4947 3104 5017 quod
3139 4947 3421 5017 promittis
3452 4966 3579 5020 pro-

175 5027 186 5036 ’
263 5053 369 5109 que
396 5052 495 5109 pro
517 5036 797 5104 omnibus,
817 5052 998 5108 neque
1023 5051 1123 5107 pro
1146 5043 1258 5093 tota
1277 5043 1529 5092 creatura
1558 5035 1872 5093 faciendum
1977 5054 2232 5111 sequere.
2266 5037 2402 5094 Ooo.
2445 5037 2729 5094 Constabit
2756 5039 2987 5114 gloriam
3018 5042 3259 5098 hominis
3303 5060 3425 5099 esse
3467 5059 3590 5115 pos-

265 5135 365 5195 est,
408 5128 495 5184 vel
524 5128 812 5184 minimum
844 5128 1069 5201 aliquod
1109 5135 1299 5185 contra
1328 5129 1495 5185 Deum
1521 5147 1535 5194 ;
1579 5139 1777 5201 potens
1796 5138 1879 5186 est

266 5221 417 5276 enim
449 5220 807 5292 omnipotens
852 5221 993 5277 Deus
1022 5221 1079 5275 in
1134 5220 1334 5277 melius
1376 5222 1671 5277 restituere
1727 5223 1875 5294 quod

265 5327 363 5383 pro
413 5311 628 5383 justitia
676 5312 853 5383 potuit
906 5311 1109 5384 perire,
1163 5321 1219 5368 et
1256 5311 1457 5383 quibus
1512 5312 1634 5367 sine
1680 5314 1876 5369 merito

266 5403 694 5459 misericorditer
730 5403 884 5460 dedit
909 5411 969 5459 ut
996 5411 1204 5471 essent,
1234 5403 1321 5458 his
1343 5403 1491 5471 juste
1521 5420 1644 5458 cum
1677 5405 1874 5461 merito

266 5493 421 5549 daret
438 5498 499 5548 ut
537 5489 735 5547 melius
755 5499 961 5548 essent.
1003 5492 1137 5548 Odo.
1171 5492 1317 5547 Bene
1357 5490 1714 5558 intellexisti;
1762 5508 1873 5548 non

267 5564 413 5638 enim
443 5581 669 5639 abolere
695 5588 881 5653 potest
907 5581 1090 5637 omnis
1127 5588 1380 5637 creatura
1408 5580 1465 5635 id
1498 5581 1647 5653 quod
1688 5590 1877 5637 contra

267 5676 436 5732 Deum
485 5684 572 5730 est
623 5674 681 5729 in
749 5673 933 5745 aliqua
967 5679 1237 5742 creatura,
1306 5687 1375 5728 ne
1429 5672 1681 5729 videatur
1736 5672 1879 5728 Deus

1978 5131 2218 5197 sibilem,
2249 5130 2297 5185 si
2358 5129 2576 5201 probari
2636 5129 2810 5201 possit
2861 5146 2985 5186 esse
3016 5134 3416 5200 necessariam;
3465 5152 3585 5189 nam

1979 5222 2127 5293 quod
2158 5219 2527 5276 necessarium
2557 5228 2640 5274 est
2669 5235 2813 5286 esse,
2842 5220 3108 5291 possibile
3152 5229 3237 5277 est
3275 5238 3417 5278 esse.
3461 5224 3587 5280 Leo.

1982 5316 2057 5369 lta
2088 5320 2186 5368 est.
2227 5312 2364 5369 Ooo.
2398 5311 2588 5376 Credo,
2642 5326 2753 5367 non
2787 5312 3017 5384 negabis
3044 5329 3231 5368 verum
3268 5328 3389 5368 esse
3440 5316 3588 5385 quod

1978 5405 2048 5460 de
2087 5405 2199 5460 Dco
2234 5405 2437 5479 legitur
2485 5405 2542 5459 in
2585 5404 2772 5460 multis
2829 5404 2964 5460 locis
3006 5404 3303 5476 Scripturae
3360 5414 3588 5462 vestrae:

1977 5494 2170 5550 Omnia
2198 5509 2523 5565 quotcunque
2562 5496 2734 5551 voluit
2770 5495 2900 5561 fecit
2937 5494 3105 5565 (Psal.
3139 5510 3288 5561 exui,
3347 5501 3587 5564 cxxxrv).

1981 5582 2113 5637 Leo.
2141 5582 2506 5637 Verissimum
2550 5590 2654 5638 est.
2703 5583 2835 5639 Ono.
2866 5583 3049 5640 Voluit
3099 5590 3282 5640 autem
3320 5586 3465 5642 Deus
3504 5586 3591 5641 fa-

1980 5686 2106 5727 cere
2155 5671 2435 5727 civitatem
2467 5673 2772 5740 caelestem,
2815 5673 2973 5744 cujus
3004 5673 3156 5730 cives
3182 5677 3409 5750 angelos
3434 5691 3594 5733 crea-
