3892 6048
348 233 479 287 1107

1607 225 1664 278 Β.
1707 219 1942 278 ODONIS
1985 214 2224 271 ΟΑΜΕΒ.
2268 213 2471 268 EPlSC.

3538 211 3696 265 4108

345 373 439 425 vit.
465 369 667 424 Omnes
693 374 875 420 autem
917 365 1145 438 angelos
1199 364 1375 418 bonus
1417 364 1559 416 Deus
1609 377 1717 417 non
1752 358 2033 425 creavitA
2060 367 2191 408 vero
2233 349 2419 418 debet,
2464 349 2561 403 sed
2612 364 2726 404 non
2768 353 2982 418 potest:
3035 347 3162 402 ideo
3216 361 3442 403 necesse
3484 353 3574 401 est
3626 353 3699 400 ut

347 460 452 514 nisi
507 459 706 523 bonos,
741 473 770 509 a
823 471 929 525 qua
961 454 1180 508 civitate
1221 453 1367 522 justc
1421 461 1548 506 sunt
1581 451 1804 521 dejecti,
1859 448 1954 519 qui

346 567 582 621 nequam
630 557 757 602 sunt
787 547 932 602 facti.
969 546 1199 601 Civitate
1236 561 1368 619 ergo
1425 561 1490 599 ex
1527 554 1679 614 parte
1705 549 1953 605 vacuata,

346 637 723 708 imperfectum
775 635 1041 688 remansit
1095 649 1236 703 opus
1279 633 1428 703 quod
1493 639 1734 702 coeperat
1791 631 1950 684 Deus.

347 728 688 798 PrOpositum
731 741 863 781 vero
910 726 1002 779 Dei
1037 741 1146 780 non
1181 731 1360 795 potest
1392 723 1616 789 cassari,
1669 731 1723 777 et
1761 724 1954 777 civitas

344 837 506 892 quam
531 828 773 889 eruperat
822 817 982 882 Deus,
1017 832 1244 871 necesse
1276 823 1358 870 est
1409 826 1467 870 ut
1519 813 1854 885 perﬁciatur,
1885 831 1954 870 ne

347 912 488 964 Deus
515 909 725 963 dicatur
771 907 937 961 stulte
977 905 1211 976 caepisse
1251 905 1396 976 quod
1443 913 1635 976 postea
1665 905 1841 959 uoluit
1869 905 1954 959 vel

347 1017 454 1056 non
485 999 661 1071 potuit
710 997 997 1069 perficere.
1058 997 1162 1050 Sed
1204 997 1358 1051 nefas
1405 1004 1489 1052 est
1535 996 1811 1051 ascribere
1842 997 1952 1050 Deo

348 1092 763 1148 mutabilitatem
813 1089 1130 1155 voluntatis,
1201 1089 1283 1144 vel
1354 1089 1758 1159 impotentiam.
1815 1088 1953 1162 Ergo

347 1186 495 1256 quod
532 1185 723 1254 cmpit,
773 1182 1022 1254 perficiet
1079 1182 1243 1235 Deus.
1293 1181 1439 1236 Fecit
1496 1197 1625 1254 ergo
1673 1181 1952 1235 hominem

345 1290 400 1336 et
426 1281 578 1335 dedit
597 1279 1071 1350 prepagationem,
1095 1285 1153 1331 ut
1175 1277 1474 1346 incaaptum
1501 1275 1814 1346 perficeret.
1851 1275 1957 1328 Ne-

345 1384 498 1424 cesse
530 1379 612 1423 est
644 1368 808 1440 igitur
837 1375 894 1421 ut
949 1367 1018 1420 de
1061 1365 1283 1420 homine
1318 1364 1662 1435 propositum
1715 1364 1810 1418 Dei
1843 1364 1953 1418 fiat.

347 1464 540 1517 Omnia
571 1459 716 1514 enim
749 1474 1073 1529 quaecunque
1097 1460 1288 1522 voluit,
1316 1459 1464 1522 fecit.

347 1617 497 1682 Quod
534 1631 785 1668 numerus
833 1615 1072 1667 civitatis
1126 1613 1347 1666 castestis
1396 1613 1740 1681 perﬁcienda:
1777 1615 1954 1683 major

523 1711 592 1760 sit
622 1721 838 1760 numero
877 1706 1194 1772 angelorum
1218 1707 1412 1774 prima:
1432 1706 1775 1760 conditionis.

421 1840 547 1893 Leo.
609 1837 744 1903 Quia
788 1853 972 1893 sermo
1013 1838 1203 1908 prima:
1265 1837 1602 1893 conditionis
1655 1855 1713 1893 se
1754 1840 1958 1910 intulit,

345 1950 532 2006 quaaro
559 1950 627 1988 an
655 1949 919 1987 numerus
957 1949 1067 2004 quo
1118 1932 1243 1987 facti
1275 1941 1404 1987 sunt
1435 1933 1617 2007 angeli
1649 1934 1961 1990 sufficiebat

345 2028 584 2084 civitatis
639 2027 962 2097 perfectioni
995 2036 1290 2098 antequam
1343 2027 1524 2102 angeli
1565 2027 1763 2083 fierent
1806 2031 1954 2085 mali.

345 2118 479 2172 Ono.
515 2116 631 2170 Non
655 2116 890 2170 videtur.
927 2115 981 2168 Si
1014 2115 1160 2170 enim
1204 2131 1469 2170 numerus
1508 2117 1829 2190 angelorum
1865 2119 1960 2189 qui

346 2209 472 2264 facti
512 2217 638 2264 sunt
689 2208 970 2264 sufficeret
1026 2224 1123 2279 pro
1176 2208 1310 2264 solis
1351 2209 1438 2262 his
1492 2210 1586 2280 qui
1617 2210 1957 2276 ceciderunt,

345 2301 511 2354 homo
538 2297 742 2352 valeret
799 2306 852 2351 et
893 2298 961 2351 de
1001 2312 1190 2352 eorum
1239 2313 1368 2352 casu
1422 2297 1686 2371 gauderet
1723 2315 1958 2370 quorum

344 2388 571 2459 gloriam
621 2393 854 2440 teneret.
904 2386 963 2439 Et
1012 2402 1134 2440 cum
1187 2386 1418 2460 gloriam
1459 2386 1736 2441 cmlestem
1795 2404 1958 2443 nemo

347 2477 452 2530 nisi
489 2477 668 2544 justus
701 2475 869 2528 intret
899 2474 1183 2544 quomodo
1209 2475 1393 2542 justus
1433 2475 1539 2529 erit
1588 2476 1680 2546 qui
1721 2475 1789 2530 de
1821 2477 1960 2530 alte-

346 2572 456 2624 rius
479 2577 702 2640 peccato
723 2568 1030 2643 gaudebit?
1054 2569 1184 2623 Ideo
1212 2569 1445 2624 dicimus
1465 2571 1609 2640 apud
1644 2571 1811 2624 Deum
1835 2587 1958 2626 esse

347 2678 631 2717 numerum
699 2661 1050 2732 perficienda:
1109 2661 1348 2716 civitatis
1408 2662 1669 2730 majorem
1729 2679 1960 2718 numero

341 2757 663 2827 angelorum
719 2755 910 2826 prima;
963 2753 1336 2819 conditionis;
1380 2755 1661 2809 hominem
1715 2771 1845 2810 vero
1889 2756 1960 2810 ita

345 2851 546 2906 factum
576 2857 655 2915 ut,
685 2850 729 2904 si
788 2866 983 2904 omnes
1013 2849 1194 2922 angeli
1249 2849 1300 2902 in
1339 2849 1554 2916 justitia
1607 2850 1958 2916 mansissent,

343 2943 412 2995 de
452 2941 677 2996 homine
735 2938 915 2993 fuerat
959 2939 1195 2994 civitatis
1236 2939 1558 3003 residuum;
1592 2939 1639 2992 si
1695 2955 1826 2994 vero
1863 2941 1959 2994 de—

344 3033 595 3098 fluerent,
630 3033 700 3087 de
731 3033 956 3088 homine
989 3032 1354 3101 perficeretur
1393 3040 1590 3087 totum.
1985 3059 2032 3124 Ο

454 3184 606 3250 Quod
635 3185 779 3239 solus
803 3187 938 3239 Deus
963 3185 1281 3251 satisfacere
1309 3200 1407 3255 pro
1431 3189 1647 3255 peccato
1668 3190 1858 3255 potest.

412 3313 538 3367 Leo.
576 3311 629 3365 Si
663 3313 755 3366 Dei
798 3311 1139 3382 propositum
1192 3327 1301 3366 non
1334 3320 1518 3382 potest
1571 3313 1799 3378 cassari,
1856 3329 1963 3368 ne-

340 3417 490 3456 cesse
523 3409 603 3456 cst
625 3401 905 3456 hominem
941 3401 993 3454 in
1022 3400 1252 3474 gloriam
1291 3401 1614 3474 angelorum
1655 3402 1962 3467 transferri,

344 3491 482 3543 Dens
510 3497 694 3544 autem
726 3489 1082 3559 omnipotens
1113 3498 1217 3553 est,
1255 3505 1382 3563 ergo
1425 3505 1589 3545 omne
1633 3491 1780 3562 quod
1827 3507 1961 3561 pro-

341 3580 522 3650 posuit
558 3589 758 3650 potest,
793 3595 1020 3634 neccsse
1050 3586 1134 3632 est
1162 3595 1294 3653 ergo
1335 3580 1614 3634 hominem
1650 3582 1704 3634 in
1731 3581 1961 3653 gloriam

339 3672 640 3738 transferri,
679 3673 776 3726 sed
808 3672 1064 3742 superius
1095 3671 1372 3741 disputata
1404 3673 1643 3741 probant
1691 3688 1811 3727 esse
1858 3673 1964 3726 im-

342 3766 625 3836 possibile.
663 3766 948 3828 Quomodo
997 3781 1130 3838 ergo
1164 3781 1393 3820 necesse
1437 3766 1699 3837 estquod
1758 3767 1965 3837 impos-

339 3861 501 3914 sibile
548 3868 630 3914 est
669 3860 840 3914 esse?
897 3862 1026 3924 Qum
1062 3867 1146 3915 est
1193 3868 1341 3915 tanta
1398 3861 1671 3915 rationum
1704 3862 1962 3916 varietas.

340 3949 467 4001 Cum
504 3949 847 4018 pr0positum
906 3949 1000 4002 Dei
1053 3948 1312 4018 respicio,
1349 3964 1576 4002 necesse
1618 3957 1702 4004 est
1742 3951 1795 4004 in
1846 3950 1962 4022 glo-

339 4040 471 4092 riam
511 4045 752 4093 transeat
791 4040 984 4102 homo;
1020 4055 1144 4093 cum
1180 4040 1419 4094 hominis
1467 4041 1760 4094 considero
1788 4042 1965 4111 impo-

335 4127 561 4182 tentiam
582 4135 637 4182 ct
668 4127 760 4181 Dei
781 4127 1073 4194 justitiam,
1107 4127 1337 4182 omnino
1365 4136 1450 4182 est
1480 4127 1828 4198 impossibile
1858 4130 1961 4185 h0-

335 4217 540 4272 minem
573 4217 639 4271 ad
669 4217 899 4290 gloriam
949 4218 1164 4272 venire.
1213 4217 1354 4280 Quid
1412 4218 1589 4291 magis
1619 4219 1957 4273 contrarium

333 4326 496 4380 quam
544 4309 870 4380 impossibili
913 4310 1338 4365 necessarium?
1388 4310 1525 4365 Ooo.
1562 4310 1755 4364 Veniat
1804 4309 1958 4364 Chri-

331 4407 447 4454 stus
477 4408 684 4468 noster,
731 4402 936 4469 veniat,
981 4409 1034 4457 et
1083 4403 1224 4456 hanc
1264 4402 1710 4457 contrarietatem
1742 4401 1938 4456 dissol-
1983 4381 2035 4447 D

331 4496 438 4543 vat.
470 4489 598 4544 Leo.
643 4489 948 4552 Quomodo.
1008 4490 1140 4545 Ouo.
1200 4490 1360 4552 Audi,
1396 4491 1442 4544 si
1501 4491 1644 4545 bene
1699 4491 1956 4559 supernis

331 4580 734 4648 comprehensa
774 4580 994 4647 incolis,
1059 4579 1176 4634 sola
1231 4595 1329 4651 pro
1370 4587 1596 4650 peccato
1650 4578 1954 4634 satisfactio

329 4671 558 4743 gloriam
592 4671 824 4741 impedit
855 4672 1112 4727 hominis.
1166 4673 1298 4727 Nam
1339 4673 1384 4727 si
1443 4679 1638 4743 posset
1682 4689 1777 4743 pro
1819 4691 1953 4745 pec-

329 4771 450 4818 cato
483 4764 823 4832 satisfacere,
875 4775 1064 4836 posset
1105 4766 1296 4836 utique
1360 4765 1428 4820 ad
1475 4766 1705 4840 gloriam
1755 4783 1954 4837 perve-

331 4857 469 4924 nire,
491 4856 590 4912 sed
622 4857 788 4912 homo
813 4873 922 4913 non
947 4865 1145 4928 potest.
1172 4858 1310 4924 Quid
1329 4858 1502 4932 ergo?
1532 4859 1693 4913 Estne
1722 4860 1954 4915 omnino

329 4948 672 5019 impossibile
729 4950 877 5021 quod
919 4950 1084 5004 homo
1133 4966 1242 5005 non
1307 4950 1528 5020 potest?
1587 4951 1777 5005 Nonne
1808 4953 1952 5007 Deus

331 5051 509 5111 potest
563 5043 711 5112 quod
763 5043 928 5097 homo
986 5058 1096 5096 non
1160 5043 1410 5112 potest?
1491 5041 1741 5113 Alioquin
1804 5044 1947 5099 Deus

329 5152 437 5190 non
469 5144 554 5190 est
580 5137 962 5207 omnipotens;
996 5138 1138 5191 Deus
1170 5138 1338 5210 igitur
1378 5154 1474 5208 pro
1517 5147 1743 5208 peccato
1783 5139 1944 5193 satis-

329 5226 509 5282 facere
565 5235 762 5298 potest.
810 5229 934 5282 Leo.
967 5228 1253 5292 Quomodo
1312 5229 1454 5283 Deus
1505 5227 1821 5293 satisfaciet,
1875 5230 1941 5282 ad

328 5335 490 5388 quem
521 5335 628 5374 non
673 5321 966 5391 pertinet?
996 5319 1280 5384 Quomodo
1312 5320 1404 5391 qui
1437 5335 1547 5375 non
1578 5320 1940 5390 peccavitpro

330 5413 553 5474 peccato
583 5408 920 5464 satisfaciet?
952 5409 1206 5464 Peccator
1230 5409 1546 5464 satisfacere
1577 5409 1766 5476 debet,
1800 5410 1944 5464 Deus

329 5511 439 5548 non
477 5497 662 5552 debet.
695 5499 828 5554 Ono.
879 5500 1014 5563 Quia
1038 5515 1264 5554 necesse
1299 5507 1381 5554 est
1412 5501 1692 5556 hominem
1724 5502 1792 5555 ad
1821 5502 1939 5572 glo-

331 5585 460 5637 riam
503 5587 691 5640 venire
730 5591 877 5659 quod
917 5591 1035 5645 sine
1066 5592 1446 5646 satisfactione
1479 5608 1588 5647 non
1631 5600 1938 5662 potest,sa-

331 5673 581 5728 tisfacere
615 5693 744 5732 vero
795 5681 937 5734 Deus
990 5688 1190 5750 potest,
1244 5683 1341 5736 sed
1383 5699 1493 5738 non
1521 5684 1727 5748 debet;
1777 5686 1937 5739 homo

1985 1696 2033 1763 B

2058 453 2304 516 utraeque
2336 450 2543 498 naturae
2583 442 2939 508 conveniant,
2987 447 3040 496 et
3082 440 3176 495 fiat
3213 441 3354 496 Deus
3399 442 3594 506 homo,
3631 449 3698 495 et

2057 551 2201 590 unus
2219 534 2380 588 Jesus
2421 531 2665 586 Christus
2694 531 2836 585 Deus
2861 536 2916 584 et
2956 530 3142 597 homo,
3177 545 3286 584 non
3331 529 3472 584 alius
3503 529 3692 595 Deus,

2055 631 2110 676 et
2141 621 2281 676 alius
2311 622 2500 687 homo,
2529 620 2626 674 sed
2653 628 2798 675 totus
2822 618 3095 690 quidquid
3115 619 3417 684 est;homo
3439 627 3527 672 est
3567 633 3692 672 non

2055 714 2384 770 confusione
2454 719 2794 779 naturarum,
2847 712 3007 782 quasi
3055 711 3226 765 altera
3269 716 3572 765 evacuctur
3628 709 3694 762 in

2055 807 2301 871 alteram,
2333 805 2432 859 sed
2491 804 2783 875 utriusque
2823 810 3030 857 natura)
3073 801 3410 873 proprietate
3461 802 3695 874 integra

2055 907 2415 972 permanente
2470 900 2526 953 in
2569 915 2679 954 una
2722 915 2851 952 vera
2889 914 3143 968 persona.
3201 897 3292 951 Est
3330 912 3462 972 ergo
3519 897 3696 950 Jesus

2057 993 2300 1048 Christus
2327 1007 2438 1048 non
2483 991 2618 1058 duo,
2651 992 2750 1046 sed
2782 1007 2926 1045 unus
2951 991 3178 1045 omnino
3227 996 3280 1044 et
3305 989 3580 1044 indivisus
3627 988 3692 1042 in

2056 1104 2316 1160 persona.
2351 1088 2449 1152 Qui
2495 1103 2558 1141 ex
2583 1102 2648 1141 eo
2679 1086 2825 1157 quod
2858 1085 3212 1156 omnipotens
3265 1085 3407 1138 Deus
3441 1092 3548 1151 est,
3584 1099 3693 1154 pro

2057 1186 2283 1248 peccato
2319 1174 2638 1230 satisfacere
2669 1181 2880 1244 potest;
2910 1189 2975 1227 ex
3008 1187 3075 1226 eo
3102 1173 3252 1244 quod
3272 1173 3439 1227 homo
3461 1182 3549 1228 est
3583 1172 3691 1226 de-

2057 1266 2172 1328 bet,
2207 1271 2388 1336 potest
2415 1272 2472 1318 ut
2503 1264 2663 1326 Deus,
2699 1261 2868 1316 debet
2897 1268 2956 1314 ut
2980 1261 3168 1315 homo.

2057 1377 2212 1444 Quod
2242 1377 2451 1432 Christo
2485 1377 2757 1445 pertineat
2787 1389 2894 1442 pro
2940 1378 3157 1442 peccato
3195 1373 3539 1439 satisfacere,
3582 1375 3694 1441 qui

2661 1485 2768 1523 non
2810 1470 3066 1537 peccavit.

2135 1565 2260 1620 Leo.
2316 1563 2603 1628 Quomodo
2656 1562 2846 1628 debet,
2889 1561 3141 1633 quamvis
3179 1561 3249 1616 sit
3302 1561 3491 1621 homo,
3535 1576 3689 1621 cum,

2054 1657 2197 1712 sicut
2218 1656 2425 1720 dicitis,
2449 1669 2558 1708 non
2587 1663 2672 1708 est
2703 1662 2957 1724 peccator
2983 1653 3148 1706 homo
3172 1651 3199 1704 ?
3239 1650 3374 1705 Ooo.
3411 1651 3689 1719 Compas-

2060 1752 2218 1806 sione
2269 1759 2324 1804 et
2355 1748 2766 1811 misericordia;
2815 1747 2944 1818 quia
2985 1761 3096 1801 non
3124 1752 3442 1815 poteramus
3481 1760 3692 1798 emen-

2061 1841 2194 1894 dare
2237 1847 2544 1910 peccatum,
2586 1835 2903 1890 emendavit
2940 1833 3061 1904 ipse
3103 1848 3204 1904 pro
3264 1832 3448 1897 nobis,
3497 1839 3695 1900 utpote

2061 1929 2228 1985 frater
2268 1944 2366 1999 pro
2398 1925 2679 1993 fratribus,
2731 1931 2786 1979 et
2816 1923 3066 1992 ejusdem
3110 1933 3316 1976 naturae
3369 1922 3694 1987 nobiscum,

2061 2023 2197 2078 nulli
2229 2022 2377 2076 enim
2406 2026 2489 2075 est
2540 2019 2781 2073 alienum
2823 2032 2938 2071 suae
2988 2022 3196 2070 natura:
3227 2014 3692 2069 condescendere

2062 2120 2117 2169 et
2132 2129 2229 2184 pro
2265 2113 2348 2166 his
2387 2112 2478 2182 qui
2498 2127 2609 2164 suae
2643 2117 2854 2164 natura;
2880 2115 3009 2163 sunt
3033 2105 3376 2161 satisfacere.
3421 2106 3556 2159 [nde
3589 2121 3694 2175 pro

2064 2206 2353 2260 identitate
2410 2203 2622 2257 scilicet
2678 2209 2888 2254 naturae
2944 2208 3129 2254 nostra
3161 2205 3389 2268 peccata
3424 2197 3692 2266 portavit,

2062 2310 2160 2366 pro
2203 2292 2445 2364 peccatis
2499 2290 2702 2345 nostris
2743 2289 2932 2362 plagas
2970 2295 3024 2342 et
3061 2295 3297 2341 mortem
3338 2295 3538 2355 sponte
3586 2301 3690 2338 su-

2061 2383 2274 2438 stinens
2301 2397 2424 2452 quae
2458 2395 2568 2434 non
2597 2377 2869 2440 debebat;
2903 2391 3013 2431 non
3045 2375 3192 2429 enim
3223 2374 3351 2428 talia
3376 2382 3682 2428 meruerat.

2061 2476 2235 2529 Carne
2283 2481 2338 2526 et
2384 2471 2656 2544 sanguine
2709 2484 2808 2524 suo
2861 2483 2964 2522 nos
2995 2467 3186 2537 pascit,
3223 2474 3280 2520 ut
3319 2481 3420 2520 nos
3449 2479 3695 2519 concor-

2061 2576 2221 2638 poret
2259 2580 2468 2629 secum,
2500 2571 2558 2616 ut
2593 2571 2647 2616 et
2678 2575 2778 2614 nos
2806 2560 2980 2614 simus
3037 2559 3156 2629 ipse
3195 2567 3250 2612 et
3277 2557 3393 2626 ipse
3424 2556 3493 2610 sit
3544 2571 3692 2609 unus

2063 2651 2375 2707 nobiscum.
2411 2650 2541 2704 ldeo
2584 2657 2799 2702 nostras
2832 2645 3084 2701 miserias
3113 2661 3240 2699 suas
3279 2644 3430 2706 facit,
3464 2653 3696 2714 peccata

2063 2756 2252 2803 nostra
2281 2745 2386 2800 sibi
2423 2745 2668 2809 ascribit,
2700 2758 2988 2797 sermones
3019 2749 3237 2796 nostros
3269 2741 3323 2793 in
3363 2755 3517 2794 suam
3563 2755 3694 2810 per-

2061 2853 2255 2892 sonam
2309 2835 2569 2889 transfert
2615 2833 2669 2886 in
2726 2831 2955 2886 Psalmis
2997 2840 3052 2884 et
3103 2829 3408 2900 pr0phetis,
3453 2835 3513 2882 ut
3569 2827 3688 2881 ibi:

2065 2929 2225 2990 Deus,
2260 2928 2396 2979 Deus
2418 2938 2584 2987 meus,
2615 2938 2782 2992 quare
2797 2937 2879 2975 me
2898 2921 3277 2990 derelinquisti
3292 2918 3320 2971 7
3340 2921 3516 2986 Longe
3543 2936 3578 2972 α
3603 2934 3699 2972 sa-

2062 3020 2170 3073 lute
2200 3033 2340 3084 mea,
2371 3017 2534 3070 verba
2565 3015 2878 3069 delictorum
2915 3029 3153 3068 meorum
3193 3014 3354 3081 (Psat.
3397 3016 3534 3078 xxx),
3567 3029 3696 3066 cum

2074 3117 2128 3170 in
2157 3129 2394 3186 persona
2423 3129 2522 3168 sua
2579 3128 2680 3166 nec
2723 3128 2754 3166 a
2794 3112 2903 3166 Deo
2952 3111 3250 3165 derelictus
3288 3117 3425 3176 erat,
3461 3126 3566 3164 nec
3603 3109 3699 3162 illa

2073 3201 2274 3255 delicta
2305 3201 2562 3268 habebat,
2620 3199 2718 3254 sed
2771 3199 2901 3270 quia
2960 3213 3062 3253 nos
3097 3207 3316 3270 reputat
3367 3199 3424 3252 in
3462 3214 3551 3263 se,
3593 3198 3699 3251 hoc

2070 3290 2217 3360 quod
2250 3305 2351 3344 nos
2379 3289 2646 3343 habemus
2675 3286 2810 3341 dicit
2841 3287 2911 3341 de
2939 3301 3018 3340 se.

2065 3403 2217 3468 Quod
2242 3405 2422 3472 potuit
2454 3403 2586 3455 dare
2631 3401 2884 3455 Christus
2904 3414 3007 3468 pro
3057 3403 3273 3468 peccato
3304 3398 3483 3466 majus
3515 3414 3696 3467 quam

2581 3495 2653 3546 sit
2690 3507 2841 3546 omne
2860 3495 3160 3560 peccatum.

2138 3581 2268 3635 Leo.
2305 3579 2591 3643 Quomodo
2647 3578 2913 3633 satisfecit
2953 3593 3052 3647 pro
3113 3575 3380 3631 homine?
3411 3575 3704 3639 Quomodo

2067 3681 2357 3744 peccatum
2379 3674 2622 3728 hominis
2636 3672 3100 3742 recompensavit,
3127 3687 3223 3742 pro
3246 3687 3355 3742 quo
3374 3680 3519 3726 totus
3534 3687 3700 3724 mun-

2069 3767 2170 3820 dus
2198 3781 2307 3820 non
2336 3765 2575 3820 sufﬁcit?
2613 3766 2749 3819 Ono.
2798 3764 2957 3817 Dedit
2999 3763 3259 3833 pretium,
3293 3763 3459 3817 vitam
3508 3779 3693 3827 suam,

2070 3847 2602 3925 sustinuitmortem,
2629 3860 2932 3915 indebitam
2967 3876 3207 3930 poenam.
3242 3859 3365 3914 Leo.
3398 3858 3697 3921 Quomodo

2070 3953 2182 4007 vita
2209 3959 2263 4006 et
2294 3967 2442 4006 mors
2471 3950 2713 4005 hominis
2753 3950 2917 4004 unius
2965 3955 3348 4018 recompensat
3378 3955 3696 4018 peccatum,

2070 4045 2157 4098 cui
2178 4059 2286 4098 non
2317 4041 2521 4097 sufficit
2544 4050 2689 4097 totus
2708 4040 2988 4095 mundus?
3019 4041 3154 4095 Ono.
3173 4041 3289 4094 Non
3311 4047 3490 4109 potest
3518 4057 3690 4112 nega-

2071 4153 2128 4190 re
2150 4136 2280 4207 quia
2303 4152 2412 4190 non
2439 4140 2621 4205 potest
2640 4133 2852 4204 aliquid
2875 4131 3180 4202 comparari
3205 4131 3336 4197 Deo,
3356 4131 3455 4184 sed
3481 4130 3695 4185 incom-

2068 4227 2394 4299 parabiliter
2411 4226 2599 4282 omnia
2612 4232 2837 4296 superat
2854 4225 2998 4279 Deus
3049 4223 3337 4278 Peccatum
3355 4238 3486 4294 ergo
3501 4223 3696 4277 huma-

2062 4341 2190 4378 num
2214 4322 2520 4392 comparari
2542 4322 2653 4376 Deo
2685 4337 2794 4376 non
2813 4327 3020 4390 potest,
3053 4319 3180 4390 quia
3206 4319 3349 4373 Deus
3368 4319 3544 4372 multo
3566 4335 3692 4372 ma-

2058 4413 2143 4484 gis
2174 4420 2257 4466 est
2289 4412 2468 4465 bonus
2498 4427 2661 4480 quam
2696 4415 2981 4480 peccatum
3014 4408 3085 4462 sit
3117 4407 3343 4462 malum.
3388 4406 3519 4460 Cum
3552 4424 3685 4477 ergo

2057 4505 2201 4558 Deus
2229 4502 2389 4556 dedit
2414 4501 2580 4556 vitam
2617 4517 2796 4567 suam,
2826 4500 3062 4570 pretium
3097 4499 3250 4553 dedit
3280 4499 3428 4570 quod
3461 4509 3694 4569 superat

2056 4608 2218 4648 omne
2249 4598 2556 4662 peccatum.
2591 4589 2698 4644 Hoc
2722 4591 2985 4660 pretium,
3003 4589 3049 4642 si
3077 4587 3426 4642 solummodo
3447 4589 3695 4658 sequipa.

2057 4691 2199 4738 raret
2236 4689 2544 4754 peccatum,
2578 4681 2860 4735 sufficeret
2891 4681 2959 4733 ad
3003 4679 3326 4734 delendum.
3363 4678 3517 4732 Nunc
3550 4695 3684 4734 vero

2056 4789 2180 4828 cum
2216 4772 2387 4827 multo
2429 4770 2840 4842 praeponderet,
2862 4769 3040 4842 magis
3087 4767 3371 4822 satisfacit.
3408 4766 3578 4821 Porro
3634 4768 3680 4821 si

2060 4865 2169 4919 vita
2202 4865 2297 4919 Dei
2337 4864 2593 4918 omnibus
2643 4870 2729 4916 est
2767 4861 2985 4927 melior,
3023 4868 3078 4915 et
3111 4875 3257 4915 mors
3294 4867 3377 4914 est
3421 4858 3689 4913 omnibus

2061 4958 2217 5028 pejor
2245 4955 2374 5026 quia
2433 4969 2660 5008 necesse
2692 4962 2864 5008 estut
2919 4953 3077 5020 cujus
3117 4951 3401 5022 generatio
3463 4951 3686 5016 melior,

2050 5049 2170 5117 ejus
2209 5048 2277 5101 sit
2318 5047 2594 5115 corruptio
2643 5045 2818 5116 pejor.
2855 5044 2962 5097 Sed
2992 5044 3105 5097 vita
3145 5041 3356 5096 Christi
3421 5041 3573 5095 bona
3603 5051 3688 5096 est

2048 5153 2216 5208 super
2235 5135 2439 5196 omnia,
2473 5149 2618 5188 mors
2678 5148 2809 5206 ergo
2849 5132 2970 5200 ejus
2999 5131 3141 5185 mala
3201 5138 3284 5184 est
3324 5131 3467 5184 ultra
3513 5146 3687 5185 omne

2047 5233 2354 5298 peccatum.
2385 5223 2614 5287 Quando
2648 5223 2814 5295 igitur
2868 5220 3112 5276 Christus
3154 5235 3350 5290 passus
3402 5227 3487 5272 est
3521 5234 3669 5274 mor-

2047 5329 2178 5385 tem,
2208 5318 2442 5389 portavit
2471 5331 2688 5386 poenam
2723 5331 2892 5386 super
2926 5328 3090 5368 omne
3123 5319 3436 5382 peccatum,
3467 5319 3526 5365 et
3553 5328 3668 5366 ma-

2037 5408 2216 5476 jorem
2248 5423 2411 5478 quam
2455 5411 2729 5459 mereatur
2758 5418 2923 5458 omne
2967 5408 3274 5472 peccatum.
3316 5399 3488 5454 Solvit
3532 5416 3665 5474 ergo

2042 5510 2216 5557 totum
2248 5510 2532 5572 peccatum
2566 5498 2756 5553 mundi
2803 5497 2896 5567 qui
2939 5503 2992 5550 et
3047 5495 3310 5566 majorem
3366 5509 3567 5563 passus
3595 5506 3682 5548 est

2044 5606 2285 5660 poenam,
2319 5589 2371 5642 id
2395 5597 2476 5642 est
2507 5596 2761 5650 mortem,
2790 5593 2844 5640 et
2869 5586 3049 5654 majus
3088 5584 3324 5655 pretium
3359 5581 3535 5644 dedit,
3570 5582 3677 5635 sci-

2039 5683 2168 5737 licet
2197 5683 2361 5738 vitam
2389 5697 2566 5747 suam,
2596 5697 2759 5752 quam
2793 5680 2862 5734 sit
2902 5687 3187 5749 peccatum
3232 5677 3398 5732 totius
3454 5675 3669 5729 mundi.
