3892 6048
214 234 350 290 1109

1363 235 1747 294 DISPUTATIO
1783 237 2042 294 CONTRA
2079 240 2379 296 JUDxEUM.

3404 251 3548 305 1110

211 369 315 422 [ste
341 374 425 422 est
462 382 636 440 agnus
674 367 769 438 qui
816 367 957 422 tollit
987 376 1276 439 peccatum
1309 370 1500 426 mundi
1551 371 1731 442 (Joan.
1763 373 1820 444 1).
1849 379 1902 445 Α
1933 374 2071 442 suis,
2112 375 2267 430 illum
2320 393 2450 433 vero
2509 378 2685 452 gratia
2740 394 2881 434 mea.
2935 379 3202 436 Similiter
3245 380 3382 437 forte
3432 387 3542 453 pati

212 463 334 517 Haec
363 469 450 516 est
476 462 674 530 hostia,
706 479 827 534 quae
857 463 1030 518 semel
1059 465 1242 520 oblata
1266 465 1542 534 justorum
1576 468 1824 523 omnium

211 563 434 627 peccata
465 557 632 625 delet,
665 557 816 613 etab
863 558 1022 614 initio
1073 560 1373 630 praeterita,
1419 569 1474 615 et
1512 562 1826 633 praasentia,

213 654 269 702 et
297 661 470 716 usque
501 645 570 700 ad
603 644 767 701 ﬁnem
809 645 989 702 futura
1056 648 1180 704 Haec
1203 649 1377 704 hostia
1413 667 1472 704 se
1513 650 1827 706 misericor-

214 739 354 792 diter
373 737 534 792 nobis
554 737 740 804 tradit,
774 743 834 792 ut
859 754 982 809 quae
1013 754 1072 792 se
1103 754 1327 809 semper
1351 738 1510 794 offert
1542 739 1686 796 Patri
1730 757 1829 812 pro

217 825 379 881 nobis
401 825 456 878 in
478 824 640 892 coelo,
667 841 786 880 eam
813 825 1022 898 jugiter
1040 826 1181 880 Patri
1213 826 1588 883 sacrificemus
1605 829 1662 883 in
1689 839 1833 886 terra

217 930 325 971 non
377 921 606 970 mortem
648 914 844 970 iterum
899 914 1212 981 inferendo,
1263 916 1360 970 sed
1421 925 1652 973 mortem
1711 920 1833 990 ejus

213 1003 569 1059 devotissime
625 1004 983 1060 memorando
1019 1003 1074 1058 in
1129 1005 1516 1061 remissionem
1575 1015 1831 1079 peccato-

214 1111 354 1162 rum,
412 1105 519 1150 tam
551 1093 802 1149 vivorum
844 1111 1016 1166 quam
1065 1104 1428 1150 mortuorum.
1483 1097 1672 1152 Restat
1700 1114 1832 1171 ergo

216 1193 273 1242 ut
300 1185 794 1255 justiticationibus
823 1186 1186 1253 multimodis,
1231 1196 1458 1258 accepta
1507 1190 1831 1246 remissione

219 1288 600 1351 peccatorum,
632 1285 781 1334 recta
809 1279 896 1334 via
929 1295 1226 1352 pergamus
1254 1280 1322 1334 ad
1355 1281 1579 1349 coelum,
1612 1293 1831 1353 peracta

204 1383 316 1451 jam
353 1379 730 1436 satisfactione
763 1379 970 1450 peccati
1005 1396 1107 1450 per
1139 1379 1434 1447 Christum,
1487 1388 1548 1436 ut
1579 1381 1667 1436 his
1697 1381 1832 1437 solis

216 1473 394 1528 valeat
423 1470 723 1526 satisfactio
753 1469 958 1542 quibus
1005 1477 1090 1524 est
1117 1485 1381 1526 concessa
1439 1471 1708 1540 remissio,
1737 1487 1832 1528 co-

216 1560 580 1632 operantibus
605 1559 720 1614 suis
747 1559 834 1614 vel
878 1558 1244 1629 proximorum
1287 1558 1515 1614 meritis.
1557 1559 1655 1624 Qui
1685 1559 1830 1615 enim

219 1649 603 1705 remissionem
628 1649 883 1719 accipere
913 1663 1022 1702 non
1056 1654 1258 1718 potest,
1298 1649 1348 1702 ei
1373 1648 1833 1705 satisfactioChri-

217 1741 288 1797 sti
341 1740 477 1794 nihil
508 1738 750 1810 prodest.
809 1737 940 1792 ldeo
975 1738 1118 1792 beati
1162 1753 1388 1808 quorum
1425 1743 1662 1795 remissa:
1707 1745 1832 1796 sunt

215 1834 535 1903 iniquitates
566 1831 737 1900 (Psal.
774 1829 942 1900 xxxx).
985 1828 1117 1883 Nam
1149 1829 1235 1883 cui
1281 1836 1564 1898 peccatum
1599 1829 1828 1884 dimitti-

215 1931 320 1989 tur,
350 1941 461 1979 non
494 1929 580 1978 est
617 1938 716 1978 cur
742 1939 774 1977 a
814 1937 985 1994 regno
1029 1919 1334 1987 differatur,
1389 1920 1615 1992 impleta
1669 1923 1831 1977 satis-

213 2016 450 2073 factione
482 2031 582 2086 per
611 2013 902 2069 Christum.
946 2013 1087 2086 Ergo
1119 2011 1364 2067 Christus
1404 2020 1590 2068 noster
1625 2014 1830 2070 mundo

216 2107 381 2162 nimis
419 2104 767 2160 necessarius
793 2111 896 2172 est,
956 2104 1075 2159 sine
1123 2119 1233 2175 quo
1289 2119 1399 2158 non
1441 2110 1624 2176 potest
1669 2105 1830 2160 homo

214 2201 408 2258 venire
437 2201 506 2256 ad
531 2200 784 2274 gloriam,
815 2215 912 2270 pro
943 2215 1052 2271 qua
1093 2197 1268 2254 factus
1305 2209 1409 2254 est.
1463 2199 1574 2255 Nec
1625 2198 1831 2256 sufﬁcit

218 2297 273 2350 in
303 2295 426 2369 lege
452 2293 663 2366 peccati
709 2291 984 2358 remissio,
1033 2291 1138 2347 nisi
1169 2291 1473 2348 satisfactio
1503 2291 1697 2347 Christi
1728 2308 1826 2347 se-

216 2392 417 2455 quatur
441 2381 497 2436 in
539 2380 858 2452 Evangelio.
893 2382 1024 2436 Ideo
1059 2381 1312 2452 quamvis
1342 2387 1564 2451 peccata
1596 2379 1829 2435 dimissa

215 2473 328 2528 sint
354 2470 598 2543 antiquis
619 2470 866 2542 patribus
895 2479 952 2526 et
989 2470 1295 2542 prophetis,
1331 2476 1514 2524 tamen
1571 2470 1624 2524 in
1653 2469 1826 2543 gloria

217 2579 328 2618 non
383 2561 629 2630 fuerunt,
661 2562 844 2618 donec
891 2561 1219 2632 impleretur
1245 2559 1546 2616 satisfactio
1588 2560 1822 2632 peccati,

218 2667 318 2722 per
349 2649 661 2721 passionem
714 2648 933 2704 Christi.
965 2649 1092 2704 Leo.
1125 2648 1226 2704 Ubi
1268 2647 1522 2704 fuerunt?
1569 2648 1706 2704 Ono.
1762 2649 1821 2702 In

215 2748 358 2814 loco,
381 2746 546 2818 justis
578 2745 804 2817 quidem
835 2760 984 2800 nunc
1005 2743 1269 2815 temporis
1289 2758 1557 2819 congruo,
1588 2759 1700 2799 non
1731 2751 1820 2798 ta-

215 2853 341 2892 men
358 2835 605 2911 glorioso
655 2835 787 2891 Leo.
821 2833 1245 2890 Rationabiliter
1291 2833 1541 2904 loquenti
1596 2849 1704 2888 non
1735 2833 1834 2888 ha-

217 2930 322 2986 beo
353 2929 502 3000 quod
535 2927 938 2984 rationabiliter
967 2926 1242 2997 objiciam.
1271 2925 1386 2982 Non
1417 2926 1584 2982 credo
1623 2935 1826 2993 tamen,

219 3035 310 3085 ne,
340 3018 960 3119 subtilitateoverborum
1010 3025 1064 3119 et
1092 3017 1330 3119 versutia
1361 3018 1647 3089 deceptus,
1678 3035 1710 3072 a
1737 3017 1830 3073 ﬁr-
1858 3050 1908 3119 ε

215 3110 460 3165 missima
479 3109 780 3165 stabilitate
809 3116 1012 3165 sanctae
1040 3109 1178 3184 legis
1207 3123 1556 3164 evanescam.

465 3225 656 3279 Utrum
683 3225 866 3288 gratia
893 3225 988 3289 sit,
1028 3223 1125 3276 ubi
1166 3227 1243 3276 est
1270 3225 1578 3277 necessitas.

287 3327 413 3383 Leo.
435 3327 544 3382 Sed
594 3342 717 3398 qua:
747 3325 922 3398 gratia
949 3326 1060 3380 Deo
1083 3332 1168 3380 est
1215 3325 1471 3380 habenda
1501 3340 1600 3396 pro
1645 3334 1824 3381 vestra

213 3417 414 3484 salute,
440 3417 484 3472 si
517 3418 586 3472 ad
618 3417 724 3474 hoc
749 3424 834 3473 est
849 3417 1110 3472 inductus
1139 3416 1506 3472 necessitate?
1533 3415 1686 3472 Certe
1717 3417 1823 3472 hu-

213 3526 374 3564 mana
405 3510 584 3566 salute
607 3509 836 3582 indiget,
879 3509 937 3564 in
955 3525 1065 3581 qua
1083 3509 1256 3564 virtus
1283 3509 1367 3564 sui
1392 3509 1662 3580 prepositi
1682 3525 1822 3580 pen-

209 3598 324 3653 det.
355 3600 487 3652 Nam
519 3599 566 3653 si
599 3613 710 3654 non
737 3599 908 3652 salvat
960 3597 1264 3666 hominem,
1292 3597 1376 3652 sui
1421 3597 1689 3668 propositi
1717 3597 1824 3652 im-

212 3691 514 3762 potentiam
558 3691 806 3746 ostendit
833 3698 889 3745 et
919 3688 1231 3744 falsitatem.
1263 3689 1341 3744 Ne
1365 3705 1496 3765 ergo
1527 3689 1622 3744 fiat
1653 3691 1708 3744 in
1759 3707 1826 3746 eo

217 3790 322 3838 tam
347 3799 605 3855 magnum
654 3781 1078 3847 inconveniens,
1107 3797 1333 3838 necesse
1383 3788 1465 3836 est
1493 3789 1554 3836 ut
1579 3789 1830 3852 procuret

217 3875 511 3929 humanam
550 3873 806 3929 salutem.
849 3873 981 3928 Οοο.
1034 3873 1414 3927 Necessarium
1459 3872 1685 3944 quidem
1748 3880 1832 3928 est

217 3963 452 4018 reddere
480 3964 629 4034 quod
659 3979 767 4018 non
800 3961 901 4018 fuit
933 3961 1302 4017 necessarium
1329 3962 1668 4032 promittere.
1700 3961 1830 4016 Nam

216 4052 312 4124 qui
343 4059 540 4123 sponte
568 4051 858 4122 promittit,
878 4051 1088 4124 obligat
1112 4067 1172 4106 se
1205 4054 1534 4107 necessitate
1563 4051 1833 4106 reddendi

214 4154 274 4199 ut
304 4143 556 4215 quamvis
582 4143 930 4198 necessitatis
957 4144 1028 4198 sit
1063 4159 1304 4216 sequens
1347 4143 1588 4199 redditio
1635 4143 1836 4199 volun-

219 4233 342 4287 tatis
367 4240 549 4288 tamen
591 4239 677 4287 est
705 4241 761 4287 et
786 4232 971 4303 gratiae
1000 4233 1321 4302 praecedens
1362 4233 1675 4304 promissio.
1708 4232 1834 4288 Haec

217 4332 400 4378 autem
435 4324 739 4379 necessitas
770 4339 894 4394 quae
925 4324 1176 4394 procedit
1206 4341 1235 4378 a
1274 4325 1469 4398 gratia,
1525 4327 1834 4398 separanda

1860 1700 1909 1768 B

1931 463 2134 526 debeo,
2177 471 2274 520 aut
2309 465 2354 520 si
2409 466 2662 536 peccavi,
2709 467 2905 523 merito
2937 476 3030 522 aut
3071 470 3188 524 sola
3219 471 3394 544 gratia
3446 488 3546 542 pro

1931 552 2058 608 alio.
2093 553 2332 610 Proinde
2360 555 2685 612 satisfacere
2713 573 2812 629 pro
2846 564 3074 628 peccato
3111 559 3255 614 Deus
3306 576 3416 615 non
3448 561 3545 616 de-

1930 642 2051 698 buit
2081 644 2298 711 merito,
2331 645 2459 716 quia
2492 661 2596 701 nec
2627 646 2748 716 ipse
2779 647 2978 703 meruit
3002 664 3102 718 per
3121 663 3274 702 suam
3302 649 3545 720 culpam,

1931 755 2036 794 nec
2079 740 2244 797 homo
2270 743 2472 796 meruit
2518 757 2619 812 per
2673 757 2828 796 suam
2877 743 3184 813 justitiam;
3227 745 3546 800 satisfacere

1932 835 2117 885 tamen
2147 831 2342 886 debuit
2371 847 2470 902 per
2497 831 2667 887 solam
2709 833 2961 906 gratiam.
3011 833 3198 905 Itaque
3227 833 3546 892 satisfacere

1932 937 2042 977 non
2070 923 2266 978 debuit
2289 923 2434 979 Deus
2463 923 2654 980 debito
2676 925 2878 987 meriti,
2911 932 2965 980 et
2993 925 3314 981 satisfacere
3355 926 3548 982 debuit

1933 1010 2123 1066 debito
2166 1013 2376 1086 gratiae.
2408 1013 2676 1084 Superius
2707 1029 2840 1087 ergo
2883 1031 3006 1070 cum
3060 1014 3266 1069 dictum
3301 1023 3386 1069 est
3415 1015 3543 1086 quia

1934 1099 2086 1154 solus
2117 1100 2262 1156 Deus
2314 1101 2630 1158 satisfacere
2682 1110 2921 1174 poterat,
2956 1104 3055 1158 sed
3114 1119 3226 1159 non
3285 1103 3542 1171 debebat,

1933 1191 2097 1246 homo
2136 1207 2267 1248 vero
2300 1208 2412 1248 non
2443 1201 2684 1265 poterat,
2715 1196 2812 1250 sed
2845 1210 2956 1250 non
2979 1194 3220 1250 debebat
3249 1196 3545 1268 utrobique

1931 1293 2015 1338 est
2044 1284 2467 1358 intelligendum
2487 1287 2671 1342 meriti
2705 1287 2979 1355 debitum,
3013 1287 3140 1360 quia
3168 1296 3224 1343 et
3261 1289 3405 1344 Deus
3435 1305 3544 1344 non

1933 1377 2174 1434 debebat
2203 1395 2268 1433 ex
2300 1379 2517 1446 merito,
2553 1387 2608 1436 et
2645 1396 2708 1437 ex
2742 1380 2939 1435 merito
2971 1381 3231 1447 debebat,
3265 1382 3453 1436 homo.
3485 1383 3546 1436 Et

1931 1484 2128 1522 verum
2151 1478 2234 1524 est
2266 1470 2372 1526 hoc
2402 1470 2592 1535 modo,
2631 1471 2761 1542 quia
2798 1486 2896 1542 pro
2929 1478 3154 1542 peccato
3192 1471 3431 1526 hominis
3457 1487 3546 1525 sa-

1934 1556 2188 1612 tisfacere
2243 1573 2353 1614 non
2382 1557 2551 1614 debet
2589 1559 2734 1614 Deus
2765 1559 2869 1614 nisi
2901 1559 2974 1614 sit
3014 1561 3196 1615 homo.
3233 1561 3370 1623 Quia
3416 1576 3545 1614 vero

1935 1649 2110 1706 factus
2159 1657 2242 1705 est
2272 1651 2416 1705 Deus
2449 1651 2636 1716 homo,
2665 1653 2917 1723 quamvis
2950 1650 3218 1706 ineffabili
3253 1652 3441 1724 gratia:
3476 1652 3547 1706 sit

1933 1739 2346 1804 ascribendum,
2389 1746 2572 1796 tamen
2612 1740 2667 1794 in
2729 1739 3104 1796 satisfactione
3144 1742 3276 1796 satis
3333 1741 3545 1796 redolet

1931 1828 2101 1884 debiti
2134 1828 2386 1884 meritum
2420 1830 2676 1901 ut,,quia
2720 1839 2836 1885 erat
2881 1829 3054 1886 factus
3093 1831 3258 1887 homo
3295 1837 3350 1885 et
3381 1830 3546 1884 frater

1932 1918 2241 1985 hominum,
2275 1919 2472 1975 merito
2504 1929 2752 1974 naturam
2809 1937 2963 1975 suam
2997 1921 3050 1974 in
3082 1921 3404 1976 hominibus
3434 1935 3543 1975 non

1933 2013 2334 2075 contemneret,
2361 2007 2458 2062 sed
2501 2006 2674 2063 frater
2711 2007 2972 2063 fratribus
3003 2009 3322 2065 subveniret
3350 2009 3544 2064 merito

1932 2106 1988 2153 et
2022 2113 2122 2169 pro
2153 2097 2412 2154 fratribus
2441 2099 2638 2162 merito
2659 2097 3026 2154 satisfaceret.

2035 2224 2306 2291 Quomodo
2331 2225 2396 2280 de
2419 2227 2632 2294 uirgine
2655 2227 2794 2280 Deus
2833 2227 3015 2292 factus
3036 2230 3112 2280 est
3151 2225 3304 2279 homo
3323 2227 3438 2279 sine

2297 2319 2508 2388 injuria
2532 2319 2894 2374 immunditiis
2909 2320 3178 2386 femineas.

2001 2427 2127 2482 Lno.
2151 2429 2209 2482 ln
2241 2427 2480 2499 quodam
2514 2442 2614 2484 vos
2638 2427 2798 2484 valde
2829 2428 3077 2483 ridemus
3107 2435 3163 2482 et
3205 2429 3429 2483 insanos
3451 2430 3542 2499 ju-

1928 2515 2197 2572 dicamus.
2223 2517 2414 2573 Dicitis
2446 2518 2594 2572 enim
2628 2519 2820 2585 Deum,
2855 2519 2910 2572 in
2940 2519 3204 2573 maternis
3232 2518 3540 2574 visceribus

1924 2608 2138 2664 obceno
2167 2625 2389 2678 carcere
2419 2609 2579 2665 fetidi
2623 2611 2831 2668 ventris
2854 2611 3121 2678 clausum,
3155 2627 3349 2667 novem
3382 2629 3542 2666 men-

1922 2699 2076 2755 sibus
2107 2701 2238 2771 pati,
2288 2707 2343 2756 et
2371 2703 2594 2758 tandem
2626 2703 2888 2774 pudendo
2945 2703 3092 2758 exitu
3133 2703 3250 2776 (qui
3282 2704 3540 2758 intuitum

1935 2787 2392 2846 sineconfusione
2430 2807 2540 2847 non
2599 2793 2871 2863 admittit,,
2928 2793 3143 2848 decimo
3195 2809 3386 2848 mense
3415 2809 3543 2865 pro-

1934 2879 2114 2952 gredi,
2137 2879 2442 2935 inferentes
2468 2882 2580 2936 Deo
2613 2888 2820 2936 tantum
2865 2882 3128 2948 dedecus,
3167 2890 3431 2954 quantum
3474 2883 3545 2936 de

1935 2964 2120 3034 nobis,
2147 2969 2402 3039 quamvis
2431 2983 2578 3036 vere,
2615 2969 2734 3024 sine
2765 2985 2964 3044 magna
3002 2979 3183 3025 tamen
3210 2969 3546 3024 verecundia

2129 3058 2324 3113 cimus.
2355 3058 2485 3114 Ono.
2522 3059 2664 3114 Deus
2695 3060 2882 3114 omnia
2917 3059 3128 3131 implet,
3184 3067 3240 3115 et
3269 3069 3352 3114 est
3409 3059 3542 3114 ubi-

1927 3170 2038 3224 que
2069 3161 2231 3210 totus.
2296 3154 2426 3210 Cum
2460 3155 2629 3231 igitur
2667 3171 2776 3210 non
2809 3154 3057 3226 impleat,
3094 3161 3152 3210 et
3179 3154 3234 3210 in
3277 3154 3440 3210 nobis
3475 3155 3547 3209 sit

1929 3257 2076 3303 totus
2097 3249 2190 3320 qui
2216 3265 2406 3304 sumus
2437 3257 2775 3319 peccatores,
2800 3249 3155 3305 immunditia
3201 3257 3384 3304 tamen
3414 3265 3542 3320 pee-

1923 3345 2166 3393 catorum
2209 3346 2521 3394 nostrorum
2551 3354 2662 3394 non
2685 3339 3050 3414 contingitur,
3081 3339 3181 3393 sed
3209 3339 3542 3394 incontami-

1923 3436 2084 3484 natus
2109 3437 2299 3485 manet
2339 3437 2396 3485 et
2420 3431 2680 3486 mundus.
2739 3431 2934 3487 Omnia
2978 3431 3148 3496 videt,
3182 3437 3238 3485 et
3287 3430 3424 3484 nihil
3460 3430 3538 3484 illi

1927 3529 2108 3576 nocet.
2143 3521 2303 3576 Videt
2339 3520 2599 3576 tenebras
2641 3538 2670 3576 a
2713 3521 2960 3576 tenebris
2991 3537 3182 3591 purus,
3202 3520 3330 3592 quia
3359 3521 3457 3574 tua:
3484 3523 3542 3574 in

1926 3615 2158 3668 tenebris
2183 3613 2319 3666 lucet
2341 3611 2521 3680 (Joan.
2569 3611 2628 3680 ι).
2665 3619 2720 3666 et
2745 3627 2856 3665 ηοω
2883 3613 3024 3666 sicut
3051 3611 3166 3666 dies
3195 3612 3541 3665 iliuminabi-

1927 3709 2017 3759 tur
2045 3704 2214 3772 (Psal.
2247 3703 2516 3770 cxxxvm).
2555 3700 2714 3757 Videt
2767 3708 2988 3772 peccata
3018 3701 3436 3767 mundissimus,
3491 3710 3544 3755 et

1929 3795 2226 3864 injustitias
2279 3802 2494 3852 nostras
2544 3795 2886 3865 justissimus
2934 3794 3065 3866 quia
3117 3795 3266 3862 juste
3327 3794 3546 3850 ordinat

1931 3907 2096 3946 omne
2129 3891 2332 3946 malum
2372 3891 2521 3964 quod
2562 3891 2729 3946 videt.
2775 3891 2906 3946 Nam
2936 3896 3284 3962 peccatorum
3334 3888 3543 3944 illumi-

1934 3983 2157 4039 natione
2195 3999 2303 4038 non
2353 3983 2652 4040 suffocatur
2678 3983 2865 4039 lumen
2890 3983 3136 4053 justitiae,
3177 3983 3318 4039 sicut
3359 3983 3546 4039 lumen

1933 4076 2098 4145 hujus
2136 4077 2330 4132 mundi
2359 4091 2691 4148 corporeum
2719 4092 2922 4148 corpus
2952 4076 3187 4131 illustrat
3234 4075 3543 4142 sordidum,

1935 4184 2040 4224 nec
2069 4169 2402 4225 sordidatur.
2436 4169 2577 4234 Quid
2609 4186 2741 4244 ergo
2771 4169 3069 4226 offenderis
3109 4170 3154 4224 si
3188 4169 3330 4224 Deus
3357 4171 3544 4226 conci-

1934 4263 2083 4335 pitur
2106 4263 2161 4318 in
2189 4263 2426 4339 virgine,
2450 4267 2542 4336 qui
2570 4282 2725 4322 suam
2749 4265 3076 4320 munditiam
3099 4272 3279 4321 servat
3294 4265 3500 4338 ubique
3516 4265 3546 4318 ?

1932 4350 2178 4421 Amplius
2205 4351 2316 4407 duo
2345 4359 2475 4407 sunt
2503 4353 2706 4423 quibus
2736 4353 2924 4407 omnia
2967 4353 3305 4423 judicamus,
3345 4369 3545 4408 sensus

217 4432 326 4472 ηοη
351 4417 543 4509 ,θεῖ-³1)
569 4416 690 4509 ips?
717 4415 913 4490 εταιίδν
940 4423 1000 4470 ιη
1030 4419 1156 4483 iure
1183 4417 1397 4509 dicam"
1424 4417 1599 4509 επξιιίδ
1626 4417 1824 4474 ramum
1849 4416 1904 4483 D
1930 4447 1986 4496 et
2015 4415 2175 4507 ratio,
2217 4441 2314 4496 sed
2347 4441 2507 4496 aliter
2523 4415 2676 4496 ratio
2701 4441 2933 4509 judicat,
2967 4415 3130 4496 aliter
3152 4457 3368 4496 sensus.
3401 4443 3540 4496 Sen-

217 4506 366 4575 quod
397 4506 632 4576 primum
667 4504 846 4560 fuerat
875 4521 1076 4579 magna
1118 4506 1292 4574 gratia
1330 4507 1687 4577 promissum.

218 4621 329 4676 Cur
362 4620 792 4687 satisfactionem
817 4619 1026 4688 peccati
1051 4633 1159 4672 non
1211 4619 1361 4672 debet
1390 4620 1526 4674 Deus
1551 4623 1647 4689 qui
1686 4636 1836 4677 omne

823 4707 1016 4761 bonum
1058 4707 1222 4761 dedit.

290 4795 416 4849 Leo.
458 4793 536 4848 Ad
577 4793 682 4848 hoc
737 4808 824 4848 me
865 4793 1049 4848 turbat
1096 4793 1246 4865 quod
1303 4793 1561 4864 superius
1617 4794 1829 4861 dixisti,

216 4890 382 4945 Deum
416 4905 526 4945 non
547 4889 754 4943 debere
785 4887 1102 4944 satisfacere
1135 4903 1236 4958 pro
1267 4894 1516 4958 peccato,
1538 4889 1642 4944 nisi
1675 4888 1833 4946 fieret

221 4981 410 5036 homo.
466 4979 720 5050 Magnum
776 4978 929 5034 enim
973 4979 1180 5034 bonum
1221 4986 1304 5033 est
1357 4979 1569 5050 peccati
1616 4980 1832 5036 satisfa-

215 5072 344 5127 ctio.
389 5071 495 5126 Sed
527 5085 693 5126 omne
725 5071 929 5126 bonum
961 5070 1031 5124 ab
1061 5085 1129 5126 eo
1159 5079 1247 5125 est
1271 5071 1365 5144 qui
1397 5087 1610 5127 summe
1652 5072 1832 5128 bonus

217 5169 300 5218 est
384 5162 670 5226 Quomodo
715 5178 848 5236 ergo
879 5161 1085 5218 dictum
1143 5170 1228 5216 est
1268 5163 1433 5218 Deum
1476 5179 1586 5218 non
1629 5163 1832 5219 debere

220 5253 401 5309 facere
429 5254 577 5326 quod
625 5271 784 5310 suum
831 5254 954 5309 est?
1008 5254 1139 5318 Quis
1184 5255 1361 5328 magis
1407 5255 1578 5310 debet
1623 5256 1828 5311 bonum

218 5359 381 5414 quam
404 5343 498 5397 ille
525 5361 556 5397 a
587 5359 697 5415 quo
719 5350 804 5398 est
830 5359 995 5398 omne
1028 5343 1233 5397 bonum
1257 5341 1286 5394 ?
1325 5343 1498 5398 Debet
1526 5359 1658 5417 ergo
1687 5344 1830 5400 Deus

218 5436 613 5492 satisfactionis
630 5437 868 5502 bonum,
898 5437 992 5508 qui
1026 5436 1191 5491 debet
1229 5452 1396 5492 omne
1428 5436 1652 5490 bonum.
1691 5436 1828 5492 ODO.

221 5530 364 5584 Deus
393 5528 580 5595 debet,
605 5535 661 5583 et
690 5542 799 5584 non
832 5528 1018 5594 debet,
1045 5527 1175 5599 quia
1215 5527 1436 5583 duobus
1464 5527 1644 5583 modis
1669 5527 1832 5584 debi-

222 5627 334 5673 tum
395 5616 625 5672 dicitur:
681 5617 925 5672 debitum
973 5617 1183 5688 gratiae,
1235 5623 1290 5671 et
1333 5616 1579 5671 debitum
1629 5617 1829 5672 meriti.

222 5714 468 5771 Forsitan
499 5711 647 5768 enim
679 5711 936 5779 adjuvare
969 5711 1150 5767 debeo
1178 5712 1326 5767 hunc
1369 5710 1590 5784 quidem
1621 5711 1836 5768 meritis

1935 4544 2028 4584 sus
2058 4545 2161 4584 usu
2203 4535 2259 4584 et
2287 4529 2518 4584 libidine
2547 4529 2780 4598 judicat,
2821 4536 2877 4584 et
2921 4529 3224 4601 cupiditate
3250 4537 3305 4584 et
3346 4531 3542 4586 horum

1937 4621 2247 4677 contrariis.
2283 4621 2485 4677 Usitata
2503 4621 2852 4692 praeferimus
2879 4622 3176 4690 inusitatis,
3198 4623 3353 4677 utilia
3388 4623 3544 4678 dam-

1931 4713 2102 4777 nosis,
2145 4712 2199 4765 id
2229 4712 2376 4782 quod
2399 4727 2570 4766 suave
2597 4711 2732 4766 libet
2757 4711 2808 4766 ei
2852 4712 3001 4784 quod
3034 4713 3263 4769 insuave
3292 4712 3540 4770 offendit.

1935 4800 2089 4856 Ratio
2140 4815 2268 4855 vero
2317 4800 2580 4856 subtilius
2640 4800 2717 4854 rei
2778 4807 3026 4856 naturam
3068 4802 3316 4873 inquirit.
3388 4804 3542 4859 Ratio

1933 4905 2173 4961 namque
2203 4889 2441 4944 animata
2489 4889 2711 4960 praefert
2742 4890 3089 4958 inanimatis,
3147 4893 3432 4948 sensibilia
3464 4893 3542 4946 in-

1932 4977 2312 5042 sensibilibus,
2343 4978 2588 5034 coelestia
2617 4978 2874 5033 terrenis.
2908 4978 3077 5034 Citius
3103 4981 3250 5035 enim
3284 4981 3438 5055 eligit
3462 4997 3545 5034 ru-

1932 5067 2108 5122 sticus
2145 5067 2326 5138 perire
2367 5073 2678 5138 serpentem
2730 5067 2798 5122 de
2857 5067 3123 5124 foramine
3165 5077 3334 5140 petrae
3381 5083 3541 5140 quam

1934 5166 2140 5233 petram
2173 5160 2242 5215 de
2267 5175 2368 5215 suo
2394 5159 2625 5230 pariete,
2658 5159 2954 5215 consulens
2983 5160 3289 5232 cupiditati,
3321 5169 3375 5214 et
3396 5160 3546 5218 visus

1930 5249 2204 5314 suavitati,
2227 5249 2359 5322 quia
2389 5248 2654 5305 horribile
2674 5255 2759 5304 est
2775 5249 2966 5305 videre
2993 5257 3335 5320 serpentem,
3362 5261 3417 5306 et
3435 5267 3542 5308 non

1933 5350 2016 5397 est
2043 5342 2308 5397 horribile
2330 5341 2593 5412 lapidem.
2639 5342 2798 5396 Ratio
2819 5358 2950 5398 vero
2981 5350 3297 5412 serpentem
3326 5343 3548 5414 praefert

1933 5433 2237 5505 quamlibet
2276 5433 2516 5505 pretioso
2555 5433 2754 5506 lapidi.
2783 5435 2990 5490 Sensus
3023 5432 3248 5506 praefert
3277 5435 3544 5505 optimam

1933 5524 2158 5580 domum
2188 5524 2468 5600 frugiferae
2503 5525 2708 5591 arbori,
2741 5533 2804 5580 ut
2841 5525 2996 5581 malit
3041 5525 3288 5580 arborem
3338 5527 3546 5582 succidi

1935 5631 2098 5686 quam
2131 5615 2356 5697 domum
2386 5615 2658 5670 comburi.
2685 5614 2842 5670 Ratio
2864 5631 2994 5671 vero
3027 5614 3344 5671 inanimatae
3359 5616 3546 5671 domui

1937 5708 2188 5765 arborem
2213 5705 2511 5762 animatam
2539 5707 2799 5777 pmfcrt;
2826 5708 3015 5764 mallet
3073 5705 3308 5762 rusticus
3353 5706 3554 5762 multas
