3932 6040
388 158 514 213 1111

1624 152 1682 207 Β.
1725 148 1962 205 ODONlS
2001 146 2218 202 CAMER
2259 147 2460 202 EPISC.
2510 157 2512 159 ’

3577 148 3712 202 1112

383 298 528 352 feras
556 295 732 366 perire
761 293 817 346 in
847 293 982 346 silva
1012 307 1173 362 quam
1216 307 1384 345 unum
1415 291 1485 345 de
1509 289 1788 360 marsupio
1816 289 1988 343 dena—
2018 292 2066 357 Α
2096 303 2234 352 rem,
2257 285 2581 356 spurcitiam
2615 284 2815 359 refugit
2853 290 3047 339 tactus.
3095 283 3234 339 Ecce
3259 283 3533 352 judicium
3585 298 3714 336 sen-

383 385 544 448 rium,
600 390 938 437 cumtamen
979 379 1116 434 ratio
1172 395 1280 434 non
1333 379 1546 447 jurlicet
1596 378 1766 432 ullum
1817 378 1984 432 dena-

381 475 523 530 rium
575 473 797 528 animali
853 472 1282 542 comparandum
1380 471 1671 541 Malletque
1755 469 1992 524 rusticus

383 564 568 634 plures
624 563 812 618 stellas
865 562 1043 633 perire
1109 561 1177 615 de
1229 561 1368 616 caelo
1439 577 1602 631 quam
1682 575 1847 613 unam
1900 575 1990 613 ar-

383 653 667 709 busculam
726 653 794 707 de
871 666 1022 722 agro,
1101 667 1224 705 cum
1287 657 1472 704 tamen
1546 648 1791 704 coelestia
1876 653 1988 701 ter-

384 747 532 802 renis
580 746 725 814 juste
783 749 1066 814 praeponat
1124 742 1280 797 ratio.
1342 741 1430 796 Sic
1481 757 1678 796 sensus
1733 741 1991 811 pudenda

386 844 569 890 nostra
624 841 678 888 et
733 833 940 887 viscera
1005 831 1296 902 vilipendit
1337 837 1391 885 et
1449 838 1716 895 stercora,
1776 837 1830 884 et
1893 830 1993 882 im-

386 922 844 992 mundajudicat.
879 921 1036 976 Ratio
1082 926 1262 975 autem
1320 919 1457 973 nihil
1482 919 1695 987 judicat
1754 919 1992 974 immun-

386 1020 515 1072 dum
543 1024 738 1088 praeter
769 1024 1076 1086 peccatum,
1109 1015 1239 1086 quia
1268 1015 1453 1069 omnia
1487 1014 1693 1068 creavit
1725 1015 1869 1068 Deus
1898 1014 1993 1068 bo-

386 1123 455 1161 na
485 1106 637 1177 (Gen.
680 1108 736 1172 1).
783 1104 891 1158 Hoc
935 1103 1116 1173 ipsum
1148 1109 1374 1157 testatur
1395 1101 1744 1175 Evangelium
1779 1100 1993 1155 Domini

384 1203 545 1256 Jesu:
596 1203 715 1256 Non
743 1201 864 1254 totis
912 1199 1160 1253 manibus
1206 1199 1540 1252 manducare
1590 1213 1693 1250 non
1744 1198 1992 1265 coinqui—

384 1296 481 1343 nat
531 1289 812 1343 hominem.
859 1289 1022 1342 Omne
1049 1288 1194 1356 quod
1242 1289 1415 1340 int-rat
1446 1289 1502 1340 in
1549 1301 1605 1340 os
1655 1287 1712 1339 in
1759 1289 1993 1339 ventrem

382 1385 557 1450 vadit,
589 1386 722 1437 etin
765 1399 1020 1439 secessum
1077 1383 1396 1447 dimittitur,
1437 1386 1485 1434 et
1531 1397 1635 1434 non
1675 1383 1994 1450 coinquinat

384 1481 663 1533 hominem.
689 1479 816 1544 Quae
834 1483 1006 1532 autem
1057 1478 1123 1530 de
1146 1477 1307 1531 corde
1343 1482 1561 1540 exeunt,
1598 1477 1773 1542 furta,
1823 1477 1995 1530 homi-

381 1569 543 1631 cidia,
585 1567 877 1633 adulteria,
919 1567 1026 1621 haec
1055 1569 1181 1619 sunt
1209 1580 1328 1634 qua:
1352 1567 1709 1633 coinquinant
1734 1565 1995 1618 hominem

384 1660 598 1730 (Matth.
642 1661 748 1728 xx).
810 1658 897 1712 llis
947 1657 1245 1713 concordat
1289 1656 1579 1726 Apostolus
1619 1664 1822 1721 noster,
1885 1656 1998 1725 pri-

385 1769 532 1807 mum
571 1750 991 1805 vesterJudaeus
1020 1756 1076 1803 et
1103 1749 1158 1802 in
1195 1747 1315 1821 lege
1343 1749 1557 1813 doctus,
1590 1747 1753 1802 modo
1793 1762 1852 1801 se
1884 1747 1997 1802 eri-

381 1861 520 1919 gens
548 1852 738 1900 contra
776 1859 892 1910 vos,
929 1843 1021 1914 qui
1055 1842 1323 1914 quosdam
1358 1842 1510 1897 cibos
1565 1842 1871 1895 secundum
1922 1841 1997 1895 le-

383 1954 505 2011 gem
535 1936 799 2005 judicatis
833 1935 1181 1990 immundos:
1238 1935 1422 1990 Omnis
1452 1941 1703 1989 creatura
1734 1938 1832 1989 Dei
1859 1935 1996 1990 bona

382 2031 480 2092 est,
513 2029 562 2080 et
602 2025 743 2079 nihil
793 2025 1146 2094 reﬁciendum
1192 2025 1334 2094 quod
1371 2040 1490 2078 cum
1546 2028 1850 2092 gratiarum
1906 2040 1998 2079 ac-

385 2119 526 2171 tione
546 2118 858 2186 percipitur
897 2117 944 2181 (l
998 2117 1132 2169 Tim.
1164 2128 1253 2178 IV).
1315 2115 1479 2170 Porro
1519 2131 1642 2170 cum
1696 2115 1782 2171 lex
1825 2115 1996 2170 multa

379 2209 591 2277 judicet
618 2207 924 2262 secundum
966 2222 1190 2261 sensum
1249 2207 1553 2273 immunda,
1585 2223 1715 2262 ecce
1748 2209 1996 2282 Evange-

382 2299 515 2352 lium
574 2296 789 2351 Domini
845 2295 994 2361 Jesu,
1041 2305 1095 2349 et
1132 2295 1250 2363 ejus
1289 2295 1660 2366 apostolorum
1720 2295 1991 2363 doctrina,

377 2389 589 2458 judicio
620 2388 851 2443 rationis
892 2402 1111 2442 omnem
1142 2395 1453 2442 creaturam
1514 2387 1714 2442 bonam
1765 2387 1899 2441 dicit
1938 2397 1992 2443 et

383 2481 663 2535 mundam.
720 2478 874 2534 Ratio
915 2478 1205 2550 praefertur
1241 2480 1448 2547 sensui,
1490 2487 1545 2534 et
1597 2479 1665 2534 de
1733 2480 1991 2534 sensibus

377 2570 610 2638 judicat.
646 2569 857 2623 Sensus
888 2577 1070 2623 autem
1105 2568 1347 2639 aspirare
1379 2568 1571 2641 nequit
1600 2568 1668 2622 ad
1696 2568 1988 2635 rationem,

381 2663 479 2717 sed
509 2661 711 2716 subtile
744 2660 976 2716 rationis
1001 2660 1296 2728 judicium,
1323 2662 1549 2716 stultum
1577 2677 1724 2731 saepe
1746 2668 1899 2730 putat
1937 2666 1990 2714 et

381 2756 655 2809 insanum.
692 2753 798 2807 Nos
820 2759 1026 2819 autem,
1047 2752 1353 2822 postposito
1376 2753 1556 2807 carnis
1573 2768 1760 2818 sensu,
1795 2752 1864 2806 de
1889 2753 1991 2806 hu-

382 2861 543 2900 mano
579 2859 808 2914 corpore
841 2844 981 2898 duce
1012 2843 1224 2897 ratione
1251 2842 1665 2898 consideramus
1691 2842 1838 2912 quod
1863 2841 1991 2894 uni-

2092 397 2186 437 sus
2214 382 2322 436 tale
2353 391 2435 436 est
2465 381 2533 435 de
2565 397 2643 447 re,
2685 379 2774 435 cui
2805 395 2910 434 nec
2939 379 3137 434 caelum
3166 378 3474 449 comparari
3501 385 3709 449 potest.

2092 469 2145 523 Sl
2185 475 2434 524 nostrum
2486 484 2686 538 corpus
2727 474 2938 522 tantum
2986 473 3088 532 est,
3122 467 3214 538 qui
3261 476 3584 536 peccatores
3625 483 3716 520 su-

2091 574 2234 624 mus,
2269 559 2401 629 quid
2428 558 2496 613 de
2538 572 2769 627 corpore
2798 556 3030 629 virginis
3059 557 3327 622 dicemus,
3378 557 3447 611 de
3479 573 3591 628 qua
3626 573 3717 610 na-

2093 655 2180 701 tus
2201 657 2284 702 est
2321 646 2606 702 Dominus.
2635 646 2786 701 Certe
2816 647 2884 700 de
2917 646 3011 700 illa
3041 645 3179 700 dixit
3216 645 3448 718 angelus
3491 653 3718 700 sanctus

2094 737 2346 791 Gabriel:
2391 738 2580 793 Gratia
2619 739 2787 807 plena
2827 738 2977 807 (Luc.
3015 737 3071 807 ι).
3116 737 3174 791 Si
3201 737 3382 807 plena,
3422 736 3567 790 nihil
3598 737 3722 803 ejus

2092 829 2321 884 omnino
2351 837 2468 884 erat
2500 845 2731 884 vacuum
2753 829 2950 904 gratia.
2984 829 3132 883 Nihil
3173 845 3305 903 ergo
3333 830 3456 898 ejus
3485 837 3723 900 peccato

2094 920 2340 987 vacabat,
2377 921 2535 989 cujus
2558 928 2730 976 totum
2768 921 2943 994 gratia
2968 920 3251 992 implebat.
3295 922 3467 996 Igitur
3504 922 3722 994 glorio-

2094 1031 2188 1070 sus
2227 1031 2408 1083 sexus,
2447 1015 2725 1087 gloriosus
2773 1023 2987 1084 venter,
3039 1016 3281 1089 gloriosa
3323 1016 3559 1082 viscera,
3600 1017 3723 1090 glo-

2095 1109 2302 1165 riosum
2333 1116 2525 1177 totum,
2555 1110 2705 1180 quod
2737 1115 2908 1165 totum
2939 1110 3117 1184 gratia
3146 1111 3391 1181 plenum.
3424 1110 3565 1164 Vere
3596 1126 3729 1163 mu-

2094 1199 2194 1253 lier
2221 1198 2312 1252 illa
2332 1214 2554 1253 sensum
2589 1198 2910 1264 excedebat,
2955 1198 3179 1253 cordata
3215 1204 3360 1266 erat,
3393 1213 3516 1268 qua:
3551 1197 3727 1251 dixit:

2093 1292 2288 1345 Beatus
2315 1294 2498 1344 venter
2523 1293 2618 1359 qui
2644 1294 2692 1345 te
2713 1293 2976 1358 portavit,
3043 1295 3090 1343 et
3130 1291 3298 1344 ubera
3354 1305 3472 1358 qua:
3521 1292 3734 1343 suristi

2096 1382 2240 1452 (Luc.
2275 1383 2356 1452 Il).
2395 1382 2492 1436 Ubi
2531 1388 2613 1436 est
2642 1381 2791 1452 quod
2823 1381 3030 1447 dixisti,
3063 1379 3424 1434 immunditia
3455 1378 3727 1441 feminea,

2096 1471 2373 1526 obscenus
2407 1485 2612 1535 carcer,
2672 1475 2867 1523 venter
2897 1468 3146 1523 fetidus?
3178 1468 3470 1534 Confitere,
3521 1469 3721 1524 miser.

2095 1562 2381 1617 stultitiam
2423 1568 2590 1615 tuam.
2638 1561 2896 1631 Nunquid
2929 1569 3058 1614 tunc
3098 1567 3214 1614 erat
3269 1560 3542 1615 sensualis
3589 1575 3719 1616 cum

2097 1656 2450 1723 animalibus,
2484 1655 2603 1710 sine
2627 1655 2839 1710 ratione
2863 1671 2986 1710 cum
3011 1653 3374 1710 hominibus?
3406 1654 3529 1708 Haec
3559 1654 3723 1727 virgo

2098 1748 2237 1804 facta
2277 1757 2360 1803 est
2400 1748 2455 1802 in
2507 1754 2779 1818 conceptu
2817 1762 2939 1813 suo,
2984 1747 3257 1802 thalamus
3314 1746 3725 1816 omnipotentis

2097 1841 2214 1903 Dei,
2240 1841 2538 1897 sacrarium
2591 1840 2830 1911 Spiritus
2881 1839 3076 1896 sancti.
3112 1841 3172 1893 ln
3209 1854 3318 1910 qua
3365 1838 3727 1910 singulariter

2099 1946 2153 1991 et
2181 1936 2289 1991 alio
2320 1936 2486 1991 modo
2515 1934 2784 1990 habitavit
2813 1935 2957 1991 Deus
2987 1951 3151 2006 quam
3192 1933 3355 1988 etiam
3398 1933 3454 1986 in
3481 1933 3725 1987 summis

2097 2028 2402 2083 caelestium
2445 2028 2709 2082 virtutum
2751 2027 3059 2097 spiritibus.
3113 2026 3277 2094 Cujus
3314 2025 3606 2080 beatorum
3636 2025 3723 2078 vi-

2095 2132 2308 2171 scerum
2339 2125 2550 2170 secreta
2578 2125 2731 2171 tanto
2764 2116 3038 2171 sanctiora
3069 2122 3242 2178 erant,
3266 2116 3375 2170 imo
3411 2114 3720 2174 diviniora,

2096 2215 2302 2279 quanto
2334 2207 2659 2262 familiarius
2715 2207 2788 2261 ibi
2830 2207 3177 2278 pullulabant
3204 2207 3387 2261 divina
3431 2205 3718 2275 mysteria.

2098 2301 2262 2355 Beata
2288 2300 2465 2371 virgo,
2496 2301 2565 2353 de
2595 2300 2754 2367 cujus
2783 2300 3089 2355 visceribus
3144 2298 3505 2354 sumebantur
3541 2297 3723 2351 semi-

2091 2389 2239 2442 nalia
2268 2404 2392 2460 quae
2436 2386 2633 2442 fierent
2665 2389 2821 2442 Deus.
2870 2387 3010 2450 Quid
3056 2389 3112 2440 in
3144 2393 3256 2442 tota
3287 2393 3539 2441 creatura
3578 2402 3723 2440 san-

2092 2481 2253 2546 ctius,
2286 2480 2420 2551 quid
2436 2480 2716 2546 mundius,
2734 2479 2868 2550 quid
2887 2479 3101 2550 plurius
3122 2495 3291 2550 quam
3319 2478 3483 2551 Virgo
3499 2477 3567 2532 de
3602 2495 3719 2549 qua

2093 2573 2418 2627 sumebatur
2463 2572 2610 2642 quod
2640 2569 2799 2626 ﬁeret
2836 2571 2981 2625 Deus
3010 2570 3038 2624 ?
3097 2571 3134 2625 0
3166 2575 3376 2634 venter,
3405 2584 3438 2624 ο
3470 2569 3715 2636 viscera,

2091 2661 2148 2715 in
2191 2661 2392 2732 quibus
2418 2669 2472 2717 et
2502 2662 2569 2716 de
2597 2660 2798 2732 quibus
2849 2660 3070 2716 Creator
3107 2659 3418 2722 creabatur,
3449 2660 3593 2714 Deus
3629 2660 3720 2713 in-

2092 2750 2435 2805 carnabatur.
2469 2749 2626 2804 Certe
2657 2757 2853 2804 caetera
2884 2751 3166 2806 hominum
3220 2765 3452 2820 corpora
3506 2755 3719 2819 praetu-

2092 2843 2256 2899 limus
2285 2845 2548 2900 omnibus
2575 2844 2922 2915 corporibus.
2960 2845 3132 2913 Hujus
3159 2851 3341 2898 autem
3371 2843 3716 2898 beatissima:

2022 1611 2072 1677 B

380 2942 488 2989 tate
513 2950 766 3004 personae
786 2935 1221 3004 mentijunctum
1239 2941 1294 2987 et
1319 2949 1441 2988 cum
1481 2949 1546 2987 ea
1576 2939 1837 2987 aeternam
1860 2934 1987 2988 uni-
2011 2962 2061 3032 Ο
2088 2936 2318 3007 virginis
2356 2951 2558 3006 corpus
2597 2937 2763 2991 etiam
2807 2936 3074 3008 angelicis
3131 2935 3366 3007 prazt'ero
3424 2935 3718 3006 spiritibus

380 3033 545 3080 tatem
576 3025 916 3092 habiturum,
959 3024 1185 3079 honoris
1224 3041 1444 3095 semper
1471 3025 1750 3096 particeps
1781 3025 1869 3080 vel
1897 3027 1988 3081 de-

377 3117 595 3173 decoris
647 3117 798 3172 omni
841 3117 1060 3187 corpori
1101 3117 1477 3187 praeponimus
1531 3117 1793 3172 mundius
1833 3118 1985 3184 lima,

375 3208 490 3263 sole
520 3206 835 3278 pretiosius,
875 3213 1164 3262 venturum
1210 3207 1278 3261 ad
1301 3206 1593 3274 judicium,
1641 3217 1695 3261 et
1733 3223 1856 3262 cum
1889 3224 1987 3263 sua

377 3305 558 3352 mente
588 3296 816 3372 gloriam
845 3297 932 3352 vel
964 3312 1158 3367 pcenas
1187 3296 1517 3361 subiturum,
1551 3303 1810 3351 aeternam
1846 3297 1902 3351 in
1923 3314 1985 3352 se

375 3395 467 3447 Dei
510 3393 595 3448 vel
622 3392 924 3447 ostendens
954 3391 1408 3458 misericordiam,
1452 3391 1537 3445 vel
1578 3391 1794 3460 patiens
1819 3391 1984 3460 justi-

371 3480 522 3546 tiam,
557 3481 795 3536 animale
817 3482 1003 3549 modo,
1027 3482 1125 3537 sed
1155 3482 1442 3553 spirituale
1474 3481 1712 3537 futurum
1742 3483 1797 3536 in
1825 3483 1981 3553 judi-

373 3569 480 3626 cio.
533 3570 672 3633 Quid
714 3587 944 3642 usquam
999 3571 1142 3625 inter
1180 3585 1410 3641 corpora
1466 3569 1795 3624 sublimatur
1834 3578 1982 3625 tanta

374 3662 772 3736 praerogativa?
811 3662 864 3716 Si
907 3663 1105 3717 coelum
1142 3677 1425 3733 comparo,
1460 3677 1572 3716 non
1605 3662 1880 3717 convenit.
1923 3662 1979 3716 Si

370 3755 502 3809 solis
532 3755 924 3825 stellarumque
951 3753 1220 3827 fulgorem
1253 3753 1429 3808 oculis
1468 3753 1772 3823 pretiosum
1794 3754 1974 3809 consi-

368 3846 523 3910 dero,
556 3846 738 3900 minus
767 3845 1024 3900 occurrit.
1059 3844 1199 3908 Quid
1239 3859 1367 3899 vero
1423 3843 1661 3899 sensus?
1711 3846 1768 3898 ln
1825 3852 1976 3900 tanto

365 3950 476 3988 non
509 3933 662 3987 timet
690 3933 922 3986 stolidus
959 3933 1270 4002 vituperare
1295 3933 1444 4004 quod
1471 3933 1746 4004 displicet.
1780 3935 1974 3990 Horret

363 4022 512 4076 visus
552 4020 936 4091 pudendorum
969 4019 1222 4091 ﬁguram,
1275 4037 1435 4076 nares
1465 4023 1807 4078 subsannant
1833 4025 1973 4079 odo-

952 4347 1078 4492 ΒΕ
1152 4346 1809 4498 BLASPHEMIA
1878 4353 1975 4498 ΙΝ

2086 3027 2155 3081 de
2184 3043 2293 3098 quo
2320 3027 2491 3082 voluit
2517 3029 2662 3083 Deus
2695 3029 2844 3083 unde
2871 3027 3031 3083 fieret
3061 3043 3278 3083 sumere
3311 3027 3381 3082 de
3410 3043 3519 3098 quo
3539 3029 3716 3097 coepit

2087 3118 2231 3187 quod
2258 3115 2704 3187 inseparabiliter
2732 3117 2954 3172 sibimet
2985 3116 3189 3178 uniret,
3232 3116 3379 3171 unde
3418 3123 3591 3170 terras
3616 3131 3709 3170 re-

2088 3205 2343 3272 dimeret,
2379 3206 2576 3260 coelum
2624 3206 2960 3268 restitueret,
3001 3205 3150 3260 unde
3189 3206 3560 3276 spoliarentur
3605 3207 3705 3259 in-

2087 3297 2248 3365 ferni,
2281 3306 2424 3353 terra
2451 3301 2844 3367 medicaretur,
2894 3299 3292 3370 perficerentur
3327 3299 3595 3366 ccelestia,
3629 3301 3703 3355 ad

2083 3391 2231 3460 quod
2274 3391 2483 3444 nullum
2516 3390 2684 3465 elegit
2709 3392 3016 3447 caelestium
3038 3391 3352 3462 spirituum.
3391 3391 3518 3446 Leo.
3580 3393 3702 3444 Au-

2085 3479 2199 3544 dio,
2231 3480 2378 3550 quod
2409 3479 2646 3549 amplius
2695 3496 2808 3536 non
2839 3480 3046 3546 audivi,
3081 3483 3344 3536 hactenus
3364 3480 3570 3535 nescivi
3598 3497 3704 3536 vos

2084 3568 2248 3622 tantis
2278 3567 2582 3622 rationibus
2613 3568 2794 3624 fultos.
2831 3569 2965 3624 Ooo.
3009 3568 3112 3624 Cur
3165 3585 3297 3641 ergo
3327 3584 3435 3624 non
3476 3570 3702 3624 credis?

2083 3657 2210 3712 Leo.
2274 3658 2409 3722 Quia
2460 3658 2743 3713 veritatem
2786 3660 2863 3713 rei
2917 3667 3119 3716 nostrae
3179 3677 3289 3716 non
3328 3661 3506 3716 audeo
3536 3677 3691 3716 com-

2079 3749 2297 3805 mittere
2352 3750 2536 3804 verbis
2582 3750 2796 3806 vestris.
2847 3751 2985 3807 Ono.
3073 3752 3202 3820 llas,
3284 3751 3466 3815 frater,
3525 3755 3691 3808 Acar-

2077 3844 2167 3910 de,
2219 3844 2411 3899 Judan
2478 3843 2694 3899 reddidi
2762 3845 3002 3900 rationes
3055 3846 3126 3900 de
3189 3846 3426 3901 adventu
3465 3847 3691 3913 Christi,

2075 3935 2400 4008 cogentibus
2450 3952 2537 3990 me
2565 3936 2818 4007 quaadam
2858 3937 3117 3992 subtilius
3148 3938 3428 4008 disputare
3453 3939 3696 4009 quibus-

2074 4026 2198 4080 dam
2235 4026 2530 4082 Catholieis
2551 4026 2646 4097 qui
2679 4026 2982 4082 intererant
3011 4043 3110 4098 pro
3139 4028 3317 4083 Judaei
3349 4035 3522 4099 parte.

2040 4351 2526 4500 SPIRITUll
2597 4353 3077 4502 SANGTUM

1014 4767 1297 4836 Prologus.

426 4880 499 4933 De
539 4878 883 4948 blasphemia
913 4880 1087 4934 sancti
1115 4881 1351 4950 Spiritus
1378 4898 1436 4938 se
1468 4885 1867 4955 conscripsisse
1895 4885 1964 4939 li-

351 4969 556 5022 bellum
591 4968 725 5023 dicit
754 4968 806 5021 in
864 4967 1182 5026 Enchiridio
1223 4971 1416 5026 beatus
1448 4974 1802 5047 Augustinus.
1853 4975 1961 5029 Sed

353 5061 440 5116 hic
472 5060 612 5114 liber
647 5060 702 5113 in
736 5076 885 5114 meas
919 5077 1113 5116 manus
1143 5078 1253 5118 non
1305 5063 1518 5130 incidit,
1561 5082 1665 5121 nec
1718 5066 1959 5138 aliquem

348 5155 460 5209 scio
493 5171 582 5209 me
612 5153 816 5210 vidisse
839 5153 934 5225 qui
968 5154 1179 5228 legerit.
1209 5157 1360 5212 Unde
1383 5161 1962 5232 conquerebaturme-

347 5260 470 5297 eum
486 5243 916 5298 virvenerabilis
938 5244 1236 5311 Amandus,
1269 5249 1742 5318 hcquicinotensis
1766 5265 1961 5305 mona-

345 5338 672 5408 chus,.quod
705 5344 869 5393 tantae
891 5339 1212 5410 quzestionis
1243 5341 1444 5397 solutio
1476 5357 1586 5397 non
1618 5344 1962 5400 inveniretur

344 5427 555 5481 anxius.
600 5427 720 5482 Erat
746 5429 893 5484 enim
925 5430 1058 5483 mihi
1090 5439 1220 5486 tunc
1250 5431 1645 5502 Acquicinotus
1684 5434 1844 5490 dulce
1872 5451 1957 5489 re-

345 5515 553 5588 fugium
585 5519 762 5572 exsilii
805 5522 936 5587 mei,
978 5523 1110 5592 quia
1139 5529 1412 5594 potestate
1456 5526 1608 5598 regia
1647 5525 1891 5594 pellebar
1927 5543 1956 5580 a

344 5609 478 5664 sede
515 5609 911 5678 Cameracensi,
971 5619 1121 5687 quod
1150 5618 1356 5690 virgam
1401 5627 1456 5675 et
1511 5621 1800 5685 annulum,
1833 5637 1955 5692 quae

1984 4796 2040 4864 D
2064 4805 2415 4852 consecratus
2443 4797 2512 4852 ab
2554 4795 2796 4851 Ecclesia
2826 4807 3172 4864 acceperam,
3208 4791 3356 4846 dono
3387 4789 3691 4858 imperato-

2066 4889 2141 4942 ris
2173 4887 2371 4942 iterum
2405 4887 2656 4958 aecipere
2685 4900 2795 4940 non
2829 4881 3270 4954 acquiescebam.
3306 4878 3550 4948 Cumque
3577 4878 3688 4932 fra—

2067 4989 2146 5036 ter
2169 4979 2485 5051 praedietus,
2511 4995 2724 5034 mecum
2747 4992 2897 5047 sape
2928 4975 3164 5045 loquens
3182 4972 3251 5026 de
3278 4969 3684 5041 spiritualibus,

2063 5072 2344 5143 praedictae
2364 5070 2686 5141 qumstionis
2713 5067 3050 5124 solutionem
3080 5082 3112 5119 a
3135 5080 3220 5118 me
3239 5064 3470 5118 devotus
3492 5061 3686 5134 exige-

2064 5167 2164 5226 ret,
2198 5159 2490 5213 mittebam
2545 5173 2670 5212 eum
2712 5156 2780 5210 ad
2837 5154 3215 5225 expositiones
3251 5149 3682 5206 orthodoxorum

2065 5253 2311 5308 Patrum.
2344 5253 2451 5307 Sed
2473 5251 2700 5306 dicebat
2727 5266 2825 5305 eos
2854 5265 2965 5305 non
2983 5256 3215 5303 tractare
3240 5243 3550 5300 secundum
3573 5259 3686 5298 mo-

2063 5342 2163 5397 dos
2201 5340 2567 5396 dubitationis
2599 5355 2714 5394 suae
2767 5354 2871 5393 nec
2921 5353 3022 5408 per
3061 5351 3250 5390 eorum
3283 5331 3683 5404 expositionem

2063 5434 2269 5490 auferri
2302 5434 2409 5488 sibi
2444 5449 2604 5504 posse
2635 5431 3064 5487 dubitationem.
3100 5429 3290 5499 Itaque
3317 5426 3517 5481 melius
3545 5424 3680 5478 mihi

2059 5527 2238 5582 visum
2278 5532 2360 5580 est
2388 5541 2529 5580 onus
2551 5524 2857 5594 suscipere,
2895 5522 3040 5589 (licet
3079 5521 3150 5577 sit
3178 5517 3478 5586 ruendum)
3511 5532 3680 5588 quam

2061 5617 2281 5688 penitus
2303 5615 2578 5690 negando,
2611 5613 2929 5684 superbiam
2952 5617 3128 5683 putet,
3150 5610 3234 5666 vel
3265 5613 3678 5678 contemptum,
