3932 6040
259 240 400 293 1113

1365 241 1446 295 DE
1486 239 1898 296 BLASPHEMIA
1939 242 1996 296 S.
2040 241 2106 296 ΙΝ
2145 241 2478 299 SPIRITUM.

3439 251 3577 306 1114

247 378 302 425 et
331 372 475 427 malo
505 378 564 426 ut
590 370 774 426 videat
797 386 881 426 me
911 386 1019 426 non
1046 386 1206 442 posse
1234 373 1485 428 sudando
1514 373 1858 428 fatiscentem
1886 379 1936 445 Α
1965 371 2126 428 rium.
2159 374 2288 428 Nam
2325 391 2442 444 qua:
2496 377 2854 446 participatio
2910 379 3019 432 luci
3055 379 3131 433 ad
3175 380 3414 436 tenebras
3443 385 3469 437 ?
3508 383 3583 450 (ΙΙ

247 479 410 534 quam
443 479 504 518 se
544 463 775 532 repulsae
809 464 1031 533 pudeat,
1065 481 1152 518 me
1197 473 1563 536 postponente
1595 466 1856 521 laborem.

248 553 522 606 Animavit
549 552 714 607 etiam
737 553 966 606 multum
983 553 1208 610 libellus
1230 556 1303 610 De
1328 555 1583 629 originali
1611 562 1856 625 peccato,

247 661 410 714 quem
461 644 677 698 noviter
704 645 1161 715 conscripseram,
1204 647 1259 700 in
1303 663 1412 717 quo
1440 646 1692 702 aestuanti
1725 646 1858 700 mihi

245 742 605 787 occurrerunt
636 733 803 786 multa
844 749 966 804 quae
1007 734 1340 788 nesciebam.

244 869 411 933 Quoto
441 862 658 934 canone,
687 871 863 937 quotis
895 869 1152 937 capitulis
1182 871 1458 924 invenitur
1484 871 1541 924 in
1562 871 1856 937 Evangelia

747 961 1080 1029 blasphemia
1100 961 1356 1030 Spiritus.

318 1070 375 1123 Et
404 1069 638 1140 primum
667 1069 1026 1139 proponenda
1051 1076 1175 1123 sunt
1199 1069 1371 1138 ipsius
1391 1069 1665 1140 Evangelii
1688 1069 1856 1124 verba

242 1175 364 1229 quae
395 1158 599 1212 faciunt
629 1157 1016 1229 quaestionem,
1042 1158 1246 1212 deinde
1277 1157 1570 1214 difficultas
1596 1160 1855 1229 quaestio-

243 1249 329 1302 nis
360 1249 510 1318 prius
541 1255 624 1302 est
650 1247 995 1302 ostendenda
1021 1263 1182 1318 quam
1214 1247 1568 1322 accingamur
1598 1248 1665 1301 ad
1705 1247 1856 1302 solu-

248 1340 478 1394 tionem.
525 1339 884 1394 Continentur
913 1348 1095 1393 autem
1127 1339 1182 1391 in
1223 1339 1470 1394 secundo
1501 1355 1732 1404 canone,
1763 1355 1852 1394 ca-

240 1431 416 1501 pitulo
435 1430 690 1496 Matthxi,
726 1446 846 1501 cap.
879 1447 972 1495 xu,
1006 1440 1060 1484 et
1096 1430 1286 1498 Marci,
1308 1447 1484 1497 χχχιιι,
1515 1431 1670 1486 Luca).
1698 1447 1850 1496 vero,

240 1536 401 1574 xcvn.
436 1519 714 1573 Matthzeus
754 1518 832 1572 sic
869 1517 968 1572 ait:
1003 1519 1166 1574 Omne
1216 1525 1488 1588 peccatum
1525 1525 1574 1574 et
1606 1521 1852 1588 blasphe-

237 1613 350 1662 mia
381 1612 675 1663 remittetur
691 1609 1022 1675 hominibus,
1054 1610 1291 1678 Spiritus
1322 1615 1494 1664 autem
1520 1611 1856 1680 blasphemia

236 1717 338 1754 non
368 1703 683 1754 remittetur.
736 1703 804 1754 Et
834 1703 1135 1769 quicunque
1163 1701 1367 1756 dixerit
1423 1703 1637 1756 verbum
1671 1707 1855 1756 contra

239 1794 434 1846 Filium
485 1793 735 1856 hominis,
787 1794 1090 1846 remittetur
1135 1795 1212 1846 ei:
1269 1795 1373 1859 Qui
1427 1798 1605 1847 autem
1654 1795 1855 1847 dixerit

238 1887 426 1935 contra
463 1882 726 1948 Spiritum
751 1885 1015 1946 sanctum,
1051 1897 1159 1935 non
1189 1884 1488 1936 remittetur
1508 1884 1576 1947 ei,
1607 1897 1775 1951 neque
1803 1884 1860 1935 in
1890 1889 1933 1955 Β

240 1971 334 2023 hoc
362 1971 572 2034 saeculo,
605 1985 765 2039 neque
794 1972 852 2022 in
879 1971 1089 2035 futuro.
1127 1969 1338 2024 Marcus
1366 1969 1480 2024 sic:
1524 1972 1697 2025 Amen
1740 1972 1860 2025 dico

239 2061 390 2114 vobis
422 2063 560 2129 quin
590 2063 770 2114 Omnia
796 2062 1137 2115 dimittantur
1165 2063 1296 2131 ﬁliis
1319 2063 1595 2117 hominum
1622 2067 1859 2132 peccata,

237 2158 285 2206 et
317 2153 662 2221 blasphemiae
719 2153 915 2221 quibus
966 2153 1474 2221 blasphemaverint.
1523 2156 1631 2220 Qui
1685 2159 1862 2209 autem

241 2245 692 2314 blasphemaverit
711 2248 768 2299 in
789 2246 1056 2314 Spiritum
1083 2248 1348 2309 sanctum,
1379 2262 1486 2300 non
1505 2247 1659 2300 habet
1675 2249 1868 2300 remis-

239 2340 435 2391 sionem
459 2339 520 2391 in
546 2341 822 2401 aeternum,
855 2338 949 2391 sed
993 2353 1115 2391 reus
1154 2339 1257 2391 erit
1283 2340 1470 2392 (sterni
1498 2338 1699 2392 delicti.
1726 2338 1870 2403 Quia

235 2431 508 2483 dicebant:
543 2430 815 2498 Spiritum
841 2430 1182 2484 immundum
1221 2430 1400 2484 habet.
1457 2431 1630 2484 Lucas
1677 2437 1861 2484 autem

240 2522 346 2575 sic:
381 2523 565 2576 Omnis
599 2525 693 2590 qui
718 2521 851 2575 dicit
871 2522 1088 2576 verbum
1111 2523 1168 2574 in
1191 2523 1388 2576 Filium
1415 2523 1648 2576 hominis
1675 2525 1862 2576 remit-

244 2621 384 2672 tetur
413 2618 519 2671 illi.
546 2619 616 2672 Ei
644 2621 818 2671 autem
845 2619 940 2686 qui
966 2620 1026 2671 in
1056 2618 1327 2686 Spiritum
1356 2622 1602 2672 sanctum
1621 2618 1863 2686 blasphe-

241 2708 466 2760 maverit
493 2721 603 2760 non
638 2708 959 2760 remittetur.

242 2796 394 2862 Quod
415 2795 662 2865 quaedam
689 2799 912 2864 peccata
940 2795 1148 2850 dimitti
1179 2797 1412 2865 possint,
1455 2796 1703 2866 qucedam
1732 2812 1859 2850 non.

314 2887 450 2942 Ecce
492 2886 592 2940 tria
626 2887 744 2941 haec
777 2886 1019 2956 capitula
1077 2887 1310 2941 secundi
1359 2887 1608 2953 canonis,
1668 2888 1863 2942 dicunt

243 2990 406 3030 omne
427 2981 713 3045 peccatum
740 2990 900 3044 posse
923 2974 1124 3030 dimitti
1144 2985 1348 3045 praeter
1364 2991 1564 3041 unum;
1587 2993 1756 3031 unum
1779 2991 1863 3031 so-

247 3067 357 3120 lum
382 3067 532 3122 nullo
563 3066 728 3121 modo
745 3068 1012 3137 consequi
1043 3083 1206 3137 posse
1232 3068 1662 3141 indulgentiam,
1696 3085 1861 3124 omne

244 3158 392 3212 aliud
433 3159 618 3228 aliquo
661 3159 823 3214 modo
865 3159 1158 3229 impetrare
1188 3161 1364 3215 venire
1401 3161 1858 3227 misericordiam,

1964 471 2080 526 Cor.
2103 474 2230 535 xxv.)
2262 470 2400 534 Quid
2430 473 2634 541 templo
2676 473 2768 526 Dei
2791 479 2846 526 et
2878 473 3081 530 idolis?

1961 585 2113 651 Quod
2141 587 2381 656 quasdam
2407 586 2544 640 bona
2573 590 2711 641 Deus
2741 589 2933 711 :iaItJeat
2962 605 3081 659 qua:
3108 593 3223 660 ipse
3249 594 3430 659 facere
3471 609 3578 649 non

2671 674 2738 711 po
2765 675 2816 711 es
2833 696 2859 711 -.

2671 674 2859 728 porest.

2028 765 2905 838 Siergoimpoenitentidimittere
2920 777 3100 838 potest
3127 771 3580 833 homo.etdimit-

1955 860 2070 908 tere
2099 869 2207 910 non
2233 863 2416 925 potest
2434 857 2594 920 Deus,
2617 857 2819 910 bonum
2848 873 2980 931 ergo
3005 857 3185 913 facere
3211 871 3395 930 potest
3413 864 3578 919 homo

1955 945 2101 1016 quod
2126 945 2426 1002 facerenon
2448 955 2626 1018 potest
2642 949 2803 1004 Deus.
2826 949 2933 1003 Sed
2950 950 3094 1005 unde
3111 952 3274 1006 habet
3295 954 3459 1010 homo
3487 955 3580 1011 bo-

1956 1048 2084 1087 num
2114 1033 2218 1088 nisi
2248 1034 2316 1088 ab
2345 1036 2613 1106 eoquiest
2642 1054 2916 1091 summum
2941 1039 3188 1094 bonum?
3210 1041 3378 1097 Habet
3405 1044 3572 1098 homo

1957 1126 2455 1195 magnumbonum,
2483 1128 2851 1196 impumitenti
2880 1129 3181 1195 dimittere,
3200 1149 3458 1207 magnum
3477 1136 3576 1191 bo-

1956 1233 2107 1278 num,
2124 1218 2336 1288 etquod
2351 1219 2917 1290 conveniatperfectis
2938 1230 3171 1278 tantum.
3188 1224 3294 1278 Sed
3315 1227 3574 1282 undehoc

1955 1307 2140 1374 habet,
2167 1309 2211 1362 si
2244 1310 2384 1363 Deus
2409 1309 2590 1365 facere
2619 1328 2730 1366 non
2774 1320 2954 1382 potest
3008 1314 3229 1385 ipsum?
3259 1317 3411 1372 Certe
3455 1335 3564 1374 non

1954 1399 2117 1453 habet
2145 1400 2310 1455 homo
2354 1417 2383 1454 a
2414 1418 2472 1455 se
2507 1410 2713 1455 tantum
2757 1403 2985 1468 bonum,
3018 1407 3115 1460 sed
3149 1424 3179 1460 a
3223 1409 3356 1473 Deo,
3393 1426 3423 1463 a
3460 1427 3573 1480 quo

1955 1497 2038 1545 est
2074 1507 2239 1545 omne
2280 1493 2506 1548 bonum.
2555 1493 2727 1548 Habet
2757 1495 2904 1548 enim
2938 1497 3080 1550 Deus
3127 1507 3182 1553 et
3212 1501 3312 1554 hoc
3344 1500 3575 1566 bonum,

1956 1584 2058 1638 etsi
2082 1600 2193 1640 non
2225 1585 2351 1640 facit
2381 1587 2579 1656 ipsum.
2619 1590 2677 1641 In
2710 1605 2770 1642 se
2799 1589 2988 1657 habet,
3021 1597 3074 1645 et
3107 1608 3135 1645 a
3167 1609 3227 1646 se
3256 1594 3348 1648 dat
3370 1596 3578 1649 homini

1957 1674 2105 1744 quod
2148 1674 2332 1730 habet.
2370 1675 2542 1731 Habet
2572 1677 2713 1732 Deus
2738 1687 2796 1732 ut
2822 1679 3037 1749 jubeat,
3082 1683 3284 1752 accipit
3318 1685 3482 1738 homo
3518 1692 3581 1738 ut

1957 1761 2137 1816 faciat.
2165 1762 2281 1816 Non
2305 1763 2469 1818 habet
2501 1764 2552 1817 in
2589 1782 2648 1818 se
2684 1767 2824 1821 Deus
2851 1785 2948 1837 pro
2979 1785 3056 1830 se,
3095 1771 3261 1826 habet
3295 1771 3350 1825 in
3383 1789 3443 1827 se
3481 1789 3580 1842 pro

1963 1852 2220 1917 homine;
2256 1869 2363 1907 non
2399 1853 2566 1908 habet
2599 1855 2652 1908 in
2692 1872 2752 1909 se
2792 1857 2921 1923 sibi,
2979 1859 3144 1913 habet
3198 1861 3249 1913 in
3284 1877 3341 1915 se
3374 1861 3584 1926 nobis;

1964 1943 2131 1998 habet
2164 1945 2218 1997 in
2251 1961 2334 2010 se,
2363 1951 2414 1998 et
2443 1945 2672 2000 facimus
2700 1962 2830 2010 nos;
2868 1949 3033 2004 habet
3065 1951 3118 2003 in
3146 1967 3224 2017 se,
3253 1959 3306 2006 et
3339 1953 3578 2022 pertinet

1964 2040 2030 2093 ad
2063 2056 2181 2094 nos.
2218 2040 2355 2095 Sunt
2385 2056 2516 2115 ergo
2549 2041 2692 2096 bona
2725 2059 2869 2113 quae,
2911 2047 3160 2114 quamvis
3210 2056 3448 2118 nequeat
3489 2047 3568 2102 fa-

1967 2146 2093 2184 cere
2127 2130 2284 2193 Deus,
2321 2129 2488 2184 habet
2523 2130 2639 2200 ipsa
2661 2137 2843 2186 tamen
2879 2133 3054 2200 Deus;
3087 2135 3254 2190 habet
3281 2136 3419 2206 ipsa,
3450 2138 3579 2208 quia

1969 2217 2126 2272 aliter
2152 2234 2262 2273 non
2308 2218 2636 2284 faceremus,
2679 2220 2784 2274 nisi
2813 2220 2881 2274 ab
2912 2221 3028 2291 ipso
3062 2222 3394 2278 haberemus
3447 2226 3586 2279 Sunt

1969 2326 2100 2381 ergo
2136 2310 2281 2365 bona
2322 2326 2565 2385 congrua
2608 2311 2880 2366 Creatoris
2940 2314 3234 2381 majestati,
3275 2323 3402 2370 sunt
3445 2318 3588 2372 bona

1969 2421 2213 2479 congrua
2242 2416 2506 2461 creaturae
2533 2407 2803 2462 servituti.
2853 2409 2912 2462 Et
2947 2410 3065 2465 haec
3098 2418 3280 2465 tamen
3309 2419 3363 2467 et
3395 2413 3487 2467 illa
3514 2414 3584 2468 ab

1963 2513 2030 2552 co
2060 2506 2234 2553 sunta
2264 2515 2374 2570 quo
2405 2507 2460 2552 et
2483 2499 2537 2552 in
2567 2516 2675 2570 quo
2717 2510 2846 2554 sunt
2886 2502 3071 2556 omnia
3102 2502 3268 2558 bona.

1965 2605 2118 2685 Quod
2158 2623 2320 2674 etiam
2358 2623 2717 2690 impaenitenti
2743 2624 2914 2689 possit
2953 2622 3158 2677 dimitti
3202 2628 3503 2692 peccatum,
3533 2627 3589 2678 si

2626 2695 2904 2762 paeniteat.

2038 2795 2146 2849 Etsi
2176 2797 2386 2851 nullum
2418 2802 2728 2867 peccatum,
2757 2804 2815 2851 ut
2855 2806 3139 2852 ostensum
3174 2804 3281 2862 est,
3331 2798 3585 2868 imposui-

1967 2887 2128 2953 tenti,
2158 2887 2456 2942 dimittitur
2484 2903 2649 2942 omne
2671 2897 2954 2958 peccatum
2983 2889 3296 2958 pcenitenti.
3326 2889 3387 2942 Et
3420 2889 3587 2944 forsi—

1965 2981 2055 3028 tan
2081 2974 2199 3045 ipsa
2226 2975 2654 3044 impoenitentia,
2690 2975 2820 3046 quia
2852 2975 3250 3030 irremissibilis
3278 2983 3382 3043 est,
3414 2976 3590 3046 Spiri-

1965 3069 2050 3116 tus
2077 3072 2160 3118 est
2191 3063 2554 3135 blasphemia.
2588 3064 2694 3118 Sed
2726 3064 2856 3136 quid
2877 3063 2904 3116 ?
2938 3065 2983 3118 si
3025 3065 3198 3134 ipsius
3231 3065 3588 3136 impaeniten-

1966 3154 2053 3208 tiaa
2086 3162 2430 3224 peccatorem
2465 3155 2752 3226 poeniteat,
2799 3163 2853 3210 et
2892 3172 3054 3226 quam
3096 3156 3189 3210 diu
3231 3157 3588 3226 pertinaciter

249 3263 416 3301 unum
448 3247 626 3301 solum
657 3247 883 3302 omnino
916 3247 1234 3310 insolubile,
1267 3264 1432 3303 omne
1463 3250 1612 3304 aliud
1649 3251 1857 3306 absolvi
1886 3253 1935 3321 (ζ,
1963 3246 2138 3301 tenuit
2169 3247 2390 3301 tandem
2423 3247 2684 3313 dimittat,
2716 3247 2965 3318 nunquid
2988 3249 3204 3302 veniam
3240 3256 3502 3313 meretur,
3537 3257 3593 3304 et

253 3351 430 3406 posse.
457 3334 635 3404 Super
661 3351 830 3388 unum
861 3335 1039 3390 solum
1073 3343 1274 3404 puteus
1302 3344 1462 3408 urget
1491 3353 1553 3392 os
1591 3353 1772 3404 suum,
1804 3345 1864 3392 ut

253 3430 458 3476 aeterna
487 3421 775 3476 claudatur
803 3422 1112 3486 oblivione;
1143 3439 1312 3494 super
1340 3439 1506 3478 omne
1537 3423 1684 3478 aliud
1717 3430 1866 3494 patet

253 3527 314 3565 os
355 3509 526 3580 putei,
557 3517 613 3563 ut
640 3525 865 3580 quoquo
895 3510 1059 3564 modo
1081 3510 1252 3580 possit
1284 3511 1452 3565 exire.
1486 3510 1594 3564 Sed
1625 3511 1861 3581 primum

254 3600 539 3653 videamus
584 3598 866 3670 quomodo
946 3598 1301 3653 remissibilia
1358 3606 1581 3670 peccata
1627 3599 1865 3654 dimittat

254 3691 417 3744 Deus.

323 3805 476 3871 Quod
504 3805 861 3874 impaenitenti
889 3819 996 3859 non
1045 3810 1218 3875 potest
1253 3811 1530 3876 peccatum
1567 3808 1789 3862 dimitti.

323 3917 424 3969 Aut
475 3916 765 3985 poenitenti
821 3916 1048 3972 dimittit
1098 3919 1262 3984 Deus,
1328 3925 1420 3974 aut
1464 3919 1858 3990 impmnitenti.

251 4005 419 4060 Porro
451 4004 820 4075 impuanitenti
855 4006 1046 4077 nequit
1072 4007 1350 4062 dimittere
1377 4015 1659 4078 peccatum
1689 4009 1860 4076 Deus;

255 4117 357 4155 nec
397 4101 543 4156 enim
573 4108 752 4172 potest
782 4101 1022 4170 injustus
1049 4119 1170 4158 esse
1203 4104 1362 4159 Deus.
1396 4105 1588 4160 Peccat
1618 4105 1784 4162 homo
1812 4105 1867 4159 in

258 4193 556 4255 hominem,
583 4199 773 4264 peccat
802 4201 856 4248 et
880 4195 936 4248 in
965 4195 1157 4250 Deum.
1185 4197 1541 4267 lmpcenitens
1570 4205 1653 4252 est
1683 4199 1741 4252 in
1767 4199 1870 4254 ho-

258 4283 484 4351 minem,
527 4284 882 4354 impcenitens
915 4293 998 4340 est
1048 4294 1103 4342 et
1153 4288 1209 4341 in
1250 4289 1440 4344 Deum.
1495 4290 1868 4361 lmpoanitenti

255 4376 424 4430 debet
462 4377 626 4431 homo
657 4377 956 4446 dimittere,
988 4395 1090 4434 nec
1120 4379 1287 4435 debet
1315 4382 1474 4444 Deus,
1508 4382 1637 4454 quia
1667 4397 1873 4452 pecca-

256 4473 340 4519 tor
369 4465 641 4520 dimittere
669 4467 835 4522 debet
863 4468 1164 4539 peccatori,
1191 4469 1331 4524 Deus
1361 4477 1541 4526 autem
1572 4486 1683 4526 non
1709 4471 1880 4527 debet

259 4555 650 4626 imprenitenti.
696 4557 954 4614 Peccator
990 4559 1219 4614 dimittit
1267 4560 1428 4615 etiam
1476 4562 1950 4638 impmnitenti,D

259 4644 388 4714 quia
416 4643 568 4699 timet
589 4645 826 4716 desuper
857 4663 924 4700 ne
957 4647 1063 4701 sibi
1092 4663 1202 4702 non
1227 4648 1531 4703 dimittatur
1557 4650 1716 4705 etiam
1749 4668 1872 4722 pw-

261 4735 494 4801 nitcnti;
527 4752 634 4790 non
665 4737 892 4792 dimittit
921 4738 1292 4808 imprenitenti
1317 4740 1480 4808 Deus,
1504 4741 1634 4812 quia
1661 4757 1769 4798 non
1795 4744 1868 4798 ti-

260 4836 372 4881 met
404 4844 473 4882 ne
512 4827 616 4881 sibi
653 4843 762 4882 non
797 4828 1124 4883 dimittatur.
1175 4831 1452 4886 Peccatori
1498 4832 1869 4902 impmnitenti

259 4919 426 4973 debet
449 4919 610 4974 homo
632 4920 936 4985 dimittere,
951 4922 1080 4992 quia
1101 4928 1154 4977 et
1172 4922 1291 4993 ipse
1310 4930 1392 4976 est
1422 4931 1703 4993 peccator;
1729 4925 1872 4980 Deus

261 5026 369 5065 non
402 5010 585 5075 debet,
643 5011 773 5081 quia
815 5027 924 5066 non
959 5020 1042 5066 est
1075 5021 1346 5082 peccator.
1392 5013 1658 5084 Amplius,
1689 5016 1871 5070 omnis

261 5098 666 5169 impcenitentia
694 5106 776 5153 est
806 5099 1088 5169 superbia,
1119 5107 1173 5154 et
1212 5101 1394 5155 omnis
1431 5102 1692 5173 superbia
1724 5103 1872 5174 prin-

261 5195 510 5264 cipaliter
540 5201 622 5247 est
675 5194 782 5248 Deo
823 5195 1114 5250 contraria.
1161 5196 1214 5249 Si
1246 5211 1378 5268 ergo
1438 5196 1578 5252 Deus
1617 5199 1874 5269 impaeni-

264 5282 395 5336 tenti
440 5282 665 5337 dimittit
695 5284 1011 5353 superbiam
1052 5285 1156 5338 sibi
1191 5286 1439 5353 dimittit,
1480 5295 1535 5342 et
1561 5287 1614 5340 id
1645 5287 1746 5341 sibi
1776 5289 1876 5342 ad-

255 5373 442 5447 jungit
470 5371 616 5443 quod
649 5390 679 5427 a
711 5390 769 5428 se
806 5375 1009 5429 bonum
1045 5391 1208 5430 omne
1241 5377 1528 5451 disjungit,
1563 5378 1726 5449 idque
1764 5379 1872 5432 sibi

262 5467 548 5522 consociat
586 5467 673 5520 cui
706 5468 909 5522 bonum
943 5486 1106 5524 omne
1149 5479 1434 5542 repugnat.
1476 5472 1581 5526 Sed
1614 5473 1874 5543 impossi-

260 5563 372 5616 bile
400 5569 482 5616 est
513 5568 571 5616 ut
619 5578 835 5619 summo
891 5565 1036 5621 bono
1059 5582 1330 5620 summum
1365 5567 1565 5622 malum
1597 5569 1874 5624 confoede-

264 5661 413 5705 retur
442 5650 556 5706 ullo
588 5651 771 5717 modo,
811 5662 865 5707 et
915 5654 1011 5708 ulli
1051 5655 1194 5709 malo
1222 5656 1546 5725 astipuletur
1596 5675 1870 5714 summum

264 5743 495 5810 bonum,
532 5743 734 5798 nedum
780 5745 830 5800 ei
863 5747 1009 5817 quod
1041 5746 1418 5819 principaliter
1461 5750 1624 5806 habet
1654 5759 1874 5808 contra-

1965 3338 2080 3392 hazc
2112 3338 2435 3408 pcenitentis
2474 3338 2934 3408 impmnitentiam
2968 3339 3308 3395 dimittitur?
3348 3339 3446 3393 Diu
3486 3340 3591 3393 im-

1968 3431 2245 3502 pcenitens
2273 3430 2394 3492 fuit,
2429 3437 2483 3484 et
2502 3432 2666 3486 modo
2682 3431 2933 3502 pcenitet,
2960 3440 3015 3486 et
3039 3433 3259 3506 longam
3282 3431 3467 3487 cordis
3485 3433 3588 3486 du-

1967 3524 2145 3578 ritiam
2179 3539 2325 3578 nunc
2353 3521 2637 3588 emollivit,
2693 3523 2944 3578 videmus
2997 3525 3288 3595 lacrymas,
3332 3525 3587 3581 audimus

1965 3615 2223 3689 gemitus,
2259 3622 2312 3668 et
2336 3615 2820 3685 compunctionem
2848 3616 3032 3670 cordis
3055 3616 3199 3670 Deus
3227 3616 3376 3671 videt
3402 3616 3550 3671 intus
3574 3633 3588 3684 ;

1966 3705 2011 3759 si
2044 3705 2172 3760 huic
2217 3705 2490 3760 clauditur
2517 3705 2911 3762 misericordiae
2935 3707 3125 3774 janua,
3153 3707 3243 3762 cui
3273 3707 3526 3777 Operitur
3557 3707 3586 3762 ‘P

1969 3793 2121 3848 Absit
2146 3800 2206 3848 ut
2250 3795 2398 3849 hunc
2436 3793 2582 3849 Deus
2631 3793 2882 3865 repellat,
2911 3801 2968 3848 ut
2999 3795 3147 3849 hunc
3185 3794 3589 3850 misericordis-

1963 3883 2134 3937 simus
2157 3888 2426 3948 amoveat,
2455 3899 2578 3938 cum
2611 3883 2878 3954 scriptum
2906 3883 3003 3939 sit:
3067 3883 3408 3956 Quacunque
3458 3884 3590 3940 hora

1965 3973 2295 4047 ingemuerit
2334 3980 2610 4043 peccator,
2645 3973 2910 4044 recipiam
2939 3973 3100 4028 eum!
3136 3975 3349 4041 (Ezech.
3375 3967 3590 4037 χχχιιι.)

1971 4063 2192 4117 Absitut
2209 4062 2322 4116 ulla
2334 4062 2496 4133 culpa
2514 4063 2839 4133 pcenitentis
2862 4064 3009 4134 apud
3022 4080 3298 4120 summum
3314 4065 3590 4121 medicum

1971 4150 2418 4206 sitinsanabilisl
2475 4152 2528 4206 Si
2560 4167 2692 4226 ergo
2743 4153 3174 4223 impmnitentia,
3206 4169 3330 4226 qua:
3371 4154 3590 4209 videtur

1974 4241 2390 4305 irremissibilis,
2418 4256 2516 4311 per
2547 4241 2934 4311 ptenitentiam
2966 4241 3086 4312 ipsa
3120 4241 3434 4308 remittitur,
3467 4258 3591 4313 quae

1977 4339 2061 4387 est
2082 4333 2245 4404 culpa
2276 4349 2398 4405 quas
2427 4333 2656 4388 omnino
2684 4348 2793 4387 non
2817 4332 3133 4396 remittitur,
3177 4348 3300 4404 qua:
3331 4332 3592 4405 blasphe-

1979 4421 2086 4475 mia
2126 4421 2363 4493 Spiritus
2391 4429 2620 4476 vocetur
2639 4419 2668 4473 Ὺ

2152 4537 2442 4606 Inquisitio
2470 4535 2614 4605 quod
2639 4539 2917 4605 peccatum
2943 4537 3015 4590 sit
3055 4535 3409 4606 blasphemia.

2047 4643 2182 4699 Ecce
2217 4641 2344 4696 hinc
2370 4641 2726 4714 Evangelium
2755 4640 3157 4712 blasphemiam
3189 4641 3429 4713 Spiritus
3460 4656 3586 4698 om-

1975 4735 2509 4793 ninoirremissibile
2555 4735 2772 4802 clamat,
2823 4734 2951 4790 hinc
2992 4735 3233 4792 Ecclesia
3280 4736 3588 4792 ﬁrmissima

1973 4828 2222 4884 veritatis
2249 4827 2526 4894 columna,
2586 4835 2779 4882 contra
2807 4841 2972 4882 omne
2991 4835 3278 4898 peccatum
3312 4828 3589 4900 pugniten-

1974 4925 2106 4979 tiam
2149 4921 2430 4993 praedicat.
2508 4919 2641 4975 Hinc
2699 4920 3054 4995 Evangelium
3109 4920 3310 4992 triplici
3350 4921 3592 4992 capitulo

1972 5015 2249 5088 quoddam
2275 5019 2562 5085 peccatum
2584 5013 2814 5068 omnino
2841 5030 2952 5070 non
3003 5030 3166 5086 posse
3197 5013 3425 5070 dissolvi
3457 5029 3587 5069 con-

1974 5111 2174 5174 firmat,
2207 5109 2334 5162 hinc
2364 5107 2605 5162 Ecclesia
2646 5124 2746 5179 per
2767 5108 3153 5178 paenitentiam
3186 5109 3254 5163 de
3285 5108 3436 5163 omni
3468 5122 3592 5177 pec-

1975 5211 2097 5258 cato
2127 5210 2330 5257 certam
2383 5200 2652 5271 promittit
2678 5201 2917 5255 veniam.
2976 5200 3272 5273 Evangelio
3324 5199 3478 5254 nefas
3508 5205 3593 5254 est

1977 5293 2380 5360 contradicere,
2411 5301 2467 5349 et
2510 5292 2807 5347 Ecclesiam
2847 5293 2972 5364 quis
3009 5293 3212 5348 audeat
3254 5291 3592 5348 falsificare?

1977 5385 2262 5450 Quoddam
2308 5383 2661 5458 Evangelium
2721 5391 2906 5457 negat,
2954 5399 3118 5440 omne
3160 5383 3403 5438 Ecclesia
3439 5381 3589 5437 afﬁr-

1976 5484 2104 5529 mat.
2142 5473 2590 5530 Contradictoriae
2629 5481 2778 5541 sunt,
2835 5488 2940 5528 nec
2974 5480 3206 5544 possunt
3256 5473 3423 5528 simul
3465 5487 3588 5528 esse

1974 5583 2138 5634 verae,
2181 5566 2228 5619 si
2276 5565 2587 5620 intellectus
2621 5565 2766 5620 idem
2808 5571 3057 5621 servetur
3085 5565 3314 5637 ubique.
3364 5564 3587 5620 Diverso

1976 5658 2144 5733 igitur
2173 5658 2338 5712 modo
2370 5657 2744 5731 intelligenda:
2790 5668 2938 5725 sunt,
2971 5666 3029 5713 ut
3079 5658 3243 5713 simul
3283 5673 3422 5715 verae
3454 5657 3584 5713 sint.

1975 5753 2294 5812 Inveniatur
2321 5751 2490 5825 igitur
2515 5752 2732 5818 modus,
2757 5752 2914 5823 cujus
2939 5753 3225 5811 identitate
3254 5769 3444 5811 verum
3477 5750 3588 5806 sibi
