3932 6040
357 213 498 267 1115

1583 197 1641 250 Β.
1685 193 1924 250 ODONIS
1966 191 2208 247 CAMER.
2252 190 2455 246 EPlSC.

3551 196 3692 250 1116

357 341 642 396 dividuant
672 344 728 392 et
752 336 966 396 falsum,
1001 340 1055 387 et
1099 332 1258 402 cujus
1306 329 1627 384 diversitate
1668 327 1778 380 sint
1805 323 1967 380 simul
1995 329 2044 396 Α
2072 338 2191 377 rum
2211 321 2569 385 obscuritate,
2603 332 2831 394 quartus
2888 339 2986 378 nos
3030 322 3267 392 explicat
3296 323 3380 376 sui
3414 325 3696 378 sermonis

356 448 519 488 verae.
558 431 618 484 Et
647 424 974 483 universalis
1010 422 1302 478 affirmatio
1339 420 1614 484 Ecclesiae,
1671 433 1792 488 quae
1827 432 1965 488 pec-

354 532 532 578 catum
561 536 725 575 omne
759 533 924 589 posse
953 515 1087 570 dicit
1119 513 1344 576 remitti,
1385 529 1513 566 vera
1543 518 1647 577 est,
1681 511 1726 564 si
1763 509 1970 563 intelli-

353 623 512 689 gatur
555 610 896 684 poenitentia:
930 607 1147 663 modus.
1181 605 1341 669 Quid,
1371 604 1414 658 si
1450 602 1786 674 intelligatur
1816 600 1970 655 simi-

354 707 477 761 liter
506 705 560 759 in
583 701 849 776 singulari
881 699 1176 771 negatione
1213 695 1508 765 Evangelii,
1541 710 1662 765 qua}
1691 694 1824 748 dicit
1845 693 1970 763 Spi-

357 799 490 852 ritus
520 793 919 866 blasphemiam
953 806 1062 845 non
1105 803 1265 860 posse
1325 787 1524 841 remitti
1566 802 1664 856 per
1692 785 1968 854 poeniten-

357 892 484 945 tiam
529 889 661 942 falsa
687 884 818 940 est?
845 885 972 948 Quae
1018 889 1077 937 ut
1109 897 1238 935 vera
1269 880 1356 946 sit,
1389 895 1497 933 non
1531 887 1613 932 est
1643 877 1965 948 intelligen-

357 983 459 1036 dus
490 977 830 1052 paenitentia:
872 974 1095 1037 modus;
1147 989 1269 1026 nam
1327 971 1448 1024 sine
1509 968 1831 1040 pmnitentia
1862 983 1972 1022 non

359 1083 537 1148 potest
557 1073 759 1128 remitti
791 1069 1028 1142 Spiritus
1059 1065 1425 1138 blaSphemia.
1455 1065 1519 1119 Ut
1548 1079 1674 1118 vero
1706 1063 1869 1116 simul
1905 1063 1976 1117 sit

357 1182 544 1221 verum
573 1179 695 1217 cum
752 1158 994 1215 Ecclesia
1042 1155 1421 1226 Evangelium,
1465 1152 1841 1225 intelligamus
1894 1151 1971 1204 al-

355 1259 625 1313 trinsecus
653 1255 928 1308 diversum
959 1248 1303 1320 poenitentiae
1335 1246 1583 1310 modum,
1615 1251 1694 1309 ut,
1742 1259 1864 1296 cum
1895 1242 1976 1297 af-

361 1345 668 1401 firmatione
699 1339 1102 1409 Ecclesiaponit
1125 1337 1463 1390 intellectum
1481 1333 1851 1404 ptPnitentiae,
1877 1349 1975 1386 au-

359 1439 499 1493 ferat
523 1434 878 1506 Evangelium
905 1448 936 1484 a
969 1409 1068 1483 sua
1095 1427 1413 1502 negatione,
1448 1435 1502 1479 et
1526 1424 1690 1479 simul
1729 1423 1833 1477 erit
1878 1440 1974 1477 ve-

361 1543 499 1592 rum,
534 1532 587 1578 et
627 1523 774 1594 quod
815 1517 1160 1589 blasphemia
1202 1515 1438 1585 Spiritus
1478 1514 1599 1567 sine
1647 1513 1976 1582 pmnitentia

360 1639 471 1677 non
506 1619 818 1681 remittitur,
854 1623 909 1670 et
955 1613 1105 1684 quod
1145 1628 1311 1667 omne
1355 1617 1636 1680 peccatum
1667 1625 1766 1679 per
1797 1608 1979 1678 pteni-

360 1711 588 1767 tentiam
617 1709 899 1768 deleatur;
934 1711 988 1758 et
1009 1719 1257 1757 easunus
1289 1702 1583 1765 modus,et
1604 1699 1852 1753 dividere
1871 1698 1973 1752 sibi

361 1817 549 1858 verum
583 1807 636 1854 et
666 1799 862 1852 falsum
889 1795 1052 1850 faciet
1084 1794 1256 1859 idem,
1291 1801 1346 1847 et
1375 1792 1538 1846 simul
1567 1807 1688 1845 esse
1717 1806 1873 1843 veras
1901 1789 1981 1844 fa-

364 1893 762 1949 cietdiversus.
797 1888 1020 1958 Talique
1060 1886 1225 1940 modo
1257 1899 1367 1939 non
1397 1882 1586 1937 differt
1625 1882 1978 1956 Evangelium

366 1986 434 2038 ab
475 1982 735 2046 Ecclesia,
786 1995 908 2034 cum
943 1976 1077 2030 dicit
1118 1974 1520 2044 blasphemiam
1583 1971 1821 2042 Spiritus
1871 1986 1979 2026 non

368 2094 528 2150 posse
551 2075 776 2138 remitti,
809 2070 1280 2144 subintelligendo
1325 2069 1445 2122 sine
1479 2066 1826 2137 prenitentia,
1857 2081 1980 2120 cum

365 2175 471 2228 hoc
500 2172 647 2226 idem
665 2169 734 2223 de
757 2167 906 2224 omni
933 2172 1158 2237 peccato
1177 2165 1328 2219 dicat
1356 2162 1596 2216 Ecclesia
1642 2162 1747 2216 Sed
1781 2162 1980 2215 mirum

367 2273 450 2320 est
473 2280 570 2318 cur
592 2260 956 2334 Evangelium
979 2259 1048 2311 ab
1076 2257 1224 2312 omni
1246 2262 1471 2326 peccato
1493 2253 1696 2324 excipit
1729 2253 1987 2323 blasphe-

371 2353 557 2418 miam,
610 2367 758 2415 cum,
789 2348 934 2403 sicut
991 2362 1154 2401 omne
1203 2352 1510 2416 peccatum,
1552 2343 1756 2398 remitti
1816 2343 1989 2413 possit

370 2457 470 2510 per
506 2437 913 2510 paenitentiam,
943 2435 1040 2489 sed
1073 2433 1260 2500 credo,
1303 2431 1432 2504 quia
1465 2431 1591 2486 ideo
1639 2438 1722 2485 est
1763 2431 1986 2497 mirum,

371 2533 504 2604 quia
535 2530 782 2586 nondum
816 2527 948 2582 mihi
973 2533 1055 2580 est
1080 2534 1330 2596 apertum
1363 2523 1586 2580 ostium.
1617 2523 1798 2595 Aperi,
1832 2522 1987 2578 Chri-

371 2634 476 2690 ste,
511 2623 772 2694 pulsanti,
817 2621 999 2676 revela
1030 2619 1294 2691 mysteria
1330 2618 1661 2674 sanctissimi
1692 2618 1867 2673 verbi.
1898 2617 1988 2673 Di-

373 2718 452 2772 cis
502 2730 667 2769 omne
701 2719 987 2785 peccatum
1044 2727 1206 2782 posse
1243 2710 1465 2776 remitti,
1513 2716 1716 2780 praeter
1753 2710 1989 2780 Spiritus

372 2804 792 2877 blasphemiam,
827 2819 927 2858 nec
951 2802 1121 2857 ullum
1155 2809 1340 2872 potest
1362 2801 1584 2864 dimitti,
1615 2801 1719 2854 nisi
1753 2818 1850 2871 per
1877 2818 1989 2872 pm-

374 2901 684 2965 nitentiam,
746 2899 997 2970 nunquid
1029 2906 1084 2953 et
1128 2897 1530 2967 blasphemiam
1578 2912 1685 2951 non
1741 2897 1990 2968 sequitur

375 2987 745 3058 paenitentia?
802 2987 1004 3040 Forsan
1053 2987 1160 3040 hoc
1211 2986 1359 3039 dicet
1421 2984 1644 3055 aliquis,
1702 2985 1831 3056 quia
1879 2993 1988 3040 tam

374 3079 583 3149 grande
623 3083 908 3147 peccatum
955 3083 1039 3130 est
1095 3075 1331 3145 Spiritus
1375 3075 1717 3145 blasphemia
1773 3085 1833 3130 ut
1871 3077 1992 3142 ejus

377 3169 526 3223 nulla
548 3169 722 3238 possit
747 3168 906 3238 sequi
947 3166 1294 3238 poznitentia.
1359 3167 1420 3221 Et
1454 3166 1583 3220 licet
1632 3167 1829 3238 aliquis
1870 3169 1993 3223 bla-

377 3262 643 3332 sphemus
668 3259 920 3314 videatur
951 3266 1144 3330 pectus
1165 3258 1417 3320 tundere,
1450 3259 1706 3313 audiatur
1729 3266 1784 3314 et
1813 3261 1996 3331 suspi—

379 3369 522 3418 rare,
557 3353 773 3407 dicetur
799 3351 1025 3407 forsitan
1059 3350 1189 3422 quia
1219 3365 1329 3406 non
1359 3348 1420 3405 ﬁt
1451 3351 1555 3406 hoc
1585 3366 1648 3405 ex
1680 3352 1866 3417 corde,
1896 3353 1993 3407 sed

376 3442 457 3497 sic
485 3443 553 3496 ad
594 3441 868 3496 infinitum
916 3440 1204 3506 mittimur,
1249 3448 1308 3494 ut
1360 3441 1566 3496 incerta
1592 3441 1906 3508 judicemus
1943 3449 1997 3497 et

377 3532 661 3587 scientiam
693 3530 1066 3586 inscrutabilis
1121 3529 1306 3599 abyssi
1339 3529 1524 3584 cordis
1570 3529 1796 3584 humani
1856 3546 1994 3600 prae-

376 3630 695 3694 sumptuose
747 3623 1038 3690 jactemus,
1094 3628 1146 3675 et
1203 3621 1476 3676 occultam
1537 3621 1994 3690 profunditatem,

379 3729 542 3785 quam
573 3713 715 3768 scire
746 3711 915 3768 solius
962 3719 1044 3766 est
1087 3711 1180 3766 Dei
1212 3727 1313 3766 nos
1343 3719 1634 3781 penetrare
1672 3712 1993 3769 clamemus.

381 3807 512 3863 Cum
552 3807 860 3879 blasphemi
891 3806 1180 3861 videamus
1209 3806 1500 3861 tunsiones
1530 3809 1795 3876 pectoris,
1838 3815 1894 3863 et
1918 3809 1995 3864 la-

379 3915 614 3970 crymas.
654 3907 709 3953 et
752 3898 1042 3952 audiamus
1088 3898 1392 3968 profundos
1443 3899 1681 3972 gemitus
1731 3908 1787 3954 et
1832 3900 1997 3974 longa

379 3986 637 4056 suspiria,
667 3988 792 4056 quis
834 3986 1036 4040 audeat
1067 3986 1319 4040 dolosum
1355 3986 1560 4050 dicere,
1605 4004 1709 4043 nec
1739 4006 1805 4044 ex
1827 3990 1995 4045 corde

382 4078 693 4150 pmnitere?
718 4079 834 4133 Non
861 4078 1027 4132 credo
1058 4094 1326 4132 summam
1359 4079 1688 4149 sapientiam
1706 4083 1808 4137 hoc
1830 4083 1995 4138 scribi

382 4167 621 4223 voluisse
652 4167 708 4220 in
743 4165 1036 4240 Evangelia
1063 4166 1210 4238 quod
1243 4181 1439 4237 capere
1465 4182 1573 4223 non
1607 4169 1778 4239 possit
1805 4171 1993 4238 homo,

383 4272 487 4311 nec
518 4255 822 4318 hominem,
855 4255 1057 4308 docere
1088 4254 1234 4324 quod
1277 4255 1441 4309 homo
1484 4245 1605 4310 non
1625 4258 1800 4327 possit
1829 4261 1989 4315 scire.

2070 414 2316 469 evidenti
2347 413 2813 469 manifestatione.
2859 414 2997 469 Dicit
3028 413 3212 468 enim:
3268 417 3364 469 Est
3414 422 3697 483 peccatum

2069 507 2143 560 ad
2172 511 2415 572 mortem,
2446 522 2544 576 pro
2566 523 2670 576 quo
2699 508 2817 561 dico
2847 513 2909 561 ut
2931 523 3039 560 non
3067 512 3178 561 oret
3206 509 3328 576 quis
3350 508 3396 574 (Ι
3419 510 3576 561 Joan.
3622 513 3695 571 vi.

2071 599 2176 655 Cur
2217 616 2314 671 pro
2361 615 2428 654 eo
2471 600 2798 672 prohibetur
2850 601 3142 666 orandum,
3201 600 3305 653 nisi
3359 600 3492 670 quia
3537 601 3699 656 nullo

2072 690 2236 744 modo
2267 697 2352 743 est
2382 689 2814 743 remittendum?
2840 690 2940 743 Pro
2973 705 3038 743 eo
3069 696 3217 743 certe
3270 690 3542 743 orandum
3582 705 3698 744 non

2072 781 2317 852 estquod
2348 782 2576 836 omnino
2619 781 2818 836 dimitti
2853 796 2961 836 non
2992 787 3187 851 potest.
3221 781 3280 834 Et
3307 781 3412 835 hoc
3448 797 3704 856 evange-

2072 870 2196 924 lista
2225 880 2383 925 vocat
2421 877 2710 940 peccatum
2745 887 2921 940 usque
2971 871 3036 924 ad
3080 877 3334 934 mortem,
3378 878 3437 924 ut
3489 872 3586 941 qui
3643 873 3702 924 in

2073 969 2300 1033 peccato
2333 961 2540 1016 claudit
2571 969 2872 1016 extremum
2905 961 3070 1026 diem,
3101 962 3315 1032 culpam
3331 962 3535 1016 habeat
3559 963 3705 1018 irre-

2074 1053 2425 1118 missibilem,
2452 1069 2680 1128 prolqua
2708 1053 2919 1107 nullum
2960 1053 3104 1107 Deus
3145 1053 3387 1107 admittit
3417 1062 3696 1109 orantem.

2078 1141 2200 1196 Haec
2229 1149 2312 1196 est
2351 1141 2697 1212 blasphemia
2735 1142 2996 1212 Spiritus,
3048 1158 3170 1213 quae
3205 1157 3312 1197 non
3365 1144 3701 1208 remittitur,

2075 1253 2196 1292 cum
2227 1237 2352 1308 quis
2389 1253 2564 1308 usque
2591 1237 2657 1290 ad
2707 1236 2870 1291 finem
2906 1244 3130 1306 peccato
3159 1244 3400 1303 tenetur,
3442 1244 3497 1291 ut
3542 1238 3704 1291 illum

2075 1327 2312 1398 excipiat
2337 1334 2542 1382 aeterna
2585 1344 2771 1398 ptena,
2806 1344 2928 1398 quae
2961 1344 3082 1382 cum
3123 1327 3403 1383 voluntate
3430 1330 3704 1398 peccandi

2077 1421 2280 1474 deserit
2319 1420 2436 1475 haec
2462 1421 2590 1475 vita.
2635 1420 2776 1474 Talis
2805 1428 3062 1490 peccator
3117 1421 3172 1474 in
3207 1423 3308 1476 hoc
3351 1421 3556 1475 saeculo
3591 1436 3706 1475 non

2077 1511 2395 1578 absolvitur,
2447 1511 2577 1583 quia
2628 1511 2681 1564 in
2737 1511 3017 1567 voluntate
3069 1513 3369 1582 permansit
3411 1512 3707 1581 peccandi,

2080 1618 2259 1673 neque
2283 1603 2338 1655 in
2357 1602 2563 1670 futuro,
2593 1603 2721 1674 quia
2735 1619 2856 1657 cum
2879 1603 3162 1658 voluntate
3177 1603 3438 1673 peccandi
3464 1603 3704 1656 transiit.

2082 1697 2142 1750 Et
2167 1697 2312 1763 juste
2354 1699 2580 1767 punitur
2602 1713 2823 1766 semper
2854 1697 2948 1767 qui
2980 1697 3145 1751 vellet
3194 1712 3420 1767 peccare
3455 1711 3708 1764 semper,

2081 1787 2128 1840 si
2158 1787 2365 1842 viveret
2394 1787 2448 1840 in
2479 1787 2581 1841 hoc
2619 1787 2824 1841 saeculo
2854 1802 3096 1856 semper,
3127 1792 3184 1839 ut
3207 1785 3544 1840 voluntatem
3582 1801 3711 1854 pec-

2083 1875 2243 1931 candi
2291 1875 2686 1945 sempiternam
2718 1891 2883 1945 pmna
2922 1875 3216 1929 comitetur
3244 1874 3605 1943 sempiterna,
3650 1880 3711 1926 ut

2084 1982 2194 2022 non
2215 1966 2434 2022 deficiat
2459 1966 2513 2020 in
2545 1982 2612 2020 eo
2639 1982 2818 2036 poena:
2846 1967 3004 2035 justze
3038 1967 3338 2021 necessitas
3371 1966 3424 2018 in
3450 1980 3562 2036 quo
3595 1981 3708 2018 non

2082 2054 2266 2109 deficit
2297 2054 2561 2124 peccandi
2586 2055 2857 2109 voluntas.

2085 2189 2347 2256 Quomodo
2373 2192 2645 2256 peccatum
2667 2187 2741 2241 ad
2767 2193 2988 2242 mortem
3014 2203 3178 2241 unum
3221 2187 3392 2241 solum
3421 2190 3711 2256 peccatum

2424 2282 2519 2346 sit,
2547 2282 2690 2334 sicut
2716 2281 2958 2349 Spiritus
3000 2279 3351 2349 blasphemia.

2164 2409 2258 2465 Hic
2283 2409 2454 2464 oritur
2482 2409 2715 2480 quaestio
2742 2408 2900 2462 valde
2932 2407 3195 2474 difﬁcilis,
3229 2408 3374 2479 quod
3425 2407 3713 2479 evangeli-

2091 2510 2186 2555 sta:
2211 2508 2323 2555 tres
2356 2517 2526 2554 unum
2568 2500 2746 2555 solum
2780 2509 3064 2569 peccatum
3098 2500 3153 2553 in
3186 2499 3480 2572 Evangelio
3515 2499 3713 2553 dicunt

2091 2592 2492 2658 irremissibile,
2547 2592 2759 2646 scilicet
2797 2591 3197 2662 blasphemiam
3239 2591 3498 2661 Spiritus,
3545 2608 3712 2662 sepa-

2091 2689 2276 2736 rantes
2305 2698 2424 2736 eam
2459 2681 2527 2736 ab
2555 2681 2814 2736 omnibus
2843 2681 2988 2746 aliis,
3022 2681 3359 2753 evangelista
3390 2696 3521 2735 vero
3543 2682 3713 2736 Joan-

2091 2786 2189 2824 nes
2219 2771 2271 2824 in
2297 2769 2536 2840 Epistola
2563 2769 2773 2824 nullum
2807 2769 3110 2839 separatim
3146 2768 3713 2836 dicitirremissibile,

2091 2859 2191 2914 sed
2221 2865 2504 2929 peccatum
2537 2875 2714 2930 usque
2733 2865 2965 2913 mortem
2995 2859 3402 2930 qualecunque.
3427 2859 3717 2922 Quomodo

2093 2946 2436 3002 conveniunt
2466 2946 2707 3017 Epistola
2744 2945 2971 3002 Joannis
2997 2954 3053 3001 et
3078 2947 3453 3021 Evangelium,
3485 2948 3531 3001 si
3561 2950 3716 3018 quod

2021 3029 2070 3097 C
2094 3035 2448 3110 Evangelium
2481 3035 2552 3090 de
2583 3035 2734 3090 omni
2757 3043 3135 3108 negatpraeter
3155 3053 3324 3091 unum
3343 3037 3718 3103 nominatum,

2096 3127 2199 3180 hoc
2231 3125 2473 3180 Joannes
2506 3125 2575 3179 de
2607 3125 2860 3196 quolibet
2883 3124 3142 3195 afﬁrmat,
3173 3142 3283 3182 non
3322 3127 3390 3180 de
3419 3142 3531 3182 uno
3547 3143 3723 3197 sepa-

2097 3213 2296 3269 ratim?
2325 3214 2466 3268 Dicit
2511 3215 2895 3286 Evangelium:
2954 3216 3062 3270 Sed
3106 3216 3446 3288 blasphemia
3476 3216 3723 3287 Spiritus

2094 3315 2179 3362 est
2239 3306 2663 3371 irremissibilis;
2728 3307 3164 3362 dicitJoannes:
3222 3307 3521 3374 Quodlibet
3585 3324 3724 3378 pec-

2096 3408 2275 3453 catum
2298 3414 2473 3468 usque
2505 3399 2573 3452 ad
2603 3407 2836 3452 mortem
2885 3398 3093 3453 nullam
3123 3407 3365 3453 meretur
3385 3399 3722 3453 orationem.

2170 3489 2520 3562 Evangelium
2579 3489 2934 3560 singulariter
2994 3490 3241 3545 nominat
3317 3489 3722 3558 blasphemiam

2097 3581 2332 3652 Spiritus
2388 3589 2444 3635 et
2503 3581 2888 3647 determinate,
2957 3582 3197 3653 Epistola
3241 3581 3317 3635 nil
3365 3580 3724 3652 singulariter

2100 3674 2366 3740 nominat,
2392 3674 2490 3729 sed
2521 3681 2806 3744 peccatum
2832 3690 3008 3745 usque
3039 3674 3108 3728 ad
3135 3683 3363 3731 mortem
3395 3673 3527 3728 dicit
3556 3673 3726 3727 inde-

2099 3766 2410 3820 terminate.
2441 3765 2729 3820 Peccatum
2786 3766 2854 3820 ad
2895 3773 3127 3821 mortem
3168 3765 3591 3820 indeterminate
3620 3765 3720 3818 di-

2096 3868 2242 3912 ctum
2285 3857 2646 3932 intelligimus
2698 3859 2986 3929 quodlibet
3035 3874 3203 3912 unum
3244 3856 3556 3924 indefinite,
3598 3857 3728 3911 bla-

2096 3950 2347 4020 sphemia
2361 3949 2585 4020 spiritus
2612 3949 2941 4022 intelligitur
2963 3957 3250 4020 peccatum
3268 3964 3377 4004 non
3407 3947 3725 4020 quodlibet,

2097 4043 2195 4098 sed
2227 4059 2399 4098 unum
2432 4042 2679 4098 definite.

2171 4132 2232 4186 Et
2271 4131 2512 4202 Epislola
2541 4131 2772 4186 Joannis
2828 4133 2933 4187 hoc
2960 4131 3124 4187 modo
3165 4131 3460 4185 dissentire
3500 4130 3722 4184 videtur

2093 4224 2162 4278 ab
2195 4224 2508 4299 Evangelio,
2540 4240 2663 4279 cum
2701 4225 2943 4294 Epistola
2976 4225 3118 4280 dicat
3171 4224 3461 4294 quodlibet
3514 4239 3713 4293 pecca-

383 4347 444 4400 Et
475 4346 599 4401 ideo
631 4345 876 4400 nondum
906 4315 1398 4413 comprehendisse
1432 4361 1518 4400 me
1563 4315 1798 4402 arbitror
1822 4349 1994 4420 Spiri-
2014 4349 2071 4416 D
2103 4327 2216 4420 ηυξ
2256 4318 2323 4370 ad
2352 4324 2604 4420 Tot‘emf
2632 4333 2734 4420 pr?
2754 4331 2886 4420 fluo.
2906 4332 3019 4414 non,
3039 4317 3426 4420 Sitqanme
3453 4324 3508 4370 et
3545 4315 3728 4413 Erat,"

387 4445 476 4493 tus
507 4438 909 4508 blasphemiam
941 4451 1064 4505 quae
1095 4451 1202 4490 non
1227 4436 1538 4503 dimittitur,
1572 4455 1641 4493 ne
1668 4438 1878 4514 fingere
1907 4457 1999 4496 co-

381 4544 479 4599 gar
510 4527 692 4583 cordis
723 4524 1185 4595 impmnitentiam
1219 4541 1342 4595 qua:
1379 4527 1641 4581 nescitur.

384 4657 533 4723 Quod
565 4661 851 4725 peccatum
905 4655 976 4707 ad
1013 4659 1231 4708 mortem
1261 4657 1334 4709 sit
1365 4656 1699 4726 blasphemia
1736 4658 1997 4728 Spiritus.

458 4763 564 4817 Sed
612 4762 926 4832 requiratur
969 4759 1196 4814 Joannis
1234 4761 1585 4835 evangelista:
1643 4764 1816 4834 prima
1871 4765 2002 4836 Epi-

385 4855 544 4919 stola,
579 4869 701 4925 qua)
731 4852 1117 4907 canonicarum
1155 4851 1516 4921 Epistolarum
1547 4862 1632 4908 est
1653 4871 1782 4923 una,
1817 4856 1868 4909 in
1892 4872 2002 4928 qua

386 4947 587 5002 dicitur
612 4944 822 5016 aliquid
867 4941 1163 5014 Evangelia
1201 4942 1400 4998 simile.
1437 4945 1661 5000 Videtur
1709 4947 1855 5000 enim
1905 4964 2002 5018 per

387 5038 685 5108 Epistolam
744 5033 1107 5091 concordassc
1149 5032 1326 5087 tribus
1365 5038 1718 5108 evangelistis
1774 5040 1830 5092 in
1899 5041 2001 5094 hoc

384 5130 572 5194 verbo,
597 5130 664 5184 dc
682 5144 792 5199 quo
823 5127 962 5181 nihil
989 5132 1248 5197 posuerat
1275 5123 1332 5179 in
1366 5127 1663 5203 Evangelio
1694 5147 1814 5198 suo,
1838 5131 1996 5201 quasi

386 5219 442 5273 in
478 5219 716 5290 Epistola
747 5218 1004 5288 suppleat
1028 5211 1177 5284 quod
1209 5231 1392 5269 minus
1420 5217 1479 5272 in
1510 5219 1814 5292 Evangelio
1845 5220 1999 5274 dixe-

387 5322 469 5368 rat
499 5324 556 5368 ut
585 5315 706 5368 haec
725 5312 1003 5368 sententia
1032 5331 1195 5385 quam
1228 5313 1528 5386 quaerimus
1557 5328 1622 5367 ex
1652 5313 1757 5368 hoc
1796 5314 1999 5368 sciatur

387 5401 596 5458 firmior
615 5417 724 5473 quo
755 5401 1077 5457 confirmata
1115 5411 1199 5458 est
1250 5403 1318 5457 ab
1349 5401 1706 5475 evangelistis
1738 5409 1996 5473 quatuor.

389 5489 708 5544 Audivimus
756 5496 866 5544 tres
905 5491 1270 5564 evangelistas
1298 5490 1431 5562 quid
1483 5489 1724 5544 dixerint
1761 5491 1908 5545 unde
1944 5489 2004 5545 fit

387 5582 636 5648 quaestio.
681 5582 979 5638 Audiamus
1006 5584 1274 5640 Joannem
1325 5591 1578 5655 quartum
1609 5584 1744 5654 quid
1785 5585 2002 5650 dixerit,

389 5667 537 5721 unde
559 5669 654 5724 fiat
682 5671 906 5728 solutio.
936 5675 1066 5729 Tres
1096 5676 1385 5748 implicant
1425 5691 1525 5730 nos
1556 5691 1780 5730 suorum
1805 5677 2006 5732 verbo-

2101 4406 2305 4478 gelium
2337 4405 2484 4460 dicat
2511 4405 2683 4460 solam
2714 4405 3114 4476 blasphemiam
3145 4405 3384 4474 Spiritus
3416 4404 3716 4458 irremissi-

2103 4493 2210 4547 bile
2234 4500 2537 4562 peccatum.
2573 4493 2680 4547 Sed
2724 4495 2864 4547 hanc
2891 4493 3256 4564 quaestionem
3288 4493 3429 4546 sicut
3471 4492 3721 4562 implicat

2105 4582 2511 4638 inconsiderata
2546 4598 2722 4636 rerum
2755 4581 3030 4647 confusio,
3083 4581 3166 4635 sic
3192 4581 3430 4652 explicat
3467 4597 3587 4635 eam
3629 4598 3722 4636 re-

2103 4689 2222 4727 rum
2264 4673 2563 4747 diligenter
2589 4673 2936 4728 considerata
2977 4673 3259 4727 discretio.
3319 4672 3546 4740 Adjacet
3573 4673 3723 4726 enim

2102 4765 2330 4820 cuilibet
2359 4772 2584 4835 peccato
2604 4764 2950 4835 pcenitentia,
2977 4765 3061 4819 vel
3089 4765 3416 4835 pertinacia;
3442 4764 3727 4834 poeniten-

2102 4857 2174 4910 tia
2208 4857 2435 4923 bonum,
2465 4865 2747 4926 peccatum
2782 4857 2956 4926 ipsum
2992 4858 3232 4921 malum;
3269 4857 3570 4927 pertinacia
3597 4873 3730 4926 pec-

2102 4949 2207 5003 cati
2247 4948 2313 5002 ad
2338 4955 2575 5018 tempus,
2611 4949 2806 5018 pejus;
2851 4948 3153 5018 pertinacia
3183 4949 3247 5002 ad
3277 4956 3505 5003 mortem
3539 4949 3723 5018 pessi-

2102 5053 2274 5102 mum,
2307 5046 2361 5091 et
2417 5037 2669 5091 ultimum
2714 5038 2940 5091 malum.
3003 5038 3192 5108 Itaque
3240 5037 3508 5092 malorum
3575 5037 3724 5090 aliud

2103 5127 2274 5198 prius,
2326 5128 2474 5183 aliud
2506 5128 2804 5199 posterius,
2851 5129 2999 5183 aliud
3034 5136 3396 5200 postremum.
3457 5129 3636 5192 Prius,
3670 5136 3726 5182 ut

2099 5217 2409 5284 fornicatio,
2443 5216 2670 5283 furtum,
2701 5217 2915 5288 rapina,
2941 5219 3158 5284 odium,
3192 5218 3396 5273 invidia
3427 5229 3481 5272 et
3509 5218 3614 5272 alia
3641 5217 3727 5270 in-

2100 5305 2288 5374 finita;
2339 5309 2634 5379 posterius,
2662 5319 2718 5362 ut
2744 5309 3150 5379 impmnitentia
3189 5310 3257 5363 ad
3285 5320 3531 5378 tempus;
3576 5317 3728 5377 post-

2102 5417 2336 5468 remum,
2371 5409 2430 5455 ut
2463 5401 2870 5472 impcenitentia
2901 5401 2970 5454 ad
3002 5401 3280 5456 ultimum.

2184 5492 2242 5546 Et
2277 5493 2457 5562 priora
2513 5493 2830 5562 praecedunt
2868 5493 3025 5563 quasi
3083 5491 3360 5562 capitalia,
3397 5491 3465 5544 de
3499 5489 3732 5560 quibus,

2109 5584 2378 5639 habeatur
2418 5584 2743 5654 pmnilentia
2792 5583 2874 5637 vel
2935 5582 3359 5654 impmnitentia.
3416 5581 3527 5635 Nisi
3578 5582 3729 5635 enim

2109 5679 2348 5748 primum
2390 5687 2678 5750 peccatum
2707 5679 2820 5745 fiat,
2858 5694 2967 5734 non
3017 5687 3099 5734 est
3147 5678 3305 5745 cujus
3335 5677 3600 5746 paeniteat
3628 5676 3734 5730 ali-
