3892 6048
169 221 306 277 1117

1451 218 1536 274 DE
1577 215 1944 273 CANONIBUS
1984 213 2221 270 EVANG.

3365 213 3501 269 1118

168 377 361 432 quem,
391 361 477 416 vel
505 360 664 429 cujus
697 360 1053 432 impaenitens
1076 366 1316 414 maneat.
1352 360 1430 414 Ab
1455 359 1608 414 omni
1637 357 1782 412 malo
1803 361 1854 430 Α
1883 353 2242 427 evangelistis
2271 359 2328 409 et
2358 353 2415 408 in
2463 353 2699 417 Joanne,
2741 353 3075 424 appellatum
3120 355 3173 410 in
3204 356 3498 433 Evangelia

166 452 234 505 ad
265 452 498 522 primum
556 451 760 507 bonum
807 451 959 520 prius
1001 450 1328 522 diriguntur,
1365 449 1419 504 id
1446 459 1548 514 est,
1598 448 1781 520 pmni-

172 547 418 613 tentiam,
455 562 616 618 quam
646 547 896 618 sequitur
927 546 1202 602 remissio.
1236 547 1274 599 A
1310 545 1488 616 primo
1513 545 1656 600 malo
1686 560 1781 599 ca-

170 641 321 695 ditur
349 640 403 693 in
437 639 733 710 posterius,
765 638 896 694 inde
927 639 996 693 ad
1029 647 1389 710 postremum,
1423 637 1569 709 quod
1599 643 1683 692 est
1711 637 1780 691 ad

171 729 335 784 ﬁnem
365 729 788 800 impaenitentia,
802 745 964 800 quam
983 729 1237 800 sequitur
1251 728 1572 784 irremissio.
1589 729 1646 782 ln
1662 744 1784 800 quae

171 825 304 889 duo,
364 825 416 878 id
447 831 530 878 est
559 823 838 894 posterius
864 829 918 878 et
948 833 1307 894 postremum,
1363 827 1610 894 peccator
1659 838 1782 878 cum

167 920 392 981 veneni,
423 919 718 973 contemnit
737 919 914 983 (Prov.
949 917 1100 986 xvm)
1117 958 1129 971 .

245 1065 338 1119 llic
375 1065 800 1119 considerantur
849 1073 1086 1134 quatuor
1129 1063 1424 1129 contraria,
1464 1062 1576 1117 duo
1615 1061 1778 1128 bona,

169 1155 388 1211 duobus
419 1155 576 1210 malis
604 1155 859 1226 opposita
911 1153 1150 1219 Quorum
1190 1155 1328 1210 ratio
1367 1161 1426 1209 ut
1468 1152 1784 1208 evidentius

168 1255 452 1318 appareat,
507 1247 590 1300 sic
627 1263 693 1301 ea
723 1247 989 1318 quadrata
1031 1245 1263 1302 formula
1293 1246 1550 1317 disponat
1602 1251 1660 1298 ut
1716 1244 1780 1298 li-

170 1353 276 1391 nea
309 1337 566 1407 superior
594 1353 624 1390 e
652 1336 878 1411 regione
906 1335 1016 1390 duo
1043 1335 1344 1400 contineat,
1405 1341 1461 1390 et
1513 1333 1661 1388 linea
1687 1332 1778 1386 in-

168 1427 338 1482 ferior
367 1443 396 1481 e
425 1426 650 1501 regione
690 1425 800 1481 duo
837 1425 1090 1480 similiter
1127 1424 1346 1480 habeat.
1396 1424 1459 1478 Et
1494 1423 1576 1478 sic
1601 1439 1780 1494 appa-

169 1527 252 1573 ret
281 1519 336 1572 in
381 1517 669 1589 utriusque
709 1517 872 1572 lineis
911 1533 1099 1573 eorum
1133 1517 1310 1588 prima
1363 1515 1542 1572 fronte
1572 1523 1790 1571 eontra-

168 1611 354 1664 rietas.
385 1609 450 1664 Et
478 1611 560 1665 sic
603 1610 658 1664 in
689 1609 976 1680 utriusque
1015 1608 1282 1663 lateribus
1320 1607 1695 1672 inveniuntur,
1729 1612 1788 1661 ut

1881 451 2116 522 Spiritus
2143 449 2509 521 blasphemia,
2551 450 2604 504 in
2656 447 2902 520 Epistola
2948 465 3078 507 vero
3110 462 3392 522 peccatum
3430 453 3498 508 ad

1881 548 2136 606 mortem,
2171 539 2228 594 id
2250 547 2334 594 est
2355 539 2770 610 impmnitentia
2799 539 2866 593 ad
2901 539 3087 595 finem.

1889 655 2001 712 Cur
2031 657 2406 712 irremissibile
2427 657 2760 731 blasphemia
2783 659 2960 731 magis
2992 660 3226 731 pertinet
3261 659 3336 714 ad
3365 661 3498 731 Spi-

2169 731 2339 782 ritum
2369 743 2534 797 quam
2563 727 2638 781 ad
2655 731 2865 782 Patrem
2878 729 2960 782 vel
2997 730 3212 784 Filium.

1955 818 2060 874 Sed
2083 833 2207 874 cum
2241 819 2297 873 in
2317 818 2530 874 Joanne
2572 818 2857 893 signanter
2876 826 2929 874 et
2960 821 3183 890 proprie
3214 828 3497 890 peccatum

1881 911 1951 966 ad
1981 917 2212 966 mortem
2254 916 2500 974 vocetur,
2542 910 2806 982 quaeritur
2835 910 2891 964 in
2929 911 3223 984 Evangelia
3249 929 3346 968 cur
3374 913 3498 968 bla-

1880 1000 2134 1073 Sphemia
2165 1017 2274 1057 non
2303 1001 2498 1068 Patris,
2536 1002 2622 1056 vel
2663 1001 2806 1068 Filii,
2858 1003 2960 1057 sed
3002 1003 3240 1074 Spiritus
3287 1011 3496 1060 tantum

1883 1091 2115 1146 dicatur.
2150 1090 2230 1144 Ad
2263 1091 2422 1162 quod‘
2462 1091 2832 1160 respondetur
2877 1091 3026 1163 quia,
3069 1109 3190 1148 cum
3241 1093 3500 1162 majestas

1882 1198 2112 1237 summae
2159 1181 2442 1236 Trinitatis
2493 1188 2603 1238 tota
2665 1183 2736 1237 sit
2780 1183 3020 1238 charitas
3069 1191 3126 1239 et
3173 1185 3228 1239 in
3283 1201 3499 1240 summa

1882 1271 2151 1326 Trinitate
2177 1270 2394 1342 singula
2424 1287 2658 1342 qumque
2687 1287 2926 1342 persona
2947 1273 3248 1328 certissime
3275 1275 3346 1329 sit
3365 1276 3499 1330 cha-

1885 1360 2036 1426 ritas,
2079 1366 2261 1414 tamen
2311 1358 2550 1430 Spiritus
2579 1367 2802 1416 sanctus
2839 1362 3156 1432 specialiter
3193 1370 3248 1418 et
3273 1364 3497 1434 proprie

1889 1459 1989 1516 est,
2016 1452 2272 1518 charitas,
2304 1451 2434 1524 quia
2465 1452 2637 1508 Patris
2666 1459 2722 1509 et
2750 1453 2912 1508 Verbi
2957 1462 3042 1510 est
3083 1471 3212 1511 vera
3232 1472 3495 1512 commu-

1889 1547 2006 1616 nio,
2033 1553 2087 1601 et
2117 1546 2294 1602 dulcis
2321 1547 2608 1619 utriusque
2639 1547 2706 1602 ad
2741 1547 2974 1604 invicem
3007 1557 3064 1605 et
3089 1551 3155 1605 ad
3190 1551 3374 1606 omnia
3403 1552 3495 1606 di-

1887 1634 2068 1690 lectio.
2107 1634 2164 1688 Et
2185 1650 2309 1690 cum
2340 1634 2461 1704 ipsa
2491 1635 2729 1690 charitas
2756 1644 2996 1708 nequeat
3021 1639 3310 1694 admittere
3339 1657 3497 1695 suum

168 1703 236 1798 ad
264 1701 951 1798 se-invicemsequantur.
975 1701 1128 1798 hinc
1154 1701 1276 1798 d110_
1300 1701 1472 1798 b003_
1494 1716 1595 1771 P0P
1619 1699 1856 1798 "fisz
1880 1721 2242 1784 contrarium,
2287 1699 2394 1776 non
2429 1729 2608 1793 potest
2663 1699 2862 1778 odisse.
2895 1724 3195 1796 quidquam
3229 1727 3376 1798 quod
3433 1728 3505 1782 sit

172 1794 486 1860 ricordiam,
538 1791 768 1848 inferius
803 1793 1040 1858 virtutis,
1081 1791 1620 1886 rsuperiuspalmaa;
1655 1790 1786 1846 inde
1886 1817 2152 1875 creatum,
2203 1810 2300 1864 sed
2355 1790 2534 1882 dit—ign
2575 1810 2782 1876 omnia,
2823 1790 2948 1882 (Ιηῷ
2993 1790 3164 1867 mium
3231 1790 3502 1886 duidquid

169 1888 282 1943 duo
340 1887 480 1942 mala
520 1904 618 1956 per
664 1886 956 1955 justitiam,
1008 1885 1238 1941 inferius
1285 1885 1482 1956 culpae,
1532 1885 1781 1955 superius

1904 1909 1992 1969 est,
2021 1918 2151 1956 vera
2183 1901 2409 1956 dilectio
2439 1907 2542 1964 est,
2600 1902 2703 1956 nisi
2756 1901 2904 1956 enim
2957 1905 3248 1960 essentiam
3281 1921 3501 1960 omnem

164 1996 378 2050 ρωηωῖ
413 1979 756 2054 angulariler
783 1994 914 2034 νοτο
957 1978 1037 2034 δίο
1063 1979 1327 2048 utrinque
1379 1983 1703 2066 repugnant,
1727 1982 1787 2031 ιη
1887 1991 2168 2064 diligeret,
2198 2008 2370 2046 unum
2421 2007 2642 2063 quoque
2673 1992 2814 2047 sicut
2845 2001 2928 2048 est
2959 2009 3082 2049 esse
3132 2009 3240 2050 non
3303 2003 3504 2066 potest.

164 2067 466 2122 simulesse
485 2076 786 2138 nequeant,
808 2067 919 2122 duo
949 2065 1654 2134 immutabilitatejustitize,
1674 2063 1784 2120 duo
1886 2063 2145 2144 ngdam
2175 2087 2356 2135 autem
2399 2080 2660 2135 essentia;
2701 2081 2916 2152 culpam
2949 2063 3314 2149 admiserunt;
3337 2085 3435 2138 sed
3457 2090 3512 2139 ει

159 2158 492 2214 certitudine
537 2157 956 2226 misericordiae,
989 2164 1048 2212 ut
1091 2157 1344 2226 subjecta
1399 2161 1664 2212 monstrat
1691 2155 1790 2208 de-
1893 2171 2040 2242 ipsas
2062 2187 2190 2226 vera
2217 2171 2456 2227 charitas
2496 2171 2677 2246 diligit
2725 2188 2848 2243 qua;
2876 2184 3270 2244 peccaverunt,
3325 2182 3511 2245 parata

163 2249 418 2321 scriptio.
1891 2261 1959 2316 ad
2003 2262 2432 2336 indulgentiam,
2474 2263 2520 2316 si
2569 2269 2735 2336 agant
2789 2265 3192 2334 pmnitentiam.
3228 2265 3358 2320 Nam
3391 2281 3514 2337 qua:

1895 2370 2026 2410 vere
2064 2355 2264 2427 diligit,
2296 2356 2538 2411 libenter
2557 2355 2822 2412 offensam
2855 2358 3102 2415 dimittit.

1967 2443 2058 2498 Est
2106 2444 2255 2499 enim
2281 2461 2424 2500 vera;
2461 2445 2744 2500 charitatis
2786 2445 3056 2504 ofﬁcium.
3085 2454 3272 2518 optata
3315 2448 3512 2503 remis-

1895 2533 1980 2590 sio
2011 2541 2380 2606 peccatorum.
2408 2536 2490 2603 Et,
2523 2536 2665 2608 sicut
2700 2537 2755 2591 in
2787 2553 3002 2592 summa
3029 2537 3294 2594 Trinitate
3327 2539 3512 2594 chari-

1895 2638 1976 2682 tas
2017 2629 2234 2699 prOprie
2262 2629 2496 2684 refertur
2523 2631 2591 2685 ad
2622 2631 2908 2702 Spiritum,
2953 2633 3025 2688 ita
3071 2635 3292 2705 prapric
3337 2635 3512 2689 ascri-

1894 2716 2042 2772 bitur
2085 2717 2312 2788 Spiritui
2334 2719 2588 2776 remissio
2619 2727 2995 2791 peccatorum,
3036 2729 3228 2793 utpote
3276 2723 3514 2778 charita-

1255 2464 1267 2533 |
1312 2462 1514 2516 malum
1551 2465 1730 2535 culpae

831 2559 1102 2614 contraria
1245 2557 1257 2631 Ι

215 2465 422 2519 bonum
455 2463 652 2532 palma:
690 2466 702 2529 Ι

297 2561 566 2616 Remissio
686 2564 696 2629 |
831 2560 1102 2614 contraria
1245 2560 1257 2629 Ι
1371 2560 1672 2616 irremissio

195 2805 234 2889 Ξ
268 2807 306 2891 Ξ
333 2802 342 2891 Ι
1609 2802 1618 2891 Ι
1893 2805 1962 2860 tis
1981 2802 2224 2860 ofﬁcium
2250 2823 2264 2869 ;
2303 2807 2556 2877 quamvis
2585 2808 2641 2862 in
2684 2815 2798 2864 tota
2823 2809 3087 2865 Trinitate
3118 2827 3411 2866 commune
3440 2811 3514 2866 sit

746 2867 952 2978 \”"c\
995 2867 1211 2978 λάβ’]
1608 2867 1781 2978 ΙξὲΙ

1904 2903 2119 2965 peccata
2137 2867 2438 2951 dimittere.
2715 2949 2720 2952 .

181 2957 341 3066 ,Ξ
807 2957 892 3066 \'
925 2957 1022 3066 γ
1894 2957 1908 2966 ’
1961 2983 2016 3038 Si
2045 2999 2179 3059 ergo
2207 2985 2446 3056 Spiritus
2471 2993 2697 3042 sanctus
2733 2987 2956 3058 proprie
2999 2996 3224 3059 peccata
3253 2988 3510 3058 dimittit,

855 3046 956 3163 γ
976 3046 1092 3163 /\
1815 3085 1864 3154 ρ
1892 3075 1946 3130 id
1977 3046 2142 3130 certe;
2181 3046 2373 3132 contra
2411 3076 2673 3148 Spiritum
2721 3046 2970 3134 sanctum
2999 3046 3088 3134 .se
3130 3080 3306 3155 magis
3343 3046 3511 3155 erigii

789 3150 1034 3250 ᾼχχ
1829 3150 1850 3154 ⁷
1889 3164 2039 3236 quod
2059 3166 2436 3221 remissionem
2470 3175 2819 3238 peccatorum
2846 3168 3022 3242 magis
3037 3150 3304 3236 excludit,
3337 3176 3394 3225 et
3415 3150 3505 3224 in-

195 3248 342 3336 '3.”
724 3248 926 3336 Αςθ]
1605 3248 1676 3336 ΙΞ
1883 3252 2028 3320 juria
2057 3253 2251 3324 majori
2279 3260 2528 3309 sanctum
2578 3255 2835 3310 molestat
2888 3256 3151 3326 Spiritum
3205 3263 3352 3328 quod
3395 3273 3511 3312 ma-

195 3323 234 3394 Ξ
265 3323 342 3416 ΞΙ
662 3323 870 3416 [$7
1604 3323 1613 3416 Ι
1883 3342 1990 3410 jori
2024 3323 2274 3412 nequitia
2309 3344 2525 3398 veniam
2574 3345 2791 3415 repellit
2832 3323 3327 3416 peccatorum—Et
3378 3347 3506 3404 ideo

1890 3438 2036 3487 recte
2092 3440 2324 3488 vocatur
2377 3433 2727 3504 blasphemia
2775 3435 3014 3506 Spiritus
3051 3437 3189 3492 illud
3220 3447 3506 3508 peccatum

568 2643 595 2651 _
692 2708 730 2735 Α
1236 2649 1318 2729 8%

597 2652 895 3075 ᾗ
1712 2804 1750 2830 ω

757 2637 894 2913 6%;
1089 2813 1186 2900 ei
1695 2834 1750 2902 ε

816 2886 898 2976 ‘8,
1066 2890 1136 2963 ἐ
1624 2901 1679 2970 '8
1711 2905 1749 2977 ἓ

1641 2975 1678 3002 ’³
1713 2984 1750 3018 I:

1623 3023 1756 3124 ’Ξὲ

839 3203 898 3267 δ’
1053 3225 1117 3268 ,κ’

775 3259 860 3364 ςέο
1638 3248 1676 3299 Ξ
1708 3273 1747 3336 8

685 3343 793 3466 ἐξ
1147 3337 1208 3417 (ἐς
1708 3341 1746 3392 Ξ

568 3544 588 3618 i
678 3567 688 3638 |
829 3564 1108 3618 contraria
1239 3570 1250 3632 |
1317 3563 1723 3634 impcenitentia

1240 3671 1250 3728 |
1296 3671 1498 3716 malum
1541 3676 1718 3731 paene
1763 3671 1774 3748 Ι

185 3544 578 3556 _'

1887 3522 2034 3594 quod
2065 3523 2348 3578 charitatis
2383 3524 2545 3579 dulce
2580 3524 2782 3580 refutat
2819 3525 3084 3591 officium,
3119 3543 3223 3582 nec
3251 3528 3506 3600 accipere

1885 3619 2042 3666 eurat
2084 3628 2282 3666 munus
2315 3612 2517 3680 veniae,
2556 3614 2705 3685 quod
2757 3615 2996 3670 charitas
3053 3615 3317 3672 omnibus
3355 3623 3509 3688 aptat

1885 3699 2188 3770 impertire.
2225 3701 2288 3757 Et
2313 3701 2420 3757 hoc
2468 3709 2553 3756 est
2583 3709 2871 3773 peccatum
2901 3704 2969 3758 ad
3017 3713 3272 3773 mortem,
3309 3705 3364 3760 id
3423 3713 3508 3760 est

1239 3570 1250 3632 |
1317 3563 1723 3634 impcenitentia

1240 3669 1250 3728 |
1296 3661 1498 3716 malum
1541 3676 1718 3731 paenae

263 3565 588 3636 poenitentia
678 3567 688 3638 |
829 3564 1108 3618 contraria

198 3665 405 3719 bonum
431 3664 651 3719 virtutis
678 3661 687 3730 |

1883 3789 2288 3860 impmnitentia
2311 3791 2380 3845 ad
2417 3789 2606 3858 finem,
2639 3799 2944 3848 extremum
2977 3794 3202 3861 malum,
3235 3794 3494 3849 irremts-
3595 3829 3600 3834 ο

226 3893 336 3949 Hoc
391 3907 522 3967 ergo
555 3891 720 3948 modo
767 3889 1114 3947 considerata
1169 3889 1513 3946 discretione
1575 3903 1778 3956 rerum,

151 3999 277 4040 cum
320 3985 376 4039 in
421 3985 717 4058 Evangelia
759 3982 963 4038 dicitur
1015 3997 1181 4038 omne
1221 3981 1426 4038 dimitti
1467 3990 1780 4053 peccatum,

149 4076 535 4150 intelliguntur
563 4075 681 4146 ipsa
713 4080 939 4146 peccata
969 4089 1093 4146 quae
1123 4081 1257 4129 sunt
1286 4073 1462 4146 prius,
1502 4079 1558 4128 et
1585 4073 1783 4144 impin-

154 4161 388 4216 nitentia
410 4163 478 4216 ad
501 4171 738 4232 tempus.
773 4177 895 4232 quae
923 4169 1008 4216 est
1039 4161 1334 4232 posterius.
1372 4160 1618 4232 Spiritus
1648 4175 1779 4217 vero

1881 3883 2044 3938 sibile
2073 3884 2278 3952 solum,
2337 3901 2460 3940 cum
2518 3885 2728 3942 remitti
2771 3888 2942 3958 possit
2979 3889 3130 3944 aliud
3176 3904 3342 3944 omne
3373 3905 3506 3960 pec-

1885 3980 2088 4028 catum.
2112 3973 2176 4028 Bt
2217 3974 2322 4030 hoc
2349 3982 2435 4029 est
2463 3982 2658 4030 contra
2687 3986 2936 4032 sanctum
2981 3977 3245 4048 Spiritum
3289 3977 3497 4045 dicere,

1884 4064 2097 4120 scilicet
2118 4065 2304 4120 divina
2330 4081 2500 4137 opera
2526 4067 2891 4138 vituperando
2937 4077 2992 4124 et
3031 4070 3085 4124 in
3115 4087 3337 4141 pravam
3377 4089 3506 4144 par-

1882 4159 1992 4208 tem
2019 4154 2299 4221 ducendo,
2339 4155 2616 4212 invidiose
2647 4164 2704 4212 et
2731 4157 2969 4228 superbe
3009 4174 3186 4230 usque
3239 4160 3293 4213 in
3342 4160 3508 4216 tinem

153 4252 523 4324 blasphemia,
557 4269 680 4324 quae
727 4253 931 4308 remitti
986 4267 1097 4308 non
1135 4259 1340 4324 potest,
1389 4261 1473 4308 est
1502 4252 1776 4324 impaeni-
1801 4311 1849 4324 Ἀ
1882 4247 2327 4318 ἱωρωιιίιθηιοῐη
2369 4249 2686 4318 persistere,
2736 4249 2876 4304 sicut
2929 4257 2984 4304 et
3029 4251 3286 4306 malitiosi
3326 4251 3506 4307 Judaei

151 4311 324 4399 tentia
362 4345 428 4400 ad
491 4311 814 4415 tinem,'pro
845 4359 954 4416 qua
984 4311 1283 4400 arari-non
1315 4311 1503 4401 debet.
1548 4311 1611 4399 Et
1647 4361 1774 4400 cum
1797 4311 1856 4380 D
1881 4347 2014 4395 tunc
2040 4339 2332 4406 faciebant,
2373 4340 2468 4411 qui
2508 4340 2724 4394 divinas
2781 4341 2902 4411 ejus
2939 4341 3168 4396 virtutes
3221 4342 3508 4400 immundo

152 4439 211 4492 in
242 4435 544 4508 Evangelia
574 4438 746 4493 multa
801 4437 914 4492 sint
944 4443 1000 4492 et
1057 4437 1492 4492 innumerabilia
1532 4445 1782 4510 peccata,

151 4545 276 4602 quae
309 4536 539 4602 possunt
591 4529 815 4598 dimitti,
847 4546 956 4585 una
1004 4538 1087 4584 est
1123 4529 1360 4600 Spiritus
1412 4529 1782 4602 blasphemia,

158 4634 284 4689 qua:
328 4633 438 4673 non
480 4626 662 4688 potest
695 4617 919 4685 dimitti,
961 4617 1050 4673 cui
1091 4624 1176 4672 est
1229 4617 1377 4672 idem
1423 4617 1479 4672 in
1541 4619 1784 4689 Epistola

157 4709 391 4764 Joannis
418 4717 702 4781 peccatum
743 4710 813 4764 ad
844 4715 1102 4776 mortem,
1152 4710 1205 4764 id
1246 4716 1332 4764 est
1373 4708 1782 4780 impaenitentia

157 4797 225 4852 ad
259 4796 449 4863 ﬁnem,
477 4813 576 4869 pro
607 4814 718 4870 quo
748 4799 868 4853 solo
923 4814 1032 4854 non
1073 4798 1243 4854 debet
1275 4797 1440 4854 arari.
1486 4798 1548 4853 Et
1587 4797 1662 4853 ita
1699 4805 1783 4854 est

161 4908 335 4946 unum
369 4892 546 4949 solum
600 4900 883 4964 peccatum
945 4891 1328 4948 irremissibile
1381 4897 1438 4948 et
1494 4892 1548 4946 in
1604 4891 1782 4947 tribus

1883 4430 2101 4502 spiritui
2133 4431 2506 4487 ascribebant.
2547 4431 2684 4486 lnde
2724 4431 2994 4487 divinitus
3031 4448 3266 4488 cernens
3315 4449 3509 4490 eorum

1885 4536 2062 4592 usque
2094 4521 2163 4575 ad
2196 4519 2360 4575 finem
2394 4519 2880 4590 impmnitentiam,
2926 4530 2982 4575 et
3019 4536 3116 4577 eos
3151 4521 3206 4575 in
3237 4531 3505 4578 aeternum

1884 4611 2232 4668 damnandos
2269 4610 2512 4676 dicebat,
2556 4620 2612 4665 et
2653 4617 2904 4682 posteros
2953 4621 3010 4666 et
3051 4618 3260 4667 tantum
3301 4613 3506 4669 malum

1881 4714 2113 4758 caveant
2155 4701 2467 4757 instruebat
2523 4702 2844 4756 Invenimus
2875 4718 2940 4757 ex
2975 4701 3060 4757 his
3091 4703 3370 4778 Evangelii
3411 4720 3505 4760 ca-

1883 4795 2075 4867 pitulis
2096 4795 2260 4850 aliter
2283 4794 2436 4866 loqui
2475 4795 2660 4850 Patres
2683 4794 3052 4863 orthodoxas;
3093 4812 3216 4868 quae
3249 4797 3343 4869 qui
3389 4797 3506 4853 vult

1881 4891 2024 4947 scire
2057 4891 2304 4962 requirat
2329 4891 2480 4962 apud
2520 4890 2665 4946 illos.

513 5002 755 5072 Explica
776 5001 1218 5057 reverendissimi
1247 5001 1462 5056 domini
1490 5000 1692 5058 Odonis
1726 5003 1802 5056 De
1841 4999 2178 5070 blasphemia
2205 5001 2267 5055 in
2297 5001 2567 5071 Spiritum
2594 5004 2840 5055 sanctum
2869 5003 3156 5056 tractatus.

381 5237 388 5242 '
489 5166 1730 5397 DE-CANONIBUS
1803 5251 3166 5395 EVANGELIORUM

241 5581 568 5635 Sanctorum
623 5579 1039 5655 Evangeliorum
1096 5582 1258 5639 lectio
1307 5597 1485 5639 canon
1544 5582 1790 5654 quidam,

177 5670 233 5726 id
272 5675 357 5726 est
397 5667 670 5726 institutio
700 5669 787 5726 vel
827 5671 1018 5746 regula
1063 5679 1150 5728 est
1203 5671 1486 5747 religionis
1509 5671 1789 5744 perfecte.

1893 5581 2050 5638 Unde
2098 5579 2351 5638 canonici
2395 5584 2682 5646 vocantur,
2711 5577 2807 5649 qui
2836 5577 3141 5634 secundum
3201 5574 3506 5632 institutio-

1893 5690 2020 5730 nem
2049 5679 2368 5730 sanctarum
2411 5669 2836 5746 Evangeliorum
2865 5669 3078 5728 vivunt.
3117 5667 3378 5741 Singulas
3403 5667 3508 5741 igi-
