3932 6040
397 190 538 245 1119

1625 187 1684 242 Β.
1727 185 1964 242 ODONIS
2004 185 2243 243 CAMER.
2287 187 2492 243 EPISC.

3590 193 3739 246 1120

397 335 483 381 tur
516 333 828 380 sanctorum
844 322 1261 394 Evangeliorum
1294 321 1597 376 sententias
1635 336 1878 377 canones
1908 335 2007 376 νο·-
2035 325 2084 392 Α
2106 327 2279 388 vacat,
2313 321 2442 392 quia
2465 337 2737 394 nusquam
2771 332 2905 394 puto
2944 338 3040 378 eos
3089 323 3385 378 convenire
3433 323 3490 377 iu
3521 339 3730 398 genere

396 430 616 478 camus;
667 413 766 467 sed
795 412 1056 482 quoniam
1107 409 1526 485 Evangeliorum
1572 409 1773 481 regulae
1800 409 1885 464 vel
1913 425 2006 464 ca-

397 523 571 564 nones
599 507 654 560 in
682 505 1094 577 quatuorlibris
1125 512 1362 576 quatuor
1381 503 1843 577 Evangelistarum
1877 519 2009 559 con-

394 609 763 667 summantur,
820 599 1006 657 evenit
1063 607 1122 655 ut
1176 600 1232 654 in
1305 599 1636 670 quibusdam
1711 598 2008 654 sententiis

395 713 591 752 omnes
621 696 677 749 in
705 695 867 750 simul
899 694 1258 759 conveniant;
1292 699 1370 760 ut,
1404 693 1551 764 quod
1585 693 1641 746 in
1666 709 1777 748 uno
1830 709 2004 747 evan-

397 785 722 858 gelistarum
758 786 962 840 dictum
1012 786 1101 852 sit,
1134 785 1330 840 eodem
1364 785 1528 839 modo
1559 785 1645 839 vel
1674 784 1928 839 similiter
1950 784 2005 838 in

397 881 628 952 reliquis
659 881 833 935 tribus
878 881 1222 946 inveniatur;
1270 880 1325 934 in
1359 879 1690 950 quibusdam
1723 895 1851 936 vero
1885 895 2006 935 sen-

399 972 588 1026 tentiis
628 980 739 1027 tres
767 978 1010 1038 tantum;
1066 979 1124 1026 ut
1163 972 1220 1025 iu
1268 981 1486 1042 quarto,
1530 987 1640 1026 non
1699 970 2010 1026 inveniatur

400 1061 550 1132 quod
598 1069 708 1116 tres
765 1062 1117 1133 evangelista:
1157 1059 1413 1115 similiter
1458 1059 1746 1123 dixerunt;
1804 1060 1858 1113 in
1890 1060 2013 1114 aliis

399 1169 528 1209 vero
553 1153 662 1208 duo
690 1159 919 1210 tantum.
955 1152 1183 1224 reliquis
1213 1152 1431 1206 duobus
1473 1151 1525 1205 id
1561 1152 1738 1222 ipsum
1780 1152 2010 1206 tacenti-

404 1246 538 1309 bus;
569 1245 625 1298 in
656 1244 778 1299 aliis
807 1260 938 1300 vero
969 1244 1174 1316 singuli
1206 1243 1559 1314 evangelistaa
1591 1243 1846 1314 proprias
1878 1260 2011 1298 sen-

403 1334 605 1388 tentias
653 1333 964 1396 enuntient,
1008 1332 1223 1386 caeteris
1281 1332 1612 1398 tacentibus,
1668 1333 1816 1403 quod
1872 1349 2012 1387 unus

406 1425 630 1492 dixerit,
674 1431 732 1479 ut
789 1426 903 1479 ham
947 1425 1109 1494 plane
1156 1424 1328 1493 possit
1368 1422 1486 1478 fieri
1520 1424 1718 1480 divisio
1768 1425 2011 1498 generis,

403 1516 563 1587 quasi
606 1515 662 1570 in
703 1515 966 1586 quasdam
999 1515 1214 1584 species
1238 1530 1533 1570 canonum.
1565 1517 1688 1581 Alii,
1723 1516 1778 1570 in
1808 1517 2010 1588 quibus

406 1610 644 1672 quatuor
703 1603 1056 1676 evangelistm
1115 1604 1481 1673 conveniunt;
1540 1605 1657 1672 alii,
1704 1605 1758 1659 in
1807 1606 2008 1677 quibus

404 1704 544 1760 tres;
574 1693 685 1760 alii,
722 1695 776 1748 in
795 1694 998 1766 quibus
1023 1695 1161 1761 duo;
1194 1695 1307 1761 alii,
1338 1695 1392 1749 in
1424 1696 1626 1767 quibus
1655 1697 1859 1769 singuli
1885 1713 2016 1768 pro-

408 1786 556 1856 prios
585 1802 847 1854 canones,
873 1786 928 1841 id
960 1794 1042 1842 est
1069 1788 1286 1860 regulas
1316 1789 1704 1858 pronuntiant.
1733 1790 2014 1844 Canonum

405 1893 556 1944 vero,
616 1877 672 1932 in
739 1879 939 1950 quibus
1006 1886 1247 1951 quatuor
1313 1880 1464 1934 nulla
1529 1890 1614 1935 est
1690 1881 2014 1936 subdivisio.

408 1971 607 2026 Eorum
647 1986 942 2037 canonum,
974 1972 1030 2027 in
1063 1971 1267 2043 quibus
1297 1980 1427 2038 tres,
1483 1973 1742 2043 quoniam
1784 1982 2021 2044 quatuor

406 2066 533 2114 sunt
557 2060 932 2131 evangelistae,
962 2068 1201 2132 quatuor
1219 2067 1345 2115 sunt
1363 2060 1711 2128 differentiae,
1739 2063 1868 2133 quia
1889 2078 2019 2133 qua-

406 2158 530 2206 tuor
558 2152 738 2206 modis
793 2151 1118 2208 commutari
1174 2158 1354 2223 potest
1406 2169 1598 2207 eorum
1658 2153 1801 2208 trina
1857 2169 2012 2208 com-

407 2239 612 2308 plexio.
639 2239 702 2294 Et
730 2247 814 2295 est
839 2257 976 2305 una;
1005 2256 1130 2295 cum
1157 2243 1496 2298 conveniunt
1523 2243 1831 2311 Mattheus,
1869 2243 2012 2297 Mar-

407 2342 524 2394 cus,
560 2327 762 2394 Lucas;
810 2329 936 2395 alia,
988 2330 1289 2398 Matthaeus,
1323 2332 1552 2398 Marcus,
1584 2333 1854 2399 Joannes;
1903 2343 2016 2389 ter-

407 2419 504 2483 tia,
555 2418 858 2488 Matthzeus,
923 2421 1114 2489 Lucas,
1171 2423 1440 2490 Joannes;
1500 2433 1713 2495 quarta,
1782 2425 2016 2489 Marcus,

408 2505 596 2573 Lucas,
627 2508 886 2564 Joannes.
921 2509 1178 2565 Pluribus
1205 2513 1383 2568 modis
1413 2529 1524 2569 non
1566 2521 1747 2585 potest
1765 2531 2015 2570 commu-

411 2595 511 2649 tari
573 2598 715 2651 trina
761 2599 1073 2669 complexio
1114 2610 1351 2672 quatuor
1390 2619 1591 2658 rerum.
1665 2605 1772 2660 Sed
1829 2606 2017 2659 harum

410 2695 646 2758 quatuor
696 2693 1145 2763 complexionum
1201 2706 1415 2766 quarta,
1465 2714 1587 2768 quae
1645 2709 1731 2754 est
1783 2699 2016 2768 Marcus,

408 2776 598 2844 Lucas,
629 2779 870 2835 Joannes
917 2782 1005 2837 hic
1037 2793 1213 2851 vacat,
1245 2785 1396 2856 quia,
1429 2785 1486 2840 in
1525 2795 1637 2843 toto
1696 2787 2019 2863 Evangelia—

411 2881 527 2919 rum
561 2875 730 2934 textu,
761 2877 892 2938 puto
925 2886 1035 2925 non
1068 2886 1228 2941 posse
1267 2873 1504 2928 inveniri
1545 2883 1653 2931 tres
1684 2876 1818 2931 istos
1847 2893 2018 2931 evan-

2113 429 2302 468 eorum
2338 414 2392 468 in
2424 415 2627 486 quibus
2657 416 2788 471 duo.
2822 415 3072 470 Canones
3105 415 3159 469 in
3191 415 3392 486 quibus
3432 433 3607 483 unus,
3653 434 3740 472 se-

2112 506 2352 560 cundum
2407 513 2640 577 quatuor
2686 507 3076 582 evangelistas,
3134 508 3526 579 quadruplices
3579 516 3731 564 sunt.

2112 595 2473 650 Inveniuntur
2525 596 2672 651 enim
2750 597 2804 650 in
2859 613 3197 668 unoquoque
3280 597 3735 674 Evangeliorum,

2110 683 2281 737 multa
2312 683 2386 739 ita
2430 685 2653 754 proprie
2703 686 2848 742 dicta
2881 697 2938 742 ut
2992 702 3182 742 eorum
3214 702 3488 742 canonum
3533 688 3742 742 simili-

2110 776 2240 831 tudo
2278 775 2334 830 in
2381 777 2504 831 aliis
2533 778 2681 833 nulla
2719 780 2806 834 sit.
2850 779 2908 834 Et
2942 779 2995 832 hi
3027 794 3288 843 canones,
3322 779 3603 849 quamvis,
3647 795 3722 833 se-

2108 871 2350 926 cundum
2384 879 2622 942 quatuor
2652 871 3019 944 evangelistas
3049 871 3434 942 quadruplices
3463 871 3601 936 sint,
3649 889 3738 926 re-

2110 971 2195 1019 ete
2235 969 2417 1016 tamen
2452 961 2508 1014 in
2548 977 2712 1016 unam
2756 963 2986 1017 formam
3022 970 3367 1027 revocantur,
3399 968 3479 1025 ut,
3514 962 3656 1032 quia
3687 961 3740 1015 in

2115 1066 2319 1127 genere
2349 1060 2476 1106 sunt
2509 1066 2697 1105 eorum
2731 1050 2785 1104 in
2810 1066 2918 1122 quo
2963 1066 3128 1117 unus,
3172 1059 3227 1105 et
3259 1049 3364 1121 ipsi
3407 1050 3576 1104 unius
3601 1066 3742 1121 spe-

2115 1140 2218 1194 ciei
2247 1155 2371 1194 esse
2433 1139 2703 1194 dicantur.
2747 1139 2882 1194 Sunt
2935 1155 3064 1210 ergo
3115 1154 3375 1201 canones,
3420 1142 3738 1194 secundum

2115 1233 2428 1304 praedictam
2483 1231 2833 1298 divisionem,
2875 1232 3089 1286 decem.
3133 1230 3314 1286 Canon
3345 1232 3401 1285 in
3434 1248 3546 1302 quo
3593 1249 3742 1303 qua-

2113 1331 2255 1386 tuor,
2283 1321 2526 1392 primus;
2553 1336 2731 1376 canon
2748 1337 2894 1376 unus
2921 1321 2975 1374 in
2991 1336 3100 1392 quo
3134 1327 3245 1376 tres
3268 1321 3360 1376 ille
3390 1322 3445 1375 in
3462 1337 3575 1392 quo
3597 1337 3744 1376 con-

2111 1410 2343 1465 veniunt
2371 1410 2682 1477 Matthaaus,
2713 1410 2948 1475 Marcus,
2981 1410 3176 1476 Lucas,
3207 1410 3514 1475 secundus;
3554 1410 3654 1464 ille
3689 1411 3744 1463 in

2111 1517 2219 1573 quo
2261 1501 2600 1556 conveniunt
2628 1500 2938 1567 Matthmus,
2974 1501 3167 1568 Lucas,
3210 1501 3470 1566 Joannes,
3513 1499 3743 1563 tertius;

2112 1589 2418 1653 Matthaeus,
2446 1589 2678 1654 Marcus,
2701 1588 2964 1656 Joannes,
2996 1595 3250 1660 quartus;
3281 1603 3493 1653 eorum,
3525 1587 3584 1641 in
3617 1588 3749 1658 qui-

2040 1649 2221 1733 Bbus
2285 1649 2418 1744 duo,
2469 1649 2774 1744 Matthzeus,
2833 1649 3032 1744 Lucas,
3071 1649 3333 1748 quintus;
3392 1649 3558 1731 sexus
3597 1649 3746 1730 hiat-

2119 1775 2318 1842 thaaus,
2347 1773 2592 1839 Marcus;
2619 1773 2914 1844 septimus,
2955 1773 3258 1838 Matthaeus,
3290 1771 3553 1837 Joannes;
3586 1779 3748 1826 octa-

2121 1885 2242 1936 vus,
2277 1869 2510 1934 Marcus,
2557 1868 2757 1933 Lucas,-
2791 1884 2994 1931 nonus,
3042 1869 3234 1934 Lucas,
3277 1867 3539 1922 Joannes.
3569 1867 3744 1921 Deci-

2121 1975 2244 2013 mus
2272 1965 2355 2012 est
2381 1973 2559 2013 canon
2587 1958 2645 2011 in
2674 1972 2784 2029 quo
2825 1973 2985 2020 unus,
3028 1956 3143 2028 qui,
3175 1957 3425 2028 quamvis
3464 1973 3565 2028 per
3597 1972 3747 2027 qua—

2121 2062 2246 2108 tuor
2275 2053 2569 2125 Evangelia
2598 2059 2798 2120 currat,
2831 2052 3121 2108 uniformis
3149 2052 3432 2123 accipitur,
3473 2061 3526 2106 et
3580 2052 3747 2107 deci-

2115 2163 2237 2202 mus
2270 2146 2330 2201 fit
2360 2147 2520 2218 primi
2562 2148 2791 2204 canonis
2831 2148 3076 2202 retinens
3121 2147 3528 2219 quodammodo
3573 2146 3746 2200 simi-

2117 2242 2430 2309 litudinem,
2481 2243 2738 2313 quamvis
2788 2242 2954 2317 longe
3010 2243 3194 2296 minus
3234 2241 3528 2312 perfectus,
3576 2241 3743 2311 quod

2121 2333 2286 2387 unius
2314 2331 2468 2386 solus
2494 2331 2846 2408 evangelista:
2869 2331 3071 2387 nitatur
3117 2330 3460 2386 auctoritate.
3498 2329 3612 2384 lloc
3639 2346 3747 2382 au—

2122 2438 2229 2482 tem
2285 2425 2452 2481 miror
2493 2425 2764 2491 evenisse,
2822 2426 2970 2496 quod
3022 2425 3327 2480 secundum
3377 2423 3512 2478 duas
3578 2437 3747 2477 com-

2122 2515 2408 2586 plexiones
2431 2513 2850 2570 similitudinem
2889 2513 3240 2588 evangelistae
3271 2528 3381 2568 non
3421 2510 3744 2581 recipiunt;

2121 2610 2181 2658 ut
2237 2604 2292 2658 in
2348 2604 2580 2658 denario
2612 2619 2841 2658 numero
2888 2603 3020 2670 sint,
3062 2602 3211 2673 quod
3241 2601 3361 2656 sine
3412 2599 3745 2670 magisterio

2121 2711 2321 2770 magno
2353 2712 2477 2751 esse
2532 2711 2642 2752 non
2671 2696 2860 2764 credo,
2895 2695 2995 2750 nisi
3029 2695 3178 2766 quod
3214 2694 3451 2749 occurrit
3498 2691 3641 2746 mihi
3677 2709 3744 2746 ex

2121 2791 2368 2862 hocipso
2389 2796 2579 2862 patere
2605 2790 2935 2846 soliditatem
2983 2789 3037 2844 S.
3092 2788 3368 2861 Evangelii
3416 2787 3518 2842 sub
3552 2787 3746 2841 littera

2121 2885 2328 2940 Veteris
2381 2884 2736 2950 Testamenti,
2795 2884 2952 2956 quasi
3005 2884 3108 2939 sub
3170 2882 3443 2939 velamine
3497 2881 3748 2936 latenter

407 2954 630 3048 gelistas
651 2957 857 3027 aliquid
890 2959 1256 3014 communiter
1275 2961 1480 3017 dixisse
1515 2963 1569 3017 in
1601 2981 1805 3037 genere
1827 2981 2016 3021 eorum
2048 2969 2097 3037 Ο
2122 2976 2312 3043 fuisse,
2343 2983 2398 3031 et
2452 2976 2584 3031 inde
2623 2975 2691 3030 ad
2730 2954 2909 3031 [aciem
2947 2974 3296 3048 intelligendi
3342 2990 3442 3044 per
3470 2973 3740 3047 gratiam,

411 3045 465 3096 in
505 3044 710 3114 quibus
748 3055 878 3100 tres.
940 3048 1135 3104 Eorum
1177 3065 1470 3120 canonum,
1524 3053 1579 3106 in
1639 3054 1842 3125 quibus
1888 3056 2018 3125 duo,

409 3137 667 3206 quoniam
699 3145 931 3208 quatuor
967 3149 1094 3196 sunt
1139 3143 1513 3218 evangelistze,
1550 3163 1665 3212 sex,
1707 3163 1811 3202 nec
1837 3148 2023 3219 plures

413 3224 530 3279 tieri
562 3239 792 3297 possunt
843 3231 1275 3301 complexiones.
1327 3234 1563 3290 Possunt
1601 3236 1749 3291 enim
1779 3237 1834 3291 in
1873 3254 2015 3310 qua-

413 3328 536 3375 tuor
567 3322 686 3376 bini
720 3325 1003 3402 conjungi,
1030 3335 1121 3382 aut
1143 3329 1448 3397 Matthaeus,
1486 3333 1716 3399 Marcus,
1749 3342 1844 3389 aut
1873 3335 2016 3388 Mar-

410 3427 508 3464 cus
555 3411 742 3478 Lucas,
795 3421 890 3468 aut
919 3415 1086 3470 Lucas
1112 3417 1374 3486 Joannes,
1409 3429 1503 3476 aut
1548 3422 1828 3478 Matthaaus
1855 3425 2022 3480 Joan-

411 3514 528 3560 nes.
559 3508 653 3555 aut
691 3501 978 3560 Matthqu
1009 3506 1196 3573 Lucas,
1225 3519 1319 3563 aut
1349 3508 1559 3565 Marcus
1585 3511 1849 3567 Joannes.
1885 3513 2022 3578 Qua-

412 3608 532 3646 rum
563 3593 772 3660 ultima,
821 3613 944 3668 quae
983 3606 1067 3654 est
1106 3599 1314 3657 Marcus
1367 3601 1626 3670 Joannes,
1683 3604 1878 3660 iterum
1932 3604 2020 3660 hic

910 4073 1918 4192 r———-—-——|

1322 4672 1644 4686 *-

2123 3067 2342 3123 Domini
2371 3067 2502 3122 Jesu
2534 3067 2898 3138 processisse;
2946 3067 3092 3139 quod
3144 3067 3286 3121 sicut
3325 3066 3490 3120 Vetus
3543 3063 3748 3118 Testa—

2125 3168 2366 3216 mentum
2401 3161 2458 3216 in
2485 3162 2755 3237 Decalogo
2788 3162 3042 3217 consistit
3081 3161 3270 3216 decem
3305 3165 3742 3230 pmeeptorum,

2120 3251 2201 3306 sic
2229 3252 2532 3306 secundum
2562 3253 2909 3326 Evangelium
2943 3251 3099 3322 quasi
3138 3251 3267 3304 inde
3314 3249 3646 3320 procedens,
3683 3249 3742 3302 in

2125 3358 2358 3397 numero
2391 3343 2736 3412 compleatur
2757 3342 2948 3396 decem
2969 3340 3270 3396 Canonum.
3288 3339 3368 3402 Et,
3389 3346 3447 3392 ut
3473 3338 3590 3390 hmc
3610 3353 3748 3407 quae.

2124 3432 2270 3486 dicta
2297 3438 2445 3498 sunt,
2480 3431 2655 3503 magis
2687 3436 3014 3502 {appareant
3043 3429 3207 3484 etiam
3253 3427 3426 3483 oculis
3479 3427 3749 3481 ostendat

2121 3519 2374 3588 subjecta
2405 3519 2723 3590 descriptio.
2883 3515 2892 3526 ’

1919 4066 2233 4079 —_—

1920 4168 2234 4180 -

3083 4221 3398 4231 -___..

2512 4849 2824 4860 ——_.

813 4212 1034 4294 161160
1073 4212 1084 4383 Ι
1979 4212 2171 4395 T
3066 4221 3341 4395 IT
3231 4256 3341 4310 quo

813 4305 1034 4366 [uatuor
3162 4327 3306 4365 unus

795 4305 1034 4366 quatuor
1073 4305 1084 4366 I
2070 4305 2082 4366 I
3067 4305 3077 4366 I
3162 4305 3306 4365 unus

1428 4773 1539 4822 tres
1647 4771 1656 4826 Ι
2500 4771 2509 4826 Ι
2613 4771 2722 4826 duo

546 5107 588 5160 ιι
695 5057 756 5175 ΙΙ
855 5107 924 5160 ιιι
1019 5057 1073 5175 ΙΙ
1177 5109 1240 5162 ιν
1337 5057 1669 5175 ΙΙνθοειΙ
1832 5057 1996 5175 Ιν
2107 5057 2166 5175 ΙΙ
2265 5115 2328 5168 Vl
2426 5057 2486 5175 ΙΙ
2571 5117 2660 5173 vu
2749 5057 2811 5175 ΙΙ
2887 5119 3000 5172 νιιι
3072 5057 3138 5175 ΙΙ
3232 5117 3298 5170 1x
3398 5057 3641 5175 HVacat

445 5176 630 5232 Matth.
696 5176 702 5246 Ι
749 5176 959 5246 |Matth.
1020 5176 1027 5246 Ι
1065 5176 1272 5246 IMatth.
1340 5176 1347 5246 Ι
1391 5176 1670 5246 IMarcusI
1834 5176 2047 5246 IMatth.
2109 5176 2115 5246 I
2159 5176 2365 5246 IMatth.
2427 5176 2434 5246 I
2479 5184 2685 5246 IMatth.
2751 5176 2758 5246 Ι
2804 5176 3081 5246 lMarcusl
3130 5176 3318 5246 |Lucas
3401 5176 3408 5246 I
3454 5176 3689 5246 [Marcus

445 5248 658 5304 Marcus
696 5248 702 5317 |
748 5248 939 5317 |Lucas
1020 5248 1026 5317 Ι
1066 5248 1296 5317 lMarcus
1341 5248 1348 5317 |
1391 5248 1581 5317 |Lucas
1660 5248 1671 5317 I
1835 5248 2028 5317 |Lucas
2109 5248 2116 5317 Ι
2159 5248 2391 5317 IMarcus
2427 5248 2435 5317 I
2479 5248 2759 5317 lJoannesl
2805 5248 3081 5317 lJoannesl
3129 5248 3410 5317 IJoannesI
3454 5248 3717 5317 lJoannes

449 5319 621 5375 Lucas
696 5319 702 5380 Ι
748 5319 1027 5380 lJoannesl
1066 5319 1348 5380 lJoannesl
1391 5319 1650 5380 IJoannes

425 5405 431 5475 |
696 5405 756 5455 II
1019 5405 1075 5462 ll
1341 5405 1399 5466 Il
1661 5405 1672 5464 l
1837 5405 1849 5468 I
2109 5405 2167 5466 ll
2428 5405 2487 5467 ll
2752 5405 2814 5468 II
3075 5405 3136 5468 II
3403 5405 3462 5470 II
3725 5405 3729 5477 l
