3932 6040
153 231 295 284 1121

1308 221 1461 277 HOM.
1507 221 1588 276 DE
1628 218 1883 275 VILLICO
1925 219 2342 286 INIQUITATIS.

3349 231 3494 287 1122

234 368 377 434 Quid
412 367 624 421 numeri
659 378 946 430 canonum,
985 360 1117 431 quid
1152 363 1366 416 numeri
1402 362 1711 428 signiﬁcent
1805 365 1857 428 Α
1884 358 2172 413 manifeste
2203 359 2491 414 Matthaus
2521 365 2576 414 et
2613 359 2786 416 Lucas
2815 364 3173 431 conveniunt,
3205 365 3398 432 scitur,
3423 368 3498 422 lta

781 457 1162 526 capitulorum.

234 577 298 632 Et
326 575 586 648 quoniam
621 575 674 628 in
706 570 1039 644 supradictis
1078 570 1268 625 decem
1322 567 1632 624 canonibus
1660 581 1782 622 om-

156 667 256 720 nia
280 665 636 722 continentur
663 661 924 732 capitula,
951 660 1032 714 vel
1061 665 1319 730 quatuor,
1349 657 1433 712 vel
1468 658 1661 722 trium,
1698 657 1784 711 vel

158 759 420 825 duorum,
478 757 564 811 vel
605 754 946 827 singulorum
977 751 1422 823 Evangeliorum,
1475 755 1694 818 oportet
1727 756 1790 804 ut

154 845 416 917 capitulis
454 843 812 900 concordiam
864 841 1319 896 sententiolarum
1375 840 1791 913 conjungantur

159 937 380 993 numeri
403 951 702 1001 canonum,
737 942 796 990 ut
849 950 915 990 ex
957 934 1204 988 numeris
1244 932 1634 1004 capitulorum,
1695 931 1786 986 in-

160 1027 460 1082 veniantur
482 1023 810 1088 sententia;
865 1039 964 1094 per
1008 1038 1272 1078 numeros
1307 1037 1440 1078 vero
1491 1035 1786 1088 canonum,

163 1117 261 1189 qui
297 1115 466 1170 rubeo
525 1113 712 1169 colore
741 1113 924 1168 solent
953 1112 1201 1185 adjungi,
1245 1111 1451 1167 sciatur
1482 1120 1663 1167 utrum
1721 1111 1792 1166 sit

165 1203 484 1261 communis
510 1202 786 1258 sententia
812 1217 934 1256 cum
969 1201 1094 1255 aliis
1123 1216 1320 1266 necne,
1353 1209 1426 1268 et,
1456 1200 1501 1255 si
1533 1206 1616 1255 est
1645 1214 1790 1255 com-

167 1297 375 1362 munis,
394 1297 541 1351 inter
565 1302 719 1366 quot,
749 1301 804 1349 et
833 1293 976 1349 inter
1004 1309 1144 1365 quos
1162 1302 1245 1348 est
1268 1292 1606 1348 communio.

246 1389 309 1444 Et
348 1397 407 1443 ut
464 1388 602 1443 ratio
643 1387 711 1442 ad
761 1386 984 1441 melium
1033 1385 1358 1452 deducatur,
1418 1393 1791 1440 monstremus

167 1481 439 1553 exemplis
474 1480 623 1552 quod
683 1479 937 1534 dicimus.
994 1478 1290 1532 Sumamus
1338 1493 1502 1531 unam
1553 1484 1789 1532 senten-

170 1571 329 1633 tiam,
361 1569 601 1625 Matthai
627 1584 748 1624 eam
779 1567 990 1623 scilicet
1011 1582 1132 1637 qua
1161 1573 1354 1622 octavo
1381 1565 1622 1636 capitulo
1649 1581 1790 1636 pra-

169 1673 411 1732 notatur,
464 1664 554 1719 cui
584 1663 629 1718 si
678 1660 1084 1732 comparaveris
1136 1676 1256 1716 eam
1312 1658 1472 1714 Marci
1526 1673 1652 1730 qua
1702 1673 1792 1714 se-
1821 1687 1869 1754 Β

171 1755 384 1818 eundo,
415 1760 470 1808 et
497 1769 616 1808 eam
661 1751 840 1816 Luca,
870 1766 994 1821 qua
1017 1750 1276 1820 septimo,
1308 1756 1363 1804 et
1393 1764 1513 1803 eam
1564 1747 1795 1804 Joannis

173 1860 298 1916 qua
329 1843 548 1898 decimo
573 1841 817 1912 capitulo
850 1847 1212 1912 pranotatur,
1251 1837 1448 1893 similis
1474 1845 1557 1893 est
1587 1837 1642 1892 in
1673 1852 1798 1893 om-

178 1934 365 1988 nibus.
402 1932 464 1988 Et
491 1932 616 1987 ideo
647 1930 978 2002 supradictis
1003 1937 1241 2002 quatuor
1268 1927 1525 1999 capitulis
1563 1933 1801 1998 quatuor

179 2021 637 2096 evangelistarum
684 2018 975 2074 addendus
1014 2024 1096 2072 est
1132 2017 1342 2088 primus
1395 2031 1675 2078 numerus,
1717 2020 1796 2080 ut,

176 2114 455 2169 sententia
501 2111 778 2184 pradictis
828 2109 1084 2182 capitulis
1113 2116 1322 2176 notata,
1361 2108 1564 2164 sciatur
1588 2106 1656 2162 ad
1689 2106 1800 2178 pri-

177 2225 327 2264 mum
360 2223 632 2265 canonem
667 2205 972 2278 pertinere,
1005 2210 1196 2275 utpote
1226 2203 1538 2259 communis
1569 2209 1807 2274 quatuor

176 2298 558 2373 evangelistis.
608 2298 743 2352 Item
793 2295 839 2350 si
878 2311 997 2350 eam
1040 2293 1274 2350 Matthai
1321 2309 1627 2361 sumamus,
1679 2306 1803 2364 qua

173 2389 416 2460 septimo
447 2387 690 2458 capitulo
732 2385 1052 2460 insignitur,
1085 2391 1139 2440 et
1173 2385 1226 2440 ei
1261 2400 1358 2439 eas
1389 2399 1510 2456 qua
1540 2391 1670 2438 sunt
1700 2382 1801 2437 Lu-

175 2497 254 2536 ca
283 2487 438 2536 sexto
479 2487 536 2536 et
562 2479 792 2536 Joannis
844 2479 901 2534 in
935 2477 1181 2534 secundo
1222 2476 1465 2548 capitulo
1511 2491 1802 2547 compare-

177 2590 300 2629 mus
319 2574 534 2629 similes
570 2572 900 2628 invenimus.

250 2666 313 2721 Et
341 2673 402 2721 ut
420 2665 661 2721 sciamus
690 2664 786 2736 qui
821 2671 876 2718 et
902 2668 1036 2734 quot
1066 2661 1422 2736 evangelista
1463 2659 1798 2716 conveniant

182 2755 239 2808 in
297 2754 576 2810 sententia
627 2751 1016 2825 pradictorum
1058 2749 1448 2821 capitulorum,
1496 2748 1796 2804 ternarium

183 2865 474 2904 numerum
504 2848 677 2904 rubeo
707 2848 891 2904 colore
937 2847 1288 2902 adnotamus.
1325 2845 1395 2900 Ex
1439 2859 1670 2900 numero
1701 2844 1803 2900 sci-

184 2957 307 2996 mus
336 2947 390 2996 et
421 2948 530 3016 tres
557 2940 922 3014 evangelistas
966 2937 1286 3006 convenire,
1328 2943 1382 2991 et
1440 2936 1534 3007 qui
1568 2934 1673 2990 fuit
1698 2950 1798 2991 no-

184 3035 452 3090 minatim.
505 3034 739 3090 Canonis
785 3033 932 3088 enim
979 3031 1036 3087 in
1072 3045 1182 3102 quo
1237 3035 1370 3096 tres,
1422 3044 1488 3084 ea
1550 3029 1795 3100 species,

185 3142 308 3198 qua
336 3126 642 3192 Matthaus,
679 3125 869 3190 Lucas,
900 3126 1144 3180 Joannes
1199 3121 1560 3187 conveniunt,
1607 3120 1804 3176 tertius

183 3231 360 3270 canon
401 3215 456 3269 in
496 3215 784 3285 superiore
810 3213 1186 3283 descriptione
1218 3211 1524 3265 dicebatur.
1551 3210 1642 3265 Sic
1670 3225 1802 3282 ergo

182 3320 280 3375 per
303 3303 542 3375 capitula
569 3302 859 3358 sententia
890 3301 1170 3376 Evangelii
1213 3307 1395 3355 textus
1413 3299 1802 3370 requiruntur,

188 3395 566 3462 inveniuntur,
616 3399 899 3459 notantur;
981 3409 1080 3464 per
1145 3406 1435 3448 numerum
1504 3405 1802 3458 canonum,

184 3494 318 3558 quot
347 3487 722 3558 evangelista,
756 3493 810 3540 et
862 3485 955 3556 qui
988 3485 1097 3539 sint
1145 3482 1470 3539 nominatim
1512 3481 1806 3555 cognosci-

193 3595 334 3635 mus.
369 3579 502 3634 ltem
530 3578 600 3633 de
631 3592 864 3645 canone,
911 3576 970 3631 in
1023 3591 1133 3648 quo
1181 3577 1311 3643 duo,
1349 3574 1509 3630 tertio
1563 3573 1807 3645 capitulo

195 3671 459 3736 Matthai,
492 3679 843 3742 comparetur
881 3669 1185 3726 secundum
1214 3667 1516 3738 capitulum
1549 3667 1731 3732 Luca,
1762 3672 1817 3720 et

197 3771 282 3820 est
309 3763 508 3819 similis
527 3761 880 3818 sententiain
906 3759 1163 3832 capitulis
1204 3759 1446 3814 inventa.
1478 3757 1610 3825 Sed,
1642 3757 1814 3812 innu-

201 3854 370 3909 meris
399 3853 764 3923 capitulorum
800 3867 898 3922 per
913 3866 974 3906 se
998 3849 1217 3921 positis,
1246 3847 1341 3918 qui
1360 3847 1733 3921 evangelista,
1764 3854 1819 3902 et

200 3952 379 3999 utrum
411 3943 596 4013 plures
627 3958 789 4013 quam
833 3941 942 3996 duo
970 3939 1309 3996 conveniunt
1337 3939 1680 4012 ignoramus.
1711 3937 1815 3992 Sed

199 4039 245 4094 si
265 4055 525 4094 numerus
553 4037 787 4093 canonis
819 4036 1110 4108 quinarius
1153 4035 1328 4090 rubeo
1362 4033 1549 4090 colore
1590 4032 1820 4105 apponi-

203 4126 310 4194 t’ur,
354 4143 531 4184 canon
585 4127 642 4182 in
674 4141 784 4199 quo
824 4125 954 4190 duo,
1009 4125 1259 4196 quintus,
1309 4123 1614 4180 secundum
1655 4137 1820 4194 quem

1884 447 2131 502 numeris
2179 463 2482 515 canonum,
2543 464 2652 505 non
2723 451 2899 505 solum
2953 459 3088 524 quot
3145 454 3498 528 evangelista

1882 541 2233 608 conveniant,
2267 543 2364 597 sed
2397 543 2560 598 etiam
2585 544 2806 598 nomina
2840 560 3029 600 eorum
3061 547 3288 613 scimus,
3314 564 3503 618 quam-

1885 632 1967 687 vis
1989 633 2214 688 nomina
2254 635 2710 706 evangelistarum
2735 636 2943 707 ubique
3002 639 3232 693 viderim
3265 640 3503 710 ascripta

1889 721 2133 776 numeris
2185 737 2480 778 canonum.
2532 724 2641 778 Sed
2700 726 2806 780 hoc
2873 735 3006 797 puto
3060 727 3178 782 fieri
3245 728 3500 783 tarditate

1892 819 2092 868 nostra
2140 813 2419 869 memoria
2487 815 2664 889 magis
2709 831 2872 886 quam
2929 817 3036 871 alia
3079 819 3312 874 ratione.
3372 819 3502 874 Cum

1892 904 2042 958 enim
2076 905 2452 976 multipliciter
2474 904 2566 960 fiat
2585 905 2868 962 nominum
2909 910 3242 979 complexio,
3273 926 3504 982 quarum

1890 1012 2242 1069 unaquaque
2286 998 2338 1051 in
2371 1013 2472 1053 suo
2513 997 2861 1072 signiﬁcetur
2899 1016 3154 1056 numero.
3193 1001 3322 1057 Cum
3353 1003 3508 1056 vides

1889 1101 2204 1153 numerum,
2236 1087 2323 1141 vel
2357 1086 2516 1142 audis
2542 1103 2704 1158 quam
2737 1088 3177 1158 complexionem
3208 1091 3305 1146 tibi
3336 1091 3508 1164 signi-

1890 1172 2037 1241 ﬁcet,
2068 1189 2180 1230 non
2205 1174 2315 1230 cito
2355 1175 2573 1242 recolis,
2606 1183 2661 1230 et
2691 1175 2816 1230 ideo
2857 1192 2978 1230 cum
3023 1179 3252 1234 canonis
3281 1194 3512 1234 numero

1889 1265 2051 1320 etiam
2084 1266 2308 1321 nomina
2346 1266 2657 1342 significata
2705 1266 2803 1321 tibi
2835 1283 3107 1339 pr0pono.
3172 1271 3230 1324 ln
3261 1285 3328 1327 eo
3377 1286 3509 1326 vero

1887 1369 2124 1422 canone,
2157 1355 2212 1409 in
2241 1369 2350 1427 quo
2378 1371 2540 1419 unus,
2575 1357 2800 1412 nomina
2823 1359 3285 1434 evangelistarum
3319 1361 3376 1415 in
3399 1378 3502 1416 nu-

1891 1461 2044 1502 mero
2082 1446 2312 1502 canonis
2369 1463 2479 1503 non
2539 1448 2920 1522 intelligimus.
2962 1450 3118 1516 Nam,
3164 1453 3294 1524 quia
3350 1455 3513 1524 hujus

1891 1540 2102 1612 speciei
2139 1540 2448 1598 informitas
2479 1558 2543 1597 ex
2575 1543 2982 1614 multiplicitate
3005 1553 3243 1617 quatuor
3273 1564 3515 1621 evange-

1894 1634 2145 1688 listarum
2169 1632 2464 1703 adunatur,
2498 1635 2681 1690 nullus
2717 1636 3091 1693 determinare
3125 1639 3179 1692 in
3223 1640 3326 1694 hac
3349 1641 3515 1694 intel-

1897 1726 2102 1800 ligitur.
2144 1727 2444 1782 Ascribitur
2493 1742 2626 1799 ergo
2671 1728 2740 1782 ad
2785 1729 3085 1800 capitulum
3115 1733 3432 1799 sententia,
3462 1739 3516 1787 et

1897 1831 2161 1871 numerus
2191 1815 2422 1870 canonis
2463 1822 2518 1869 et
2545 1830 2748 1870 nomen
2774 1819 3153 1891 evangelista.
3187 1820 3289 1875 Per
3321 1837 3517 1876 nume—

1898 1920 2017 1959 rum
2045 1903 2270 1975 capituli
2301 1904 2579 1958 sententia
2612 1912 2848 1972 tenetur,
2883 1923 2982 1976 per
3010 1923 3302 1964 numerum
3343 1926 3514 1966 cano-

1899 1993 2006 2060 nis,
2028 1993 2175 2065 quod
2221 2008 2332 2049 non
2359 1993 2431 2048 sit
2460 1994 2774 2048 communis
2828 1997 3102 2051 sententia
3139 1997 3281 2052 inter
3309 1999 3516 2070 plures,

1899 2081 1997 2136 sed
2030 2081 2256 2152 prapria
2301 2081 2470 2138 unius
2519 2081 3010 2154 evangelistarum,
3056 2085 3398 2159 intelligitur.
3432 2087 3521 2142 Est

1905 2179 2088 2228 autem
2139 2173 2306 2228 etiam
2339 2188 2542 2229 nomen
2593 2174 2994 2243 necessarium,
3027 2192 3128 2247 per
3178 2178 3328 2248 quod
3361 2179 3520 2250 cujus

1907 2269 2130 2342 proprie
2149 2269 2219 2325 sit
2247 2269 2526 2325 sententia
2556 2269 2886 2326 declaretur.
2944 2271 3085 2345 Ergo
3117 2271 3282 2328 etiam
3332 2274 3386 2328 in
3419 2290 3518 2328 su-

1906 2361 2218 2432 perioribus
2276 2361 2576 2416 ascribitur
2625 2377 2850 2430 nomen,
2909 2378 3021 2418 non
3073 2364 3250 2420 solum
3297 2374 3523 2437 pr0pter

1904 2448 2225 2518 pradictam
2255 2450 2542 2506 memoria
2577 2451 2910 2518 tarditatem,
2942 2454 3041 2508 sed
3098 2454 3263 2509 etiam
3300 2462 3524 2527 pr0pter

1905 2544 2097 2597 horum
2124 2543 2566 2600 similitudinem.
2647 2563 2651 2566 ‘

1968 2657 2076 2714 Cur
2094 2657 2168 2712 ad
2187 2660 2369 2728 plures
2388 2674 2635 2715 numeros
2644 2661 3007 2730 capitulorum
3015 2663 3254 2717 iteratur
3271 2677 3431 2717 unus.

1973 2751 2210 2825 Contigit
2239 2753 2404 2808 etiam
2437 2755 2739 2825 aliquando
2786 2770 3135 2811 communem
3192 2757 3523 2812 sententiam

1904 2844 2048 2914 apud
2077 2861 2245 2900 unum
2273 2847 2668 2918 evangelistam
2713 2848 2767 2902 in
2813 2863 2925 2903 uno
2956 2855 3165 2903 tantum
3201 2851 3320 2904 loco
3368 2850 3526 2906 inve-

1902 2939 2033 3007 niri,
2067 2946 2123 2995 et
2155 2940 2303 3012 apud
2331 2941 2497 2996 alium
2542 2942 2596 2996 in
2627 2942 2901 3013 pluribus,
2935 2943 3006 2998 ita
3038 2953 3098 2999 ut
3149 2944 3296 3016 apud
3331 2961 3526 3012 unum,

1915 3032 2115 3089 habeat
2176 3041 2388 3089 tantum
2434 3050 2604 3089 unum
2673 3035 2999 3106 capitulum,
3046 3043 3100 3091 et
3153 3038 3301 3108 apud
3361 3037 3528 3093 alium

1903 3121 2083 3192 plura,
2114 3130 2176 3178 ut
2218 3139 2283 3178 ea
2312 3123 2666 3190 sententiola,
2704 3139 2828 3194 qua
2857 3124 3003 3194 apud
3062 3124 3371 3180 Matthaum
3422 3133 3530 3181 ter-

1905 3211 2144 3265 minatur
2166 3212 2408 3281 capitulo
2441 3212 2763 3278 undecimo,
2787 3219 2842 3267 et
2863 3213 3010 3282 apud
3039 3213 3275 3269 Marcum
3311 3222 3529 3286 quarto,

1909 3307 1963 3357 et
1991 3302 2136 3372 apud
2178 3302 2376 3356 Lucam
2409 3303 2649 3369 decimo,
2691 3303 2836 3374 apud
2876 3303 3145 3360 Joannem
3183 3306 3238 3360 in
3293 3314 3532 3377 quatuor

1910 3390 2223 3446 inveniatur
2273 3389 2435 3456 locis,
2479 3397 2534 3445 et
2589 3398 2826 3462 quatuor
2874 3393 3203 3448 terminetur
3253 3394 3529 3464 capitulis.

1910 3480 2066 3536 Unde
2117 3481 2172 3536 in
2228 3497 2294 3536 ea
2341 3481 2603 3554 congerie
2647 3482 3032 3553 capitulorum,
3085 3484 3140 3538 in
3198 3501 3306 3556 qua
3366 3484 3536 3540 totius

1919 3575 2335 3648 Evangeliorum
2378 3580 2558 3629 textus
2589 3575 2776 3630 omnia
2803 3575 3042 3645 capitula
3069 3577 3173 3631 sub
3225 3577 3340 3632 suis
3368 3593 3538 3632 cano-

1919 3661 2086 3718 nibus
2104 3662 2452 3729 ordinantur,
2487 3663 2674 3717 evenit
2703 3663 2756 3717 in
2788 3665 3050 3734 pradicta
3075 3667 3362 3720 sententia
3395 3667 3537 3721 utad

1917 3759 2153 3826 quatuor
2173 3751 2413 3822 capitula
2436 3752 2664 3807 Joannis
2693 3761 2886 3824 quater
2921 3763 3224 3826 repetatur,
3259 3757 3537 3812 decimum

1917 3843 2218 3915 capitulum
2255 3842 2434 3907 Luca,
2467 3849 2522 3897 et
2570 3851 2824 3914 quartum
2869 3844 3052 3909 Marci,
3085 3853 3141 3900 et
3181 3847 3540 3903 undecimum

1920 3937 2171 3994 Matthai.
2227 3937 2289 3992 Et
2329 3937 2476 4008 quod
2531 3938 2775 4008 capitula
2805 3939 3030 3994 habebit
3081 3940 3134 3994 in
3168 3957 3278 3997 uno
3307 3951 3539 3997 senten-

1922 4029 2016 4094 tia,
2051 4027 2217 4084 toties
2245 4029 2512 4099 repetitur
2540 4028 2598 4084 in
2629 4029 2761 4086 alio.

704 4419 1274 4510 HOMILIA
1356 4419 1518 4506 DE
1599 4415 2145 4506 VILLICO
2231 4415 3066 4529 INIQUITATIS

436 4603 509 4665 IN
553 4621 738 4666 ILLUD
785 4604 1011 4673 Lucas,
1068 4621 1199 4664 CAP.
1251 4599 1407 4662 XVI
1458 4619 1472 4660 :
1538 4600 1722 4661 Homo
1761 4602 2013 4677 quidam
2047 4609 2175 4661 erat
2211 4600 2375 4662 dives
2415 4603 2526 4678 qui
2562 4603 2807 4662 habebat
2852 4602 3166 4669 villicum,
3213 4608 3329 4663 etc.

293 4944 461 4999 Homo
489 4943 707 5014 quidem
736 4947 851 4997 erat
883 4943 1050 5008 diues,
1083 4948 1189 4996 etc.
1225 4941 1324 5005 Qui
1375 4947 1459 4996 est
1485 4941 1635 4995 homo
1665 4941 1831 5007 dives,
1864 4945 1920 5014 D
1942 4937 2051 5000 mi;
2099 4937 2438 4992 Christianus
2464 4936 2613 4991 enim
2652 4937 3034 5008 unusquisque
3075 4953 3185 4993 non
3219 4945 3428 4994 tantum
3469 4938 3552 4992 sui

230 5037 332 5091 nisi
366 5036 650 5102 Christus;
710 5036 865 5090 dives
894 5037 950 5090 in
981 5036 1143 5101 calo,
1177 5035 1334 5090 dives
1374 5035 1429 5088 in
1479 5042 1646 5101 terra,
1688 5035 1843 5091 dives

227 5130 453 5200 ubique,
503 5130 676 5196 dives,
725 5130 922 5200 plenus
964 5128 1155 5203 gratia
1193 5134 1247 5182 et
1305 5127 1550 5182 veritatis
1591 5128 1769 5194 (Joan.
1804 5145 1840 5195 ι,

234 5223 340 5293 14).
376 5223 438 5276 Ει
490 5237 592 5277 nos
635 5237 830 5277 omnes
860 5222 929 5277 de
971 5220 1320 5293 plenitudine
1352 5220 1472 5288 ejus
1530 5221 1848 5291 accepimus

235 5312 405 5378 (Joan.
441 5328 477 5376 ι,
511 5311 620 5380 16).
655 5311 813 5367 Dives
839 5311 984 5382 apud
1027 5327 1192 5383 quem
1225 5309 1533 5365 absconditi
1577 5317 1706 5365 sunt
1735 5325 1848 5366 om-

230 5417 325 5458 nes
357 5403 600 5458 thesauri
628 5404 911 5474 sapientia
943 5413 997 5459 et
1021 5403 1266 5459 scientia
1297 5403 1432 5473 (Col.
1468 5420 1526 5468 ιι,
1568 5403 1644 5472 3),
1693 5403 1848 5458 dives

227 5493 285 5546 in
317 5493 577 5548 omnibus
605 5501 659 5547 et
689 5493 741 5546 in
778 5508 972 5548 omnes
996 5494 1090 5564 qui
1113 5493 1370 5548 invocant
1402 5492 1552 5547 illum
1587 5495 1759 5559 (Rom.
1788 5509 1842 5558 χ,

232 5584 340 5654 13).
387 5583 614 5638 Villicus
664 5591 870 5652 autem,
904 5594 987 5640 est
1038 5585 1417 5656 unusquisque
1477 5583 1840 5651 Christianus,

229 5676 320 5746 qui
354 5676 410 5731 in
450 5675 778 5747 baptismate
797 5677 1188 5734 villicationem
1209 5678 1294 5734 sui
1320 5676 1535 5748 accepit
1565 5682 1622 5731 et
1652 5675 1839 5745 proxi-

1949 5049 2115 5088 causa
2144 5032 2296 5100 vivit,
2325 5033 2419 5087 sed
2447 5039 2501 5087 et
2528 5032 2781 5103 proximi.
2817 5033 2880 5088 Et
2909 5049 3017 5089 non
3059 5041 3267 5089 tantum
3314 5034 3559 5088 redditu-

1950 5141 2043 5180 rus
2068 5131 2152 5180 est
2181 5124 2448 5180 rationem
2484 5141 2580 5195 pro
2611 5125 2794 5180 anima
2811 5142 2932 5193 sua,
2954 5127 3049 5180 sed
3077 5133 3132 5181 et
3158 5142 3256 5196 pro
3288 5126 3408 5196 ejus
3432 5142 3556 5180 cum

1949 5229 2060 5285 quo
2088 5213 2224 5269 vivit
2253 5213 2308 5267 in
2337 5213 2438 5268 hac
2468 5214 2598 5282 vita,
2629 5229 2892 5269 exercens
2917 5231 2978 5270 se
3001 5230 3232 5286 corpore
3263 5221 3318 5268 et
3347 5215 3556 5281 animo,

1950 5317 2004 5366 et
2028 5309 2293 5380 adiuvans
2331 5308 2636 5378 proximum
2676 5308 3021 5364 documentis
3050 5317 3104 5364 et
3143 5310 3415 5380 exemplo,
3457 5325 3562 5364 nec

1945 5408 2153 5456 tantum
2189 5415 2444 5473 quarens
2476 5416 2598 5471 quae
2631 5416 2731 5454 sua
2755 5411 2902 5469 sunt,
2929 5402 3026 5456 sed
3060 5412 3113 5457 et
3153 5418 3274 5474 qua
3302 5401 3557 5457 aliorum.

1946 5494 2068 5548 Hac
2098 5499 2180 5547 est
2211 5492 2640 5548 Christianorum
2669 5509 2798 5548 cura
2826 5494 3029 5549 nobilis
3057 5502 3111 5549 et
3139 5504 3327 5550 sancta
3357 5495 3563 5551 villica—

1943 5589 2040 5654 tio,
2069 5587 2200 5641 hinc
2225 5593 2308 5642 est
2332 5587 2604 5656 judicium
2639 5589 2731 5643 Dei
2767 5589 3113 5643 tremendum
3137 5596 3190 5644 et
3218 5589 3399 5645 futura
3429 5608 3564 5646 exa-

1941 5675 2068 5731 ctio.
2123 5678 2194 5732 Et
2220 5677 2305 5733 hic
2330 5676 2655 5747 diffamatus
2694 5682 2772 5734 est
2800 5678 2952 5748 apud
2977 5679 3152 5748 illum,
3183 5682 3347 5749 quasi
3387 5680 3550 5737 dissi-
