3932 6040
1630 250 1687 305 Β.
1731 248 1967 305 ODONIS
2005 248 2020 303 (

2125 247 2246 304 [Ειι.
2295 246 2499 303 EPISC.
3594 246 3737 300 1124

400 258 536 314 H23

392 397 574 465 posset
603 393 740 446 bona
765 391 959 460 ipsius.
983 386 1233 452 Quotidie
1268 385 1613 442 diffamamur
1639 388 1786 458 apud
1821 387 2004 443 Domi-
2029 394 2077 459 Α
2106 387 2470 458 exstirpamus
2499 386 2649 453 vitia,
2682 392 2742 441 ut
2766 386 2994 441 virtutes
3035 386 3377 452 inseramus;
3419 386 3579 457 quod
3620 385 3737 440 ﬁeri

397 498 549 545 num,
579 480 707 550 quia
727 478 909 551 angeli
938 478 1104 533 nostri
1138 493 1357 548 semper
1382 477 1571 532 vident
1601 477 1797 532 faciem
1833 477 2004 532 Patris
2111 491 2221 530 non
2254 482 2454 547 potest,
2481 481 2603 546 post
2633 475 2778 529 hanc
2807 475 2989 529 vitam.
3012 476 3319 531 Mendicare
3346 477 3629 530 erubesco.
3665 476 3737 528 Ne

397 570 611 639 (Matth.
647 585 797 634 xvm,
840 569 919 631 10)
953 574 1007 621 et
1044 567 1302 621 nuntiant
1331 567 1380 620 ei
1415 567 1599 622 omnia
1630 574 1835 622 nostra.
1867 566 2007 631 Quid
2114 563 2248 618 mihi
2281 564 2497 619 dicatur
2535 564 2682 635 quod
2711 563 2873 618 fatuis
2915 563 3227 637 virginibus
3254 573 3334 619 est
3365 565 3580 619 dictum
3612 582 3628 617 :
3664 566 3736 618 Ne

395 673 527 731 ergo
550 657 783 711 facimus
806 655 835 708 τ
865 655 965 711 Ubi
992 654 1428 710 abscondimur?
1457 656 1538 709 Illi
1572 671 1673 711 nos
1702 655 2005 721 diﬁ‘amant,

396 762 499 803 nos
528 748 814 802 intuentur
843 754 897 800 et
952 747 1141 809 Deum,
1178 746 1466 802 intuentur
1504 746 1691 801 omnia
1744 751 1929 801 nostra
1961 752 2016 800 et

396 840 590 903 Deum,
619 838 747 910 quia
795 846 983 893 nostra
1010 837 1277 893 intuendo
1313 838 1572 893 nuntiant
1601 838 1733 894 Deo.
1781 838 1898 892 Non
1932 843 2017 893 est

397 928 767 995 obstaculum,
809 941 920 982 non
962 932 1090 981 sunt
1119 926 1384 993 tenebrte,
1417 926 1620 997 quibus
1641 926 2017 997 impediantur

396 1020 587 1075 videre
614 1019 799 1075 omnia
829 1025 1033 1085 nostra,
1066 1019 1194 1090 quia
1221 1019 1466 1075 divinum
1500 1019 1710 1086 lumen,
1744 1035 1853 1091 quo
1889 1019 2018 1073 illu-

398 1113 698 1173 minantur,
759 1117 1010 1182 penetrat
1075 1112 1283 1178 omnia,
1339 1111 1470 1182 quia
1509 1112 1606 1166 tua:
1671 1114 1733 1165 in
1788 1111 2017 1165 tenebris

399 1208 535 1262 lucet
573 1206 746 1275 (Joan.
802 1221 841 1268 ι,
890 1203 943 1274 5)
993 1212 1048 1259 et
1103 1220 1213 1258 nou:
1267 1206 1405 1259 sicut
1461 1205 1575 1259 dies
1613 1204 2019 1257 illuminabitur

400 1300 569 1366 (Psal.
610 1297 889 1367 cxxxvm).
925 1299 994 1351 Et
1026 1296 1111 1351 hic
1149 1297 1472 1365 dzﬂ’amatus
1520 1301 1595 1351 est
1640 1297 1805 1367 quasi
1841 1296 2015 1350 dissi-

396 1392 582 1457 passet
612 1388 750 1441 bona
785 1388 982 1455 ipsius.
1040 1385 1172 1450 Quis
1228 1385 1414 1439 omnia
1472 1384 1581 1438 sibi
1623 1383 1821 1439 tradita
1870 1384 2018 1439 bona

403 1476 546 1530 bene
591 1476 874 1545 dispensat
931 1473 985 1527 in
1037 1472 1338 1527 omnibus?
1389 1473 1520 1537 Quis
1550 1488 1660 1529 non
1719 1473 2017 1545 aliquando

404 1563 704 1620 dormitat?
749 1563 1080 1632 Quandoque
1110 1564 1274 1616 bonus
1303 1562 1562 1617 dormitat
1593 1565 1853 1617 Homerus
1886 1563 2019 1635 (Ho-

402 1668 594 1707 annos
622 1652 678 1706 in
739 1653 874 1706 Arte
922 1656 1061 1721 poet.
1107 1652 1251 1718 359),
1294 1660 1384 1707 et:
1444 1655 1505 1707 In
1558 1653 1740 1707 multis
1792 1652 2020 1721 oﬂ'endi-

2107 658 2249 723 forte
2275 671 2382 711 non
2408 658 2649 726 sufﬁciat
2686 656 2837 712 nobis
2862 661 2912 711 et
2948 658 3120 723 vobis,
3162 660 3235 711 ite
3259 663 3440 728 potius
3474 659 3548 712 ad
3602 674 3733 711 ven-

2113 751 2315 815 dentes,
2343 753 2393 804 et
2429 751 2582 804 emite
2601 750 2751 804 vobis
2790 751 3006 815 (Matth.
3040 766 3165 817 xxv,
3205 750 3282 821 9).
3325 750 3415 806 Est
3450 750 3739 805 mendica-

2116 840 2189 893 tio
2220 838 2382 904 bona,
2407 844 2490 893 est
2520 837 2853 893 mendicatio
2884 838 3045 893 mala.
3089 838 3416 893 Mendicatio
3438 838 3593 893 bona
3626 837 3735 893 hic.

2116 927 2214 983 Hic
2251 922 2396 983 bene
2435 928 2839 994 mendicamus,
2881 945 2912 982 a
2940 928 3260 984 doctoribus
3303 930 3645 1000 sapientiam
3687 936 3739 982 et

2118 1016 2455 1084 doctrinam;
2500 1033 2531 1071 a
2578 1018 2781 1072 sanctis
2829 1017 3212 1073 mendicamus
3278 1018 3335 1072 in
3396 1018 3633 1083 litaniis,
3683 1028 3743 1072 ut

2118 1115 2278 1164 orent
2304 1124 2402 1179 pro
2425 1108 2601 1164 nobis.
2627 1110 2685 1163 In
2712 1110 2819 1164 alia
2844 1108 2953 1164 vita
2975 1111 3310 1166 mendicatio
3327 1110 3734 1166 erubescenda.

2121 1199 2253 1264 Quis
2282 1201 2430 1256 enim
2461 1217 2570 1257 non
2602 1201 2891 1257 erubescat
2924 1202 3139 1257 dicere:
3181 1204 3306 1257 date
3336 1203 3489 1257 nobis
3530 1204 3597 1257 de
3629 1203 3740 1257 oleo

2117 1295 2311 1357 vestro,
2340 1293 2475 1359 quia
2494 1291 2771 1360 lampades
2797 1298 2993 1348 nostra
3011 1297 3428 1361 exstinguuntur
3450 1292 3640 1361 (ibid,
3660 1292 3738 1359 8}.

2120 1384 2250 1440 ldeo
2291 1385 2604 1440 mendicare
2643 1387 2931 1442 erubesco.
2964 1386 3103 1441 Vere
3145 1386 3477 1442 mendicatio
3525 1387 3739 1441 erube-

2118 1474 2345 1539 scenda,
2393 1473 2488 1528 ubi
2522 1473 2661 1528 nihil
2722 1483 3103 1545 recuperatur,
3158 1484 3212 1531 et
3243 1484 3459 1548 egestas
3485 1476 3745 1553 omnium

2121 1562 2393 1618 bonorum
2444 1572 2713 1633 perpetua
2743 1563 3057 1619 comitatur.
3105 1565 3231 1619 Ideo
3262 1565 3570 1620 mendicare
3606 1580 3749 1619 eru-

2124 1653 2288 1707 besco.
2328 1652 2404 1707 lbi
2447 1666 2558 1707 non
2592 1652 2814 1723 prodest
2853 1652 3019 1708 alieni
3060 1653 3189 1709 boni
3232 1654 3592 1718 mendicatio,
3645 1653 3745 1707 ubi

399 1763 519 1802 mus
554 1762 732 1802 omnes
764 1746 968 1816 (Iacob.
1021 1763 1101 1813 ιιι,
1134 1746 1209 1813 ‘2).
1265 1746 1352 1800 Et:
1424 1747 1486 1801 Si
1539 1747 1845 1801 dimerimus
1889 1749 2022 1817 quia
2048 1740 2098 1809 Β
2120 1746 2323 1803 defecit
2359 1763 2524 1803 omne
2555 1747 2761 1803 bonum
2790 1764 2973 1815 suum,
3006 1764 3110 1804 nec
3140 1756 3323 1820 potest
3353 1749 3421 1803 ab
3449 1748 3561 1803 alio
3585 1748 3749 1819 quis-

397 1842 675 1908 peccatum
697 1853 804 1891 non
833 1838 1108 1903 habemus,
1136 1851 1228 1891 nos
1257 1840 1401 1906 ipsos
1432 1837 1756 1904 seducimus,
1797 1841 1845 1891 et
1874 1839 2017 1891 veri-

401 1933 485 1983 tas
512 1930 573 1982 in
591 1928 743 1982 nobis
762 1942 870 1981 non
912 1931 989 1981 est
1022 1928 1071 1995 (Ι
1085 1928 1241 1981 Joan.
1273 1943 1311 1993 ι,
1343 1927 1422 1996 3).

471 2023 543 2076 Et
569 2022 778 2075 vocavit
806 2020 980 2085 illum,
1012 2023 1061 2074 et
1089 2022 1170 2073 ait
1192 2019 1278 2073 illi
1301 2036 1313 2072 :
1344 2020 1487 2086 Quid
1514 2021 1609 2074 hoc
1635 2019 1801 2073 audio
1830 2019 1896 2073 de
1916 2022 1965 2073 te
1985 2017 2013 2071 ‘t

399 2109 652 2174 Quotidie
692 2124 794 2164 nos
829 2114 987 2163 vocat
1041 2108 1336 2163 Dominus:
1382 2110 1588 2176 Venite,
1641 2111 1767 2178 ﬁlii,
1822 2109 2013 2163 audite

400 2213 483 2253 me
501 2202 610 2266 (Ps.
634 2197 955 2265 xxxm,12).
1007 2198 1193 2252 Venite
1213 2198 1288 2251 ad
1303 2213 1386 2252 me
1403 2213 1601 2265 omnes,
1627 2201 1723 2269 qui
1756 2199 2017 2253 laboratis

407 2298 457 2349 et
480 2296 696 2349 onerati
722 2294 849 2348 estis
873 2292 1090 2363 (Matth.
1121 2307 1197 2359 χι,
1237 2292 1347 2364 28).
1384 2292 1464 2360 Et,
1485 2307 1518 2347 o
1550 2292 1670 2360 viri,
1693 2292 1761 2347 ad
1787 2307 1885 2348 vos
1913 2292 2020 2348 cla-

406 2384 564 2452 mito,
596 2391 650 2440 et
674 2400 777 2439 vox
835 2399 956 2439 mea
988 2383 1053 2438 ad
1084 2382 1229 2440 ﬁlios
1270 2383 1582 2439 hominum.
1633 2383 1891 2447 Quotidie
1930 2383 2020 2439 lo-

408 2475 597 2546 quitur
622 2473 785 2528 nobis
806 2489 908 2543 per
935 2473 1235 2544 prophetas
1264 2490 1279 2538 ;
1310 2472 1563 2544 loquitur
1576 2489 1679 2545 per
1702 2473 1982 2545 apostolos
2006 2490 2020 2541 ;

402 2566 649 2638 loquitur
687 2582 787 2637 per
829 2566 1073 2636 seipsum
1130 2566 1184 2620 in
1226 2567 1562 2639 Evangelio;
1624 2567 1869 2639 loquitur
1923 2584 2023 2638 per

405 2659 693 2714 doctores:
729 2658 975 2729 loquitur
1002 2658 1058 2712 in
1090 2659 1466 2717 conscientia:
1508 2660 1655 2727 Quid
1717 2661 1812 2715 hoc
1860 2662 2020 2716 audio

403 2749 469 2804 de
516 2747 612 2804 te?
651 2748 900 2819 increpat
937 2748 1081 2803 male
1120 2748 1447 2819 cogitantes,
1481 2748 1731 2820 increpat
1766 2749 1909 2805 male
1938 2749 1993 2805 lo

401 2851 659 2916 quentes,
703 2844 956 2915 increpat
976 2843 1122 2899 male
1150 2851 1381 2919 agentes
1413 2883 1429 2907 ,
1484 2843 1733 2915 increpat
1765 2844 1908 2898 male
1933 2842 2018 2898 vi-

398 2940 609 2987 ventes.
635 2934 776 2999 Quid
814 2933 909 2987 hoc
940 2933 1103 2986 audio
1129 2931 1195 2985 de
1224 2935 1273 2984 te
1296 2933 1325 2984 ?
1360 2931 1541 2985 Redde
1568 2933 1831 2987 rationem
1860 2932 2016 2986 villi-

402 3026 629 3079 cationis
658 3030 780 3078 tuae.
810 3024 950 3088 Quia
978 3023 1047 3077 de
1086 3023 1238 3077 omni
1269 3023 1437 3077 verbo
1466 3024 1646 3079 otioso
1687 3025 1830 3093 quod
1860 3024 2023 3079 locuti

401 3115 609 3180 fuerint
674 3114 931 3179 homines,
982 3113 1208 3167 reddent
1260 3115 1529 3168 rationem
1564 3115 1626 3167 in
1683 3114 1772 3168 die
1827 3114 2035 3183 judicii

419 3208 631 3279 (Matth.
677 3224 772 3274 xu,
813 3208 923 3275 36).
986 3208 1168 3263 Redde
1212 3211 1481 3263 rationem
1518 3209 1870 3264 villicatiom‘s
1909 3215 2029 3263 tum.

408 3295 551 3361 Quid
583 3312 714 3370 agas
738 3298 884 3368 apud
918 3303 970 3352 te
1000 3295 1029 3349 ‘l
1059 3297 1192 3369 quid
1223 3298 1369 3369 apud
1400 3298 1711 3368 proximum
1732 3300 1761 3353 ?
1789 3299 1925 3371 quid
1941 3316 2035 3356 co.

408 3386 552 3462 gites
592 3388 650 3442 in
688 3387 900 3444 corde?
939 3387 1101 3460 quale
1143 3387 1391 3459 proferas
1420 3388 1696 3443 verbum?
1742 3389 1881 3454 Quid
1926 3406 2026 3445 au-

408 3477 524 3533 ditu
553 3478 807 3545 delectet,
840 3486 895 3533 et
929 3478 1017 3533 cui
1048 3476 1248 3551 infigas
1264 3478 1531 3533 oculum?
1561 3478 1741 3535 Redde
1757 3482 2024 3535 rationem

405 3572 757 3627 villicationis
811 3576 935 3626 tute.
992 3571 1143 3626 Bona
1191 3586 1315 3625 mea
1354 3570 1614 3642 dissipas,
1670 3571 1833 3627 bonis
1888 3573 2028 3626 meis

405 3663 549 3719 male
576 3663 768 3727 uteris,
830 3663 977 3718 bona
1005 3677 1128 3717 mea
1174 3663 1271 3718 das
1298 3665 1594 3720 extraneis.
1630 3665 1776 3721 Voco
1816 3672 1871 3720 et
1915 3682 2028 3722 non

408 3753 735 3823 respondes,
779 3752 1000 3826 porrigo
1040 3768 1283 3820 manum,
1323 3762 1380 3809 et
1419 3769 1530 3809 non
1562 3754 1810 3824 respicis.
1854 3756 2034 3817 Redde

408 3852 672 3903 rationem
700 3849 1059 3903 villicationis
1091 3854 1216 3903 tute.
1248 3852 1371 3904 Jam
1400 3852 1543 3905 enim
1568 3866 1674 3906 non
1697 3853 1898 3921 poteris
1926 3854 2028 3906 vil-

411 3941 596 3994 licare.
626 3940 705 3993 Ad
736 3937 903 3993 ﬁnem
936 3940 1265 4009 pervenisti,
1304 3949 1526 4011 tempus
1572 3950 1656 3996 est
1678 3941 1894 4011 judicii,
1933 3959 2029 3997 ra-

412 4034 607 4086 tionem
635 4031 818 4099 redde,
840 4031 957 4100 jam
976 4047 1083 4085 non
1098 4034 1303 4101 poteris
1325 4034 1591 4088 villicare.
1625 4033 1742 4090 Cito
1768 4034 1899 4090 hinc
1923 4037 2023 4090 ab-

415 4124 611 4187 iturus,
638 4122 747 4177 cito
769 4123 1066 4178 moriturus
1097 4139 1178 4178 es.
1210 4124 1326 4179 Jam
1368 4140 1479 4180 non
1515 4127 1723 4196 poteris
1752 4126 2017 4183 villicare.

414 4212 541 4267 Post
581 4213 720 4267 hanc
773 4212 934 4267 vitam
975 4228 1087 4268 non
1125 4222 1209 4268 est
1261 4213 1541 4271 villicatio.
1598 4215 1692 4271 llic
1722 4216 2019 4273 villicando

411 4305 706 4372 servimus;
741 4304 817 4359 ibi
860 4305 1263 4377 requiescendo
1287 4306 1600 4361 mercedem
1631 4307 1900 4378 capimus.
1925 4308 2018 4365 llic

2119 1857 2278 1913 quam
2322 1848 2663 1911 exspectare,
2711 1842 2859 1914 quod
2891 1842 3011 1913 ipse
3044 1858 3155 1897 non
3200 1842 3416 1907 meruit,
3450 1857 3577 1896 cum
3611 1840 3749 1894 uni-

2115 1936 2314 2007 cuique
2356 1933 2440 1987 vix
2496 1948 2597 1987 sua
2635 1932 2936 2001 sufficient,
2969 1945 3024 1990 et
3053 1933 3142 1989 vix
3178 1933 3360 2002 justus
3407 1932 3746 1987 salvabitnr.

2114 2024 2246 2097 [deo
2273 2021 2602 2080 mendicare
2641 2023 2908 2078 erubesco
2967 2023 3089 2078 Scio
3110 2022 3245 2092 quid
3282 2023 3507 2088 faciam,
3539 2026 3604 2075 ut
3630 2037 3755 2075 cum

2120 2122 2329 2175 amotus
2359 2118 2517 2183 fuero
2562 2132 2597 2170 a
2647 2115 2982 2170 villicatione
3025 2112 3291 2181 recipiant
3322 2126 3406 2163 me
3454 2112 3511 2164 in
3569 2112 3754 2165 domos

2122 2224 2263 2265 suas.
2296 2205 2527 2261 Salubre
2558 2203 2850 2260 consilium
2886 2199 3095 2271 reperit
3123 2198 3191 2253 ad
3232 2197 3422 2265 ﬁnem,
3463 2199 3559 2269 qui
3603 2197 3754 2251 male

2120 2300 2458 2373 dispensavit
2485 2296 2902 2361 villicationem,
2931 2292 3146 2348 scilicet
3176 2291 3417 2347 ntidaret
3446 2305 3624 2361 pauca
3655 2305 3752 2343 re-

2121 2392 2384 2457 cepturus
2412 2383 2603 2455 plura;
2631 2393 2688 2443 8t
2717 2383 3062 2454 reciperetur
3091 2379 3150 2434 in
3191 2379 3449 2435 domibus
3483 2378 3752 2441 aliorum,

2121 2478 2211 2534 cui
2228 2477 2468 2551 pr0pria3
2496 2472 2853 2532 deﬁciebant.

2193 2570 2505 2626 Convocatis
2543 2568 2725 2636 itaque
2759 2561 2988 2630 singulis
3017 2560 3342 2615 debitoribus
3390 2559 3599 2614 domim
3637 2563 3753 2624 sui,

2122 2657 2337 2713 dicebat
2362 2659 2543 2728 primo
2567 2671 2581 2708 :
2614 2654 2885 2721 Quantum
2911 2651 3067 2705 debes
3097 2649 3313 2704 domino
3339 2664 3451 2703 meo
3468 2651 3496 2702 ?
3524 2651 3603 2703 At
3650 2649 3745 2701 ille

2121 2751 2303 2805 dixit:
2365 2749 2586 2806 Centum
2638 2744 2802 2800 cados
2856 2744 2976 2798 olei.
3033 2741 3391 2799 Communem
3448 2740 3748 2795 Dominum

2119 2841 2410 2905 habemus,
2460 2837 2554 2909 qui
2596 2850 2768 2891 unum
2815 2832 3107 2889 Dominum
3145 2830 3401 2898 colimus,
3425 2830 3516 2884 cui
3548 2843 3751 2883 omnes

2121 2931 2392 2987 debemus
2423 2926 2699 3001 quidquid
2735 2924 2872 2981 boni
2902 2937 3219 2995 possumus.
3254 2921 3363 2976 Sed
3393 2919 3523 2993 quia
3552 2934 3752 2974 omnes

2130 3021 2297 3078 villici
2330 3034 2547 3085 sumus,
2579 3017 2651 3072 de
2674 3016 2802 3087 jure
2821 3011 3177 3071 villicationis
3196 3017 3397 3066 nostra;
3437 3009 3755 3063 debitorum

2137 3109 2357 3167 Domini
2396 3123 2527 3180 pars
2555 3106 2623 3161 ad
2646 3119 2748 3161 nos
2784 3102 3039 3168 refertur,
3072 3109 3134 3156 ut
3160 3115 3272 3154 non
3289 3100 3468 3154 solum
3498 3097 3759 3153 invenia-

2139 3220 2260 3258 mur
2288 3200 2573 3256 debitores
2625 3196 2746 3264 Dei,
2788 3195 2888 3250 sed
2920 3202 2975 3249 et
3004 3192 3242 3247 invicem
3274 3188 3469 3246 nostri.
3508 3189 3629 3244 Non
3664 3203 3759 3242 so-

2137 3296 2249 3350 lum
2276 3294 2423 3349 enim
2444 3290 2709 3361 jubemur
2732 3287 2965 3361 diligere
2989 3284 3183 3350 Deum,
3212 3283 3312 3337 sed
3340 3292 3397 3337 et
3417 3281 3755 3353 proximum.

2135 3384 2426 3440 Debitores
2446 3394 2577 3453 ergo
2601 3393 2792 3435 sumus
2813 3376 2928 3444 Dei,
2950 3374 3231 3430 debitores
3254 3385 3448 3426 sumus
3472 3376 3526 3425 et
3553 3369 3752 3440 proxi-

2126 3473 2223 3529 mi.
2253 3473 2366 3527 Deo
2398 3479 2584 3526 tamen
2650 3476 2827 3524 totum
2866 3464 3140 3520 debemus
3177 3462 3342 3517 etiam
3385 3460 3441 3514 id
3470 3459 3621 3531 quod
3680 3461 3753 3513 ad

2127 3565 2434 3637 proximum
2476 3561 2789 3627 referimus,
2831 3565 2892 3613 ut
2940 3554 3213 3629 quidquid
3271 3551 3562 3619 debemus,
3634 3552 3751 3606 Deo

2130 3658 2456 3713 debeamus.
2484 3654 2758 3708 Habemus
2799 3656 2981 3705 autem
3021 3645 3327 3719 spiritualia
3366 3645 3530 3709 bona,
3578 3644 3754 3698 habe-

2134 3764 2259 3804 mus
2291 3754 2347 3803 et
2375 3744 2704 3817 corporalia.
2741 3740 3078 3813 Spiritnalia,
3110 3747 3191 3805 ut,
3232 3736 3421 3804 ﬁdem,
3451 3735 3750 3807 justitiam,

2132 3842 2482 3911 charitatem,
2523 3847 2654 3907 etc.,
2711 3852 2833 3910 quae
2872 3836 2985 3891 Deo
3024 3833 3315 3901 debemus,
3355 3836 3410 3886 et
3457 3829 3754 3900 proximo;

2133 3932 2462 4004 corporalia,
2530 3939 2590 3984 ut
2642 3943 2860 3993 aurum,
2934 3930 3245 3999 argentum,
3329 3919 3595 3982 triticum,
3672 3917 3758 3972 vi-

2124 4042 2277 4090 num,
2312 4031 2445 4090 etc.,
2473 4022 2623 4076 unde
2659 4021 2770 4075 Deo
2799 4017 3071 4073 servimus
3100 4022 3155 4071 et
3184 4013 3495 4085 proximum
3519 4010 3753 4080 adjuva-

2123 4132 2266 4171 mus.
2305 4113 2448 4178 Quid
2487 4111 2687 4166 melius
2733 4124 2833 4180 per
2867 4108 3051 4163 oleum
3102 4117 3394 4176 possumus
3431 4099 3753 4171 intelligere

2124 4223 2289 4279 quam
2330 4202 2659 4276 spiritualia,
2704 4199 2858 4273 quod
2896 4197 3073 4254 rarius
3112 4203 3196 4251 est
3232 4202 3288 4249 et
3326 4192 3504 4248 lenius
3531 4190 3753 4246 triticea

2121 4295 2421 4359 soliditate,
2453 4299 2509 4348 et
2539 4292 2728 4346 lumen
2760 4288 2929 4356 fovet,
2977 4287 3031 4340 id
3058 4292 3165 4353 est,
3199 4283 3357 4352 cujus
3405 4283 3579 4337 virtus
3609 4279 3748 4334 illu-

412 4399 750 4471 acquirimus
798 4398 946 4470 quod
1003 4398 1079 4453 ibi
1137 4399 1519 4471 possidemus;
1573 4400 1664 4455 hic
1703 4377 1890 4470 labor,
1948 4390 2570 4472 ibiDminatmenlem
2600 4384 2665 4438 ad
2712 4377 3480 4472 intuendamrgvefilaiemrf‘
3516 4380 3752 4472 Ρνίξδιξὶξ

413 4506 720 4562 praemium.

485 4581 586 4634 Ait
612 4583 792 4633 autem
810 4580 1026 4634 villicus
1063 4581 1215 4634 intra
1237 4595 1292 4635 se
1317 4597 1331 4647 ;
1365 4581 1506 4647 Quid
1534 4582 1739 4647 faciam
1768 4582 1900 4651 quia
1928 4582 2023 4637 do-

414 4673 591 4725 minus
633 4685 777 4724 meus
818 4671 1000 4738 aufert
1029 4686 1065 4724 a
1084 4687 1167 4725 me
1193 4672 1578 4727 villicationem
1598 4676 1625 4727 ?
1655 4672 1802 4727 Felix
1832 4673 1925 4745 qui
1957 4674 2025 4728 de

414 4761 524 4816 fine
553 4761 775 4833 cogitat,
807 4760 958 4828 felix,
991 4762 1084 4833 qui
1115 4779 1177 4818 se
1204 4763 1453 4835 quotidie
1484 4764 1832 4832 moriturum,
1874 4765 2024 4837 quia,

412 4854 601 4908 melior
626 4858 704 4908 est
729 4856 857 4923 ﬁnis
872 4857 1133 4909 orationis
1164 4871 1327 4925 quam
1344 4858 1679 4926 principium
1697 4857 1861 4927 (Eccl.
1888 4873 2019 4923 xvn,

300 4938 305 4945 ’
411 4945 487 5013 9).
524 4944 662 5009 Quid
692 4945 885 5001 faciam
908 4944 937 4998 ?
978 4943 1265 5009 Quomodo
1298 4946 1366 5003 de
1396 4948 1540 5004 male
1572 4949 1892 5020 dispensata
1920 4950 2024 5005 vil-

413 5034 672 5091 licatione
707 5032 978 5089 evadam?
1006 5035 1210 5090 Fodere
1236 5050 1345 5091 non
1379 5039 1531 5092 valeo
1562 5046 1851 5110 postquam
1884 5038 2025 5093 deti-

411 5126 489 5183 cit
551 5127 675 5182 vitae
721 5125 887 5195 hujus
956 5125 1238 5181 villicatio.
1292 5126 1409 5182 Non
1494 5127 1828 5200 relinquitur
1881 5129 2025 5186 actio

413 5224 539 5289 post
567 5218 711 5273 hanc
771 5217 960 5285 vitam,
1010 5232 1112 5289 pro
1142 5233 1250 5289 qua
1289 5233 1600 5275 mereamur
1626 5228 1887 5276 aeternam
1939 5222 2026 5276 vi—

414 5316 522 5362 tam
576 5307 658 5362 lbi
667 5308 781 5377 jam
812 5322 923 5363 non
954 5306 1111 5363 valeo
1133 5306 1345 5376 fodere,
1369 5309 1499 5380 quia
1525 5309 1604 5363 ibi
1636 5325 1747 5366 non
1778 5317 1862 5366 est
1888 5326 2025 5382 pau-

415 5412 577 5467 peres
613 5412 884 5465 recreare,
928 5395 1178 5454 infirmos
1206 5396 1451 5464 visitare,
1500 5398 1708 5473 vigiliis
1727 5400 1932 5456 sanctis
1968 5408 2024 5456 et

412 5486 758 5542 orationibus
802 5486 1076 5542 insistere.
1133 5484 1274 5550 Quid
1315 5492 1400 5542 est
1437 5486 1584 5541 enim
1626 5487 1776 5543 aliud
1813 5490 2016 5557 fodere,

415 5571 521 5625 nisi
558 5580 865 5628 sanctarum
913 5574 1191 5631 exercitiis
1240 5576 1522 5631 actionum
1564 5584 1764 5631 terram
1822 5578 2026 5633 mentis

414 5666 472 5713 et
496 5662 744 5730 corporis
772 5665 1072 5720 excolere?
1101 5668 1322 5722 Terram
1350 5666 1615 5734 fodimus,
1641 5682 1764 5723 cum
1805 5683 1836 5722 a
1866 5667 2028 5726 nobis

2127 4478 2389 4538 omnibus
2418 4476 2664 4550 liquidis,
2695 4481 2754 4529 ut
2794 4470 3103 4544 spiritualia
3154 4466 3553 4540 corporalibus.
3600 4462 3747 4527 Quid

2126 4585 2226 4641 per
2263 4567 2527 4633 triticum,
2584 4564 2690 4620 nisi
2723 4559 3072 4633 corporalia?
3113 4559 3170 4614 Si
3200 4557 3426 4629 quidem
3475 4570 3577 4626 per
3619 4568 3753 4623 Spe-

2125 4664 2267 4719 ciem
2296 4677 2444 4733 saepe
2474 4675 2652 4734 genus
2688 4655 3140 4728 subintelligitur.
3174 4652 3401 4706 Villicus
3452 4664 3587 4723 ergo
3632 4648 3753 4718 pri-

2128 4771 2275 4810 mum
2297 4751 2535 4808 debitori
2556 4750 2800 4821 loquitur
2821 4747 2953 4815 olei,
2976 4746 3107 4818 quia
3132 4744 3318 4816 priora
3340 4748 3467 4798 sunt
3484 4740 3752 4811 spiritua-

2124 4847 2197 4901 lia
2225 4843 2647 4917 corporalibus;
2677 4841 2772 4914 qni
2804 4838 2976 4895 debet
3005 4843 3224 4894 centum
3258 4835 3425 4891 cados
3454 4832 3590 4898 olei,
3614 4831 3751 4903 quia

2125 4936 2295 4993 debet
2313 4937 2427 4992 Deo
2455 4932 2725 5007 quidquid
2752 4929 3057 5003 spiritualis
3096 4927 3263 4983 habet
3291 4925 3444 4981 boni.
3470 4923 3560 4978 Sic
3591 4922 3747 4977 enim

2124 5036 2252 5085 sunt
2289 5028 2401 5085 olei
2455 5026 2578 5082 cadi
2618 5026 2829 5097 plures,
2870 5022 3014 5078 sicut
3056 5018 3358 5092 spiritualis
3396 5016 3529 5073 boni
3555 5015 3749 5071 multa!

2126 5121 2365 5193 species.
2401 5120 2504 5175 Vas
2524 5117 2673 5175 enim
2703 5115 2813 5173 olei
2840 5114 3217 5172 centenarium
3240 5110 3461 5183 species
3489 5108 3751 5179 designat

2126 5230 2321 5272 omnes
2373 5212 2741 5285 spiritualium
2783 5211 3077 5267 bonorum.
3135 5207 3268 5263 Nam
3299 5212 3355 5261 et
3395 5202 3750 5261 centenarias

2128 5304 2535 5379 plenitudinem
2574 5319 2724 5375 saepe
2760 5299 3059 5374 signiﬁcat,
3105 5306 3165 5354 et
3188 5297 3381 5353 ﬁnitus
3406 5310 3555 5366 saepe
3581 5293 3753 5364 poni-

2124 5408 2211 5457 tur
2240 5415 2339 5473 pro
2372 5398 2610 5456 inﬁnito.
2646 5398 2815 5453 Debet
2870 5411 3002 5471 ergo
3047 5393 3275 5450 domino
3332 5397 3552 5448 centum
3582 5388 3755 5444 cados

2122 5493 2257 5556 olei,
2299 5492 2394 5564 qui
2449 5491 2619 5546 debet
2651 5490 2765 5547 Deo
2800 5486 3202 5559 perfectionem
3240 5481 3545 5556 spiritualis
3585 5479 3747 5536 boni.

2126 5579 2233 5637 Sed
2255 5583 2486 5639 multum
2516 5582 2757 5654 pertinet
2786 5580 2857 5636 ad
2883 5580 3221 5651 proximum,
3244 5576 3313 5630 de
3340 5576 3450 5630 hoc
3475 5572 3624 5645 quod
3656 5571 3750 5625 de—

2128 5672 2292 5730 betur
2351 5675 2483 5730 Deo.
2516 5673 2742 5729 Multum
2790 5671 2937 5726 enim
3005 5668 3340 5727 offendimus
3389 5665 3494 5721 nisi
3550 5662 3747 5727 fidem,
