3932 6040
213 229 357 284 1125

1321 221 1541 278 HOMIL.
1585 223 1666 277 DE
1703 219 1958 276 VlLLlCO
2001 221 2424 287 lNlQUlTATIS.

3407 235 3546 291 1126

210 358 480 425 justitiam
537 364 592 411 et
648 356 966 411 charitatem
1020 353 1268 424 proximo
1313 354 1626 409 reddamus.
1700 354 1828 409 Cum
1859 358 1906 424 Α
1938 352 2049 406 bita
2108 362 2311 419 nostra,
2375 359 2516 409 sicut
2571 361 2619 408 et
2672 372 2768 412 nos
2827 359 3152 416 dimittimus
3219 364 3547 419 debitoribus

215 449 384 520 igitur
423 447 492 500 de
533 455 755 501 centum
798 445 947 500 cadis
987 445 1200 499 villicus
1234 445 1394 513 jubet
1431 446 1833 520 quinquaginta

213 539 408 603 scribi,
439 539 589 610 quod
620 538 856 592 debetur
894 539 1025 602 Deo,
1057 539 1413 594 coniimiatur
1453 540 1680 609 scripto,
1704 539 1834 610 quia

214 646 327 685 non
360 630 664 684 dimittitur.
699 630 852 694 Quod
881 630 1112 702 debetur
1141 631 1243 685 sibi
1271 631 1623 698 nonjubetur
1637 630 1826 695 scribi,

213 720 348 791 quio
396 720 707 774 dimittitur.
751 719 980 774 Dimittit
1019 721 1167 791 quod
1210 737 1369 776 suum
1401 729 1504 786 est,
1565 722 1824 793 relinquit

213 812 364 882 quod
396 811 490 865 Dei
524 818 625 865 est.
657 811 731 864 De
769 811 873 866 hoc
910 811 1056 882 quod
1084 811 1191 865 sibi
1222 813 1478 877 debetur,
1509 813 1668 868 venia
1698 811 1828 867 facit

213 922 505 970 securum;
540 908 607 962 de
640 923 706 962 eo
738 907 887 978 quod
918 909 1030 964 Deo
1058 908 1294 964 debetur
1325 910 1531 981 scripto
1564 909 1692 964 facit
1712 908 1828 964 sol-

213 994 446 1050 licitum.
483 996 636 1050 Unde
666 995 920 1067 sequitur
944 1015 956 1050 :

289 1087 548 1155 Dixitque
568 1086 684 1140 illi:
711 1087 913 1156 Accipe
938 1089 1236 1142 cautionem
1256 1093 1405 1142 tuam
1443 1093 1494 1142 et
1521 1089 1642 1143 sede
1660 1091 1764 1144 cito
1777 1094 1827 1143 et

214 1179 389 1232 scribe
412 1181 839 1248 quinquaginta;
873 1196 937 1234 ac
963 1180 1008 1234 si
1033 1179 1266 1236 diceret:
1297 1181 1449 1244 Quod
1472 1180 1644 1235 debes
1665 1182 1823 1248 mihi,

216 1271 437 1328 dimitto
477 1273 608 1339 tibi;
667 1273 814 1344 quod
855 1274 1026 1329 debes
1055 1276 1164 1330 Deo
1195 1277 1462 1330 cautelam
1496 1293 1737 1343 assume,
1770 1286 1825 1333 et

215 1361 310 1431 qui
343 1361 619 1432 superbus
647 1362 846 1423 stabas,
881 1363 1013 1417 sede
1034 1364 1140 1419 cito
1172 1373 1227 1419 et
1253 1365 1566 1429 humiliare,
1596 1378 1650 1422 et
1671 1369 1821 1439 quod

215 1454 661 1524 parvipendebas
697 1456 783 1510 vel
823 1456 1124 1520 oblivione,
1183 1474 1280 1529 pro
1344 1459 1514 1514 nihilo
1558 1461 1819 1526 ducebas,

214 1542 398 1597 scribe
427 1543 481 1596 in
503 1543 707 1598 tabulis
727 1544 984 1600 cordis-et
1014 1549 1280 1603 memoria
1303 1556 1450 1615 tene,
1484 1559 1544 1606 ut
1569 1551 1826 1626 frequen-

215 1640 301 1687 ter
327 1634 564 1702 poenitas
609 1640 664 1688 et
693 1634 906 1705 expies,
961 1635 1140 1692 donec
1189 1643 1242 1691 et
1296 1639 1473 1709 ipsum
1517 1640 1822 1698 dimittatur

214 1722 340 1776 tibi.
373 1723 505 1778 Sede
543 1727 664 1790 cito,
698 1725 754 1778 id
801 1733 885 1780 est
934 1741 1002 1780 ne
1043 1725 1266 1782 differas
1314 1729 1382 1784 de
1413 1730 1500 1784 die
1542 1732 1596 1785 in
1651 1733 1818 1790 diem.

217 1818 403 1873 Scribe
451 1821 867 1889 quinquaginta.
912 1821 1179 1877 Numerus
1231 1830 1330 1879 istc
1380 1824 1723 1894 paenitentiae
1780 1833 1833 1881 et

221 1909 566 1964 remissionis
613 1917 716 1978 est,
773 1919 832 1966 ut
871 1918 925 1966 et
983 1929 1162 1968 annus
1200 1915 1694 1988 quinquagesimus
1739 1933 1830 1972 re-

213 2002 512 2064 missionis.
539 2010 594 2059 et
618 2006 859 2075 psalmus
881 2007 1374 2083 quinquagesimus
1389 2009 1678 2079 pmnitenti
1702 2010 1821 2064 alis.

215 2094 625 2170 Quinquaginta
655 2096 969 2152 scribuntur
1019 2105 1073 2151 et
1102 2097 1504 2170 quinquaginta
1534 2098 1826 2152 dimittun-

209 2195 316 2240 tur.
354 2187 565 2241 Similis
594 2204 858 2244 numerus
886 2188 1122 2243 similem
1155 2188 1430 2263 signiﬁcat
1455 2187 1820 2244 offensionem

213 2277 267 2332 in
295 2279 465 2334 Deum
485 2289 540 2334 et
568 2281 868 2336 hominem.
906 2281 1060 2336 Unde
1103 2281 1366 2336 Dominus
1392 2280 1525 2335 dicit
1568 2281 1619 2334 in
1651 2281 1822 2334 Evan-

206 2367 382 2438 gelio:
415 2369 615 2435 Diliges
653 2370 938 2424 Dominum
987 2371 1153 2424 Deum
1208 2375 1356 2424 tuum
1401 2385 1468 2424 ea:
1509 2375 1613 2424 toto
1669 2371 1826 2424 corde

210 2460 325 2523 tuo,
357 2463 407 2512 et
434 2473 501 2511 ea:
545 2463 656 2513 tota
684 2461 870 2513 anima
900 2464 995 2513 tua
1032 2463 1081 2514 et
1109 2475 1176 2513 ea:
1228 2463 1339 2514 tota
1363 2465 1535 2514 mente
1564 2464 1676 2513 tua.
1712 2460 1822 2513 Hoc

210 2550 288 2600 est
329 2549 565 2615 primum
597 2551 647 2601 et
670 2564 924 2616 magnum
948 2551 1280 2604 mandatum.
1322 2549 1624 2604 Secundum
1648 2549 1825 2603 simile

213 2639 291 2689 est
355 2635 505 2691 huic:
565 2638 768 2706 Diliges
829 2641 1140 2708 proximum
1195 2644 1343 2694 tuum
1396 2641 1536 2694 sicut
1596 2642 1828 2708 teipsum

215 2732 431 2798 (Matth.
478 2749 610 2796 xxu,
643 2731 858 2803 37-39).
904 2733 1034 2788 Nam
1063 2749 1294 2805 quorum
1325 2733 1520 2787 similis
1577 2742 1660 2788 est
1689 2733 1830 2789 dile-

218 2821 347 2886 ctio,
377 2821 568 2876 similis
592 2828 673 2876 est
692 2821 942 2877 offensio.
975 2822 1261 2894 Sequitur:

289 2918 489 2971 Deinde
525 2920 628 2973 alii
647 2921 820 2974 discit:
846 2924 904 2974 tu
925 2935 1052 2974 vero
1084 2923 1344 2988 quantum
1373 2919 1523 2973 debes
1542 2920 1570 2972 ?
1594 2919 1692 2987 qui
1711 2919 1830 2971 ait:

1933 445 2149 498 nostris.
2195 446 2408 512 (Matth.
2452 462 2526 511 vr,
2579 447 2676 512 1‘2).
2722 448 2918 504 Verum
2962 454 3263 522 prudenter
3289 457 3420 528 egit,
3454 457 3547 526 qui

1937 537 2103 591 Deum
2137 539 2318 592 lacere
2355 540 2577 594 molitur
2615 541 2926 597 debitorem
2956 561 3136 612 suum,
3171 555 3229 601 ut
3259 549 3442 623 exigat
3481 549 3550 602 ab

1934 641 2000 680 eo
2042 628 2284 682 debitam
2344 631 2749 694 remissionem,
2798 635 2926 704 quia
2976 637 3207 692 remisit.
3243 639 3550 694 Prudenter

1928 719 2059 789 egit,
2115 721 2244 790 quia
2281 721 2366 776 cui
2424 723 2699 778 obnoxius
2727 733 2844 780 erat
2886 727 3062 797 ipsum
3119 730 3223 784 sibi
3265 730 3395 786 facit
3450 733 3551 786 ob-

1928 806 2172 863 noxium.
2219 809 2281 864 Et
2311 827 2477 882 quem
2526 812 2765 868 habebat
2794 814 2990 870 durum
3031 826 3368 886 exactorem,
3400 836 3549 875 nunc

1927 895 2094 950 habet
2123 897 2273 967 pium
2301 899 2632 968 debitorem,
2657 911 2714 956 ut
2745 901 3071 960 ﬁducialiter
3092 907 3237 961 dicat
3264 929 3276 961 :
3301 907 3541 974 Dimitte,

1928 983 2058 1054 quia
2084 984 2269 1041 dimisi
2290 1005 2318 1052 ;-
2359 989 2527 1044 redde
2559 1006 2722 1060 quam
2756 990 2930 1046 debes
2971 985 3226 1061 veniam,
3267 995 3397 1066 quia
3445 1012 3548 1071 ego

1927 1077 2054 1132 dedi
2114 1081 2348 1135 veniam.
2401 1083 2539 1148 Quia
2575 1085 2678 1152 ﬁlii
2733 1085 2898 1154 hujus
2955 1088 3138 1141 saeculi
3173 1090 3549 1156 prudentiores

1925 1175 2052 1224 sunt
2073 1171 2206 1238 ﬁliis
2237 1173 2372 1226 lucis
2400 1175 2458 1226 in
2508 1178 2849 1240 generatione
2877 1193 2997 1231 sua.
3056 1177 3170 1230 Filii
3221 1178 3362 1232 lucis
3393 1179 3546 1233 labo-

1926 1271 2064 1332 rant,
2099 1272 2153 1320 et
2198 1267 2286 1321 vix
2334 1275 2618 1322 merentur
2658 1271 2923 1338 pretium;
2979 1282 3206 1327 currunt
3237 1280 3289 1328 et
3327 1275 3418 1327 vix
3474 1275 3542 1328 ad

1927 1352 2172 1408 bravium
2207 1355 2554 1424 perveniunt,
2586 1359 2896 1427 parturiunt
2924 1368 2977 1414 et
3009 1361 3089 1415 vix
3127 1364 3392 1416 evadunt.
3428 1363 3548 1416 Filii

1926 1445 2112 1500 szeculi
2146 1454 2269 1516 post
2320 1447 2512 1503 laudes
2549 1457 2604 1502 et
2642 1449 2937 1505 illecebras
2969 1462 3025 1506 et
3075 1453 3298 1508 illicitos
3328 1470 3552 1508 amores

1924 1536 2272 1593 solummodo
2304 1539 2607 1605 dimittunt,
2657 1548 2714 1594 et
2751 1541 2918 1596 Deum
2960 1543 3270 1599 debitorem
3306 1553 3541 1610 tenent;

1929 1634 2159 1694 parcunt
2188 1635 2243 1681 et
2275 1628 2513 1696 parcitur
2531 1629 2634 1692 eis,
2665 1630 2985 1685 condonant
3023 1639 3078 1686 et
3131 1633 3386 1689 donatur.
3417 1634 3544 1688 ldeo

1933 1720 2322 1790 prudentiores
2378 1729 2504 1777 sunt
2534 1721 2630 1776 ﬁlii
2663 1725 2850 1778 surculi
2881 1724 3010 1779 ﬁliis
3041 1726 3180 1781 lucis
3220 1727 3275 1780 in
3307 1743 3547 1799 genera-

1934 1811 2086 1866 tione
2115 1828 2235 1880 sua,
2269 1813 2323 1867 id
2346 1821 2429 1869 est
2458 1815 2681 1886 quando
2713 1825 3110 1890 regenerantur
3133 1820 3266 1886 Deo,
3296 1827 3354 1874 et
3385 1835 3553 1875 reno—

1934 1913 2130 1958 vantur
2153 1905 2423 1976 spirituali
2453 1906 2581 1960 vita.

2000 1996 2069 2049 Et
2092 2009 2185 2062 ego
2225 1996 2344 2050 dico
2382 1997 2552 2062 vobis,
2574 1997 2744 2063 facite
2759 1998 2908 2052 vobis
2936 2001 3132 2054 amicos
3155 2001 3220 2054 de
3239 2017 3553 2057 mammona

1926 2090 2255 2159 iniquitatis.
2290 2091 2618 2160 Mammona,
2650 2093 2701 2146 id
2735 2097 2817 2148 est
2851 2093 3074 2161 divitiae,
3125 2111 3247 2166 quae
3279 2096 3549 2168 iniquita-

1925 2181 1994 2236 tis
2015 2181 2297 2246 dicuntur,
2348 2184 2476 2255 quia
2508 2185 2629 2240 sine
2672 2185 2962 2257 iniquitate
2997 2202 3105 2242 non
3137 2196 3450 2258 captantur,
3497 2200 3553 2244 et

1929 2273 2060 2345 quia
2111 2274 2359 2346 iniquum
2396 2281 2477 2329 est
2532 2292 2627 2330 eas
2684 2292 2941 2332 revocare
2999 2277 3054 2331 in
3109 2279 3360 2351 proprios
3400 2296 3550 2345 usus,

1928 2381 2067 2436 quas
2096 2367 2303 2421 creavit
2359 2382 2685 2423 communes
2739 2369 3020 2424 Dominus.
3071 2369 3223 2424 Unde
3283 2372 3548 2442 scriptum

1928 2466 2040 2514 est:
2077 2461 2183 2514 Pro
2202 2462 2489 2530 iniquitate
2504 2462 2624 2514 vidi
2653 2463 2881 2516 tentoria
2901 2463 3190 2531 Ethiopice
3214 2464 3438 2528 (Habac.
3472 2482 3552 2522 ιιι.

1928 2550 2002 2617 7),
2037 2551 2090 2604 id
2133 2561 2218 2606 est
2256 2568 2354 2622 pro
2388 2551 2594 2606 divitiis
2623 2553 2912 2623 captandis
2944 2552 3057 2606 vidi
3090 2553 3343 2608 homines
3375 2555 3549 2610 factos

1930 2641 2285 2699 tabernacula
2312 2644 2638 2718 nigredinis,
2674 2645 2727 2698 id
2761 2655 2844 2699 est
2869 2645 3122 2699 vitiorum
3145 2646 3552 2712 etdaamonum,

1933 2743 1991 2788 ut
2033 2735 2124 2805 qui
2157 2743 2412 2806 poterant
2467 2752 2591 2790 esse
2628 2736 2981 2790 tabernacula
3012 2737 3276 2791 sectando
3312 2753 3556 2807 pauper-

1941 2829 2127 2889 tatem,
2173 2823 2298 2878 facti
2335 2832 2464 2878 sunt
2495 2824 2730 2878 tentoria
2786 2824 3045 2878 vitiorum
3099 2839 3198 2893 pro
3261 2823 3558 2894 iniquitate

1938 2915 2345 2988 congreganda.
2400 2914 2528 2979 Quis
2580 2930 2690 2969 non
2739 2915 2924 2969 videat
2995 2914 3194 2969 multos
3253 2916 3553 2986 perjurium

215 3011 425 3062 centum
455 3023 602 3063 caros
631 3011 822 3063 tritici.
869 3007 1044 3063 Cadus
1093 3007 1425 3080 liquidarum
1458 3022 1713 3062 mensura
1744 3003 1900 3071 estC
1930 3005 2232 3072 incurrere,
2264 3005 2559 3060 homicidia
2595 3005 2795 3067 facere,
2843 3005 3002 3060 dolos
3030 3006 3333 3060 machinari
3367 3014 3558 3061 contra

213 3105 267 3152 et
297 3112 460 3153 corus
502 3099 797 3154 seminum.
847 3099 1017 3154 Valde
1062 3099 1365 3155 timendum
1420 3105 1505 3153 est
1537 3097 1698 3152 nobis
1725 3097 1822 3168 qui

209 3192 612 3262 plenitudinem
632 3194 1003 3265 corporalium
1030 3195 1297 3248 bonorum
1331 3195 1619 3259 debemus,
1641 3191 1823 3262 proxi-

209 3283 315 3338 mis
334 3284 618 3351 debemus,
653 3293 706 3340 et
734 3294 916 3340 tamen
945 3301 1056 3340 non
1097 3286 1391 3348 solvimus;
1435 3285 1704 3338 debemus
1735 3289 1822 3337 to-

208 3384 348 3441 tum,
398 3385 453 3430 et
509 3376 597 3431 vix
629 3377 893 3432 solvimus
923 3393 1134 3447 parum.
1169 3377 1306 3440 Quid
1339 3390 1470 3448 ergo
1502 3375 1766 3428 faciemus
1798 3373 1826 3426 ?

209 3468 263 3522 Si
289 3484 397 3524 non
430 3486 722 3541 possumus
751 3473 966 3528 solvere
999 3478 1170 3527 totum
1202 3471 1348 3542 quod
1378 3470 1670 3535 debemus,
1704 3468 1828 3523 aliis

213 3561 560 3619 dimittamus
584 3564 774 3619 saltem
807 3565 953 3637 quod
983 3565 1214 3618 debetur
1236 3563 1416 3618 nobis.
1454 3561 1605 3616 Unde
1638 3561 1828 3632 sequi-

210 3657 336 3707 tur:
378 3656 458 3708 ait
487 3655 601 3709 illi:
635 3655 832 3724 Accipe
858 3656 1068 3710 litteras
1100 3658 1240 3719 tuas,
1264 3657 1312 3708 et
1335 3653 1508 3708 scribe
1534 3653 1824 3718 octoginta.

214 3742 314 3806 Qui
355 3745 503 3798 enim
534 3745 602 3798 de
630 3750 848 3799 centum
879 3743 1069 3799 scribit
1089 3743 1391 3817 octOginta,
1426 3741 1676 3812 quintam
1699 3755 1826 3810 par-

212 3840 320 3888 tem
375 3833 620 3900 dimittit,
673 3834 803 3905 quia
858 3833 926 3888 de
982 3831 1365 3904 corporalibus
1434 3832 1536 3886 hoc
1593 3830 1830 3885 debetur

218 3925 467 3997 proximo
485 3926 634 3998 quod
657 3926 901 3997 quinque
928 3924 1178 3996 corporis
1205 3939 1404 3979 sensus
1435 3922 1692 3995 exigunt;
1727 3922 1831 3976 hoc

217 4018 424 4090 scripto
447 4019 866 4075 commendatur
885 4019 1034 4090 quod
1064 4018 1265 4072 divinae
1285 4015 1473 4088 gratiae
1494 4030 1593 4085 per
1610 4021 1838 4069 octona-

221 4110 360 4163 rium
392 4108 744 4179 relinquitur.
789 4108 1036 4177 Rapuisti
1066 4123 1276 4173 meum,
1311 4104 1588 4160 abstulisti
1624 4103 1838 4174 praesti-

222 4207 360 4264 tum,
393 4196 607 4270 negasti
652 4196 1114 4251 commendatum.
1148 4195 1204 4248 Si
1263 4193 1477 4248 dimitto
1529 4190 1631 4246 tibi
1689 4191 1838 4261 quod

225 4303 346 4339 mea
388 4284 573 4351 refert,
605 4285 772 4340 scribe
800 4287 1088 4352 octoginta,
1132 4283 1188 4336 id
1245 4291 1330 4337 est
1356 4279 1684 4336 commenda
1721 4294 1839 4333 me-

1926 3101 2227 3170 proximos,
2260 3117 2440 3156 rerum
2474 3100 2818 3170 publicarum
2849 3108 2904 3154 et
2953 3099 3301 3154 dominorum
3350 3101 3548 3171 prodi-

1926 3203 2076 3249 tores
2126 3209 2245 3247 esse
2291 3201 2520 3264 propter
2564 3193 2806 3246 divitias.
2853 3193 2909 3245 lli
2955 3192 3091 3246 ﬁunt
3125 3209 3225 3261 pro
3262 3195 3559 3262 iniquitate

1926 3285 2158 3337 tentoria
2185 3283 2489 3351 Ethiopice.
2525 3282 2656 3340 Sed.
2691 3297 2813 3334 cum
2862 3281 3079 3335 villicus
3111 3282 3303 3335 fecerit
3350 3283 3558 3337 amicos

1927 3371 2206 3440 superius,
2247 3381 2300 3424 et
2338 3371 2406 3424 de
2437 3370 2821 3441 spiritualibus
2850 3376 2904 3424 et
2928 3370 2997 3424 de
3029 3370 3433 3439 corporalibus,
3461 3387 3560 3425 cur

1931 3461 2496 3517 Dominusconcludit
2524 3460 2690 3514 ﬁnem
2716 3461 2990 3529 parabolas
3020 3476 3134 3514 sum
3162 3461 3231 3514 de
3262 3461 3395 3514 solis
3436 3475 3557 3514 cor-

1930 3550 2234 3621 poralibus.
2273 3548 2441 3603 Citius
2473 3548 2808 3603 dimittimus
2841 3549 3095 3617 injuriam
3155 3548 3352 3603 factam
3387 3565 3554 3620 quam

1931 3645 2204 3714 praestitas
2235 3645 2529 3715 pecunias;
2569 3643 2785 3699 facilius
2815 3644 3011 3698 damus
3039 3643 3202 3697 ﬁdem
3237 3661 3400 3714 quam
3429 3660 3559 3715 pos-

1928 3734 2269 3798 sessionem;
2306 3734 2594 3804 proniores
2652 3749 2841 3787 sumus
2896 3732 3182 3786 dimittere
3233 3732 3362 3786 odia
3395 3749 3558 3804 quam

1929 3825 2248 3894 expendere
2302 3831 2506 3879 nostra.
2544 3823 2673 3878 ldeo
2706 3823 2991 3889 Dominus,
3040 3821 3357 3892 parabolice
3398 3823 3561 3878 nobis

1930 3912 2000 3966 ad
2024 3911 2456 3967 misericordiam
2499 3911 2804 3978 instructis,
2853 3911 2907 3964 in
2955 3926 3019 3966 ea
3054 3919 3207 3982 parte
3250 3911 3562 3966 misericor-

1939 4001 2046 4056 diae
2076 4001 2357 4056 concludit
2389 4015 2700 4055 sermonem
2748 4016 2912 4070 quam
2937 3999 3091 4054 novit
3121 4000 3268 4070 apud
3307 4000 3560 4054 homines

1939 4092 2310 4148 difﬁciliorem
2335 4109 2349 4159 ;
2383 4102 2437 4147 et
2463 4093 2531 4146 ad
2553 4108 2673 4147 eam
2708 4107 2809 4146 nos
2839 4091 3054 4146 enixius
3089 4093 3336 4146 hortatur
3365 4092 3420 4145 in
3450 4090 3559 4146 ﬁne

1939 4185 2008 4240 ad
2034 4202 2196 4257 quam
2227 4185 2379 4240 videt
2409 4199 2510 4239 nos
2549 4183 2832 4238 difﬁcilius
2867 4183 3153 4248 inclinari,
3207 4183 3335 4254 quia
3372 4184 3561 4238 melior

1939 4282 2016 4332 est
2043 4279 2172 4346 ﬁnis
2211 4278 2471 4332 orationis
2515 4290 2679 4344 quam
2709 4276 3046 4345 principium
3078 4273 3296 4343 (Eccles.
3348 4291 3442 4339 vn,
3488 4275 3561 4342 9).

226 4379 410 4434 moriae
453 4378 599 4450 quod
650 4378 833 4432 adhuc
875 4392 1006 4448 eges
1059 4375 1222 4430 venia
1269 4374 1469 4428 divinae
1512 4371 1733 4447 gratiae;
1793 4370 1839 4424 si
1870 4359 2224 4425 DFaeiamus
2254 4383 2383 4440 ergo
2440 4367 2508 4420 de
2541 4365 2750 4419 divitiis
2791 4365 3096 4435 iniquitatis
3151 4366 3380 4430 amicos,
3423 4380 3558 4434 pau-

222 4467 446 4538 quidem
476 4466 757 4538 Evangelii
787 4465 961 4540 gratia
982 4462 1326 4538 signiﬁcatur
1347 4477 1446 4531 per
1467 4459 1834 4522 octonarium,

220 4559 360 4615 sicut
388 4559 677 4614 austeritas
716 4558 873 4632 legis,
905 4573 1003 4628 per
1033 4554 1432 4627 septenarium.
1461 4552 1569 4607 Sed
1593 4559 1840 4607 meretur

219 4651 486 4707 octonarii
544 4651 774 4722 gratiam
844 4651 938 4721 qui
1003 4655 1282 4719 praecepta
1349 4644 1641 4707 custodit,
1714 4659 1836 4714 qum

221 4741 600 4815 signiﬁcantur
631 4758 730 4813 per
753 4742 968 4804 decem,
993 4751 1053 4794 ut
1084 4755 1184 4811 per
1213 4736 1559 4793 octonarium
1585 4735 1836 4805 junctum

223 4834 472 4900 denario,
502 4834 734 4908 gratiam
778 4833 1055 4904 illigamus
1086 4829 1409 4902 acquisitam
1451 4835 1752 4898 praecepto,
1783 4833 1843 4879 ut

227 4925 319 4996 qui
345 4926 536 4980 scribit
583 4927 862 4999 octOginta
903 4941 1001 4995 per
1038 4923 1297 4996 Decalogi
1338 4920 1668 4986 custodiam,
1709 4934 1839 4989 per-

227 5017 409 5072 veniat
428 5018 492 5072 ad
529 5017 798 5073 octonarii
825 5017 1081 5090 gratiam.

295 5109 879 5164 Etlaudavitdominus
891 5108 1132 5162 villicum
1142 5107 1454 5175 iniquitatis
1466 5105 1599 5174 quia
1605 5102 1842 5173 pruden-

224 5205 301 5256 ter
327 5204 559 5269 fecisset.
591 5203 721 5257 Mira
748 5218 864 5269 res;
899 5202 1079 5256 malus
1111 5207 1193 5255 est
1222 5199 1438 5254 villicus
1459 5205 1514 5252 et
1541 5197 1797 5251 laudatur
1822 5211 1836 5259 ;

227 5297 364 5352 male
397 5298 737 5368 dispensavit
766 5305 820 5352 et
859 5297 1141 5368 parcitur;
1205 5310 1311 5350 non
1347 5291 1660 5348 emendavit
1690 5289 1840 5360 quod

226 5387 370 5455 fecit,
423 5397 478 5444 et
510 5389 848 5462 indulgetur.
900 5389 1097 5442 Verum
1156 5386 1459 5456 prudenter
1516 5381 1654 5457 egit,
1709 5381 1839 5452 quia

1941 4461 2168 4532 peribus
2208 4477 2302 4516 eas
2333 4458 2743 4524 distribuendo,
2777 4465 2832 4512 et
2881 4456 3231 4512 debitoribus
3261 4464 3315 4511 et
3344 4457 3429 4510 his
3469 4457 3568 4528 qui

1941 4573 2035 4611 eas
2091 4555 2439 4610 abstulerunt
2488 4551 2838 4606 dimittendo.
2897 4550 3026 4616 Sed,
3079 4550 3209 4621 quia
3255 4549 3572 4620 iniquitatis

1941 4649 2146 4703 divitia:
2186 4647 2308 4701 alim
2339 4645 2696 4716 possidentur
2728 4650 2958 4714 paterna
3011 4643 3391 4709 successione,
3445 4641 3567 4697 alite

1936 4739 2084 4807 justo
2115 4735 2520 4806 conquiruntur
2550 4733 2762 4799 labore,
2805 4732 2927 4786 aliae
2976 4739 3312 4802 usurpantur
3340 4747 3404 4785 ex
3434 4746 3559 4786 sce-

1942 4825 2055 4878 lere
2079 4823 2163 4879 vel
2196 4823 2503 4893 impietate,
2548 4822 2641 4875 Dei
2673 4829 2820 4876 certe
2851 4819 3011 4874 amici
3038 4836 3146 4874 non
3172 4820 3330 4886 ﬁunt,
3376 4820 3470 4890 qui
3504 4820 3572 4873 de

1940 4914 2149 4968 scelere
2175 4913 2262 4967 vel
2281 4912 2567 4982 impietate
2583 4911 2834 4966 veniunt.
2870 4909 2979 4964 Nec
3010 4916 3164 4980 putet
3191 4910 3481 4980 quisquam
3508 4921 3572 4960 ex

1944 5006 2028 5060 his
2055 5005 2333 5076 adjutores
2362 5018 2613 5074 quaerere
2647 5001 2840 5056 salutis
2869 5018 3006 5072 quas
3037 5000 3404 5056 mercimonio
3436 5013 3563 5052 cor-

1941 5101 2073 5154 rasit
2113 5098 2442 5169 iniquitatis.
2487 5097 2761 5167 Scriptum
2793 5103 2877 5150 est
2917 5095 3097 5150 enim:
3141 5096 3347 5150 Hostiae
3377 5095 3576 5161 impio-

1937 5211 2063 5250 rum
2092 5193 2479 5250 abominabiles
2513 5192 2700 5262 (Prov.
2734 5208 2792 5256 ιι,
2822 5191 2896 5261 2),
2953 5190 3084 5261 quia
3146 5189 3452 5244 offeruntur
3501 5203 3565 5242 ex

1939 5288 2175 5352 scelere;
2203 5294 2290 5342 et:
2322 5286 2656 5341 Immolantis
2695 5301 2762 5339 ea:
2793 5287 3006 5355 iniquo,
3037 5285 3238 5340 oblatio
3265 5293 3338 5339 est
3371 5297 3562 5338 macu-

1944 5385 2059 5438 lata
2114 5382 2302 5453 (Eccli.
2352 5397 2534 5444 xxxnv,
2565 5379 2692 5449 21);
2744 5388 2840 5433 et:
2899 5378 3004 5444 Qui
3042 5378 3198 5447 offert
3241 5380 3569 5447 sacriﬁcium

224 5479 432 5534 dimisit
455 5494 648 5550 pauca,
693 5486 752 5533 ut
783 5479 1058 5549 reciperet
1088 5478 1283 5548 plura;
1316 5472 1529 5528 dimisit
1560 5481 1845 5541 tempora-
1945 5492 2012 5530 em
2042 5475 2356 5529 substantia
2381 5475 2660 5542 pauperis,
2693 5474 2852 5542 quasi
2882 5474 2980 5541 qui
3015 5473 3261 5526 victimat
3297 5473 3470 5542 ﬁlium
3517 5472 3572 5525 in

222 5571 314 5638 lia,
366 5580 427 5625 ut
480 5577 686 5625 aeterna
725 5569 1014 5641 percipiat.
1057 5569 1316 5623 Audierat
1356 5565 1542 5620 enim:
1577 5565 1848 5618 Dimittite
1946 5567 2227 5633 conspectu
2257 5563 2438 5631 patris
2494 5561 2629 5631 (ibid
2662 5603 2675 5627 ,
2733 5561 2844 5632 24).
2904 5561 3033 5616 Cum
3078 5577 3208 5637 ergo
3258 5559 3576 5633 praecipitur

227 5665 272 5714 et
298 5660 602 5717 dimittetur
628 5661 776 5716 vobis
808 5659 962 5730 (Luc.
999 5675 1076 5727 Vl,
1099 5657 1207 5731 37),
1251 5664 1304 5713 et
1344 5657 1560 5712 dimitte
1585 5654 1740 5709 nobis
1757 5654 1848 5707 de-
1949 5652 2066 5709 ﬁeri
2102 5651 2308 5721 amicos
2338 5651 2407 5706 de
2440 5665 2755 5708 mammona
2784 5650 3111 5724 iniquitatis,
3141 5651 3570 5708 discernendum
