3892 6048
421 251 548 335 1431

1646 238 1679 291 S
1744 234 1980 292 ODONIS
2018 231 2261 289 CAMER.
2306 231 2508 288 EPISC.

3614 225 3764 280 1132

416 406 475 445 se
531 394 777 449 evocato,
819 392 881 438 ut
938 381 1105 437 verba
1150 380 1324 451 ipsius
1370 394 1598 450 ponam:
1653 377 1878 450 Rogato,
1928 375 2024 451 ait,
2055 386 2101 449 Α
2129 373 2217 451 9d.
2242 371 2343 451 ‘30,,
2374 386 2518 426 vers.
2554 372 2601 437 1)
2644 369 2994 451 ᾳιιοῲῐιιιιιδ
3050 367 3225 451 possit
3253 366 3444 449 delere
3473 370 3759 451 vetustas.

416 445 770 525 charissime,
808 462 1141 525 conventum
1172 445 1185 451 ’
1208 445 1479 525 fratrum._
1520 456 1579 525 ut
1623 445 1850 525 _pro'me
1881 445 2024 525 apud

416 533 583 587 Deum
608 517 869 601 dignetur
894 524 1262 591 intercedere,
1294 522 1451 601 cujus
1462 517 1732 601 judicium
1760 519 1879 601 sine
1909 517 2028 601 ejus

417 588 801 657 misericdrdia
828 612 936 654 non
968 607 1164 667 potero
1187 588 1483 667 sustinere.
1517 591 1676 645 Malui
1718 588 2029 667 autem_hoc

416 674 625 743 scripto
655 671 949 725 multorum
973 659 1489 743 'subirejudicium
1529 670 1582 718 et
1613 679 1642 716 a
1698 660 1857 741 malis
1887 659 2029 739 ferre

417 732 801 801 confusionem
831 756 992 813 quam
1028 732 1374 813 abbatismei
1401 751 1511 813 non
1542 748 1735 805 parere
1755 732 2029 813 imperio,

417 817 503 872 vel
527 831 636 870 non
666 803 1211 885 sequis'voluntatem.
1249 808 1345 885 Ille
1376 807 1524 861 enim
1544 803 1722 885 quem
1755 803 2033 885 loquimur

418 887 651 957 sibiipsi
682 875 1099 941 monumentum
1132 880 1307 936 erexit
1330 894 1438 935 mre
1470 875 1774 949 perennius
1803 875 2032 945 (Homn‘.

2130 444 2352 521 Exstant
2383 436 2621 521 namque
2663 436 2819 510 apud
2864 454 2967 494 nos
3018 436 3275 521 quaedam
3306 439 3452 521 ejus.
3477 436 3765 507 opuscula

2168 530 2252 569 uae
2293 514 2459 596 digna
2522 509 2796 596 habentur
2825 509 3114 593 memoria,
3159 510 3371 596 scilicet
3399 509 3490 596 ‘de
3538 523 3767 596 canone

2129 532 2252 639 Eua;
2293 532 2459 596 (ligna
2524 532 2796 567 naDentur
2825 532 3114 576 memoria,
3159 532 3371 590 δοιιιοεξι
3420 532 3490 563 ue
3538 532 3767 588 ϋδξιυυε

2173 584 2722 657 vangeltorumetde
2739 581 3350 657 canonemissaeulibelli
3381 580 3522 657 duo,
3561 579 3770 657 dl_S_Pl]-

2130 650 2501 710 tatio"contra
2551 655 2822 720 Judaeum,
2880 663 2935 707 et
2990 653 3213 708 homilia
3245 652 3314 707 de
3363 651 3584 714 villico,
3621 650 3771 703 liber

2130 743 2275 800 unus
2302 729 2369 781 de
2402 726 2657 800 originali
2700 731 3008 800 peccatoet
3032 724 3175 779 alius
3200 723 3269 800 de
3303 720 3684 800 blasphemia
3719 722 3772 774 in

2132 799 2395 870 Spiritum
2424 792 2712 870 sanctum,
2729 812 2894 868 quem
2928 792 3519 870 interrogationrmeaa
3541 792 3774 870 digna-

2131 864 2218 925 tus
2242 879 2327 924 est
2363 869 2589 935 cudere,
2632 864 2869 939 meoque
2902 867 3112 923 nomini
3142 864 3499 922 consecrare.
3541 864 3771 919 Valete.

420 1003 3767 1034 ___________________________.____._________.______

853 1167 1425 1257 HOMILIA
1520 1163 1687 1249 DE
1768 1153 2320 1245 VILLICO
2407 1154 3297 1268 INIQUITATIS.

423 1404 592 1457 Homo
640 1404 869 1470 quidam
897 1404 1014 1452 erat
1044 1404 1211 1459 dives,
1245 1404 1341 1464 qui
1380 1404 1609 1446 [tacebat
1658 1404 1938 1448 vzuzcum;
1989 1404 2037 1439 et

492 1476 578 1527 hic
617 1471 937 1540 diffamatus
977 1472 1066 1540 est
1093 1465 1457 1540 apud‘t'llum,
1498 1463 1661 1540 φραεὶ
1714 1461 2037 1527 dissipasset

494 1546 632 1599 bona
659 1533 934 1613 ipsiusmt
973 1533 1203 1609 reliqua.
1249 1536 1389 1606 (Luc.
1433 1533 1587 1604 xvr.).

501 1655 525 1709 1
586 1652 870 1723 Proposita
899 1647 1072 1704 sancti
1100 1644 1380 1719 Evangelii
1407 1642 1662 1707 lectione,
1688 1639 1882 1695 fratres
1909 1639 2040 1693 cha-

423 1747 645 1814 rissimi,
678 1744 901 1817 plurimi
942 1758 1040 1814 pro
1071 1740 1152 1796 sui
1186 1738 1453 1809 temporis
1481 1736 1726 1792 moribus
1769 1740 1823 1788 et
1854 1734 2036 1788 inten-

426 1837 666 1894 tionibus
706 1833 1076 1908 negotiorum,
1118 1828 1411 1900 splendide
1468 1826 1708 1898 plurima
1765 1830 2041 1879 tractave-

426 1936 573 1993 runt,
627 1940 750 1996 qua:
787 1929 1383 1991 contemporaneorum
1441 1933 1665 1972 suorum
1714 1912 2040 1989 ignorantiae

427 2037 525 2092 pro
554 2019 907 2092 qualitatibus
936 2015 1381 2071 instruendorum
1425 2028 1534 2067 non
1573 2009 2039 2067 contemnendam

424 2113 793 2170 eruditionem
829 2110 1147 2165 attulerunt.
1199 2108 1317 2162 Non
1352 2113 1534 2161 tamen
1574 2104 1764 2160 omnia
1796 2118 1917 2175 qum
1971 2102 2041 2156 de

426 2208 544 2278 ipsa
575 2210 807 2277 possunt
835 2203 1046 2258 utiliter
1098 2200 1312 2263 sentiri,
1359 2199 1503 2254 sicut
1539 2215 1642 2253 nec
1692 2198 1761 2253 de
1793 2195 2042 2267 pluribus

426 2301 550 2357 aliis
578 2299 872 2370 Scripturis
926 2296 1261 2360 disseruere,
1311 2294 1408 2349 sed
1442 2309 1633 2349 eorum
1667 2290 1896 2362 plurima
1942 2290 2042 2344 do-

427 2391 673 2448 ctoribus
701 2386 1123 2444 convenientem
1166 2390 1220 2439 et
1268 2380 1633 2439 necessariam
1676 2377 2044 2452 sequentibus

426 2479 773 2552 temporibus
794 2476 1100 2533 doctrinam
1130 2473 1365 2529 edituris
1398 2473 1722 2527 disserenda
1744 2469 2042 2540 reliquere,

427 2579 502 2638 et,
531 2577 590 2625 ut
616 2584 801 2624 verum
839 2566 1032 2632 fatear,
1060 2579 1170 2619 non
1204 2570 1526 2634 potuerunt,
1560 2561 1821 2633 quoniam
1853 2560 2033 2616 omni-

427 2660 646 2735 modam
671 2658 792 2727 ejus
821 2654 1239 2727 intelligentiam
1260 2652 1404 2708 sicut
1424 2651 1562 2706 nulli
1591 2650 1878 2723 praesentis
1902 2656 2038 2704 tem-

640 1400 869 1470 quidam
897 1400 1014 1452 erat
1044 1395 1344 1470 dives,_qitz:
1380 1392 1609 1446 habebat
1651 1389 1897 1470 pil‘lt'cu-m
1925 1402 1938 1448 ;
2063 1386 2110 1453 Β
2135 1390 2320 1437 notam
2353 1382 2580 1450 faceret,
2611 1399 2782 1455 seque
2810 1389 3084 1455 pastorem
3115 1400 3305 1439 verum
3340 1384 3665 1451 hominem.
3723 1400 3773 1445 et

2141 1471 2457 1527 hominibus
2504 1471 2624 1539 ejus
2663 1472 2958 1543 pretiosam
3009 1471 3407 1543 supellectilem
3440 1489 3574 1529 esse
3607 1492 3775 1532 mon-

2139 1566 2353 1626 straret,
2402 1560 2642 1616 hominis
2681 1561 2776 1632 qui
2821 1570 3043 1616 centum
3092 1562 3361 1617 habuerat
3385 1578 3528 1618 oves
3571 1572 3632 1619 et
3666 1582 3772 1621 una

2139 1672 2326 1711 carum
2374 1656 2617 1727 perierat
2675 1656 3090 1712 similitudinem
3152 1659 3463 1729 proposuit,
3523 1660 3773 1733 huicque

2139 1747 2299 1803 aliam
2333 1748 2580 1803 mulieris
2629 1748 2821 1804 decem
2881 1750 3138 1823 dragmas
3197 1750 3476 1819 habentis,
3530 1769 3774 1824 quarum

2138 1856 2301 1894 unam
2344 1839 2681 1911 perdiderat,
2712 1839 2937 1911 adjecit.
2995 1840 3202 1906 Quibus
3233 1842 3470 1913 expletis
3499 1844 3773 1900 similitu-

2140 1927 2386 1993 dinibus,
2416 1927 2564 1981 velut
2596 1943 2689 1982 eas
2728 1927 3041 2000 signiﬁcato
3088 1936 3369 2001 coaptans,
3403 1939 3461 1987 et
3489 1943 3774 2004 quantum

2141 2015 2210 2069 sit
2260 2015 2464 2069 bonum
2498 2015 2858 2085 pmnitentim,
2892 2026 2952 2071 ut
2991 2017 3059 2071 ad
3111 2032 3229 2072 eam
3273 2032 3635 2089 provocaret,
3685 2040 3780 2094 per

2142 2109 2316 2180 ipsius
2368 2108 2623 2164 effectum
2671 2110 3091 2178 demonstrans;
3124 2128 3229 2167 nec
3268 2129 3376 2169 non
3419 2131 3602 2184 quare
3648 2133 3781 2187 pec-

2142 2208 2355 2258 catores
2385 2202 2660 2273 reciperet
2703 2203 3010 2271 insinuans,
3064 2205 3347 2273 subjunxit
3384 2207 3591 2262 dicens
3638 2227 3655 2263 :
3702 2213 3783 2265 Ita

2141 2291 2403 2358 gaudium
2443 2293 2547 2345 erit
2590 2294 2648 2345 in
2676 2293 2800 2346 caelo
2850 2307 3011 2363 super
3046 2309 3154 2348 uno
3188 2299 3463 2362 peccatore
3498 2301 3785 2366 peniten-

2142 2386 2276 2438 tiam
2305 2389 2493 2453 agente
2516 2384 2665 2454 (Luc.
2691 2401 2781 2452 xv,
2811 2385 2887 2451 7).
2910 2386 3039 2452 Quae
3067 2386 3343 2443 sententia
3373 2397 3436 2444 ut
3456 2388 3627 2446 ﬁeret
3658 2408 3785 2462 pec-

2140 2475 2420 2531 catoribus
2472 2474 2540 2528 ad
2581 2475 2960 2545 paenitentiam
3002 2491 3261 2532 securum
3311 2477 3778 2545 incitamentum,

2144 2563 2381 2632 subjecit
2410 2563 2576 2618 etiam
2608 2578 2702 2618 eas
2732 2580 2855 2635 quin
2894 2572 3205 2636 sequuntur
3226 2567 3581 2624 narrationes
3609 2570 3776 2625 trium

2143 2657 2546 2728 parabolarum.
2601 2657 2736 2721 Quia
2793 2658 2940 2712 enim
3000 2658 3267 2726 Salvator,
3316 2659 3464 2716 sicut
3503 2662 3634 2733 ipse
3678 2664 3770 2723 ait.

429 2753 578 2826 poris
601 2752 830 2814 habent,
870 2748 949 2803 sic
981 2763 1085 2802 nec
1115 2745 1495 2817 praecedentes
1533 2743 1864 2799 habuerunt.
1893 2742 2042 2796 Inest
2066 2755 2114 2824 ρ
2144 2756 2460 2821 peccatores
2488 2750 2556 2805 ad
2581 2750 2966 2821 ρωηίιεηιίαηι
2996 2766 3193 2807 vocare
3215 2760 3467 2821 venerat,
3497 2754 3724 2810 nullum
3745 2772 3773 2809 δ

427 2843 572 2899 enim
604 2838 926 2895 naturaliter
943 2836 1178 2908 eloquiis
1208 2834 1445 2906 Spiritus
1475 2833 1651 2889 sancti
1676 2838 1827 2887 tanta
1845 2829 2042 2885 fecun-

427 2931 571 2986 ditas
598 2926 1114 3000 intelligentiarum,
1139 2930 1199 2978 ut
1219 2939 1323 2979 nec
1342 2923 1464 2993 capi
1498 2922 1693 2992 possit,
1720 2935 1823 2975 nec
1843 2919 2043 2974 debeat

427 3022 497 3076 ab
555 3018 825 3093 angustiis
885 3014 1260 3087 quarumlibet
1313 3014 1675 3068 humanarum
1710 3012 2038 3066 animarum.

430 3110 555 3181 Ipse
585 3116 767 3163 autem
808 3104 1045 3176 Spiritus
1083 3112 1308 3158 sanctus
1347 3101 1442 3174 qui
1483 3117 1671 3156 earum
1721 3098 2043 3169 multiplici-

428 3208 596 3257 tatem
623 3199 740 3254 suis
766 3196 1002 3270 eloquiis
1038 3195 1290 3260 inseruit,
1321 3201 1485 3267 prout
1522 3192 1673 3248 videt
1713 3192 1797 3247 his
1837 3190 2044 3263 quibus

429 3293 645 3348 locutus
690 3299 773 3344 est
828 3288 1093 3359 expedire
1138 3286 1502 3357 temporibus,
1541 3301 1635 3340 eas
1682 3292 1738 3339 et
1791 3283 2045 3357 personis

428 3384 860 3443 misericorditer
880 3383 1167 3455 dispertit;
1208 3383 1356 3437 unde
1388 3389 1442 3437 et
1483 3388 1685 3436 nostra:
1718 3378 2045 3434 humilitatis

427 3478 759 3551 supradictae
806 3474 1061 3532 lectionis
1092 3474 1538 3549 intelligentiam,
1580 3488 1610 3527 a
1643 3471 1886 3543 priorum
1929 3478 2046 3525 tra-

427 3583 695 3631 ctatorum
726 3572 1009 3628 intellectu
1050 3569 1106 3624 in
1158 3569 1408 3642 pluribus
1448 3569 1882 3639 discrepantem,
1915 3566 2046 3622 licet

427 3662 832 3729 scholasticam,
864 3677 974 3715 non
1006 3659 1395 3733 negligendam
1425 3663 1610 3712 tamen
1667 3657 1925 3733 dignatus
1962 3663 2046 3710 est

431 3751 738 3823 impertire;
760 3766 947 3822 quam,
980 3748 1026 3802 si
1060 3747 1335 3803 facundiae
1362 3747 1507 3802 vires
1533 3746 1600 3800 ad
1623 3747 1728 3801 hoc
1758 3746 1877 3817 ipse
1914 3744 2046 3799 dare

429 3840 683 3907 voluerit,
734 3856 765 3893 a
792 3836 1121 3909 quibusdam
1167 3835 1428 3890 fratribus
1484 3834 1882 3903 commonitus,
1922 3832 2047 3887 volo

432 3947 529 4001 pro
550 3929 763 3985 viribus
778 3927 1047 4000 ingenioli
1065 3927 1236 3982 nostri
1257 3926 1593 3981 declaranda
1618 3925 1869 3996 pluribus
1893 3939 2048 3979 com-

433 4020 859 4076 municare.Sed
886 4018 1146 4089 quoniam
1176 4034 1285 4073 non
1315 4017 1517 4072 sufﬁcit
1538 4018 1607 4071 ad
1639 4016 2040 4088 plenitudinem

436 4108 745 4164 intellectus
790 4107 844 4161 in
913 4106 1162 4177 qualibet
1205 4106 1441 4161 lectione
1500 4121 1840 4180 cognoscere
1908 4104 2042 4176 quid

432 4200 622 4256 verbis
675 4198 1006 4266 insinuetur,
1072 4198 1178 4252 nisi
1259 4197 1424 4252 etiam
1495 4197 1662 4252 totius
1717 4197 2055 4252 narrationis

434 4288 722 4346 exordium
772 4295 828 4342 et
881 4303 1045 4343 causa
1102 4285 1287 4341 ﬁnalis
1350 4291 1703 4360 agnoscatur,
1760 4286 2049 4357 superiora

433 4368 609 4438 sanati
636 4379 914 4453 Evangelii
932 4377 1099 4434 verba
1124 4377 1475 4449 respicienda
1496 4386 1645 4444 sunt,
1666 4383 1726 4432 ut
1751 4394 1858 4449 qua
1888 4393 2047 4434 occa-

436 4475 594 4531 sione
620 4481 676 4529 et
713 4474 781 4527 ad
812 4472 946 4544 quid
974 4471 1369 4526 insinuandum
1410 4470 1724 4542 parabolam
1768 4469 1838 4525 de
1865 4470 2048 4526 villico

438 4566 747 4638 iniquitatis
778 4565 1043 4621 Dominus
1073 4563 1321 4635 posuerit
1351 4563 1819 4634 deprehendatur.

507 4658 559 4712 2.
593 4658 776 4713 Refert
804 4658 860 4712 in
919 4657 1368 4729 praecedentibus
1409 4658 1462 4711 S.
1507 4658 1679 4712 Lucas
1709 4655 2054 4731 evangelista

437 4751 770 4827 publicanos
803 4760 858 4807 et
879 4760 1197 4823 peccatores
1223 4752 1291 4807 ad
1320 4752 1611 4808 Dominum
1642 4752 1964 4819 accessisse,
1999 4759 2054 4807 et

436 4846 695 4901 eumdem
724 4845 1014 4901 Dominum
1050 4846 1302 4901 carnales
1331 4846 1486 4902 cibos
1511 4863 1634 4902 cum
1667 4846 1776 4901 illis
1801 4846 2051 4917 accipere

437 4953 547 4993 non
587 4936 1009 5007 contempsisse.
1045 4936 1232 4992 Refert
1271 4936 1436 4993 etiam
1492 4939 1641 5010 quod
1695 4939 1953 4994 Pharisaei
1998 4945 2053 4994 et

435 5025 641 5081 Scribae
670 5025 763 5098 qui
785 5024 853 5079 de
871 5025 1081 5093 justitia
1100 5024 1233 5079 falso
1250 5024 1645 5100 gloriabantur,
1672 5026 1775 5081 hoc
1795 5025 2053 5081 videntes

433 5116 979 5183 submurmurabant,
1030 5132 1206 5189 eaque
1258 5117 1551 5173 occasione
1599 5117 1781 5187 ipsum
1814 5123 1869 5170 et
1896 5130 2050 5169 suam

435 5194 741 5263 doc‘t‘rinam
799 5211 1067 5282 quantum
1141 5211 1398 5276 poterant
1461 5204 1822 5260 infamabant.
1882 5204 2049 5260 Mise-

435 5295 608 5351 ricors
634 5302 815 5353 autem
871 5293 1160 5360 Dominus,
1205 5293 1299 5365 qui
1355 5294 1538 5350 carnis
1595 5294 1752 5349 cibos
1781 5309 1907 5348 cum
1939 5293 2054 5349 illis

435 5390 763 5461 accipiebat,
796 5406 906 5446 non
936 5389 1176 5461 peccatis
1206 5404 1397 5444 eorum
1430 5389 1914 5457 communicando,
1952 5391 2051 5445 sed

437 5500 535 5553 per
560 5486 794 5541 carnalis
824 5484 1062 5541 convivii
1102 5483 1554 5552 familiaritatem,
1607 5500 1704 5541 eos
1757 5485 1827 5540 ad
1884 5486 2052 5557 spiri-

438 5574 668 5629 tualium
719 5577 969 5631 ciborum
1009 5576 1363 5631 refectionem
1422 5577 1792 5647 provocando,
1833 5583 1895 5632 ut
1939 5577 2051 5632 ini-

348 5732 359 5739 ~
438 5658 663 5727 quitatis
690 5677 882 5733 eorum
913 5664 1197 5718 stultitiam
1239 5663 1449 5719 eisdem
1498 5671 1554 5720 et
1582 5664 1705 5720 aliis
1733 5665 2049 5737 quibusque

2145 2841 2470 2911 pmnitentia
2500 2857 2598 2912 pro
2629 2842 2878 2913 qualibet
2931 2859 3097 2899 causa
3154 2843 3412 2900 difﬁdere
3446 2861 3649 2917 posse,
3691 2849 3769 2902 vel

2143 2932 2510 2987 excusabilem
2542 2947 2600 2986 se
2631 2940 2827 3003 putare
2866 2931 3104 3003 volebat,
3132 2934 3262 2990 ideo
3292 2933 3434 2989 facta
3475 2934 3771 2990 mentione

2143 3025 2510 3097 poenitentiae,
2544 3026 2836 3097 parabolas
2865 3026 2936 3081 de
2975 3026 3258 3083 luxurioso
3299 3025 3437 3094 ﬁlio,
3472 3028 3550 3083 de
3581 3029 3769 3085 villico

2144 3117 2472 3190 iniquitatis,
2523 3119 2593 3173 de
2642 3119 2839 3175 Lazaro
2869 3120 3123 3175 ulceroso
3170 3119 3240 3175 ad
3294 3119 3524 3189 januam
3580 3120 3771 3175 divitis

2138 3213 2358 3282 jacente
2387 3213 2648 3281 subjecit:
2680 3214 2885 3285 quibus
2902 3229 3000 3285 pro
3032 3213 3351 3269 diversitate
3380 3215 3771 3285 peccantium,

2145 3302 2396 3379 diversos
2423 3302 2803 3358 conversionis
2829 3303 3025 3359 modos
3054 3308 3109 3357 et
3137 3302 3316 3357 varias
3345 3302 3604 3358 actiones
3645 3319 3774 3375 pce-

2146 3391 2394 3448 nitentim
2423 3391 2836 3447 demonstravit.

2215 3481 2268 3536 3.
2305 3480 2519 3536 Certum
2552 3489 2636 3537 est
2673 3481 2821 3536 enim
2874 3481 3141 3553 quosdam
3174 3489 3499 3553 peccatores
3545 3498 3773 3538 suorum

2147 3582 2498 3646 peccatorum
2569 3574 2826 3629 miseram
2912 3572 3215 3630 foeditatem
3290 3573 3410 3628 sine
3467 3575 3775 3646 cujuslibet

2147 3665 2601 3732 commonitione,
2618 3663 2805 3718 divina
2826 3671 3007 3718 tamen
3025 3663 3203 3738 gratia
3222 3672 3587 3737 suggerente,
3620 3680 3775 3721 reco-

2147 3761 2479 3825 gnoscentes
2508 3753 2950 3825 perhorrescere,
2997 3760 3052 3808 et
3089 3753 3587 3824 perhorrescentes
3616 3771 3775 3810 acer-

2151 3844 2285 3898 rima
2315 3843 2517 3899 mentis
2546 3841 2847 3898 afflictione
2867 3841 3082 3898 veniam
3116 3859 3148 3897 a
3177 3842 3409 3898 Domino
3443 3845 3773 3913 postulare:

2148 3932 2415 4004 quosdam
2446 3947 2577 3988 vero
2614 3932 2695 3987 sic
2723 3932 2780 3986 in
2809 3931 2889 3986 eis
2927 3930 3335 3987 irrationabiles
3354 3947 3701 4002 permanere
3722 3944 3777 3987 ut

2152 4036 2217 4076 ea
2247 4021 2468 4092 penitus
2500 4037 2611 4076 non
2638 4021 2945 4089 attendant,
2969 4020 3150 4075 donec
3197 4020 3508 4075 excitentur
3549 4022 3773 4076 tandem

2121 4115 2420 4196 :adeorum
2452 4116 2825 4187 cognitionem
2855 4116 3237 4187 increpatione
3268 4115 3775 4171 etcomminatione

2150 4209 2405 4278 terribili,
2428 4209 2513 4264 vel
2532 4223 2721 4264 eorum
2750 4208 3046 4265 manifesta
3065 4208 3597 4279 repraesentatione,-
3630 4209 3774 4280 quod

2152 4301 2207 4354 in
2240 4300 2321 4354 eis
2349 4298 2488 4354 solet
2515 4298 2861 4374 contingere,
2895 4297 2988 4369 qui
3018 4297 3129 4353 Deo
3159 4298 3469 4353 servientes
3502 4297 3566 4351 in
3602 4297 3773 4369 pluri-

2149 4391 2272 4456 bus,
2316 4404 2426 4445 non
2470 4395 2652 4443 tamen
2708 4388 2978 4443 recedunt
3006 4401 3236 4458 prorsus
3265 4402 3297 4440 a
3349 4386 3567 4441 carnali
3622 4387 3777 4442 dele-

2141 4479 2409 4545 ctatione.
2436 4477 2497 4531 lli
2525 4493 2647 4532 cum
2662 4493 2761 4548 per
2789 4476 3021 4533 aliorum
3047 4476 3487 4547 increpationem
3512 4492 3622 4533 sua
3640 4477 3776 4532 mala

2153 4580 2514 4647 cognoscunt,
2574 4582 2629 4629 et
2692 4571 2929 4627 futuram
2983 4571 3393 4628 damnationem
3444 4571 3775 4637 formidant,

2154 4666 2284 4738 quia
2322 4665 2660 4738 poenitentiae
2704 4664 3054 4719 severitatem
3098 4678 3196 4734 pro
3244 4663 3483 4718 carnalis
3525 4665 3772 4720 delecta-

2155 4755 2321 4812 tionis
2341 4752 2744 4810 consuetudine
2775 4753 2832 4807 in
2858 4768 2918 4807 se
2940 4768 3051 4808 non
3080 4752 3265 4825 valent
3281 4767 3579 4823 exercere,
3610 4755 3775 4809 mise-

2153 4848 2402 4905 ricordiae
2435 4848 2698 4919 operibus
2727 4845 2877 4916 quod
2907 4844 3265 4917 deliquerunt
3292 4844 3625 4900 emendant.
3649 4847 3778 4901 Sunt

2152 4940 2317 4993 etiam
2358 4937 2451 4991 alii
2483 4951 2715 5008 quorum
2743 4942 2968 5006 peccata
2996 4932 3320 5008 gravissima
3343 4939 3473 4987 sunt
3502 4941 3566 4988 et
3586 4950 3777 4990 nume-

2153 5046 2296 5098 rosa,
2344 5036 2399 5085 et
2452 5029 2593 5084 sicut
2651 5028 2859 5094 ulcera,
2906 5041 3030 5098 qum
3088 5025 3157 5080 ab
3206 5024 3458 5080 interiori
3518 5025 3774 5087 humore,

2155 5126 2311 5191 rupta
2336 5123 2481 5184 cute,
2512 5132 2681 5187 super
2718 5114 2892 5186 ipsam
2933 5119 3248 5179 creverunt,
3296 5128 3409 5169 non
3445 5116 3696 5171 occulta.
3728 5116 3777 5170 Et

2152 5212 2230 5279 hi,
2279 5209 2599 5281 frequenter
2632 5207 2753 5278 ipsa
2800 5221 3027 5262 suorum
3074 5206 3345 5262 malorum
3385 5205 3629 5276 publica
3658 5225 3776 5284 gra-

2150 5304 2315 5376 vique
2346 5300 2593 5357 foeditate
2634 5298 2871 5367 confusi,
2912 5298 3008 5353 sed
3068 5315 3101 5353 a
3161 5297 3511 5353 misericordi
3552 5298 3777 5354 Domino

2151 5395 2371 5452 veniam
2402 5408 2514 5448 non
2541 5391 2922 5463 desperantes,
2956 5405 3356 5463 usquequaque
3378 5389 3700 5459 humiliati,
3718 5390 3776 5445 ab

2149 5483 2408 5542 omnibus
2449 5496 2589 5553 quos
2620 5479 2758 5555 legis
2787 5480 2982 5536 doctos
3014 5487 3077 5534 et
3099 5479 3331 5548 justitiae
3361 5486 3684 5536 sectatores
3707 5496 3776 5535 ar-

2152 5575 2422 5630 bitrantur
2436 5570 2743 5626 doctrinam
2767 5575 2989 5625 aeternae
3014 5568 3164 5636 vitae,
3182 5568 3440 5640 quamvis
3467 5584 3502 5623 a
3529 5569 3778 5641 pluribus

2152 5677 2344 5719 eorum
2383 5664 2831 5726 contemnantur,
2873 5655 3187 5729 requirunt,
3228 5656 3374 5713 sicut
3428 5673 3464 5713 a
3513 5657 3777 5716 divitibus
