3892 6048
235 334 384 390 H33

1351 327 1571 386 llOMlL.
1615 327 1698 384 DE
1737 322 1994 382 VlLLlCO
2037 323 2452 396 INIQUITATIS.

3421 333 3560 393 1134

233 473 430 528 panem
469 455 729 511 mendici.
791 454 1116 526 cunctisque
1173 453 1374 525 quibus
1427 453 1840 508 humiliatarum
1867 453 1924 520 Α
1950 451 2118 507 tionis
2147 453 2491 509 dominatur:
2522 455 2616 526 qui
2657 454 2808 510 solus
2839 471 2965 510 vere
2995 455 3150 511 dives
3188 463 3243 510 et
3273 463 3441 512 estet
3472 457 3559 512 in-

229 562 416 602 curam
462 560 586 600 esse
615 551 983 618 cognoscunt,
1023 557 1123 597 sua
1180 541 1324 596 mala
1355 540 1626 606 revelant,
1683 540 1842 612 quasi

227 635 460 690 canibus
489 632 672 688 Lazari
703 631 890 686 ulcera
946 629 1303 702 ﬁngentibus,
1335 637 1391 684 et
1419 629 1488 684 ab
1546 628 1627 684 eis
1657 633 1850 698 petunt

227 727 572 784 orationibus
601 731 655 781 et
683 722 1076 780 satisfactionis
1105 722 1355 778 doctrina
1381 721 1583 792 juvari.

301 819 355 872 4.
434 817 569 881 Quia
661 829 793 891 ergo
869 813 1178 880 Dominus,
1253 814 1514 870 sacerdos
1569 829 1733 868 verus
1791 820 1847 868 et

233 925 500 975 summus,
551 913 870 978 peccatores
935 921 1046 961 non
1099 905 1278 960 solum
1337 921 1436 960 sua
1499 905 1701 971 hostia,
1748 904 1844 958 sed

233 1005 288 1054 et
345 996 724 1053 conversionis
779 994 1156 1050 admonitione
1207 993 1710 1065 satisfactionisque
1749 993 1850 1048 do-

232 1088 409 1144 ctrina
493 1087 705 1142 salvare
782 1091 1056 1154 venerat,
1129 1085 1410 1141 nominata
1474 1083 1846 1156 paenitentia,

229 1181 376 1236 illius
405 1197 544 1252 quas
599 1179 947 1236 ostendimus
997 1179 1290 1234 varietates
1330 1186 1386 1234 et
1435 1177 1664 1234 forsitan
1721 1176 1848 1248 plu-

231 1290 320 1328 res
367 1275 502 1328 alias
563 1273 618 1328 in
662 1271 962 1344 praelibatis
1045 1270 1322 1342 parabolis
1395 1271 1694 1326 ostendere
1739 1285 1842 1326 vo-

229 1367 360 1432 luit;
435 1366 488 1420 in
563 1381 672 1436 quo
747 1373 802 1420 et
874 1363 1180 1419 Pbarisasos
1257 1362 1580 1434 scribasque
1637 1377 1841 1434 pecca-

227 1469 402 1518 torum
470 1461 811 1518 consortium
883 1467 1208 1532 respuentes
1263 1459 1635 1515 confutabat:
1707 1474 1847 1530 quas

231 1569 352 1610 cum
423 1553 491 1608 ad
573 1553 679 1608 hoc
735 1552 882 1624 quod
961 1551 1031 1606 de
1101 1549 1486 1622 peccatoribus
1566 1549 1842 1622 poeniten-

231 1645 362 1700 tiam
394 1642 690 1716 agentibus
719 1641 776 1696 in
803 1641 946 1697 coelo
995 1640 1260 1716 gaudium
1303 1639 1422 1694 ﬁeri
1464 1640 1681 1695 dixerat
1710 1639 1846 1694 sub-

1949 543 2242 615 telligitur;
2295 545 2424 616 quia
2463 545 2716 618 quisquis
2765 547 2907 602 alius
2940 547 3092 602 dives
3146 547 3410 614 creditur,
3451 549 3558 604 nisi

1947 631 2016 686 ab
2038 632 2160 703 ipso
2199 634 2346 705 quod
2377 634 2532 690 dives
2571 642 2654 690 est
2683 636 2864 707 capiat
2901 637 3240 692 aeternaliter
3269 637 3562 708 possiden-

1947 724 2100 792 dum,
2129 726 2244 780 suis
2273 726 2480 782 divitiis
2510 744 2722 799 pauper
2749 729 3048 784 invenitur.
3091 729 3166 783 Ad
3191 729 3340 801 quod
3369 737 3560 785 osten-

1949 813 2191 870 dendum
2223 817 2380 888 plura
2411 817 2598 874 dicere
2629 820 2998 874 necessarium
3029 835 3138 875 non
3159 819 3405 886 videtur,
3429 835 3563 891 quo-

1949 908 2096 964 niam
2129 911 2258 966 huic
2288 911 2592 968 intellectui
2639 913 2823 969 nullus
2853 915 2946 986 qui
3000 915 3188 970 credat
3227 914 3558 988 refragatur.

1950 1001 2082 1062 Sed.
2107 1003 2365 1074 quoniam
2387 1005 2513 1076 quis
2533 1021 2631 1075 per
2651 1005 2891 1061 villicum
2916 1007 3117 1062 debeat
3141 1007 3395 1082 intelligi,
3421 1023 3562 1062 non-

1950 1097 2079 1152 dum
2111 1098 2425 1155 invenimus
2453 1099 2522 1155 ab
2576 1101 2764 1172 aliquo
2808 1101 3152 1158 sufficienter
3192 1103 3558 1173 exploratum,

1947 1191 2244 1268 diligenter
2272 1202 2354 1250 est
2387 1211 2488 1266 per
2518 1195 2692 1268 ipsius
2735 1197 2814 1252 rei
2849 1196 3270 1253 similitudinem
3313 1198 3561 1254 rationa-

1945 1287 2239 1360 biliterque
2271 1288 2740 1365 investigandum.

2017 1380 2052 1435 6
2104 1379 2328 1436 Villicus
2365 1396 2607 1454 namque
2636 1397 2842 1438 nomen
2885 1391 2968 1440 est
2995 1400 3026 1438 a
3063 1385 3190 1440 villa
3219 1385 3561 1456 velcompo-

1947 1470 2115 1525 situm
2153 1471 2241 1526 vel
2272 1472 2600 1539 derivatum,
2633 1480 2688 1529 et
2713 1471 2989 1546 signiﬁcat
3019 1473 3242 1544 proprie
3261 1473 3564 1544 quemlibet

1947 1561 2018 1614 ad
2055 1559 2282 1616 colonos
2309 1561 2452 1636 villae
2495 1561 2912 1628 custodiendos,
2954 1561 3022 1616 ad
3053 1561 3306 1618 redditus
3364 1577 3555 1618 eorum

1950 1650 2253 1723 exigendos
2280 1657 2333 1706 et
2363 1651 2429 1706 ad
2461 1653 2898 1723 compescendos
2929 1667 3049 1720 eos,
3083 1667 3153 1706 ne
3186 1651 3413 1706 domino
3460 1651 3562 1706 de-

225 1737 473 1805 jecisset,
504 1736 628 1791 sine
655 1749 840 1790 errore
879 1733 1096 1788 videtur
1121 1733 1270 1806 quod
1299 1740 1618 1804 peccatores
1645 1731 1846 1802 cujus-

1957 1740 2123 1794 bitum
2175 1741 2461 1796 servitium
2511 1741 2833 1798 subtraham
2863 1742 3210 1812 deputatum.
3256 1740 3410 1795 Unde
3449 1740 3560 1808 jam

235 1841 342 1898 que
371 1824 596 1898 generis
621 1824 690 1878 ad
717 1821 1122 1894 paenitentiam,
1155 1821 1315 1894 quasi
1345 1821 1426 1876 sic
1473 1837 1570 1876 eos
1601 1820 1849 1892 alloque-

233 1927 400 1986 retur,
428 1919 735 1974 invitasset.
778 1917 1039 1988 Quisquis
1068 1917 1255 1989 itaque
1287 1916 1344 1971 in
1372 1917 1731 1992 longinquam
1760 1932 1846 1971 re-

229 2009 450 2085 gionem
491 2007 958 2064 dissimilitudinis
983 2024 1015 2062 a
1041 2005 1292 2062 Creatore
1321 2006 1603 2062 luxuriose
1657 2012 1712 2060 ct
1746 2020 1838 2059 se-

228 2101 468 2158 cundum
501 2100 715 2154 libitum
757 2099 994 2154 vivendo
1030 2097 1331 2163 recessisti,
1373 2099 1441 2152 ad
1497 2096 1846 2169 paenitentiae

229 2192 630 2250 correctionem
649 2190 704 2245 in
731 2198 784 2246 te
797 2189 1065 2246 rediendo
1081 2205 1150 2246 ne
1181 2200 1401 2261 torpeas
1426 2205 1674 2245 remeare
1691 2188 1848 2260 quasi

233 2285 302 2342 de
329 2285 494 2342 venia
525 2285 884 2355 desperatus;
945 2283 1042 2338 sed
1075 2283 1297 2338 attende
1339 2282 1486 2354 quod
1535 2280 1704 2350 ﬁlius,
1756 2281 1849 2352 qui

230 2377 546 2450 portionem
573 2392 730 2432 suam
759 2375 1099 2441 substantiae,
1140 2391 1303 2445 quam
1339 2383 1496 2444 pater
1525 2373 1848 2441 tradiderat,

236 2475 657 2542 consumpserat
696 2484 822 2525 cum
847 2465 1256 2534 meretricibus,
1289 2467 1511 2521 tandem
1563 2465 1632 2520 ad
1663 2481 1723 2521 se
1770 2481 1852 2521 re-

235 2559 417 2625 diens,
442 2563 768 2630 patremque
795 2571 919 2612 cum
950 2554 1208 2626 lacrymis
1255 2561 1470 2626 petens,
1505 2563 1560 2610 et
1597 2571 1706 2611 non
1731 2555 1848 2624 jam

234 2661 298 2709 ut
335 2651 502 2722 ﬁlius,
533 2651 634 2707 sed
660 2657 721 2706 ut
747 2663 942 2706 servus
970 2648 1176 2720 suscipi
1209 2649 1514 2720 postulans,
1548 2647 1844 2703 utcbaris-

231 2745 404 2800 simus
433 2743 602 2812 ﬁlius,
661 2747 716 2798 et
753 2740 952 2798 festive
995 2740 1068 2794 sit
1105 2745 1400 2810 susceptus
1426 2741 1576 2808 (Luc.
1609 2755 1699 2807 xv,
1736 2739 1842 2805 12).

227 2838 304 2894 Tu
336 2851 582 2910 quoque,
614 2851 779 2908 quem
839 2832 1020 2905 turpia
1047 2837 1396 2903 peccatorum
1442 2830 1626 2886 ulcera
1672 2829 1848 2884 mani-

225 2931 480 3002 festaque
518 2927 835 2997 deturpant,
861 2924 930 2979 ad
962 2923 1348 2994 pmnitentiam
1373 2921 1592 2998 fugiens
1618 2939 1688 2978 ne
1709 2939 1846 2979 cun-

227 3024 392 3082 cteris
422 3021 740 3089 humiliari;
770 3019 871 3076 sed
897 3035 929 3074 a
967 3018 1286 3074 custoribus
1315 3019 1620 3074 animarum
1655 3027 1846 3090 postu-

227 3117 281 3172 la
318 3124 392 3183 te,
421 3113 656 3186 supplex
696 3111 874 3168 factus
907 3117 963 3166 et
993 3110 1237 3180 humilis,
1271 3110 1534 3182 precibus
1577 3119 1631 3166 et
1657 3126 1844 3166 emen-

231 3207 475 3264 dationis
503 3205 880 3262 insinuatione
899 3204 1100 3274 juvari,
1134 3212 1187 3260 et
1213 3205 1281 3260 ab
1315 3204 1403 3260 his
1431 3203 1526 3276 qui
1557 3204 1844 3275 sapientes

230 3299 287 3356 in
326 3297 622 3370 Scripturis
657 3297 916 3352 videntur
951 3295 1220 3350 instanter
1245 3302 1373 3366 opta
1410 3295 1564 3360 (licet
1590 3295 1845 3366 plerique

224 3393 453 3460 januam
483 3388 757 3445 sermonis
809 3385 1149 3458 obcludant),
1191 3387 1594 3458 Scripturarum
1649 3403 1844 3443 conso-

230 3479 437 3536 latione
467 3475 799 3541 confortari;
855 3474 1115 3546 quoniam
1157 3473 1202 3528 si
1235 3475 1338 3530 hoc
1365 3473 1582 3540 feceris,
1615 3475 1725 3530 illis
1751 3477 1844 3548 qui

231 3579 284 3628 te
341 3567 641 3641 Scripturis
683 3566 994 3622 confortare
1042 3572 1426 3634 contemnunt,
1478 3567 1680 3622 inferni
1734 3575 1847 3624 tor-

231 3663 436 3720 mentis
453 3659 838 3733 pereuntibus,
869 3664 926 3714 tu
952 3658 1198 3729 requiem
1227 3657 1283 3713 in
1312 3659 1436 3714 sinu
1460 3659 1690 3714 Abrahae
1713 3676 1848 3716 con-

229 3750 499 3826 sequeris.
531 3750 761 3804 Lazarus
791 3747 960 3813 enim,
995 3747 1089 3820 qui
1117 3747 1311 3816 jacens
1349 3748 1418 3802 ad
1453 3748 1677 3816 januam
1707 3749 1848 3806 divi-

233 3841 302 3897 tis
328 3853 574 3912 purpura
603 3838 878 3908 byssoque
907 3835 1155 3906 cooperti
1187 3835 1386 3906 plenus
1426 3836 1726 3904 ulceribus,
1759 3853 1849 3892 re-

233 3924 322 3981 fici
354 3924 512 3981 micis
543 3925 613 3980 de
651 3940 844 3980 mensa
883 3922 1232 3991 cadentibus,
1275 3940 1400 3980 cum
1443 3925 1627 3980 nullus
1666 3927 1717 3981 ei
1758 3926 1850 3982 da-

231 4021 338 4082 ret,
369 4013 651 4086 cupiebat,
691 4013 848 4068 sinus
885 4012 1114 4068 Abrahae
1158 4012 1504 4089 refrigerium
1537 4022 1621 4072 est
1650 4032 1848 4072 conse-

230 4111 418 4170 cutus,
448 4118 572 4158 cum
605 4102 761 4158 dives
787 4101 880 4157 ille
926 4102 1020 4174 qui
1055 4117 1258 4159 mensa;
1289 4119 1403 4159 suae
1433 4105 1605 4160 micas
1643 4105 1694 4160 ei
1736 4121 1847 4162 non

237 4195 488 4265 dederat,
513 4193 801 4251 tormentis
825 4192 1191 4250 infernalibus
1218 4195 1289 4250 sit
1319 4196 1666 4268 mancipatus
1695 4199 1845 4270 (Luc.

236 4306 346 4356 XVI,
373 4288 484 4360 20).
523 4287 633 4342 Sed
663 4293 718 4344 et
753 4292 833 4352 tu,
888 4285 1138 4358 quisquis
1187 4287 1320 4342 mihi
1368 4288 1646 4355 subderis,
1687 4297 1741 4345 et
1792 4291 1846 4345 in

1874 3159 1924 3230 C

1953 1844 2241 1899 possemus
2265 1829 2450 1884 divitis
2479 1831 2660 1900 hujus,
2696 1830 2910 1886 Domini
2941 1829 3114 1886 nostri
3143 1828 3378 1893 scilicet,
3409 1827 3563 1883 villi-

1949 1936 2072 1976 cum
2091 1937 2448 1996 cognoscere,
2487 1923 2531 1977 si
2561 1923 2744 1978 villam
2772 1938 3242 1998 cognosceremus
3265 1927 3320 1976 et
3339 1921 3566 1977 colonos

1949 2027 2088 2082 quos
2113 2027 2232 2066 eam
2263 2011 2548 2067 constituit
2571 2011 2870 2068 custodire.
2905 2011 3012 2066 Sed
3045 2017 3100 2065 et
3127 2011 3232 2066 hoc
3263 2009 3430 2065 facile
3463 2025 3564 2080 po—

1949 2105 2075 2159 terit
2103 2105 2386 2180 cOgnosci,
2437 2105 2482 2160 si
2542 2105 2686 2160 villa
2737 2104 3133 2176 proprietatem
3187 2101 3566 2158 curaverimus

1949 2195 2246 2268 diligenter
2274 2195 2568 2266 Speculari.

2023 2284 2073 2339 7.
2109 2285 2244 2340 Villa
2283 2302 2522 2358 namque
2569 2285 2774 2340 dicitur
2820 2285 3054 2356 agrestis
3083 2286 3325 2342 hominis
3348 2287 3564 2342 habita-

1951 2375 2048 2442 tio,
2094 2391 2204 2431 non
2235 2376 2304 2432 ad
2344 2376 2601 2432 decorem
2655 2383 2710 2432 et
2763 2375 3186 2432 delectationem
3239 2378 3560 2446 constituta,

1949 2462 2049 2518 sed
2091 2463 2158 2518 ad
2185 2463 2450 2520 culturam
2483 2470 2751 2520 terrarum
2781 2465 3168 2534 exercendam,
3201 2474 3260 2522 ut
3286 2466 3560 2522 fructuum

1952 2557 2091 2613 ferat
2117 2558 2407 2614 utilitatem
2437 2559 2728 2630 adaptata:
2785 2575 2908 2632 quae
2965 2559 3012 2616 si
3061 2559 3289 2616 colonos
3327 2561 3562 2617 solertes

1947 2647 2192 2715 sortitur,
2223 2655 2297 2703 ut'
2325 2649 2380 2702 in
2411 2665 2475 2704 ea
2504 2649 2653 2720 quod
2683 2649 2852 2705 debet
2880 2665 3003 2705 esse
3027 2649 3299 2718 videatur,
3343 2665 3431 2705 res
3477 2659 3564 2706 est

1949 2753 2068 2808 qua
2122 2751 2224 2792 suo
2265 2737 2568 2808 possessori
2617 2753 2726 2793 non
2774 2753 2965 2808 parum
3019 2754 3164 2806 cara,
3207 2737 3351 2793 sicut
3401 2739 3563 2794 valde

1949 2827 2099 2882 utilis
2126 2829 2380 2884 habetur.
2425 2828 2638 2900 Quippe
2687 2829 2754 2884 de
2793 2829 2954 2885 bonis
2979 2845 3104 2902 quae
3135 2829 3346 2902 colligit
3374 2847 3438 2884 ex
3469 2847 3556 2898 ca,

1950 2920 2005 2974 in
2035 2937 2248 2976 amoena
2285 2921 2522 2976 civitatis
2549 2921 2892 2977 habitatione
2920 2923 3206 2994 gloriatur.
3231 2921 3283 2976 Si
3312 2937 3442 2977 vero
3464 2937 3563 2977 co-

1945 3012 2106 3069 lonos
2135 3013 2360 3069 inutiles
2380 3013 2656 3082 habuerit,
2681 3030 2848 3084 parvo
2870 3023 3118 3086 tempore
3148 3020 3380 3084 vastata,
3401 3013 3560 3069 vita!-

1947 3118 2055 3174 que
2099 3101 2425 3158 necessariis
2469 3118 2686 3170 carens,
2731 3103 3008 3174 possessio
3047 3102 3192 3170 vilis,
3227 3109 3280 3158 et
3309 3102 3546 3158 ferarum

1947 3197 2210 3253 habitatio
2249 3198 2536 3268 apparebit
2605 3198 2732 3262 Qua:
2770 3198 2816 3253 si
2847 3197 3123 3254 similibus
3161 3197 3563 3254 convenienter

1947 3298 2218 3360 aplamus,
2273 3291 2407 3362 quid
2465 3308 2564 3361 per
2611 3291 2794 3344 villam
2845 3291 3050 3345 rectius
3101 3307 3264 3362 quam
3312 3299 3554 3345 nostram

1949 3380 2309 3450 temporalem
2349 3380 2512 3435 vitam
2539 3379 2820 3452 designari
2839 3381 3182 3450 reperiemus
3197 3379 3225 3432 ?
3251 3379 3390 3442 Quid
3409 3379 3558 3434 enim

1949 3475 2033 3522 est
2059 3468 2178 3523 haec
2206 3467 2260 3521 in
2293 3483 2400 3540 qua
2448 3467 2827 3538 temporaliter
2862 3467 3061 3522 vivitur
3107 3467 3237 3534 vita,
3267 3467 3372 3521 nisi
3403 3483 3559 3539 quaa-

1948 3559 2072 3614 dam
2101 3558 2401 3632 agrestiset
2431 3558 2728 3621 laboriosa,
2748 3557 2954 3612 nullius
2967 3557 3204 3625 decoris,
3228 3557 3436 3613 nullius
3457 3558 3525 3613 de
3541 3588 3556 3598 -

1948 3650 2260 3706 lectationis
2289 3650 2580 3717 habitatio,
2608 3651 2771 3725 longe
2796 3667 2827 3704 a
2853 3667 2997 3705 verae
3022 3648 3303 3705 felicitatis
3333 3649 3560 3704 civitate

1950 3750 2158 3799 remota
2179 3743 2208 3798 ?
2237 3743 2296 3797 In
2346 3759 2473 3815 qua,
2517 3743 2644 3797 dum
2673 3758 2775 3813 per
2802 3741 3052 3813 corporis
3081 3742 3330 3796 membra
3369 3741 3558 3796 Domi-

1949 3847 2022 3888 no
2079 3831 2373 3904 placituras
2429 3831 2674 3888 actiones
2757 3845 3013 3886 exercere
3060 3831 3370 3901 studemus,
3429 3829 3559 3886 dum

1949 3933 2134 3982 mente
2165 3927 2342 3982 bonos
2366 3925 2637 3999 cogitatus
2667 3924 2936 3992 fovemus,
2985 3930 3040 3980 et
3083 3923 3352 3996 quidquid
3393 3930 3565 3979 terre-

1950 4035 2080 4074 num
2127 4027 2234 4084 est,
2277 4034 2399 4073 esse
2429 4018 2723 4084 caducum,
2757 4027 2812 4072 ct
2841 4018 2972 4072 dum
3032 4016 3266 4072 habetur
3289 4025 3344 4072 et
3373 4017 3427 4070 in
3459 4033 3562 4072 usu

1951 4127 2061 4168 non
2086 4119 2188 4178 est,
2222 4111 2450 4179 inutile;
2473 4127 2596 4166 cum
2629 4119 2810 4166 autem
2844 4111 2899 4165 in
2932 4127 3034 4166 usu
3065 4125 3192 4165 esse
3213 4109 3467 4181 coeperit,
3496 4109 3568 4164 la-

1951 4204 2062 4260 bile
2087 4211 2142 4260 et
2167 4203 2292 4260 ideo
2309 4203 2777 4260 contemnendum
2817 4218 3112 4258 censemus
3142 4220 3156 4268 ;
3189 4218 3358 4272 super
3387 4202 3560 4256 coele-

1947 4293 2050 4349 stia
2078 4308 2300 4366 quoque
2332 4292 2611 4348 manentia
2639 4298 2694 4347 et
2715 4307 2950 4359 amoena,
3001 4307 3240 4362 cumque
3279 4290 3396 4344 suis
3422 4304 3558 4358 pos-

235 4379 486 4453 pluribus
507 4378 884 4450 obtemperes,
925 4384 982 4434 et
1011 4377 1138 4434 ideo
1175 4394 1404 4434 securus
1435 4379 1490 4434 in
1533 4381 1722 4436 multis
1750 4397 1849 4453 per
1946 4383 2256 4438 sessoribus
2293 4397 2514 4453 semper
2568 4381 2621 4434 in
2655 4396 2754 4434 usu
2779 4379 3192 4448 jucundissimo
3228 4378 3359 4442 sint,
3395 4391 3559 4453 __nun-

237 4450 633 4552 negligentiam
665 4473 946 4530 desideria
995 4481 1089 4529 tua
1135 4476 1423 4546 sequendo
1453 4450 1763 4550 delinquis,
1797 4485 1852 4533 et
1878 4456 1935 4526 Ι)
1954 4489 2116 4545 quam
2150 4450 2510 4538 transeuntia,
2536 4479 2592 4524 et
2638 4469 2844 4524 idcirco
2872 4467 3187 4539 appetenda
3213 4450 3518 4539 cogitaihus
3549 4483 3562 4518 :

235 4565 366 4636 quia
390 4572 442 4620 te
467 4563 793 4635 delinquere
821 4577 934 4618 non
962 4561 1221 4629 attendis,
1249 4569 1309 4619 ut
1338 4563 1582 4638 corrigas
1611 4580 1716 4620 nec
1745 4565 1854 4620 dif-

239 4654 454 4712 ﬁculter
477 4654 748 4721 ostendis,
788 4669 913 4710 cum
945 4669 1046 4726 per
1076 4653 1382 4726 quamlibet
1411 4655 1852 4725 increpationem

241 4754 457 4802 tuarum
484 4742 942 4819 negligentiarum
997 4743 1142 4798 mala
1168 4743 1516 4818 cognoveris,
1573 4745 1643 4800 de
1691 4746 1854 4801 venia

241 4853 314 4890 ne
334 4835 631 4907 desperes;
655 4847 761 4888 nec
781 4848 944 4904 quam
971 4832 1026 4886 in
1051 4839 1105 4888 te
1133 4831 1484 4888 severitatem
1508 4833 1855 4904 paenitentiae

244 4943 488 5001 nequeas
510 4940 772 4982 exercere
803 4924 872 4979 ad
903 4925 1312 4980 excusationem
1363 4925 1706 4996 praetendas;
1755 4927 1855 4982 sed

242 5015 479 5089 qualiter
532 5011 823 5070 Dominum
881 5021 1034 5068 tuum
1093 5013 1331 5084 placare,
1352 5015 1558 5082 valeas,
1619 5030 1684 5070 ex
1757 5017 1858 5071 hac

243 5117 407 5174 quam
439 5099 538 5156 tibi
565 5116 729 5157 narro
757 5099 1021 5172 parabola
1052 5102 1333 5174 perpende
1363 5102 1632 5160 sollicitus
1669 5111 1728 5160 ut
1759 5105 1858 5160 de-

243 5193 578 5265 prehendas.

315 5289 368 5346 5.
397 5293 535 5346 Erat
572 5291 712 5344 enim
748 5289 902 5345 homo
930 5289 1157 5360 quidam
1177 5289 1348 5358 dives,
1380 5294 1479 5361 qui
1514 5293 1744 5348 habebat
1761 5295 1860 5349 uil-

243 5384 430 5452 licum,
462 5389 518 5438 et
543 5388 763 5438 caetera.
797 5382 970 5438 Homo
1001 5382 1156 5438 dives
1186 5383 1313 5450 iste,
1345 5382 1415 5437 de
1453 5398 1563 5454 quo
1597 5383 1861 5440 Dominus

240 5475 359 5531 suis
399 5473 692 5544 discipulis
719 5473 1035 5545 parabolam
1067 5474 1345 5546 proponit,
1393 5473 1577 5529 nullus
1616 5477 1860 5532 rationa-

246 5567 414 5622 bilius
443 5564 792 5641 intelligitur,
823 5582 987 5638 quam
1020 5567 1166 5622 idem
1201 5551 1346 5638 ipse,
1390 5566 1484 5638 qui
1540 5567 1666 5623 licet
1697 5569 1860 5626 homo

245 5674 454 5731 pauper
484 5658 628 5713 inter
655 5657 910 5714 homines
958 5666 1400 5726 conversaretur,
1455 5659 1510 5714 in
1555 5675 1622 5717 eo
1675 5668 1858 5719 tamen

243 5753 392 5826 quod
411 5753 558 5810 Deus
586 5758 690 5821 est,
723 5752 984 5812 omnibus
1015 5769 1362 5826 quaecunque
1389 5760 1518 5811 sunt
1539 5755 1666 5824 jure
1695 5773 1857 5814 crea-

1955 4586 2060 4626 nec
2088 4585 2201 4626 non
2227 4585 2350 4624 cum
2377 4567 2446 4622 ad
2474 4565 2744 4620 Creatoris
2773 4562 2944 4620 nostri
2967 4562 3184 4617 laudem
3216 4575 3566 4634 cognoscen-

1955 4659 2079 4713 dam
2125 4655 2440 4728 specialiter
2477 4652 2866 4719 insrstendum,
2904 4657 2965 4706 ut
3001 4652 3052 4705 ei
3080 4649 3202 4705 sine
3243 4665 3431 4704 errore
3481 4648 3564 4704 fa-

1955 4749 2151 4806 mulari
2177 4747 2436 4813 sciamus,
2461 4745 2884 4810 ratiocinamur;
2925 4742 3058 4815 quid
3080 4742 3228 4797 aliud
3261 4758 3425 4815 quam
3456 4751 3567 4798 ter-

1959 4857 2070 4896 ram
2125 4839 2193 4895 ad
2238 4845 2422 4914 gratos
2458 4837 2666 4893 fructus
2723 4841 2912 4892 nostro
2957 4835 3266 4908 possessori
3306 4834 3570 4891 ferendos

1957 4931 2206 4988 excolere
2235 4930 2550 4986 laboramus
2568 4927 2596 4981 ?

2029 5025 2082 5082 8.
2126 5027 2181 5080 Si
2213 5025 2383 5099 igitur
2409 5024 2540 5082 villa
2569 5030 2752 5079 nostra
2783 5021 2894 5078 vita
2938 5021 3258 5094 temporalis
3307 5017 3573 5094 intelligi-

1960 5124 2069 5180 tur,
2103 5115 2236 5188 quid
2266 5131 2366 5186 per
2393 5115 2640 5180 colonos,
2664 5112 2771 5168 nisi
2795 5111 2920 5168 duae
2951 5111 3152 5166 mentis
3183 5109 3446 5182 potentiae
3469 5108 3571 5163 dc-

1959 5205 2294 5284 signantur?
2333 5221 2563 5278 quarum
2622 5220 2732 5260 una
2775 5203 3024 5276 corporis
3077 5209 3225 5258 artus
3280 5208 3464 5256 movet
3503 5200 3570 5255 ad

1961 5298 2108 5371 quod
2129 5297 2367 5352 voluerit
2391 5293 2768 5366 operandam:
2801 5301 2856 5348 et
2885 5293 3058 5348 altera
3086 5307 3144 5346 se
3174 5290 3349 5362 ipsam
3374 5288 3568 5344 multi-

1963 5389 2181 5462 pliciter
2233 5386 2594 5444 circumducit
2641 5385 2708 5440 ad
2751 5383 3126 5440 meditandum
3157 5389 3212 5436 et
3268 5381 3569 5453 speculan-

1962 5482 2112 5536 dum.
2147 5479 2276 5536 Cum
2304 5495 2436 5550 ergo
2455 5479 2541 5533 hae
2574 5478 2696 5533 duae
2725 5476 2969 5532 animum
2999 5475 3055 5529 in
3088 5473 3428 5541 meditando,
3453 5487 3576 5528 cor-

1963 5585 2066 5641 pus
2109 5569 2164 5625 in
2204 5568 2485 5639 operando
2513 5566 2666 5639 quod
2693 5564 2924 5621 Domino
2958 5564 3172 5635 placeat
3205 5561 3573 5629 exercuerim,

1961 5660 2094 5732 quid
2127 5659 2332 5733 poterit
2379 5661 2435 5714 in
2495 5656 2893 5730 temporalibus
2956 5655 3189 5714 Domino
3247 5655 3450 5712 m‘entis
3477 5668 3580 5724 po-

1962 5754 2148 5812 tentia:
2173 5753 2284 5811 vita
2323 5758 2509 5809 nostra
2537 5751 2745 5826 gratius
2771 5748 3048 5805 inveniri?
3075 5748 3135 5804 Et
3175 5763 3304 5804 vere
3342 5761 3464 5801 cum
3500 5741 3580 5795 sic
