3892 6048
375 263 515 319 M35
1598 254 1654 308 S.
1697 249 1932 308 ODONIS
1973 246 2213 305 CAMER.
2258 248 2462 304 EPISC.
3567 242 3725 301 1136

376 398 642 455 excolitur
693 401 845 471 grata
903 392 1023 451 tieri
1074 391 1306 450 Domino
1345 389 1660 466 cogitatur;
1717 386 1981 459 quoniam
2006 388 2062 456 Α
2089 383 2393 439 meditandi
2433 382 2541 439 sibi
2567 382 2863 452 subiectas,
2893 396 3121 453 prorsus
3151 394 3183 436 a
3210 394 3312 436 suo
3360 393 3488 435 esse
3517 378 3731 435 detur.

372 495 504 543 tunc
529 487 583 540 in
623 467 721 550 ea;
741 483 884 539 sicut
908 491 1097 539 monet
1139 480 1434 554 Apostolus
1464 480 1607 551 ipse,
1670 494 1770 550 per
1799 476 1985 533 omnia
2087 472 2278 528 baret:
2312 472 2460 544 quod
2501 473 2709 544 justum
2764 486 2909 539 esse,
2936 470 3032 543 qui
3072 484 3185 525 non
3229 474 3378 526 caret
3416 467 3728 524 intellectu

372 577 711 651 gloriﬁcatur
737 574 781 648 (1
823 576 941 632 Cor.
970 591 1021 643 x,
1064 576 1171 643 3t).
1219 574 1273 628 Si
1305 588 1435 629 vero
1489 571 1558 627 ad
1588 570 1829 627 carnalia
1878 570 1982 625 de-
2086 574 2267 640 potest
2310 566 2623 633 advertere,
2680 565 2728 620 si
2789 565 2985 620 merita
3042 580 3227 620 rerum
3273 563 3519 620 voluerit
3561 563 3732 634 justa

371 669 576 726 sideria
604 676 659 723 et
686 666 1020 739 temporales
1046 666 1252 742 glorias
1293 663 1551 721 dederint
1571 680 1818 731 manum,
1850 661 1983 734 quid
2085 663 2242 717 lance
2278 661 2610 733 ponderare.
2644 660 2775 716 Cum
2833 659 2981 716 enim
3018 659 3298 732 praedictis
3336 658 3529 727 bonis,
3557 658 3733 728 juxta

370 762 614 821 eritvita
641 768 845 829 nostra,
878 760 985 817 nisi
1008 776 1095 816 res
1124 759 1385 818 omnibus
1413 758 1577 815 bonis
1593 774 1765 815 vacua
1793 763 1847 813 et
1875 756 1980 811 de-
2085 755 2191 811 hoc
2221 755 2372 827 quod
2411 771 2477 811 ea
2525 752 2773 826 suscepit
2816 769 2849 808 a
2875 753 3131 821 Domino,
3175 768 3288 809 non
3318 752 3518 816 utitur,
3577 751 3728 824 quid

371 860 517 911 serta
546 859 601 909 et
627 852 897 911 habitatio
925 852 1365 910 daemoniorum?

442 947 495 1004 9.
527 947 605 1002 Ne
632 963 765 1022 ergo
791 964 850 1003 se
879 953 1107 1019 possent
1136 946 1243 1001 illa:
1272 945 1475 1002 mentis
1501 944 1785 1018 potentiae,
1827 944 1882 999 id
1902 950 1987 999 est

370 1036 517 1093 vires
538 1037 804 1108 eperandi
834 1042 888 1091 et
914 1036 1221 1092 meditandi
1243 1036 1313 1090 ad
1330 1041 1521 1090 nutum
1545 1051 1703 1090 suum
1740 1049 1847 1107 quo
1866 1034 1986 1089 vel-

372 1132 489 1186 lent
518 1130 820 1198 inﬂectere,
861 1128 1205 1201 praefeciteis
1236 1128 1499 1184 Dominus
1526 1128 1827 1196 irationem,
1860 1143 1982 1199 quae

371 1224 620 1300 singulos
639 1231 821 1279 motus
840 1239 1028 1279 earum
1060 1223 1287 1278 deberet
1317 1223 1651 1289 examinare,
1685 1221 1981 1287 etvellent,

372 1316 605 1384 nollent,
638 1316 707 1371 ab
740 1316 825 1371 his
862 1332 985 1388 qua:
1017 1315 1250 1372 Domino
1290 1315 1630 1385 diSplicitura
1660 1314 1880 1369 fuerant
1916 1313 1985 1368 ad

371 1407 641 1478 placitura
660 1421 938 1462 revocare.
987 1404 1142 1469 Quod
1183 1405 1297 1478 qui,
1329 1405 1475 1461 sicut
1506 1410 1590 1461 est
1618 1420 1811 1459 verum
1864 1418 1985 1459 esse

372 1501 657 1566 discernit,
680 1501 792 1571 jam
832 1500 1077 1556 villicum
1116 1516 1283 1572 quem
1310 1499 1700 1573 quaerebamus
1728 1499 1848 1553 sine
1889 1497 1987 1552 du-

371 1588 637 1645 bitatione
667 1588 972 1663 cegnoscit.
1007 1590 1128 1658 Ipsa
1168 1587 1315 1643 enim
1353 1588 1495 1645 ratio
1536 1587 1707 1644 villici
1749 1587 1897 1642 vices
1929 1585 1986 1639 in

372 1678 534 1733 nobis
573 1676 914 1749 exsequitur,
973 1693 1094 1731 cum
1126 1677 1272 1733 vires
1325 1677 1469 1745 illas,
1513 1693 1637 1748 quae
1670 1690 1871 1745 corpus
1914 1673 1982 1728 ad

371 1769 740 1840 operandum,
773 1776 827 1824 et
849 1768 1087 1823 animam
1116 1768 1183 1823 ad
1205 1768 1584 1824 meditandum
1610 1773 1981 1830 commovent,

2086 847 2236 903 aliud
2265 864 2427 920 quam
2460 847 2509 903 si
2537 863 2603 903 ea
2649 846 2872 918 penitus
2910 846 3309 921 exstingueret,
3350 843 3582 917 operari
3635 843 3730 897 vi-

2087 941 2291 996 detur?
2330 940 2459 995 Cum
2514 954 2645 995 vero
2684 939 2830 995 vires
2870 938 3072 994 mentis
3109 953 3247 1010 quas
3276 936 3520 992 diximus
3553 951 3733 991 coar-

2086 1038 2217 1097 ctat,
2269 1038 2328 1085 ut
2369 1039 2661 1102 operantes
2710 1030 2858 1102 quod
2904 1030 3117 1101 justum
3172 1034 3256 1083 est
3296 1026 3539 1083 Domino
3593 1041 3728 1080 scr-

2082 1125 2254 1190 viant,
2276 1139 2387 1180 non
2435 1122 2625 1190 efficit,
2657 1130 2718 1178 ut
2747 1138 2848 1178 suo
2890 1121 3129 1178 Creatori
3160 1120 3516 1176 inhonestius
3574 1118 3726 1184 sint,

2083 1230 2246 1287 quam
2285 1212 2331 1267 si
2359 1212 2578 1283 penitus
2602 1226 2715 1266 non
2731 1211 2988 1266 existant.

2157 1307 2244 1362 11.
2275 1305 2383 1360 Sed
2410 1304 2541 1376 quia
2572 1302 3127 1359 misericordissimus
3157 1301 3404 1358 Salvator
3455 1301 3581 1358 vult
3632 1301 3727 1355 in-

2087 1402 2270 1458 dicare
2298 1400 2489 1455 multis
2530 1399 2719 1454 talium
2765 1414 2824 1454 se
2876 1414 2975 1467 per
3004 1396 3435 1453 satisfactionem
3475 1396 3726 1468 placari,

2085 1498 2144 1547 ut
2182 1490 2504 1546 ostenderet
2531 1488 2791 1560 qualiter,
2823 1487 3108 1543 subdidit:
3166 1490 3237 1543 Et
3287 1488 3498 1542 vocavit
3526 1487 3724 1553 illum,

2085 1591 2135 1641 et
2162 1587 2243 1641 ait
2272 1585 2379 1639 illi.
2413 1582 2641 1649 Quando
2670 1581 2874 1654 aliquis
2895 1580 3080 1637 vocari
3111 1580 3335 1648 dicitur,
3375 1595 3490 1635 non
3526 1597 3633 1651 per
3661 1595 3724 1633 se

2084 1673 2298 1741 venire,
2339 1672 2436 1729 sed
2482 1678 2543 1727 ut
2572 1670 2760 1727 veniat
2817 1669 3036 1725 invitari
3081 1668 3512 1735 demonstratur,
3546 1684 3723 1724 mon-

2086 1776 2287 1825 stratur
2307 1769 2475 1824 etiam
2505 1773 2749 1823 remotus
2778 1781 2809 1821 a
2867 1771 3123 1834 vocante,
3172 1763 3464 1821 vocatione
3498 1764 3628 1836 ipsa
3661 1771 3724 1819 ut

372 1878 403 1915 a
436 1860 584 1916 vitiis
616 1860 1017 1928 revocat,etad
1046 1860 1277 1916 virtutes
1322 1860 1658 1916 exhortatur.
1693 1857 1872 1913 Villici
1902 1857 1987 1913 vi-
2086 1864 2370 1937 proximus
2419 1861 2514 1918 ﬁat
2542 1870 2829 1934 cperante.
2878 1861 3018 1927 Quid
3066 1861 3251 1933 itaque
3289 1861 3345 1917 in
3388 1861 3723 1927 vocatione,

371 1968 464 2007 ees
494 1951 829 2025 exsequitur,
884 1967 1008 2008 cum
1060 1967 1153 2006 eas
1196 1957 1353 2006 caute
1386 1950 1646 2016 custodit,
1698 1965 1769 2004 ne
1821 1947 1986 2003 mali-

2166 1974 2195 2013 a
2228 1957 2445 2013 villicus
2475 1955 2681 2012 dicitur
2709 1955 2892 2012 vocari
2937 1971 2969 2009 a
3016 1954 3267 2023 domino,
3314 1955 3465 2010 aliud
3505 1953 3729 2009 intelli-

369 2058 600 2117 gnorum
633 2041 924 2112 spirituum
962 2040 1359 2097 tentationibus
1404 2039 1702 2112 aliquando
1728 2038 1991 2111 frangan-
2086 2050 2255 2126 gitur,
2286 2049 2393 2105 nisi
2422 2049 2571 2122 quod
2602 2048 2712 2105 vim
2746 2047 2977 2105 rationis
3008 2062 3118 2104 non
3150 2055 3487 2104 exercentes
3517 2064 3629 2120 per
3662 2064 3727 2102 se

371 2141 477 2189 ίυΓ.
514 2135 667 2189 Tunc
698 2134 862 2189 etiam
905 2134 1087 2189 locum
1307 2138 1458 2188 tenet
1483 2139 1537 2187 et
1568 2130 1754 2188 OfﬁCiO
1798 2131 1986 2204 fungi-
2089 2147 2157 2202 ad
2187 2147 2270 2203 sui
2298 2146 2502 2203 erroris
2530 2145 2909 2219 cognitionem
2940 2160 3052 2201 non
3076 2150 3505 2214 convertuntur;
3531 2146 3729 2218 quod-

373 2237 480 2297 “"3
506 2247 629 2286 Cum
655 2230 826 2301 Νεῖλε
865 2229 1019 2302 φιλεῖ
1048 2229 1321 2285 "meum?
1374 2230 1608 2301 impellit
1645 2230 1713 2285 ad
1771 2246 1836 2285 ea
1866 2244 1987 2301 quae
2087 2256 2193 2312 que
2233 2239 2461 2295 rationis
2490 2238 2833 2314 negligentia
2889 2237 3077 2309 plures
3117 2254 3149 2293 a
3201 2238 3434 2294 Domino
3464 2246 3727 2310 separat,

366 2320 514 2391 justa
553 2331 699 2387 sunt,
728 2319 856 2375 licet
879 2318 1107 2374 humilia
1147 2319 1523 2392 despectaque
1553 2318 1862 2376 videantur.
1900 2318 1988 2373 Sic
2086 2348 2225 2405 quos
2253 2332 2321 2387 ad
2370 2347 2430 2386 se
2460 2330 2646 2386 redire
2679 2330 2946 2387 Dominus
2985 2330 3427 2387 misericorditer
3451 2331 3728 2386 eximi-ia-

372 2417 516 2471 enim
546 2416 695 2490 cogit
715 2431 808 2470 eas
828 2413 1085 2482 Domino,
1103 2414 1254 2487 quod
1280 2414 1532 2479 deberet,
1556 2413 1838 2470 servitium
1860 2414 1987 2469 red-

371 2512 526 2577 dere,
561 2512 708 2584 quod
764 2528 877 2567 suae
907 2510 1204 2582 voluptatis
1242 2510 1559 2583 appetentia
1615 2526 1716 2582 per
1764 2527 1824 2566 se
1874 2526 1985 2567 non

369 2608 690 2658 vererentur
709 2600 944 2656 auferre.
981 2600 1109 2655 Cum
1151 2601 1285 2671 ipsis
1314 2602 1456 2657 male
1486 2600 1825 2656 blandiendo
1853 2616 1988 2656 con-

371 2691 559 2759 sentit,
587 2698 642 2747 et
667 2690 734 2746 ad
754 2690 903 2763 quod
934 2690 1160 2765 exigunt
1191 2691 1430 2760 adjuvat,
1462 2692 1606 2747 bona
1635 2689 1989 2746 discretionis

370 2788 424 2837 et
453 2780 739 2853 potestatis
767 2797 932 2853 quam
961 2780 1232 2837 Dominus
1270 2780 1321 2836 ei
1352 2780 1668 2845 tradiderat,
1693 2780 1849 2852 quasi
1889 2779 1989 2834 ab-

365 2868 506 2938 jicit,
546 2869 797 2941 dissipat,
836 2878 892 2925 et
947 2869 1272 2936 conculcat;
1327 2870 1475 2941 quod
1532 2869 1765 2925 Domino
1817 2869 1987 2924 nullis

370 2967 549 3032 potest
573 2960 838 3016 occultari
879 2961 1163 3028 versutiis;
1198 2962 1485 3033 quoniam,
1526 2962 1670 3016 sicut
1716 2962 1791 3018 ait
1842 2962 1985 3032 Apo-

2084 2424 2213 2481 tur?
2262 2423 2432 2488 Quam
2492 2422 2928 2480 exhortationem
2982 2423 3147 2479 etiam
3180 2423 3352 2478 voluit
3406 2423 3529 2493 ipse
3590 2423 3723 2493 pius

2085 2517 2334 2572 Salvator
2356 2514 2689 2588 patefacere,
2731 2515 2925 2570 dicens
2982 2513 3270 2570 dominum
3321 2514 3509 2570 villico
3551 2514 3727 2569 dixis-

2086 2628 2181 2669 se:
2210 2611 2352 2679 Quid
2380 2611 2475 2666 hoc
2500 2611 2667 2666 audio
2698 2609 2764 2665 de
2792 2612 2843 2665 te
2860 2607 2889 2661 ?
2918 2608 3099 2667 Redde
3122 2611 3388 2665 rationem
3417 2609 3726 2665 villicatio-

2087 2703 2174 2756 nis
2196 2704 2322 2755 tuae.
3008 2740 3017 2744 -

2161 2793 2247 2847 12.
2281 2792 2607 2864 Quicunque
2637 2790 2927 2847 Dominum
2953 2790 3258 2866 diligimus,
3295 2796 3353 2846 et
3390 2804 3517 2845 cum
3555 2791 3725 2846 nobis

2089 2884 2361 2957 placatum
2410 2883 2661 2939 invenire
2700 2882 3115 2947 desideramus,
3163 2882 3280 2937 haec
3338 2881 3511 2937 verba
3541 2881 3725 2954 ipsius

2090 2977 2391 3051 diligenter
2406 2976 2776 3041 attendamus,
2807 2974 3090 3031 intellecta
3120 2974 3435 3049 diligamus,
3468 2980 3532 3030 et
3577 2975 3725 3032 dile-

371 3050 566 3117 stolus,
586 3054 703 3120 ipse
728 3052 990 3106 discretor
1016 3056 1098 3107 cst
1124 3054 1512 3119 cogitationum
1534 3057 1584 3107 et
1630 3054 1987 3109 intentionum
2011 3080 2061 3149 Ο
2087 3076 2173 3127 cia
2200 3050 2484 3126 ieneamus
2547 3069 2683 3125 sum
2710 3067 2859 3123 enim
2904 3067 3073 3123 verba
3117 3067 3382 3139 poiemis,
3427 3067 3591 3135 cuius
3628 3066 3723 3120 in-

373 3144 571 3209 cordis,
615 3158 707 3198 nec
753 3147 832 3199 est
858 3144 976 3198 ulla
1012 3148 1266 3199 creatura
1305 3145 1419 3199 alia
1446 3147 1506 3200 in
1555 3149 1834 3215 conspectu
1869 3146 1987 3216 ejus

371 3235 670 3289 invisibilis
699 3234 882 3305 (Hebr.
918 3252 988 3303 IV,
1024 3234 1141 3294 12;:
1173 3235 1242 3290 ad
1284 3235 1433 3307 quod
1464 3235 1822 3291 indicandum
1863 3237 1989 3293 sub-

375 3324 504 3392 iecit
543 3324 835 3379 Dominus:
876 3327 947 3381 Et
974 3324 1293 3394 diffamatus
1319 3326 1396 3380 ad
1423 3326 1575 3395 apud
1617 3328 1798 3396 ipsum
1829 3330 1991 3397 quasi

373 3416 694 3486 dissipasset
746 3418 885 3472 bona
911 3434 1029 3472 sua.
1088 3417 1205 3472 Non
1235 3418 1383 3473 enim
1439 3418 1494 3472 in
1526 3419 1630 3474 hoc
1669 3419 1820 3474 aliud
1851 3419 1987 3474 mihi

373 3505 589 3562 videtur
625 3506 834 3575 dicere,
857 3508 963 3564 nisi
995 3525 1055 3564 se
1087 3525 1198 3565 non
1238 3526 1426 3581 posse,
1460 3511 1608 3582 quod
1651 3510 1992 3567 malefecerit

374 3594 466 3651 ille
495 3596 732 3665 villicus,
766 3598 1040 3672 ignorare.
1072 3600 1131 3654 In
1160 3600 1265 3656 hoc
1302 3600 1449 3655 enim
1490 3600 1637 3673 quod
1660 3600 1860 3673 aliquis
1888 3600 1992 3656 dif-

376 3684 634 3754 famatur,
664 3687 895 3756 crimen,
944 3688 1092 3760 quod
1125 3688 1355 3747 fortasse
1381 3690 1655 3746 occultum
1690 3707 1813 3747 esse
1839 3692 1990 3748 vole-

376 3779 468 3835 bat
489 3781 835 3852 publicatur;
868 3781 1017 3838 unde
1049 3800 1161 3839 non
1206 3784 1426 3840 videtur
1455 3784 1605 3840 aliud
1647 3801 1768 3842 esse
1818 3786 1988 3842 villici

376 3871 677 3928 diﬂ‘amatio
706 3874 813 3928 nisi
844 3876 1310 3951 negligentiarum
1355 3879 1587 3935 rationis
1629 3888 1685 3936 et
1716 3879 1987 3936 malorum

377 3977 752 4016 consensuum
780 3963 1070 4019 manifesta
1101 3965 1317 4021 Domini
1349 3969 1613 4040 cognitio.

451 4053 536 4110 10.
567 4054 674 4108 Sed
702 4054 835 4125 quid
862 4055 978 4110 vult
1009 4056 1257 4114 indicare
1283 4061 1430 4130 quod
1469 4061 1607 4117 dixit
1634 4066 1797 4133 quasi
1825 4064 1993 4121 dissi-

374 4152 575 4217 passet,
606 4146 986 4203 similitudinis
1015 4149 1380 4225 significativa
1418 4170 1574 4221 voce,
1607 4161 1662 4210 et
1703 4173 1813 4213 non
1846 4159 1994 4230 quod

379 4235 706 4308 dissipasset
733 4236 987 4294 absolute
1009 4238 1037 4293 ?
1062 4241 1168 4295 Sed
1200 4241 1268 4309 si,
1297 4243 1379 4298 rei
1400 4250 1651 4300 naturam
1682 4245 1993 4318 inSpicien-

380 4338 483 4400 tcs,
527 4333 942 4390 consideramus
1000 4336 1148 4408 quod
1180 4338 1318 4394 ratio
1364 4338 1756 4398 discretionem
1809 4349 1862 4398 et
1895 4359 1994 4415 po-

2085 3161 2275 3217 stituta
2298 3152 2610 3236 transgredi
2645 3175 2754 3216 non
2786 3160 2859 3215 sit
2882 3165 3088 3225 tutum;
3117 3158 3554 3215 commotionem
3588 3173 3719 3213 cum

2087 3250 2356 3325 gravitate
2399 3250 2729 3321 prementia,
2761 3248 2861 3304 sed
2911 3255 3093 3303 tamen
3147 3263 3270 3303 cum
3327 3245 3724 3302 misericordia

2088 3346 2543 3412 transgressorem
2598 3339 2664 3394 ad
2699 3337 3152 3393 emendationem
3182 3335 3461 3399 vocantia,
3496 3341 3557 3389 et
3606 3349 3723 3389 non

2089 3427 2452 3484 differendam
2492 3443 2613 3483 esse
2662 3426 3061 3483 correctionem
3112 3423 3521 3480 rationabiliter
3566 3422 3724 3477 indi-

2089 3524 2288 3581 cantia.
2321 3524 2455 3579 Nam
2478 3522 2715 3579 dicendo
2746 3523 2881 3593 quid
2905 3522 3000 3577 hoc
3040 3520 3208 3576 audio
3238 3520 3305 3574 de
3342 3519 3434 3574 te?
3461 3534 3526 3573 se
3557 3519 3726 3590 quasi

2088 3613 2276 3668 mirari
2306 3612 2561 3687 designat
2603 3610 2753 3683 quod
2799 3617 2994 3682 peccat
3046 3610 3102 3664 in
3134 3624 3260 3664 eum
3314 3606 3500 3662 ﬁdelis
3558 3606 3725 3669 ratio,

2091 3721 2204 3761 non
2242 3711 2405 3761 utens
2424 3705 2507 3760 vel
2536 3704 2773 3760 abutens
2802 3703 3074 3759 bonorom
3107 3701 3283 3773 ipsius
3304 3699 3588 3775 largitate.
3624 3700 3722 3755 Est

2093 3793 2238 3848 enim
2272 3792 2381 3848 tale
2424 3791 2575 3864 quod
2613 3791 2798 3846 villico
2847 3789 3052 3845 dicitur
3091 3788 3177 3844 his
3206 3787 3476 3844 brevibus
3504 3787 3726 3854 verbis,

2091 3885 2252 3957 quale
2273 3884 2319 3940 si
2347 3883 2549 3940 rationi
2570 3883 2858 3939 diceretur
2879 3882 2985 3938 hoc
3013 3880 3165 3954 quod
3200 3879 3461 3935 subditur
3486 3880 3729 3935 vocibus

2095 3977 2164 4032 ad
2194 3976 2614 4052 intelligentiam
2648 3974 3066 4046 multiplicatis:
3123 3973 3235 4048 Ego
3294 3971 3570 4028 Dominus
3601 3988 3727 4028 om-

2094 4066 2270 4134 nium,
2324 4072 2540 4121 creator
2591 4064 3000 4130 universorum,
3040 4061 3466 4135 potentissimus
3523 4072 3725 4133 poten-

2096 4161 2235 4222 tum,
2287 4152 2796 4210 sufﬁcientissimus
2854 4152 3254 4221 sufficientum,
3294 4151 3385 4224 qui
3409 4157 3537 4207 extr
3565 4168 3599 4207 a
3635 4168 3725 4207 me

2096 4244 2305 4299 nullius
2343 4258 2506 4317 egeo,
2534 4242 2652 4299 sola
2681 4243 2966 4299 voluntate
2997 4240 3140 4297 facio
3166 4254 3522 4314 quaecunque
3570 4241 3724 4305 volo,

2096 4355 2221 4395 cum
2263 4347 2315 4394 te
2343 4353 2454 4394 non
2478 4353 2723 4411 egerem,
2756 4339 2874 4394 sola
2910 4337 3163 4393 bonitate
3192 4352 3315 4392 mea
3337 4343 3389 4392 te
3449 4335 3727 4403 feceram,

380 4422 607 4479 tentiam
658 4425 805 4480 vires
834 4425 957 4481 illas
989 4429 1190 4483 mentis
1246 4429 1315 4484 ad
1345 4430 1562 4486 Domini
1601 4432 1828 4505 gloriam
1859 4406 2072 4490 οδηλ)
2096 4443 2234 4483 mea?
2258 4406 2907 4501 imaginis—impressione
2936 4416 3147 4482 boni‘et
3174 4424 3304 4480 mali
3326 4425 3724 4483 discretionem

379 4512 629 4568 vertendi
680 4530 964 4588 nunquam
1013 4532 1126 4573 non
1163 4517 1357 4585 habet;
1391 4521 1525 4591 quid
1566 4538 1665 4593 per
1699 4525 1860 4593 quasi
1907 4524 2001 4580 de-

380 4613 691 4663 monstrare
729 4607 993 4665 Dominus
1019 4609 1278 4677 voluerit,
1320 4613 1612 4671 manifeste
1661 4616 1797 4672 satis
1824 4633 1995 4690 appa-

383 4700 486 4749 ret.
512 4694 729 4751 Certum
758 4703 840 4752 est
867 4698 1039 4767 enim,
1072 4715 1176 4756 nec
1204 4701 1301 4756 ulli
1349 4702 1660 4759 rationabili
1693 4705 1999 4762 dubitabile

383 4782 773 4839 discretionem
800 4785 933 4841 boni
983 4793 1036 4842 et
1064 4788 1215 4856 mali,
1261 4797 1316 4845 et
1370 4798 1696 4862 potestatem
1730 4812 1839 4867 qua
1866 4797 2001 4852 viri-

384 4870 489 4926 bus
516 4873 715 4928 mentis
744 4876 1076 4946 supradictis
1105 4877 1419 4936 dominatur
1460 4883 1619 4951 ratio,
1664 4886 2001 4959 easdemque

383 4959 530 5015 vires
560 4969 616 5017 et
644 4961 770 5018 fidei
802 4964 1054 5037 gratiam,
1108 4967 1254 5023 bona
1295 4968 1513 5027 Domini
1544 4973 1637 5029 Dei
1686 4992 1797 5031 non
1833 4993 2001 5048 parva

381 5067 486 5108 nec
508 5054 952 5126 contemptibilia
1006 5073 1150 5113 esse.
1183 5059 1237 5114 Si
1270 5077 1403 5134 ergo
1443 5064 1560 5121 haec
1589 5068 1779 5124 omnia
1814 5075 2002 5140 posset

381 5145 670 5201 destruere
700 5144 840 5201 ratio
861 5152 918 5200 et
944 5146 1272 5217 destrueret,
1302 5160 1506 5223 quanta
1527 5155 1882 5215 damnatione
1910 5160 2000 5214 di—

380 5251 549 5309 gnum
580 5235 636 5289 in
662 5234 921 5292 factorem
954 5236 1172 5304 horum,
1200 5246 1256 5295 et
1285 5241 1531 5300 datorem
1557 5246 1766 5303 crimen
1798 5265 1999 5321 perpe-

382 5324 665 5380 traretur?
693 5325 866 5382 Tanta
890 5343 1022 5401 ergo
1063 5328 1416 5388 damnatione
1449 5334 1613 5410 digna
1647 5354 1746 5409 per
1781 5343 1944 5409 quasi
1967 5358 1999 5397 a

381 5413 614 5470 Domino
644 5423 982 5473 monstratur
1026 5420 1307 5493 cognosci,
1357 5422 1488 5494 quia
1517 5424 1677 5480 bonis
1704 5442 1735 5481 a
1764 5417 1996 5486 Domino

382 5501 486 5554 sibi
542 5506 821 5561 concessis
860 5523 971 5563 non
1037 5509 1228 5578 utitur,
1271 5527 1373 5568 nec
1439 5515 1720 5585 praedictis
1784 5518 1996 5576 viribus

385 5590 586 5643 mentis
614 5591 927 5649 dominatur
957 5604 1020 5652 ut
1047 5605 1299 5668 oportet:
1340 5609 1604 5671 quantam
1643 5605 1845 5660 mereri
1896 5608 1992 5678 ju-

385 5677 680 5751 dicaretur,
707 5683 751 5736 si
782 5685 887 5738 sibi
927 5688 1124 5744 tradita
1154 5690 1321 5760 bona,
1354 5700 1410 5748 et
1456 5695 1603 5750 vires
1636 5677 1906 5767 eperandi
1936 5707 1990 5758 et

2103 4521 2465 4587 inserueram,
2507 4520 2810 4592 potentiam
2842 4517 3156 4575 refrenandi
3194 4525 3375 4574 motus
3396 4533 3603 4574 omnes
3631 4535 3732 4576 vo-

2100 4614 2324 4672 luntatis
2354 4614 2678 4680 tribueram,
2709 4628 2851 4669 verat
2892 4611 3022 4668 fidei
3060 4611 3290 4687 gratiam
3329 4610 3575 4684 speique
3616 4628 3733 4669 co:-

2100 4704 2263 4760 lestia
2316 4702 2698 4776 consequendi
2761 4701 3200 4758 consolationem
3242 4700 3620 4768 contuleram,
3678 4709 3732 4759 et

2103 4796 2395 4869 praeceptis
2436 4796 2574 4852 meis
2606 4802 2661 4851 et
2690 4794 2979 4866 exemplis,
3038 4794 3387 4866 adjuveram;
3449 4800 3507 4849 et
3555 4801 3612 4850 tu
3646 4795 3733 4849 bis

2103 4888 2366 4945 omnibus
2415 4888 2571 4961 quasi
2613 4887 2970 4958 contemptis,
3001 4885 3254 4959 sequeris
3298 4890 3483 4941 motus
3527 4901 3733 4942 concu-

2102 4977 2393 5049 piscentia;
2424 4976 2767 5049 temporalis.
2801 4977 2950 5043 Quid
2968 4977 3066 5031 hoc
3086 4976 3254 5031 audio
3282 4974 3347 5030 de
3371 4978 3422 5030 te
3438 4973 3467 5017 ν
3490 4975 3732 5031 Immen-

2102 5069 2236 5125 sitas
2267 5069 2532 5141 potentia:
2573 5084 2712 5124 mea)
2770 5067 2858 5123 vel
2896 5067 3164 5123 severitas
3209 5065 3441 5136 justitim
3472 5065 3581 5121 tibi
3622 5068 3730 5122 mei

2102 5175 2213 5215 non
2247 5159 2549 5215 attulerunt
2590 5158 2879 5214 timorem:
2936 5155 3160 5213 collatio
3212 5162 3290 5212 tot
3346 5161 3401 5210 et
3446 5162 3729 5212 tantorum

2099 5249 2519 5317 beneficiorum,
2549 5249 2818 5321 patientia
2856 5256 2911 5304 et
2941 5247 3309 5304 mansuetudo
3355 5246 3456 5301 tibi
3493 5247 3613 5304 mei
3645 5247 3729 5302 di-

2098 5357 2266 5416 gnum
2306 5357 2418 5398 non
2456 5340 2812 5398 contulerunt
2849 5354 3113 5396 amorem.
3147 5338 3291 5405 Quid
3314 5336 3411 5392 hoc
3460 5338 3637 5393 audio
3664 5338 3726 5393 de

2100 5429 2190 5485 te?
2228 5430 2355 5486 Tam
2408 5430 2534 5487 vilis
2575 5445 2673 5502 per
2713 5438 2787 5497 te,
2830 5435 2939 5485 tam
2980 5428 3189 5483 nullius
3227 5426 3520 5483 utilitatis:
3564 5443 3728 5500 quam

2096 5528 2302 5579 tantam
2344 5522 2604 5591 feceram,
2657 5537 2822 5594 quam
2863 5520 2956 5577 hic
2991 5520 3457 5578 sublimaveram:
3516 5518 3726 5595 grande

2092 5614 2296 5671 malum
2343 5613 2692 5687 perpetrasti,
2741 5611 3012 5687 grandem
3049 5626 3277 5683 poenam
3336 5609 3439 5664 tibi
3484 5609 3724 5681 parasti:

2092 5713 2275 5764 tamen
2315 5704 2447 5782 quia
2474 5701 2793 5760 misericors
2834 5716 2946 5759 non
2976 5716 3102 5758 esse
3132 5714 3243 5758 non
3271 5712 3533 5776 possum,
3564 5698 3724 5753 redde
