3892 6048
249 170 384 229 1137

313 402 400 460 13.
439 397 732 462 Rationem
759 408 940 464 reddit
969 407 1224 481 quisquis
1248 407 1327 464 illi
1353 425 1386 464 a
1415 423 1526 482 quo
1553 407 1854 480 impeditur

247 492 635 564 respondendo
663 494 808 551 sicut
837 505 1076 568 oportet,
1105 497 1286 554 donec
1299 497 1448 570 juste
1478 498 1853 571 quicscat,sa-

243 580 464 640 tisfacit.
508 582 824 641 Secundum
854 586 995 644 hanc
1032 585 1267 642 formam
1299 596 1488 644 monet
1516 587 1852 664 benignissi-

245 692 369 732 mus
399 677 665 747 Salvator,
697 687 759 734 ut
788 679 840 736 ei
872 681 1145 738 rationem
1185 681 1507 750 reddamus,
1545 681 1758 738 scilicet
1795 687 1854 737 ut

243 765 313 820 ad
341 782 406 822 ea
436 783 559 841 qua:
587 784 846 840 peccasse
877 785 988 827 non
1017 769 1284 843 increpat,
1315 770 1426 826 sibi
1449 786 1550 844 per
1579 769 1856 842 paeniten-

246 857 378 914 tiam
404 866 460 916 et
490 859 928 918 humiliationem
959 862 1160 919 mentis
1187 871 1242 920 et
1268 862 1666 920 misericordiae
1689 877 1858 935 opera

245 961 302 1008 et
349 953 631 1011 orationes
655 956 1046 1028 respondendo
1087 957 1524 1026 satisfaciamus;
1564 974 1669 1014 nec
1697 955 1859 1013 diffe-

244 1059 427 1100 ramus
457 1043 586 1116 quia
615 1045 990 1119 pr0pinquum
1033 1055 1120 1104 est
1159 1055 1220 1104 ut
1261 1063 1372 1104 non
1414 1048 1692 1120 possimus
1729 1047 1854 1102 red-

241 1134 393 1192 dere.
427 1135 570 1192 Mors
597 1138 746 1194 enim
770 1137 1024 1194 imminet
1051 1139 1202 1196 omni
1229 1139 1391 1209 hora,
1413 1156 1537 1212 quae
1561 1141 1663 1196 hoc
1683 1138 1854 1198 efficit

241 1234 302 1282 ut
337 1235 465 1298 post
492 1243 615 1282 eam
647 1227 784 1283 nihil
828 1228 898 1284 ad
929 1236 1121 1286 nutum
1151 1236 1398 1286 nostrum
1443 1230 1724 1286 valeamus
1748 1230 1850 1285 im-

240 1323 488 1373 mutare:
513 1317 662 1390 quod
695 1317 860 1373 nobis
911 1317 1177 1376 indicavit
1216 1319 1344 1392 pius
1373 1321 1566 1377 doctor
1590 1336 1713 1376 cum
1753 1320 1852 1376 ad-

241 1404 412 1462 didit:
445 1409 567 1462 Jam
603 1409 744 1462 enim
793 1421 902 1462 non
947 1411 1152 1480 poteris
1197 1410 1460 1465 villicare.
1502 1409 1648 1464 Nihil
1703 1409 1852 1465 enim

240 1501 366 1566 post
392 1501 627 1550 mortem
658 1494 882 1566 prodest
910 1495 1143 1567 perditis
1166 1497 1258 1568 jus
1288 1498 1538 1564 rationis,
1580 1498 1711 1570 quia
1742 1513 1853 1554 non

237 1588 386 1646 valet
414 1589 658 1666 eﬂugere
689 1606 886 1662 poenas
926 1591 1135 1647 meritae
1160 1591 1550 1648 damnationis.
1592 1593 1702 1648 Hoc
1743 1609 1850 1650 no-

241 1683 326 1739 bis
355 1683 518 1756 plane
541 1684 715 1741 voluit
739 1685 832 1741 ille
863 1701 1034 1758 super
1047 1701 1244 1742 omnes
1273 1687 1428 1742 dives
1456 1685 1726 1755 indicare,
1767 1687 1852 1742 di-

237 1775 417 1832 cendo
445 1777 658 1845 villico;
683 1778 807 1849 jam
835 1781 998 1846 enim,
1027 1778 1080 1834 id
1107 1785 1194 1836 est
1229 1779 1285 1835 in
1317 1779 1569 1852 proximo
1609 1795 1722 1836 non
1753 1795 1854 1852 po-

238 1868 373 1924 teris
403 1868 665 1925 villicare.

309 1961 398 2017 14.
431 1962 540 2018 Sed
567 1962 702 2018 illud
735 1963 1140 2020 attendendum
1165 1973 1267 2030 est,
1291 1965 1528 2037 qualiter
1547 1965 1850 2041 negligenti

237 2049 435 2107 rationi
471 2052 738 2109 Dominus
774 2053 854 2110 sic
883 2053 1161 2127 loquatur,
1194 2071 1264 2112 ne
1301 2055 1449 2128 quod
1480 2043 1718 2112 diximus
1749 2058 1850 2112 mi-

237 2160 344 2199 nus
398 2145 694 2218 capacibus
751 2153 1021 2203 remotum
1082 2165 1112 2204 a
1161 2149 1388 2205 veritate
1426 2148 1704 2205 videatur:
1767 2150 1851 2207 lo-

237 2235 428 2308 quitur
457 2237 724 2294 Dominus
761 2239 1020 2310 pluribus
1055 2239 1239 2296 modis
1285 2239 1486 2312 quibus
1539 2255 1692 2296 suam
1735 2241 1854 2297 vult

236 2329 585 2386 innotescere
614 2330 976 2399 voluntatem,
1014 2331 1320 2405 unicuique
1359 2332 1466 2388 sibi
1498 2333 1849 2390 convenienti

235 2420 426 2488 modo,
469 2427 635 2493 prout
663 2421 815 2478 videt
835 2423 1058 2497 exigere
1088 2424 1356 2496 cujusque
1387 2431 1635 2481 naturam
1675 2433 1728 2482 et
1759 2443 1854 2482 ca-

237 2513 554 2586 pacitatem.
597 2514 862 2588 Loquitur
917 2532 1158 2589 namque
1189 2517 1522 2590 quibusdam
1553 2520 1770 2576 occulta
1799 2528 1854 2575 et

240 2604 455 2678 absque
485 2606 994 2678 quolibet,indicio
1025 2607 1167 2664 facta
1205 2609 1586 2682 inspiratione,
1627 2617 1688 2666 ut
1734 2613 1856 2668 Pro-

236 2695 418 2766 pheta:
447 2697 683 2754 dicenti:
717 2698 962 2754 Audiam
990 2699 1128 2770 quid
1155 2701 1412 2771 loquatur
1435 2703 1689 2758 Dominus
1714 2705 1856 2759 Deus

231 2793 294 2845 in
313 2806 396 2846 me
417 2831 430 2844 .
467 2789 602 2846 Aliis
629 2791 876 2864 loquitur
898 2807 1055 2858 voce,
1084 2793 1461 2849 nescientibus
1480 2794 1628 2850 unde
1659 2794 1772 2860 ﬁat,
1795 2803 1854 2851 ut

233 2877 501 2935 Samueli.
543 2879 674 2934 Aliis
709 2881 964 2946 somniis,
995 2887 1057 2936 ut
1083 2881 1310 2953 Joseph,
1352 2881 1642 2950 Pharaoni,
1674 2883 1852 2938 Nabu-

1337 179 1562 236 HOMIL.
1604 179 1688 235 DE
1727 178 1983 237 VlLLlCO
2023 174 2446 246 lNlQUlTATlS.

243 309 507 365 rationem
529 310 883 368 m‘llicationis
909 316 1032 381 tum,
1065 312 1230 369 ettibi
1245 313 1449 386 placari
1466 319 1688 386 paratus
1706 328 1848 368 sum.
1876 319 1926 386 Α

1879 1645 1930 1713 Β

3428 187 3564 242 1138

2033 313 2116 366 15.
2143 311 2256 368 Hoc
2282 310 2682 368 attendendum
2709 314 3016 389 quodszepe
3045 315 3104 370 fit
3133 315 3192 370 in
3225 316 3442 372 ratione
3466 333 3573 373 cu-

1947 399 2126 469 jusvis
2157 400 2473 474 hujusmodi
2504 402 2812 472 meditatio,
2844 420 2948 459 nec
2989 402 3350 476 subsequitur
3400 406 3576 477 pccni-

1951 494 2142 550 tentia?
2167 493 2672 568 satisfactionisque
2697 512 2956 570 congruae
2982 497 3128 553 sicut
3157 505 3438 569 oporteret
3470 516 3571 554 ex-

1953 586 2332 657 quisitio.Sed
2372 603 2494 643 cum
2527 589 2632 645 hoc
2661 589 2954 664 contingit,
2982 605 3091 644 non
3133 598 3264 645 tunc
3301 591 3352 646 ei
3381 591 3573 646 Domi-

1954 698 2058 738 nus
2109 683 2371 756 loquitur,
2423 685 2522 740 scd
2562 685 2682 758 ipsa
2739 701 2799 741 se
2858 687 3034 757 ipsam
3092 686 3571 758 circumspiciens,

1953 775 2164 849 absque
2194 775 2521 834 confusione
2559 777 2777 834 timoris
2829 788 3111 855 evagatur.
3181 778 3404 836 Locutio
3445 796 3574 836 vero

1956 867 2174 923 Domini
2211 884 2434 940 semper
2473 868 2528 922 id
2567 869 2636 924 ad
2675 868 2825 940 quod
2887 868 2948 924 fit
2995 877 3286 942 cperatur;
3347 877 3402 926 et
3445 869 3574 926 ideo

1957 957 2176 1030 quoties
2205 957 2324 1030 ipse
2355 959 2423 1014 de
2463 958 2530 1014 iis
2559 959 2867 1015 malefactis
2895 961 3126 1032 corripit
3158 961 3451 1028 rationem,
3475 978 3574 1016 an-

1955 1065 2057 1124 gor
2115 1051 2302 1106 cordis
2349 1057 2404 1106 et
2454 1051 2849 1108 satisfactionis
2887 1053 3184 1124 exquisitio
3242 1054 3569 1110 comitatur:

1951 1142 2099 1214 quod
2133 1143 2295 1199 nobis
2319 1143 2506 1198 verbis
2537 1145 2751 1200 Domini
2783 1145 3060 1200 indicatur
3085 1145 3394 1202 manifeste.
3429 1145 3574 1200 Sub~

1953 1233 2032 1288 dit
2055 1233 2233 1288 enim:
2257 1235 2356 1290 Ait
2383 1239 2557 1290 autem
2581 1236 2794 1290 villicus
2822 1238 2974 1292 intra
3005 1253 3076 1290 se.
3114 1236 3279 1300 Quasi
3319 1244 3469 1292 extra
3508 1253 3568 1290 se

1956 1325 2222 1398 loquitur,
2251 1342 2375 1382 cum
2405 1343 2528 1399 qua)
2561 1326 2706 1382 mala
2729 1334 2862 1382 sunt
2905 1327 3085 1383 facere
3118 1337 3332 1394 tractat,
3365 1329 3450 1384 vel
3492 1328 3574 1384 fe-

1955 1418 2095 1474 cisse
2133 1418 2256 1474 sine
2297 1419 2493 1474 timore
2536 1419 2854 1490 perpendit.
2912 1419 3020 1474 Sed
3049 1426 3181 1476 tunc
3213 1421 3356 1476 intra
3396 1437 3454 1476 se
3489 1422 3573 1477 lo-

1955 1509 2160 1582 quitur,
2189 1525 2312 1565 cum
2341 1510 2471 1582 quid
2499 1511 2648 1580 juste
2689 1509 2890 1566 debeat
2921 1511 3138 1582 operari
3184 1520 3344 1567 cauta
3383 1514 3569 1568 consi-

1955 1597 2239 1652 deratione
2262 1598 2551 1670 perquirit.
2581 1598 2723 1652 lllud
2761 1614 3000 1670 namque
3027 1599 3094 1653 ab
3125 1599 3218 1654 illa
3248 1600 3574 1654 naturaliter

1954 1691 2037 1740 est
2065 1693 2399 1757 separatum,
2433 1686 2538 1741 hoc
2569 1692 2752 1740 autem
2783 1685 2888 1741 sibi
2920 1701 3144 1756 semper
3171 1685 3452 1757 preprium
3484 1695 3566 1742 est

1954 1780 2010 1829 ct
2039 1774 2312 1830 innatum.

2028 1869 2113 1923 16.
2150 1867 2281 1922 Cum
2315 1867 2484 1942 igitur
2511 1866 2784 1922 Dominus
2810 1867 2880 1922 de
2920 1883 3147 1923 suorum
3199 1867 3568 1923 institutorum

1955 1961 2394 2036 transgressione
2420 1963 2690 2016 rationem
2719 1960 2886 2016 modo
2911 1960 3098 2032 aliquo
3128 1961 3569 2032 supradictorum

1955 2051 2344 2124 increpat-erit,
2402 2053 2524 2124 ipsa
2566 2051 2713 2108 illico
2759 2067 2871 2107 non
2911 2052 3085 2108 otiosa
3127 2066 3230 2106 nec
3261 2053 3568 2124 stupefacta

1954 2158 2286 2215 permanens
2313 2143 2455 2198 intra
2492 2157 2553 2196 se
2593 2141 2758 2198 dicit:
2791 2143 2930 2207 Quid
2961 2145 3184 2210 faciam,
3219 2145 3352 2213 quia
3392 2145 3568 2200 domi—

1951 2252 2052 2290 nus
2072 2249 2218 2290 meus
2247 2237 2433 2302 aufert
2447 2249 2482 2290 a
2499 2250 2582 2290 me
2604 2235 2990 2291 villicationem
3009 2234 3038 2288 ?
3067 2234 3124 2289 id
3153 2243 3234 2290 est
3257 2236 3565 2290 secundum

1951 2327 2060 2384 vim
2109 2343 2223 2382 suae
2263 2337 2472 2382 naturae
2506 2326 2839 2395 considerat,
2881 2327 3120 2398 qualiter
3157 2343 3318 2400 quam
3352 2343 3412 2382 se
3443 2345 3567 2383 mc-

1955 2419 2134 2475 ruisse
2166 2419 2454 2495 cognoscit
2507 2418 2640 2474 iram
2685 2419 2906 2475 Domini
2951 2435 3060 2474 non
3111 2419 3388 2486 incurrat;
3423 2421 3569 2493 quod

1955 2515 2102 2572 enim
2171 2515 2387 2586 villicus
2451 2515 2616 2571 dicit:
2675 2516 2816 2584 Quid
2897 2518 3124 2584 faciam,
3204 2519 3340 2587 quia
3394 2517 3574 2572 domi-

1958 2626 2059 2664 nus
2085 2625 2228 2664 meus
2250 2611 2442 2677 aufert
2469 2625 2502 2663 a
2547 2625 2631 2664 me
2675 2609 3076 2673 villicationem,
3131 2609 3569 2666 sollicitudinem

1954 2700 2198 2756 vindicat
2233 2699 2483 2766 rationis,
2519 2715 2587 2755 ne
2621 2716 2682 2756 se
2724 2700 2938 2770 judicio
2988 2701 3228 2768 Domini,
3271 2717 3380 2775 quo
3412 2703 3574 2757 dam-

1957 2799 2138 2858 netur,
2170 2793 2460 2856 subdatur,
2503 2793 2812 2849 secundum
2839 2793 3073 2865 apostoli
3104 2794 3256 2850 Pauli
3281 2795 3572 2851 consilium

1952 2881 2103 2938 velut
2140 2882 2248 2938 hoc
2287 2881 2452 2938 modo
2492 2881 2836 2938 discutientis
2865 2891 2920 2938 et
2961 2882 3288 2951 judicantis:
3334 2883 3450 2938 scio
3483 2899 3570 2939 me

235 2969 611 3038 chodonosor,
651 2969 865 3026 Danieli
943 2969 1076 3026 Aliis
1121 2970 1376 3045 angelico
1417 2971 1750 3041 ministerio,
1791 2980 1852 3029 ut
1880 3023 1924 3047 η
1951 2971 2193 3028 Creatori
2215 2987 2338 3028 meo
2373 2986 2484 3026 non
2528 2971 2670 3026 sicut
2693 2971 2940 3043 oportuit
2987 2972 3246 3040 servisse,
3276 2972 3568 3045 ipsumque

234 3059 432 3133 Moysi,
463 3032 758 3125 Abraham,
780 3060 972 3130 Jacob,
1004 3067 1060 3117 et
1083 3032 1502 3134 aliisupluribus.
1526 3063 1657 3118 Aliis
1678 3032 1856 3138 signis
1877 3032 1926 3095 Β
1954 3063 2460 3139 transgressoribus
2489 3032 3170 3136 suorum-praeceptorum
3201 3032 3420 3136 plenam
3443 3032 3570 3120 ltili-

235 3153 591 3226 quibusdam,
623 3160 684 3209 ut
736 3153 1010 3210 Baltassar
1051 3152 1242 3228 digitis
1279 3155 1336 3209 in
1373 3156 1582 3226 pariete
1613 3156 1853 3211 scriben.

237 3242 612 3299 tibus.Multis
643 3248 828 3300 autem
858 3242 1106 3316 loquitur
1134 3259 1234 3316 per
1259 3244 1516 3300 homines
1545 3243 1761 3310 ﬁdeles,
1796 3253 1855 3300 ut

238 3335 484 3409 antiquis
505 3352 604 3408 per
619 3337 938 3408 prophetas,
959 3335 1121 3392 nobis
1131 3351 1231 3407 per
1241 3335 1648 3394 ecclesiasticos
1663 3337 1853 3394 docto-

238 3440 352 3494 res,
377 3423 660 3482 nonnullis
685 3440 788 3498 per
806 3423 1117 3480 divinarum
1139 3425 1544 3496 Scripturarum
1567 3427 1854 3496 lectiones,

239 3515 492 3587 plurimis
531 3530 629 3587 per
657 3515 906 3586 corporis
934 3513 1318 3582 afﬂictionem,
1356 3513 1686 3588 quibusdam
1715 3533 1854 3588 quo-

237 3624 346 3680 que
372 3623 474 3680 per
493 3606 850 3679 temporalem
867 3605 1276 3662 adversitatem.
1305 3607 1446 3662 Sunt
1465 3607 1653 3679 plures
1675 3616 1733 3664 et
1759 3609 1848 3664 alii

237 3699 390 3756 modi
421 3699 624 3756 divinae
650 3699 965 3767 locutionis,
993 3714 1134 3772 quos
1159 3714 1355 3755 omnes
1384 3715 1710 3756 enumerare
1741 3717 1852 3758 non

238 3795 322 3846 est
347 3788 596 3845 scientiae
625 3797 826 3845 nostra:
856 3787 1136 3844 debilitas.
1159 3787 1264 3843 Sed
1298 3788 1402 3844 hoc
1429 3787 1713 3844 sciendum
1745 3799 1848 3858 est,

239 3879 372 3952 quia
392 3884 524 3935 tunc
552 3877 819 3935 Dominus
844 3876 1088 3950 loquitur
1109 3876 1180 3932 ad
1211 3876 1478 3933 rationem
1510 3892 1633 3932 cum
1665 3877 1851 3950 aliquo

239 3972 666 4043 praedicatorum
693 3969 1006 4037 modorum,
1027 3969 1110 4025 vel
1145 3968 1394 4042 quolibet
1414 3968 1524 4026 alio
1549 3986 1670 4025 eam
1703 3987 1732 4025 a
1753 3987 1853 4027 suo

237 4067 421 4116 crratu
448 4058 858 4136 etnegligentia
887 4064 1109 4114 revocat
1135 4058 1202 4112 ad
1218 4058 1392 4130 ipsius
1411 4060 1852 4134 cognoscendam

237 4151 598 4206 voluntatem.
625 4147 896 4203 Fidelium
925 4153 1107 4203 autem
1131 4147 1852 4220 rationiconcupiscentiam

239 4238 422 4294 carnis
450 4245 657 4313 secutae
691 4235 924 4291 maxime
969 4235 1216 4308 loquitur
1253 4252 1353 4308 per
1380 4236 1636 4294 doctores
1678 4243 1732 4293 et
1770 4237 1856 4292 di-

1955 3156 2124 3210 nitam
2158 3155 2310 3225 juste
2339 3155 2644 3211 instituisse
2675 3173 2688 3210 :
2721 3156 2837 3211 scio
2869 3171 3094 3228 quoque
3132 3157 3280 3228 quod
3313 3159 3420 3214 cito
3448 3158 3571 3212 vitae

1953 3262 2041 3302 me
2054 3245 2358 3312 subtrahet,
2383 3253 2824 3318 potestatemque
2847 3261 3011 3318 quam
3038 3263 3188 3302 nunc
3211 3247 3392 3303 habeo
3421 3250 3568 3320 quod

1955 3335 2186 3391 voluero
2219 3333 2458 3389 faciendi
2489 3333 2544 3388 in
2601 3333 2935 3389 contrarium
2987 3343 3302 3401 convertet;
3359 3337 3455 3390 sed
3486 3336 3570 3390 ni-

1961 3423 2260 3479 hilominus
2314 3421 2469 3476 illum
2520 3420 2636 3476 scio
2676 3421 3112 3490 misericordem,
3164 3423 3332 3478 vitam
3381 3440 3571 3496 pecca-

1958 3518 2092 3574 toris
2130 3517 2308 3593 magis
2335 3531 2499 3588 quam
2530 3523 2765 3571 mortem
2800 3516 3232 3582 desiderantem,
3262 3527 3316 3574 et
3345 3519 3470 3574 ideo
3502 3519 3569 3574 ad

1956 3609 2299 3683 poenitentiae
2339 3609 2739 3664 correctionem
2780 3616 3194 3680 provocantem.
3230 3611 3336 3666 Hac
3367 3610 3568 3668 ﬁducia

1953 3701 2190 3757 sollicita
2221 3699 2482 3772 perquiro
2513 3697 2648 3771 quid
2692 3699 2874 3756 facere
2905 3699 3136 3756 debeam
3166 3700 3415 3772 quandiu
3446 3717 3567 3756 sum

1953 3795 2009 3850 in
2049 3807 2173 3846 mea
2203 3799 2495 3863 potestate,
2528 3805 2596 3846 ne
2626 3807 2748 3848 cum
2783 3791 3102 3864 perdidero,
3137 3791 3302 3847 nimis
3339 3793 3485 3864 turpi
3515 3801 3570 3848 ct

1952 3881 2290 3938 intolerabili
2321 3881 2656 3952 comprimar
2685 3890 2951 3956 egestate.
2997 3883 3115 3938 Non
3155 3889 3336 3938 autem
3371 3883 3566 3958 ignoro

1952 3971 2127 4027 cuivis
2164 3987 2289 4026 esse
2329 3977 2641 4042 promptum
2700 3971 2928 4045 aliquod
2987 3971 3170 4047 gravis
3220 3971 3563 4042 pmnitentize

1954 4075 2133 4134 genus
2153 4058 2430 4131 incipere;
2464 4058 2593 4114 licet
2608 4060 2756 4115 enim
2775 4059 3011 4116 cuilibet
3030 4061 3112 4116 vel
3140 4061 3338 4137 ignavo
3359 4061 3566 4116 bellum

1957 4152 2232 4208 indicare:
2265 4151 2362 4207 sed
2393 4150 2586 4218 didici,
2639 4153 2878 4208 docente
2921 4153 3174 4218 Domino,
3210 4153 3567 4209 salvationem

1957 4245 2156 4300 mereri
2199 4259 2310 4300 non
2344 4243 2610 4314 incipere,
2650 4244 2749 4298 sed
2790 4259 3168 4314 perseverare.
3234 4245 3390 4299 Unde
3433 4245 3565 4299 mihi

237 4330 486 4386 vinarum
517 4329 922 4401 Scripturarum
972 4327 1262 4392 lectiones,
1315 4335 1371 4384 et
1408 4344 1699 4402 corporum
1738 4345 1856 4385 mo-
1875 4345 1932 4414 D
1959 4333 2330 4390 necessarium
2362 4340 2494 4403 puto
2522 4330 2628 4386 tale
2669 4347 2849 4406 genus
2877 4332 3237 4388 correctionis
3265 4333 3392 4388 vitae
3430 4349 3568 4388 con-

237 4421 478 4486 lestiam,
532 4421 620 4478 vel
674 4419 888 4492 aliquas
935 4418 1322 4476 adversitates:
1377 4437 1501 4492 quae
1548 4422 1756 4480 locutio
1794 4422 1849 4478 in

236 4511 358 4584 ipsa
397 4510 606 4567 ratione
627 4507 688 4566 ﬁt
716 4525 840 4566 cum
861 4525 894 4564 a
921 4509 1156 4566 Domino
1181 4509 1431 4582 quolibet
1457 4512 1848 4582 praedictorum

238 4602 532 4660 modorum
573 4601 828 4670 excitata,
856 4617 990 4659 suos
1027 4609 1240 4658 erratus
1289 4602 1355 4657 ad
1401 4604 1723 4659 memoriam
1763 4620 1848 4660 re-

235 4709 460 4752 vocans.
518 4692 624 4749 sibi
683 4691 851 4748 dicit:
928 4692 1068 4758 Quid
1129 4693 1332 4750 misera
1392 4692 1620 4750 fecisti?
1685 4711 1848 4766 quam

235 4788 694 4848 inconvenienter
720 4795 774 4844 et
801 4787 1004 4860 injuste
1035 4788 1180 4845 bona
1231 4804 1355 4862 quae
1401 4789 1499 4845 tibi
1545 4791 1852 4847 contulerat

238 4885 507 4944 Dominus
529 4883 821 4942 tractasti?
849 4883 1287 4940 lmmensitatem
1316 4884 1493 4957 ipsius
1513 4895 1572 4942 et
1587 4885 1847 4942 immuta-

236 4979 404 5035 bilem
426 4976 695 5048 justitiam
729 4975 786 5031 in
817 4976 1085 5032 memoria
1116 4991 1229 5032 non
1258 4975 1542 5033 habuisti?
1571 4984 1625 5033 te
1671 4978 1846 5049 ipsam

237 5075 429 5126 contra
465 5066 585 5136 ejus
611 5064 870 5137 placitum
897 5071 953 5120 et
969 5064 1305 5135 jussionem,
1337 5081 1455 5121 rem
1502 5065 1846 5126 vilissimam.

236 5175 456 5216 carnem
497 5157 728 5224 scilicet,
758 5157 1048 5230 sequendo
1079 5155 1318 5213 foedasti.
1347 5157 1486 5224 Quid
1512 5157 1595 5212 sic
1623 5157 1766 5213 male
1799 5165 1851 5215 te

236 5247 493 5305 habendo
530 5245 908 5320 promeruisti,
939 5244 1178 5301 maxime
1204 5261 1329 5300 cum
1361 5245 1516 5301 illum
1541 5245 1662 5302 haec
1687 5245 1851 5320 igno-

237 5354 360 5395 rare
389 5353 498 5394 non
531 5336 776 5410 potuisse
807 5336 1156 5411 cognovisti?
1195 5334 1326 5392 Cum
1370 5335 1494 5390 haec
1529 5350 1718 5391 secum
1750 5352 1853 5408 per

235 5429 474 5501 aliquam
513 5426 951 5498 supradictarum
992 5441 1282 5482 causarum
1318 5425 1656 5483 commonita
1711 5426 1850 5483 ratio

236 5517 568 5574 meditatur:
602 5522 732 5571 tunc
769 5531 801 5570 a
822 5515 1054 5572 Domino
1077 5515 1227 5571 velut
1255 5514 1330 5583 ei,
1370 5516 1509 5586 quid
1541 5515 1651 5571 haec
1687 5516 1852 5572 audio

237 5611 411 5670 dcte?
437 5619 491 5669 et
509 5618 728 5680 caatera,
761 5609 1005 5681 dicente,
1036 5610 1370 5685 increpatur.

1951 4427 2216 4494 siderare,
2236 4425 2382 4498 quod
2413 4423 2625 4482 valeam
2653 4423 2774 4478 sine
2802 4422 3021 4479 defectu
3049 4424 3230 4496 quoad
3262 4425 3452 4481 vixero
3485 4434 3564 4482 to-

1951 4519 2145 4576 lerare.
2179 4519 2315 4572 Hinc
2345 4523 2427 4572 est
2463 4515 2611 4587 quod
2666 4515 2748 4570 sic
2791 4515 3012 4572 revolvo
3051 4515 3287 4588 qualiter
3325 4517 3574 4574 debeam

1951 4627 2074 4666 mea
2119 4609 2259 4665 mala
2308 4607 2528 4680 punire,
2577 4622 2688 4662 non
2719 4607 2931 4663 audens
2959 4623 3051 4664 me
3081 4607 3452 4677 committere,
3486 4609 3560 4666 ti-

1952 4721 2110 4760 mens
2162 4704 2374 4775 lapsum
2402 4701 2453 4757 ei
2487 4718 2666 4772 paenae
2695 4717 2860 4773 quam
2888 4717 2999 4758 non
3041 4718 3266 4774 possum
3294 4703 3560 4776 perferre.

1953 4796 2088 4851 Nolo
2113 4794 2259 4850 enim
2291 4793 2348 4848 in
2377 4793 2646 4848 incertum
2694 4808 2939 4857 currere,
2990 4807 3094 4848 nec
3124 4799 3183 4848 ut
3214 4810 3399 4850 aerem
3430 4809 3560 4849 ver-

1948 4887 2151 4942 berans
2178 4901 2453 4961 pugnare;
2486 4885 2583 4940 sed
2608 4885 2675 4940 ad
2708 4885 2957 4941 bravium
2993 4891 3048 4940 et
3074 4900 3334 4941 coronam
3363 4886 3409 4940 si
3440 4902 3566 4958 pro-

1951 4975 2179 5048 positori
2211 4974 2807 5047 placueritpervenire.
2844 4975 3076 5047 PrOptcr
3107 4975 3212 5032 hoc
3240 4975 3386 5030 vires
3413 4992 3564 5030 meas

1951 5083 2039 5122 me
2066 5067 2374 5138 ponderare
2401 5066 2658 5122 ostendo.
2692 5066 2832 5135 Quid
2867 5067 3072 5135 faciam
3127 5069 3262 5138 quia
3316 5068 3564 5123 dominus

1951 5171 2096 5213 meus
2112 5157 2297 5225 aufert
2325 5172 2360 5211 a
2381 5171 2460 5212 me
2479 5156 2864 5212 uillicationem
2893 5156 3161 5212 dicendo:
3192 5157 3379 5228 Neque
3408 5156 3555 5210 enim

1954 5262 2175 5318 possum
2201 5244 2343 5302 sicut
2370 5245 2538 5303 fortes
2563 5247 2764 5313 fodere,
2797 5261 2901 5300 nec
2928 5245 3053 5301 ideo
3087 5253 3268 5300 tamen
3294 5244 3418 5299 volo
3450 5245 3563 5299 sic-

1951 5342 2011 5391 ut
2039 5334 2190 5390 iners
2226 5335 2402 5390 otiosa
2433 5349 2722 5389 remanere
2745 5350 2760 5400 ;
2783 5332 2881 5388 sed
2923 5332 3072 5406 quod
3107 5338 3297 5404 potero
3349 5329 3566 5400 faciam,

1951 5427 2212 5500 quoniam
2228 5428 2471 5483 erubesco
2499 5427 2823 5484 mendicare.

2021 5517 2113 5571 17.
2154 5515 2292 5581 Quia
2321 5521 2466 5571 terra
2495 5533 2618 5572 cum
2650 5516 2856 5574 foditur
2903 5516 3039 5573 dura
3091 5515 3295 5590 ligonis
3328 5533 3562 5588 percus-

1952 5609 2110 5666 sione
2142 5615 2478 5682 penetratur,
2510 5610 2802 5680 scinditur,
2831 5619 2887 5666 et
2917 5619 2976 5669 ut
3001 5610 3264 5667 alimenta
3287 5607 3410 5668 vitae
3432 5627 3566 5684 pro-
