3932 6040
321 206 457 261 M39

1544 210 1598 263 S.
1644 208 1880 262 ODONlS
1921 207 2157 263 CAMER.
2203 205 2405 262 EPlSC.

3498 205 3646 259 H40

320 334 456 389 ferat
485 332 794 397 invertitur,
823 339 972 386 recte
1006 332 1095 386 illa
1122 349 1286 404 quam
1309 342 1528 390 exercet
1552 343 1746 391 acutus
1774 335 1933 392 dolor
1958 342 2003 407 Α
2035 335 2184 390 omni
2216 333 2545 404 intemperie
2572 333 2713 387 aeris
2746 338 3037 403 protegere
3068 331 3242 402 possit
3266 330 3564 396 habitatio;
3601 331 3663 385 in

319 425 667 491 peccatorum
697 425 752 473 et
791 418 1063 492 cupiditas
1089 420 1311 475 vivendi
1360 437 1483 476 cum
1524 423 1778 492 Domino,
1810 440 1927 479 car-

320 511 406 565 nis
455 509 663 564 attritio
708 511 1010 579 perfodere,
1055 511 1394 585 designatur.
1457 512 1593 577 Quia
1646 531 1775 570 vero
1835 516 1927 587 qui

318 602 599 657 mendicat
628 602 957 658 necessariis
984 603 1106 659 vita:
1137 620 1332 660 carens
1370 606 1551 661 aliena
1591 606 1737 663 bona
1781 609 1928 664 desi-

320 696 494 761 derat,
518 693 788 748 bonorum
812 710 1039 765 operum
1065 696 1268 768 quibus
1293 700 1465 753 sancti
1496 698 1783 755 abundant
1804 701 1929 756 ino-

323 785 467 857 piam
521 793 576 840 et
604 785 940 842 desiderium
997 789 1306 845 mendicare
1344 790 1617 866 designat.
1665 793 1752 848 Est
1797 809 1931 869 ergo

322 873 520 928 rationi
554 873 739 928 dicere
767 877 886 932 Non
912 877 1062 931 valeo
1091 878 1295 945 fodere,
1329 878 1661 936 infirmitatis
1690 898 1803 937 suae
1835 882 1934 938 de-

320 966 589 1021 bilitatem
634 966 701 1021 ad
745 967 926 1022 carnis
965 969 1301 1024 attritionem
1340 971 1681 1027 tolerandam
1714 974 1931 1044 ponde-

323 1075 462 1114 rare.
506 1059 844 1115 Erubescere
874 1077 1007 1117 vero
1035 1065 1338 1118 mendicare
1372 1071 1503 1121 tunc
1528 1082 1587 1121 se
1619 1066 1928 1138 profitetur,

322 1163 443 1202 cum
477 1164 600 1218 quae
632 1154 813 1219 potest
851 1164 1110 1206 exercere
1139 1151 1284 1207 bona
1306 1154 1555 1209 studiose
1592 1154 1817 1228 cogitat,
1860 1171 1930 1210 ne

322 1241 484 1312 inops
511 1247 566 1295 et
594 1257 764 1297 vacua
786 1241 948 1297 bonis
977 1244 1260 1313 operibus,
1293 1253 1346 1300 et
1371 1246 1552 1301 aliena
1583 1246 1927 1314 desiderans,

326 1332 379 1385 in
418 1330 529 1385 vita
558 1348 681 1403 qum
715 1333 965 1404 sequitur
1001 1343 1265 1404 appareat
1303 1343 1357 1391 et
1396 1337 1782 1393 confundatur.
1824 1339 1928 1396 Pro

325 1444 434 1498 qua
486 1434 594 1482 tam
642 1441 780 1497 pura
815 1426 901 1480 sui
938 1426 1284 1483 discussione
1332 1438 1386 1484 et
1437 1430 1630 1485 humili
1661 1431 1793 1503 quid
1824 1431 1930 1486 sibi

324 1516 454 1572 utile
484 1522 793 1570 mereretur
821 1530 1175 1589 cognoscere,
1219 1518 1404 1572 nullus
1458 1519 1605 1573 enim
1656 1521 1750 1592 qui
1798 1538 1933 1591 pure

2034 422 2253 479 inferno
2283 437 2413 477 vero
2434 421 2782 476 solummodo
2803 420 3058 491 sulphur,
3106 429 3161 475 et
3194 419 3358 494 ignis,
3399 427 3453 475 et
3493 420 3665 490 spiri—

2029 522 2116 569 tus
2148 513 2536 586 procellarum,
2578 518 2635 566 et
2678 509 2977 565 ineffabilis
3002 509 3307 565 tribulatio.
3341 509 3480 574 Quid
3513 525 3656 565 vero

2029 605 2103 659 sit
2132 604 2265 658 illud
2287 603 2433 675 quod
2452 601 2706 656 faciendo
2739 599 2957 655 villicus
2976 599 3032 653 in
3063 598 3656 667 domossuhjectorum

2031 695 2200 765 recipi
2238 694 2510 757 conlidat;
2566 691 2816 747 subdidit
2846 691 2994 746 idem
3026 690 3292 746 Dominus
3320 706 3442 746 cum
3483 690 3660 746 dixit:

2034 788 2347 841 Convocatis
2398 788 2585 855 itaque
2654 785 2884 852 singulis
2936 784 3263 838 debitoribus
3314 783 3450 848 suis,
3503 783 3663 836 dixit

2030 880 2250 946 primo:
2285 877 2558 943 Quantum
2603 875 2758 930 debes
2798 875 3016 929 domino
3044 888 3157 928 meo
3181 876 3209 927 ?
3236 873 3426 928 Atille
3461 872 3659 927 dixit:

2035 970 2255 1024 Centum
2283 969 2443 1023 cados
2482 968 2610 1032 olei;
2665 967 2918 1037 discitque
2960 967 3075 1021 illi:
3127 967 3328 1036 Accipe
3350 967 3661 1019 cautionem

2034 1062 2207 1125 tuam,
2254 1062 2303 1112 et
2339 1058 2461 1111 sede
2489 1060 2611 1121 cito,
2644 1060 2695 1110 et
2727 1057 2918 1118 scribe,
2973 1056 3395 1125 quinquaginta.
3450 1053 3660 1107 Deinde

2031 1153 2135 1206 alii
2156 1152 2336 1206 dixit:
2378 1151 2457 1206 Tu
2509 1166 2632 1205 vero
2684 1155 2948 1219 quantum
2974 1150 3175 1204 debes?
3219 1150 3319 1212 Qui
3348 1151 3456 1203 ait:
3514 1149 3659 1205 Cen-

2031 1250 2142 1300 tum
2182 1261 2332 1300 coros
2362 1247 2552 1301 tritici.
2586 1248 2657 1301 Et
2682 1248 2759 1300 ait
2786 1246 2909 1301 illi:
2944 1245 3143 1314 Accipe
3172 1245 3400 1310 litteras,
3438 1247 3485 1297 et
3518 1244 3663 1298 seri-

2030 1339 2088 1392 be
2117 1340 2385 1405 octoginta

2106 1435 2189 1489 19.
2218 1434 2503 1489 Debitores
2524 1432 2738 1488 Domini
2764 1426 2886 1488 esse
2912 1432 3055 1487 vires
3086 1432 3205 1486 illas
3239 1430 3411 1486 animi
3442 1432 3653 1502 quibus

2036 1536 2090 1583 et
2116 1545 2175 1583 se
2212 1535 2389 1584 movet
2428 1537 2481 1583 et
2510 1544 2731 1599 corpus,
2761 1529 3037 1583 neminem
3067 1526 3399 1583 conﬁdimus
3421 1543 3656 1601 negare.

325 1609 640 1664 considerat
670 1617 724 1664 et
762 1608 1045 1664 humiliter
1072 1612 1311 1681 qualiter
1344 1614 1573 1669 Domino
1605 1615 1824 1685 placere
1848 1633 1935 1671 va-
1964 1651 2007 1715 Β
2037 1620 2236 1675 Omnes
2281 1621 2426 1675 enim
2468 1635 2598 1675 suos
2639 1629 2794 1676 actus
2828 1621 3035 1691 absque
3079 1619 3516 1675 contradictione
3557 1619 3663 1673 de-

328 1702 453 1764 leat,
477 1700 820 1771 relinquetur
851 1701 907 1754 in
938 1701 1306 1758 dubitatione.
1343 1706 1494 1770 Quod
1516 1707 1677 1776 plane
1705 1709 1935 1778 promit-

327 1792 391 1848 tit
422 1792 685 1847 Dominus
708 1792 1110 1866 vestigantibus
1129 1796 1407 1866 quomodo
1418 1805 1679 1854 aeternam
1702 1802 1938 1856 evadant

330 1884 597 1955 inepiam,
638 1900 761 1939 cum
815 1885 1060 1941 ostendit
1112 1886 1357 1943 villicum
1412 1905 1524 1945 suae
1572 1891 1935 1949 sollicitudini

331 1978 674 2035 subdidisse:
708 1979 828 2035 Scio
866 1982 1002 2050 quid
1031 1983 1252 2049 faciam.
1290 1982 1418 2039 Cum
1457 1986 1606 2039 enim
1638 1986 1788 2057 prius
1811 2003 1938 2042 eum

331 2068 586 2125 ostendat
604 2067 831 2122 dubium
853 2074 907 2124 et
932 2069 1227 2125 sollicitum
1258 2072 1497 2130 dicendo
1520 2076 1664 2142 Quid
1682 2077 1892 2143 faciam
1915 2076 1944 2130 ?

333 2167 388 2212 et
425 2163 653 2229 caetera;
683 2157 817 2229 quid
855 2158 1141 2231 vultquod
1164 2176 1287 2215 eum
1323 2161 1472 2218 illico
1500 2170 1707 2219 certum
1744 2164 1940 2221 factum

333 2252 573 2307 ostendit
599 2251 914 2319 subdendo,
947 2254 1065 2309 Scio
1090 2255 1227 2324 quid
1251 2257 1477 2322 faciam,
1508 2262 1569 2312 ut
1589 2274 1707 2313 cum
1737 2265 1946 2316 amotus

331 2342 485 2407 fuero
514 2358 546 2394 (ι
576 2343 926 2408 villicatione,
956 2345 1223 2413 recipiant
1250 2360 1331 2399 me
1360 2347 1418 2400 in
1446 2347 1629 2403 domos
1658 2365 1806 2414 suas,
1841 2351 1946 2406 nisi

334 2435 465 2506 quia
483 2435 916 2490 misericorditer
956 2436 1119 2491 docet
1149 2438 1559 2508 quantumlibet
1584 2440 1785 2496 infirmi
1817 2460 1947 2513 pec-

335 2525 537 2581 catoris
558 2524 830 2580 rationem
861 2525 930 2580 de
957 2542 1069 2580 suae
1096 2526 1289 2582 salutis
1319 2528 1627 2602 ignorantia
1656 2547 1765 2587 non
1795 2531 1947 2587 difﬁ-

337 2615 467 2669 dere
486 2612 515 2666 ‘P
545 2613 675 2685 quia
699 2614 742 2667 si
768 2615 837 2669 de
856 2614 1146 2685 praeteritis
1176 2616 1316 2671 male
1350 2616 1701 2691 ingemuerit,
1734 2627 1786 2675 et
1812 2638 1947 2693 qua-

336 2706 464 2760 liter
499 2714 704 2761 aeterna
735 2704 960 2780 effugiat
988 2707 1223 2763 sollicite
1261 2708 1406 2764 vires
1445 2726 1574 2766 suas
1600 2711 1947 2770 discutiendo

336 2794 680 2869 exquisierit,
711 2806 859 2854 certa
892 2799 1175 2868 reddetur,
1211 2801 1451 2857 revelata
1487 2803 1593 2857 sibi
1641 2806 1944 2861 curatione.

338 2890 490 2955 Quod
532 2907 665 2964 ergo
715 2891 847 2945 dicit
876 2892 1119 2947 villicus:
1153 2894 1273 2949 Scio
1303 2896 1442 2964 quid
1476 2898 1701 2963 faciam.
1733 2910 1794 2952 ut
1830 2915 1949 2954 cum

2037 1716 2167 1769 bent
2197 1715 2323 1785 jure
2349 1715 2417 1769 ad
2443 1716 2615 1785 ipsius
2644 1716 2875 1786 gloriam
2905 1714 3129 1769 referre.
3167 1715 3270 1768 llas
3302 1714 3489 1784 itaque
3518 1730 3659 1769 con-

2037 1805 2367 1873 voratratio,
2391 1822 2514 1860 cum
2528 1822 2621 1860 eas
2643 1822 2743 1860 ase
2773 1805 3052 1859 desideria
3102 1804 3325 1874 propria
3354 1802 3656 1874 sequendo

2038 1903 2276 1950 remotas
2306 1904 2527 1951 revocat
2554 1896 2609 1949 in
2642 1895 2734 1963 jus
2772 1911 2953 1962 suum,
3001 1903 3056 1949 et
3094 1911 3122 1948 a
3152 1892 3650 1964 concupiscentiis,

2042 2002 2179 2058 quas
2208 1987 2608 2058 sequebantur,
2641 1987 2912 2058 reprimit.
2946 1985 3215 2050 Quantum
3255 2000 3386 2039 vero
3418 1984 3665 2039 debeant

2042 2075 2365 2147 interrogat,
2394 2091 2516 2129 cum
2550 2091 2644 2129 eas
2681 2090 2794 2129 suae
2842 2074 3275 2130 considerationi
3318 2088 3663 2144 proponens,

2046 2177 2105 2224 ut
2154 2169 2286 2240 quid
2345 2185 2375 2222 a
2432 2169 2663 2224 Domino
2704 2170 2857 2224 facta?
2898 2169 3029 2237 sint,
3087 2177 3141 2224 et
3181 2185 3345 2240 quam
3389 2169 3663 2235 studiose,

2049 2281 2326 2337 quamque
2347 2265 2586 2330 sincere,
2617 2274 2671 2320 et
2704 2266 2758 2319 in
2792 2281 2923 2337 quo.
2947 2275 3001 2320 et
3028 2281 3217 2336 quare,
3250 2270 3304 2320 et
3330 2272 3499 2336 quoto
3520 2271 3665 2318 tem-

2051 2370 2183 2425 pore
2205 2354 2448 2409 debeant
2470 2354 2741 2409 famulari.
2772 2354 3151 2409 ratiocinando
3184 2353 3476 2425 perquirit.
3506 2352 3663 2416 Quod

2052 2445 2262 2515 primus
2307 2444 2624 2514 respondet,
2661 2445 2885 2499 Centum
2914 2445 3075 2499 cados
3104 2446 3206 2499 olei
3228 2459 3286 2499 se
3317 2444 3543 2499 domino
3563 2442 3667 2497 de-

2050 2536 2203 2602 bere,
2238 2543 2507 2591 monstrat
2534 2535 2803 2591 rationem
2834 2535 2903 2590 de
2937 2536 2987 2589 vi
3016 2535 3217 2590 mentis
3247 2551 3353 2606 qua
3374 2550 3576 2605 corpus
3597 2534 3666 2588 ad

2049 2629 2391 2700 Operandum
2454 2637 2705 2683 movetur
2736 2643 3073 2702 cognoscere
3120 2627 3267 2700 quod
3324 2644 3355 2682 a
3410 2626 3665 2691 Domino,

2048 2719 2141 2792 qui
2186 2736 2284 2791 per
2322 2736 2382 2774 se
2413 2720 2663 2775 condidit
2688 2720 2967 2786 universa,
3022 2717 3160 2775 facta
3198 2719 3271 2773 sit
3300 2725 3359 2772 ut
3387 2733 3512 2771 eum
3573 2718 3672 2771 bo-

2050 2818 2272 2866 noraret
2321 2826 2537 2865 summo
2567 2810 2749 2865 studio
2771 2810 2825 2865 in
2859 2809 3123 2881 operibus
3162 2818 3388 2880 prapter
3422 2825 3546 2880 quae
3585 2806 3671 2862 fe-

2051 2901 2124 2954 cit
2155 2916 2282 2954 eam
2311 2899 2594 2955 charitatis
2630 2908 2685 2954 et
2735 2898 3155 2965 misericordiae,
3188 2897 3333 2952 sicut
3376 2896 3580 2951 fierent
3608 2897 3664 2951 in

336 2985 548 3035 amotus
592 2982 751 3046 fuero
780 2996 816 3033 a
865 2982 1217 3049 villicatione,
1248 2986 1515 3053 recipiant
1546 3002 1631 3040 me
1679 2988 1740 3041 in
1769 2989 1949 3044 domos
1976 2996 2023 3062 (;
2053 2992 2180 3046 fidei
2208 2991 2560 3047 confessione
2590 2990 2873 3046 Trinitatis
2905 3000 3147 3057 aeternae,
3174 2990 3534 3062 virginaliter,
3566 2990 3675 3044 hoc

336 3090 487 3141 suas,
525 3074 666 3129 hanc
706 3074 915 3129 indicat
942 3077 1380 3132 consolationem
1422 3080 1650 3135 rationis
1699 3083 1951 3138 animad-

339 3164 602 3219 vertentis
630 3181 743 3219 suae
762 3165 1082 3221 salvationis
1107 3166 1242 3222 vias.
1281 3167 1409 3232 Quze
1450 3170 1614 3241 paulo
1641 3178 1788 3238 ante,
1821 3189 1945 3245 per—

339 3258 527 3315 territa
566 3259 780 3315 Domini
816 3261 925 3316 mei
953 3261 1408 3328 comminatione,
1449 3264 1679 3320 tenebar
1707 3266 1875 3323 dubia
1896 3277 1951 3323 et

339 3347 590 3415 sollicita,
609 3363 707 3418 pro
729 3364 866 3403 meae
891 3348 1223 3405 infirmitatis
1237 3352 1706 3421 consideratione,
1736 3356 1807 3411 de
1837 3373 1952 3412 suae

340 3438 530 3511 gratia:
551 3438 993 3508 recuperatione,
1011 3438 1122 3508 jam
1162 3440 1298 3506 scio,
1333 3441 1387 3495 id
1414 3452 1497 3497 est
1534 3442 1787 3521 intelligo
1809 3446 1953 3503 sicut

343 3543 428 3581 res
453 3536 557 3594 est,
590 3527 721 3599 quid
741 3528 973 3583 debeam
1015 3528 1214 3590 facere.
1245 3548 1344 3602 per
1382 3535 1532 3604 quod
1565 3536 1822 3592 merebor
1847 3538 1951 3593 do-

342 3632 459 3671 mos
480 3634 615 3689 quas
640 3626 966 3674 construunt
1009 3621 1309 3690 corporalis
1363 3622 1504 3678 actio
1528 3623 1676 3692 justa
1706 3632 1760 3680 et
1807 3627 1952 3682 bona

340 3710 646 3776 meditatio,
688 3719 743 3765 et
774 3711 900 3767 ideo
947 3728 1058 3767 suae
1093 3713 1372 3780 dicuntur,
1408 3731 1530 3769 cum
1572 3716 1695 3771 vitae
1727 3733 1946 3773 cursum

338 3817 812 3870 consummavero,
844 3804 1107 3859 introire:
1144 3806 1201 3859 in
1237 3822 1375 3877 quas
1405 3807 1473 3861 ab
1505 3807 1614 3863 illis
1655 3825 1742 3864 me
1772 3811 1950 3866 susei-

340 3895 595 3965 piendam
628 3895 775 3962 dico,
834 3897 963 3967 quia
1018 3913 1183 3952 causa
1218 3904 1349 3953 sunt
1404 3915 1575 3969 quare
1609 3902 1951 3973 recipientur

337 3986 430 4057 qui
472 3986 810 4057 recipientur
847 3988 990 4043 sicut
1029 4005 1117 4043 me
1160 3990 1536 4060 recipiendam
1587 4008 1674 4047 me
1705 3994 1943 4052 conﬁdo.

337 4077 455 4132 Non
488 4077 657 4142 enim,
691 4084 752 4133 ut
793 4079 869 4133 ait
901 4080 1214 4150 Apostolus,
1256 4082 1404 4136 aliud
1437 4083 1771 4154 recipiemus
1819 4096 1948 4143 ante

337 4169 574 4226 tribunal
606 4170 822 4226 Domini
866 4173 1247 4238 metuendum,
1280 4174 1385 4229 nisi
1437 4177 1583 4248 quod
1611 4179 1948 4251 gesserimus

335 4265 390 4319 in
431 4279 594 4318 carne
615 4263 728 4318 sive
760 4263 966 4319 bonum
998 4264 1114 4319 sive
1147 4266 1373 4334 malum,
1403 4276 1457 4322 et
1482 4267 1776 4325 diversitas
1807 4271 1940 4326 mul-

2051 3088 2134 3157 est
2164 3082 2509 3151 incorrupte,
2539 3081 2595 3135 id
2627 3090 2715 3136 est
2750 3080 2963 3151 absque
3010 3079 3276 3135 malorum
3311 3094 3537 3149 operum
3569 3078 3675 3132 ad-

2051 3174 2331 3241 mistione,
2366 3172 2640 3228 stabiliter
2677 3179 2730 3228 et
2761 3189 2859 3243 per
2888 3179 3063 3228 totum
3087 3170 3323 3243 spatium
3352 3170 3675 3242 temporalis

2049 3263 2195 3329 vitae,
2229 3268 2283 3317 et
2310 3276 2407 3333 pro
2443 3261 2614 3317 solius
2659 3270 2879 3316 aeternae
2940 3260 3304 3316 beatitudinis
3335 3274 3668 3329 recompen-

2053 3355 2287 3410 satione.
2312 3353 2501 3409 Oleum
2526 3368 2764 3424 namque
2780 3353 2992 3408 caeteris
3023 3352 3379 3408 unctionibus
3402 3358 3671 3422 penetra-

2056 3444 2219 3497 bilius
2249 3450 2351 3504 est,
2377 3443 2518 3497 adeo
2549 3449 2607 3497 ut
2632 3443 2700 3497 de
2742 3442 2876 3514 ipsis
2905 3441 3165 3497 medullis
3193 3440 3378 3497 eliciat
3394 3441 3671 3501 dolorem.

2053 3549 2390 3605 omnemque
2430 3533 2518 3588 cui
2550 3533 2816 3588 sociatum
2861 3533 3023 3588 fuerit
3049 3532 3369 3588 naturaliter
3397 3548 3677 3602 superna-

2058 3632 2132 3677 tat
2159 3623 2461 3693 liquorem:
2496 3622 2548 3675 in
2579 3637 2687 3692 quo
2716 3637 2959 3697 congrue
3000 3620 3393 3676 misericordia:
3423 3626 3575 3675 tenet
3618 3632 3677 3674 et

2055 3713 2340 3768 charitatis
2368 3711 2813 3778 similitudinem,
2869 3711 3131 3783 quoniam
3190 3717 3245 3766 et
3296 3711 3412 3764 haec
3460 3710 3678 3780 peccati

2054 3808 2462 3880 quantumlibet
2504 3807 2686 3881 gravis
2714 3816 2938 3862 excusat
2966 3804 3401 3870 damnationem,
3428 3811 3484 3858 et
3521 3803 3679 3857 illam

2052 3902 2269 3957 caeteris
2321 3901 2554 3972 Spiritus
2615 3902 2792 3957 sancti
2844 3900 3269 3957 charismatibus
3336 3899 3671 3970 comprobat

2055 3996 2344 4066 Apostolus
2368 3996 2769 4052 sublimiorem.

2119 4083 2204 4140 20.
2263 4085 2472 4140 Gadum
2509 4093 2691 4141 autem
2751 4101 3064 4140 mensuram
3096 4086 3287 4141 dicunt
3336 4101 3462 4157 quae
3488 4085 3672 4140 tribus

2049 4177 2332 4247 amphoris
2362 4177 2657 4248 impletur:
2700 4184 2754 4231 et
2794 4177 2919 4232 ideo
2952 4175 3117 4231 ﬁdem
3151 4185 3354 4232 saneta:
3384 4177 3673 4232 Trinitatis

2049 4271 2174 4334 apte
2206 4265 2479 4336 designat,
2511 4281 2620 4336 qua
2651 4264 2911 4320 fidelibus
2942 4281 3107 4321 omne
3139 4265 3345 4321 bonum
3378 4265 3672 4335 spirituale

332 4357 502 4428 tiplex
531 4355 933 4412 habitationum
973 4373 1110 4429 quas
1138 4358 1403 4414 Dominus
1456 4360 1512 4415 in
1547 4360 1711 4417 domo
1770 4363 1939 4420 Patris

2049 4365 2412 4411 mensuratur.
2442 4356 2606 4412 Porro
2638 4364 2859 4412 centum
2886 4373 3150 4411 numerus
3181 4367 3267 4412 est
3293 4373 3459 4428 quem
3489 4358 3671 4412 dena-

332 4462 457 4502 esse
487 4447 640 4512 dicit,
675 4446 865 4519 utique
892 4445 1067 4518 ﬁtpro
1107 4447 1428 4504 diversitate
1456 4450 1781 4506 meritorum
1815 4453 1942 4524 qui-

332 4540 434 4593 bus
464 4539 701 4612 quisque
730 4555 852 4594 cum
876 4539 1051 4615 gratia
1071 4540 1299 4609 juvante
1329 4542 1559 4597 meritus
1587 4550 1671 4599 est
1690 4560 1785 4599 eas
1811 4544 1941 4600 dum

330 4630 483 4687 vixit.
526 4630 654 4695 Quae
700 4637 881 4687 autem
915 4640 1044 4687 sunt
1099 4633 1219 4688 alia:
1277 4634 1476 4690 domus
1515 4635 1643 4703 illze,
1698 4636 1753 4690 in
1800 4654 1940 4709 quas

330 4729 451 4790 post
478 4720 619 4776 hanc
633 4720 795 4775 vitam
827 4721 1078 4777 volumus
1103 4722 1499 4779 rationabiliter
1524 4723 1620 4795 (5),
1646 4725 1752 4781 nisi
1784 4728 1938 4799 quie-

330 4808 399 4864 tis
424 4808 835 4865 habitationes?
861 4811 921 4865 Et
952 4811 1084 4882 ipsae
1123 4812 1316 4884 utique
1356 4812 1557 4884 cuique
1582 4817 1938 4885 proveniunt,

328 4900 522 4971 quales
537 4916 650 4955 sua?
681 4909 961 4956 merentur
977 4902 1060 4956 vel
1079 4903 1326 4973 corporis
1352 4904 1436 4959 vel
1456 4905 1658 4960 mentis
1671 4907 1932 4963 actiones.

328 4992 462 5048 lnde
492 4999 640 5048 recte
670 4992 948 5048 actionum
991 5009 1113 5049 esse
1152 4994 1431 5062 dicuntur,
1470 5012 1593 5067 quae
1644 4999 1804 5055 aliter
1832 5001 1934 5055 nisi

328 5083 773 5159 promerentibus
799 5083 910 5139 illis
925 5101 1037 5141 non
1070 5086 1440 5157 possidentur.

396 5174 483 5229 18.
527 5173 603 5227 Ne
634 5180 813 5229 autem
848 5181 1101 5230 versutus
1132 5176 1265 5230 mihi
1303 5192 1578 5245 occurras,
1612 5178 1807 5235 dicens
1829 5181 1937 5236 hoc

326 5267 607 5323 intellectu
640 5282 806 5338 posse
836 5283 932 5337 per
962 5267 1158 5323 domos
1197 5269 1431 5343 intelligi
1465 5271 1628 5325 etiam
1662 5273 1932 5328 malorum

326 5374 536 5426 poenas,
560 5357 821 5428 quoniam
875 5357 1018 5412 sicut
1049 5358 1296 5414 actiones
1346 5358 1505 5415 home
1554 5361 1823 5432 quietem,
1853 5362 1935 5418 sic

324 5456 379 5500 et
419 5448 573 5502 mala:
604 5447 948 5503 constituunt
977 5456 1033 5501 et
1062 5456 1449 5518 promerentur
1487 5466 1609 5516 eas;
1641 5450 1784 5506 scias
1805 5451 1935 5523 quia

323 5532 518 5589 domus
549 5535 752 5590 dicitur
781 5537 1160 5592 tantummodo
1204 5553 1327 5609 qua?
1366 5536 1436 5593 ab
1478 5538 1746 5595 imbribus
1785 5547 1837 5595 et
1864 5541 1934 5595 ab

394 5657 466 5722 (5)
497 5658 658 5712 Deest
687 5660 907 5730 aliquod
942 5664 1167 5718 verbum
1192 5675 1321 5735 puta
1347 5669 1588 5721 introire.

2047 4443 2161 4497 rius
2185 4454 2413 4516 generat
2443 4462 2541 4516 per
2575 4444 2659 4499 sui
2695 4445 2870 4516 ipsius
2896 4445 3437 4515 multiplicationem,
3466 4462 3531 4499 ac
3566 4462 3668 4516 per

2046 4535 2148 4590 hoc
2200 4534 2407 4591 indicat
2454 4536 2818 4606 perfectionis
2864 4536 3106 4591 studium
3162 4544 3218 4591 et
3281 4535 3666 4591 stabilitatem.

2044 4623 2243 4679 Notum
2292 4632 2375 4679 est
2404 4626 2552 4679 enim
2578 4625 2726 4697 quod
2754 4626 3015 4680 denarius
3054 4624 3333 4696 perfectus
3360 4626 3430 4680 sit
3457 4642 3662 4681 nume-

2044 4729 2155 4779 rus,
2188 4728 2255 4768 eo
2285 4714 2435 4785 quod
2491 4721 2613 4785 post
2651 4730 2776 4769 eum
2811 4730 2921 4770 non
2968 4721 3051 4769 est
3092 4713 3201 4769 alia
3226 4715 3566 4785 supputatio,
3608 4723 3669 4770 et

2042 4806 2170 4862 ideo
2219 4806 2619 4860 convenienter
2671 4822 2772 4877 per
2809 4822 2936 4861 eum
2994 4806 3317 4880 intelligitur
3369 4805 3657 4876 perfectio.

2043 4899 2169 4955 Cum
2204 4908 2387 4955 autem
2430 4917 2527 4971 per
2556 4917 2615 4955 se
2648 4901 2828 4971 ipsum
2870 4900 3291 4971 multiplicetur,
3344 4911 3403 4955 ut
3428 4909 3655 4956 centum

2038 5003 2358 5068 generetur,
2390 5012 2554 5066 quam
2604 4995 2852 5066 perfecto
2896 4994 3080 5051 studio
3136 4995 3204 5049 ad
3258 4994 3655 5066 perfectionem

2037 5086 2318 5142 charitatis
2352 5092 2406 5140 et
2434 5086 2833 5141 misericordia:
2873 5087 3215 5141 tendendum
3239 5086 3329 5150 sit,
3373 5102 3653 5157 quamque

2038 5184 2183 5232 recte
2215 5186 2271 5231 et
2311 5176 2587 5232 stabiliter
2618 5178 2674 5232 in
2708 5193 2773 5233 eo
2805 5177 3272 5249 perseverandum
3306 5193 3403 5247 per
3431 5188 3652 5232 centum

2038 5267 2330 5324 indicatur.
2367 5268 2518 5333 Nam,
2552 5270 2682 5339 quia
2725 5269 2912 5323 decies
2951 5268 3172 5323 ducitur
3202 5268 3394 5323 decem
3425 5277 3483 5323 ut
3510 5285 3649 5324 cen-

2035 5367 2147 5415 tum
2180 5358 2294 5428 fiat,
2325 5376 2433 5415 non
2467 5360 2799 5416 estdubium
2819 5360 2955 5433 quin
2970 5361 3134 5432 plana
3162 5360 3487 5432 aequilatura
3508 5378 3646 5432 qua-

2036 5452 2255 5507 dratura
2311 5453 2525 5508 denarii
2574 5460 2797 5508 centum
2861 5453 3077 5519 existat,
3133 5452 3459 5524 aequilatura
3513 5469 3643 5509 vero

2037 5543 2373 5614 quadratura
2425 5544 2588 5614 plana
2628 5559 2796 5615 quam
2836 5544 3001 5599 habet
3029 5559 3188 5615 aequa
3228 5542 3403 5598 latura
3417 5542 3645 5611 iustitia:
