3932 6040
222 219 348 276 1141

1338 223 1556 278 HOMIL
1603 224 1686 288 DE
1728 225 1984 281 VlLLlCO
2025 228 2442 292 lNlQUlTATlS.

3410 234 3544 289 1142

219 363 439 437 signum
471 369 554 418 est
583 370 638 417 et
691 363 1067 429 rectitudinis;
1097 371 1153 418 et
1182 364 1313 435 quia
1350 365 1404 418 in
1462 365 1626 435 plano
1655 364 1829 421 firmi-
1856 369 2142 439 Aderare.
2177 370 2719 444 _Quinquagenarius
2761 371 2910 424 enim
2965 379 3240 432 nascetur,
3290 373 3336 426 si
3379 373 3541 444 quin-

215 464 299 512 ter
343 459 511 527 jacet,
553 460 772 531 signum
829 466 911 514 est
965 460 1128 515 etiam
1173 461 1512 516 stabilitatis.
1558 461 1829 518 Dividitur

213 559 396 606 autem
425 551 528 606 iste
560 567 824 606 numerus
864 551 917 605 in
944 551 1054 607 duo
1087 553 1581 626 quinquagenaria,
1611 555 1705 626 qui
1733 571 1830 610 nu-

214 658 398 697 merus
437 642 650 713 jubilaei
682 643 925 698 laetitiam
960 651 1342 714 repraesentat,
1390 645 1445 699 in
1488 662 1599 717 quo
1628 663 1827 702 secun-

213 737 340 792 dum
384 737 563 810 legem
603 745 658 794 et
694 754 886 794 servus
926 739 1234 794 libertatem
1276 743 1739 812 consequebatur,
1774 751 1829 799 et

210 825 532 880 haereditate
612 826 856 896 privatus
927 827 1302 882 haereditatem
1383 830 1660 900 prepriam
1742 848 1825 886 re-

209 917 536 988 cuperabat:
598 934 697 988 per
771 920 918 990 quod
981 927 1224 979 centum.
1311 921 1366 974 in
1448 938 1556 993 quo
1626 940 1826 978 nume-

208 1029 301 1066 rus
328 1014 430 1068 iste
470 1013 804 1084 duplicatur,
836 1023 1054 1071 aeterna:
1101 1016 1378 1071 felicitatis
1401 1019 1654 1089 exprimit
1687 1019 1824 1074 laeti-

207 1103 365 1169 tiam;
399 1103 455 1156 in
488 1119 595 1174 qua
617 1104 712 1174 qui
738 1105 1078 1174 recipientur
1102 1107 1348 1176 corporis
1375 1114 1429 1162 et
1459 1107 1659 1162 animze
1689 1123 1821 1163 con-

204 1202 508 1266 sequentur
544 1195 889 1262 libertatem;
949 1204 1004 1251 et
1043 1214 1205 1268 quam
1255 1199 1309 1252 in
1366 1200 1542 1268 primo
1593 1208 1820 1270 parente

206 1289 584 1358 perdiderant,
621 1305 731 1343 non
771 1291 1002 1345 ulterius
1055 1292 1308 1346 amissuri
1351 1294 1622 1362 recipient
1656 1295 1818 1349 here-

205 1376 458 1432 ditatem.
499 1377 753 1433 Continet
781 1379 942 1433 etiam
989 1380 1134 1434 idem
1176 1397 1458 1449 numerus,
1502 1382 1552 1436 id
1582 1391 1661 1436 est
1693 1399 1824 1438 cen-

206 1477 340 1533 tum,
371 1477 568 1540 quater
589 1487 719 1524 xxv:
750 1471 844 1541 qui
878 1488 1142 1527 numerus
1159 1473 1443 1528 circularis
1474 1476 1821 1545 appellatur;

203 1572 268 1611 ac
318 1574 416 1627 per
473 1559 579 1613 hoc
621 1559 874 1632 designat
922 1567 1143 1614 centum
1203 1563 1518 1616 universum
1582 1564 1819 1634 spatium

201 1649 523 1718 temporalis
580 1649 726 1711 vitae,
760 1649 907 1720 quod
948 1658 1184 1720 quatuor
1213 1651 1576 1706 varietatibus
1615 1653 1817 1707 distin-

201 1746 350 1794 ctum
377 1757 601 1812 semper
630 1742 685 1794 in
716 1757 777 1796 se
817 1741 961 1796 sicut
993 1743 1234 1797 circulus
1259 1743 1576 1814 replicatur.
1620 1746 1815 1800 Dicunt

198 1829 364 1883 etiam
391 1830 484 1900 qui
532 1839 778 1885 naturam
813 1840 1032 1885 centum
1064 1841 1369 1902 exponunt,
1413 1849 1536 1887 cum
1572 1841 1816 1904 potestas

197 1921 362 1989 hujus
391 1923 602 1977 numeri
628 1923 847 1997 signum
877 1923 932 1977 in
963 1924 1208 1978 dextram
1245 1941 1464 1979 manum
1496 1926 1810 1988 transferre,

195 2021 250 2065 et
281 2012 490 2066 eisdem
513 2013 703 2086 digitis
733 2013 937 2083 quibus
962 2013 1014 2068 in
1045 2013 1265 2068 sinistra
1299 2031 1401 2068 χχχ
1429 2015 1724 2089 designant
1764 2024 1818 2071 et

200 2117 287 2166 ιχ,
329 2099 667 2172 significare.
725 2099 854 2154 Cum
917 2109 1098 2156 autem
1165 2111 1220 2156 et
1272 2119 1373 2156 χχχ
1412 2105 1817 2174 conjugationis

197 2194 566 2257 sanctitatem,
600 2198 654 2246 et
692 2209 755 2246 ιχ
785 2192 1070 2247 viduitatis
1096 2193 1350 2248 ostendat
1375 2197 1703 2259 castitatem,
1728 2197 1816 2250 di-

194 2291 575 2338 cuntcentum
605 2284 733 2354 quia
779 2285 834 2337 in
867 2284 1112 2338 dextram
1164 2285 1462 2340 tranfertur
1520 2287 1814 2360 designare

198 2377 472 2433 felicitatis
504 2378 900 2444 aeternitatem;
925 2385 980 2432 et
1007 2379 1138 2450 quia
1171 2379 1367 2434 iisdem
1401 2379 1590 2454 digitis
1612 2382 1815 2452 quibus

199 2471 276 2524 illi
308 2471 418 2525 duo
453 2470 665 2526 numeri
704 2470 758 2525 in
789 2471 1013 2527 sinistra
1041 2473 1348 2545 signantur,
1391 2473 1688 2528 denotatur
1729 2491 1812 2529 re-

202 2563 524 2633 praesentari
548 2563 940 2634 virginitatem.

268 2658 357 2714 21.
385 2659 439 2712 Si
480 2674 611 2730 ergo
662 2671 811 2714 recte
864 2675 1168 2730 pensamus
1208 2669 1263 2715 et
1296 2661 1403 2716 olei
1461 2668 1709 2716 naturam
1764 2671 1816 2718 et

199 2767 362 2822 quam
395 2751 564 2805 cadus
595 2750 845 2806 continet
868 2752 1252 2822 quantitatem,
1273 2768 1375 2807 nec
1407 2769 1516 2808 non
1548 2764 1815 2809 centena-

199 2841 262 2896 rii
294 2859 458 2914 quam
500 2841 926 2897 monstravimus
965 2843 1074 2897 vim
1126 2849 1178 2897 et
1225 2843 1588 2913 multiplicem
1643 2845 1816 2916 signi-

199 2933 543 2990 ficationem:
598 2949 1022 3008 cognoscemus,
1075 2935 1216 2991 sicut
1261 2937 1517 3008 superius
1561 2938 1813 2992 ostendi-

199 3041 343 3084 mus,
371 3025 613 3095 qualiter
653 3024 886 3096 quisque
927 3025 1128 3080 debeat
1166 3026 1396 3082 Domino
1425 3026 1674 3081 famulari
1712 3043 1809 3095 per

1844 1699 1894 1767 B

1930 458 2087 528 quies
2119 458 2310 513 decem
2351 459 2433 513 vel
2483 459 2672 513 decies
2709 458 2955 530 quinque
2997 468 3364 529 computetur.
3399 458 3540 531 __Cum

1929 555 2108 604 autem
2143 565 2291 615 caro,
2321 566 2444 620 quae
2483 550 2728 621 quinque
2780 550 3039 604 sensibus
3089 559 3313 620 peccata
3352 551 3544 606 multi-

1932 641 2248 711 plicaverat,
2301 641 2370 696 ad
2423 641 2796 697 obedientiam
2831 643 3212 697 mandatorum
3263 643 3378 707 Dei,
3420 661 3540 715 quae

1929 730 2158 786 denario
2190 746 2418 786 numero
2458 731 2638 786 solent
2693 731 2947 803 intelligi,
2982 731 3143 798 redit,
3204 748 3326 786 cum
3362 733 3545 788 incre-

1931 831 2054 894 pata
2093 826 2289 896 quovis
2343 825 2508 880 modo
2561 834 2868 890 revocatur,
2930 833 3060 880 tunc
3113 825 3402 897 quinarius
3443 845 3540 898 per

1928 913 2218 967 denarium
2299 913 2660 983 spiritualiter
2756 913 3180 983 multiplicatur.
3265 915 3535 985 lmpossi‘

1926 1001 2037 1055 bile
2094 1009 2274 1056 autem
2331 1012 2414 1056 est
2482 1010 2540 1056 ut
2609 1019 2736 1056 caro
2791 1019 2914 1073 quae
2977 1019 3240 1057 sensuum
3300 1004 3540 1058 delecta-

1922 1095 2126 1150 tionem
2160 1105 2348 1151 secuta
2377 1095 2551 1150 fuerat
2605 1096 2807 1150 divinis
2860 1096 3132 1150 mandatis
3159 1096 3423 1151 sabdalur
3465 1101 3534 1152 ad

1921 1190 2323 1252 obediendum,
2385 1191 2488 1245 nisi
2546 1191 2697 1262 prius
2739 1191 3059 1261 paenitendo
3102 1191 3337 1245 doluerit
3387 1194 3536 1263 quod

1923 1287 2231 1356 susceperit
2290 1285 2588 1356 aliquando
2673 1285 3058 1340 delectationis
3115 1287 3534 1341 sordidandum.

1928 1377 2080 1431 Unde
2097 1377 2228 1431 satis
2254 1377 2651 1430 convenienter
2680 1385 2861 1447 potest
2884 1377 3119 1450 intelligi
3145 1394 3243 1448 per
3264 1379 3539 1450 quinqua-

1924 1467 2208 1539 genarium
2252 1482 2536 1520 numerum
2581 1467 2956 1536 pmnitentiam
2999 1466 3295 1540 designari.
3337 1469 3422 1522 Est
3459 1479 3538 1522 Ia-

1926 1575 2051 1613 men
2083 1558 2230 1613 aliud
2260 1559 2406 1630 quod
2438 1559 2493 1612 in
2525 1559 3000 1632 quinquagenario
3024 1559 3280 1614 volumus
3311 1561 3535 1628 intueri,

1922 1651 2130 1706 scilicet
2171 1652 2512 1720 corporalem
2547 1651 2708 1705 vitam
2763 1668 2792 1705 a
2849 1652 3105 1706 vitiorum
3157 1654 3412 1708 sordibus
3444 1673 3541 1724 per

1917 1745 2089 1798 sancti
2111 1743 2346 1814 Spiritus
2364 1744 2594 1814 gratiam
2616 1745 2980 1813 purgandam,
3013 1745 3084 1799 ob
3111 1761 3266 1815 spem
3301 1747 3534 1802 felicita-

1917 1833 1984 1886 tis
2023 1839 2242 1885 aeternze
2282 1847 2383 1886 nos
2413 1833 2467 1886 in
2497 1832 2616 1901 ipso
2647 1832 2872 1886 doceri:
2904 1833 3032 1888 hinc
3069 1835 3218 1887 enim
3261 1852 3527 1891 numerus

1919 1922 2062 1976 idem
2086 1922 2484 1994 quinquaginta
2509 1939 2538 1976 a
2562 1923 2878 1991 septenario
2913 1940 3005 1993 per
3033 1927 3405 1994 septenarium
3443 1945 3536 1982 su-

1920 2013 2209 2085 peraddita
2236 2014 2452 2068 unitate
2485 2019 2823 2083 procreatur.
2859 2015 3075 2085 Septies
3121 2017 3268 2070 enim
3330 2021 3538 2090 septies

1917 2123 2040 2160 xux
2074 2114 2223 2171 sunt,
2247 2107 2448 2177 quibus
2489 2106 2701 2161 unitate
2745 2107 3079 2177 superjecta,
3113 2109 3536 2185 quinquagena-

1918 2195 2032 2250 rius
2061 2201 2492 2251 consummatur.
2530 2196 2587 2249 In
2627 2195 2920 2266 Scripturis
2949 2213 3080 2252 vero
3110 2208 3299 2254 notum
3328 2209 3410 2256 est
3438 2221 3535 2273 per

1917 2285 2183 2340 unitatem
2213 2302 2334 2356 quae
2357 2285 2648 2339 divisionis
2670 2285 3097 2340 diminutionem
3131 2305 3238 2343 non
3263 2295 3528 2364 suscepit,

1917 2380 2178 2428 aeternam
2201 2373 2514 2428 felicitatem
2548 2374 2990 2448 designari,qute
3017 2377 3099 2431 sui
3137 2379 3526 2438 detrimentum

1915 2463 2139 2534 aliquod
2169 2463 2468 2534 aliquando
2528 2479 2636 2518 non
2669 2464 2857 2518 sentit.
2895 2464 3046 2527 Quod
3102 2467 3274 2538 ipsius
3314 2471 3528 2526 Domini

1919 2554 2101 2608 verbis
2133 2554 2187 2607 in
2239 2553 2534 2626 Evangelio
2565 2553 2623 2608 lit
2650 2555 3028 2620 manifestum,
3060 2558 3189 2612 dum
3232 2561 3364 2616 dielt
3391 2563 3532 2618 Mar-

1919 2646 2025 2698 tha:
2053 2645 2107 2698 in
2139 2645 2576 2700 administrando
2607 2647 2752 2701 circa
2792 2648 3028 2716 plurima
3060 2651 3336 2718 sollicitae,
3363 2654 3531 2710 beati-

1917 2739 2162 2794 tudinem
2211 2746 2472 2794 aeternam
2523 2729 2876 2814 significans:
2921 2748 3082 2796 Porro
3123 2761 3288 2800 unum
3325 2753 3403 2802 est
3433 2765 3528 2803 nc-

1918 2832 2232 2888 cessariu-m.
2291 2829 2456 2884 Porro
2506 2836 2702 2898 septem
2751 2831 2926 2886 sancti
2980 2832 3218 2902 Spiritus
3275 2835 3531 2908 designat

1917 2917 2315 2988 operationem,
2349 2925 2571 2988 propter
2589 2919 2835 2986 ejusdem
2861 2921 3090 2991 gratiam
3125 2922 3524 2992 septiformem.

1918 3007 2173 3080 Designat
2205 3007 2370 3061 etiam
2397 3008 2686 3062 humanam
2714 3009 2900 3075 vitam,
2934 3011 3196 3080 quoniam
3229 3018 3281 3066 et
3312 3030 3381 3066 vu
3415 3014 3530 3069 die-

201 3073 343 3084 ""'"
375 3073 602 3095 Ὶ’““”’“““”
655 3073 883 3096 ἰ’”’”“ι“““
930 3073 1127 3080 *⁷-⁷“”’
1166 3073 1394 3082 ”ν””“’“ν
1427 3073 1674 3081 ’“”““”“”“’”’
1712 3073 1796 3095 Ι’“”
2043 3073 2074 3080 ν
2889 3073 2894 3075 ’
2955 3073 2967 3080 ⁸

199 3117 344 3170 illam
365 3116 653 3171 monstrari
699 3116 1150 3185 responsionem;
1185 3119 1331 3188 quod
1365 3117 1496 3188 quia
1526 3119 1643 3172 sola
1668 3117 1806 3172 ratio
1835 3073 1884 3141 Ο
1908 3102 2008 3156 bus
2043 3103 2238 3176 agitur:
2274 3113 2324 3155 εί
2360 3103 2427 3156 ab
2462 3104 2577 3172 ipsa
2617 3105 2977 3176 generatione
3018 3121 3116 3174 Ι)οΓ
3147 3108 3523 3176 SCI’“marium

196 3221 256 3259 se
281 3205 538 3274 judicans
587 3210 641 3258 et
671 3204 976 3258 discutiens
1013 3205 1068 3258 in
1104 3221 1212 3276 quo
1243 3207 1570 3275 peccaverit,
1606 3206 1674 3260 de
1701 3205 1807 3258 sibi

195 3295 444 3365 subjecto
501 3300 654 3348 motu
700 3293 948 3362 corporis
1004 3294 1367 3366 recognoscit,
1427 3292 1646 3348 debitor
1714 3293 1806 3347 ille

198 3388 408 3460 primus
455 3386 639 3442 villico
695 3389 904 3440 centum
934 3386 1095 3439 cados
1133 3387 1235 3438 olei
1265 3401 1322 3438 se
1353 3384 1579 3440 domino
1609 3386 1812 3439 debere

193 3479 498 3551 respondit.
534 3478 676 3533 Nihil
720 3477 867 3531 enim
909 3477 1058 3531 aliud
1107 3476 1526 3549 intelligendum
1561 3478 1814 3531 videmus

197 3572 348 3646 quod
381 3571 603 3625 debitor
645 3570 948 3641 respondet
992 3585 1051 3622 se
1100 3577 1308 3623 tantum
1361 3576 1510 3624 motu
1565 3570 1814 3640 corporis

196 3665 427 3730 debere,
462 3664 566 3718 nisi
598 3664 867 3720 rationem
901 3662 1216 3718 facultatem
1249 3663 1555 3734 corporalis
1584 3663 1816 3718 actionis

193 3758 603 3822 discutientem,
667 3757 814 3828 quod
878 3755 1238 3828 exposuimus
1296 3757 1364 3811 de
1407 3757 1518 3817 illa,
1574 3756 1804 3813 sentire.

194 3848 324 3913 Quis
371 3847 519 3902 enim
562 3847 728 3902 audet
766 3863 968 3920 negare
1020 3846 1151 3918 quin
1203 3863 1302 3917 per
1351 3853 1523 3901 totum
1571 3847 1807 3916 spatium

199 3939 311 3994 vita
340 3948 529 3996 nostra
558 3955 773 3996 summo
830 3939 1012 3994 studio
1062 3939 1272 4011 absque
1326 3938 1454 3992 mali
1486 3938 1809 4009 cujusquam

198 4031 533 4087 admistione
558 4037 610 4086 et
634 4046 732 4100 pro
755 4029 930 4084 solius
960 4037 1182 4084 aeternae
1205 4030 1331 4085 vitae
1364 4029 1588 4099 praemio
1613 4045 1812 4098 corpus

199 4121 265 4174 ad
310 4121 414 4176 hoc
443 4135 700 4175 exercere
732 4117 1055 4185 debeamus,
1088 4125 1147 4173 ut
1174 4118 1338 4172 fidem
1371 4133 1553 4172 veram
1597 4117 1811 4170 miseri-

199 4209 402 4264 cordia)
434 4218 489 4263 et
525 4208 806 4264 charitatis
851 4207 1116 4278 operibus
1171 4206 1538 4278 impleamus?
1576 4207 1629 4260 Si
1663 4205 1808 4259 enim

200 4314 318 4351 eam
363 4297 624 4368 operibus
677 4313 904 4352 vacuam
966 4297 1349 4367 relinquimus,
1390 4296 1626 4350 cadaver
1682 4294 1806 4348 lidei

203 4403 313 4442 non
344 4387 508 4442 fidem
541 4388 718 4442 vivam
757 4388 842 4442 vel
881 4386 1245 4442 vivificantem
1303 4403 1402 4442 nos
1449 4386 1655 4440 habere
1689 4402 1808 4456 pro-

1909 3195 2346 3265 proceditusque
2370 3195 2436 3248 ad
2471 3195 2888 3265 perfectionem,
2914 3206 3086 3267 etper
3107 3199 3361 3253 eumdem
3399 3218 3516 3254 rur-

1907 3303 2000 3342 sus
2028 3288 2268 3342 declinat
2299 3289 2352 3341 in
2383 3289 2654 3343 defectum
2679 3297 2732 3342 et
2762 3291 3222 3344 debilitationem.
3256 3293 3384 3346 Cum
3410 3293 3515 3366 igi-

1912 3385 2002 3430 tur
2029 3377 2264 3431 carnalis
2289 3377 2415 3436 vita,
2443 3393 2564 3446 quae
2591 3377 2776 3430 multis
2806 3378 2950 3431 vitiis
2985 3396 3080 3447 per
3109 3396 3168 3433 se
3191 3383 3524 3446 succumbit,

1916 3484 2013 3536 per
2041 3469 2267 3538 gratiam
2301 3467 2473 3520 sancti
2504 3465 2759 3535 Spiritus,
2784 3467 2903 3520 sine
2926 3469 3080 3534 cujus
3104 3485 3208 3537 0pc
3242 3486 3349 3524 non
3381 3472 3524 3539 abji-

1917 3555 2059 3610 citur
2086 3556 2368 3626 iniquitas,
2401 3554 2470 3608 ab
2505 3553 2640 3624 ipsis
2670 3555 3032 3620 emundatur;
3067 3555 3196 3627 quid
3229 3558 3376 3612 aliud
3401 3568 3529 3615 tunc

1917 3647 1999 3712 fit,
2036 3647 2142 3701 nisi
2175 3647 2323 3718 quod
2363 3645 2713 3716 septenarius
2750 3647 3104 3701 humanitatis
3136 3666 3234 3718 per
3271 3651 3528 3719 spiritua-

1916 3738 2020 3791 lem
2045 3737 2416 3807 septenarium
2450 3735 2881 3806 multiplicatur?
2903 3736 3049 3807 quod
3077 3738 3121 3790 si
3142 3737 3193 3790 in
3218 3755 3318 3808 spe
3343 3739 3517 3795 beati-

1917 3829 2041 3882 tatis
2063 3837 2285 3884 interna).
2317 3827 2430 3892 liat,
2454 3828 2635 3882 unitas
2651 3827 3126 3897 estsuperaddita,
3158 3838 3213 3884 et
3249 3831 3522 3902 quinqua-

1915 3922 2064 3993 ginta
2098 3921 2476 3992 perficiuntur.

1987 4014 2071 4070 23.
2110 4015 2218 4070 Hoc
2248 4023 2334 4069 est
2364 4031 2495 4088 ergo
2522 4014 2670 4085 quod
2725 4020 2911 4068 monet
2950 4015 3165 4069 villicus
3213 4015 3524 4073 debitorem

1914 4105 2126 4158 Domini
2157 4104 2358 4170 facere,
2393 4106 2483 4175 qui
2510 4121 2568 4158 se
2601 4113 2819 4159 centum
2852 4105 3140 4160 confessus
3167 4117 3251 4160 est
3281 4123 3389 4161 non
3422 4109 3524 4163 ali-

1913 4197 2134 4267 quando
2163 4197 2493 4263 reddidisse,
2518 4197 2615 4251 sed
2639 4198 2870 4260 debere;
2895 4199 3108 4252 scilicet
3139 4201 3525 4254 utcautionem

1913 4308 2066 4346 suam
2090 4293 2345 4364 accipiat,
2379 4301 2432 4347 et
2458 4293 2567 4347 cito
2593 4293 2795 4346 sedens
2820 4310 2944 4347 cum
2973 4301 3192 4347 centum
3217 4310 3327 4349 non
3361 4296 3524 4349 sufﬁ-

1911 4382 2018 4435 ciat
2056 4382 2310 4449 reddere,
2369 4398 2428 4435 se
2467 4381 2867 4453 quinquaginta
2916 4383 3260 4436 redditurum
3301 4384 3521 4439 scribat.

201 4484 413 4538 bamus,
446 4484 550 4538 sed
591 4485 868 4554 quoniam
903 4484 987 4536 vix
1044 4483 1324 4536 ίηνρηίιυι-
1363 4481 1584 4536 debitor
1618 4482 1809 4548 hujus-
1834 4439 1886 4506 D
1911 4473 2154 4537 Villicus,
2186 4475 2328 4528 sicut
2351 4474 2462 4541 jam
2481 4473 2737 4537 diximus,
2771 4473 2907 4528 ratio
2939 4481 3039 4538 est,
3073 4473 3291 4529 debitor
3330 4486 3525 4545 poten-

201 4571 348 4626 modi
381 4571 474 4642 qui
515 4571 760 4626 debitum
804 4571 908 4625 hoc
945 4570 1086 4625 sicut
1125 4569 1333 4624 debere
1361 4570 1808 4634 monstravimus,

199 4668 254 4713 et
282 4676 469 4713 verum
498 4670 600 4724 est,
642 4659 815 4730 possit
855 4658 1192 4729 persolvere,
1225 4658 1599 4712 necessarium
1635 4667 1720 4711 est
1755 4665 1812 4710 ut

200 4747 417 4802 villicus
455 4755 615 4802 caute
660 4747 879 4802 studeat
918 4746 1261 4801 debitoribus
1312 4746 1559 4800 debitum
1600 4753 1812 4815 tempe-

203 4855 342 4894 rare.
388 4839 501 4893 Nisi
562 4839 707 4894 enim
757 4839 898 4894 sicut
943 4846 1161 4909 oportet
1210 4845 1573 4908 temperatum
1625 4837 1810 4902 fuerit,

201 4947 325 4986 cum
353 4932 466 5000 jam
501 4947 610 4986 non
643 4931 814 5001 possit
847 4931 1001 4985 reddi
1030 4930 1173 4985 sicut
1204 4929 1458 4993 debetur,
1496 4927 1626 4999 quia
1673 4929 1811 4982 male

201 5031 421 5077 cautum
468 5034 573 5089 est,
621 5033 850 5093 uterque
901 5022 1064 5077 simul
1121 5031 1175 5077 et
1229 5021 1446 5077 villicus
1498 5027 1552 5074 et
1598 5019 1816 5073 debitor

203 5115 587 5185 proculdubio
614 5115 835 5184 peribit.
873 5115 1080 5170 idcirco
1123 5115 1338 5169 villicus
1368 5114 1442 5168 ait
1475 5115 1583 5168 illi:
1618 5115 1816 5184 Accipe

201 5213 498 5264 cautionem
527 5215 699 5275 tuam,
731 5215 778 5263 et
808 5211 928 5264 sede
957 5213 1082 5275 cito,
1115 5216 1164 5264 et
1187 5211 1359 5264 scribe
1389 5213 1808 5279 quinquaginta.

268 5303 341 5356 22
408 5303 663 5357 Pluribus
703 5303 754 5356 in
798 5303 933 5357 locis
989 5311 1258 5357 testantur
1301 5302 1591 5370 Scriptura:
1645 5317 1814 5355 sacrae

203 5398 524 5446 tractatores
566 5391 1107 5463 quinquagenarium
1160 5406 1446 5444 numerum
1507 5389 1812 5442 secundum

201 5498 420 5536 carnem
471 5483 818 5552 peccantium
878 5483 1276 5536 correctionem
1337 5490 1391 5535 et
1433 5481 1812 5550 paenitentiam

204 5574 530 5646 designare:
591 5574 840 5645 quodex
923 5575 1164 5644 ipsarum
1245 5588 1424 5626 rerum
1478 5580 1671 5626 natura
1734 5571 1814 5625 fa-

204 5665 308 5720 cile
387 5676 713 5738 COgnoscet,
789 5666 880 5736 qui
939 5664 1193 5728 voluerit,
1252 5675 1305 5717 et
1355 5664 1593 5733 potuerit
1642 5664 1816 5718 consi-

1914 4563 1987 4616 tia
2011 4562 2312 4631 corporalis
2339 4561 2594 4629 actionis,
2624 4562 2784 4632 cujus
2810 4561 2990 4616 cautio
3013 4562 3136 4629 jure
3165 4563 3365 4618 dicitur
3389 4565 3522 4619 illud

1915 4655 2062 4725 quod
2095 4654 2144 4708 ei
2187 4654 2418 4707 maxime
2473 4653 2720 4708 debitum
2753 4655 2968 4709 Domini
3009 4667 3425 4722 commemorat,
3469 4657 3521 4710 id

1913 4751 1996 4795 est
2028 4741 2282 4795 instantis
2313 4741 2574 4815 cogitatio
2607 4743 2819 4807 mortis,
2849 4750 2904 4796 et
2935 4743 3098 4798 timor
3125 4745 3402 4799 cruciatus
3428 4745 3518 4798 in-

1914 4832 2158 4887 fernalis.
2201 4831 2318 4885 Non
2346 4831 2494 4885 enim
2527 4831 2736 4901 aliquid
2765 4833 2915 4885 aliud
2948 4849 3058 4903 quo
3098 4833 3166 4887 ad
3197 4835 3519 4889 solvendum

1913 4926 2144 4981 Domino
2173 4924 2418 4980 debitum
2451 4925 2703 4994 corporei
2734 4933 2918 4981 motus
2950 4927 3194 4996 potentia
3222 4936 3327 4980 tam
3366 4935 3524 4982 cauta

1917 5026 1972 5073 et
2004 5019 2231 5088 provida
2254 5018 2532 5084 reddatur,
2557 5033 2719 5088 quam
2735 5019 2779 5071 si
2815 5035 2963 5073 mors
2985 5035 3204 5089 semper
3231 5019 3526 5075 imminens

1915 5118 1970 5164 et
2011 5107 2342 5182 gehennalis
2380 5107 2660 5162 damnatio
2691 5124 2801 5176 pra:
2833 5108 3030 5162 mentis
3060 5108 3235 5162 oculis
3267 5110 3526 5165 continue

1919 5208 2186 5258 teneatur.
2212 5200 2362 5257 Tunc
2393 5201 2539 5256 enim
2583 5216 2687 5255 nec
2716 5200 2874 5255 facile
2906 5202 3186 5272 punienda
3226 5203 3442 5270 emittit,
3473 5211 3528 5259 et

1917 5312 2039 5368 qua:
2072 5295 2322 5349 emisisse
2352 5311 2409 5349 se
2443 5295 2654 5360 recolit,
2681 5295 2860 5349 modis
2881 5295 3084 5366 quibus
3115 5304 3293 5366 potest
3321 5297 3526 5352 debere

1917 5385 2205 5440 contendit
2272 5385 2576 5439 Notandum
2608 5391 2792 5438 autem
2833 5385 2962 5454 quia
2988 5386 3136 5455 quod
3163 5385 3420 5438 scribitur
3459 5401 3528 5440 ne

1918 5476 2198 5531 oblivione
2231 5476 2495 5544 depereat
2521 5474 2820 5545 aliquando
2861 5484 3204 5546 procuratur.
3241 5475 3368 5529 Cum
3396 5491 3529 5550 ergo

1921 5571 2059 5626 ratio
2089 5587 2212 5641 qua:
2241 5570 2419 5624 minas
2436 5569 2649 5623 Domini
2683 5569 2958 5636 formidat,
2992 5586 3224 5640 quaeque
3253 5586 3528 5645 rec0gno-

1920 5663 2022 5718 scit
2051 5679 2109 5717 se
2132 5662 2209 5716 illi
2246 5679 2355 5716 non
2386 5662 2622 5716 servisse
2652 5661 2934 5732 corporeis
2964 5662 3224 5724 motibus,
3260 5663 3406 5718 sicut
3441 5665 3531 5731 jus
