3892 6048
350 189 490 246 1143

1574 187 1630 238 S.
1673 184 1910 240 ODONIS
1951 183 2197 239 CAMER.
2244 180 2445 238 EPISC.

3551 185 3711 239 il“

352 319 643 375 creationis
666 317 934 391 exigebat,
962 316 1134 372 menti
1160 316 1306 389 quod
1339 330 1449 372 non
1472 325 1685 389 Oportet
1706 334 1807 387 per
1836 332 1956 373 cor-
1983 317 2032 387 Α
2056 331 2213 371 cusse
2238 316 2305 369 ad
2345 314 2648 373 custodiam
2690 313 2999 370 divinarum
3032 314 3409 371 doctrinarum
3452 329 3704 370 memo-

352 404 456 478 pus
472 422 731 461 exercere
760 404 989 472 volenti,
1023 412 1254 461 mortem
1303 420 1525 478 semper
1563 408 1859 461 instantem
1901 412 1955 460 et

349 497 701 553 infernalium
744 498 1028 553 horrorem
1080 515 1367 569 pinnarum
1423 499 1709 571 proponit;
1770 514 1955 554 nonne

351 596 613 644 tunceam
633 588 790 661 quasi
820 589 1135 643 cautionem
1164 606 1315 643 suam
1348 591 1600 660 accipere
1630 588 1957 660 compellit?

352 677 608 733 Eamdem
640 693 860 749 quoque
900 677 1056 748 quasi
1089 678 1197 733 cito
1229 679 1424 734 sedere
1456 678 1637 747 jubet,
1682 693 1805 734 cum
1839 685 1896 733 ut
1926 694 1957 732 a

350 766 511 822 malis
533 765 588 820 in
616 765 819 837 quibus
848 773 972 820 ante
995 773 1218 822 steterat
1242 767 1363 823 sine
1395 768 1660 824 dilatione
1691 768 1961 840 quiescat,

352 855 705 927 reprimendo
735 856 958 910 suadet:
1000 856 1095 910 sed
1128 860 1535 927 quinquaginta
1562 858 1802 912 scribere
1834 866 1964 912 tunc.

354 949 623 1013 hortatur,
655 964 778 1002 cum
802 947 976 1001 sancti
1004 948 1240 1018 Spiritus
1269 950 1598 1017 adjutorium
1629 949 1835 1004 debere
1864 966 1965 1019 po-

352 1039 566 1107 stulari,
597 1046 649 1093 et
694 1039 814 1107 ejus
854 1038 1055 1094 auxilio
1095 1040 1163 1094 ab
1201 1041 1462 1097 omnibus
1501 1058 1626 1113 quae
1665 1041 1958 1096 Dominum

354 1129 570 1185 fuerant
600 1127 877 1184 offensura
910 1136 1093 1185 motus
1143 1144 1440 1200 corporeos
1482 1130 1786 1193 emendari,
1831 1130 1963 1185 hoc-

355 1237 464 1293 quc
495 1236 603 1275 non
636 1219 876 1288 horarie,
906 1220 1005 1274 sed
1039 1236 1135 1290 per
1165 1220 1403 1291 spatium
1438 1220 1562 1276 vitae
1592 1222 1738 1293 quod
1768 1237 1960 1292 super-

355 1320 438 1368 est
464 1312 883 1367 immutabiliter
913 1310 1030 1367 ﬁeri
1072 1312 1127 1366 in
1159 1328 1257 1384 Spe
1288 1315 1695 1386 consequentiae
1717 1314 1956 1370 felicita-

357 1404 652 1460 tiszeternae
666 1404 789 1459 sine
807 1404 1136 1469 cessatione,
1160 1405 1479 1473 meditatur,
1504 1413 1562 1461 ut
1586 1406 1667 1461 sic
1685 1406 1823 1462 ﬁdes
1839 1407 1960 1462 Tri-

356 1493 542 1547 nitatis
572 1493 911 1548 intemeratae
941 1499 1265 1548 conservata
1295 1495 1579 1550 cliaritatis
1605 1496 1872 1567 operibus
1914 1503 1968 1551 et

358 1589 751 1645 misericordia:
780 1587 1316 1659 utiliterimpleatur.
1346 1590 1533 1662 Neque
1561 1590 1709 1645 enim
1743 1592 1967 1664 prodest

359 1679 524 1735 ﬁdem
566 1679 843 1735 Trinitatis
886 1679 1093 1735 habere
1144 1681 1230 1735 vel
1262 1696 1431 1752 Opera
1479 1682 1876 1739 misericordiae
1913 1690 1968 1738 et

359 1771 640 1828 charitatis
685 1787 943 1826 exercere
972 1772 1023 1826 ei
1060 1772 1149 1843 qui
1179 1772 1422 1829 noluerit
1474 1774 1755 1830 immunda
1787 1776 1971 1830 carnis

357 1876 527 1931 opera
547 1877 578 1916 a
605 1877 666 1915 se
705 1860 1036 1916 dimittendo
1065 1876 1378 1927 removere;
1407 1872 1462 1917 et
1497 1872 1553 1918 ut
1572 1865 1968 1936 compendiose

360 1952 507 2024 quod
540 1951 920 2007 ratiocinando
950 1950 1146 2008 diffuse
1177 1952 1381 2008 dictum
1415 1960 1498 2009 est
1528 1956 1971 2027 comprehenda-

362 2061 502 2112 rrus,
543 2061 666 2100 cum
709 2044 869 2112 ratio,
900 2060 1022 2116 quae
1052 2060 1112 2101 se
1153 2046 1296 2101 bene
1326 2062 1437 2102 non
1466 2048 1667 2104 vixisse
1701 2066 1972 2124 recogno-

359 2140 482 2204 scit,
515 2138 867 2194 acerbitatem
911 2139 1251 2210 paenitentiae
1289 2141 1375 2195 vel
1427 2157 1537 2196 non
1576 2142 1765 2198 valens
1806 2142 1970 2209 ferre,

360 2231 444 2286 vel
476 2230 926 2302 perhorrescens,
966 2231 1206 2303 qualiter
1237 2232 1526 2289 Dominum
1552 2233 1768 2304 placare
1798 2235 1975 2291 valeat

362 2320 610 2393 inquirit,
652 2320 797 2391 apud
828 2335 887 2375 se
918 2317 1149 2375 ﬁrmiter
1172 2322 1364 2376 statuit
1395 2330 1623 2381 mortem
1672 2323 1974 2380 imminen-

362 2429 493 2486 tem,
516 2426 570 2475 et
590 2426 986 2476 tormentorum
1018 2435 1142 2492 qua'
1163 2428 1388 2476 manent
1418 2420 1619 2493 impios
1639 2422 1972 2478 ineﬂ'abilem

365 2515 646 2569 horrorem
694 2519 884 2568 contra
921 2512 1257 2569 voluntatem
1313 2514 1614 2570 carnalium
1659 2516 1977 2573 delectatio-

363 2621 515 2670 num,
543 2620 665 2677 qute
693 2603 912 2661 assidue
945 2612 1256 2672 recurrunt,
1288 2606 1549 2662 continue
1590 2609 1899 2679 respicere;
1923 2617 1977 2666 et

363 2698 491 2755 ideo
528 2698 746 2754 amalis
800 2696 1003 2770 quibus
1056 2698 1346 2754 Dominum
1402 2698 1705 2757 offenderat
1749 2702 1976 2759 indilate

364 2787 670 2860 quiescere,
701 2793 756 2843 et
784 2794 845 2842 ut
874 2788 1037 2843 vitam
1067 2804 1190 2860 qme
1218 2796 1385 2845 restat
1415 2789 1820 2847 immaculatum
1877 2794 1977 2847 du-

364 2894 493 2934 cere
512 2879 710 2946 valeat,
740 2887 990 2934 sanctum
1020 2879 1284 2951 Spiritum
1312 2881 1621 2949 adjutorem
1656 2883 1863 2955 absque
1892 2885 1976 2938 in-

364 2966 714 3023 termissione
748 2967 1026 3033 invocare,
1058 2967 1300 3041 ﬁdeique
1352 2969 1633 3027 Trinitatis
1678 2972 1976 3029 individuze

2056 406 2190 460 riam
2222 404 2481 459 excitare.
2504 404 2650 459 ldem
2684 405 2834 459 enim
2866 412 3129 476 operatur
3150 404 3423 460 memoria
3465 404 3540 459 ad
3573 420 3711 459 me-

2057 493 2343 549 ditationis
2358 490 2835 560 certiﬁcationem,
2856 493 3007 564 quod
3032 493 3227 549 litterae
3246 494 3315 548 ad
3338 493 3546 566 sopitae
3576 510 3714 549 me-

2058 581 2247 637 moriae
2278 579 2717 635 suscitationem.

2126 670 2218 726 25.
2247 671 2529 737 Octoginta
2557 685 2688 724 vero
2720 678 2849 724 tunc
2877 668 3035 740 quasi
3063 668 3222 738 jubet
3254 669 3515 736 inscribi,
3560 685 3711 724 cum

2063 764 2252 820 statuit
2289 764 2436 835 apud
2466 779 2527 819 se
2554 763 2811 818 mandata
2843 763 2938 818 Dei
2970 780 3093 836 qua:
3124 764 3357 820 denario
3380 764 3715 840 designan-

2066 860 2173 921 tur,
2197 861 2251 909 et
2280 853 2485 925 quibus
2514 853 2582 907 ad
2613 869 2802 908 corum
2835 852 3164 923 explendam
3188 853 3508 923 jussionem
3536 870 3717 909 mens

2066 945 2458 1007 succendatur,
2481 960 2545 1000 ea
2584 962 2707 1016 quae
2732 960 2830 1016 per
2868 961 2959 999 vnt
2988 944 3443 1001 demonstrantur
3466 945 3709 1018 absque

2062 1040 2342 1096 oblivione
2372 1040 2646 1096 meditari.
2674 1040 2778 1095 Per
2815 1040 3161 1095 octonarium
3201 1040 3350 1095 enim
3382 1040 3715 1115 designan-

2064 1141 2153 1188 tur
2197 1132 2523 1203 simplicitas
2565 1132 2765 1187 divinae
2804 1132 3149 1200 substantia},
3195 1149 3319 1205 quae
3374 1133 3551 1189 nullis
3589 1151 3705 1189 au-

2064 1223 2327 1297 gmentis,
2349 1223 2513 1278 nullis
2539 1222 3023 1289 diminutionibus,
3046 1222 3217 1278 nullis
3246 1238 3478 1293 prorsus
3502 1224 3714 1279 alteri-

2068 1313 2270 1367 tatibus
2299 1313 2641 1378 demutatur;
2692 1321 2746 1366 et
2775 1310 3154 1381 multiplicitas
3189 1311 3460 1367 bonitatis
3493 1312 3711 1384 ipsius,

2067 1416 2189 1474 quae
2220 1407 2297 1456 tot
2327 1407 2382 1455 et
2448 1407 2597 1455 tanta
2646 1400 2872 1466 creavit,
2924 1415 3049 1455 cum
3073 1400 3184 1454 illis
3209 1416 3320 1455 non
3369 1409 3559 1473 egeat,
3592 1418 3713 1473 qua

2067 1499 2124 1547 et
2170 1500 2355 1547 creata
2388 1491 2718 1557 subsistunt,
2761 1491 2959 1546 ordine
3013 1490 3256 1546 mirabili
3306 1495 3709 1558 continentur,

2068 1594 2123 1639 et
2148 1584 2442 1655 speciebus
2469 1583 2905 1640 multiformibus
2935 1584 3200 1656 omnique
3250 1600 3458 1659 genere
3494 1587 3710 1642 motio-

2071 1679 2156 1733 nis
2182 1679 2592 1750 distinguuntur
2613 1684 2668 1733 et
2686 1677 3007 1745 alterantur,
3037 1678 3308 1750 uobisque
3328 1678 3400 1733 ab
3426 1694 3500 1735 eo
3529 1688 3709 1750 prout

2069 1770 2270 1842 cuique
2298 1769 2449 1824 videt
2498 1768 2800 1824 convenire
2842 1768 3274 1825 misericorditer
3308 1770 3712 1827 conferuntur.

2074 1862 2398 1934 Designatur
2428 1860 2594 1917 etiam
2636 1861 2844 1916 eodem
2899 1861 3181 1917 octonario
3237 1862 3459 1936 gemina
3502 1863 3609 1919 Dei
3663 1875 3719 1919 et

2073 1954 2305 2024 proximi
2347 1952 2592 2010 dilectio.
2624 1968 2835 2025 sexque
2870 1953 3152 2021 virtutum,
3184 1952 3313 2009 fidei
3358 1955 3604 2022 scilicet,
3662 1963 3718 2011 et

2077 2049 2391 2120 pudicitiae,
2453 2048 2805 2114 humilitatis,
2849 2048 3191 2118 sobrietatis,
3264 2051 3714 2115 muniﬁcentiae,

2077 2136 2472 2193 misericordia!
2500 2144 2555 2191 ct
2583 2138 2895 2192 concordim
2920 2136 3208 2209 perfectio.
3241 2139 3531 2213 Signiﬁcat
3552 2142 3714 2195 nihi-

2079 2222 2320 2278 lominus
2341 2223 2485 2279 idem
2516 2241 2781 2281 numerus
2804 2224 2960 2291 fidei,
2987 2227 3130 2298 spei,
3163 2228 3446 2284 charitatis
3472 2244 3712 2300 posses-

2074 2313 2314 2383 sionem,
2349 2324 2402 2370 et
2434 2331 2597 2386 quam
2631 2315 2923 2371 conferunt
2965 2332 3091 2372 sese
3130 2317 3371 2373 ﬁdeliter
3402 2319 3712 2389 possideuo

2078 2413 2225 2468 tibus
2271 2414 2655 2469 aeternitatem.
2713 2414 2915 2470 Eodem
2956 2430 3180 2486 quoque
3218 2431 3453 2471 numero
3516 2424 3711 2487 potest

2080 2505 2312 2580 intelligi
2354 2506 2620 2577 fragilitas
2670 2507 3041 2578 corruptionis
3092 2522 3395 2579 corporeae,
3451 2526 3581 2580 quae
3645 2508 3708 2565 ﬁt

2078 2604 2314 2668 quatuor
2353 2598 2752 2654 elementorum
2812 2615 2843 2654 a
2896 2615 2958 2655 se
3014 2599 3248 2656 invicem
3303 2600 3708 2657 dissidentium

2075 2689 2449 2759 separatione,
2491 2698 2545 2745 et
2576 2691 2905 2762 praeparatio
2947 2692 3016 2746 ad
3069 2692 3547 2764 incorruptionem
3575 2710 3707 2750 cor-

2077 2780 2247 2850 poris,
2273 2796 2396 2852 quze
2423 2780 2487 2837 ﬁt
2513 2791 2753 2853 quatuor
2779 2782 3066 2844 virtutum.
3093 2784 3424 2856 prudentiae,
3451 2786 3712 2854 justitize,

2078 2875 2417 2931 fortitudinis
2445 2885 2500 2933 et
2534 2879 2916 2949 temperantiae
2951 2879 3358 2936 observatione.
3418 2880 3477 2934 In
3508 2880 3712 2936 eodem

2077 2962 2334 3018 similiter
2365 2971 2543 3035 potest
2593 2966 2855 3040 cognosci
2908 2976 3171 3039 quantum
3230 2968 3472 3024 charitas
3504 2968 3713 3025 debeat

365 3057 728 3127 congruentia
781 3072 949 3126 opera
995 3058 1386 3114 misericordiae
1419 3067 1474 3115 et
1513 3061 1791 3117 cbaritatis
1820 3078 1981 3118 exer—
2008 3033 2057 3101 Ο
2081 3074 2111 3112 a
2143 3073 2464 3129 possessoro
2495 3059 2752 3116 diﬁ‘undi.
2812 3063 3188 3137 Desiguantur
3216 3063 3383 3119 etiam
3425 3070 3555 3120 octo
3593 3072 3714 3119 sta-

365 3160 514 3201 cerc.
545 3144 698 3201 Tunc
726 3145 942 3202 villicus
965 3147 1125 3216 jubet
1172 3147 1479 3205 debitorem
1519 3150 1731 3206 domini
1765 3153 1980 3209 cautio-

366 3249 491 3289 nem
521 3249 674 3289 suam
705 3250 946 3302 sumere,
978 3235 1087 3292 cito
1116 3236 1314 3292 sedere
1360 3247 1415 3293 et
1442 3238 1687 3295 scribere
1731 3257 1790 3296 se
1822 3242 1980 3314 quin-

364 3321 629 3397 quaginta
659 3324 828 3379 cados
855 3324 961 3379 olei
990 3324 1221 3382 Domino
1246 3326 1454 3383 debere

431 3414 520 3469 2t.
552 3415 706 3482 Quod
735 3422 916 3471 autem
956 3416 1097 3472 alius
1126 3423 1335 3475 centum
1361 3436 1508 3477 coros
1542 3424 1717 3477 tritici
1746 3439 1979 3494 respon-

363 3510 456 3566 det
482 3527 543 3567 sc
573 3510 801 3577 debere,
822 3511 1098 3586 signiﬁcat
1126 3514 1397 3571 rationem
1421 3516 1489 3571 de
1516 3518 1760 3589 potentia
1800 3520 1975 3574 medi-

364 3601 514 3656 tandi
543 3600 750 3657 sentire
779 3603 927 3674 quod
960 3603 1111 3658 omni
1136 3611 1384 3677 tempore
1413 3613 1468 3661 et
1496 3607 1619 3662 sine
1646 3608 1979 3664 admislione

361 3690 659 3758 cuiuslibet
690 3691 994 3746 immundae
1021 3693 1105 3747 vel
1128 3693 1314 3765 aliquo
1347 3695 1511 3750 modo
1543 3696 1719 3751 noxiae
1745 3697 1982 3752 medita-

362 3780 546 3848 tionis,
580 3798 797 3838 summo
818 3782 1004 3839 studio
1035 3784 1403 3851 etstabititer,
1443 3802 1553 3841 non
1579 3786 1906 3844 alteruando
1926 3789 1978 3843 in

360 3884 459 3938 5pc
491 3869 851 3924 beatitudinis
871 3871 1588 3955 adipiscenrlm,secundum
1624 3875 1868 3949 regulam
1902 3876 1973 3931 ti-

360 3956 447 4011 dei
471 3957 754 4012 catholicae
785 3958 985 4013 debeat
1014 3960 1201 4015 divina
1234 3969 1513 4032 praecepta
1534 3963 1855 4020 meditando
1888 3983 1976 4020 re-

359 4044 673 4111 volverc,et
691 4045 964 4102 Creatoris
992 4047 1316 4103 immensam
1340 4050 1741 4124 benignitatem
1775 4063 1830 4109 et
1850 4072 1976 4129 gra-

356 4135 484 4191 tiam
515 4135 842 4193 admirando
880 4138 1256 4195 considerare.
1314 4141 1502 4214 Neque
1534 4144 1681 4199 enim
1715 4146 1861 4200 aliud
1889 4148 1977 4202 hic

356 4238 578 4284 centum
630 4228 944 4301 signiﬁcare
1000 4232 1280 4289 credimus
1331 4251 1494 4307 quam
1553 4236 1716 4307 primi
1768 4238 1977 4294 debito-

357 4320 431 4374 ris
460 4321 855 4393 responsione:
912 4323 1009 4379 sed
1041 4324 1279 4382 triticum
1308 4327 1457 4382 aliud
1499 4328 1781 4402 designat‘
1808 4348 1969 4403 quam

2082 3154 2170 3201 tus
2200 3148 2396 3203 eodem
2431 3165 2663 3206 numero
2690 3150 2897 3222 quibus
2946 3168 3095 3215 vera,
3131 3168 3253 3224 quae
3284 3168 3512 3224 quoquo
3540 3153 3714 3209 modo

2082 3239 2334 3310 capiatur
2360 3257 2467 3295 una
2499 3250 2806 3313 permanet,
2844 3244 3340 3314 comprehenditur
3380 3244 3711 3301 beatitudo:

2081 3345 2220 3401 quos
2250 3331 2516 3387 Dominus
2559 3332 2677 3404 ipse
2717 3332 2881 3405 plene
2936 3334 3099 3389 nobis
3150 3332 3357 3389 indicat
3413 3334 3469 3388 in
3530 3334 3713 3388 Evan-

2077 3420 2226 3493 gelio
2266 3419 2461 3476 beatos
2504 3438 2779 3494 pauperes
2826 3423 3047 3494 spiritu,
3094 3431 3149 3479 et
3202 3428 3402 3478 caetera
3445 3440 3576 3494 quae
3624 3440 3717 3479 se-

2078 3517 2324 3579 quuntur
2374 3510 2735 3567 insinuando.
2794 3511 2967 3567 Habet
3015 3512 3181 3567 etiam
3238 3512 3382 3566 idem
3437 3528 3715 3567 numerus

2083 3596 2546 3670 signiﬁcetionem
2589 3599 2890 3671 aequitatis,
2921 3607 2979 3655 et
3006 3617 3129 3673 quae
3173 3600 3323 3656 nulla
3351 3616 3417 3655 ex
3453 3609 3621 3672 parte
3650 3603 3719 3658 sit

2083 3688 2407 3743 vacillabilis
2430 3690 2776 3746 stabilitatis:
2817 3708 2940 3763 qum
2973 3692 3161 3748 omnia
3181 3708 3306 3749 cum
3337 3692 3393 3747 in
3421 3694 3719 3749 mandato-

2082 3797 2199 3835 rum
2224 3782 2317 3837 Dci
2338 3783 2698 3839 meditatione
2723 3784 3100 3851 revolvuntur,
3121 3784 3253 3857 quid
3281 3784 3432 3840 aliud
3456 3783 3521 3839 ﬁt
3543 3803 3712 3857 quam

2082 3869 2274 3925 decem
2325 3887 2422 3942 per
2464 3873 2830 3939 octonarium,
2884 3880 2943 3928 ut
3027 3874 3315 3950 octaginta
3380 3886 3712 3949 generetur,

2080 3963 2533 4034 multiplicantur.
2597 3967 2654 4020 ln
2714 3965 2799 4020 his
2851 3974 3038 4022 autem
3088 3966 3203 4023 fere
3252 3967 3435 4022 omnis
3500 3976 3713 4024 sanctae

2080 4055 2456 4110 meditationis
2485 4056 2717 4110 materia
2743 4056 3078 4112 continetur.

2145 4144 2235 4198 26.
2269 4144 2375 4199 Sed
2418 4143 2650 4200 forsitan
2683 4152 2891 4216 quaeret
2930 4145 3132 4218 aliquis
3160 4145 3361 4219 quibus
3394 4147 3518 4203 haec
3552 4148 3707 4203 simi-

2078 4233 2409 4289 litudinibus
2450 4234 2504 4289 in
2548 4235 2836 4291 octonario
2892 4235 3360 4292 demonstrentur.
3431 4235 3533 4291 Cui
3595 4240 3707 4308 pri-

2078 4340 2225 4378 mum
2260 4324 2632 4379 necessarium
2674 4333 2762 4381 est
2808 4331 2870 4380 ut
2907 4333 3226 4400 cognoscat,
3285 4325 3435 4397 quod
3491 4326 3707 4399 absque

353 4413 559 4481 oleum,
588 4413 685 4470 Dei
717 4425 991 4488 praecepta
1020 4418 1251 4481 scilicet,
1297 4426 1351 4475 et
1380 4400 1783 4491 gratiam'ejus
1823 4400 2045 4478 Chﬁ-D
2073 4416 2462 4486 praedictorum
2526 4417 2891 4473 meditatione
2930 4417 3096 4473 nullse
3145 4417 3255 4471 nisi
3295 4416 3531 4473 forsitan
3571 4420 3708 4475 sim-

352 4511 517 4569 stum,
544 4521 655 4576 qua
693 4505 992 4576 pascimur,
1027 4507 1175 4579 quod
1207 4508 1387 4579 palam
1418 4516 1504 4564 est
1538 4509 1591 4563 in
1622 4509 1804 4565 multis
1835 4511 1970 4568 locis

352 4594 757 4666 Scripturarum
806 4596 1075 4654 invenire.
1139 4598 1308 4655 Corus
1363 4608 1546 4656 autem
1598 4618 1701 4656 xxx
1753 4603 1971 4659 modios

351 4685 648 4742 continens
678 4703 937 4744 mensura
988 4691 1342 4761 perhibetur;
1389 4699 1444 4747 et
1495 4710 1619 4749 cum
1662 4711 1768 4749 xxx
1813 4701 1895 4750 ter
1935 4713 1967 4750 x

350 4775 650 4842 contineat,
676 4783 822 4832 recte
850 4793 950 4849 per
975 4793 1166 4834 eorum
1185 4780 1465 4836 Trinitatis
1495 4782 1653 4850 ﬁdes,
1685 4784 1964 4840 sicuteam

348 4874 600 4923 astruuut
626 4867 827 4925 divinae
867 4871 1183 4943 Scriptura),
1238 4889 1362 4945 quae
1393 4875 1623 4933 denario
1672 4876 1966 4951 designan-

350 4969 456 5027 tur,
481 4959 764 5034 ﬁguratur.
778 4960 917 5026 Quia
944 4978 1076 5020 vero
1106 4971 1161 5020 et
1190 4965 1354 5034 hujus
1373 4966 1547 5022 debiti
1577 4968 1824 5024 redditor
1844 4986 1964 5028 raro

347 5060 530 5124 potest
557 5053 812 5122 inveniri,
841 5063 1054 5112 constat
1079 5056 1227 5112 enim
1256 5072 1451 5115 omnes
1481 5058 1596 5116 fere
1626 5068 1842 5117 mentes
1872 5063 1965 5119 ho-

347 5144 556 5201 minum
585 5146 795 5216 majore
819 5147 1086 5219 temporis
1103 5149 1285 5220 spatio
1302 5150 1637 5207 vanitatibus
1654 5152 1963 5211 innumeris

345 5238 633 5309 occupari;
666 5253 898 5296 necesse
921 5247 1006 5295 cst
1027 5241 1096 5295 ad
1120 5241 1351 5297 salutem
1374 5242 1543 5299 villici
1572 5252 1628 5299 et
1658 5245 1765 5301 hoc
1795 5246 1959 5302 debi-

346 5328 459 5378 tum
495 5333 819 5396 temperare.
860 5328 945 5384 Ait
966 5343 1099 5403 ergo
1128 5328 1240 5384 illi:
1270 5331 1459 5401 Accipe
1495 5332 1707 5387 litteras
1741 5338 1881 5397 tuas,
1910 5341 1960 5391 et

344 5415 514 5469 scribe
540 5420 835 5486 octoginta;
862 5420 1128 5491 quoniam
1168 5419 1368 5475 litteris
1405 5423 1727 5478 memoriam
1759 5432 1950 5481 custo-

2074 4505 2301 4575 plicium
2340 4513 2558 4561 mentes
2602 4506 2995 4576 justiﬁcentur.
3043 4505 3287 4571 Qualiter
3336 4507 3488 4561 enim
3520 4516 3708 4579 potest

2072 4611 2230 4650 mens
2258 4595 2521 4668 quaslibet
2546 4596 2778 4665 justitiee
2800 4596 3031 4652 formam
3056 4612 3299 4662 servare,
3332 4612 3458 4668 quae
3490 4598 3702 4656 divina

2071 4687 2394 4743 substantia:
2413 4689 2828 4761 simplicitatem
2851 4703 3016 4745 omne
3045 4688 3252 4745 bonum
3284 4687 3701 4758 perfectissime

2067 4778 2426 4846 continentis,
2468 4787 2523 4834 et
2577 4778 2730 4833 nullo
2786 4778 2951 4834 modo
2991 4777 3369 4845 demutabilis,
3431 4778 3523 4833 vel
3585 4796 3698 4837 non

2066 4874 2199 4941 vult,
2231 4874 2315 4929 vel
2350 4891 2459 4930 non
2502 4876 2648 4930 valet
2677 4875 2940 4947 cogitare,
2988 4880 3043 4929 et
3079 4889 3203 4946 quae
3256 4882 3363 4928 tam
3411 4874 3699 4931 multifor-

2067 4963 2174 5019 mia
2205 4980 2328 5036 quae
2384 4964 2535 5020 videt
2589 4972 2698 5020 tam
2740 4964 3065 5020 multimode
3103 4963 3302 5019 variari
3357 4963 3479 5019 sola
3530 4964 3697 5022 boni-

2065 5068 2177 5116 tate
2229 5060 2402 5131 ipsius
2432 5060 2526 5131 qui
2576 5060 2660 5115 his
2713 5076 2825 5116 non
2867 5060 3079 5136 indiget
3132 5074 3243 5115 non
3299 5059 3697 5119 animadvertit

2062 5153 2320 5219 existere,
2353 5152 2718 5224 ejusdemque
2742 5152 2997 5224 jussione
3032 5152 3091 5207 in
3121 5159 3230 5207 tam
3255 5152 3456 5207 multas
3485 5153 3694 5211 demu-

2063 5242 2301 5301 tatioucs
2345 5244 2604 5309 transire;
2662 5251 2716 5299 et
2769 5258 3117 5315 quaecunque
3168 5243 3317 5298 bona
3345 5242 3454 5298 sibi
3487 5245 3691 5302 adesse

2060 5339 2401 5411 cognoverit,
2434 5337 2551 5392 sive
2584 5337 2821 5391 carnalia
2849 5336 2968 5392 sive
3000 5335 3331 5407 spiritualia,
3364 5335 3437 5390 ab
3463 5352 3538 5392 eo
3569 5338 3689 5394 dari

2057 5444 2414 5502 cognoscere,
2462 5428 2544 5483 vel
2602 5444 2725 5500 quae
2771 5428 2894 5482 sine
2940 5427 3235 5483 collatione
3276 5443 3388 5482 non
3439 5430 3689 5501 exquirit

345 5503 450 5557 diri
481 5508 831 5565 manifestum
859 5519 964 5581 est,
1017 5513 1175 5584 quasi
1217 5513 1425 5569 litteras
1477 5531 1603 5570 suas
1646 5518 1949 5586 potentiam
2053 5516 2291 5588 qualiter
2335 5516 2657 5570 charitatcm
2700 5515 2871 5586 possit
2911 5522 2966 5570 et
3007 5515 3206 5570 debeat
3256 5515 3578 5586 possidere,
3627 5527 3681 5574 et

346 5589 648 5647 meditandi
668 5596 806 5654 ratio
828 5599 986 5667 jubet
1014 5600 1288 5672 accipere,
1322 5616 1447 5659 cum
1475 5602 1721 5675 disponit
1750 5605 1946 5662 incon-

2050 5621 2147 5661 sex
2177 5604 2403 5663 virtutes
2432 5621 2570 5677 quas
2608 5603 3152 5679 pmmonstravimus
3186 5619 3325 5678 .non
3354 5605 3551 5664 studet
3580 5608 3681 5664 ob-
