3892 6048
168 269 303 325 1145

1273 268 1493 326 ιιοιιιι.
1540 272 1621 326 DE
1664 271 1915 328 VlLLlCO
1958 273 2370 339 lNlQUlTATlS.

3348 266 3487 323 1146

162 388 359 455 tinere,
392 385 480 442 vel
526 402 681 459 spem
709 394 767 443 et
811 386 998 455 ﬁdem,
1031 395 1088 444 et
1127 386 1451 443 charitatem
1481 403 1632 443 nunc
1670 388 1772 443 ha-
1798 394 1853 462 Α
1876 390 2027 464 ginta
2048 390 2412 462 complentur.
2440 388 2571 452 Quae
2593 385 2779 442 omnia
2803 384 2849 441 si
2881 382 3163 440 memoriae
3186 397 3350 454 quam
3372 394 3485 437 non

162 480 395 548 bendas,
438 487 498 536 ut
547 480 622 536 ait
658 480 974 553 Apostolus,
1015 496 1374 557 cognoscere,
1404 487 1458 537 ct
1486 481 1771 538 aeternita-

162 580 271 627 tem
302 589 400 644 per
428 589 524 628 eas
548 588 607 627 se
629 572 894 645 consequi
927 588 1089 644 posse
1118 571 1423 641 conﬁdere,
1462 572 1547 627 vel
1572 588 1771 645 corpo-

165 663 240 717 ris
278 662 793 733 corruptibilitatem
826 672 1208 731 contemnere,
1239 671 1295 719 ot
1333 664 1402 718 ad
1434 663 1772 735 incorrupti-

164 753 433 810 bilitatcm
451 770 510 810 se
538 769 635 825 per
663 764 900 826 quatuor
928 754 1052 810 illas
1087 755 1515 827 praenominatas
1544 755 1777 811 virtutes

166 863 493 918 praeparare,
528 846 615 903 vel
651 852 918 920 quantum
946 847 1184 902 charitas
1214 848 1434 903 extendi
1472 855 1528 903 et
1558 846 1773 903 dilatari

163 936 364 994 debeat
393 939 726 1014 excogitare,
759 946 812 994 et
864 939 1265 994 beatitudinem
1298 956 1423 1012 quae
1452 955 1562 996 non
1603 938 1778 1011 possit

163 1028 436 1084 demutari
474 1028 794 1084 desiderare
832 1036 888 1083 et
926 1034 986 1083 ut
1029 1044 1150 1083 eam
1189 1030 1457 1102 consequi
1499 1036 1779 1085 mereatur

165 1120 298 1193 quid
326 1121 433 1175 sibi
459 1122 532 1177 sit
560 1122 834 1193 agendum
856 1120 1133 1193 aequitatis
1159 1121 1313 1176 lance
1339 1136 1597 1192 pensare,
1630 1128 1686 1178 et
1718 1121 1776 1176 in

165 1214 251 1269 bis
279 1213 538 1269 omnibus
565 1229 720 1269 suam
751 1214 1165 1270 meditationem
1196 1213 1463 1269 stabilire.

234 1303 325 1359 27.
368 1302 498 1359 Cum
551 1304 719 1379 igitur
748 1304 866 1360 haec
892 1305 961 1360 ad
999 1304 1266 1360 mentium
1321 1304 1773 1376 justiﬁcationem

165 1391 278 1448 sint
314 1392 644 1457 necessaria,
698 1399 847 1449 recte
886 1409 988 1465 per
1032 1393 1377 1450 octonarium
1427 1393 1773 1469 designatur.

167 1486 277 1541 Iste
306 1501 549 1558 namque
577 1501 843 1541 numerus
898 1495 1121 1558 prepter
1173 1493 1581 1543 sacramentum
1627 1486 1777 1559 quod

166 1580 434 1650 continet,
461 1597 493 1637 a
509 1580 835 1653 quibusdam
848 1581 1196 1653 sapientibus
1211 1582 1423 1652 justitia
1440 1582 1773 1640 nominatur.

1872 485 2056 542 doleat
2083 482 2289 540 oblivio
2341 478 2822 545 commendamus,
2870 475 3149 552 octoginta
3188 487 3348 530 coros
3377 470 3484 527 tri-

1873 579 1964 635 tici
1992 584 2198 633 tantum
2226 589 2332 630 nos
2358 572 2564 628 debere
2590 570 2821 627 Domino
2844 569 3044 625 litteris
3070 566 3275 624 nostris
3304 564 3483 621 adno-

1874 680 2053 729 tamus
2099 671 2208 726 Nos
2236 668 2387 724 enim
2412 682 2603 724 sumus
2640 663 3022 736 unusquisque
3049 661 3104 717 in
3135 676 3194 717 se
3227 660 3349 731 ipso
3378 657 3489 714 vil-

1874 766 2014 821 licus
2041 771 2095 820 et
2111 762 2428 819 debitores:
2459 758 2677 815 villicus
2700 757 2938 824 ratione,
2966 756 3064 811 sed
3096 754 3343 828 potentia
3365 769 3490 811 cor-

1877 871 2060 929 porcae
2087 852 2320 910 actionis
2365 857 2420 907 et
2445 848 2821 905 meditationis
2867 848 3164 903 debitores.
3212 846 3351 921 Ergo
3380 845 3491 901 fra-

1877 957 1989 1003 tres
2021 946 2075 1001 in
2104 961 2171 1002 eo
2202 945 2352 1017 quod
2402 941 2568 999 villici
2622 957 2813 996 sumus
2865 938 3351 996 comminationem
3379 938 3488 994 Do-

1876 1036 2010 1092 mini
2068 1037 2138 1092 de
2175 1035 2450 1091 villicatus
2480 1032 2777 1099 ablatione,
2824 1032 2952 1104 quia
2994 1031 3142 1086 bona
3198 1028 3345 1084 illius
3375 1044 3488 1084 non

1876 1132 1935 1181 ut
1959 1126 2203 1198 oportuit
2230 1124 2569 1181 servavimus
2612 1122 2996 1190 formidantes,
3040 1129 3095 1175 et
3120 1119 3268 1175 nein
3308 1118 3487 1174 medi-

1876 1218 2136 1274 tationem
2186 1218 2541 1273 devolvamur
2578 1221 2985 1289 praecaventes;
3028 1213 3098 1267 de
3152 1209 3488 1266 villicatione

1879 1315 2063 1366 nostra
2088 1309 2219 1364 dum
2247 1309 2377 1365 licet
2408 1307 2730 1379 paenitendo
2770 1306 3043 1362 rationem
3075 1302 3400 1367 reddamus;
3436 1306 3492 1356 et

1878 1404 2043 1462 nobis
2080 1403 2215 1476 ipsis
2262 1403 2317 1457 in
2368 1418 2435 1457 eo
2474 1400 2625 1474 quod
2676 1398 2959 1455 debitores
3012 1412 3223 1460 sumus,
3264 1391 3486 1449 Domini

1880 1494 2127 1551 debitum
2160 1492 2212 1548 ei
2242 1490 2478 1547 ﬁdeliter
2524 1488 2888 1561 obsequendo
2920 1486 3248 1550 relaxemus,
3292 1482 3492 1537 ﬁdem-

1885 1603 1993 1659 que
2022 1586 2303 1642 Trinitatis
2326 1582 2616 1650 servando,
2667 1586 2721 1636 et
2771 1580 3038 1653 Operibus
3092 1572 3488 1633 misericordias

168 1673 435 1729 Omnibus
483 1673 631 1729 enim
672 1674 874 1747 quibus
911 1674 1082 1730 dividi
1113 1682 1294 1747 potest
1330 1675 1699 1732 divisionibus
1729 1684 1785 1731 et
1810 1700 1861 1769 Β
1886 1675 2219 1743 insistendo,
2251 1681 2306 1730 et
2331 1674 2399 1729 ad
2436 1674 2600 1728 vitam
2632 1672 2814 1727 carnis
2867 1687 2899 1725 a
2952 1669 3209 1726 vitiorum
3242 1664 3499 1763 sordibus

168 1762 290 1833 ipsa
340 1762 429 1817 sui
477 1763 795 1835 quantitate
840 1764 1277 1835 praamonstratis
1316 1764 1544 1834 iustitiae
1603 1764 1785 1819 causis

171 1855 521 1910 assimilatur.
566 1855 748 1911 Prima
782 1872 1021 1929 namque
1051 1856 1252 1913 divisio
1281 1856 1401 1926 ejus
1431 1857 1486 1912 in
1514 1856 1783 1912 unitatem

171 1943 261 2010 sit,
302 1952 358 1999 et
387 1945 787 2016 septenarium,
842 1946 972 2019 quia
1002 1947 1257 2022 designat
1284 1953 1340 2003 et
1374 1947 1784 2019 simplicitatem

173 2033 403 2088 Deitatis
434 2034 610 2105 prima
653 2044 830 2106 parte,
887 2044 945 2091 et
979 2037 1223 2092 secunda
1276 2037 1546 2094 bonitatis
1611 2039 1786 2109 ipsius

169 2122 589 2190 abundantiam,
617 2141 727 2196 qua
766 2124 1018 2180 subsistit
1044 2134 1099 2181 et
1125 2124 1475 2182 modiﬁcator
1512 2128 1788 2184 universi-

169 2218 253 2265 tas
280 2211 653 2267 existentium.
690 2213 820 2269 ideo
866 2221 1048 2270 autem
1083 2230 1182 2286 per
1208 2216 1587 2287 septenarium
1632 2216 1789 2273 boni-

169 2299 292 2355 tatis
337 2300 432 2355 Dei
483 2302 878 2358 abundantiam
929 2303 1166 2359 dicimus
1212 2304 1788 2379 demonstrari;'quo-

167 2392 314 2448 niam
341 2400 395 2448 et
422 2393 767 2465 septiformia
807 2402 937 2450 sunt
976 2395 1123 2451 dona
1155 2395 1394 2466 Spiritus
1432 2397 1632 2465 sancti,
1674 2413 1784 2470 quo

166 2483 408 2555 repletur
446 2482 594 2539 orbis
625 2490 920 2549 terrarum,
964 2490 1019 2539 et
1051 2484 1291 2541 ternario
1345 2493 1399 2541 et
1429 2486 1787 2558 quaternario

164 2591 289 2648 quae
326 2583 454 2632 sunt
495 2585 679 2648 partes
714 2577 965 2647 ejusdem
1008 2578 1249 2642 numeri,
1301 2579 1683 2652 multiplicatis
1713 2580 1786 2635 al-

163 2676 452 2737 terutrum,
485 2669 988 2735 duodenenarium,
1024 2670 1119 2742 qui
1161 2678 1244 2726 est
1284 2687 1545 2727 numerus
1572 2672 1784 2744 primus

160 2757 643 2829 superabundans,
678 2758 1033 2814 manifestum
1067 2765 1152 2815 est
1184 2762 1482 2832 procreari.
1527 2762 1784 2817 Secunda

161 2849 362 2906 divisio
381 2850 628 2919 ejusdem
654 2850 923 2906 octonarii
948 2850 1007 2906 ﬁt
1025 2850 1079 2905 in
1103 2850 1376 2906 binarium
1400 2860 1455 2908 et
1474 2853 1781 2920 senarium,

1885 1764 2258 1821 mundandam
2286 1762 2462 1819 sancti
2505 1761 2739 1834 Spiritus
2787 1758 3015 1834 gratiam
3070 1757 3330 1830 precibus
3359 1753 3500 1809 assi-

1886 1857 2008 1912 duis
2029 1856 2361 1929 expetendo,
2388 1855 2675 1926 solamque
2702 1851 3124 1917 beatitudinem,
3152 1849 3206 1903 in
3239 1863 3349 1920 qua
3386 1861 3498 1902 non

1887 1967 2086 2019 annus,
2125 1949 2224 2005 sed
2253 1948 2533 2005 aeternitas
2564 1956 2647 2002 est
2680 1943 3029 2015 jubilationis
3078 1951 3134 1997 et
3162 1940 3369 1996 laetitiae
3399 1954 3499 2010 pe-

1887 2043 2077 2110 tendo,
2109 2040 2413 2114 corporalis
2455 2039 2688 2097 actionis
2718 2038 2909 2094 debita
2941 2051 3064 2108 quae
3108 2033 3340 2089 Domino
3372 2031 3499 2087 vita:

1886 2138 2173 2188 transactae
2201 2130 2547 2203 temporibus
2585 2145 2695 2185 non
2727 2126 2996 2183 solvimus
3021 2137 3365 2178 excusemus.
3398 2119 3504 2175 Ex-

1888 2237 2145 2277 cusemus
2174 2221 2338 2277 etiam
2373 2218 2751 2275 meditationis
2776 2215 2983 2283 debita,
3017 2230 3125 2286 qua
3153 2210 3500 2268 solummodo

1887 2314 1998 2367 Deo
2031 2319 2086 2367 et
2115 2310 2391 2366 mandatis
2428 2310 2552 2379 ejus
2588 2308 2858 2363 inhaerere
2897 2303 3223 2369 debuimus;
3252 2300 3351 2355 sed
3397 2314 3505 2370 po-

1888 2403 1994 2458 tius
2021 2402 2200 2467 vanis,
2233 2407 2288 2456 et
2319 2399 2559 2457 sordidis
2597 2406 2652 2453 et
2681 2394 2994 2452 criminosis
3021 2388 3504 2454 delectationibus,

1885 2502 1940 2549 et
1966 2492 2366 2565 cupiditatibus
2405 2507 2524 2546 eam
2558 2489 2938 2555 subdidimus;
2974 2501 3073 2559 per
3100 2483 3338 2556 spatium
3371 2481 3498 2537 vitae

1887 2587 2032 2659 quod
2063 2593 2318 2657 superest
2343 2587 2402 2639 in
2451 2586 2564 2652 lege
2595 2584 2807 2639 Domini
2836 2582 2924 2635 die
2972 2586 3256 2649 noctuque
3318 2574 3498 2630 medi-

1884 2678 2051 2734 tando
2083 2677 2250 2749 (Psal.
2312 2677 2350 2744 i,
2405 2676 2483 2747 ‘2),
2539 2674 2951 2746 simplicitatem
3014 2668 3335 2726 substantiae
3384 2667 3502 2734 Dei,

1882 2782 2047 2823 omne
2086 2783 2272 2822 verum
2307 2766 2515 2821 bonum
2558 2765 2610 2819 in
2645 2781 2707 2819 se
2746 2764 2867 2818 sine
2895 2760 3215 2818 diversitate
3244 2773 3503 2830 compre-

1884 2857 2243 2921 hendentem,
2272 2873 2337 2911 ac
2379 2872 2480 2927 per
2512 2856 2614 2910 hoc
2642 2853 2850 2934 nullius
2876 2851 3218 2926 indigentem
3251 2854 3503 2904 contem-

158 2944 213 2998 in
252 2960 362 3016 qua
388 2942 670 2999 charitatis
731 2944 970 3018 geminae
1029 2943 1261 3000 formam
1293 2944 1521 3001 exhibet
1574 2953 1630 3001 et
1685 2963 1781 3003 sex
1812 2975 1860 3042 Ο
1887 2948 2111 3019 plando,
2168 2945 2655 3018 multiplicemque
2695 2943 3002 2999 bonitatem
3042 2940 3220 3013 ipsius
3255 2955 3363 3013 qua
3391 2953 3505 2995 non

159 3042 696 3108 praamnstratarum
758 3036 1042 3092 virtutum.
1099 3038 1161 3092 In
1206 3036 1368 3093 tertia
1425 3038 1697 3094 ternarius
1727 3047 1784 3095 et

157 3128 465 3200 quinarius,
507 3128 601 3201 qui
644 3127 927 3185 circularis
981 3144 1248 3184 numerus
1278 3137 1380 3196 est,
1435 3132 1777 3188 octonarium

158 3220 497 3291 partiuntur:
531 3220 734 3292 quibus
778 3220 1028 3292 partibus
1058 3219 1218 3280 fides.
1258 3237 1406 3292 spes,
1459 3222 1699 3279 charitas
1727 3231 1783 3280 et

156 3312 433 3369 aeternitas
481 3328 646 3385 quam
688 3312 1008 3378 conferunt,
1052 3311 1377 3387 ﬁgurantur.
1417 3312 1619 3377 Quarta
1649 3331 1780 3371 vero

155 3400 406 3470 ejusdem
437 3400 652 3456 numeri
679 3399 884 3456 divisio
923 3400 984 3456 ﬁt
1011 3400 1068 3455 in
1099 3401 1620 3474 duojquaternaria,
1653 3405 1783 3476 qui-

157 3492 262 3547 bus
290 3499 344 3547 ct
373 3497 608 3564 quatuor
638 3491 913 3548 elementa
946 3492 1257 3569 signantur,
1314 3509 1379 3548 ex
1423 3494 1627 3567 quibus
1659 3511 1781 3551 cor-

160 3583 448 3656 ruptibiles
504 3600 711 3651 sumus,
756 3594 812 3640 et
873 3594 1114 3657 quatuor
1151 3586 1488 3658 principales
1530 3588 1779 3656 virtutes,

162 3688 302 3745 quas
323 3672 378 3728 in
394 3673 499 3728 hac
515 3673 623 3729 vita
653 3673 1012 3744 possidendo,
1034 3674 1487 3747 incorruptibiles
1505 3674 1624 3731 ﬁeri
1658 3693 1783 3749 spe-

162 3781 368 3820 ramus.
405 3764 604 3831 Quinta
632 3765 832 3821 divisio
864 3764 924 3821 ﬁt
968 3766 1217 3836 ejusdem
1260 3768 1475 3823 numeri
1507 3784 1607 3839 per
1637 3785 1779 3841 qua-

162 3863 286 3914 tuor
309 3856 544 3925 binaria,
594 3873 702 3930 qua
734 3865 954 3914 notatur
990 3859 1137 3931 quod
1192 3860 1433 3915 charitas
1474 3860 1544 3915 ad
1590 3876 1784 3917 omnes

160 3951 402 4020 cujusvis
458 3951 697 4009 nationis
755 3952 1011 4009 homines
1065 3955 1139 4010 sit
1185 3953 1563 4011 diffundenda.
1624 3955 1784 4011 Sexta

160 4059 382 4116 quoque
409 4043 684 4100 divisione
716 4060 815 4116 per
862 4053 991 4101 octo
1031 4045 1300 4102 dividitur
1332 4046 1480 4102 idem
1520 4064 1785 4104 numerus

161 4135 409 4205 unitatis,
438 4135 493 4190 in
527 4152 638 4208 quo
664 4152 829 4191 unam
857 4153 1041 4192 veram
1075 4138 1475 4195 beatitudinem
1505 4139 1779 4215 designat,

157 4237 214 4285 et
246 4235 369 4286 octo
400 4228 604 4301 quibus
640 4228 940 4300 acquiritur
978 4228 1322 4299 aﬁ‘ectiones,
1378 4233 1497 4304 ipsa
1534 4248 1668 4289 vero
1697 4234 1782 4288 sui

1884 3040 1964 3095 eis
2014 3038 2275 3111 indigens
2331 3037 2590 3093 universa
2637 3034 2889 3092 condidit
2936 3050 3058 3107 quae
3090 3031 3416 3097 subsistunt,
3449 3037 3506 3086 et

1880 3131 2125 3204 disponit
2154 3144 2391 3201 quaeque
2434 3127 2597 3184 nobis
2654 3126 2799 3181 bona
2839 3124 3131 3180 innumera
3168 3119 3418 3192 corporis
3449 3131 3505 3177 et

1881 3229 2078 3283 animae
2118 3228 2367 3303 largitur,
2404 3225 2752 3293 admirando,
2785 3224 3219 3297 charitatemque
3247 3220 3505 3278 fraterni-

1881 3321 2008 3377 tatis
2030 3320 2204 3392 magis
2241 3326 2297 3374 et
2327 3318 2503 3391 magis
2540 3317 2596 3371 in
2620 3317 2783 3373 nobis
2812 3315 3189 3383 accendendo,
3219 3315 3502 3370 veritatem

1882 3415 2035 3483 ﬁdei,
2086 3412 2434 3486 pudicitiam,
2470 3412 2861 3476 humilitatem,
2912 3409 3290 3475 sobrietatem,
3321 3407 3506 3462 muni-

1885 3507 2194 3571 ﬁcentiam,
2226 3504 2580 3561 concordiam
2618 3500 2981 3575 possidendas
3010 3516 3131 3557 esse
3162 3498 3385 3554 assidue
3411 3512 3508 3553 co-

1881 3597 2138 3673 gitando;
2173 3602 2401 3667 tresque
2446 3593 2676 3649 virtutes
2715 3608 2838 3664 qua:
2888 3607 3035 3647 nunc
3076 3597 3321 3655 manent,
3362 3587 3505 3642 sicut

1883 3689 2017 3745 dicit
2047 3686 2359 3759 Apostolus,
2413 3685 2468 3739 id
2515 3691 2598 3739 est
2638 3683 2823 3749 ﬁdem,
2866 3699 3044 3754 spem,
3088 3690 3143 3737 et
3182 3679 3501 3736 charitatem

1884 3788 1930 3857 (I
1959 3785 2082 3842 Cor.
2110 3800 2226 3848 xm,
2262 3780 2371 3850 13),
2407 3778 2557 3836 omni
2585 3779 2721 3833 hora
2752 3774 3273 3847 complectendo,et
3298 3772 3506 3844 perip-

1884 3892 1973 3931 sas
1998 3872 2363 3930 aeternitatem
2392 3868 2659 3940 consequi
2690 3864 3045 3932 conﬁdendo,
3080 3861 3505 3934 corruptibilita-

1883 3972 2106 4036 temque
2151 3976 2443 4033 corporum
2493 3956 2851 4028 temporalem
2894 3954 3337 4017 contemnendo;
3381 3967 3504 4023 pru-

1885 4053 2152 4117 dentiam,
2217 4049 2511 4120 justitiam.
2570 4046 2973 4112 fortitudinem,
3051 4041 3502 4115 temperantiam,

1885 4144 2027 4199 viam
2084 4141 2150 4197 ad
2207 4139 2677 4211 incorruptionem
2722 4135 3047 4207 judicando,
3080 4134 3406 4191 charitatem
3430 4132 3496 4186 ad

1886 4250 2079 4291 omnes
2137 4232 2488 4291 extendendo
2519 4229 2842 4286 affectiones
2894 4227 3036 4294 illas,
3071 4242 3213 4298 quas
3255 4224 3508 4296 sequitur

158 4321 466 4392 quantitate
497 4319 714 4394 signum
746 4326 830 4375 est
864 4321 1167 4393 aequitatis;
1203 4323 1333 4395 quia
1366 4323 1576 4395 primus
1605 4324 1780 4380 susci-
1807 4351 1865 4420 Β
1887 4326 2167 4384 beatitudo
2196 4342 2327 4380 vera
2379 4322 2769 4386 discernendo,
2824 4319 3137 4391 aequitatem
3183 4330 3371 4420 amore
3400 4315 3506 4369 im-

155 4410 239 4481 pit
265 4425 468 4466 nomen
500 4409 719 4465 numeri
754 4409 961 4482 pariter
991 4411 1158 4481 paris.
1195 4411 1395 4467 Eadem
1428 4413 1596 4468 etiam
1628 4413 1782 4469 desi-

153 4504 288 4573 gnat
346 4496 658 4553 ﬁrmitatem
706 4497 1048 4567 stabilitatis,
1091 4500 1223 4570 quia
1278 4501 1488 4571 primus
1547 4502 1778 4558 formam

1886 4412 2136 4471 mutabili
2178 4410 2638 4483 contemplando:
2672 4408 3159 4482 intelligamusque
3206 4402 3504 4459 nobiscum

1882 4505 2317 4562 misericorditer
2364 4503 2475 4579 agi,
2508 4503 2554 4558 si
2593 4502 2672 4557 sic
2729 4501 2897 4556 vitam
2939 4515 3062 4572 quae
3104 4504 3361 4569 superest
3399 4495 3503 4549 du-

155 4588 288 4644 cubi
318 4594 548 4663 generat
591 4586 1003 4643 intellectualis.
1065 4587 1195 4643 Cum
1236 4590 1383 4644 enim
1434 4590 1637 4646 dicitur
1693 4592 1782 4647 bis
1882 4596 2060 4653 cendo
2091 4593 2457 4651 meruerimus
2487 4608 2519 4647 a
2547 4590 2924 4657 damnatione,
2956 4604 3120 4661 quam
3154 4584 3501 4658 praecedenti

156 4678 378 4744 binalis,
411 4686 535 4734 octo
576 4684 939 4744 monstratur,
989 4678 1130 4734 etin
1170 4679 1356 4736 animo
1391 4684 1780 4755 cognoscentis
1880 4686 1988 4742 vita
2041 4683 2370 4749 meruimus,
2425 4679 2670 4736 liberari.
2727 4677 2884 4733 Omni
2945 4691 3186 4748 namque
3231 4677 3366 4731 hora
3393 4690 3502 4747 qua

158 4771 268 4827 vim
319 4770 557 4836 numeri,
611 4768 787 4826 forma
838 4770 966 4825 cubi
1011 4779 1331 4846 generatur.
1381 4772 1565 4828 Cubus
1596 4782 1777 4831 autem
1880 4778 2137 4844 \iximus,
2186 4775 2330 4830 sicut
2358 4788 2527 4844 supra
2576 4769 3024 4838 monstravimus,
3050 4776 3105 4824 et
3144 4784 3245 4841 per
3280 4775 3499 4824 centum

156 4863 332 4939 ﬁgura
355 4868 440 4918 est
485 4861 661 4918 solida
715 4878 782 4918 ex
837 4862 989 4919 omni
1020 4871 1173 4935 parte
1205 4864 1494 4937 aequaliter
1532 4868 1775 4939 quadra:
1878 4866 2178 4941 significari
2242 4863 2563 4921 ratiocinati
2614 4878 2833 4929 sumus,
2899 4860 3146 4934 corporis
3195 4869 3251 4916 et
3305 4860 3505 4916 mentis

156 4962 212 5012 et
241 4955 368 5012 ideo
393 4970 564 5027 super
603 4970 996 5028 quamcunque
1052 4963 1322 5023 versetur,
1374 4958 1524 5027 jacet
1576 4960 1777 5016 ﬁrma:
1880 4957 2081 5015 ofﬁciis
2130 4958 2402 5013 instanter
2442 4961 2497 5010 et
2563 4955 2769 5011 obnixe
2822 4953 3091 5011 voluntati
3136 4951 3353 5010 Domini
3400 4951 3501 5009 ob-

157 5046 307 5102 unde
372 5045 604 5101 forsitan
646 5061 680 5101 a
718 5046 975 5102 cubando
1032 5047 1210 5102 cubus
1263 5046 1482 5116 dicitur,
1516 5049 1589 5105 ob
1614 5066 1778 5123 quam
1881 5056 2226 5120 temperasse
2282 5044 2693 5101 debuissemus.
2738 5044 3003 5110 Quoniam
3049 5058 3183 5100 vero
3236 5057 3346 5098 non
3400 5042 3504 5098 ob-

159 5154 315 5195 suam
344 5137 647 5195 efﬁcaciam
680 5153 778 5210 per
815 5144 939 5195 octo
972 5138 1243 5195 stabilitas
1274 5140 1431 5197 ﬁrma
1462 5142 1778 5202 denotatur.
1882 5138 2338 5211 temperavimus,
2379 5145 2641 5193 tenemur
2664 5135 2973 5193 debitorum
3009 5135 3108 5203 rei,
3163 5150 3273 5191 non
3323 5133 3505 5190 solum

230 5227 321 5285 28.
368 5227 497 5283 Cum
528 5228 696 5304 igitur
741 5230 825 5284 hae
864 5244 1003 5301 quas
1044 5235 1590 5302 praemonstravimus
1620 5252 1783 5293 men-
1885 5227 2014 5301 quia
2055 5226 2285 5281 τοοίῐηιιε
2315 5240 2439 5298 qua?
2502 5240 2618 5280 ηοη
2674 5223 2990 5291 debuimus:
3043 5223 3142 5278 sed
3172 5222 3338 5279 etiam
3378 5223 3507 5295 (ιιιῖα

161 5328 272 5375 tem
300 5317 671 5387 justiﬁcantes
703 5318 1095 5376 meditationes
1140 5323 1542 5379 convenienter
1571 5341 1669 5397 per
1693 5341 1776 5383 oc-

1891 5332 2005 5374 non
2032 5315 2264 5371 fecimus
2288 5330 2410 5386 quae
2436 5313 2755 5381 debuimus,
2789 5314 3124 5370 aeternaliter
3139 5312 3432 5385 puniendi.

162 5412 439 5469 tonarium
464 5411 857 5485 designentur;
891 5428 1129 5484 cumque
1160 5415 1414 5471 mandata
1447 5416 1663 5473 Domini
1690 5436 1794 5490 per
1958 5411 2049 5469 29·
2095 5409 2217 5465 ⁸ωο
2248 5416 2376 5465 sunt
2406 5409 2595 5465 debila
2624 5425 2749 5482 quae
2781 5409 2850 5465 de
2873 5418 3095 5465 centum
3127 5408 3283 5465 cadis
3312 5408 3419 5466 οιθί
3451 5417 3506 5465 θῐ

163 5500 454 5557 denarium
477 5498 802 5573 ﬁgurentur,
825 5503 1049 5573 quando
1070 5503 1137 5558 ad
1162 5505 1572 5561 exsecutionem
1598 5523 1785 5564 eorum

166 5590 517 5649 excitandam
551 5590 636 5646 lue
693 5591 1040 5648 meditationi
1077 5594 1320 5667 ipsorum
1363 5598 1787 5669 permiscentur,

164 5683 322 5757 quasi
381 5680 610 5739 denario
641 5698 741 5755 per
784 5683 1126 5741 octonarium
1182 5686 1569 5760 multiplicato,
1624 5698 1785 5750 octo-

1889 5502 2120 5560 totidem
2159 5501 2304 5559 coris
2340 5501 2506 5558 tritici
2562 5501 2895 5557 relaxamus:
2955 5501 3001 5557 si
3053 5500 3187 5574 quid
3247 5507 3503 5574 superest

1888 5599 2011 5655 vitae
2030 5598 2355 5671 temporalis
2374 5598 2530 5669 juxta
2559 5597 2962 5672 quinquaginta
2988 5598 3073 5655 vel
3113 5598 3393 5673 octoginta
3422 5600 3503 5655 si-

1884 5692 2294 5766 gniﬁcationem
2326 5697 2683 5751 monstratam
2724 5690 3125 5769 transigamus;
3176 5707 3281 5749 nec
3318 5695 3499 5750 tamen
