3932 6040
356 164 499 219 1147

1593 169 1648 223 S.
1693 168 1932 224 ODONIS
1975 171 2212 227 CAMER.
2254 173 2455 230 EPISC.

3563 195 3720 250 1148

355 295 677 351 difﬁdamus
716 296 785 350 de
817 297 996 363 venia,
1046 297 1130 352 vel
1170 296 1488 353 dubitemus
1534 299 1602 354 de
1656 315 1977 355 remunera-
1999 307 2047 373 Α
2080 307 2167 357 tur
2204 311 2262 360 ut
2295 311 2443 361 recte
2474 310 2649 378 possit
2676 310 2778 367 ista
2809 316 3146 384 comparatio
3177 317 3332 386 ﬁeri;
3362 323 3626 393 nunquid
3651 325 3712 378 si

354 385 527 448 tione,
550 386 595 438 si
638 385 819 439 omnis
856 386 1219 456 operationis,
1253 387 1508 453 actionis,
1539 388 1626 443 vel
1655 389 1973 445 meditatio-

353 473 438 525 nis
470 472 871 543 inspectiones,
907 475 1052 530 sicut
1082 484 1342 545 Oportere
1375 478 1816 545 monstravimus,
1859 495 1970 534 non

353 566 656 635 poterimus
689 567 1033 638 adimplere:
1072 570 1452 625 tantummodo
1483 580 1744 642 quantum
1786 573 1971 628 value-

351 656 522 710 rimus
550 658 604 711 in
628 669 857 730 utraque
892 661 1162 729 potentia,
1197 677 1305 716 non
1338 663 1658 718 studeamus
1683 681 1963 722 exercere.

351 744 632 818 Benignus
663 754 746 801 est
786 748 934 801 enim
970 749 1232 804 Dominus
1272 757 1460 805 noster
1507 759 1560 806 et
1605 752 1966 824 Redemptor,

351 839 444 910 qui
496 841 610 896 haec
659 842 838 908 docet,
891 851 946 898 et
985 844 1072 898 cui
1131 861 1321 900 sumus
1353 846 1617 901 reddituri
1675 848 1963 915 rationem,

352 944 454 982 nec
476 929 781 999 quemlibet
809 938 1072 1002 quantum
1097 933 1239 988 valet
1271 933 1563 990 facientem
1587 951 1687 1006 pro
1717 951 1782 992 eo
1815 937 1964 1008 quod

354 1036 462 1075 non
506 1022 650 1076 valet
691 1024 1102 1092 condemnabit,
1153 1027 1238 1080 vel
1283 1026 1499 1082 auferet
1559 1029 1965 1083 remuneratio-

351 1128 499 1166 nem.
535 1113 858 1170 Relaxemus
900 1132 1052 1188 ergo,
1095 1118 1425 1185 charissimi,
1461 1120 1647 1175 debita
1687 1120 1849 1174 nobis
1891 1121 1961 1176 ob

349 1221 473 1275 quae
505 1207 771 1276 puniendi
813 1225 1021 1277 sumus,
1070 1219 1124 1266 et
1163 1213 1563 1285 quinquaginta
1595 1229 1694 1268 nos
1731 1220 1786 1268 et
1813 1221 1964 1270 octo-

346 1298 498 1371 ginta
545 1300 775 1356 Domino
835 1303 1170 1370 reddituros,
1227 1314 1287 1359 ut
1341 1306 1665 1375 poterimus,
1721 1306 1962 1361 cautioni

350 1397 553 1443 nostra:
585 1399 640 1444 et
670 1390 869 1446 litteris
901 1394 1124 1460 nostris,
1183 1403 1240 1450 ut
1283 1396 1592 1465 expositum
1640 1405 1742 1464 est,
1773 1398 1965 1454 inscri-

349 1476 570 1544 bamus;
604 1489 878 1550 quatenus
921 1481 989 1537 ab
1033 1483 1150 1553 ipso
1201 1491 1258 1537 ut
1297 1485 1597 1554 prudentes
1645 1486 1813 1541 villici
1847 1487 1962 1541 lau-

351 1570 490 1634 dari,
525 1571 628 1626 hoc
674 1581 757 1627 est
787 1575 1066 1628 munerari
1116 1576 1414 1631 valeamus.
1452 1577 1578 1632 Cum
1623 1580 1768 1633 enim
1802 1581 1964 1635 mise-

348 1662 759 1717 ricordissimus
805 1665 1068 1720 Dominus
1126 1674 1180 1722 ct
1222 1677 1528 1738 praeceptor
1566 1670 1902 1727 subdidisset
1945 1691 1958 1726 :

347 1751 416 1802 Et
448 1750 696 1804 laudavit
718 1754 965 1808 dominus
994 1756 1233 1810 villicum
1282 1759 1620 1826 iniquitatis,
1649 1763 1780 1828 quia
1821 1776 1964 1830 pru-

346 1844 531 1897 denter
560 1847 772 1913 egisset,
823 1863 1068 1902 securam
1110 1851 1272 1905 nobis
1303 1869 1454 1923 spem
1489 1853 1618 1908 dare
1671 1855 1843 1909 voluit
1891 1857 1959 1910 de

347 1935 812 2004 remuneratione,
846 1953 913 1991 ne
954 1939 1336 1997 difﬁderemus
1375 1944 1442 1998 de
1482 1944 1664 2010 venia,
1698 1946 1743 2000 si
1772 1956 1826 2000 et
1855 1963 1957 2002 nos

346 2027 413 2080 ad
432 2027 659 2082 formam
691 2030 856 2087 villici
879 2034 1182 2103 prudenter
1209 2039 1488 2110 egerimus
1520 2056 1616 2110 pro
1649 2041 1822 2096 nostri
1852 2043 1956 2096 vil-

344 2115 540 2171 licatus
571 2119 762 2190 iniqua
792 2123 1182 2179 transactione.
1847 2173 1860 2182 .

412 2209 498 2264 30.
543 2210 766 2267 Villicus
804 2215 950 2268 enim
992 2215 1094 2270 iste
1136 2234 1234 2287 pro
1271 2218 1636 2290 dissipatione
1683 2222 1955 2277 bonorum

343 2301 552 2356 domini
582 2303 800 2360 villicus
831 2306 1140 2378 iniquitatis
1166 2310 1512 2366 nominatur:
1551 2312 1671 2380 sed,
1701 2314 1831 2384 quia
1857 2313 1959 2367 de-

344 2390 616 2447 bitoribus
664 2395 914 2462 ejusdem
959 2397 1170 2452 domini
1231 2399 1316 2454 sui
1357 2401 1431 2454 ad
1471 2417 1624 2455 suam
1666 2402 1957 2457 utilitatem

346 2478 534 2534 debita
590 2483 870 2550 relaxavit,
927 2485 996 2538 ab
1045 2487 1240 2542 eodem
1298 2489 1524 2545 domino
1568 2490 1636 2545 de
1667 2491 1958 2561 prudentia

342 2569 779 2625 commendatur.
831 2572 920 2627 Sic
958 2573 1038 2628 sic
1068 2591 1168 2630 nos
1208 2576 1337 2631 licet
1370 2579 1426 2631 in
1478 2579 1813 2649 prmcedenti
1843 2580 1954 2635 vita

342 2658 517 2730 iniqui
572 2660 857 2730 fuerimus,
902 2665 945 2718 si
998 2666 1067 2720 de
1126 2668 1360 2740 reliquo,
1409 2670 1552 2725 sicut
1606 2671 1812 2726 dictum
1845 2679 1950 2738 est,

343 2754 642 2822 prudenter
671 2758 989 2828 vixerimus,
1049 2763 1116 2817 ab
1151 2764 1267 2834 ipso
1307 2765 1401 2836 qui
1445 2766 1757 2836 parabolam
1812 2766 1953 2821 hanc

339 2846 626 2913 proposuit
654 2848 830 2902 laudis
861 2853 1175 2907 mercedem
1199 2854 1563 2924 recipiemus:
1605 2872 1768 2926 quam
1802 2870 1949 2926 quo-

336 2935 483 2989 niam
520 2939 675 2993 nobis
714 2941 827 2995 vult
880 2943 1206 2999 immensam
1246 2947 1518 3012 conferre,
1561 2964 1725 3018 quam
1778 2948 1952 3002 vehe-

335 3033 548 3080 mentes
589 3028 644 3081 in
674 3032 966 3099 prudentia
999 3034 1099 3089 ista
1127 3035 1430 3090 debeamus
1461 3038 1717 3105 existere,
1772 3039 1950 3093 bonus

336 3117 532 3171 doctor
559 3120 736 3175 voluit
783 3138 882 3178 nos
937 3125 1153 3181 docere.
1201 3127 1331 3183 Cum
1384 3129 1532 3183 enim
1586 3130 1838 3185 dixisset:
1883 3133 1951 3184 Et

339 3209 584 3264 laudavit
613 3213 858 3268 dominus
881 3216 1121 3271 villicum
1148 3219 1457 3288 iniquitatis
1487 3223 1619 3290 quia
1655 3221 1952 3290 prudenter

339 3303 549 3369 egisset,
591 3304 744 3374 quasi
785 3305 1079 3363 subdendo
1109 3325 1333 3364 causam
1356 3327 1527 3382 quare
1556 3312 1625 3366 de
1659 3312 1950 3382 prudentia

338 3391 491 3445 illum
537 3392 862 3451 laudaverit:
910 3399 1048 3465 Quia
1099 3402 1204 3468 ﬁlii
1269 3404 1453 3457 seaculi
1500 3404 1664 3473 hujus
1701 3405 1951 3473 pruden-

339 3490 497 3542 tiores
525 3491 657 3558 ﬁliis
707 3494 840 3547 lucis
880 3496 940 3548 in
971 3499 1310 3563 generatione
1348 3513 1446 3553 sua
1495 3503 1641 3566 sunt,
1693 3499 1946 3567 subjecit,

337 3578 638 3633 ostendens
685 3592 875 3652 aperte
924 3586 1072 3656 quod
1114 3603 1216 3642 nos
1274 3588 1369 3659 qui
1409 3589 1596 3643 saeculi
1638 3589 1801 3657 hujus
1855 3588 1949 3642 ﬁlii

337 3664 563 3732 fuimus,
586 3669 632 3722 si
663 3669 882 3726 laudem
914 3673 982 3727 de
1014 3676 1310 3745 prudentia
1339 3677 1596 3733 volumus
1624 3679 1852 3744 habere,
1886 3676 1951 3731 ﬁ-

339 3753 442 3809 lios
473 3755 609 3811 lucis
642 3757 697 3813 in
739 3762 1036 3829 prudentia
1069 3764 1170 3820 ista
1209 3765 1437 3822 vincere
1477 3767 1746 3823 debemus
1794 3767 1951 3823 labo-

341 3863 461 3902 rare
471 3889 479 3897 .

407 3937 496 4023 3i.
538 3938 656 3993 Non
705 3941 854 3995 enim
903 3943 994 3998 illa
1048 3945 1212 4000 nobis
1251 3947 1430 4018 placet
1486 3951 1782 4016 sententia,
1843 3968 1952 4023 qua

339 4022 561 4092 quidam
592 4037 877 4096 exponunt
897 4031 1246 4101 prudentiam
1279 4034 1519 4092 ﬁliorum
1543 4040 1732 4095 saeculi
1765 4022 1949 4111 hujus,

338 4113 392 4166 id
423 4121 506 4168 est
543 4131 706 4186 quam
747 4127 1004 4175 exercent
1042 4121 1097 4176 in
1131 4125 1366 4196 negotiis
1396 4128 1776 4199 saecularibus,
1819 4148 1952 4202 pru-

338 4206 524 4262 dentia
549 4225 656 4280 qua
686 4209 782 4265 ﬁlii
821 4213 958 4269 lucis
1009 4215 1407 4275 beatitudinem
1453 4227 1645 4292 petunt
1687 4224 1950 4292 majorem

336 4315 479 4359 esse.
522 4302 790 4366 Quoniam
840 4307 917 4363 sic
957 4309 1158 4367 dicitur
1185 4314 1388 4370 veritas
1417 4317 1495 4370 rei
1544 4335 1666 4389 quae
1713 4335 1822 4376 non
1863 4331 1946 4378 est
1970 4339 2028 4407 D

334 4390 400 4444 ad
432 4406 545 4446 rem
576 4410 698 4465 qua:
738 4403 822 4452 est
850 4399 1000 4469 quod
1043 4417 1163 4456 esse
1197 4418 1308 4458 non
1342 4412 1528 4474 potest
1578 4413 1946 4480 comparatio-

335 4497 460 4537 nem
489 4482 707 4555 fecisse,
733 4504 916 4560 neque
939 4493 1085 4547 enim
1111 4492 1206 4548 ﬁlii
1228 4497 1412 4552 saeculi
1441 4498 1572 4554 dum
1600 4502 1824 4574 negotia
1849 4520 1952 4560 sae-

334 4576 539 4631 cularia
568 4592 875 4650 sequuntur
929 4586 1233 4656 prudentes
1276 4591 1540 4660 existunt,
1583 4610 1722 4665 quos
1761 4598 1944 4668 potius

332 4671 602 4726 vanitates
632 4691 768 4745 quas
805 4687 1073 4750 appetunt
1111 4691 1166 4738 ct
1208 4684 1489 4743 damnatio
1518 4705 1640 4760 quae
1667 4693 1938 4764 sequitur,

332 4761 624 4818 manifeste
654 4768 851 4823 stultos
877 4773 1198 4828 ostendunt.
1235 4775 1356 4830 Filii
1395 4795 1525 4834 vero
1548 4781 1686 4837 lucis
1717 4761 1942 4856 semper

331 4851 632 4922 prudentes
674 4864 822 4924 sunt,
854 4861 982 4930 quia
1033 4861 1196 4918 bonis
1225 4865 1484 4922 ardenter
1514 4869 1732 4927 inhiant
1759 4881 1812 4929 et
1841 4851 1940 4930 ’ἰη-

330 4942 533 5000 hiando
564 4963 808 5017 qumrere
831 4966 940 5005 non
959 4961 1193 5022 cessant,
1217 4973 1338 5027 qua:
1370 4975 1652 5031 nunquam
1685 4963 1937 5022 defutura

326 5045 682 5111 cognoscant.
707 5040 1046 5113 Temporalia
1072 5062 1200 5103 vero
1222 5064 1344 5120 quae
1374 5050 1443 5104 ab
1474 5052 1935 5114 hisintentionem

325 5139 586 5187 revocant
611 5148 707 5187 seu
738 5150 992 5205 possessa
1019 5154 1116 5193 seu
1156 5155 1267 5195 non
1307 5157 1584 5212 possessa,
1631 5147 1773 5203 sicut
1803 5150 1934 5204 nul-

328 5222 434 5277 lius
466 5231 654 5280 essent
692 5227 962 5296 utilitatis,
995 5230 1064 5284 ab
1103 5247 1291 5288 amore
1320 5236 1521 5292 mentis
1547 5238 1830 5307 expellunt

395 5315 484 5370 32.
520 5317 762 5382 Qualiter
790 5337 924 5395 ergo
951 5322 1020 5378 de
1060 5323 1167 5378 illis
1194 5325 1376 5381 stultis
1405 5328 1474 5382 ad
1507 5329 1608 5385 hos
1635 5331 1938 5401 prudentes

325 5402 381 5455 in
405 5405 698 5472 prudentia
725 5416 903 5478 potest
923 5415 1259 5483 comparatio
1287 5413 1427 5482 ﬁeri,
1452 5418 1556 5472 nisi
1589 5419 1728 5476 forte
1741 5438 1936 5492 quem-

325 5489 482 5558 libet,
503 5495 654 5563 quod
675 5495 742 5550 de
770 5495 1006 5555 Veritate
1028 5517 1139 5557 non
1166 5511 1247 5558 est
1275 5505 1651 5576 sentiendum,
1701 5489 1940 5568 delectet

325 5595 424 5648 pro
451 5587 859 5645 consuetudine
914 5591 1179 5650 Iocutioni
1218 5597 1438 5653 mentiri
1462 5597 1491 5650 ?
1519 5599 1625 5656 Sed
1668 5604 1940 5660 conceda-

2077 409 2273 451 omncs
2294 397 2405 454 Deo
2428 399 2645 470 placere
2665 405 2954 461 studentes
2983 406 3080 462 ﬁlii
3109 409 3246 466 lucis
3279 411 3710 488 intelliguntur,

2072 499 2201 539 vera
2234 488 2438 556 poterit
2483 489 2575 544 illa
2605 495 2882 549 sententia
2917 496 3206 565 judicari?
3245 501 3394 566 Quis,
3440 505 3707 576 inquam,

2070 587 2268 627 avarus
2299 582 2353 629 et
2379 580 2767 648 temporalium
2795 582 3066 640 bonorum
3110 589 3529 658 providissimus
3559 610 3708 650 con-

2072 661 2309 731 quisitor
2349 665 2429 720 sic
2459 665 2562 721 fuit
2594 677 2788 725 cautus
2815 673 2885 726 ad
2931 689 2994 728 ea
3029 676 3466 748 multiplicanda,
3501 692 3565 736 ut
3598 683 3710 738 Pe-

2070 759 2202 821 trus,
2245 755 2446 812 Paulus
2484 765 2538 814 et
2566 760 2858 819 innumera
2893 767 3064 822 millia
3092 777 3392 842 martyrum
3425 775 3512 828 vel
3544 791 3706 830 con-

2069 844 2338 902 fessorum
2389 851 2678 924 utriusque
2733 872 2914 926 sexus,
2985 869 3039 914 et
3091 863 3365 918 universae
3416 867 3700 929 nationis.

2067 936 2407 993 conditionis
2435 949 2491 994 et
2519 943 2696 998 aetatis
2727 945 2796 999 ad
2850 946 3095 1003 cmlestia
3129 954 3538 1020 promerenda?
3590 956 3703 1020 Qui

2067 1045 2231 1098 porro
2262 1030 2361 1085 ﬁlii
2398 1035 2584 1089 sreculi
2639 1037 2868 1095 insidias
2901 1041 3212 1098 invidorum
3244 1052 3298 1099 et
3337 1046 3696 1104 adversario—

2067 1135 2185 1173 rum
2218 1121 2290 1176 ita
2321 1131 2484 1179 caute
2522 1125 2856 1196 vitaverunt,
2888 1140 2947 1185 ut
2975 1131 3061 1186 isti
3107 1135 3442 1190 tentationes
3487 1153 3701 1192 omnes

2064 1210 2354 1279 spirituum
2394 1215 2762 1288 malignorum
2793 1217 3214 1278 frustraverunt.
3260 1224 3339 1278 Illi
3369 1226 3534 1292 cauti,
3571 1227 3696 1282 sci-

2055 1298 2194 1367 ,licct
2241 1302 2426 1356 saeculi
2471 1304 2633 1374 hujus
2685 1315 2984 1364 sectatores
3034 1311 3276 1380 plurimi,
3327 1329 3474 1384 saepe
3529 1316 3692 1371 bona

2065 1392 2389 1460 temporalia
2419 1411 2542 1465 quae
2573 1395 2738 1471 longo
2790 1406 3035 1470 tempore
3067 1403 3184 1457 suis
3226 1405 3457 1459 cautelis
3484 1407 3696 1462 acutis-

2065 1479 2221 1534 simis
2249 1493 2705 1556 aggregaverant,
2737 1495 2796 1542 ut
2825 1490 3132 1559 periculum
3159 1495 3352 1548 mortis
3380 1494 3692 1551 imminens

2065 1569 2353 1640 evitarent,
2389 1573 2772 1641 tradiderunt;
2807 1576 2861 1630 hi
2892 1585 3072 1634 autem
3094 1581 3228 1635 lucis
3252 1580 3352 1636 ﬁlii
3374 1600 3442 1638 ne
3473 1585 3544 1638 de
3575 1585 3690 1640 bo-

2066 1665 2152 1719 nis
2187 1668 2528 1737 perennibus
2579 1687 2701 1742 qua;
2737 1681 3022 1743 sperantes
3055 1677 3315 1744 petebant
3367 1679 3685 1750 quidquam

2064 1754 2382 1824 perderent,
2415 1773 2472 1811 se
2504 1757 2658 1828 ipsos
2679 1760 2857 1831 ipsius
2906 1763 3095 1817 mortis
3125 1765 3384 1834 periculis
3411 1767 3692 1824 subdide—

2060 1851 2202 1899 runt.
2249 1845 2641 1903 Prudentiores
2693 1850 2862 1923 igitur
2892 1853 3001 1908 illis
3036 1853 3279 1916 fuerunt,
3323 1858 3588 1928 quoniam
3625 1872 3688 1915 et

2058 1938 2222 1994 vitam
2255 1941 2756 2013 incorruptibilem,
2799 1956 2854 2002 et
2886 1965 2994 2003 non
3046 1949 3332 2006 defectura
3361 1944 3508 2008 bon'a
3548 1972 3686 2024 quae

2055 2032 2391 2100 quaesieram
2441 2036 2728 2092 moriendo
2773 2050 3150 2097 servaverunt.
3210 2043 3289 2096 Illi
3337 2060 3465 2100 vero
3512 2045 3687 2102 bonis

2058 2137 2156 2192 pro
2193 2139 2424 2194 quorum
2467 2125 2924 2198 multiplicatione
2963 2134 3264 2202 prudentes
3306 2137 3687 2206 putabantur,

2057 2227 2155 2283 pro
2183 2214 2306 2270 vitae
2334 2216 2716 2289 redemptione
2745 2222 2979 2292 traditis,
3010 2239 3112 2278 nec
3143 2225 3315 2296 ipsam
3341 2227 3506 2283 vitam
3542 2230 3690 2284 reti-

2060 2325 2192 2363 nere
2222 2318 2539 2380 potuerunt.

2130 2442 2217 2496 33.
2267 2443 2534 2501 Praeterea
2563 2447 2725 2502 etiam
2753 2448 2796 2502 si
2837 2465 2963 2504 vera
3017 2453 3295 2507 sententia
3349 2462 3513 2515 esset.
3570 2471 3675 2510 nec

2058 2530 2133 2584 ibi
2155 2547 2399 2605 congrue
2426 2542 2744 2606 poneretur,
2769 2552 2873 2593 nec
2893 2539 3102 2611 aliquid
3135 2541 3212 2595 ibi
3240 2543 3506 2598 doctrinae
3534 2560 3682 2614 pon—

2053 2622 2155 2676 dus
2178 2623 2421 2680 haberet.
2457 2626 2643 2683 Restat
2663 2644 2793 2702 ergo
2821 2637 2899 2697 ut,
2927 2631 3068 2686 sicut
3112 2649 3458 2704 coeperamus
3490 2651 3675 2706 expo—

2053 2731 2206 2784 nere,
2243 2717 2312 2771 ad
2344 2719 2449 2775 hoc
2478 2721 2655 2791 posita
2685 2722 2918 2791 dicatur,
2951 2732 3010 2778 ut
3035 2733 3090 2780 et
3119 2742 3285 2780 causa
3313 2744 3482 2798 quare
3513 2728 3668 2783 illum

2054 2806 2121 2861 de
2165 2809 2457 2878 prudentia
2485 2811 2791 2868 laudaverit
2829 2815 3089 2870 dominus
3119 2819 3457 2885 ostendatur,
3492 2829 3544 2874 ct
3602 2837 3669 2874 ex

2054 2898 2173 2969 ipsa
2200 2903 2519 2959 ostensione
2541 2920 2698 2960 mens
2726 2908 3028 2976 peccatoris
3045 2911 3296 2964 conversi
3328 2911 3396 2965 ad
3426 2912 3678 2981 pruden-

1975 3015 2023 3083 Ο
2051 2992 2205 3060 tiam,
2232 3010 2356 3065 qua;
2384 2995 2598 3052 laudari
2625 3007 2899 3056 mereatur
2930 3018 2961 3056 a
2994 3002 3247 3069 Domino,
3278 3005 3664 3059 succendatur.

2054 3081 2145 3136 Est
2174 3097 2306 3156 ergo
2343 3084 2466 3139 talis
2495 3088 2792 3143 sententia.
2827 3089 3036 3145 Idcirco
3067 3091 3311 3146 villicum
3345 3093 3495 3148 illum
3525 3094 3678 3164 quod

2052 3177 2354 3246 prudenter
2405 3181 2582 3255 egerit
2631 3181 2892 3238 dominus
2933 3184 3025 3238 ille
3084 3185 3354 3253 laudavit;
3399 3189 3663 3260 quoniam

2052 3265 2255 3320 multos
2285 3267 2424 3322 lucis
2469 3267 2614 3325 ﬁlios
2654 3287 2778 3326 cum
2809 3273 2998 3328 saaculi
3048 3272 3194 3328 filius
3231 3285 3398 3343 esset,
3451 3277 3505 3330 in
3546 3276 3664 3346 ipsa

2060 3357 2351 3427 prudentia
2373 3362 2671 3430 superavit.
2707 3363 2857 3419 Multi
2889 3381 3128 3437 namque
3148 3368 3284 3422 lucis
3311 3367 3407 3422 lilii
3442 3380 3674 3439 possent

2053 3449 2310 3515 inveniri,
2341 3453 2432 3522 qui
2464 3452 2778 3509 debitorum
2811 3455 3029 3511 illorum
3071 3459 3158 3513 vel
3190 3459 3421 3525 nollent,
3454 3461 3540 3514 vel
3573 3477 3674 3516 ne-

2052 3537 2257 3592 scirent
2287 3539 2428 3594 sicut
2455 3541 2547 3596 iIIe
2573 3543 2832 3598 misertus
2862 3553 2944 3613 est
2971 3547 3241 3603 misereri.
3277 3547 3396 3602 Filii
3430 3565 3676 3621 namque

2052 3625 2236 3680 saeculi
2270 3627 2433 3696 hujus
2467 3631 2853 3698 prudentiores
2881 3632 3009 3689 filiis
3048 3635 3184 3691 lucis
3224 3637 3280 3690 in
3309 3639 3678 3711 generatione

2053 3733 2149 3772 sua
2183 3725 2329 3773 sunt.
2363 3721 2420 3774 Id
2449 3729 2530 3776 est
2560 3730 2690 3778 tunc
2717 3732 2928 3780 tantum
2971 3725 3068 3780 ﬁlii
3112 3730 3300 3784 saeculi
3353 3730 3518 3798 hujus
3549 3729 3679 3784 Iau-

2053 3809 2170 3864 dari
2211 3820 2513 3880 merentur,
2563 3831 2686 3869 cum
2741 3816 2870 3872 ﬁliis
2900 3817 3038 3873 lucis
3089 3819 3476 3890 prudentiores
3515 3821 3680 3876 inve-

2053 3899 2307 3955 niuntur:
2339 3904 2487 3972 quod
2519 3905 2844 3961 naturaliter
2874 3906 2930 3960 in
2959 3908 3040 3962 eis
3069 3909 3270 3971 evenit,
3305 3911 3677 3981 quotiescun-

2055 4005 2162 4059 que
2189 3999 2543 4060 generantur.
2573 3994 2733 4049 Lucis
2766 3995 2949 4067 itaque
2982 3996 3078 4050 ﬁlii
3123 3997 3472 4072 intelligendi
3519 4010 3678 4066 sunt,

2054 4082 2145 4152 qui
2181 4099 2280 4153 per
2311 4090 2475 4139 totam
2501 4085 2664 4140 vitam
2695 4103 2846 4141 suam
2884 4088 3118 4143 crimina
3148 4089 3476 4154 devitantes,
3509 4100 3569 4146 ut
3601 4094 3678 4147 ad

2053 4172 2218 4226 vitam
2245 4181 2504 4228 aaternam
2535 4177 2876 4244 perveniant,
2912 4176 3039 4231 lidei
3082 4179 3430 4234 concorditer
3458 4180 3676 4237 vivunt.

2053 4261 2170 4314 Filii
2202 4278 2332 4317 vero
2377 4265 2567 4318 smculi
2596 4264 2879 4331 dicuntur,
2929 4267 3023 4337 qui
3079 4268 3360 4323 mundana
3417 4269 3567 4324 lucra
3616 4279 3678 4325 et

2046 4354 2282 4409 carnalia
2341 4355 2617 4411 desideria
2677 4374 2777 4428 per
2834 4358 2915 4412 fas
2966 4369 3020 4413 et
3073 4359 3230 4415 nefas
3279 4360 3534 4417 obtinere
3585 4363 3672 4417 ni-

2122 4601 2210 4656 34.
2257 4602 2315 4657 Ili
2350 4604 2479 4658 dum
2513 4615 2824 4676 sequuntur
2861 4624 2926 4664 ea
2956 4610 3010 4663 in
3047 4613 3402 4683 corruptione
3434 4621 3566 4667 sunt
3613 4625 3673 4668 et

2044 4693 2279 4748 tendunt
2309 4693 2362 4746 in
2390 4709 2499 4749 non
2528 4711 2680 4760 esse;
2722 4713 2846 4751 cum
2879 4714 3008 4754 vero
3038 4701 3238 4771 quovis
3270 4701 3434 4757 modo
3461 4717 3562 4772 per
3585 4701 3676 4755 di-

2039 4799 2221 4838 vrnam
2263 4785 2492 4856 gratiam
2547 4801 2704 4840 suam
2773 4789 3187 4845 damnationem
3243 4800 3585 4864 cOgnoscunt
3617 4805 3675 4850 et

2039 4873 2329 4944 pcenitent,
2361 4876 2515 4946 quasi
2579 4887 2921 4950 generantur
2976 4889 3030 4935 et
3064 4883 3373 4951 procedunt
3414 4884 3481 4938 ad
3515 4901 3669 4940 esse.

2039 4968 2328 5025 Generatio
2366 4986 2605 5043 namque
2647 4980 2700 5026 et
2749 4975 3043 5046 corruptio
3090 4977 3354 5032 contrarii
3404 4985 3586 5034 motus
3616 4990 3674 5037 et

2038 5067 2166 5115 sunt
2195 5070 2250 5115 et
2291 5061 2584 5118 dicuntur:
2629 5066 2776 5120 unde
2827 5069 3211 5123 necessarium
3269 5076 3352 5124 est
3403 5077 3480 5130 ut.
3525 5072 3668 5128 sicut

2039 5148 2337 5204 carnalium
2395 5158 2676 5207 amatores
2733 5155 2862 5209 dum
2923 5155 3006 5209 eis
3060 5155 3320 5212 insistunt
3367 5157 3423 5211 in
3464 5174 3658 5213 corru-

2039 5237 2227 5308 ptione
2245 5254 2344 5292 sua
2365 5247 2517 5307 sunt,
2550 5249 2607 5295 et
2629 5241 2686 5294 in
2708 5242 2948 5298 miseriae
2972 5243 3250 5300 defectum
3279 5246 3661 5315 devolvuntur,

2042 5327 2136 5394 ita,
2170 5342 2293 5381 cum
2325 5329 2520 5383 eadem
2553 5330 2801 5385 carnalia
2850 5330 3127 5402 incipiunt
3158 5334 3333 5400 odire,
3389 5343 3444 5389 et
3486 5336 3554 5389 ab
3586 5337 3669 5391 eis

2040 5418 2322 5479 recedere,
2357 5427 2413 5474 et
2442 5421 2766 5490 paenitendo
2805 5421 2874 5476 ad
2906 5424 3216 5479 Creatorem
3246 5425 3453 5492 redire,
3487 5427 3540 5480 in
3567 5443 3670 5501 ge-

2043 5514 2328 5570 neratioue
2351 5532 2449 5572 sua
2473 5517 2606 5586 sint,
2639 5525 2694 5573 et
2732 5518 2801 5572 ad
2833 5518 3200 5575 beatitudinis
3241 5533 3545 5596 augmenta
3572 5539 3665 5578 re-

2041 5613 2326 5662 vocentur.
