3892 6048
175 166 316 222 1149

1277 163 1500 220 HOMIL.
1543 164 1629 221 DE
1666 162 1926 220 VILLICO
1967 163 2386 230 lNlQUlTATlS.

3368 169 3509 228 1150

235 291 325 348 33.
361 293 419 346 In
471 293 572 348 hac
625 307 756 368 ergo
809 292 1170 367 generatione
1215 307 1316 348 sua
1355 291 1654 347 existentes
1682 290 1783 346 ﬁlii
1805 294 1857 364 Α
1885 289 2101 347 instruo
2127 289 2200 351 :in
2241 291 2435 346 eadem
2468 291 2887 348 exhortatione:
2919 293 3100 348 Facite
3123 293 3269 348 vobis
3307 297 3510 352 amicos

161 385 352 440 saeculi
396 385 560 456 hujus
600 385 988 456 prudentiores
1035 383 1164 440 ﬁliis
1204 385 1342 440 lucis
1373 391 1522 454 sunt,
1579 400 1703 439 nam
1738 383 1786 438 si

167 476 560 546 prudentiores
591 493 704 532 non
732 485 881 540 sunt,
923 476 1168 532 nondum
1211 475 1268 530 in
1297 476 1658 551 generatione
1687 490 1788 530 sua

165 575 314 624 sunt.
353 569 483 624 Cum
509 584 640 642 ergo
666 569 719 623 in
749 569 1110 642 generatione
1153 583 1251 623 sua
1280 573 1428 631 sunt,
1468 567 1786 640 prudentio-

165 675 256 712 res
296 665 454 722 sunt;
497 657 758 729 quoniam
802 657 913 712 illis
951 658 1022 713 de
1064 673 1178 712 suae
1212 665 1339 713 vute
1370 657 1643 712 munditia
1669 656 1780 725 jam

164 749 402 816 securis,
435 757 490 804 et
519 749 644 804 ideo
684 749 1046 804 mediocriter
1073 749 1392 824 agentibus,
1423 749 1513 804 isti
1545 764 1576 802 a
1601 749 1785 804 sordi-

163 838 272 892 bus
297 853 434 910 quas
461 839 600 892 male
641 837 879 892 vivendo
930 854 962 892 a
1000 844 1154 908 patre
1195 839 1400 894 mundo
1444 847 1790 906 contraxere,

163 943 226 981 se
256 927 530 981 mundare
559 927 833 992 laborant,
868 934 923 981 et
951 927 1094 982 bona
1137 944 1260 999 quae
1321 927 1677 998 perdiderant
1707 942 1794 982 re-

1889 382 1957 436 de
1979 397 2289 437 mammona
2320 384 2636 453 iniquitatis
2693 385 2802 440 Hoc
2825 391 2929 451 est,
2963 400 3275 440 mammona
3305 385 3510 458 iniqui-

1890 475 2016 531 tatis
2047 492 2078 530 a
2110 474 2270 532 vobis
2319 485 2620 542 removete,
2663 485 2718 532 et
2761 477 2884 533 aliis
2921 478 3126 549 quibus
3155 479 3226 534 sit
3255 495 3512 535 necessa-

1889 563 2029 618 rium
2067 573 2314 639 erogate,
2349 565 2544 638 sicque
2576 565 2702 622 illos
2732 567 2892 623 vobis
2939 568 3168 634 amicos,
3214 567 3270 622 id
3301 578 3381 623 est
3410 570 3509 624 ad-

1881 655 2098 724 jutores
2138 665 2464 727 praeparate,
2499 667 2559 713 ut
2596 673 2720 713 cum
2755 657 3072 713 defeceritis
3105 659 3376 729 recipiant
3413 676 3511 716 vos

1887 743 1943 797 in
1985 753 2192 800 aeterna
2233 745 2616 812 tabernacula,
2658 745 2714 800 id
2755 753 2841 800 est
2885 763 3009 802 cum
3065 755 3246 802 vestra
3291 747 3508 818 justitia

1893 849 2004 890 non
2037 835 2202 890 fuerit
2232 836 2455 892 inventa
2505 837 2794 892 sufﬁciens
2851 838 2920 892 ad
2969 843 3204 893 vestram
3247 839 3505 895 salvatio-

1893 941 2043 994 nem,
2080 927 2134 981 in
2164 935 2496 984 teternorum
2525 936 2710 984 tamen
2752 929 3230 985 tabernaculorum
3261 929 3396 1001 ipsis
3417 931 3504 986 in-

163 1033 443 1088 cuperare
473 1017 655 1073 modis
681 1017 942 1072 omnibus
985 1018 1190 1090 quibus
1232 1025 1478 1090 possunt.
1512 1018 1573 1072 Et
1601 1018 1792 1090 utique
1893 1021 2304 1078 tercedentibus
2329 1023 2672 1095 reeipiamini
2707 1025 3070 1080 mansionem.

167 1106 499 1177 prudentior
527 1115 630 1175 est,
662 1106 754 1178 qui
782 1115 838 1162 et
867 1107 1129 1162 damnum
1162 1106 1462 1162 imminens
1491 1106 1794 1178 prudenter

165 1195 362 1263 evitat,
393 1203 448 1251 et
487 1195 773 1266 praemium
813 1196 963 1268 quod
1009 1197 1264 1268 pluribus
1310 1196 1652 1268 prOpositum
1683 1203 1787 1262 est,

161 1291 361 1346 eodem
393 1298 518 1346 actu
551 1289 768 1346 fortiter
811 1291 1062 1362 acquirit,
1104 1291 1222 1356 illo,
1258 1291 1352 1363 qui
1400 1291 1630 1362 praemio
1660 1306 1792 1346 con-

1962 1118 2050 1172 37.
2085 1117 2192 1174 Sed
2225 1134 2294 1173 ne
2325 1119 2526 1174 erretis
2557 1120 2611 1174 in
2648 1135 2714 1176 eo
2739 1121 2886 1192 quod
2927 1120 3064 1176 dicit
3088 1121 3156 1176 de
3191 1136 3506 1177 mammona

1893 1206 2200 1278 iniquitatis
2259 1208 2503 1278 putando
2535 1209 2824 1280 pecuniam
2868 1225 2968 1280 per
3008 1211 3163 1265 nefas
3215 1210 3507 1282 quodlibet

1889 1297 2212 1369 acquisitam
2250 1298 2330 1354 sic
2355 1300 2648 1370 nominari,
2691 1299 2878 1356 sciatis
2909 1301 2977 1356 de
3008 1317 3072 1355 ea
3103 1317 3228 1373 quae
3262 1318 3360 1372 per
3392 1319 3498 1357 nc-

169 1379 460 1450 scquendo
485 1378 840 1454 singulariter
860 1379 1124 1448 intentus,
1152 1380 1372 1436 tandem
1392 1380 1788 1452 quoquomodo
1888 1383 1971 1439 fas
2013 1385 2320 1457 acquiritur
2367 1387 2576 1442 amicos
2606 1389 2918 1460 hujusmodi
2946 1405 3056 1444 non
3085 1405 3246 1461 posse
3277 1406 3502 1463 compa-

168 1467 618 1539 compreheudit.
673 1466 987 1522 Prudentes
1019 1467 1268 1523 suntﬁlii
1306 1467 1466 1535 lucis,
1522 1467 1784 1539 quoniam

1887 1473 2030 1529 rari:
2073 1475 2342 1546 scriptum
2402 1483 2486 1531 est
2539 1477 2689 1532 enim
2735 1477 2865 1548 quia
2901 1479 2968 1532 de
3013 1479 3207 1550 rapina
3254 1481 3504 1536 eleemo-

165 1559 500 1614 munditiam
529 1575 682 1614 suam
714 1560 1112 1622 custodientes,
1141 1561 1210 1615 ad
1238 1558 1405 1616 ﬁnem
1427 1559 1854 1660 beatitudinisB
1885 1581 2076 1636 synam
2112 1566 2292 1622 facere
2325 1567 2406 1623 sic
2435 1568 2546 1624 Deo
2577 1577 2792 1640 gratum
2825 1577 2927 1638 est,
2983 1579 3040 1625 ut
3071 1571 3208 1640 patri
3241 1572 3286 1626 si
3320 1571 3504 1626 carni-

165 1649 438 1715 tendunt;
502 1659 686 1705 tamen
737 1666 768 1704 a
809 1648 1061 1720 pluribus
1107 1649 1348 1704 carnalia
1403 1647 1654 1704 subsidia
1689 1647 1853 1703 (ιθ-υ
1885 1653 2044 1711 ﬁcem
2085 1656 2270 1712 videat
2291 1672 2474 1712 coram
2506 1673 2565 1712 se
2595 1658 2768 1713 ﬁlium
2807 1659 3058 1734 jugulare
3087 1662 3271 1732 (Eccti.
3318 1678 3497 1726 xxxnv,

166 1740 410 1811 pientes,
442 1739 591 1796 bona
641 1755 743 1811 per
769 1756 891 1812 qua:
922 1740 1132 1796 debent
1161 1740 1309 1796 beati
1351 1739 1467 1796 ﬁeri
1499 1741 1786 1810 pariuntur

159 1841 217 1886 et
239 1833 397 1904 quasi
433 1833 698 1888 vendunt.
746 1833 1144 1888 Prudentiores
1174 1842 1358 1888 autem
1385 1841 1512 1888 sunt
1555 1831 1654 1886 ﬁlii
1682 1848 1783 1887 sae-

162 1924 276 1980 culi
319 1925 480 1993 hujus
521 1924 575 1978 in
606 1924 969 1996 generatione
1027 1941 1148 1993 sua,
1183 1924 1312 1996 quia
1351 1931 1406 1980 et
1430 1941 1488 1981 se
1513 1931 1778 1998 quantum

163 2023 399 2084 possunt
441 2013 766 2082 emundant,
820 2022 876 2068 et
913 2029 944 2068 a
996 2012 1160 2069 bonis
1207 2013 1409 2085 quibus
1463 2014 1615 2069 beari
1663 2029 1783 2069 me-

171 2111 396 2158 reantur
425 2117 538 2158 non
561 2109 800 2170 cessant,
834 2117 938 2157 nec
985 2102 1290 2174 quidquam
1321 2103 1390 2157 ab
1419 2102 1543 2158 aliis
1583 2118 1782 2174 capere

161 2201 443 2262 curantes,
493 2209 616 2266 quae
661 2193 953 2265 possident
999 2193 1358 2264 pauperibus,
1411 2202 1468 2250 et
1497 2194 1781 2264 omnibus,

155 2299 304 2356 quos
352 2283 494 2338 lucis
549 2282 692 2338 ﬁlios
743 2281 1082 2339 arbitrantur
1121 2281 1362 2338 libenter
1420 2284 1777 2354 impendunt:

154 2375 336 2442 unde,
363 2375 410 2429 si
439 2375 657 2430 beatius
709 2381 794 2429 est
815 2375 945 2430 dare
991 2390 1156 2446 quam
1205 2375 1480 2446 accipere,
1534 2375 1613 2429 illi
1649 2393 1781 2448 pru-

163 2467 452 2522 dentiores
493 2473 623 2521 sunt
661 2465 903 2534 dicendi,
945 2466 1075 2538 quia
1112 2466 1440 2537 prudentius
1486 2482 1608 2522 esse
1633 2466 1783 2538 quod

159 2562 376 2617 beatius
403 2571 489 2617 est
523 2577 709 2636 agere,
740 2577 904 2617 nemo
935 2577 1105 2616 sanus
1129 2561 1486 2616 cunctabitur
1503 2559 1777 2617 conﬁteri.

157 2653 552 2709 Prudentiores
597 2660 726 2708 sunt
755 2652 850 2706 ﬁlii
906 2653 1066 2720 lucis,
1108 2652 1369 2724 quoniam
1418 2659 1474 2708 et
1503 2652 1651 2708 bene
1690 2652 1777 2707 vi-

151 2755 288 2803 vunt
331 2757 387 2802 et
417 2763 516 2819 pro
561 2748 689 2802 aliis
718 2747 1037 2819 frequenter
1093 2747 1162 2802 ad
1191 2747 1485 2804 Dominum
1511 2746 1652 2803 ﬁunt
1700 2746 1780 2801 in-

157 2853 524 2909 tercessores;
556 2844 654 2898 sed
685 2843 1074 2914 prudentiores
1111 2849 1240 2898 sunt
1264 2841 1363 2896 ﬁlii
1397 2842 1581 2898 saeculi
1610 2842 1776 2911 hujus

1881 1744 1992 1812 24).
2042 1743 2151 1800 Sed
2192 1761 2509 1801 mammona
2565 1747 2873 1820 iniquitatis
2923 1750 3158 1820 pecunia
3208 1751 3372 1806 etiam
3406 1768 3504 1822 per

1882 1832 1964 1888 fas
2001 1833 2272 1906 acquisita
2325 1835 2660 1904 nominatur,
2693 1837 2955 1907 quoniam
3011 1837 3140 1892 dum
3189 1839 3238 1892 ei
3267 1855 3498 1913 congre-

1883 1921 2081 1995 gandae
2140 1922 2434 2006 insistitur,
2469 1924 2780 1979 necessario
2811 1941 2967 1980 mens
3019 1926 3088 1980 ab
3139 1927 3502 1997 inspiratione

1885 2013 2180 2080 Creatoris,
2215 2021 2271 2070 et
2303 2013 2374 2069 ab
2405 2015 2525 2084 ejus
2553 2015 2802 2082 servitio,
2845 2017 2932 2072 cui
2981 2033 3202 2089 semper
3229 2019 3502 2075 inhaerere

1883 2102 2072 2169 debet,
2131 2113 2438 2160 revocatur.
2483 2104 2616 2168 Quis
2669 2113 2852 2160 autem
2912 2121 3079 2160 sanus
3117 2105 3346 2177 negabit
3393 2106 3504 2160 ini-

1883 2211 2051 2267 quum
2081 2211 2201 2251 esse
2227 2211 2325 2266 pro
2356 2195 2706 2268 quantolibet
2735 2198 3030 2252 commodo
3062 2215 3092 2250 a
3125 2197 3382 2253 Creatore
3413 2198 3500 2253 vel

1882 2284 1952 2338 ad
1983 2291 2326 2340 momentum
2351 2285 2679 2340 discedere?
2703 2285 2834 2340 ldeo
2865 2301 3086 2357 aequum
3117 2293 3171 2340 et
3197 2285 3422 2340 salubre
3447 2295 3504 2342 et

1883 2384 2034 2432 certa
2073 2377 2340 2448 temporis
2377 2377 2690 2448 redemptio
2744 2383 2828 2432 est
2879 2393 2978 2448 pro
3011 2376 3280 2432 Creatoris
3309 2393 3500 2432 amore

1884 2464 2015 2523 ﬁliis
2057 2468 2200 2525 lucis
2229 2470 2567 2541 pauperibus
2615 2486 2845 2543 erogare
2874 2469 3147 2542 quidquid
3193 2485 3294 2526 nos
3325 2472 3503 2541 potuit

1879 2557 1967 2612 vel
2006 2558 2075 2613 ad
2125 2559 2317 2614 horam
2347 2559 2436 2614 ab
2465 2559 2586 2628 ejus
2637 2566 2863 2632 aspectu
2911 2567 2966 2615 et
3019 2559 3294 2615 desiderio
3339 2575 3498 2630 sepa-

1881 2663 2021 2704 rare.
2081 2648 2144 2704 Et
2184 2657 2334 2706 certe
2394 2650 2530 2706 ratio
2557 2650 2806 2719 justitiaa,
2843 2651 2975 2706 licet
3021 2666 3120 2722 per
3165 2650 3497 2706 contrarium

1881 2741 2196 2811 expostulat
2224 2750 2284 2797 ut
2326 2757 2427 2813 pro
2449 2741 2544 2797 Dei
2581 2741 2882 2797 dilectione
2914 2748 3303 2824 contemnatur
3331 2756 3496 2797 omne

1880 2847 1980 2902 pro
2007 2847 2118 2904 quo
2145 2833 2231 2888 vel
2285 2834 2354 2888 ad
2397 2835 2585 2890 horam
2644 2835 2898 2906 posuisse
2958 2832 3112 2903 illum
3153 2833 3498 2890 conscientia

161 2933 215 2986 in
247 2932 609 3004 generatione
635 2948 754 2995 sua,
784 2930 1046 3002 quoniam
1065 2938 1125 2987 ut
1145 2945 1256 2986 non
1279 2930 1606 2986 frustrentur
1640 2932 1775 2987 bea-
1804 2958 1852 3026 (ἶ
1878 2924 2183 2993 peccatoris
2213 2925 2550 2982 recordatur.

169 3021 406 3077 titudine
448 3038 612 3093 quam
687 3019 1032 3088 desiderant,
1075 3019 1302 3075 multos
1361 3019 1566 3075 habere
1621 3035 1774 3092 quae-
1806 3009 1852 3026 ν

160 3121 289 3168 runt
339 3113 649 3183 adjutores;
707 3113 776 3167 ad
833 3128 1022 3184 quam,
1081 3119 1140 3168 ut
1190 3127 1385 3167 secure
1427 3111 1606 3167 valeat
1651 3112 1778 3184 quis

157 3203 470 3274 pervenire,
494 3203 666 3259 tutius
717 3209 802 3258 est
843 3218 874 3256 a
923 3201 1175 3273 pluribus
1198 3201 1448 3271 adjuvari
1487 3217 1651 3274 quam
1685 3203 1773 3272 ju-

148 3314 299 3354 vare.

220 3387 308 3445 36.
359 3386 426 3443 Ut
463 3393 644 3442 autem
693 3383 791 3440 ﬁlii
851 3384 1040 3440 saeculi
1085 3385 1250 3456 hujus
1295 3385 1350 3441 in
1407 3387 1770 3460 generatione

153 3495 253 3536 sua
284 3478 448 3550 positi
507 3479 612 3534 hoc
660 3475 996 3548 adjutorium
1040 3492 1073 3531 a
1117 3476 1371 3548 pluribus
1418 3479 1638 3534 valeant
1671 3479 1770 3534 ha-

154 3571 306 3636 bere,
349 3569 624 3642 quidquid
656 3567 997 3623 mundanum
1027 3567 1337 3638 possident,
1379 3568 1532 3640 nulla
1569 3569 1770 3625 solliei-

152 3661 346 3717 tudine
377 3661 446 3716 de
497 3661 734 3717 crastino
775 3661 1038 3728 revocati,
1079 3662 1306 3717 student
1336 3661 1540 3734 quibus
1572 3678 1772 3718 neces-

153 3751 357 3806 sarium
389 3758 444 3807 et
473 3751 700 3826 dignum
736 3768 859 3808 esse
887 3753 1122 3808 credunt
1151 3768 1402 3829 erogare.
1449 3753 1560 3810 Nec
1588 3754 1766 3810 solum

149 3845 273 3899 aliis
299 3842 430 3900 ﬁliis
450 3844 591 3900 lucis
622 3845 1015 3917 prudentiores
1055 3852 1205 3913 sunt,
1227 3845 1324 3901 sed
1357 3845 1523 3902 etiam
1555 3847 1770 3918 seipsos

149 3933 454 3991 luciﬁcatos
481 3935 538 3990 in
572 3936 934 4010 generatione
966 3951 1087 4000 sua,
1125 3935 1194 3991 de
1235 3936 1326 3990 die
1356 3935 1413 3990 in
1455 3936 1600 3992 diem
1648 3953 1766 3992 ma-

145 4028 232 4102 gis
261 4035 316 4084 et
354 4027 533 4102 magis
561 4027 616 4080 in
645 4028 848 4082 virtute
879 4027 1182 4084 crescendo
1221 4027 1637 4083 transcendunt.
1681 4028 1769 4083 ld-

151 4123 322 4188 circo,
353 4130 414 4178 ut
461 4121 530 4177 ad
562 4122 756 4178 horum
795 4121 1157 4177 excellentem
1203 4122 1552 4194 prudentiam
1583 4123 1771 4180 horta-

149 4222 300 4270 retur
331 4214 596 4269 Dominus
624 4229 776 4279 suos,
802 4229 912 4269 non
944 4219 1238 4268 contentus
1277 4214 1532 4286 exemplo
1561 4229 1770 4286 pr0po-

1947 3014 2035 3070 38.
2069 3015 2280 3072 idcirco
2320 3015 2502 3072 bonus
2529 3017 2774 3072 Medicus
2819 3017 3002 3074 sciens
3047 3018 3378 3074 medicinam
3412 3021 3498 3074 in-

1876 3105 2119 3164 ﬁrmitati
2170 3110 2501 3165 contrariam
2575 3108 2858 3166 efﬁcacem
2925 3110 3250 3175 curationis,
3310 3111 3491 3166 dixit:

1873 3203 2053 3257 Facite
2099 3203 2250 3259 vobis
2288 3207 2486 3259 amicos
2525 3205 2590 3259 de
2643 3220 2950 3260 mammona
2999 3207 3332 3275 iniquitatis.
3386 3205 3495 3261 Sed

1870 3291 2058 3362 quos?
2096 3293 2300 3364 Utique
2331 3294 2470 3350 lucis
2502 3294 2648 3350 ﬁlios
2690 3295 2956 3361 maxime;
3007 3296 3104 3350 sed
3139 3297 3266 3351 ideo
3319 3297 3497 3351 noluit

1870 3385 2262 3453 determinare,
2321 3388 2449 3458 quia
2500 3387 2615 3442 vult
2681 3403 2834 3454 suos,
2893 3389 3199 3444 secundum
3252 3387 3488 3458 apostoli

1870 3476 2022 3532 Pauli
2038 3476 2368 3544 doctrinam,
2385 3477 2648 3533 omnibus
2663 3478 2900 3532 maxime
2919 3478 3238 3534 domesticis
3251 3477 3380 3532 ﬁdei
3394 3494 3494 3533 sua

1868 3565 2016 3622 bona
2055 3566 2466 3623 communicare
2514 3569 2654 3636 (Gal.
2690 3585 2763 3634 vi,
2810 3567 2918 3638 10).
2962 3567 3145 3623 Potest
3182 3575 3362 3622 autem
3409 3568 3495 3622 in-

1873 3662 2048 3736 telligi
2077 3677 2178 3733 per
2205 3661 2412 3717 amicos
2453 3662 2542 3717 hic
2574 3662 2723 3734 ipsos
2765 3662 2973 3718 fructus
3011 3661 3492 3734 eleemosynarum

1870 3753 2200 3830 signiﬁcari;
2253 3753 2347 3826 qui
2389 3755 2583 3828 utique
2611 3755 2729 3810 suis
2787 3754 3086 3811 factoribus
3144 3761 3273 3810 tunc
3327 3753 3490 3811 inve-

1870 3847 2096 3903 nientur
2132 3847 2316 3915 amici,
2359 3848 2492 3920 quia
2536 3863 2634 3918 pro
2667 3847 2804 3920 ipsis
2833 3847 2902 3902 ad
2933 3847 3102 3902 Deum
3135 3847 3394 3912 orabunt,
3424 3853 3486 3902 ut

1869 3936 1939 3992 ab
1970 3937 2216 3992 externis
2260 3937 2642 3993 mansionibus
2670 3953 2778 3992 non
2813 3936 3052 4008 patiatur
3096 3952 3194 3992 eos
3221 3937 3488 4008 separari.

1873 4026 1983 4083 Hoc
2013 4025 2176 4082 nobis
2233 4027 2412 4082 innuit
2443 4027 2578 4082 illud
2625 4026 2864 4098 Spiritus
2894 4026 3068 4082 sancti
3120 4035 3488 4098 praeceptum:

1873 4119 2004 4173 Date
2039 4119 2446 4187 eleemos-ynam,
2483 4125 2538 4173 et
2573 4118 2695 4190 ipsa
2727 4127 2847 4174 orat
2892 4133 2992 4189 pro
3021 4117 3180 4173 vobis
3208 4117 3275 4171 ad
3307 4117 3490 4173 Domi-

1870 4225 2000 4264 num
2035 4211 2181 4280 (Luc.
2216 4227 2290 4277 xi,
2349 4210 2460 4280 41).
2506 4210 2596 4264 Isti
2629 4210 2790 4265 amici
2846 4225 2974 4264 vere
3012 4224 3144 4264 suos
3173 4208 3381 4264 amicos
3434 4209 3488 4262 in

142 4306 270 4372 sito,
299 4303 548 4360 subdidit
583 4320 683 4359 sua
719 4311 996 4375 praecepta
1025 4304 1250 4360 dicens:
1284 4307 1355 4361 Et
1401 4321 1496 4373 ego
1526 4305 1649 4360 dico
1669 4322 1765 4362 υο-
1789 4303 1848 4371 D
1873 4303 2078 4353 aeterna
2133 4297 2488 4353 tabernacula
2535 4313 2660 4352 cum
2689 4297 2996 4352 defecerint
3036 4297 3329 4368 recipient,
3359 4297 3490 4368 quia
3567 4303 3577 4314 '

148 4399 266 4461 bis;
296 4399 476 4452 Facite
503 4397 652 4452 vobis
683 4399 886 4451 amicos
916 4397 982 4451 de
1001 4413 1317 4452 mammona
1344 4399 1677 4468 iniquitatis,
1719 4403 1774 4454 et

145 4495 364 4544 cratera.
421 4488 550 4542 Cum
608 4487 756 4542 enim
804 4489 910 4543 hoc
961 4489 1244 4560 apposuit,
1313 4495 1367 4544 et
1417 4489 1765 4560 prudentiam

146 4577 384 4632 ﬁliorum
425 4576 611 4631 saeculi
665 4577 830 4644 hujus
861 4593 1025 4648 quam
1055 4576 1262 4632 habent
1316 4576 1370 4630 in
1407 4578 1766 4649 generatione

1871 4401 1994 4442 cum
2026 4387 2098 4442 ob
2127 4387 2502 4458 praecedentia
2531 4394 2758 4455 peccata
2810 4386 2936 4453 jure
2979 4385 3318 4440 damnationi
3348 4384 3484 4439 sub-

1869 4476 2040 4532 dendi
2067 4476 2196 4540 sint,
2243 4491 2434 4531 eorum
2481 4482 2832 4531 excusatores
2865 4483 2920 4530 et
2957 4490 3122 4530 causa
3165 4472 3484 4530 salvationis

1868 4567 2017 4624 ﬁent.
2055 4571 2115 4624 In
2144 4575 2348 4624 aeterna
2376 4569 2524 4623 enim
2555 4567 2908 4624 tabernacula
2941 4567 3205 4624 dicuntur
3233 4566 3360 4622 illos
3385 4583 3480 4623 re-

141 4680 237 4720 sua
259 4679 363 4720 nos
408 4662 610 4718 imitari
645 4663 829 4732 jussit,
871 4673 926 4719 et
955 4663 1184 4720 formam
1227 4665 1348 4733 ejus
1380 4680 1450 4720 ne
1489 4664 1604 4720 falli
1634 4681 1766 4735 pos-
1864 4660 2098 4733 ceptnri,
2131 4661 2260 4732 quia
2298 4676 2461 4716 causa
2501 4670 2630 4716 sunt
2681 4677 2852 4732 quare
2905 4661 3120 4716 beatam
3161 4660 3272 4716 sint
3313 4661 3480 4717 vitam

147 4775 354 4824 semus,
394 4758 450 4812 in
475 4774 540 4813 ea
573 4757 860 4828 piissimus
885 4769 1194 4830 praeceptor
1215 4766 1470 4831 patenter
1499 4761 1762 4817 ostendit.

1865 4751 2200 4822 possessuri;
2254 4766 2378 4820 quae
2425 4765 2522 4821 per
2564 4749 2920 4806 tabernacula
2954 4750 3082 4804 ideo
3132 4749 3478 4825 designatur,

147 4851 301 4917 Quod
321 4850 470 4905 enim
501 4849 666 4904 dixit:
722 4852 793 4906 Et
843 4865 939 4919 ego
971 4851 1090 4906 dico
1145 4851 1324 4907 vobis:
1387 4853 1565 4906 Facite
1613 4853 1762 4909 vobis
1864 4841 1996 4914 quia
2023 4848 2080 4896 et
2126 4841 2325 4897 multas
2363 4841 2526 4896 habet
2581 4841 2921 4908 mansiones,
2970 4848 3025 4896 et
3061 4841 3315 4914 quisquis
3359 4859 3479 4898 eam

147 4943 345 4996 amicos
396 4939 457 4992 de
509 4955 818 4994 mammona
855 4942 1191 5010 iniquitatis,
1247 4947 1302 4996 et
1351 4946 1570 5004 caetera,
1627 4940 1762 5013 quid

148 5031 294 5087 aliud
345 5030 584 5098 videtur,
615 5029 661 5084 si
695 5029 1106 5085 rationabiliter
1145 5029 1459 5096 discutitur,
1520 5033 1682 5103 quain
1718 5032 1764 5087 si

152 5122 427 5195 posuisset
501 5121 615 5176 haec
667 5121 838 5177 verba
894 5123 1195 5179 lectoribus
1247 5123 1604 5199 cognitiora?
1659 5125 1770 5181 Hoc

152 5214 432 5286 exemplar
469 5213 620 5286 quod
651 5213 720 5268 de
769 5213 954 5271 villieo
987 5222 1044 5270 et
1073 5216 1143 5270 de
1197 5214 1493 5286 prudentia
1531 5215 1768 5274 ﬁliorum

151 5303 334 5360 saeculi
383 5302 550 5374 hujus
597 5303 884 5374 proposui,
931 5305 1000 5360 ad
1056 5304 1160 5358 hoc
1214 5303 1373 5359 vobis
1425 5305 1767 5375 propositum

153 5400 254 5462 est,
281 5402 342 5449 ut
369 5391 641 5448 studentis
679 5392 913 5462 imitari;
959 5403 1014 5450 et
1037 5402 1097 5450 ut
1148 5410 1258 5451 non
1302 5395 1422 5450 sitis
1448 5394 1691 5463 desides,
1717 5403 1772 5452 et

159 5484 308 5542 omni
351 5483 589 5541 carentis
639 5487 1019 5555 excusatione,
1077 5489 1196 5542 dico
1248 5487 1420 5554 vobis,
1476 5486 1532 5541 id
1575 5496 1658 5542 est
1701 5487 1769 5543 ad

156 5575 481 5634 imitandum
539 5590 638 5633 vos
680 5577 872 5633 hortor
918 5595 1042 5634 mea
1094 5578 1490 5650 praeceptione,
1542 5583 1597 5634 et
1639 5579 1771 5650 quid

157 5665 407 5723 faciendo
455 5665 803 5738 prudentiam
854 5667 1051 5724 horum
1090 5667 1356 5740 consequi
1410 5667 1634 5738 possitis
1675 5681 1774 5724 vos

1869 4929 2195 5004 ingreditur,
2227 4931 2377 4986 velut
2403 4929 2606 4986 milites
2634 4931 2687 4986 in
2716 4929 3086 4988 tabernaculis
3115 4949 3146 4988 a
3166 4932 3354 4990 labore
3381 4932 3484 4988 mi—

1871 5025 2002 5080 litia:
2031 5023 2270 5091 diurnae,
2317 5023 2386 5078 ab
2426 5023 2578 5080 omni
2629 5023 2818 5080 labore
2862 5025 3182 5097 temporalis
3209 5027 3334 5082 vitae
3363 5027 3484 5082 sine

1871 5113 1979 5169 fine
2015 5113 2388 5188 refrigeretur.
2424 5113 2594 5179 Quam
2619 5129 2720 5168 nos
2749 5113 3082 5183 introducat,
3112 5121 3168 5170 et
3195 5131 3225 5170 a
3251 5114 3485 5170 misera-

1871 5203 1970 5258 bili
2000 5203 2190 5260 labore
2220 5203 2386 5275 hujus
2418 5201 2518 5258 via:
2549 5202 2838 5278 refrigeret
2862 5204 2956 5276 qui
2985 5203 3106 5260 haec
3132 5220 3258 5276 quae
3288 5212 3488 5260 utcun-

1873 5309 1981 5366 que
2019 5293 2374 5350 tractavimus
2404 5292 2618 5360 docuit,
2653 5300 2710 5348 et
2735 5293 2805 5348 ad
2838 5292 3164 5349 imitandum
3201 5294 3492 5367 proposuit

1870 5381 2034 5436 Jesus
2065 5379 2310 5436 Christus
2337 5380 2606 5436 Dominus
2657 5391 2865 5449 noster,
2915 5382 3004 5437 cui
3041 5397 3154 5438 non
3197 5382 3372 5438 solum
3401 5389 3488 5439 est

1870 5472 2070 5546 gloria,
2119 5471 2218 5526 sed
2266 5478 2323 5527 et
2348 5470 2458 5526 sibi
2497 5472 2946 5544 obtemperantes
2987 5474 3492 5545 incomparabiliter

1873 5567 2069 5622 merita
2117 5567 2562 5624 transcendendo
2603 5567 2874 5643 gloriﬁcat
2929 5569 2988 5626 in
3017 5569 3221 5626 saecula
3263 5573 3488 5629 saeculo-

1873 5675 2014 5716 rum.
2048 5658 2239 5716 Amen.
