3932 6040
357 205 484 260 1051

1581 196 1637 248 8.
1681 192 1919 250 ODONIS
1961 189 2202 246 CAMEB.
2246 188 2452 244 EPISC.

3556 185 3723 242 H53

969 545 1123 670 Β.
1213 537 1885 668 ODONIS
1966 535 3045 664 DIPLOMATA.

1134 829 1174 881 l.

1985 828 2037 896 Α
2066 823 2172 894 piae
2213 822 2470 894 petitioni
2506 822 2882 894 acquiescere.
2919 821 2981 875 Hi
3010 820 3156 875 enim
3199 820 3480 891 petierunt
3538 835 3573 873 a
3604 834 3712 873 me

349 943 641 1010 Conﬁrmat
672 938 984 992 donationes
1040 937 1218 1010 factas
1268 935 1497 989 abbatia:
1537 935 1781 1010 Jettcnsi,
1822 949 1965 989 nunc

2101 914 2236 968 ltare
2279 914 2347 968 de
2380 913 2626 968 Estruem
2658 912 2779 984 (sed
2824 912 3060 967 maxime
3113 912 3373 986 Tiegerus
3402 925 3711 966 concaua-

561 1011 950 1078 Ditigcmimtsi,
976 1009 1185 1063 ordinis
1206 1008 1751 1062 Prmnonstratensis.

961 1098 1138 1167 (Anno
1177 1096 1362 1164 1108)

356 1186 625 1260 [MIRA-10$,
660 1188 776 1258 Opp
817 1186 1043 1256 diplom.
1065 1185 1132 1260 ll,
1160 1185 1290 1260 958,
1313 1200 1377 1260 ex
1399 1199 1529 1250 mss,
1552 1179 1963 1252 archiviicapit.

973 1255 1344 1327 Anderlecht.]

425 1369 484 1422 In
523 1369 746 1424 nomine
777 1375 978 1424 sanctm
1043 1375 1098 1424 et
1139 1367 1438 1422 individua;
1475 1364 1773 1427 Trinitatis,
1831 1363 1963 1430 Ooo,

352 1463 448 1518 Dei
516 1464 694 1538 gratia
771 1463 1178 1519 Cameracensis
1247 1463 1563 1535 episc0pus,
1644 1475 1835 1532 pacem
1913 1467 1969 1515 et

353 1558 584 1613 salutem
619 1558 832 1614 cunctis
862 1558 1056 1612 Christi
1086 1556 1360 1612 tidelibus.

425 1651 620 1706 Notum
653 1651 724 1705 sit
767 1649 1029 1706 omnibus
1084 1649 1277 1703 Christi
1321 1648 1580 1703 ﬁdelibus
1631 1654 1736 1702 tam
1769 1646 1968 1702 futuris

355 1762 517 1817 quam
556 1743 942 1815 praesentibus,
977 1743 1126 1814 quod
1166 1743 1221 1797 in
1257 1743 1452 1798 diebus
1479 1742 1681 1797 nostris
1707 1741 1971 1796 instinctu

357 1844 410 1891 et
451 1838 666 1892 hortatu
712 1845 901 1893 nostro
933 1844 1100 1910 atque
1129 1835 1446 1890 Waltbelmi
1479 1835 1714 1901 abbatis,
1749 1834 1972 1888 Everal-

355 1926 459 1980 dus
490 1922 812 1995 ltodulphus
861 1925 1246 1992 Tornacensis,
1297 1924 1369 1980 ob
1427 1924 1613 1979 uxoris
1657 1939 1792 1987 sua),
1848 1921 1976 1977 Hel-

356 2011 557 2079 wildis,
589 2012 787 2067 animte
820 2014 1164 2080 memoriam,
1206 2010 1566 2068 concessione
1596 2019 1650 2064 et
1677 2008 1974 2064 traditione

358 2102 555 2157 Galteri
590 2101 685 2156 filii
715 2102 799 2157 sui
849 2104 1043 2158 decem
1085 2109 1139 2158 et
1171 2110 1298 2158 octo
1353 2108 1510 2157 terrae
1551 2098 1815 2154 bonarios
1845 2114 1971 2153 cum

357 2197 846 2252 domistationibus
913 2198 979 2252 ad
1043 2198 1194 2268 ipsos
1252 2194 1682 2268 pertinentibus,
1735 2201 1790 2248 ct
1846 2209 1970 2248 cum

358 2296 510 2359 prato
571 2289 736 2344 trium
782 2297 994 2361 partum
1050 2289 1253 2365 jugcri,
1296 2289 1503 2343 liberos
1553 2287 1621 2341 ab
1667 2286 1817 2342 omni
1876 2286 1977 2340 ad-

357 2382 568 2436 vocatia
590 2382 851 2437 Ecclesiae
880 2382 1113 2437 Jettensi
1145 2389 1199 2436 et
1229 2380 1560 2436 Walthelmo
1588 2378 1773 2433 abbati
1812 2385 1977 2449 atque

363 2472 777 2527 successoribus
847 2471 968 2540 ejus
1017 2470 1262 2538 tradidit,
1313 2471 1522 2541 absque
1567 2469 1798 2539 alicujus
1844 2483 1979 2523 con-

362 2560 714 2615 tradictione.

430 2648 708 2720 Quidquid
760 2656 942 2704 autem
977 2648 1118 2719 juris
1172 2648 1378 2703 habent
1435 2647 1490 2701 in
1542 2647 1646 2702 hoc
1677 2644 1971 2708 beneﬁcio,

363 2744 672 2799 Waltlterus
704 2745 985 2806 sacerdos,
1039 2750 1095 2799 et
1150 2743 1300 2799 Goda
1353 2743 1517 2799 vidua
1549 2742 1804 2814 quaedam
1852 2740 1978 2796 reli-

359 2838 514 2911 giosa
545 2839 863 2912 supradicta
895 2840 1165 2895 Everardo
1200 2838 1432 2894 Bodulfo
1456 2855 1637 2894 coram
1663 2837 1980 2894 hominibus

356 2927 492 2994 suis,
525 2938 686 2982 antea
728 2928 1067 2982 tradiderant
1096 2935 1150 2981 et
1180 2926 1680 2982 exfestucaverant.

433 3017 757 3088 Quicunque
823 3018 1032 3089 aliquid
1092 3018 1285 3072 horum
1350 3017 1652 3090 infringere
1714 3031 1979 3088 praesum-

364 3111 533 3182 pserit
555 3112 932 3167 maledictioni
967 3121 1131 3183 atque
1151 3111 1512 3167 exsecrationi
1543 3111 1845 3184 subjaccat.
1872 3113 1978 3169 Pax

363 3201 529 3276 igitur
559 3213 614 3258 et
651 3203 968 3259 benedictio
1009 3213 1431 3260 conservaturos
1457 3213 1752 3279 contegat;
1805 3205 1971 3260 dissi-

363 3303 586 3364 patores
612 3310 742 3350 vero
777 3295 914 3350 ultio
938 3297 1129 3350 aeterni
1157 3295 1299 3371 ignis
1325 3313 1448 3352 cum
1474 3297 1695 3353 diabolo
1724 3297 1899 3353 feriat.

431 3382 492 3438 Et
536 3384 642 3438 huc
696 3385 800 3440 hoc
865 3392 1038 3440 ratum
1095 3395 1148 3440 ct
1186 3386 1571 3441 inconvulsum
1630 3393 1972 3457 permaneat.

362 3472 621 3545 Paginam
673 3475 816 3530 hanc
867 3474 1165 3531 subnotato
1222 3475 1537 3532 testimonio
1594 3475 1762 3547 sigilli
1803 3476 1977 3532 nostri

365 3563 685 3618 auctoritate
716 3580 1011 3620 armamus.

433 3651 623 3705 Actum
683 3651 958 3708 Cameraci
1005 3669 1150 3708 anno
1210 3653 1364 3722 1106,
1423 3653 1753 3726 praesulatus
1803 3655 1974 3710 nostri

363 3757 508 3798 anno
532 3741 730 3815 primo.

1134 3838 1200 3892 ll.

365 3929 713 3996 Privilegium
765 3945 868 3999 pro
920 3931 1141 3984 ecclesia
1205 3933 1581 3987 cmtonicorum
1635 3933 1690 3988 S.
1745 3933 1974 3987 Joannis

436 4020 696 4088 Baptistae
741 4023 802 4074 in
854 4022 988 4076 urbe
1050 4023 1476 4090 Valentiancnsi,
1534 4039 1652 4093 quae
1713 4041 1852 4079 nunc
1901 4029 1976 4080 est

433 4111 656 4168 abbatia
679 4115 1009 4181 regularium
1034 4116 1241 4170 ordinis
1268 4117 1323 4171 S.
1358 4118 1666 4184 Augustini.

967 4211 1138 4281 (Anno
1192 4210 1370 4281 11074

749 4301 1007 4377 [Mm/aus,
1039 4304 1136 4358 ubi
1154 4319 1346 4374 supra,
1381 4321 1434 4376 p.
1464 4303 1588 4359 675.

437 4396 744 4465 Onoannus,
787 4397 1262 4454 Cameracensium
1302 4399 1683 4470 episcopus...
1719 4397 1978 4454 Libenter

366 4486 757 4542 canonicorum
821 4488 1068 4544 ecclesia:
1127 4488 1182 4542 8.
1258 4488 1487 4544 Joannis
1547 4487 1820 4558 Baptistae,
1889 4488 1977 4544 cui

366 4574 477 4631 Deo
503 4581 748 4644 auctore,
774 4575 879 4648 ipsi
921 4577 976 4631 in
1027 4577 1364 4634 Valentianis
1403 4576 1750 4646 deserviunt,
1789 4576 1976 4632 studui

1999 3571 2050 3640 Ο
2081 3575 2282 3648 prioris
2341 3575 2613 3643 Gozelini,

2069 1005 2224 1059 nicus
2263 1020 2478 1069 eorum,
2522 1003 2618 1075 qui
2668 1003 2838 1058 altare
2871 1002 3005 1057 illud
3059 1003 3325 1071 tenuerat)
3368 1001 3621 1056 liberum
3671 1017 3714 1054 ει

2071 1109 2305 1164 persona
2337 1093 2585 1149 ecclesim
2627 1091 2866 1165 praefatae
2912 1092 3096 1147 tradi:
3146 1093 3292 1164 quod
3324 1098 3380 1148 et
3421 1088 3718 1148 obtinue-

2069 1196 2218 1244 runt.

2141 1282 2369 1357 Signum
2397 1281 2634 1337 Wedrici
2663 1282 2876 1337 abbatis
2895 1280 3312 1339 Altimontensis
3343 1281 3624 1337 camobii.

2139 1371 2196 1426 S.
2229 1369 2505 1426 Lamberti
2540 1369 2945 1441 Crispiniensis.

2139 1467 2173 1521 8
2233 1465 2416 1521 Alardi
2450 1465 2714 1521 Cellensis
2741 1465 2980 1522 abbatis.

2144 1559 2199 1614 S.
2233 1558 2454 1613 Reineri
2484 1557 2702 1614 abbatis
2722 1558 2790 1613 de
2819 1557 3066 1614 Latitiis.

2144 1651 2196 1706 S.
2233 1651 2413 1706 lvonis
2451 1649 2669 1705 decani.

2144 1743 2336 1798 Actum
2365 1757 2512 1798 anno
2542 1741 2840 1798 millesimo
2866 1740 3170 1798 centesimo
3197 1743 3458 1814 septimo,
3484 1760 3707 1815 praesu-

2074 1835 2215 1890 latus
2252 1849 2382 1890 vero
2409 1834 2517 1890 mei
2545 1840 2760 1907 quarto,
2794 1833 3098 1890 indictione
3136 1835 3400 1892 secunda.

2835 1938 2926 1992 Ill.

2079 2055 2371 2124 Conﬁrmat
2428 2056 2660 2110 abbatioe
2719 2057 2778 2111 S.
2825 2056 2974 2109 Petri
3026 2056 3235 2110 ordinis
3289 2056 3345 2111 S.
3414 2055 3708 2110 Benedicti

2001 2159 2052 2228 Β
2139 2128 2304 2228 {itaita
2341 2127 2673 2195 Gondavum,
2730 2129 2936 2182 altaria
2985 2129 3042 2182 in
3079 2143 3180 2183 sua
3229 2128 3442 2182 diwcesi
3492 2130 3714 2183 consti-

2148 2204 2286 2254 tuta.

2684 2293 2856 2359 (Anno
2900 2291 3087 2361 1108.)

2080 2384 2320 2459 [Μιιυευδ
2361 2384 2458 2439 ubi
2524 2399 2716 2454 supra,
2780 2392 2817 2440 t.
2887 2385 2982 2451 Ill,
3041 2403 3095 2456 p.
3154 2385 3283 2452 665,
3333 2402 3397 2441 ex
3451 2387 3706 2442 archivis

2609 2476 2849 2532 abbatize
2879 2478 2935 2533 S.
2970 2478 3156 2549 Petri.]

2151 2566 2211 2620 In
2251 2565 2474 2622 nomine
2513 2573 2714 2622 sanctae
2755 2573 2810 2622 et
2868 2567 3169 2622 individuis
3232 2569 3528 2624 Trinitatis.
3586 2571 3711 2641 Ego

2077 2656 2214 2724 Ono,
2243 2673 2341 2728 per
2369 2657 2466 2712 Dei
2506 2657 2919 2714 miserationem
2961 2658 3439 2716 Cameracensium
3486 2662 3715 2732 episco-

2077 2764 2205 2820 pus,
2238 2748 2495 2805 omnibus
2524 2748 2848 2805 Christianis
2886 2750 3120 2806 salutem
3168 2758 3222 2807 et
3273 2751 3506 2827 gloriam
3555 2768 3713 2808 scm-

2078 2841 2372 2912 pitcrnam.

2151 2930 2207 2984 Si
2263 2930 2510 2986 Salvator
2556 2939 2745 2987 noster
2784 2931 3027 2987 Christus
3079 2933 3240 2988 Jesus
3280 2941 3521 2988 sanctam
3573 2933 3702 2989 fun-

2081 3019 2231 3075 davit
2266 3019 2584 3089 Ecclesiam,
2617 3021 2767 3093 quod
2801 3028 2883 3076 est
2913 3038 3034 3077 cum
3067 3022 3231 3078 dicit:
3273 3025 3351 3077 Tu
3390 3039 3442 3078 es
3477 3025 3700 3086 Petrus,

2078 3120 2128 3170 et
2166 3133 2328 3186 super
2367 3117 2507 3172 hanc
2559 3123 2774 3189 petram
2809 3119 3085 3189 aediﬁcabo
3142 3121 3427 3176 Ecclesium
3473 3135 3646 3174 meam
3683 3137 3700 3173 :

2078 3215 2209 3262 tunc
2247 3207 2315 3262 ad
2349 3207 2524 3280 ipsius
2567 3209 2882 3281 exemplum
2927 3208 3158 3264 multum
3217 3209 3468 3265 laborare
3517 3209 3702 3264 debe-

2079 3321 2222 3372 mus,
2253 3315 2314 3360 ut
2354 3305 2476 3376 ipsa
2515 3322 2616 3377 per
2654 3321 2757 3361 nos
2785 3312 3013 3373 crescat,
3045 3321 3377 3378 semperque
3407 3305 3462 3360 in
3495 3305 3706 3360 melius

2077 3400 2485 3468 augmentatur.

2151 3485 2474 3540 Audivimus
2516 3483 2702 3557 itaque
2760 3499 2958 3555 preces
3006 3483 3197 3540 domni
3251 3483 3468 3540 abbatis
3499 3485 3705 3561 Sigeri,

2696 3573 3000 3646 domuique
3061 3575 3321 3631 Ansboldi
3388 3577 3704 3648 praepositi,

2077 3673 2517 3738 ceterorumque
2575 3663 2976 3720 venerabilium
3046 3664 3273 3720 fratrum
3324 3665 3378 3720 in
3433 3665 3698 3720 ccenobio

2081 3759 2137 3812 Β.
2217 3757 2358 3813 Petri
2414 3757 2790 3828 apostolorum
2840 3755 3132 3828 principis,
3192 3757 3247 3812 in
3299 3757 3420 3812 loco
3477 3757 3705 3812 Blandi-

2077 3846 2258 3903 niensi
2311 3845 2692 3901 monachalem
2737 3845 2904 3901 vitam
2949 3845 3256 3917 agentium,
3298 3853 3353 3901 et
3384 3861 3480 3916 pro
3520 3846 3703 3900 salute

2077 3943 2264 3992 nostra
2317 3941 2738 4007 nostrorumque
2793 3934 3258 4005 praedecessorum
3317 3933 3508 3987 altaria
3565 3949 3692 4000 sua,

2076 4044 2197 4100 quae
2229 4043 2326 4100 per
2358 4042 2627 4099 personas
2672 4026 2954 4095 tenebant,
2985 4026 3186 4082 amodo
3225 4025 3308 4082 eis
3340 4025 3610 4081 canonice
3637 4035 3696 4080 et

2076 4117 2289 4189 absque
2333 4116 2586 4188 personis
2651 4116 2826 4172 libera
2897 4116 2952 4170 in
3010 4125 3336 4188 perpetuum
3403 4113 3696 4186 possidere

2076 4205 2453 4262 concedimus.

2147 4297 2328 4352 Altare
2358 4295 2618 4353 videlicet
2655 4296 2724 4351 de
2751 4295 3089 4351 Merlebecca
3137 4297 3210 4367 (5)
3239 4311 3364 4352 cum
3417 4295 3695 4366 appendi-

2075 4392 2166 4446 tiis
2217 4391 2352 4458 suis,
2413 4390 2628 4446 Rothcn
2678 4390 2749 4462 (6)
2808 4396 2863 4444 et
2922 4388 3195 4444 Bottelaer
3251 4389 3352 4460 (7).
3397 4388 3578 4444 Altare
3619 4390 3694 4445 de

2078 4487 2328 4543 Holthem
2380 4486 2475 4556 (8).
2540 4487 2719 4541 Altare
2777 4485 2847 4540 de
2913 4486 3152 4539 Materna
3217 4485 3310 4554 (9).
3381 4483 3560 4538 Altare
3617 4485 3694 4540 de

2076 4575 2264 4631 Bostut
2293 4575 2427 4647 (10),
2450 4591 2573 4631 cum
2600 4573 2923 4647 appenditio
2957 4573 3236 4630 Bosbecca
3257 4573 3383 4644 (11).
3416 4574 3598 4629 Altare
3618 4574 3696 4630 de

440 4803 512 4872 (3)
533 4803 931 4879 .Merlebeeclt,
951 4805 1215 4879 parochia
1258 4805 1421 4879 hodie
1461 4807 1717 4862 ditecesis
1745 4807 2049 4879 Mechli-D
2074 4807 2176 4862 sub
2209 4806 2407 4862 eodem
2439 4808 2732 4863 decanatu.

367 4873 598 4941 niensis,
650 4876 715 4930 ad
757 4873 992 4931 Scaldiin
1024 4877 1270 4941 ﬂuvium,
1324 4878 1427 4933 sub
1473 4879 1741 4934 decanatu
1781 4879 1974 4934 Oirde-

365 4946 692 5020 ghemensi;
723 4947 1026 5020 Toparchia
1056 4948 1276 5003 tamiliae
1305 4949 1375 5004 dc
1402 4949 1577 5004 Triest
1597 4950 1863 5004 Gandavi.

436 5019 509 5089 (6)
543 5018 1439 5087 Rothen;‘aliasSchelde-Rode;
1498 5021 1661 5076 hodie
1705 5021 1975 5077 marchio-

369 5097 528 5165 natus
558 5089 919 5165 deﬁhodes;
971 5089 1072 5165 sub
1114 5091 1383 5165 decanatu
1425 5092 1877 5165 Oirdeghemensi
1920 5093 1974 5165 in

365 5160 594 5234 dimcesi
641 5161 1050 5234 Mechliniensi;
1101 5162 1232 5218 olim
1281 5160 1879 5234 appendixr'parochiae
1910 5164 1977 5218 de

365 5231 738 5306 Met-lebeeck;
767 5241 850 5289 ast
880 5232 1050 5289 modo
1077 5231 1338 5306 parochia
1358 5231 1639 5306 specialis.

438 5305 540 5384 (7)_
572 5305 885 5371 Bottelaer,
947 5321 1119 5430 ἰδίας
1182 5305 1288 5360 sub
1348 5305 1616 5362 decanatu
1673 5305 1977 5387 Oirdeghe-

438 5389 572 5430 msr:
605 5376 912 5430 cultnerga
997 5417 1010 5430 .
1066 5383 1293 5430 matrem
1345 5379 1558 5430 Annam
1613 5378 1886 5430 celebris:
1922 5393 1976 5430 in

366 5375 572 5440 mensi;
605 5376 752 5431 cultu
778 5393 912 5449 erga
948 5375 1047 5449 ΒΓ
1066 5383 1293 5449 matrem
1345 5379 1565 5449 Annam
1613 5375 1886 5442 celebris“;
1922 5377 1976 5432 in

366 5461 476 5516 quo
508 5455 559 5501 et
591 5447 885 5504 carmelitee
919 5448 1144 5504 calceati
1178 5448 1246 5503 ab
1298 5464 1442 5504 anno
1474 5447 1611 5505 1607
1643 5456 1973 5504 conventum

365 5528 669 5572 erexerant.

435 5588 510 5654 (8)
543 5589 815 5659 ltolthem,
839 5591 1005 5646 hodie
1031 5590 1534 5659 Letter-Hauthem,
1557 5593 1624 5646 ad
1653 5591 1969 5648 distinctio-

367 5669 493 5708 nem
525 5656 749 5714 alterius
775 5661 901 5733 pagi
937 5661 1105 5718 vicini
1159 5662 1293 5718 dicti
1328 5662 1381 5718 S.
1414 5656 1970 5732 Lievens-Hauthem,

2147 4878 2530 4952 t9)‘Materna,A
2571 4880 2736 4952 vulgo
2775 4878 3253 4952 Maetere,_‘prope
3277 4874 3691 4952 __Aldenardam,

2073 4949 2176 5005 sub
2202 4946 2485 5005 decanatu
2512 4946 2908 5015 Rothﬁacensi,
2933 4950 2989 5004 in
3021 4946 3251 5004 diiecési
3277 4946 3687 5002 Mechliniensi.

2074 5021 2150 5076 De
2177 5021 2543 5091 acquisitione
2575 5021 2736 5091 hujus
2765 5021 2952 5077 altaris
2986 5021 3110 5078 vide
3164 5018 3407 5090 diploma
3463 5035 3518 5090 p.
3559 5020 3689 5088 944,

2074 5038 2150 5076 ue
2177 5038 2238 5075 ac
2283 5038 2502 5076 UtSlthIl

2073 5093 2224 5164 apud
2243 5038 2502 5147 (Linteum

2147 5162 2257 5238 (1ο)
2299 5165 2490 5238 Bostut
2529 5164 2697 5238 hodie
2727 5164 2906 5238 Bosta,
2934 5163 3098 5238 vulgo
3113 5161 3393 5238 _Roobort,
3422 5162 3686 5238 parochia

2077 5233 2325 5303 ersdem
2357 5235 2639 5304 dimcesis,
2667 5236 2769 5290 sub
2807 5233 3079 5290 decanatu
3113 5233 3504 5289 Bothnacensi.

2151 5308 2261 5376 (11)
2291 5308 2632 5373 Roosbeeck,
2655 5307 2818 5362 hodie
2835 5305 3111 5377 appendix
3134 5305 3295 5361 dictae
3318 5303 3595 5377 parochias
3616 5303 3686 5360 de

2078 5377 2223 5450 Bost.
2269 5377 2412 5434 Sunt
2437 5387 2492 5434 et
2521 5379 2652 5433 alibi
2701 5376 2888 5450 plures
2912 5376 3462 5450 ’ejusdemunominis
3519 5390 3682 5450 paro-

2077 5449 2238 5522 chite,
2261 5457 2426 5522 atque
2451 5447 2723 5522 imprimis
2745 5449 2866 5522 dum
2893 5447 2996 5504 sub
3024 5450 3128 5522 hoc
3155 5447 3409 5522 ditecesi;
3452 5463 3561 5522 una
3582 5447 3682 5501 sub

2075 5519 2353 5575 decanatu
2399 5519 2693 5576 Thenensii
2761 5521 2932 5575 altera
2995 5521 3131 5575 alias
3177 5519 3323 5576 dicta
3374 5519 3638 5590 Rcbccque
3668 5559 3682 5583 ,

2074 5593 2177 5646 sub
2207 5593 2476 5650 decanatu
2508 5592 2827 5650 Lecuwensi
2855 5591 2912 5647 S.
2943 5591 3109 5649 Petri.
