3932 6040
242 242 381 299 1157

1707 234 2097 290 DlPLOMATA.

3434 250 3573 305 1158

239 375 443 424 sanctze
480 365 739 422 Genitrici
779 363 1148 420 servientibus
1177 363 1232 417 in
1267 363 1593 435 jsupradicta
1623 363 1858 420 ecclesia
1883 370 1935 438 Α
1958 362 2187 432 beccha,
2221 363 2393 418 altare
2417 364 2486 419 de
2516 365 2881 423 Wambeccha
2912 384 3036 425 cum
3056 373 3380 442 appenditio
3413 376 3580 446 Nath,

239 460 482 517 tradidit.

1960 453 2128 508 altare
2184 453 2256 509 de
2287 454 2654 524 Lombeccha,
2697 459 2865 514 altare
2921 461 2991 515 de
3043 462 3174 534 Goy,
3260 466 3428 521 altare
3508 469 3578 523 de

240 555 293 623 tt?
315 553 580 608 Defuncto
636 550 748 606 ﬁlio
805 565 904 605 suo
962 548 1252 604 Lamberto
1290 567 1342 604 IX
1388 555 1547 604 terrae
1598 549 1861 604 bonarios
1956 544 2150 609 Altres,
2178 545 2348 601 altare
2375 546 2443 601 de
2477 548 2770 615 Guislines,
2804 551 2974 606 altare
2993 554 3061 609 de
3095 555 3368 612 Luvroila.
3403 559 3583 628 Hujus

247 646 428 702 eidem
462 645 616 700 dedit
660 641 942 705 ecclesiae;
993 658 1092 712 pro
1123 642 1308 696 anima
1336 641 1594 696 Willelmi
1627 641 1722 696 ﬁlii
1773 641 1858 697 sui

247 753 298 790 v1
325 742 484 790 terrae
512 732 776 788 bonarios
828 729 1086 795 contulit;
1129 746 1230 801 pro
1261 730 1444 785 anima
1470 731 1644 805 Sigeri
1689 731 1858 786 dede-

245 835 373 882 runt
420 825 620 881 fratres
655 823 742 879 sui
795 831 850 878 et
897 822 1124 879 domina
1154 825 1266 878 Ava
1312 838 1468 879 soror
1505 823 1750 893 ipsorum
1806 840 1860 878 ix

245 923 402 971 terrre
453 913 716 970 bonarios
772 919 828 967 et
884 913 1155 968 decimam
1205 912 1374 968 totius
1411 913 1584 980 villae,
1634 929 1756 968 cum
1810 929 1860 966 ix

246 1008 546 1080 manipulis
575 1006 857 1072 dividitur,
878 1005 1018 1061 duos
1043 1004 1358 1077 manipulos
1396 1012 1451 1060 et
1495 1007 1710 1062 tertiam
1744 1023 1863 1078 par-

248 1108 358 1155 tem
392 1099 561 1154 alneti
593 1115 762 1169 super
785 1097 1139 1153 addiderunt.

325 1188 610 1244 Eustacius
634 1205 686 1242 γι
713 1187 918 1243 solidos
944 1185 1111 1250 fdedit
1151 1186 1207 1241 in
1235 1187 1475 1242 Rochem
1510 1189 1688 1256 (vulgo
1729 1189 1866 1244 Ros-

250 1294 390 1345 sem,
457 1275 737 1348 appendix
777 1275 845 1331 de
897 1275 1315 1345 Wolverthem),
1367 1277 1593 1332 domina
1649 1279 1760 1333 Ava
1811 1285 1865 1333 et

251 1369 420 1424 frater
448 1369 569 1438 ejus
597 1367 860 1423 allodium
917 1384 996 1423 xu
1039 1368 1418 1434 bonariorum,
1481 1384 1642 1425 secus
1680 1370 1862 1425 villam

251 1475 374 1532 quae
397 1459 603 1513 dicitur
632 1458 868 1524 Selloca,
908 1457 1159 1513 ecclesiae
1191 1457 1483 1516 dederunt.

327 1551 534 1606 Nostra;
563 1566 695 1606 vero
726 1549 1095 1604 dedicationis
1135 1549 1318 1605 ofﬁcio
1349 1550 1718 1606 interfuerunt
1757 1552 1866 1607 duo

1960 645 2158 694 HOSU‘EB
2191 641 2570 697 CODCBSSiOﬂiS
2590 652 2759 699 testes
2791 654 2922 700 sunt
2957 665 2970 701 ε

2030 731 2084 786 8.
2118 732 2333 788 Rudolﬁ
2361 735 2760 792 archidiaconi.

2033 827 2086 883 8.
2114 827 2392 883 Erlebardi
2424 831 2710 901 praepositi

2033 919 2090 974 S.
2117 919 2401 975 Erlebardi
2442 921 2658 978 decani.

2035 1007 2092 1062 8.
2119 1009 2413 1064 Alexandri
2443 1009 2659 1065 decani.

2036 1097 2088 1152 S.
2125 1098 2352 1172 Segardi
2393 1099 2614 1154 decani.

2037 1188 2090 1242 S.
2123 1189 2412 1244 Machelini
2447 1189 2664 1246 decani.

2039 1283 2090 1339 S.
2127 1284 2352 1339 Walteri
2383 1285 2602 1340 abbatis
2639 1286 2953 1343 Lobiensis.

2036 1372 2070 1427 S
2125 1373 2366 1430 Guidrici
2398 1375 2614 1430 abbatis
2644 1377 3076 1434 Altimontensis.

2038 1462 2312 1538 Fulgentii
2341 1464 2555 1519 abbatis
2587 1465 2998 1542 Hafﬁingensis.

2038 1555 2226 1610 Actum
2293 1564 2378 1611 est
2432 1573 2577 1613 anno
2643 1559 2938 1614 millesimo
3007 1562 3312 1618 centesimo
3364 1563 3581 1638 duode-

256 1647 417 1702 liberi
453 1645 711 1701 homines
741 1645 1056 1701 Waltherus
1095 1654 1149 1700 et
1178 1645 1451 1702 Arnoldus
1489 1645 1584 1701 filii
1629 1645 1863 1718 Onulphi
1896 1698 1941 1725 η
1969 1645 2113 1701 cimo
2157 1647 2455 1703 indictione
2486 1651 2679 1720 quinta
2720 1654 3080 1723 superseripti
3121 1669 3252 1709 vero
3301 1655 3584 1725 pontiﬁcis

261 1752 383 1791 cum
425 1751 616 1790 sorore
657 1751 848 1791 eorum
890 1735 1116 1790 domina
1150 1735 1278 1801 Ava,
1308 1731 1401 1808 qui
1434 1751 1630 1792 omnes
1658 1736 1866 1792 donum
1895 1698 1945 1767 B
1970 1750 2117 1791 anno
2148 1735 2410 1807 septimo.

273 1828 662 1898 praedictorum
693 1825 1089 1882 beneﬁciorum
1119 1835 1525 1884 renovaverunt
1548 1833 1602 1883 et
1627 1829 1781 1884 altari
1814 1829 1868 1882 in

260 1934 383 1972 mea
410 1918 703 1988 przesentia
734 1916 978 1988 legitime
1018 1917 1281 1972 attitulari
1313 1915 1581 1972 fecerunt.

328 2011 393 2065 Ut
450 2018 631 2066 autem
685 2011 792 2064 hoc
850 2015 1023 2064 ratum
1078 2010 1228 2066 omni
1276 2016 1524 2081 tempore
1579 2009 1866 2078 habeatur,

255 2109 420 2173 atque
446 2118 476 2156 a
510 2102 659 2156 nullo
693 2108 1094 2172 priesumptore
1139 2101 1381 2173 maligno
1411 2100 1668 2167 violetur,
1698 2116 1869 2173 quos-

259 2189 396 2245 libet
425 2190 782 2260 dissipatores
824 2191 1014 2245 horum
1047 2188 1445 2245 beneﬁciorum
1476 2190 1649 2244 asinu
1685 2190 1873 2244 matris

261 2281 517 2337 Ecclesiae
555 2289 875 2355 segregatos
896 2281 1118 2353 publice
1149 2281 1642 2349 excommunicavi,
1673 2281 1782 2336 nisi
1805 2282 1872 2336 ad

264 2373 715 2428 emendationem
746 2380 800 2428 et
827 2373 1256 2428 satisfactionem
1281 2372 1549 2428 venerint.

335 2463 524 2517 Actum
546 2468 630 2517 est
654 2463 757 2518 hoc
783 2478 929 2518 anno
958 2462 1259 2518 Dominicze
1287 2459 1683 2517 incarnationis
1715 2459 1875 2528 1112,

265 2551 590 2620 praesulatus
629 2551 802 2606 nostri
829 2566 975 2607 anno
1000 2569 1094 2617 vu,
1136 2551 1444 2622 imperante
1476 2550 1712 2606 Henrico
1740 2549 1803 2604 V.

333 2637 522 2693 Testes
551 2639 716 2708 hujus
746 2639 1182 2696 conﬁrmationis
1218 2647 1345 2696 sunt
1370 2640 1455 2695 hi:

335 2730 564 2804 Signum
594 2731 822 2787 Joannis
848 2732 1248 2789 archidiaconi.

340 2819 395 2873 8.
419 2819 628 2876 Ancelli
660 2821 1059 2877 archidiaconi.

339 2907 393 2963 S.
431 2909 709 2980 Rodulphi
749 2910 1148 2966 archidiaconi.

341 2996 395 3052 S.
428 2997 750 3054 Theoderici
791 2998 1186 3055 archidiaconi.

339 3087 392 3141 S.
431 3089 677 3145 Everaldi
708 3089 1104 3146 archidiaconi.

340 3181 396 3235 8.
441 3180 716 3236 Erlebaldi
748 3182 1140 3238 archidiaconi.

340 3275 396 3329 8.
425 3275 554 3329 Adae
585 3274 824 3330 abbatis.

341 3368 394 3424 8.
430 3369 631 3424 Reneri
671 3370 907 3426 abbatis.

343 3461 396 3515 S.
431 3461 658 3516 Goffridi
696 3461 932 3517 abbatis.

346 3550 401 3607 S.
437 3551 656 3606 Ernaldi
689 3551 924 3607 abbatis.

344 3639 398 3693 S.
424 3639 734 3696 Mastellini.

346 3728 403 3783 S.
437 3728 634 3797 Livini,
667 3731 1096 3802 capellanorum.

347 3822 402 3878 8.
434 3823 659 3879 Roberti
687 3824 949 3881 cantoris.

348 3913 591 3969 Gerardi.

352 4005 668 4063 Herevardi.
711 4007 823 4081 Ego
844 4007 1212 4063 Gerinbaldus
1230 4007 1338 4080 legi
1361 4015 1414 4063 et
1443 4007 1756 4081 recognovi.

1031 4100 1142 4154 νη.

548 4189 906 4256 Privilegium
920 4205 1020 4258 pro
1046 4191 1264 4245 ecclesia
1304 4191 1614 4248 Nivellensz'.

885 4281 1064 4350 (Anno
1103 4282 1288 4350 1112)

671 4372 910 4443 [Mimans
937 4375 1031 4428 ubi
1059 4390 1250 4443 supra,
1288 4375 1330 4441 l,
1369 4374 1518 4445 676.]

350 4461 486 4529 Ono,
514 4461 609 4515 Dei
641 4462 815 4533 gratia
841 4462 1253 4517 Cameracensis
1280 4463 1603 4533 episcopus,
1633 4461 1894 4519 omnibus

277 4556 480 4604 sanctae
509 4549 603 4602 Dei
629 4549 885 4604 Ecclesiae
925 4549 1052 4604 ﬁliis
1081 4552 1138 4604 in
1181 4558 1530 4622 perpetuum.

354 4641 464 4713 Ego
495 4640 600 4710 piae
619 4641 872 4710 petitioni
907 4642 1168 4709 Richetae,
1201 4643 1498 4698 abbatissae
1529 4644 1586 4698 8.
1613 4645 1895 4700 Gertrudis

284 4730 610 4785 Nivellensis
640 4731 913 4798 Ecclesiae,
943 4747 1216 4800 annuens,
1249 4733 1483 4787 audiens
1505 4733 1671 4788 etiam
1702 4750 1895 4804 preces

284 4819 629 4874 dominarum
696 4821 1011 4875 monasterii
1077 4827 1131 4875 et
1195 4821 1611 4890 canonicorum,
1681 4822 1893 4889 altaria,

285 4927 408 4981 qua:
435 4912 703 4968 hactenus
730 4913 787 4966 in
818 4911 1142 4984 episcopatu
1167 4912 1543 4968 Cameracensi
1576 4928 1896 4984 perlperso-

287 5015 385 5054 nas
415 5008 724 5068 tenuerant,
765 5002 876 5070 jam
907 5001 1133 5058 omnino
1166 5003 1376 5075 absque
1415 5004 1665 5073 personis
1721 5002 1898 5057 libera

288 5095 549 5152 Ecclesiae
581 5098 756 5152 trado.

360 5189 560 5245 Altaria
601 5196 729 5246 sunt
757 5191 892 5253 hiec,
929 5190 1097 5245 altare
1136 5191 1206 5245 de
1236 5191 1434 5258 lterna,
1485 5191 1653 5247 altare
1693 5192 1760 5247 de
1788 5193 1902 5250 Ro-

288 5280 486 5337 sbecca
512 5296 635 5336 cum
683 5281 1006 5352 appenditio
1046 5281 1368 5350 hainueres,
1423 5281 1591 5337 altare
1644 5283 1714 5337 de
1752 5283 1901 5339 Mer-

361 5457 472 5528 (18)
497 5458 874 5515 Wenemarus.
919 5462 1050 5517 Vide
1079 5463 1288 5518 litteras
1328 5463 1669 5520 fundationis
1703 5483 1732 5521 a
1765 5468 1892 5523 We.

288 5544 513 5656 ismare
555 5529 708 5585 faetze
771 5532 864 5587 lib.
923 5551 937 5587 1
1005 5534 1243 5605 Diplom.
1296 5537 1525 5607 Belgic.,
1573 5552 1694 5607 cap.
1752 5540 1820 5594 45
1851 5547 1905 5594 et

362 5671 472 5743 t19)
500 5673 794 5743 Bornhem,
828 5675 1188 5748 municipium
1241 5677 1460 5747 Wasiie,
1491 5679 1580 5734 ubi
1615 5680 1744 5734 olim
1785 5693 1904 5737 erat

2707 1866 2846 1920 VIII.

1970 1973 2398 2028 Bomheimensz’s
2451 1973 2684 2029 abbatiaa
2708 1975 3085 2041 fundationem
3138 1993 3200 2030 ac
3259 1978 3584 2033 dotationcm

2042 2078 2078 2117 a
2137 2062 2452 2118 Wenemaro
2505 2064 2794 2118 castellano
2852 2066 3127 2121 Gandcnsi
3177 2068 3321 2120 circa
3383 2083 3587 2122 annum

2043 2154 2185 2210 1100
2203 2156 2434 2224 factam,
2461 2157 2751 2225 approbat.

2584 2251 2759 2318 (Anno
2803 2250 2988 2321 1112.)

2353 2341 2596 2412 [Mimans
2621 2343 2718 2397 ubi
2747 2357 2940 2412 supra,
2985 2342 3027 2410 Ι,
3059 2341 3206 2414 371.]

2054 2447 2108 2499 ln
2151 2447 2378 2503 nomine
2426 2454 2628 2504 sanctae
2673 2455 2726 2503 et
2784 2448 3084 2504 individua
3129 2447 3428 2508 Trinitatis,
3488 2464 3593 2523 ego

1980 2535 2112 2600 Ono,
2157 2537 2252 2592 Dei
2315 2539 2491 2613 gratia
2546 2538 2969 2594 Cameracensis.
3001 2538 3318 2610 episcopus,
3380 2539 3593 2594 cunctis

1982 2629 2177 2685 Christi
2205 2629 2466 2686 ﬁdelibus
2498 2631 2752 2686 salutem.

2050 2720 2180 2774 Volo
2212 2728 2402 2775 notum
2435 2718 2553 2774 ﬁeri
2612 2729 2720 2774 tam
2757 2719 2955 2775 futuris
2999 2736 3162 2792 quam
3206 2719 3591 2791 praesentibus,

1981 2811 2129 2882 quod
2144 2811 2508 2867 Wenemarus
2531 2812 2642 2883 (18)
2675 2812 2982 2866 Gandensis
3009 2811 3362 2878 castellanus,
3392 2811 3592 2882 przevi-

1981 2899 2120 2955 dens
2151 2899 2278 2970 sibi,
2297 2909 2353 2955 et
2381 2901 2696 2967 consulens,
2717 2900 2788 2955 ob
2816 2901 3125 2956 remedium
3148 2901 3345 2955 animae
3378 2915 3513 2966 suae,
3543 2905 3596 2953 et

1983 3007 2207 3047 suorum
2266 2992 2514 3047 omnium
2570 2991 2820 3047 ﬁdelium
2875 2991 3288 3062 defunctorum,
3340 2991 3586 3064 dispergi

1904 3073 1954 3142 C
1983 3083 2284 3150 terrestria,
2318 3091 2375 3139 ut
2404 3089 2573 3140 metat
2593 3084 2859 3140 coelestia.

2052 3173 2269 3227 Terram
2303 3172 2451 3228 enim
2475 3174 2754 3242 jacentem
2798 3174 2871 3229 ita
2898 3174 3158 3244 parochia
3204 3173 3456 3241 Bucholt,
3505 3173 3593 3228 vi-

1983 3267 2135 3338 genti
2191 3283 2594 3333 mensurarum,
2635 3285 2760 3339 quze
2819 3275 2978 3322 erant
3019 3268 3305 3323 Everboldi
3358 3267 3595 3338 presby-

1987 3359 2109 3425 teri,
2156 3365 2211 3414 et
2247 3359 2664 3430 quatuordecim
2709 3359 2937 3423 admoti,
2973 3369 3028 3415 et
3070 3359 3359 3414 dimidiam
3395 3360 3594 3415 Frede-

1986 3451 2138 3516 nodi,
2171 3460 2226 3506 et
2270 3468 2579 3507 mensuram
2611 3469 2774 3507 unam
2804 3462 2859 3507 et
2908 3453 3193 3507 dimidiam
3225 3451 3498 3507 Boltronis
3547 3460 3600 3506 et

1987 3546 2202 3600 tertiam
2237 3554 2445 3616 partem
2485 3546 2674 3602 allodii
2723 3547 2871 3618 quod
2901 3555 3129 3603 vocatur
3155 3547 3597 3613 Mulnemerholt,

1987 3638 2044 3692 in
2073 3640 2332 3710 parochia
2362 3640 2556 3695 Steens
2580 3641 2648 3694 ab
2677 3641 2828 3695 omni
2861 3640 3146 3696 exactione
3195 3640 3334 3695 laica
3368 3640 3597 3694 liberam

1993 3731 2240 3786 ecclesiae
2267 3731 2562 3787 Bornheim
2589 3732 2695 3801 (-19)
2715 3733 2870 3804 cujus
2887 3733 3002 3803 ipse
3023 3731 3285 3786 fundator
3299 3737 3400 3797 est,
3425 3732 3602 3787 dedit.

1994 3817 2068 3875 Eo
2098 3827 2283 3876 tamen
2311 3829 2523 3890 tenore,
2554 3829 2612 3878 ut
2664 3824 2708 3877 si
2740 3823 2947 3895 aliquid
2989 3823 3066 3878 rei
3115 3823 3350 3890 inutilis,
3393 3823 3597 3878 ibidem

1993 3911 2267 3966 accederit
2321 3913 2665 3968 discussione
2727 3913 2976 3987 dignum,
3031 3913 3151 3984 ipse
3218 3913 3603 3970 Wenemarus.

1991 4004 2076 4058 vel
2129 4020 2262 4058 suus
2318 4011 2570 4075 posterus
2618 4022 2742 4060 cum
2797 4004 3060 4060 fratribus
3119 4006 3273 4077 quasi
3329 4005 3609 4062 confrater

1994 4111 2148 4163 suus,
2179 4111 2289 4151 non
2330 4112 2452 4151 cum
2482 4097 2752 4165 dominio,
2782 4111 2890 4152 non
2932 4113 3054 4151 cum
3089 4103 3357 4167 potestate
3387 4098 3454 4152 ad
3484 4097 3606 4151 dis-

1995 4185 2304 4241 cussionem
2370 4185 2620 4254 ejusdem
2657 4185 2774 4250 rei;
2843 4187 3127 4240 communi
3187 4193 3241 4240 et
3288 4185 3611 4240 charitativo

1995 4277 2228 4336 consilio
2259 4279 2468 4345 redeat,
2502 4288 2557 4334 et
2578 4279 2698 4347 ejus
2725 4285 2915 4353 rogatu
2945 4279 3454 4338 anathematizetur.
3486 4279 3611 4349 qui-

1920 4355 1979 4424 D
1999 4387 2220 4443 cunque
2232 4379 2580 4442 posterorum
2603 4371 2748 4426 ultra
2769 4371 2886 4426 haec
2916 4371 3223 4426 dominium
3256 4370 3343 4426 vel
3369 4371 3615 4425 exactio-

1996 4479 2122 4518 nem
2154 4463 2322 4518 ullam
2352 4461 2520 4517 fuerit
2557 4478 2726 4517 ausus
2755 4461 2958 4516 facere.

2067 4557 2178 4612 Hoc
2198 4557 2362 4611 etiam
2404 4572 2508 4629 ego
2536 4555 2650 4611 Odo
2683 4555 2982 4626 episcopus
3005 4554 3184 4609 eidem
3219 4554 3476 4610 Ecclesiae
3508 4570 3608 4609 au-

1996 4647 2314 4712 thenticavi,
2366 4654 2421 4702 et
2458 4647 2622 4721 sigilli
2681 4647 2790 4701 mei
2855 4646 3222 4716 impressione
3275 4645 3614 4703 conﬁrmavi.

1995 4738 2191 4793 Addidi
2227 4753 2448 4810 quoque
2475 4746 2553 4804 ut,
2608 4738 2655 4792 si
2699 4738 2824 4810 quis
2859 4737 3006 4792 bona
3037 4738 3286 4807 ejusdem
3346 4737 3605 4793 Ecclesiae

1996 4827 2288 4898 diripiens,
2349 4842 2541 4897 pacem
2597 4833 2652 4881 et
2707 4827 2957 4883 instituta
3005 4828 3264 4883 Ecclesiae
3299 4827 3616 4902 infregerit,

1996 4918 2180 4993 gladio
2212 4917 2578 4973 anathematis
2611 4917 2852 4973 feriatur.
2886 4919 2940 4972 Si
2973 4919 3098 4991 quis
3128 4925 3311 4975 autem
3343 4917 3617 4985 ejusmodi

2001 5006 2290 5062 ecclesiam
2322 5007 2529 5062 intrare
2556 5007 2990 5078 przesumpserit,
3014 5007 3251 5064 ecclesia
3279 5024 3310 5061 a
3331 5005 3619 5062 Dominico

2001 5104 2180 5154 cesset
2208 5097 2416 5165 ofﬁcio,
2450 5099 2631 5154 donec
2661 5098 2875 5154 exierit.
2910 5097 2972 5153 Et
3009 5099 3053 5153 si
3085 5105 3199 5154 tota
3238 5097 3416 5170 patria
3445 5095 3622 5152 offen-

2003 5194 2082 5248 sis
2127 5193 2436 5265 aliquorum
2515 5194 2893 5259 inbanniatur,
2978 5193 3208 5249 remotis
3258 5191 3620 5248 saecularibus

2004 5284 2160 5340 laicis
2188 5285 2432 5341 Ecclesia
2458 5301 2570 5341 non
2623 5291 2830 5355 cesset,
2860 5284 2959 5341 sed
3011 5285 3114 5341 sub
3156 5283 3381 5341 silentio
3411 5290 3616 5339 cantet.

2007 5468 2222 5523 abhatia
2253 5471 2670 5543 canonieorum,
2703 5471 3058 5543 regularium,
3092 5487 3230 5543 quze
3267 5469 3396 5523 dein
3446 5475 3620 5543 trans-

2006 5549 2211 5595 mutata
2250 5541 2350 5596 fuit
2403 5543 2457 5596 in
2507 5539 2902 5598 monasterium
2954 5539 3464 5607 Benedictinorum,
3515 5539 3619 5595 sub

2007 5612 2226 5687 abbatia
2272 5611 2650 5687 Afﬁigmiensi.
2696 5615 2852 5681 Vide,
2885 5614 2982 5670 lib.
3018 5630 3055 5670 ι.
3093 5613 3330 5685 Diplom.
3387 5612 3618 5686 Belgio,

2007 5699 2129 5754 cap.
2149 5682 2220 5739 49
2246 5690 2302 5741 et
2328 5682 2428 5742 5οἷ
2764 5719 2774 5729 .
