3892 6048
386 217 527 274 1159
1396 207 1501 265 WA
1511 206 1673 263 LTER
1684 206 1787 263 lUS
1826 206 1923 265 CA]

2234 208 2295 267 IS
2335 207 2700 266 EPISCOPUS.
3606 210 3768 265 1160

389 344 501 399 lloc
559 355 692 398 vero
764 336 1299 410 subtersignatorum
1365 335 1682 393 testimonio
1741 335 2001 393 corrobo—
2021 342 2078 412 Α
2170 338 2224 394 S.
2269 338 2491 394 Reineri
2519 338 2588 394 de
2619 337 2818 394 Sancto
2845 335 3172 409 Sepulchro.

384 435 518 490 ravi.
2178 428 2232 484 S.
2257 428 2468 485 Gofridi
2507 429 2575 484 de
2605 428 2756 485 Novo
2787 426 3041 484 Castello.

455 526 686 599 Signum
709 523 941 581 meimet
970 522 1177 579 Odonis
1206 522 1473 595 episcopi.
2177 522 2233 577 S.
2270 520 2573 594 Fregdonis
2604 521 2799 576 decani
2823 521 3075 590 ejusdem
3108 519 3312 575 altaris.

453 615 508 671 S.
540 614 748 670 Radulfi
777 614 1024 684 ejusdem
1065 612 1252 669 altaris
1280 612 1675 670 archidiaconi.
2177 610 2232 667 S.
2270 610 2498 683 Segardi
2530 611 2600 665 de
2630 609 2832 667 Helles.

455 705 510 761 S.
549 704 752 760 Anselli
784 704 1192 760 archidiaconi.

1185 743 1192 758 .
2170 700 2226 756 S.
2264 700 2470 755 Riberti
2506 698 2722 756 decani.

457 797 514 853 8.
543 795 834 852 Thedorici
851 796 1251 853 archidiaconi.
2171 792 2228 848 8.
2252 792 2552 848 Alexandri
2582 792 2779 847 decani
2806 792 2877 848 de
2900 791 3016 847 Hal.

457 885 513 942 8.
546 884 805 941 Everardi
836 884 1234 941 archidiaconi.
2181 882 2235 936 8.
2263 882 2525 938 Bernardi
2558 883 2630 938 de
2672 881 2917 948 Waisch,
2951 887 3007 936 et
3027 879 3276 936 Fulcardi
3304 879 3497 937 fratris
3525 880 3657 936 sui.

459 976 516 1029 S.
543 974 817 1030 Erleboldi
851 974 1151 1046 praepositi.
2177 969 2230 1026 S.
2266 969 2527 1025 Cunrardi
2556 969 2753 1025 decani
2784 969 2853 1025 de
2884 969 3162 1025 Gandava.

456 1064 510 1120 S.
543 1063 767 1119 Elebodi
794 1063 1013 1119 decani.
2176 1063 2267 1117 SS.
2295 1062 2563 1118 Meinardi
2595 1062 2886 1138 Taugradi,
2920 1062 3216 1119 Gommari.

958 1154 1127 1222 Signa
1156 1154 1431 1209 abbatum.

459 1248 575 1324 Sig.
610 1247 838 1303 Gilberti
869 1246 939 1301 de
971 1246 1179 1301 Eiham.
2175 1251 2365 1305 Actum
2408 1259 2493 1306 est
2546 1250 2652 1307 hoc
2719 1250 2995 1307 Cameraci
3050 1251 3104 1306 in
3162 1251 3398 1322 synodo,
3461 1266 3549 1304 ιιι.
3620 1250 3762 1303 ldus

461 1345 513 1399 8.
545 1344 816 1400 Snellardi
849 1344 917 1398 de
958 1342 1331 1399 Geraldmont.
2103 1342 2302 1414 Martii,
2332 1359 2479 1400 anno
2512 1344 2778 1400 incarnati
2806 1342 2966 1398 Verbi
3006 1343 3166 1411 1112,
3219 1343 3563 1414 pmsulatus
3615 1359 3757 1397 vero

462 1436 516 1490 8.
543 1434 796 1490 Amboldi
827 1435 897 1489 de
926 1433 1203 1488 Gandavo.
2103 1433 2212 1489 mei
2236 1451 2327 1488 vn.

3572 1541 3743 1550 νσ-σνν

907 1661 1803 1789 APPENDIX
1879 1663 2104 1788 AD
2192 1665 2348 1793 B.
2440 1665 3212 1794 ODONEM

1644 1955 2471 2055 EXCERPTA

490 2097 577 2157 Ex
622 2096 788 2158 libro
831 2093 1183 2168 Godefridi,
1229 2094 1576 2159 Remeusis
1618 2096 1936 2172 magistri.
1985 2095 2092 2158 cui
2136 2094 2364 2159 titulus
2406 2121 2418 2155 :
2466 2096 2790 2157 Somnium
2820 2096 2892 2157 de
2920 2096 3121 2160 Odone
3152 2098 3624 2159 Aurelianensi.

1529 2175 1807 2246 (Manna,
1840 2175 2131 2243 Annal.,V.
2164 2177 2300 2248 App.
2337 2193 2393 2246 p.
2423 2176 2574 2247 651.)

388 2344 692 2401 Ahdiderat
715 2343 952 2399 celerem
985 2342 1067 2399 sol
1099 2357 1306 2415 pronus
1336 2343 1390 2397 in
1419 2358 1642 2415 aequora
1672 2358 1890 2399 cursum
2030 2344 2080 2412 Β
2172 2340 2442 2413 Quodque
2471 2357 2872 2414 supervacuum
2899 2343 3026 2413 jure
3050 2350 3275 2399 vocetur
3294 2358 3505 2415 Opus...

390 2480 403 2494 0
484 2477 502 2496 ο
579 2478 592 2492 0
672 2479 686 2493 0
766 2479 779 2493 ο
860 2478 874 2491 0
955 2480 966 2492 0
1049 2479 1060 2492 ι
1145 2479 1157 2490 ο
1238 2477 1253 2491 0
1325 2474 1337 2487 Ι
1414 2479 1425 2491 ο
1509 2479 1521 2491 0
1604 2478 1616 2491 0
1698 2480 1710 2492 ι
1793 2480 1807 2493 0
1888 2480 1899 2492 0
1984 2478 1996 2490 ο
2103 2476 2117 2491 0
2199 2476 2212 2491 ο
2293 2475 2307 2490 0
2389 2478 2401 2491 0
2483 2475 2496 2490 0
2578 2477 2590 2490 ο
2673 2474 2686 2490 0
2768 2476 2780 2489 ο
2861 2476 2874 2492 0
2961 2481 2973 2493 υ
3052 2481 3062 2492 ,
3142 2476 3157 2493 0
3240 2479 3250 2490 0
3317 2476 3331 2488 0
3415 2473 3431 2490 0

392 2662 404 2675 0
486 2660 500 2673 0
581 2661 593 2673 ο
677 2656 691 2672 ο
771 2658 784 2671 0
865 2660 877 2673 0
959 2657 973 2671 0
1057 2658 1069 2669 ι
1149 2657 1161 2669 0
1236 2656 1247 2669 ι
1328 2655 1343 2671 0
1417 2658 1428 2669 ι
1510 2656 1524 2671 0
1608 2656 1620 2671 ο
1703 2659 1713 2670 ο
1796 2657 1809 2670 0
1892 2658 1904 2669 ο

1328 2655 1343 2671 .
1417 2658 1428 2669 .
1510 2656 1524 2671 .
1608 2656 1620 2671 .
1703 2659 1713 2670 .
1796 2657 1809 2670 .
1892 2658 1904 2669 .
1988 2659 1997 2668 .
2102 2624 2846 2690 eiinsomnovtsusfum‘t.

2106 2711 2357 2784 Denique
2380 2729 2469 2768 me
2500 2713 2717 2768 modico
2742 2713 3061 2785 speculatus
3093 2719 3363 2784 tempore,
3392 2713 3563 2768 sedit.

459 2764 868 2878 Multis‘laudat
905 2762 1022 2833 ejus
1053 2762 1220 2831 dotes,
1251 2765 1366 2819 tum
1394 2763 1461 2819 de
1486 2763 1603 2834 ejus
1623 2765 1885 2834 prosapia
1927 2766 2005 2820 sic
2106 2762 2135 2765 ”

385 2856 759 2925 prosequitur:
2105 2892 2280 2963 Atque
2310 2856 2423 2947 ait;
2449 2856 3446 2963 aa:magis1a.;a.';1;..que

389 2986 561 3048 Quem
601 2999 778 3056 genus
806 2998 838 3035 a
866 2981 1107 3053 proavis,
1139 2989 1194 3037 et
1220 2980 1365 3036 linea
1394 2981 1680 3054 sanguinis
1706 2980 1801 3036 alti
2176 2982 2467 3039 Proximus
2506 2984 2745 3053 assidco,
2790 2984 2863 3039 mi
2894 2984 3213 3051 Godcfride,
3246 2985 3435 3053 thoro;

460 3073 649 3136 Ornat.
671 3071 739 3125 ab
772 3069 1028 3144 ingenuis
1056 3076 1170 3123 Wa
1194 3069 1463 3124 trahenda
1494 3069 1645 3124 ViriS-
2105 3078 2211 3134 Sed
2243 3095 2346 3135 nec
2371 3083 2561 3133 vectus
2586 3094 2750 3150 equo,
2787 3094 2891 3133 nec
2920 3077 3105 3134 cerula
3145 3093 3244 3149 per
3271 3077 3408 3132 freta
3430 3076 3579 3142 velo,

389 3162 630 3226 Quorum
673 3172 760 3211 res
775 3162 982 3230 gestas,
1016 3155 1225 3224 titulos,
1258 3172 1473 3228 pacem,
1507 3157 1730 3213 horrida
1761 3158 1927 3223 bella,
2175 3167 2288 3223 Nec
2317 3166 2556 3239 pedibus
2576 3167 2725 3235 veni,
2753 3165 3081 3221 labilibusve
3113 3166 3267 3223 rotis.

462 3250 739 3307 Flavcntis
768 3248 976 3322 Ligeris
1006 3250 1155 3304 unda
1178 3250 1343 3306 silere
1365 3251 1581 3323 nequit.
2105 3258 2241 3313 Aera
2269 3274 2369 3328 per
2396 3273 2654 3323 vacuum,
2689 3271 2960 3328 suspenso
2986 3271 3217 3328 corpore
3242 3256 3458 3327 pennis.

389 3350 543 3405 Hunc
563 3363 731 3420 super
753 3346 1044 3401 innumero
1067 3345 1353 3419 fregerunt
1380 3347 1602 3422 agmine
1624 3353 1821 3415 castra,
2176 3350 2215 3403 Α
2243 3348 2465 3404 Cenabo
2495 3347 2678 3403 Remis
2709 3364 2796 3403 me
2819 3346 2954 3402 levis
2982 3362 3115 3402 aura
3144 3345 3333 3401 tulit...

459 3444 549 3499 Sic
575 3458 684 3514 qua
714 3440 870 3496 fuere
897 3440 1015 3496 suis
1053 3456 1185 3496 ausa
1223 3456 1426 3497 nocere
1454 3441 1607 3497 visis.
2109 3484 2119 3496 .
2202 3480 2214 3493 .
2295 3482 2309 3495 .
2389 3483 2403 3497 .
2488 3483 2500 3495 .
2582 3481 2593 3493 .
2678 3483 2688 3495 .
2761 3479 2775 3495 .
2859 3476 2872 3493 .
2953 3479 2966 3493 .
3040 3479 3054 3494 .
3132 3477 3145 3492 .
3224 3479 3237 3492 .
3318 3478 3332 3490 .
3416 3476 3428 3491 .
3516 3479 3528 3491 .
3614 3480 3629 3493 .
3711 3478 3724 3491 .

387 3534 544 3590 Hunc
568 3548 737 3604 super
761 3529 992 3587 hostiles
1021 3529 1191 3585 armis
1216 3540 1460 3587 stravere
1482 3537 1750 3598 catervas,
2172 3530 2346 3586 Multa
2365 3529 2521 3584 habet
2544 3529 2609 3583 de
2633 3527 2899 3583 desiderio
2923 3542 3048 3581 eum
3068 3526 3310 3593 videndi,
3332 3540 3438 3595 quo
3459 3528 3623 3580 actus
3648 3527 3730 3579 ita

458 3624 613 3679 llunc
648 3637 817 3693 super
842 3620 1141 3677 indomitos
1177 3621 1480 3677 edomuere
1508 3622 1674 3678 viros.
2101 3624 2326 3678 venerit.

387 3718 547 3775 Ortus
567 3717 637 3772 ab
663 3716 750 3771 his
777 3713 970 3781 atavis,
998 3722 1054 3770 et
1082 3714 1151 3769 ab
1180 3714 1264 3770 his
1284 3714 1589 3785 majoribus
1618 3713 1754 3780 Odo,
2024 3717 2074 3787 Ο
2100 3715 2189 3773 Sic
2221 3730 2353 3790 ergo
2370 3731 2457 3771 me
2477 3714 2657 3771 ventis
2684 3714 2920 3771 credens
2949 3722 3002 3770 te
3030 3721 3275 3788 prOpter,
3308 3714 3512 3780 amice,

457 3814 759 3886 (Iontiguus
796 3811 937 3867 cmlo
956 3810 1083 3880 jure
1123 3811 1398 3867 videndus
1424 3818 1559 3867 erat.
2173 3809 2291 3864 Non
2318 3808 2475 3863 timui
2508 3807 2707 3863 dubias
2721 3808 2996 3879 pendulus
3019 3808 3099 3864 ire
3120 3809 3255 3864 vias.

389 3908 498 3963 Sed
530 3906 660 3961 licet
688 3911 743 3960 et
766 3903 988 3979 generis
1016 3911 1198 3960 cesset
1228 3904 1567 3958 clarissimus
1587 3903 1723 3959 ordo
2104 3896 2166 3952 Et
2191 3896 2321 3967 quia
2352 3902 2537 3951 nostra
2569 3895 2667 3950 tibi
2697 3902 2824 3950 sunt
2849 3912 3070 3967 semper
3096 3895 3364 3967 opuscula
3394 3895 3580 3959 cordi,

456 3997 727 4053 Tantuset
755 3995 824 4049 ad
854 3994 1074 4050 laudem
1102 3994 1178 4049 nil
1200 4003 1464 4066 operetur
1483 3995 1679 4059 honor,
2174 3986 2284 4042 Nec
2302 3992 2431 4040 sunt
2457 3984 2685 4041 arbitrio
2714 3984 3057 4056 projicienda
3083 3992 3199 4041 tuo.

386 4085 599 4143 Sufficit
623 4083 833 4160 ingenii
862 4083 1231 4154 liquidissima
1268 4099 1408 4139 vena
1437 4083 1713 4155 profundi,
2105 4082 2395 4137 Attulimus
2425 4081 2519 4153 qui
2547 4081 2693 4135 bella
2722 4080 2869 4136 canit
2888 4079 3120 4149 Trojana
3156 4077 3431 4148 libellum,

460 4176 523 4232 Et
545 4176 694 4249 quod
734 4191 795 4230 se
816 4172 1019 4229 infudit
1050 4179 1162 4229 tota
1191 4172 1433 4228 Minerva
1459 4171 1588 4227 sibi.
2172 4171 2342 4236 Quem
2372 4176 2431 4225 tu
2452 4184 2601 4241 saepe
2632 4169 2731 4224 tibi
2754 4185 2842 4224 me
2875 4170 3106 4226 recitare
3136 4168 3336 4227 facis...

387 4266 476 4324 Sic
503 4272 653 4322 certe
681 4264 917 4321 deducta
946 4263 1081 4319 mihi
1110 4280 1210 4319 sua
1238 4262 1483 4319 carmina
1512 4263 1668 4331 liunt,
2103 4306 2115 4320 .
2196 4305 2209 4318 .
2292 4305 2303 4318 .
2387 4303 2400 4317 .
2482 4303 2494 4317 .
2584 4303 2597 4317 .
2690 4299 2704 4315 .
2786 4303 2799 4317 .
2893 4304 2904 4317 .
3006 4307 3016 4318 .
3100 4305 3110 4316 .
3192 4302 3207 4319 .
3308 4305 3319 4320 .
3402 4305 3416 4317 .
3500 4300 3516 4316 .
3608 4308 3621 4320 .

460 4355 592 4412 Utsi
632 4354 760 4427 quis
802 4353 968 4410 docili
993 4353 1191 4425 pollice
1216 4352 1306 4407 ﬁla
1326 4352 1523 4419 trahat,
2170 4357 2322 4423 Orat,
2382 4358 2442 4409 ut
2480 4357 2664 4411 recitet
2717 4372 2838 4426 qua:
2893 4356 2960 4410 de
3000 4355 3132 4411 bello
3177 4357 3415 4428 Trojano
3471 4363 3721 4416 carmina

386 4448 470 4504 Nil
488 4448 602 4503 illic
618 4447 765 4520 quod
791 4447 959 4503 corda
974 4454 1189 4513 oneret,
1215 4445 1364 4518 quod
1388 4451 1692 4520 prmgravet
1712 4459 1923 4511 aurem,
2096 4445 2356 4500 ediderat.
2986 4458 2995 4477 ι

2538 4567 3725 4597 m
3154 4590 3549 4597 ..Μ

2154 4587 2534 4595 _——-—.—.—-—

2541 4587 3143 4597 ———.————-———_—-—-——_-———4-——.-
3154 4590 3457 4599 WMW
3466 4587 3523 4599 η-ῗ

388 4589 775 4598 ω--ηκ--ς-

1770 4681 1928 4727 ΛΝΝΟ
1970 4682 2180 4727 DOMINI
2227 4681 2325 4727 MC.

1206 4778 2016 4938 WALT
2053 4779 2877 4940 ERIUS

856 5067 2132 5199 CABILONENSIS
2208 5068 3238 5200 EPISCOPUS.

1281 5331 1883 5421 NOTITIA
1976 5332 2796 5425 HISTORICA.

1411 5453 1607 5525 (Gallia
1631 5458 1944 5512 Christiana
1972 5471 2132 5524 nova,
2164 5463 2296 5511 tom.
2328 5456 2415 5526 1V,
2449 5474 2505 5528 p.
2539 5459 2689 5529 887.)

1848 5282 2226 5299 ————

453 5606 747 5696 Walterius
787 5625 884 5665 seu
914 5609 1226 5668 Gualterius
1261 5622 1318 5668 et
1355 5612 1629 5669 Walterus
1673 5622 1797 5687 post
1826 5619 1993 5676 diuti-
2018 5624 2267 5693 Dsensu
2309 5619 2516 5677 electus
2559 5628 2643 5678 est
2681 5621 3064 5680 Cabilonensis
3090 5623 3387 5696 episcopus
3417 5640 3515 5683 an.
3562 5628 3712 5687 HBG.

384 5707 512 5746 num
556 5692 1069 5762 interpontilicium,
1105 5699 1325 5757 tandem
1358 5701 1602 5757 omnium
1636 5678 1778 5762 votis
1806 5715 1862 5766 et
1908 5726 1996 5764 as-
2018 5678 2073 5693 ν
2100 5712 2394 5769 Electionis
2425 5714 2690 5782 chartam,
2745 5715 2873 5787 quia
2912 5724 3024 5772 tum
3058 5678 3140 5773 ob.
3161 5678 3584 5791 antiquitatem;
3856 5678 3857 5709 Χ
