3892 6048
122 278 249 334 1161
925 259 928 262 ’
1452 265 1717 327 NOTITIA
1759 265 2121 324 HISTORICA.
3305 265 3446 328 1162

123 411 193 467 ob
221 423 462 465 summas
513 404 762 462 Walterii
805 405 1019 474 laudes,
1068 420 1206 478 quas
1259 404 1527 471 continet,
1588 402 1732 458 inter
1759 414 1806 482 Α
1836 400 1993 474 nigni
2043 415 2377 459 consensum
2411 399 2687 456 obtineret
2715 413 2816 472 pro
2871 395 3146 456 electione
3202 396 3447 475 Hugonis

124 500 485 556 instrumenta
532 496 741 552 referre
800 510 986 567 operae
1027 494 1262 566 pretium
1316 493 1594 559 duximus,
1644 491 1734 546 hic
1836 491 2093 549 monachi
2125 493 2181 548 in
2211 491 2507 548 Flaviniaci
2535 490 2821 548 abbatem.

127 590 392 649 nonnulla
422 587 647 644 relaturi
682 603 804 659 quze
846 587 912 642 ad
947 602 1195 658 praesens
1225 593 1472 641 nostrum
1511 582 1734 639 institu-
1909 586 1986 641 Ad
2005 584 2379 642 Cisterciensis
2397 584 2611 641 ordinis
2629 583 3010 640 fundationem
3033 583 3449 658 etpropagatio-

125 691 234 741 tum
265 682 502 738 maxime
540 680 853 737 conferunt.
921 678 1218 735 Electionis
1251 694 1446 734 causas
1486 676 1568 732 sic
1597 674 1738 731 refc-
1841 698 1966 738 nem
1998 682 2296 754 plurimum
2319 679 2580 738 contulit:
2606 678 2888 736 cumenim
2906 678 2960 734 S.
2995 678 3270 735 Robertus
3295 677 3451 735 Moli-

125 782 250 832 runt
291 773 571 831 canonici:
621 794 640 823 ι
686 772 775 827 Est
805 772 1035 844 quippe,
1081 778 1141 827 ut
1180 771 1235 826 in
1276 776 1533 842 promptu
1565 767 1742 823 habe-
1840 786 2094 827 smocum
2111 769 2774 826 suisdiscessissetlocum
2794 767 3148 840 quaesiturus,
3176 767 3453 841 ubiregu-

130 872 238 932 tur,
269 863 532 940 generosi
573 861 880 918 stemmatis
899 860 1157 933 prosapia
1186 866 1365 927 ortus;
1394 857 1595 930 peritia
1627 871 1740 912 non
1841 859 1948 917 lam
1977 862 2030 916 8.
2063 861 2343 918 Benedicti
2374 861 2441 916 ad
2473 869 2749 917 extremos
2773 859 2959 930 apices
2996 858 3294 915 observare
3323 874 3452 931 pos-

125 954 286 1010 modo
318 967 594 1008 sacrarum
636 951 965 1018 litterarum.
1006 965 1198 1006 verum
1251 956 1306 1005 et
1335 945 1738 1003 mundanarum
1839 961 1984 1021 sent,
2018 952 2332 1010 Cistercium
2375 953 2597 1009 tandem
2644 952 2998 1019 invenerunt,
3042 950 3137 1006 ubi
3180 959 3234 1006 et
3259 951 3450 1006 sedem

128 1045 392 1101 industria
420 1045 602 1119 legum
633 1042 929 1099 admodum
974 1042 1253 1108 eruditus;
1299 1040 1550 1110 jejuniis,
1588 1037 1738 1112 vigi-
1841 1044 2012 1120 ﬁgere
2050 1046 2439 1113 decreverunt,
2473 1052 2526 1101 et
2555 1045 2718 1101 ambo
2761 1044 2986 1101 exordia
3025 1042 3172 1099 illius
3216 1043 3451 1112 ordinis,

123 1134 230 1202 liis,
255 1141 309 1190 et
337 1132 704 1197 orationibus,
732 1140 788 1188 et
814 1131 1030 1188 cunctis
1055 1130 1453 1187 misericordia:
1479 1127 1742 1200 operibus
1848 1160 1869 1189 ι
1911 1141 2194 1196 voluntate
2245 1140 2491 1196 ρδδίιοη,
2534 1139 2806 1211 episcopi,
2850 1145 2909 1194 οι
2955 1153 3230 1194 consensu
3282 1136 3451 1205 illius,

125 1223 445 1298 insignitus;
481 1221 814 1295 probissima
846 1237 1060 1278 morum
1092 1222 1382 1277 honestate
1411 1216 1662 1291 praeclari

1920 1233 1998 1298 ius
2029 1232 2148 1303 ipse
2179 1232 2334 1288 locus
2381 1239 2498 1288 erat
2533 1231 2932 1288 monasterium
2987 1237 3310 1287 construere
3344 1246 3457 1286 ca:-

124 1316 368 1372 omnium
428 1315 691 1372 virtutum
747 1321 920 1370 matre
969 1314 1306 1370 discretione
1364 1308 1735 1384 pulcherrime
1837 1330 2040 1396 perunt
2081 1324 2238 1380 1093.
2287 1347 2312 1372 ,,
2354 1324 2427 1380 Εο
2482 1323 2778 1396 campie“),
2832 1323 3104 1380 Roberms
3172 1319 3457 1379 communi

124 1405 434 1473 redimitus,
475 1403 896 1461 luculentissimi
925 1404 1088 1458 etiam
1129 1401 1359 1474 eloquii,
1399 1406 1453 1456 et
1482 1397 1661 1471 apprii

1908 1412 2084 1468 inium
2109 1411 2336 1468 fratrum
2362 1419 2490 1468 voto
2537 1413 2591 1467 in
2623 1413 2884 1468 abbatem
2914 1415 3145 1479 electus,
3197 1422 3445 1484 pastora-

124 1499 382 1553 disel‘lus-
415 1496 686 1562 Quantum
717 1511 941 1568 quoque
993 1495 1249 1549 humana?
1299 1491 1566 1564 {fugimus
1604 1505 1736 1545 σου·
1841 1504 1948 1560 lem
1991 1503 2250 1559 baculum
2279 1504 2348 1559 ab
2389 1503 2586 1560 eodem
2633 1505 2919 1576 episcopo,
2950 1504 3258 1560 secundum
3287 1505 3458 1572 illius,

127 1585 351 1642 ditionis
368 1585 630 1651 admittit,
658 1584 810 1640 omni
839 1583 1083 1639 bonitate
1112 1590 1298 1638 manet
1326 1579 1677 1652 conspicuus.
1710 1598 1736 1628 ι
1843 1595 2109 1667 temporis
2148 1596 2407 1652 usitatum
2437 1611 2647 1652 morem
2679 1596 2912 1668 accepit.
2936 1596 3044 1651 Sed
3067 1596 3202 1650 illud
3226 1611 3339 1652 non
3367 1596 3462 1652 diu

126 1680 329 1737 Εοάθῐη
359 1693 504 1734 anno
547 1676 797 1733 ίηῑθτῖυίῑ
827 1676 1040 1748 SYuOdO
1071 1675 1357 1743 Μθιάθηείν
1415 1679 1470 1730 οἳ
1500 1671 1745 1730 subscri-
1773 1738 1820 1762 η
1845 1688 2021 1762 gessit
2049 1689 2133 1744 vir
2161 1695 2409 1754 sanctus,
2443 1688 2824 1745 Molismenses
2875 1688 3022 1742 enim
3063 1688 3234 1759 patris
3261 1689 3466 1744 absen-

129 1769 234 1841 psit
259 1767 478 1835 litteris,
512 1766 717 1839 quibus
765 1738 1058 1821 Gaufridus
1111 1738 1447 1820 Mauritanize
1478 1779 1666 1820 comes

1928 1738 2020 1743 --η
2162 1738 2409 1754 -__--_-,
2444 1738 2821 1745 -_----------___
3066 1738 3232 1759 rm.--
3261 1738 3431 1744 ---ηπ

1928 1793 1978 1831 m
1999 1792 2144 1849 aegre
2177 1776 2437 1843 ferentes,
2469 1792 2592 1832 eum
2625 1776 2731 1833 sibi
2786 1775 3005 1832 restitui
3051 1775 3465 1832 instantissimis

125 1860 246 1931 ejus
273 1874 412 1914 uxor
458 1855 675 1912 Beatrix
702 1854 954 1911 ecclesiae
1000 1854 1053 1910 S.
1089 1853 1333 1926 Dionysii
1380 1853 1450 1908 de
1482 1853 1748 1928 Nogiomo
1851 1865 2108 1938 precibus
2150 1864 2219 1920 ab
2271 1865 2488 1920 Urbano
2545 1881 2687 1936 papa
2718 1865 3086 1937 postularunt,
3139 1882 3373 1939 quarum
3409 1867 3465 1921 in

132 1953 338 2009 donum
383 1950 842 2007 Cluniacensibus
893 1966 924 2005 a
969 1965 1029 2005 se
1077 1946 1280 2003 factum
1329 1944 1747 2002 confirmavere.
1853 1954 2082 2030 gratiam
2127 1953 2340 2028 Hugoni
2385 1951 2742 2026 Lugdunensi
2792 1952 3213 2025 archiepiscopo
3265 1962 3320 2011 et
3357 1954 3468 2010 Ro-

131 2047 285 2101 Anno
319 2044 476 2109 1081,
509 2045 622 2098 Α...
667 2042 1049 2118 Augustodun.
1091 2039 1202 2096 R...
1239 2039 1470 2112 Lingon.
1514 2038 1617 2093 G...
1655 2035 1755 2091 Ca-
1855 2059 2032 2098 mante
2063 2042 2212 2098 sedis
2237 2042 2419 2114 legato
2451 2039 2804 2116 gravissimas
2833 2040 3042 2095 litteras
3068 2041 3292 2112 scripsit
3323 2057 3466 2113 pon-

133 2133 308 2189 bilon.
343 2133 449 2189 L...
478 2132 846 2198 Matiscensis,
891 2129 1140 2186 scribunt
1170 2127 1427 2184 omnibus
1454 2125 1753 2199 provincia:
1856 2135 2008 2199 ιίῑρχ,
2040 2135 2092 2190 vi
2125 2150 2354 2207 quarum
2387 2132 2575 2189 habito
2605 2132 2751 2203 apud
2799 2132 3012 2188 Petram
3063 2132 3294 2188 scissam
3323 2148 3466 2189 con-

134 2222 474 2279 Τυτοηθηείε
502 2221 800 2293 episcopis,
834 2219 1142 2286 abbatibus:
1175 2227 1304 2283 θίαν
1357 2216 1587 2282 “ueras:
1630 2214 1754 2286 qui-
1854 2224 2010 2291 cilio,
2068 2223 2156 2279 cui
2217 2223 2505 2279 Gualterus
2547 2223 2756 2288 aderat,
2805 2223 3105 2279 Robertum
3161 2223 3468 2280 Molismum

136 2317 241 2372 bus
270 2315 717 2391 Andegavenscm
748 2313 1028 2380 οοηιίιθῐη,
1064 2319 1117 2367 ei
1146 2311 1490 2383 episcopum:
1531 2324 1596 2364 uc
1624 2322 1751 2362 m0“
1858 2319 2248 2375 remittendum
2290 2334 2412 2374 esse
2462 2317 2713 2373 unanimi
2771 2333 3047 2374 consensu
3078 2319 3360 2374 decretum
3393 2325 3477 2374 est

139 2407 345 2463 "301103
374 2406 594 2476 Maioris
648 2405 988 2471 Μοηθεῑεΐίίν
1045 2403 1395 2479 Lugdunum.
1428 2399 1484 2454 iu
1527 2400 1622 2469 jus
1657 2413 1753 2454 ’νό-
1857 2428 2004 2469 anno
2034 2411 2194 2481 1099,
2236 2411 2312 2468 ita
2340 2421 2524 2467 tamen
2569 2437 2590 2460 ι
2629 2420 2689 2467 ut
2719 2411 3041 2484 priusquam
3097 2411 3226 2468 illuc
3263 2411 3474 2468 rediret

137 2505 294 2566 caui;
324 2497 370 2552 εί
409 2497 637 2552 Obedil‘e
668 2495 972 2563 Γθηιιθτίηῐν
1006 2494 1327 2566 episcopum
1359 2493 1428 2548 ab
1454 2489 1758 2562 episcopali
1860 2501 2155 2569 Robertus,
2180 2500 2498 2556 Cabilonem
2529 2500 2782 2568 veniens,
2807 2499 2863 2555 in
2885 2516 3051 2556 manu
3084 2499 3358 2572 episc0pi,
3381 2500 3470 2556 cui

139 2605 196 2655 et
250 2595 579 2654 sacerdotali
633 2594 816 2652 ofﬁcio
857 2593 1227 2667 suSpendunt,
1270 2591 1566 2648 Fulconem
1626 2603 1758 2645 vero
1857 2591 2162 2648 secundum
2195 2591 2657 2666 consuetudinem
2686 2597 3008 2649 caeterorum
3047 2591 3308 2648 abbatum
3343 2608 3475 2664 pro-

143 2685 403 2744 comitem
438 2701 563 2741 cum
605 2683 912 2751 monachis,
940 2683 1263 2740 auctoritate
1294 2681 1352 2737 B.
1392 2679 1558 2747 Petri,
1593 2687 1756 2750 atque
1859 2680 2156 2737 fessionem
2216 2679 2443 2746 fecerat,
2484 2678 2892 2736 absolutionem
2937 2680 3237 2752 acciperet,
3264 2680 3472 2755 virgam

145 2775 203 2829 S.
236 2774 482 2848 llugonis
508 2773 756 2846 primatis
780 2778 834 2828 et
863 2773 1120 2828 Romana:
1147 2769 1404 2826 Ecclesiae
1438 2769 1624 2842 legati,
1659 2784 1760 2822 εκ·
1864 2782 1919 2829 et
1949 2789 2136 2829 curam
2169 2771 2404 2828 abbatiae
2435 2771 2692 2828 redderet
2717 2783 2773 2827 et
2798 2773 2932 2828 Novi
2964 2771 3280 2829 Monasterii
3315 2793 3337 2823 ι
3374 2773 3476 2843 (sic

145 2863 580 2931 communicant,
613 2878 704 2917 an.
744 2861 900 2918 1081.
941 2860 1088 2916 Hanc
1117 2861 1358 2916 chartam
1404 2857 1623 2930 scripsit
1670 2872 1760 2911 an.
1865 2864 2042 2936 primo
2065 2871 2442 2934 nuncupatum
2471 2860 2810 2933 Cistercium)
2847 2885 2865 2910 ι
2903 2861 3204 2917 monachos
3244 2860 3314 2916 ab
3339 2860 3480 2917 obe—

153 2954 311 3023 1087,
338 2954 486 3027 apud
514 2954 844 3008 Perardum:
890 2973 916 3002 ιι
955 2953 1066 3027 Ego
1095 2950 1392 3008 Walterius
1420 2956 1622 3005 sanclw
1657 2947 1762 3002 Ca-
1866 2955 2075 3011 dientia
2103 2953 2209 3010 sibi
2233 2953 2420 3010 debita
2448 2953 2778 3009 absolveret.
2805 2973 2828 3003 υ
2879 2951 3008 3017 Quae
3029 2952 3216 3009 omnia
3246 2968 3475 3009 exsecu-

149 3045 461 3102 bilonensis
516 3043 771 3100 Ecclesia:
824 3041 1045 3098 humilis
1099 3041 1416 3114 episcopus,
1473 3037 1762 3095 ecclesiam
1797 3047 2004 3133 "tigni
2035 3047 2293 3102 mandata
2349 3054 2502 3112 sum,
2543 3045 2655 3102 imo
2709 3052 2764 3101 οι
2795 3044 3077 3100 Albericus
3115 3043 3171 3099 in
3225 3045 3478 3100 abbatem

150 3138 208 3194 S.
266 3137 447 3192 Mariae
502 3136 559 3191 in
609 3134 880 3192 suburbio
921 3134 1268 3190 Cabilonensi
1320 3133 1480 3188 sitam
1521 3129 1770 3202 disposui
1795 3114 2196 3194 Cbenedictus
2235 3134 2355 3202 fuit,
2385 3145 2446 3190 ut
2472 3141 2621 3207 patet
2650 3151 2716 3189 ex
2743 3133 2942 3190 litteris
2980 3133 3237 3189 Gualterii
3271 3133 3340 3189 ad
3370 3133 3476 3190 Ro-

153 3228 476 3297 reformare,
531 3234 588 3283 et
623 3244 744 3284 eam
784 3235 974 3283 sancto
1028 3226 1276 3300 Benigno
1333 3223 1654 3280 Divionensi
1709 3238 1771 3278 ac
1869 3231 2087 3286 berlum
2118 3230 2520 3302 Lingonensem
2543 3229 2855 3300 praesulem.
2886 3227 2994 3283 Sed
3025 3235 3081 3285 et
3109 3228 3320 3300 primus
3353 3244 3484 3284 con-

152 3318 437 3375 Jarentoni
470 3316 658 3371 abbati
691 3315 864 3371 reddo
881 3322 934 3370 et
962 3315 1230 3380 concedo,
1253 3328 1381 3368 cum
1412 3310 1674 3367 omnibus
1704 3311 1769 3365 ad
1872 3319 2199 3375 ﬁrmajionis
2244 3319 2484 3374 Cistercii
2561 3319 2910 3392 privilegium
2951 3320 3020 3374 ab
3078 3319 3320 3374 Ecclesia
3378 3319 3486 3375 Ro-

155 3424 278 3464 eam
310 3405 740 3479 Periiueuiibusp
765 3405 889 3474 iure
921 3411 1193 3475 Perpetuo
1223 3400 1637 3473 Ροδείάθοάεῐην
1670 3400 1773 3454 sub
1874 3428 2036 3467 mana
2063 3409 2366 3482 postulavit
2391 3410 2478 3464 his
2495 3410 2710 3466 verbis:
2759 3431 2784 3461 α
2822 3409 3135 3464 Venerabili
3159 3409 3301 3464 Patri
3330 3425 3487 3480 papae

156 3499 471 3556 reverentia
527 3507 583 3552 et
621 3497 828 3553 honore
886 3495 1265 3551 Cabilonensis
1311 3493 1564 3550 Ecclesia:
1613 3498 1776 3564 atque
1879 3499 2152 3567 Pascha“,
2195 3499 2485 3554 Gualterus
2502 3497 2748 3553 Cabilon.
2781 3497 3038 3554 Ecclesia;
3058 3497 3489 3569 episcopus,sa-

158 3606 541 3649 successorum
571 3604 841 3644 meorum.
873 3587 928 3642 S.
972 3586 1226 3643 Gausleni
1263 3587 1483 3653 decani,
1523 3582 1776 3639 Landrici
1876 3591 2046 3646 lutem
2087 3596 2143 3645 et
2172 3588 2412 3644 debitam
2454 3586 2924 3656 subjectionem...
2967 3587 3304 3658 Simpliciter
3349 3589 3492 3658 peti-

163 3679 446 3754 praepositi
501 3686 666 3751 atque
745 3677 1146 3743 archidiaconi,
1221 3673 1439 3732 Rodulﬁ
1486 3675 1776 3730 thesaura-
1880 3697 2024 3747 mus,
2058 3687 2329 3752 quatenus
2379 3677 2530 3750 quod
2562 3677 2762 3733 factum
2817 3679 2996 3734 estde
3050 3678 3312 3735 fratribus
3358 3679 3490 3746 illis,

164 3771 256 3840 Γίίι
295 3789 326 3821 ³)
359 3776 463 3825 οἷο·
496 3767 627 3825 Cum
682 3766 1035 3842 LugduueuSi
1076 3765 1494 3836 urcuiepiscupo
1525 3762 1779 3819 uomiua'
1883 3775 1976 3846 qui
2009 3772 2262 3830 arctioris
2289 3771 2416 3828 vitae
2447 3770 2742 3837 desiderio,
2782 3787 2816 3826 a
2853 3771 3188 3828 Molismensi
3222 3771 3490 3838 Ecclesia,

168 3871 258 3920 tur
314 3861 521 3918 arbiter
597 3860 811 3916 dissidii
876 3859 1020 3914 inter
1092 3857 1392 3913 canonicos
1453 3854 1784 3912 cathedralis
1883 3880 2196 3922 sauciorum
2254 3864 2496 3921 virorum
2548 3863 2782 3919 consilio
2849 3871 3216 3929 recesserunt,
3258 3880 3398 3936 quos
3437 3865 3493 3919 in

167 3959 226 4014 S.
271 3957 564 4024 Vincentii,
598 3964 652 4012 et
701 3955 984 4030 regulares
1039 3953 1095 4008 8.
1137 3953 1285 4009 Petri
1337 3951 1704 4008 Matisconens

1959 3966 2072 4015 stro
2101 3957 2423 4030 episc0patu
2454 3956 2641 4012 divina
2670 3957 2847 4027 pietas
2883 3957 3196 4025 collocavit,
3224 3974 3256 4013 a
3293 3958 3495 4030 quibus

169 4063 272 4121 Ρτο
303 4048 430 4118 iure
460 4045 778 4118 sepulium-
831 4043 1018 4100 Refert
1055 4043 1222 4114 ΡθΠὙ
1265 4058 1411 4098 auuu
1456 4039 1595 4097 1093
1640 4040 1782 4109 eius:
1883 4049 2192 4108 transmissi
2233 4049 2587 4121 praesentium
2627 4048 2932 4106 litterarum
2962 4049 3134 4121 bajuli
3165 4049 3321 4106 vobis
3365 4067 3499 4122 prte-

171 4138 448 4212 Aquensis
469 4136 898 4208 archiepiSCOpi,
928 4146 983 4192 et
1013 4135 1504 4208 Gratianopolitani
1536 4149 1708 4205 prwsu

1961 4151 2076 4200 ntes
2103 4142 2323 4209 adsunt,
2352 4158 2448 4199 vos
2470 4141 2804 4214 approbare,
2834 4149 2965 4198 etut
2986 4144 3138 4199 locus
3160 4143 3251 4198 ille
3279 4143 3498 4198 abbatia

174 4250 369 4308 opera,
423 4232 867 4308 Magalonensem
908 4231 1232 4304 episcopum
1287 4239 1343 4286 el.
1395 4229 1652 4286 comitem
1722 4227 1788 4282 ad
1890 4237 2068 4292 libera
2098 4235 2154 4291 in
2187 4241 2512 4307 perpetuum
2543 4243 2886 4307 permaneat,
2915 4235 3063 4290 salva
3083 4244 3267 4290 tamen
3300 4243 3500 4290 nostra:

178 4327 534 4385 concordiam
597 4325 765 4382 fuisse
833 4332 1135 4381 revocatos.
1182 4325 1338 4380 Anno
1381 4324 1517 4380 1094
1555 4321 1791 4380 concilio
1893 4345 2149 4402 personae
2189 4343 2684 4398 successorumque
2750 4335 3062 4382 nostrorum
3104 4326 3372 4381 canonica
3422 4341 3505 4381 re.

181 4419 422 4476 Eduensi
450 4417 721 4487 interfuit,
751 4417 809 4473 in
847 4432 958 4490 quo
1006 4417 1078 4474 ob
1115 4415 1424 4472 Bertradam
1455 4432 1485 4470 τι
1543 4420 2144 4514 commu-Dvorentia
2189 4419 2530 4476 auctoritatis
2580 4427 2778 4474 vestrae
2812 4417 3104 4492 privilegio
3141 4416 3502 4473 corroborare

182 4512 352 4568 nione
403 4509 668 4583 praecisus
695 4507 798 4564 fuit
847 4524 940 4564 rex
972 4507 1302 4563 Francorum
1333 4505 1639 4577 Philippus.
1696 4504 1864 4561 (ἔσς’
1897 4515 2233 4589 dignemini;
2266 4514 2365 4571 sed
2405 4522 2458 4570 ει
2495 4512 2688 4581 abbas,
2731 4528 2894 4586 quem
2945 4512 3001 4567 in
3030 4512 3228 4568 eodem
3260 4513 3382 4569 ιοοο
3412 4528 3506 4568 or-

183 4607 435 4664 defridus
466 4607 538 4662 de
575 4604 860 4678 Vergiaco,
910 4603 1169 4661 dominus
1217 4601 1473 4658 Donziaci
1512 4601 1569 4656 in
1599 4608 1798 4658 terram
1899 4607 2234 4673 dinavimus,
2266 4613 2320 4661 et
2346 4603 2528 4660 caeteri
2559 4602 2754 4659 fratres
2792 4602 2921 4659 totis
2962 4603 3171 4660 viribus
3202 4603 3345 4660 hanc
3369 4619 3508 4662 con-

185 4707 432 4756 sanctam
477 4714 601 4754 cum
663 4695 960 4753 Godefrido
1022 4694 1359 4752 Bullionensi
1424 4691 1790 4764 profecturus,
1901 4695 2269 4752 ﬁrmationem
2320 4693 2376 4748 in
2403 4709 2516 4749 suae
2573 4692 2780 4766 quietis
2808 4691 3033 4748 tutelam
3073 4708 3104 4749 a
3138 4699 3319 4750 vestra
3353 4692 3511 4768 ﬂagi-

188 4809 314 4850 cum
363 4791 602 4863 pecunia
644 4789 940 4863 indigeret,
976 4804 1079 4844 nec
1107 4787 1177 4844 ab
1235 4786 1507 4845 avunculo
1543 4784 1796 4842 obtinere
1897 4792 2014 4843 tant
2041 4785 2268 4857 pietate.
2307 4804 2337 4835 ι

189 4892 401 4958 posset,
453 4883 574 4955 ipso
625 4880 954 4950 mediatore,
986 4888 1196 4953 partem
1241 4880 1479 4936 mediam
1509 4878 1801 4935 comitatus
1972 4876 2127 4932 Anno
2158 4875 2316 4943 1100,
2350 4874 2608 4931 invitatus
2637 4874 2706 4931 ad
2745 4875 3018 4948 synodum
3067 4873 3512 4932 Valentinensem

193 4976 593 5044 Cabilonensis,
625 4991 790 5048 quam
843 4973 1184 5047 possidebat,
1240 4972 1492 5030 vendidit
1538 4970 1799 5027 Walterio
1904 4971 2082 5044 inqua
2119 4985 2282 5025 causa
2313 4967 2590 5041 Norgaudi
2621 4967 2891 5024 Eduensis
2928 4969 3175 5040 episcopi
3217 4968 3513 5024 multorum

189 5068 458 5140 episcopo
481 5073 536 5123 et
565 5065 828 5137 capitulm
855 5080 1088 5138 quorum
1119 5063 1267 5119 bona
1297 5071 1428 5118 tunc
1456 5068 1613 5119 erant
1640 5078 1799 5118 com-
1906 5066 2201 5126 criminum
2242 5064 2481 5120 accusati
2526 5065 2890 5120 examinanda
2920 5073 3058 5134 erat,
3096 5065 3292 5121 adesse
3318 5063 3515 5130 noluit,

191 5156 406 5224 munia,
447 5154 624 5228 pretio
663 5162 890 5211 centum
957 5153 1241 5210 unciarum
1292 5153 1408 5208 auri
1451 5151 1598 5224 puri,
1650 5151 1808 5221 cujus
1909 5155 2238 5229 prohibitus,
2272 5164 2334 5210 ut
2381 5153 2687 5220 dicebatur,
2741 5171 2770 5209 a
2811 5153 3234 5225 metr0politano
3271 5167 3373 5209 suo
3409 5152 3515 5208 ilu-

193 5254 488 5308 maximam
545 5259 755 5324 partem
800 5267 865 5307 ex
933 5249 1088 5305 altari
1141 5249 1196 5304 S.
1240 5248 1513 5305 Vincentii
1565 5247 1809 5304 abstule-
1910 5264 2053 5324 gone
2086 5246 2460 5320 Lugdunensi.
2494 5245 2568 5301 Re
2611 5245 2678 5301 ad
2721 5245 3063 5301 Pictaviense
3092 5244 3387 5302 concilium
3430 5261 3520 5300 re-

196 5349 340 5400 rant.
396 5341 646 5397 Chartam
703 5342 847 5396 inter
904 5340 1270 5396 instrumenta
1320 5337 1629 5394 retulimus.
1679 5339 1812 5393 Data
1913 5337 2102 5405 missa,
2135 5335 2487 5408 Norgaudum
2519 5333 2588 5388 ad
2618 5333 2754 5389 illud
2795 5333 3190 5391 accendentem
3232 5332 3523 5391 comitatus

196 5439 414 5495 videtur
459 5454 552 5493 an.
637 5436 786 5492 0096.
851 5433 1102 5491 Interfuit
1172 5433 1507 5490 dedicationi
1563 5433 1811 5489 ecclesiae
1914 5436 2018 5498 est,
2048 5429 2250 5484 missus
2287 5444 2317 5482 a
2345 5425 2698 5500 Lugdunensi
2731 5426 3174 5498 archiepiscopo,
3204 5431 3261 5481 ut
3283 5426 3525 5484 accusati

199 5530 254 5584 S.
287 5527 554 5600 Stephani
613 5525 974 5581 Nivernensis
1019 5539 1108 5578 an.
1143 5523 1280 5580 1097
1321 5531 1374 5578 et
1405 5521 1655 5579 unctioni
1714 5523 1812 5578 Be-
1916 5528 2104 5595 partes
2133 5527 2396 5589 tueretur,
2428 5518 2527 5574 sed
2560 5518 2758 5574 frustra
2807 5517 2985 5587 fuere,
3019 5533 3124 5575 nec
3150 5519 3272 5588 ejus
3301 5519 3530 5576 damna-

196 5617 344 5674 rardi
367 5613 744 5672 archidiaconi
780 5611 1165 5689 Lugdunensis
1195 5611 1252 5666 in
1285 5610 1608 5682 episcOpum
1631 5609 1816 5666 Matis-
1917 5614 2126 5670 tionem
2157 5611 2430 5685 impedire
2480 5617 2798 5683 potuerunt.
2848 5609 3051 5667 Eodem
3107 5627 3252 5668 anno
3301 5612 3533 5670 Ansanm

201 5727 525 5780 conensem,
568 5727 632 5768 ac
659 5709 862 5766 missus
908 5714 992 5765 est
1021 5713 1081 5764 ut
1123 5707 1438 5763 Jarentonis
1469 5704 1596 5762 abb.
1629 5705 1683 5762 S.
1715 5707 1815 5763 Be-
1922 5703 2137 5776 synodo
2162 5702 2430 5759 interfuit.
2467 5702 2539 5758 Eo
2581 5711 2852 5773 prasente
2900 5718 3024 5758 cum
3059 5701 3285 5774 Hugone
3319 5703 3537 5777 ωειιιιι

539 5822 838 5886 PATROL.
900 5817 1097 5884 CLX.
3049 5808 3127 5872 37
