3932 6040
453 214 588 272 1163

1523 206 1824 263 WALTERI
1866 198 2331 261 CABILONENSIS
2374 194 2686 253 EPISCOPl.

3644 199 3804 255 1161

450 335 606 390 nensi
643 349 787 388 anno
844 331 980 389 1103
1025 333 1169 386 idem
1220 331 1544 404 Norgaudus
1587 331 1791 386 domno
1843 331 2054 404 Hugoni
2083 331 2134 399 Α
2164 324 2478 395 Stephanus
2507 323 2714 394 fabbas:
2758 322 3053 378 Walterius
3103 323 3447 380 dioecesanus
3479 325 3806 397 episc0pus

450 423 688 479 Cluniaci
745 421 928 477 abbati
982 437 1078 491 pro
1132 421 1465 476 monasterio
1517 421 1572 475 Β.
1607 421 1944 492 Magdalenee
1987 420 2056 474 (lc

446 512 736 579 Quadrella
783 510 1127 566 confirmavit
1166 510 1412 582 ejusdem
1465 510 1589 585 pagi
1638 510 1922 574 ecclesias,
1987 511 2056 565 de

445 604 648 676 quibus
696 602 1026 658 Leotbaldus
1065 601 1391 674 Digonensis
1435 602 1584 657 litem
1629 601 1903 656 movebat.
1954 602 2051 655 An.

447 696 581 754 1107
612 695 819 767 scripto
868 694 1167 763 diplomate
1220 691 1494 768 signiﬁcat
1546 693 1830 765 llugonem
1876 700 1929 748 et
1960 693 2057 748 Sa-

444 788 760 855 tieherium,
789 803 851 843 ac
881 786 1167 841 Airardum
1198 784 1390 841 fratres
1421 787 1489 840 de
1520 786 1779 852 Marchia,
1822 785 2055 856 plurima

445 885 590 958 apud
643 883 909 948 Aluziam,
979 883 1033 938 S.
1078 881 1316 937 Marcelli
1364 882 1622 938 coenobio
1690 884 2048 938 concessisse.

445 973 807 1028 Subscribunt
857 969 1142 1026 Jothaldus
1192 971 1454 1030 decanus.
1499 970 1886 1025 Gauceranuus
1924 987 2053 1026 can-

446 1069 550 1128 tor,
583 1069 688 1117 etc.
723 1060 926 1115 Eodem
966 1075 1111 1114 anno
1152 1059 1466 1114 nominatur
1517 1059 1722 1114 arbiter
1746 1075 1866 1114 cum
1909 1059 2054 1131 Lug-

444 1150 678 1205 dunensi
729 1148 1152 1219 metropolitano
1211 1149 1424 1203 dissidii
1476 1149 1619 1204 inter
1669 1150 1966 1204 canonicos
1995 1150 2050 1203 S.

443 1241 740 1298 Vincentii.
792 1248 846 1294 et
910 1239 1242 1294 cathedralis
1300 1240 1358 1294 D.
1416 1239 1559 1294 Petri
1616 1239 2050 1295 Matisconensis.

442 1333 596 1387 Anno
652 1329 947 1386 Dominicze
986 1329 1261 1388 Incarnat.
1298 1329 1428 1383 1111
1479 1328 1772 1384 Walterius
1805 1328 2050 1384 Cabilon.

442 1420 739 1491 episcopus
783 1427 837 1473 et
865 1418 1088 1472 Jarento
1130 1415 1477 1470 Divionensis
1533 1415 1705 1470 abbas
1734 1417 2052 1472 societatem

440 1510 520 1564 sic
553 1510 697 1564 inter
745 1524 805 1562 se
837 1507 1098 1566 inierunt.
1139 1527 1158 1554 ι
1195 1512 1254 1560 ut
1291 1521 1414 1560 cum
1455 1504 1639 1561 brevis
1687 1507 1756 1561 de
1783 1507 2051 1562 canonico

442 1599 795 1657 Cabilonensi
838 1599 1052 1654 venerit
1085 1598 1392 1666 Divionem,
1425 1598 1512 1653 vel
1543 1599 1618 1651 de
1645 1599 1917 1654 monacho
1949 1599 2046 1653 Di-

2161 415 2377 472 consilii
2427 415 2704 480 conscius,
2732 413 2891 470 simul
2925 431 3046 470 cum
3075 431 3142 471 eo
3168 416 3449 472 dimcesim
3479 434 3642 472 suam
3671 435 3810 488 per-

2160 509 2439 575 lustravit;
2494 508 2731 564 occurrit
2764 508 3050 564 silvaticus
3081 510 3235 565 locus
3262 512 3329 564 ad
3378 512 3623 567 Gronam
3678 513 3803 566 ﬂu-

2156 602 2330 671 vium,
2372 602 2559 674 ibique
2593 617 2736 657 anno
2779 600 2916 657 1113
2965 599 3224 657 fundatur
3253 603 3599 671 cmnobium,
3634 605 3805 673 ejus-

2157 711 2267 767 que
2297 696 2530 751 ecclesia
2559 696 2611 750 in
2644 695 2908 751 honorem
2933 695 3026 750 Dei
3058 697 3341 767 genitricis
3371 698 3552 752 Mariae
3586 715 3621 753 a
3652 699 3798 753 Gal-

2156 786 2322 853 terio,
2364 786 2735 857 praesentibus
2791 786 3098 842 Joceranno
3156 787 3384 863 Lingon.
3429 789 3708 860 praesule,
3748 797 3802 843 et

2157 878 2464 934 Gauderico
2515 895 2579 934 ac
2632 878 2924 934 Guillelmo
2983 879 3303 945 comitibus,
3361 881 3663 936 dedicatur
3729 897 3802 935 xv

2159 968 2428 1025 Kalendas
2465 970 2676 1025 Junias.
2711 970 2860 1026 Novo
2885 970 3142 1026 ctenobio
3174 970 3407 1026 inditum
3447 978 3531 1026 est
3567 971 3795 1027 Firmi-

2156 1062 2281 1118 tatis
2311 1079 2537 1129 nomen,
2567 1064 2713 1136 quod
2739 1073 2871 1120 tunc
2903 1064 3135 1135 primum
3170 1064 3440 1120 firmatum
3483 1073 3568 1120 est
3614 1068 3804 1122 stabi-

2157 1149 2309 1205 litum
2350 1167 2473 1206 esse
2499 1153 2733 1223 cmperit
2764 1152 3127 1207 Cisterciense
3160 1153 3490 1208 institutum.
3524 1153 3796 1210 Chartam

2156 1238 2299 1294 hanc
2330 1239 2383 1294 in
2417 1241 2646 1312 gratiam
2683 1241 2735 1294 S.
2779 1240 3019 1296 Marcelli
3050 1241 3274 1312 scripsit
3303 1259 3449 1298 anno
3481 1245 3794 1314 sequenti:

2162 1351 2187 1379 α
2229 1331 2338 1402 Ego
2369 1331 2462 1385 Dei
2507 1332 2678 1406 gratia
2706 1332 3008 1388 Walterius
3039 1332 3282 1389 Cabilon.
3317 1334 3622 1406 episcopus
3656 1352 3797 1406 pec-

2154 1425 2399 1473 catorum
2433 1434 2681 1474 meorum
2715 1420 2930 1474 veniam
2971 1426 3025 1476 et
3054 1420 3255 1476 divina:
3297 1421 3519 1492 pietatis
3551 1423 3794 1478 miseri-

2154 1513 2396 1568 cordiam
2431 1514 2782 1584 desiderans,
2829 1515 3078 1572 concedo
3133 1517 3409 1573 Deo.......
3463 1517 3532 1572 ad
3599 1518 3791 1574 locum

2151 1607 2204 1660 S.
2253 1607 2489 1663 Marcelli
2533 1608 2781 1665 Cabilon.
2815 1609 3106 1666 ecclesiam
3134 1611 3201 1666 de
3257 1612 3456 1680 Boens,
3493 1629 3624 1668 cum
3655 1630 3790 1669 om-

1381 1657 1390 1666 ,
2540 1657 2781 1665 nm---"
2819 1657 3106 1666 “om”.-.
3136 1657 3200 1666 ,ν
3259 1657 3456 1680 "ww,
3495 1657 3624 1668 νυ...
3656 1657 3749 1669 ν...

438 1693 689 1750 vionensi
725 1691 939 1747 venerit
970 1690 1312 1758 Cabilonum,
1345 1691 1526 1746 statim
1556 1706 1654 1762 pro
1687 1707 1754 1746 eo
1787 1689 1881 1746 ﬁat
1920 1692 2045 1762 ple-
2077 1657 2129 1725 Β
2152 1699 2315 1753 nibus
2353 1699 2421 1754 ad
2453 1716 2572 1755 eam
2607 1701 3134 1772 pertinentibus.....
3160 1703 3377 1759 Factum
3403 1712 3486 1760 est
3518 1705 3573 1758 in
3614 1704 3787 1760 Cabi-

439 1787 650 1868 narium
669 1785 910 1842 ofﬁcium
936 1791 1297 1851 mortuorum,
1317 1784 1421 1840 hoc
1447 1791 1529 1839 est
1555 1784 1745 1856 vigilia
1770 1791 1823 1839 et
1854 1785 2044 1854 missa,

439 1883 493 1932 et
542 1892 608 1932 eo
657 1874 750 1930 die
800 1875 998 1929 habeat
1059 1873 1483 1944 praebendam...
1516 1874 1633 1928 Fiat
1679 1875 1944 1945 (insuper)
1990 1875 2045 1928 in

2149 1787 2367 1844 lonensi
2397 1790 2616 1846 civitate
2651 1791 2705 1846 in
2745 1792 2988 1863 capitulo
3041 1794 3455 1861 canonicorum,
3500 1811 3602 1850 Vlll
3667 1796 3787 1851 Kal.

2149 1879 2366 1938 Octobr.
2398 1897 2544 1938 anno
2595 1883 2662 1937 ab
2697 1883 2969 1938 Incarnat.
3030 1885 3188 1948 HM.
3228 1907 3248 1936 ι
3285 1887 3507 1958 Synodo
3535 1887 3789 1943 Trenor—

437 1973 933 2044 hebdomadapost
962 1972 1302 2027 Dominicam
1356 1972 1557 2027 mediae
1598 1973 2046 2046 Quadragesimze
2148 1973 2388 2042 chiensi,
2426 1974 2676 2031 interfuit
2725 1976 2884 2033 1115.
2933 1975 3215 2033 Concessit
3269 1979 3556 2036 canonicis
3584 1980 3786 2037 Sancti

433 2065 581 2136 apud
635 2070 899 2135 utrosque
944 2077 1042 2132 pro
1090 2061 1341 2132 utrisque
1372 2061 1632 2134 generale
1690 2061 1935 2118 ofﬁcium
1995 2072 2050 2118 et
2149 2067 2412 2138 Stephani
2451 2070 2820 2136 Divionensis,
2871 2085 3018 2128 anno
3082 2073 3236 2140 1117,
3289 2081 3351 2128 ut
3415 2073 3664 2130 afﬁrmat
3718 2077 3784 2130 D.

437 2159 621 2214 missa.
659 2157 940 2214 Concessit
992 2163 1256 2228 pmterea
1294 2155 1556 2229 praefatus
1613 2156 1698 2212 W.
1753 2157 2050 2229 episcopus
2150 2151 2288 2222 Fiot,
2319 2156 2610 2210 ecclesiam
2643 2156 2696 2212 S.
2729 2157 2968 2226 Martini,
3001 2175 3124 2230 quaa
3169 2159 3275 2214 sita
3305 2169 3390 2216 est
3426 2162 3481 2216 in
3527 2163 3657 2218 loco
3686 2164 3781 2235 qui

435 2249 690 2305 abbati).
726 2255 782 2303 et
809 2248 1067 2302 omnibus
1091 2248 1503 2302 successoribus
1533 2248 1654 2316 ejus
1683 2265 1847 2303 unam
1880 2264 2051 2304 cano-

434 2342 669 2398 nicalcm
701 2339 1052 2411 praebendam
1083 2337 1352 2410 integram
1383 2343 1437 2392 et
1467 2337 1821 2392 cottidianam
1861 2338 1915 2392 in
1961 2355 2047 2394 ec-

436 2433 604 2497 clesia
635 2430 690 2486 S.
714 2428 1010 2494 Vincentii,
1039 2443 1204 2499 quam
1249 2427 1393 2481 idem
1422 2425 1594 2481 abbas
1619 2426 1894 2482 concessit
1923 2443 2046 2482 mo-

434 2523 611 2578 nacho
650 2518 970 2575 Divionensi
1023 2515 1170 2589 apud
1201 2517 1253 2570 S.
1286 2515 1508 2570 Mariam
1558 2516 1957 2584 commanenti;
1991 2525 2045 2572 et

2147 2242 2312 2317 vulgo
2343 2244 2524 2300 Arcus
2579 2253 2948 2317 nuncupatur.
3001 2247 3187 2304 Refert
3225 2255 3280 2304 et
3337 2249 3606 2305 Perardus
3653 2252 3783 2320 ejus

2147 2332 2413 2401 chartam,
2453 2334 2551 2389 sed
2583 2335 2730 2389 nulla
2771 2337 3035 2408 temporis
3079 2343 3208 2393 nota
3257 2337 3605 2411 insignitam,
3661 2357 3778 2412 qua

2146 2422 2344 2478 iisdem
2376 2425 2659 2480 canonicis
2687 2425 2978 2482 ecclesiam
3029 2427 3097 2482 de
3139 2427 3416 2496 Bassiaco,
3455 2445 3627 2500 quam
3658 2431 3776 2498 jam

2145 2511 2413 2568 dederant
2441 2514 2681 2570 Acardus
2721 2521 2775 2570 et
2814 2515 3087 2571 Roclenus
3131 2515 3306 2587 ipsius
3355 2525 3772 2585 antecessores,

433 2618 494 2666 ut
529 2609 833 2664 monachus
866 2606 1012 2662 idem
1032 2605 1178 2676 apud
1209 2605 1265 2661 S.
1295 2605 1641 2660 Vincentium
1676 2605 2040 2677 septimanam
2142 2607 2430 2664 conﬁrmat
2451 2618 2505 2666 et
2532 2603 2602 2666 de
2620 2626 2760 2666 novo
2791 2611 3070 2681 concedit,
3097 2627 3218 2668 cum
3261 2612 3494 2668 decimis
3527 2620 3584 2668 et
3608 2613 3770 2668 obla-

432 2703 616 2770 t‘aciat,
647 2707 700 2756 et
763 2697 1110 2755 Divionensis
1160 2696 1412 2764 ecclesia,
1459 2696 1833 2769 eleemosyna)
1879 2699 2041 2768 hujus
2141 2699 2388 2756 tionibus
2430 2718 2494 2758 ac
2534 2703 2699 2758 etiam
2737 2719 2862 2759 cum
2919 2704 3190 2760 universis
3237 2706 3574 2776 appenditiis
3626 2708 3765 2774 suis,

431 2812 616 2864 causa,
657 2791 1009 2850 Cabilonensi
1039 2789 1288 2847 ecclesiae
1319 2798 1374 2846 et
1405 2789 1765 2861 corporaliter
1794 2799 1849 2845 et
1877 2791 2040 2861 spiri-

429 2889 652 2946 tualiter
689 2903 786 2959 pro
808 2902 970 2959 posse
991 2885 1278 2942 servitium
1312 2883 1617 2955 impendat.
1659 2906 1676 2932 ο

2141 2794 2356 2847 servitio
2377 2799 2561 2848 tamen
2584 2793 2832 2865 synodali
2855 2794 2964 2850 sibi
2989 2803 3288 2864 reservato,
3321 2806 3430 2852 etc.
3456 2796 3574 2853 Non
3613 2797 3768 2853 vide-

2141 2887 2227 2934 tur
2254 2888 2383 2936 ante
2416 2899 2620 2938 annum
2676 2883 2815 2939 11ἓο
2843 2890 2938 2939 aut
2977 2883 3142 2940 ﬁnem

3204 2885 3334 2942 1121
3394 2887 3542 2943 diem
3580 2897 3767 2944 extre-

499 2977 763 3033 Bernardi
790 2977 845 3031 in
877 2976 1084 3031 Novum
1116 2972 1508 3029 Monasterium
1539 2972 1805 3039 adventu,
1833 2987 1898 3027 ac
1929 2973 2039 3028 vir-
2066 3036 2110 3059 η
2140 2987 2291 3027 mum
2327 2973 2613 3044 clausisse,
2663 2975 2940 3047 siquidem
2992 2977 3290 3046 Jotsaldus,
3343 2995 3506 3050 quem
3551 2981 3609 3034 in
3640 2981 3768 3052 epi-

431 3079 606 3126 tutum
639 3071 913 3142 exemplo,
955 3070 1010 3123 in
1058 3076 1268 3124 tantum
1327 3076 1487 3122 aucta
1536 3075 1622 3122 est
1660 3067 2040 3124 Cisterciensis
2064 3043 2113 3105 (λ
2143 3071 2402 3135 sc0palus
2440 3043 2822 3122 successorem
2863 3068 3080 3138 habuit,
3109 3085 3176 3124 ex
3215 3043 3378 3142 epist:
3426 3069 3634 3127 Callixti
3679 3043 3764 3141 ἰι,

429 3158 655 3226 familia,
680 3166 738 3214 ut
768 3158 837 3213 de
867 3171 1011 3213 novo
1032 3155 1325 3212 condendo
1353 3155 1688 3211 monasterio
1724 3156 2047 3230 cogitaverit

2146 3159 2328 3216 adhuc
2359 3159 2606 3217 decanus
2636 3170 2774 3218 erat.

1149 3415 1562 3504 FORMA
1630 3413 2319 3506 ELECTIONIS
2386 3420 3033 3509 WALTERII.

1465 3567 1631 3638 (Gali.
1665 3567 1862 3623 Christ.
1907 3582 2058 3634 nov.,
2088 3566 2152 3620 IV
2182 3567 2466 3637 lnstrum.,
2501 3587 2556 3642 p.
2577 3570 2728 3639 23!.)

500 3770 698 3824 Auctor
725 3774 925 3822 nostrze
951 3763 1371 3835 redemptionis,
1432 3761 1757 3836 Unigenitus
1787 3762 2040 3817 altissimi

428 3859 621 3923 Patris,
642 3857 770 3920 sibi,
799 3855 1059 3909 nimirum
1091 3859 1216 3907 ante
1237 3852 1407 3906 totius
1427 3850 1528 3904 aevi
1557 3850 1916 3921 principium,
1947 3865 2043 3905 co-

427 3953 670 4000 azternus
708 3952 762 3998 et
807 3939 1316 4004 consubstantialis,
1377 3955 1499 3994 cum
1533 3939 1647 4006 jam
1695 3939 2040 4009 plenitudine

429 4031 694 4102 temporis
732 4029 1081 4091 adveniente,
1124 4028 1195 4081 de
1225 4026 1486 4081 caelorum
1510 4027 1767 4096 supernis
1794 4027 2037 4082 descen-

429 4121 590 4186 dens,
637 4117 919 4172 hominem
972 4115 1248 4170 induisset
1293 4115 1346 4168 in
1382 4114 1563 4182 terris,
1599 4124 1814 4170 servata
1850 4116 1905 4170 in
1953 4132 2041 4170 as-

428 4216 647 4280 sumpto
670 4207 895 4263 homine
939 4205 1224 4274 majestate
1256 4203 1591 4270 divinitatis;
1643 4205 1878 4274 expletis
1925 4212 2038 4259 tan-

427 4308 554 4362 dem
586 4305 866 4372 omnibus,
891 4319 1015 4375 quae
1043 4302 1113 4356 de
1155 4301 1330 4372 ipsius
1359 4309 1684 4371 susceptura
1712 4299 2040 4370 temporali-

428 4407 515 4456 ter
554 4397 914 4464 humanitate,
948 4393 1276 4450 nobilissimi
1305 4393 1547 4464 antiquae
1583 4391 1719 4464 legis
1759 4407 2042 4462 praecones

427 4492 686 4549 veridicis
755 4489 1128 4560 praedixerant
1179 4485 1482 4552 vaticiniis,
1551 4484 1802 4556 protinus
1855 4497 2040 4539 sacro-

2143 3769 2291 3818 store
2322 3771 2539 3835 patrum
2561 3766 2935 3834 commissam,
2976 3767 3146 3823 verbo
3173 3767 3436 3823 decorare
3477 3768 3686 3838 pariter
3713 3780 3768 3823 et

2145 3855 2398 3925 exemplo
2431 3857 2782 3920 studuerunt,
2811 3865 2872 3912 ut
2901 3858 3030 3913 licet
3059 3858 3256 3912 summi
3292 3856 3557 3930 pontiﬁcii
3601 3874 3764 3913 reve-

2143 3943 2316 3998 rendo
2339 3954 2525 4000 essent
2547 3946 2824 4001 sublimati
2857 3946 3120 4012 culmine,
3176 3946 3282 4000 sibi
3315 3955 3498 4001 tamen
3529 3946 3768 4000 subditis

2141 4035 2410 4109 eligerent
2438 4037 2702 4109 prodesse
2734 4038 2916 4109 potius
2959 4055 3120 4110 quam
3152 4054 3416 4110 praeesse,
3449 4039 3766 4110 aequissima

2142 4143 2238 4183 eos
2277 4136 2536 4201 regentes
2562 4145 2816 4197 censura,
2848 4137 2902 4186 et
2929 4130 3172 4186 discreto
3223 4130 3623 4186 moderamine.
3655 4131 3761 4184 Ve-

2143 4236 2261 4274 rum
2287 4221 2332 4274 si
2365 4221 2586 4293 quando
2609 4228 2798 4278 contra
2829 4238 3028 4294 pravos
3065 4222 3413 4278 subditorum
3443 4238 3630 4277 mores
3666 4237 3762 4276 ze-

2143 4309 2228 4364 lus
2263 4311 2519 4384 exigebat
2570 4313 2920 4368 rectitudinis
2960 4313 3169 4369 moveri
3222 4311 3314 4367 illo
3371 4311 3624 4384 quolibet
3654 4311 3764 4366 fer—

2143 4416 2272 4457 vore
2315 4401 2707 4457 districtionis:
2753 4401 2826 4457 ita
2875 4401 2930 4456 in
2983 4401 3267 4457 mentibus
3313 4402 3532 4457 illorum
3590 4401 3761 4456 virtus

2143 4490 2563 4547 custodiebatur
2591 4490 3054 4561 mansuetudinis,
3086 4507 3209 4547 cum
3253 4497 3462 4546 terrore
3490 4491 3759 4546 severita-

428 4591 632 4641 sanctae
662 4551 836 4638 status
869 4581 1122 4638 Ecclesia:
1151 4579 1320 4650 capit
1349 4551 1848 4650 ubique-terrarum
1873 4577 2039 4632 inno-
2059 4551 2118 4620 D
2145 4584 2233 4649 tis,
2267 4591 2327 4639 ut
2357 4591 2412 4640 et
2443 4584 2576 4639 iram
2611 4585 2979 4640 mansuetudo
3011 4551 3268 4640 condiret
3293 4583 3682 4652 discretionis,
3707 4593 3758 4640 et

427 4677 565 4743 vari,
597 4674 978 4730 saluberrimis
1022 4672 1393 4744 apostolorum
1447 4670 1734 4737 doctrinis,
1769 4669 1881 4725 imo
1921 4685 2042 4724 ma-

2142 4675 2392 4733 eamdem
2438 4676 2944 4742 mansuetudinem,
3020 4693 3091 4732 ne
3147 4675 3285 4732 forte
3338 4675 3755 4744 dissolveretur,

426 4767 715 4844 gnitudine
742 4766 1004 4822 virtutum
1024 4771 1078 4819 et
1104 4763 1433 4819 excellentia
1450 4763 1756 4836 signorum,
1789 4777 1913 4833 qua:
1945 4777 2043 4831 per
2143 4767 2289 4822 idem
2317 4766 2467 4821 zelus
2495 4765 2823 4822 accenderet
2867 4766 3232 4822 discretionis.
3295 4765 3403 4821 Hos
3443 4766 3617 4840 igitur
3652 4774 3754 4822 tam

425 4875 524 4916 eos
554 4858 749 4913 mirum
783 4858 839 4912 in
861 4857 1086 4912 modum
1117 4854 1453 4927 Operabatur
1482 4853 1684 4909 divinae
1705 4853 1884 4926 gratia
1913 4852 2038 4908 dis-

2143 4857 2464 4912 reverendze
2500 4854 2624 4910 vitae
2662 4855 2870 4922 Patres,
2902 4861 3161 4928 tanquam
3188 4854 3548 4911 admirabiles
3585 4856 3757 4912 caele-

425 4949 787 5025 pensationis.
824 4949 1060 5013 Quorum
1120 4947 1380 5002 videlicet
1419 4962 1610 5013 sonus,
1653 4946 1809 5014 juxta
1846 4945 2043 5001 vatiei-
2143 4947 2242 5002 stis
2299 4946 2606 5016 disciplinae
2649 4961 2931 5012 censores,
2986 4962 3090 5002 nos
3142 4945 3383 5002 humiles
3430 4944 3528 5000 ﬁlii
3572 4962 3754 5004 sacro-

421 5041 605 5098 nantis
634 5038 962 5112 praesagium
1015 5037 1180 5111 regis,
1221 5036 1276 5090 in
1307 5050 1529 5092 omnem
1577 5041 1774 5090 terram
1813 5043 1899 5090 est
1925 5033 2036 5088 dif-

421 5133 606 5188 fusus:
641 5130 780 5185 ﬁnes
807 5143 1028 5200 quoque
1061 5127 1210 5182 orbis
1232 5134 1388 5182 terrae
1427 5125 1598 5181 verba
1628 5140 1821 5180 eorum
1861 5140 2035 5198 pene-

419 5235 592 5282 trasse
623 5220 912 5294 profitetur
937 5219 1119 5275 omnis
1167 5218 1362 5273 Christi
1395 5216 1639 5272 ﬁdelium
1698 5223 1892 5272 coetus.
1926 5216 2033 5271 llos

417 5317 604 5388 itaque
633 5327 899 5377 summos,
938 5319 994 5365 et
1023 5309 1230 5365 electos
1277 5308 1516 5364 caelestis
1548 5315 1837 5363 senatores
1869 5306 2030 5373 aulae,

415 5424 447 5462 e
476 5403 710 5477 vestigio
749 5400 924 5457 secuti
958 5400 1204 5472 insignes
1233 5406 1474 5453 rectores
1497 5397 1778 5464 Ecclesiae,
1812 5397 1904 5467 qui
1959 5395 2030 5450 ob

414 5496 672 5552 ducatum
716 5492 849 5548 recti
893 5491 1103 5546 itineris
1141 5489 1210 5544 ad
1249 5489 1477 5560 superni
1523 5488 1789 5560 palatium
1837 5485 2030 5561 Regis,

415 5586 612 5640 merito
644 5583 813 5639 habiti
831 5589 960 5638 sunt
990 5581 1142 5655 digni
1177 5580 1496 5652 pontificum
1530 5579 1784 5652 insigniri
1815 5592 2031 5652 cogno-

415 5676 584 5730 mine.
619 5680 694 5728 ita
726 5677 980 5730 nimirum
1016 5677 1353 5746 prmlibatam
1397 5674 1694 5730 Ecclesiam
1724 5674 1829 5727 sibi
1863 5690 1892 5726 a
1924 5689 2026 5742 pa-

2136 5045 2342 5094 sanctee
2381 5037 2572 5093 matris
2617 5037 2870 5094 Ecclesiae
2916 5037 3294 5094 Cabilonensis
3347 5037 3553 5093 imitari
3586 5040 3752 5109 potis-

2135 5127 2334 5182 simum
2373 5126 2678 5196 cupientes,
2721 5127 2793 5182 ob
2826 5127 2881 5181 id
2939 5127 3194 5194 maxime,
3252 5128 3512 5199 quoniam
3560 5127 3749 5182 eadem

2137 5227 2338 5276 nostrae
2365 5217 2517 5272 sedis
2564 5219 2848 5284 cathedra,
2875 5219 3202 5289 jamdudum
3257 5219 3486 5291 prOprio
3535 5228 3752 5290 pastore

2133 5308 2377 5374 viduata,
2409 5307 2581 5361 multa
2611 5313 2667 5360 et
2715 5307 3007 5361 innumera
3053 5323 3084 5361 a
3139 5307 3433 5362 mundanis
3469 5308 3748 5378 potestati-

2135 5401 2240 5455 bus
2260 5399 2463 5471 patitur
2491 5398 2558 5452 ad
2579 5413 2826 5469 praesens
2856 5397 3267 5454 infestationum
3308 5399 3542 5470 probra:
3602 5414 3749 5455 com-

2133 5489 2287 5545 muni
2317 5503 2543 5544 assensu
2575 5494 2630 5542 et
2659 5487 2777 5559 pari
2806 5494 2937 5543 voto
2961 5487 3234 5562 elegimus
3259 5489 3554 5560 quemdam
3601 5488 3745 5556 ejus.

2133 5581 2260 5634 dem
2294 5576 2548 5633 Ecclesiae
2584 5575 2713 5632 olim
2773 5575 3034 5632 clericum
3087 5584 3144 5630 et
3173 5574 3625 5632 archidiaconum
3652 5591 3744 5630 no-

2133 5668 2282 5722 mine
2300 5665 2643 5731 Walterium,
2667 5664 2733 5719 ad
2757 5665 2980 5720 culmen
3014 5663 3282 5735 pontiﬁcii
3314 5664 3556 5734 praefatae
3582 5663 3742 5730 sedis,
