3892 6048
171 259 321 318 1165

1646 265 2014 326 ῡ1Ρ1.οΜΑΤΑ
2027 310 2040 325 .

3370 276 3508 336 1166

171 383 389 439 Christo
420 383 652 440 Domino
684 383 1040 456 disponente,
1071 385 1397 458 regendum,
1435 388 1592 457 cujus
1615 389 1788 458 juris-
1818 399 1868 466 Α
1896 395 2152 452 Ecclesia:
2177 394 2537 462 Matiscensis,
2569 411 2693 451 cum
2725 395 3030 452 reverenda
3057 399 3327 456 concione
3356 399 3509 468 ejus-

173 471 408 527 dictioni
451 482 505 528 et
529 473 664 548 jugo
697 473 780 528 sui
827 472 1114 547 regiminis
1141 489 1262 541 nos,
1319 483 1681 549 nostrumque
1707 481 1792 534 lo-

169 579 297 620 cum
346 565 614 620 tradimus
672 565 1105 636 disponendum,
1147 567 1454 624 secundum
1515 585 1788 626 canonum

170 665 229 710 et
286 656 671 712 inconvulsum
725 656 893 712 totius
951 655 1210 712 Ecclesia:
1266 658 1641 734 privilegium.
1700 661 1793 717 Est

170 750 404 824 quippe,
442 751 520 807 uti
551 751 604 806 in
635 761 894 823 promptu
927 750 1177 822 habetur,
1208 754 1464 827 generosi
1490 756 1795 811 stemmatis

171 842 438 914 prosapia
476 849 647 911 ortus,
696 841 896 914 peritia
925 858 1036 897 non
1068 843 1234 898 modo
1272 860 1550 900 sacrarum
1584 845 1794 903 littera-

173 949 319 1000 rum,
350 950 538 990 verum
573 943 627 989 et
658 934 1062 990 mundanarum
1089 934 1360 991 industria
1391 937 1570 1012 legum
1607 939 1798 995 admo-

175 1025 309 1080 dum
345 1026 616 1092 eruditus,
645 1027 900 1098 jejuniis,
939 1026 1166 1102 vigiliis,
1217 1036 1272 1083 et
1319 1029 1685 1098 orationibus,
1733 1047 1798 1087 ac

167 1119 384 1173 cunctis
443 1118 834 1175 misericordiae
892 1119 1191 1193 insignitus
1248 1120 1637 1191 probatissima
1676 1138 1797 1178 mo-

169 1225 293 1263 rum
327 1209 613 1264 honestate
671 1209 986 1280 praeclarus,
1038 1210 1284 1265 omnium
1321 1212 1583 1268 virtutum
1624 1223 1797 1270 matre

172 1298 516 1356 discretione
560 1300 932 1372 pulcherrime
991 1302 1280 1357 redimitus
1311 1345 1325 1370 ,
1377 1303 1797 1360 luculentissimi

169 1392 339 1448 etiam
371 1392 605 1464 eloquii,
633 1399 688 1448 et
718 1394 968 1465 apprime
996 1393 1256 1463 disertus,
1283 1403 1546 1468 quantum
1575 1413 1796 1470 quoque

171 1480 431 1537 humanae
473 1481 747 1556 fragilitas
786 1483 1125 1540 conditionis
1153 1485 1411 1554 admittit,
1449 1488 1600 1544 omni
1634 1488 1796 1544 boni-

166 1577 284 1626 tate
316 1578 503 1627 manet
535 1572 893 1644 conspicuus.
926 1573 1097 1647 Igitur
1115 1589 1213 1646 pro
1242 1581 1320 1630 tot
1351 1581 1404 1630 et
1432 1575 1597 1630 tantis
1629 1575 1794 1630 caele-

169 1663 338 1719 stium
371 1664 759 1720 charismatum
789 1665 971 1732 donis,
1001 1665 1104 1720 sibi
1148 1681 1390 1737 superno
1418 1683 1650 1723 munere
1679 1667 1798 1724 col-

169 1753 319 1822 latis,
371 1755 609 1828 Spiritus
635 1758 808 1812 sancti
849 1763 1184 1829 cooperante
1241 1758 1418 1832 gratia
1447 1758 1671 1833 eligitur
1726 1760 1794 1814 ad

173 1843 395 1899 culmen
427 1844 599 1900 officii
634 1845 944 1916 pastoralis,
998 1861 1105 1902 non
1138 1845 1315 1902 solum
1360 1863 1390 1901 a
1433 1847 1594 1902 nobis
1623 1847 1799 1919 praeli-

168 1936 312 1992 bataa
341 1937 597 1992 Ecclesiae
628 1935 780 2004 filiis,
833 1953 1023 1992 verum
1059 1937 1226 1993 etiam
1271 1954 1302 1994 a
1335 1938 1566 1994 diversae
1597 1941 1790 1997 condi-

173 2025 346 2081 tionis
370 2025 530 2097 plebe
562 2025 917 2081 cohabitante
940 2025 1084 2082 intra
1110 2035 1164 2082 et
1191 2036 1344 2083 extra
1373 2035 1574 2084 nostrae
1596 2029 1799 2085 muenia

173 2117 353 2184 urbis,
413 2134 576 2189 quam
631 2118 988 2189 prosequitur
1042 2119 1206 2174 etiam
1255 2119 1548 2176 innumera
1606 2121 1798 2193 populi

177 2204 475 2261 multitudo
515 2206 884 2275 adjacentium
939 2207 1250 2282 regionum,
1305 2209 1509 2264 diversi
1537 2227 1702 2266 sexus
1745 2219 1800 2266 et

175 2300 372 2355 astatis.
429 2300 529 2366 Qui
589 2315 785 2356 omnes
831 2301 1038 2373 pariter
1105 2302 1316 2358 intimis
1366 2305 1795 2375 prtecordiorum

180 2391 497 2462 aﬂ'ectibus,
531 2400 586 2449 et
640 2390 1040 2465 multiplicibus
1080 2394 1386 2470 efﬂagitant
1439 2397 1604 2466 votis,
1641 2398 1801 2454 istius

177 2485 353 2541 nostri
381 2485 542 2542 electi
569 2501 883 2558 personam,
913 2487 1042 2543 Jesu
1074 2494 1355 2543 annuente
1375 2488 1630 2553 Domino,
1657 2488 1797 2544 sub-

176 2577 359 2632 limari
409 2577 583 2633 infula
622 2577 925 2650 pontificali
959 2578 1288 2635 Cabilonica
1334 2579 1503 2635 sedis.
1549 2579 1802 2653 Plerique

178 2663 344 2718 etiam
387 2663 652 2734 illustres,
698 2671 752 2720 et
802 2666 1138 2738 praenobiles
1191 2667 1550 2723 ecclesiarum
1581 2667 1677 2723 Dei
1710 2685 1802 2723 re-

179 2760 363 2810 ctores
393 2755 633 2811 existunt
672 2772 899 2828 quoque
943 2756 1173 2832 legitimi
1212 2757 1456 2814 fautores
1497 2758 1654 2814 istius
1702 2775 1804 2815 no-

180 2859 308 2906 strae
359 2851 672 2908 electionis.
712 2851 981 2908 Videlicet
1025 2852 1286 2908 dominus
1319 2853 1587 2909 Gibuinus
1623 2854 1808 2910 archi-

180 2942 384 3014 prtesul
412 2943 648 2999 eximius
671 2949 1035 3000 sacrosanctae
1065 2944 1342 3000 cathedra:
1374 2945 1759 3020 Lugdunensis
1787 2966 1801 3016 ;

185 3034 447 3091 dominus
462 3036 626 3092 etiam
658 3037 866 3112 Agano,
895 3036 1128 3092 antistes
1165 3031 1517 3093 venerandus
1549 3039 1801 3094 ecclesiae

188 3123 516 3194 Heduensis,
559 3143 670 3182 una
713 3142 838 3182 cum
871 3125 1193 3182 reverendis
1237 3127 1493 3193 ccetibus,
1533 3134 1804 3183 utrorum-

185 3231 294 3288 que
347 3217 628 3292 regimini,
687 3216 884 3273 Christi
945 3216 1162 3273 Domini
1221 3217 1399 3290 gratia
1447 3218 1800 3289 providente,

187 3306 518 3362 commissis.
568 3305 878 3380 Religiosus
930 3306 1096 3362 etiam
1147 3307 1346 3378 praesul
1400 3307 1460 3362 D.
1506 3307 1806 3365 Landricus

1893 489 2019 546 dem
2047 489 2200 556 cieri,
2234 488 2430 544 annuit
2457 497 2512 544 et
2533 488 2678 544 favet
2708 489 3000 561 multiplici
3028 489 3235 560 favore,
3263 493 3314 547 in
3344 491 3506 548 laude

1893 581 2053 639 istius
2083 582 2366 638 canonicae
2385 589 2591 638 nostrae
2623 581 2913 638 electionis
2942 599 3174 654 sperans
3195 582 3250 639 in
3280 583 3376 640 Dei
3401 585 3508 640 mi-

1893 676 2217 744 sericordia,
2245 675 2352 730 sibi
2383 692 2607 748 suzeque
2637 668 2891 732 Ecclesiae
2948 675 3229 732 subveniri
3276 677 3331 732 in
3362 676 3509 734 cele-

1894 764 2148 820 bratione
2181 763 2307 818 talis
2357 769 2634 835 tantaeque
2663 763 3046 820 ordinationis.
3095 765 3186 820 liis
3229 763 3504 837 siquidem

1895 853 2118 910 eximiis
2145 853 2257 923 jam
2292 851 2418 907 fatis
2455 849 2836 924 pontificibus,
2877 858 3246 908 annectuntur
3269 851 3510 908 illustres

1899 941 2278 998 caanobiorum
2305 947 2506 1012 patres,
2534 941 2664 996 huic
2693 940 2941 1012 profecto
2972 941 3231 997 electioni
3261 941 3401 998 votis
3428 940 3504 996 fa-

1898 1039 2092 1088 ventes
2121 1031 2407 1086 omnibus:
2439 1031 2584 1086 inter
2612 1046 2753 1102 quos
2774 1029 3030 1086 nimirum
3064 1040 3238 1087 exstat
3269 1031 3507 1087 domnus

1901 1119 2054 1193 Hugo
2085 1120 2226 1175 sacri
2257 1119 2499 1175 caznobii
2541 1119 2924 1175 Cluniacensis
2947 1119 3122 1174 abbas
3151 1136 3340 1176 revera
3360 1119 3507 1176 cele—

1898 1210 2190 1279 berrimus,
2222 1211 2496 1283 simulque
2528 1211 2880 1266 venerandus
2915 1210 3020 1267 loci
3060 1212 3509 1268 Trenorchieusis

1900 1311 2079 1360 rector
2107 1304 2344 1360 domnus
2387 1305 2602 1369 Petrus.
2634 1306 2941 1378 praesidens
2990 1323 3212 1380 quoque
3270 1306 3506 1362 abbatiaa

1897 1393 1957 1446 Β.
1993 1391 2138 1447 Petri
2171 1392 2499 1448 Cabilonicse
2526 1393 2679 1449 urbis
2732 1394 2968 1450 domnus
3011 1397 3349 1468 ltaynardus,
3396 1412 3508 1451 una

1898 1501 2019 1540 cum
2052 1485 2372 1541 reverendis
2423 1492 2636 1556 patrum
2695 1495 3056 1559 utrorumque
3095 1488 3340 1544 locorum
3373 1504 3505 1544 con-

1896 1576 2171 1642 cionibus,
2227 1576 2332 1632 sub
2396 1577 2717 1633 monasticae
2771 1578 3029 1635 tirocinio
3085 1579 3398 1651 disciplinae
3453 1581 3508 1636 in

1899 1663 2094 1720 Christi
2132 1665 2356 1721 nomine
2396 1665 2781 1722 militantibus.
2835 1667 2935 1732 Qui
2962 1683 3157 1723 omnes
3188 1668 3374 1738 procul
3406 1668 3508 1723 du-

1902 1756 2018 1824 bio,
2042 1764 2156 1812 toto
2187 1756 2386 1810 annisu
2417 1757 2621 1812 mentis
2651 1757 2840 1813 idonei
2870 1758 3110 1813 existunt
3152 1768 3429 1824 auctores,
3457 1766 3513 1813 et

1899 1843 2130 1920 legitimi
2162 1844 2614 1900 corroboratores
2646 1845 2812 1901 totius
2849 1847 3158 1903 electionis.
3186 1849 3242 1901 S.
3295 1846 3514 1902 Gausle-

1899 1934 1954 1988 ni
1980 1933 2165 1988 matris
2197 1940 2396 1988 nostrae
2440 1933 2690 1990 ecclesne
2739 1935 2958 2002 decani,
3011 1937 3063 1990 S.
3095 1936 3348 1992 Almariei
3383 1936 3512 1991 Lin-

1898 2023 2160 2098 gonensis
2197 2023 2300 2078 dcc
2330 2066 2343 2092 ,
2402 2022 2457 2078 8.
2493 2023 2756 2079 Gotselmi
2797 2025 3117 2092 archidiac.,
3159 2025 3214 2080 S.
3271 2025 3513 2100 Hugonis

1900 2115 2202 2182 Portensis,
2238 2116 2293 2171 S.
2344 2115 2669 2191 Engilberti,
2725 2117 2782 2171 8.
2838 2115 3120 2183 Gaufredi,
3161 2117 3216 2172 S.
3260 2117 3511 2173 Landrici

1899 2208 2266 2279 archipresb.,
2297 2209 2351 2263 8.
2387 2208 2684 2277 Guillelmi,
2714 2209 2748 2264 S
2795 2209 2960 2275 Petri,
2981 2210 3035 2265 8.
3070 2209 3267 2276 Caroli,
3299 2211 3352 2267 S.
3383 2211 3512 2265 Ber-

1897 2298 2079 2366 nardi,
2109 2297 2166 2353 8.
2212 2298 2458 2364 Robcrti,
2490 2298 2545 2354 S.
2574 2299 2878 2368 .Lamberti,
2912 2299 2968 2354 S.
3004 2299 3264 2372 llugonis,
3299 2299 3355 2355 S.
3409 2299 3510 2355 Le-

1901 2392 2042 2448 tardi
2075 2391 2708 2464 archipresbyterorum,
2758 2392 2812 2450 S.
2847 2393 2931 2449 W.
2964 2393 3280 2457 Vernensis,
3316 2401 3369 2449 et
3395 2411 3512 2449 ma-

1902 2485 2001 2540 tris
2030 2483 2152 2553 ejus
2195 2483 2502 2550 Adelaidis,
2544 2484 2603 2541 S.
2631 2484 2891 2540 Valtherii
2922 2484 3232 2542 Neblensis.
3287 2486 3342 2541 S.
3384 2485 3511 2541 Dal-

1902 2574 2064 2630 masii
2096 2575 2166 2630 de
2193 2573 2441 2641 Giniaco,
2494 2573 2551 2628 S.
2594 2573 2859 2629 Bernardi
2907 2574 2978 2630 de
3011 2574 3190 2646 Porta,
3221 2575 3273 2630 S.
3314 2575 3512 2630 Gotse-

1905 2667 2084 2734 ranni,
2145 2673 2201 2722 et
2255 2665 2456 2721 ld'mari
2514 2664 2695 2720 fratris
2747 2665 2886 2737 ejus,
2941 2666 2994 2722 S.
3045 2666 3285 2721 Duranni
3332 2666 3513 2722 archi-

1906 2758 2118 2830 presb.,
2153 2757 2208 2813 S.
2242 2757 2516 2826 Ademari,
2544 2757 2597 2812 S.
2632 2757 2881 2824 ltoberti,
2909 2758 2964 2814 S.
2997 2759 3222 2814 Jotsaldi
3276 2759 3406 2815 Acta
3433 2766 3517 2814 est

1909 2852 2025 2907 haec
2052 2851 2426 2908 ecclesiastica
2471 2858 2526 2906 et
2563 2852 2837 2924 generalis
2879 2852 3079 2909 electio
3130 2869 3276 2908 anno
3331 2854 3514 2908 lncar-

1908 2943 2022 2999 nati
2054 2943 2330 3018 unigeniti
2358 2943 2520 2999 Verbi
2541 2944 2680 3000 1080
2706 2944 3038 3014 praesidente
3067 2945 3254 3001 divina
3278 2945 3516 3018 disposi-

1903 3033 2055 3088 tione
2091 3033 2347 3088 Romanze
2380 3031 2497 3087 sedi
2532 3032 2998 3088 excellentissimo
3030 3049 3170 3104 papa
3209 3033 3472 3108 Gregorio
3503 3048 3516 3086 :

1903 3133 2119 3196 sceptra
2147 3140 2368 3198 quoque
2396 3125 2716 3181 moderante
2746 3124 2901 3198 regni
2933 3125 3284 3180 nobilissimo
3324 3140 3515 3198 regum

1904 3217 2195 3289 Philippo;
2227 3217 2519 3273 consulatu
2547 3216 2878 3274 Cabilonicze
2907 3217 3062 3273 urbis
3088 3225 3222 3275 tunc
3251 3217 3518 3288 temporis

1904 3318 2165 3364 manente
2189 3310 2397 3382 absque
2417 3316 2638 3366 terreno
2669 3309 2940 3382 principe.

205 3464 3520 3492 mw

825 3631 1707 3774 WALTERII
1816 3631 2896 3761 DIPLOMATA.

1022 3866 1181 3939 (σαιι.
1213 3868 1414 3926 Christ.
1447 3883 1598 3936 nov.,
1631 3868 1717 3939 IV,
1748 3870 2033 3941 lnstrum.,
2066 3887 2118 3944 p.
2148 3871 2248 3929 231
2285 3873 2465 3946 seqq.)

1681 4055 2050 4073 ἡ

218 4317 420 4374 Charta
453 4316 708 4373 Walterii
728 4316 1093 4374 Cabilonensis
1119 4318 1358 4387 episcopi
1386 4317 1452 4372 de
1471 4318 1828 4387 acquisitionc

279 4391 459 4459 partis
515 4391 803 4444 comitatus
845 4387 1218 4443 Cabilonensis
1257 4405 1291 4442 a
1349 4389 1598 4444 Saverico
1641 4391 1830 4446 comite

286 4461 644 4516 Cabilonensi.

717 4551 892 4620 (Circa
921 4565 1126 4606 annum
1153 4548 1332 4621 1096.)

293 4663 353 4718 ln
379 4663 605 4719 nomine
633 4678 863 4720 summa;
890 4670 945 4719 et
971 4662 1272 4718 individuae
1297 4661 1602 4730 Trinitatis,
1635 4663 1826 4732 Patris,

221 4765 277 4814 et
306 4757 454 4827 Filii,
483 4765 539 4813 et
565 4755 801 4828 Spiritus
839 4756 1035 4823 sancti,
1069 4771 1249 4810 amen.
1284 4752 1548 4818 Quoniam
1577 4755 1832 4810 humante

224 4855 436 4902 mentes
467 4844 677 4902 erroris
707 4845 792 4900 sui
822 4844 1058 4920 caligine
1090 4858 1487 4922 nonnunquam
1520 4842 1635 4897 veri
1675 4848 1834 4898 notas

224 4943 499 5007 amittunt,
531 4940 630 4995 sed
663 4949 717 4995 et
751 4939 1039 4995 hominum
1094 4939 1242 4994 dicta
1277 4936 1364 4992 vel
1415 4936 1555 4993 facta
1593 4943 1838 4994 vetustas

224 5035 292 5090 ab
320 5035 560 5089 humana
589 5031 858 5088 memoria
878 5031 1098 5088 abolere
1129 5031 1289 5103 solet,
1320 5029 1568 5102 nihilque
1591 5029 1669 5085 illi
1700 5036 1839 5085 tera-

227 5121 427 5176 tumin
467 5121 732 5178 diuturna
776 5119 1095 5192 cognitione
1152 5117 1417 5186 habetur;
1479 5118 1684 5176 idcirco
1735 5133 1839 5194 ego

231 5211 526 5268 Walterius
555 5211 938 5268 Cabilonensis
969 5209 1223 5266 Ecclesiae
1253 5209 1548 5281 episcopus
1597 5225 1843 5265 conven-

230 5303 457 5371 tionem,
496 5321 660 5376 quam
693 5319 796 5376 ego
830 5308 884 5358 et
921 5301 1172 5359 canonici
1221 5300 1391 5357 nostri
1422 5316 1545 5356 cum
1586 5300 1842 5357 Saverico

230 5396 575 5454 Cabilonensi
607 5395 808 5452 comite
853 5393 1165 5461 habuimus,
1198 5392 1395 5448 litteris
1436 5399 1492 5448 et
1537 5393 1840 5458 memoriae,

231 5488 490 5544 mandare
531 5485 825 5559 [mandari]
870 5484 1075 5540 curavi.
1109 5485 1302 5539 Notum
1348 5483 1419 5538 sit
1454 5481 1622 5554 igitur
1661 5484 1842 5539 omni-

233 5578 338 5634 bus
363 5585 469 5634 tam
492 5577 728 5649 posteris
753 5591 917 5647 quam
942 5572 1331 5646 praesentibus,
1365 5571 1516 5644 quia,
1557 5587 1668 5644 quo
1699 5579 1842 5627 tem-

234 5683 366 5740 pore
393 5665 680 5722 Gaufridus
709 5665 779 5721 de
829 5663 1104 5720 Dunziaco
1147 5661 1576 5733 Hierosolymam
1610 5661 1840 5719 tendere

1846 4203 1904 4272 D
1928 4201 2116 4269 vellet,
2149 4205 2244 4276 qui
2292 4210 2504 4277 partem
2535 4206 2775 4262 mediam
2811 4207 3103 4264 comitatus
3157 4207 3537 4265 Cabilonensis

1930 4297 2267 4368 possidebat,
2301 4315 2465 4370 quem
2499 4315 2622 4354 cum
2674 4298 2912 4354 Widone
2968 4299 3037 4354 de
3069 4297 3294 4370 Tyhtera
3342 4299 3436 4370 (at.
3467 4300 3536 4356 de

1927 4389 2107 4462 Thies]
2155 4390 2388 4462 partitus
2441 4389 2638 4456 fuerat,
2671 4397 2880 4461 partem
2935 4406 3087 4446 suam
3129 4391 3424 4446 comitatus
3452 4407 3540 4446 su-

1931 4478 2162 4551 pradicti
2197 4482 2290 4550 [αι.
2342 4479 2682 4551 supradicto]
2735 4478 2940 4534 domno
2978 4478 3236 4535 Saverico
3265 4479 3539 4535 avunculo

1929 4585 2030 4625 suo
2069 4568 2310 4626 vendere
2343 4568 2640 4641 disposuit.
2687 4567 2844 4623 Venit
2875 4567 3042 4641 igitur
3089 4567 3158 4624 ad
3189 4584 3287 4624 nos
3329 4568 3544 4624 Saveri-

1931 4673 2030 4714 cus
2067 4674 2191 4714 cum
2222 4673 2390 4713 uxore
2421 4673 2540 4725 sua,
2565 4672 2766 4732 rogans
2794 4662 2851 4712 ut
2879 4663 3090 4728 partem
3124 4657 3296 4729 ipsius
3326 4657 3542 4712 medie-

1933 4749 2081 4816 tatis,
2113 4767 2275 4822 quam
2315 4749 2556 4817 emebat,
2587 4750 2656 4804 ab
2686 4764 2747 4804 se
2771 4749 2827 4804 in
2868 4749 3028 4805 vadio
3059 4749 3457 4821 reciperemus,
3489 4758 3545 4806 et

1936 4840 2113 4911 ipsum
2147 4838 2216 4892 de
2244 4838 2481 4910 pecunia
2539 4855 2702 4910 quam
2735 4837 3006 4898 solvebat.
3043 4837 3382 4908 juvaremus.
3434 4838 3544 4894 Nos

1937 4934 2118 4984 autem
2153 4943 2218 4982 ea
2255 4927 2466 4982 inducti
2495 4943 2613 4998 spe,
2661 4927 2928 4984 ducentas
2954 4927 3144 4983 uncias
3174 4927 3291 4984 auri
3320 4927 3548 5000 purissi-

1937 5017 2036 5084 mi,
2076 5032 2307 5088 quarum
2346 5014 2578 5090 singulae
2620 5015 2779 5087 pretii
2829 5015 3194 5089 quadraginta
3241 5015 3545 5072 solidorum

1939 5107 2275 5176 fuerant,'de
2307 5114 2547 5173 moneta,
2577 5106 2735 5176 cujus
2765 5107 2946 5162 media
2978 5124 3104 5179 pars
3125 5116 3383 5180 argentea
3409 5116 3546 5176 erat,

1941 5215 2111 5272 quam
2153 5213 2254 5254 nos
2293 5197 2362 5252 de
2411 5196 2596 5253 tabula
2649 5196 2822 5252 sancti
2865 5195 3140 5252 Vincentii
3196 5196 3549 5266 corrasimus,

1941 5293 2148 5349 domno
2188 5290 2446 5348 Saverico
2485 5288 2988 5357 accomodavimus,
3034 5296 3091 5345 et
3128 5287 3369 5358 vadium,
3402 5289 3550 5362 quod

1943 5386 2104 5443 nobis
2133 5385 2420 5454 offerebat,
2461 5385 2530 5440 ab
2560 5385 2680 5457 ipso
2723 5383 3054 5456 recepimus,
3085 5401 3151 5440 ea
3181 5384 3440 5441 videlicet
3467 5400 3552 5438 ra-

1943 5478 2113 5544 tione,
2154 5485 2216 5533 ut
2263 5476 2498 5533 ecclesia
2556 5475 2728 5531 sancti
2760 5475 3030 5530 Vincentii
3088 5473 3400 5530 reddituum
3446 5480 3553 5529 tam

1936 5567 2207 5638 justorum
2237 5582 2400 5638 quam
2434 5564 2760 5636 injustorum
2811 5563 2878 5618 ad
2919 5573 3130 5636 partem
3162 5563 3404 5618 Gaufridi
3443 5563 3558 5618 sive

1941 5657 2176 5715 Saverici
2209 5655 2544 5715 successoris
2569 5655 2655 5712 sui
2690 5655 3086 5727 pertinentium
3119 5655 3473 5713 medietatem
3503 5654 3558 5709 in
