3932 6040
440 217 576 277 1167
1502 216 1830 273 WALTERII
1873 217 2006 274 ΕΑΒ]

2119 216 2340 274 NENSIS
2381 218 2692 275 EPISCOPI.
3631 225 3772 281 1168

435 361 572 419 pace
613 345 894 416 possideat
915 343 1057 400 infra
1080 343 1210 400 istas
1248 343 1690 413 terminationes,
1724 361 1756 399 a
1784 343 2043 400 crucibus
2069 347 2119 418 Α
2145 345 2468 402 monasterii
2497 344 2749 400 ofﬁcinas
2769 345 3194 412 construendas,
3222 347 3292 401 ad
3323 347 3594 403 arandum
3618 365 3768 420 quo-

435 447 587 495 trans
616 440 671 494 8.
706 439 1146 495 Marcellivillam
1177 440 1493 495 constitutis
1519 455 1696 511 usque
1734 440 1800 494 ad
1826 446 2040 511 portum
2144 451 2273 506 que,
2306 436 2416 491 imo
2445 435 2514 490 ad
2541 450 2761 491 omnem
2795 451 2952 490 usum
2985 435 3358 491 necessarium
3380 436 3568 492 fuerit.
3608 437 3766 493 Unde

433 531 588 596 Luci,
629 529 774 586 sicut
802 530 1005 586 Falieta
1043 529 1285 602 [Talieta]
1332 529 1526 586 deﬂuit
1579 547 1608 585 a
1657 540 1824 601 ponte
1871 530 2041 585 Diroti
2144 526 2263 598 ipse
2288 527 2605 583 Raiuaudus
2646 535 2704 583 et
2755 527 2877 598 ejus
2915 543 3053 583 uxor
3091 527 3161 582 de
3218 528 3376 597 cujus
3436 529 3768 600 patrimonii

433 620 659 695 [Doreti]
716 638 893 694 usque
945 621 1012 677 ad
1063 629 1290 693 pontem
1341 622 1773 694 Campiferreoli,
1819 628 1873 678 et
1902 622 2042 678 sicut
2136 617 2257 688 jure
2297 619 2444 675 idem
2473 619 2714 676 alodium
2760 619 2863 691 ipsi
2909 627 3258 690 provenerat,
3311 636 3375 676 ac
3415 620 3512 675 ﬁlii
3567 637 3766 677 eorum

2141 711 2549 782 prmnominati,
2590 712 2794 768 donum
2850 711 3102 769 fecerunt
3145 712 3450 785 legitimum
3498 713 3568 768 ad
3624 731 3769 785 opus

2140 801 2408 873 ipsorum,
2449 803 2560 859 Deo
2591 801 2887 874 imprimis,
2941 818 3006 858 ac
3051 803 3365 874 Specialiter
3417 805 3763 860 beatissima:

2139 892 2234 946 Dei
2266 892 2521 966 genitrici
2565 909 2897 965 semperque
2920 893 3126 965 Virgini
3155 893 3356 961 Mariae,
3383 894 3438 948 in
3463 893 3630 963 cujus
3658 895 3763 950 ho-

2138 1000 2275 1040 nore
2324 985 2478 1042 locus
2531 986 2624 1059 qui
2660 1003 2809 1042 nunc
2859 987 3068 1041 Novum
3111 985 3500 1042 Monasterium
3531 986 3763 1055 dicitur,

2137 1088 2495 1135 consecratus
2527 1083 2655 1148 test,
2685 1079 2823 1134 situs
2878 1079 2933 1133 in
2962 1079 3237 1135 territorio
3286 1078 3499 1150 praefati
3546 1080 3762 1135 Cister-

2137 1167 2343 1223 ciensis
2382 1168 2568 1226 alodii.
2601 1168 2665 1223 Et
2684 1169 2814 1241 quia
2841 1167 3088 1237 ejusdem
3117 1167 3222 1223 loci
3250 1167 3563 1235 ecclesiam,
3590 1186 3763 1240 quam

2137 1259 2268 1316 illuc
2312 1277 2487 1334 usque
2545 1267 2815 1329 tenuerat,
2857 1276 2981 1332 quae
3011 1259 3183 1315 divini
3233 1266 3444 1315 tantum
3475 1260 3622 1330 juris
3654 1271 3761 1328 est,

2137 1349 2308 1405 abbas
2347 1357 2401 1405 et
2429 1351 2625 1423 reliqui
2666 1350 2859 1406 fratres
2887 1351 2958 1405 de
2987 1366 3154 1405 manu
3183 1350 3378 1421 ipsius,
3419 1349 3548 1422 quia
3576 1349 3761 1405 laicus

2137 1446 2271 1507 erat,
2327 1439 2609 1511 suscipere
2663 1439 2892 1494 minime
2932 1439 3204 1494 duxerunt
3237 1438 3487 1511 dignum,
3540 1439 3758 1494 dimisit

2135 1548 2280 1599 eam,
2311 1539 2473 1605 atque
2504 1531 2572 1587 ab
2604 1532 2925 1589 omnimoda
2965 1532 3087 1601 ejus
3118 1531 3349 1587 ulterius
3389 1533 3754 1603 possessione

2135 1626 2482 1694 renuntians,
2507 1625 2786 1697 praedictis
2813 1625 3070 1680 fratribus
3097 1625 3164 1679 ad
3195 1624 3288 1681 Dei
3318 1625 3602 1680 servitium
3663 1627 3756 1682 de-

430 724 544 774 tota
574 725 722 772 terra
749 717 842 773 illa
865 718 1216 788 protenditur
1241 733 1418 789 usque
1449 718 1518 773 ad
1541 719 1842 787 Forestam,
1875 734 2038 790 quam

427 806 804 864 canonicalem
837 804 932 879 [al.
965 805 1309 879 canonicam]
1330 805 1582 862 Vabriam
1611 813 1834 875 vocant,
1861 822 2038 878 usque

430 903 498 958 ad
541 902 831 974 praedictas
869 917 1084 967 cruces,
1134 911 1335 972 praeter
1363 909 1684 958 casamenta
1718 902 1952 958 militum
1983 909 2038 958 et

428 995 773 1052 castelletum
805 1001 969 1067 atque
999 993 1150 1066 ipsos
1181 1009 1320 1066 quos
1350 993 1518 1050 habet
1560 994 1618 1049 in
1650 993 1896 1050 dominio
1925 1010 2037 1049 ser-

427 1089 666 1157 vientes,
699 1097 754 1144 et
784 1094 986 1160 praeter
1011 1094 1268 1158 capturas
1298 1087 1437 1155 illas,
1469 1103 1606 1159 quas
1633 1088 1688 1142 in
1719 1087 1886 1142 rebus
1920 1101 2034 1142 mo-

427 1179 728 1235 nachorum
759 1178 1008 1234 ecclesiae
1041 1177 1226 1233 Sancti
1256 1177 1494 1234 Marcelli
1529 1179 1680 1248 juste
1719 1177 1804 1232 vel
1836 1177 2036 1246 injuste

425 1271 644 1328 fecerit.
683 1272 805 1342 Ipse
849 1270 1015 1326 etiam
1066 1271 1356 1327 Savericus
1407 1271 1722 1326 exactiones
1749 1285 1945 1325 omnes
1972 1286 2037 1325 ac

424 1360 863 1416 consuetudines
909 1361 1088 1431 justas
1131 1359 1217 1415 vel
1256 1359 1488 1428 injustas
1543 1375 1681 1430 quas
1719 1375 1778 1414 se
1818 1359 2036 1414 dicebat

429 1450 639 1505 habere
670 1450 727 1504 in
758 1449 887 1504 villa
916 1447 1090 1504 sancti
1135 1447 1330 1503 lsidori
1363 1455 1418 1502 et
1462 1448 1517 1502 in
1551 1448 1777 1503 Gemula
1804 1455 1858 1502 et
1887 1449 2036 1519 ipsa-

425 1555 544 1594 rum
570 1539 823 1595 villarum
857 1535 1197 1608 appenditiis
1221 1551 1287 1590 ex
1313 1540 1426 1591 toto
1441 1535 1709 1606 Werpivit
1738 1541 1792 1590 et
1815 1536 2032 1592 condo-

401 1633 598 1692 .navit.
633 1631 694 1684 In
723 1629 874 1685 curia
903 1643 1034 1684 vero
1070 1627 1162 1698 [al.
1193 1627 1394 1698 tamen]
1429 1626 1613 1682 Sancti
1653 1628 1848 1684 Isidori
1885 1630 2032 1684 redi-

420 1729 538 1776 tum
570 1736 732 1776 suum
766 1718 1014 1785 retinuit,
1047 1733 1115 1772 eo
1158 1726 1317 1788 pacto
1342 1725 1402 1773 ut
1427 1717 1725 1774 canonicos
1752 1718 1839 1775 vel
1865 1720 2031 1775 rusti-
2057 1717 2106 1732 ν
2132 1717 2376 1790 reliquit.
2410 1718 2484 1774 De
2515 1719 2738 1775 residuo
2770 1733 2993 1791 quoque
3026 1718 3201 1789 ipsius
3238 1726 3419 1782 terrae,
3474 1719 3632 1790 quod
3664 1719 3755 1773 di-

423 1828 521 1868 cos
559 1826 752 1868 eorum
787 1825 899 1866 non
929 1815 1202 1882 gravaret,
1233 1815 1288 1863 et
1309 1809 1458 1881 quod
1489 1810 1619 1865 inde
1655 1809 1890 1865 solidam
1931 1828 2032 1882 pa-
2130 1813 2218 1861 cto
2250 1808 2517 1863 Rainaldo
2550 1808 2757 1879 placuit
2783 1808 3045 1876 retinere,
3069 1806 3330 1863 fecitOdo
3360 1807 3470 1862 dux
3491 1807 3755 1881 Burgun-

424 1921 547 1960 cem
589 1914 645 1960 et
676 1903 893 1958 ﬁrmam
925 1901 1271 1958 Cabilonensi
1303 1902 1562 1958 Ecclesia
1602 1908 1837 1970 teneret,
1895 1920 2031 1974 prae-
2130 1899 2234 1956 diae
2269 1901 2336 1955 ad
2363 1901 2510 1956 illius
2533 1901 2952 1957 concessionem
2985 1909 3040 1956 et
3069 1900 3284 1956 libitum
3317 1901 3479 1956 talem
3517 1917 3648 1956 cum
3682 1918 3751 1957 eo

416 2004 576 2054 sente
604 1998 810 2054 domno
851 1996 1176 2052 Goceranno
1221 1995 1312 2066 [al.
1344 1995 1670 2066 Joceranno]
1711 1996 2030 2071 Lingonen-
2129 1994 2615 2050 commutationem
2655 2001 2711 2049 et
2741 2000 2960 2065 pactum
2999 1993 3068 2048 ad
3098 2009 3239 2065 cpus
3269 1993 3591 2048 eorumdem
3627 2009 3750 2049 mo-

417 2088 561 2143 sium
591 2088 854 2160 episcopo
885 2097 939 2143 et
964 2088 1196 2143 Falcone
1236 2088 1304 2142 de
1336 2087 1545 2144 Reione
1577 2087 1668 2161 [al.
1702 2089 1938 2144 Fulcone
1958 2090 2028 2145 de
2130 2084 2455 2152 nachorum,
2506 2094 2567 2139 ut
2595 2084 2807 2140 scilicet
2846 2099 2945 2156 pro
2998 2091 3143 2140 terra
3172 2083 3266 2138 illa
3311 2083 3545 2158 singulis
3582 2084 3749 2138 annis

416 2178 618 2250 Reone]
661 2190 716 2235 et
756 2179 984 2252 Hugone
1014 2178 1297 2248 Bajacensi
1341 2179 1696 2253 [Baraccnsi],
1737 2180 2027 2236 Saverieus
2131 2174 2188 2229 in
2236 2181 2413 2231 castro
2461 2175 2718 2231 Belnensi
2758 2175 2967 2232 solidos
3012 2191 3078 2229 xx
3126 2175 3433 2244 susciperet
3479 2181 3587 2229 tam
3625 2175 3746 2245 ipse

413 2288 472 2327 se
529 2279 720 2328 tenere
765 2287 956 2344 pacem
1012 2279 1338 2344 perpetuam
1386 2273 1594 2342 juravit
1632 2280 1686 2329 et
1747 2289 1886 2329 uxor
1929 2290 2028 2329 sua
2131 2282 2294 2337 quam
2329 2275 2384 2321 et
2423 2266 2597 2338 ipsius
2627 2273 2752 2338 post
2780 2283 2905 2322 eum
2936 2266 3209 2321 haeredes.
3244 2266 3613 2338 Pr0ptereain
3649 2281 3745 2320 ea-

412 2363 709 2435 quemdam
752 2363 987 2420 militem
1017 2363 1303 2419 Arbertum
1332 2364 1557 2420 nomine
1607 2381 1705 2436 pro
1735 2381 1796 2420 se
1833 2365 2023 2435 jurare
2124 2359 2249 2414 dem
2283 2359 2620 2414 cambitione
2651 2359 2927 2416 concessit
2973 2359 3024 2414 ei
3063 2375 3128 2414 ac
3158 2357 3286 2412 ﬁliis
3332 2358 3448 2413 suis
3473 2359 3595 2429 ipse
3629 2358 3740 2412 dux

410 2457 712 2528 praecepit;
746 2462 801 2511 et
846 2463 908 2512 ut
961 2472 1067 2527 pax
1096 2457 1201 2512 ista
1240 2455 1450 2514 ﬁrmior
1479 2458 1776 2514 haberetur
1825 2458 2020 2533 viginti
2123 2459 2632 2524 quantumcumque
2652 2451 2934 2508 vinearum
2976 2451 3031 2506 in
3063 2466 3205 2524 pago
3224 2449 3480 2506 Bclnensi
3505 2460 3740 2521 possent

409 2548 635 2604 obsides
662 2549 956 2604 Saverieus
984 2549 1151 2616 misit,
1182 2564 1249 2606 eo
1275 2551 1442 2606 modo
1473 2559 1534 2606 ut
1571 2551 1618 2606 si
1649 2551 1771 2622 ipse
1810 2551 2021 2607 Saveri-
2123 2544 2368 2615 plantam
2397 2551 2451 2600 et
2471 2544 2653 2600 colere
2678 2545 2734 2598 in
2774 2543 2997 2615 propria
3034 2541 3457 2599 dominicatura.
3487 2541 3736 2604 letiouit

407 2653 503 2692 cus
529 2643 622 2692 aut
652 2635 888 2709 quilibet
923 2651 1149 2693 suorum
1180 2637 1390 2710 aliquid
1423 2640 1550 2694 inde
1578 2639 1888 2707 abstulerit,
1912 2639 2018 2695 nisi
2119 2640 2302 2688 autem
2337 2633 2483 2688 idem
2510 2632 2810 2688 Raiuuidus
2855 2633 2995 2688 duos
3025 2647 3216 2689 sei'VOS
3258 2631 3507 2701 erSdem
3539 2631 3733 2696 310d“.

406 2725 549 2780 infra
579 2725 947 2800 quadraginta
976 2723 1096 2782 dies
1125 2726 1181 2781 in
1210 2727 1415 2798 quibus
1460 2743 1582 2783 cum
1615 2744 1682 2784 eo
1729 2728 1868 2785 ratio
1917 2744 2018 2801 po-
2115 2725 2516 2782 Theodericum
2571 2734 2738 2799 atque
2780 2727 3094 2795 Martinam,
3144 2735 3199 2783 et
3247 2727 3498 2783 ancillam
3532 2743 3732 2799 quam-

404 2817 510 2872 sita
551 2816 716 2872 fuerit
745 2817 839 2889 [al.
862 2817 1003 2873 ratio
1033 2817 1340 2888 composita
1361 2817 1568 2886 fuerit},
1607 2817 1841 2889 capitale
1884 2819 2015 2875 red-
2115 2819 2240 2874 dam
2289 2820 2562 2876 Osannam
2591 2821 2837 2893 nomine,
2869 2822 2939 2877 de
2967 2830 3112 2878 terra
3140 2837 3361 2894 quoque
3389 2822 3507 2893 ipsa
3547 2837 3730 2893 quan-

403 2906 624 2974 diderit,
666 2906 876 2961 ambitu
923 2923 1204 2962 murorum
1261 2907 1418 2962 urbis
1467 2906 1849 2964 Cabilonensis
1903 2926 2014 2966 non
2113 2919 2226 2968 tum
2262 2913 2423 2969 eisin
2442 2915 2838 2986 propriosusus
2863 2915 2930 2969 ad
2959 2914 3254 2970 colendum
3281 2913 3538 2970 sufﬁciat.
3569 2913 3726 2969 Illam

401 3004 591 3071 exibit,
636 3004 742 3058 nisi
798 3003 893 3058 illa
948 3003 1391 3076 prolongatione,
1424 3019 1588 3075 quam
1634 3004 2012 3063 Cabilonensis
2049 3069 2086 3078 Α
2113 3011 2292 3058 autem
2326 3012 2526 3059 terram
2553 3006 2933 3062 tantummodo
2972 3006 3228 3062 excolent
3267 3022 3429 3078 quam
3454 3005 3574 3077 ipse
3613 3005 3726 3061 dux

399 3096 696 3168 episcopus
731 3094 821 3152 vel
861 3096 1109 3164 ejusdem
1151 3095 1398 3151 ecclesiae
1441 3096 1684 3152 deeanus
1721 3114 1847 3152 cum
1885 3099 2008 3156 aliis
2039 3069 2087 3139 Ο
2109 3112 2174 3153 ac
2199 3097 2523 3169 saepefactus
2553 3099 2872 3168 Rainaldus,
2905 3101 3136 3173 ejusque
3167 3115 3323 3167 uxor,
3347 3100 3392 3154 si
3419 3099 3725 3158 adessevo—

398 3185 617 3242 duabus
655 3185 908 3257 personis
963 3184 1176 3241 fecerit.
1222 3185 1371 3242 Hanc
1414 3201 1546 3242 vero
1603 3186 1914 3258 pactionem
1961 3189 2007 3243 si
2109 3189 2291 3255 luerit,
2324 3190 2562 3246 domnus
2594 3209 2817 3264 quoque
2856 3193 3024 3249 abbas
3062 3193 3198 3265 ipsis
3226 3193 3479 3249 divident
3503 3203 3559 3249 et
3584 3194 3728 3249 assi-

396 3278 696 3350 przedictus
718 3277 1008 3334 Saverieus
1029 3284 1322 3334 exsecutus
1359 3294 1470 3334 non
1503 3278 1685 3347 fuerit,
1715 3286 2005 3353 postquam
2107 3279 2374 3351 gnabunt,
2415 3280 2472 3335 in
2521 3287 2674 3352 parte
2726 3283 2936 3339 scilicet
2996 3290 3208 3340 remota
3241 3300 3271 3339 a
3323 3283 3725 3340 monachorum

394 3365 1467 3440 obsidesacauonicisvelabepiscopo
1491 3370 1747 3424 conventi
1775 3369 2003 3439 fuerint,
2107 3368 2335 3424 cultura.
2394 3370 2589 3426 Postea
2633 3387 2756 3426 cum
2826 3372 3174 3429 dedicaretur
3260 3373 3515 3428 ecclesia.
3586 3374 3724 3430 Novi

393 3458 741 3530 autcapitale
774 3457 916 3514 infra
938 3459 1060 3514 dies
1089 3459 1452 3533 quadraginta
1483 3461 1718 3517 reddent
1744 3468 1836 3516 aut
1859 3463 2004 3534 capti
2104 3455 2418 3514 Monasterii
2453 3459 2562 3514 dux
2613 3460 2730 3532 ipse
2764 3467 2819 3516 et
2872 3461 3175 3516 Rainaldus
3221 3477 3344 3516 cum
3375 3477 3546 3518 uxore
3599 3479 3724 3532 sua,

392 3547 601 3602 tamdiu
632 3547 687 3601 in
711 3547 974 3619 praedicta
997 3548 1132 3616 urbe
1163 3549 1485 3614 manebunt,
1516 3549 1693 3605 donec
1713 3549 1895 3605 ablata
1917 3567 2001 3605 re-
2104 3546 2234 3603 inde
2266 3549 2463 3603 iterum
2486 3550 2690 3605 donum
2719 3549 2967 3605 fecerunt
2988 3549 3044 3604 in
3065 3557 3367 3621 conspectu
3385 3552 3572 3606 multa;
3598 3552 3726 3624 ple-

389 3643 724 3693 staurentur.
768 3637 917 3693 Hane
948 3638 1112 3693 etiam
1145 3640 1572 3696 conventionem
1604 3640 1891 3696 Saverieus
1914 3640 2001 3695 Si-
2102 3637 2186 3694 bis
2215 3656 2335 3711 quae
2365 3641 2576 3710 aderat,
2623 3642 2679 3696 in
2738 3658 2904 3697 manu
2956 3642 3165 3699 domini
3211 3642 3438 3698 Walteri
3499 3643 3726 3701 Cabilo-

389 3747 608 3789 monem
633 3731 805 3788 ﬁlium
833 3749 990 3788 suum
1031 3749 1154 3789 cum
1177 3750 1345 3790 uxore
1375 3751 1494 3801 sua,
1528 3735 1624 3790 sed
1657 3743 1711 3790 et
1747 3737 1997 3792 Arvteum
2101 3730 2290 3784 ueuSiS
2347 3731 2594 3804 episcopi
2639 3732 2708 3786 ad
2765 3749 2922 3789 usum
2973 3734 3410 3806 supradicwi‘um
3462 3734 3720 3804 fratrum.

387 3822 562 3877 ﬁlium
585 3823 817 3878 alterum
841 3822 1065 3878 laudare
1089 3822 1250 3890 fecit;
1307 3824 1376 3878 de
1409 3823 1698 3880 obsidibus
1724 3841 1856 3881 vero
1881 3826 1999 3882 haec
2098 3827 2371 3888 quatenus
2396 3820 2502 3892 ipsi
2541 3821 2644 3876 sub
2674 3823 2941 3877 tulamine
2965 3824 3050 3878 sui
3077 3823 3358 3894 pontificis
3387 3842 3418 3880 a
3469 3828 3725 3897 potentia

385 3910 475 3965 lex
508 3913 632 3966 data
661 3918 744 3966 est
773 3917 831 3965 ut
858 3911 955 3966 ubi
987 3927 1132 3966 unus
1151 3919 1398 3967 mortuus
1425 3912 1610 3980 fuerit,
1639 3913 1844 3969 alterin
1871 3914 1994 3970 loco
2097 3907 2276 3963 laicali
2308 3918 2363 3965 et
2413 3911 2565 3966 omni
2593 3912 2826 3983 strepitu
2859 3913 3106 3968 saeculari
3151 3914 3332 3983 liberi,
3365 3916 3589 3973 servitio
3629 3919 3719 3973 sui

384 4019 504 4074 ejus
541 4019 668 4058 mox
696 4004 1043 4076 subrogetur.
1073 4004 1300 4078 Signum
1327 4005 1670 4061 Gauceranni
1703 4008 1795 4079 [al.
1832 4008 1993 4064 Joce-

385 4091 562 4159 randi]
596 4091 964 4165 Lingonensis
1017 4092 1262 4162 episcOpi
1304 4092 1358 4146 8.
1399 4093 1650 4149 Faleonis
1681 4094 1750 4150 de
1783 4096 1989 4151 Reione

384 4183 441 4237 8.
480 4184 723 4259 Hugonis
752 4183 1070 4252 Bajacensis
1110 4183 1468 4256 [Baraccnsis]
1500 4185 1554 4240 S.
1595 4186 1877 4243 llumberti
1921 4189 1990 4245 de

384 4279 610 4336 Villiaco
641 4280 696 4335 S.
751 4279 1048 4334 Baimundi
1089 4279 1361 4334 Gumbadi
1415 4280 1469 4336 S.
1507 4281 1751 4354 Hugonis
1771 4282 1987 4339 Rodulﬁ

382 4372 437 4427 S.
469 4370 695 4429 Vidonis
735 4371 804 4427 de
836 4371 1018 4427 Monte
1043 4371 1312 4428 Falconis.

419 4485 421 4488 ‘
1153 4466 1220 4520 II.

733 4563 946 4620 Notitia
990 4562 1338 4629 fundationt's
1370 4562 1634 4620 Cisterct't'.

547 4713 549 4715 ,
983 4653 1158 4725 (Anno
1201 4653 1385 4725 1098.)

447 4745 642 4802 Notum
683 4743 754 4800 sit
775 4744 1034 4801 omnibus
1059 4744 1398 4802 Christicolis
1428 4747 1794 4818 praesentibus
1823 4755 1988 4820 atque

374 4841 593 4910 futuris,
633 4840 781 4914 quod
810 4840 1111 4896 Rainaldus
1133 4841 1421 4897 Belnensis
1440 4841 1750 4900 vicecomes
1781 4850 1835 4900 et
1854 4859 1990 4900 uxor

372 4935 491 5004 ejus
524 4932 800 4988 Hodierna
840 4932 1090 5002 nomine,
1133 4940 1186 4988 et
1223 4948 1414 4989 eorum
1455 4932 1554 4988 ﬁlii
1600 4933 1775 5009 Hugo,
1820 4936 1987 4992 Hum-

369 5023 579 5092 bertus,
623 5022 952 5090 Rainardus,
995 5022 1240 5098 Hagano,
1301 5039 1609 5096 eorumque
1662 5040 1818 5082 soror
1855 5025 1986 5081 Bai—

366 5113 606 5178 mundis,
641 5128 741 5184 pro
797 5127 1023 5168 suorum
1067 5121 1420 5184 peccatorum
1461 5115 1786 5172 remissione
1842 5133 1982 5173 suo-

364 5223 598 5280 rumque
629 5213 1060 5273 antecessorum,
1090 5206 1315 5264 domino
1346 5207 1586 5264 Roberto
1615 5215 1670 5263 et
1699 5209 1979 5281 fratribus,

363 5297 458 5370 qui
489 5313 612 5352 cum
642 5311 708 5351 eo
758 5295 1000 5370 regulam
1035 5296 1209 5352 sancti
1257 5296 1540 5352 Benedicti
1580 5297 1783 5354 arctius
1813 5305 1980 5371 atque

359 5388 602 5459 ﬁdelius,
634 5404 799 5460 quam
830 5387 962 5443 illuc
987 5403 1167 5460 usque
1198 5395 1511 5457 tenuerant,
1551 5389 1846 5452 observare
1876 5407 1978 5448 eu-

358 5478 606 5548 piebant,
638 5477 990 5533 contulerunt
1019 5477 1087 5533 de
1117 5478 1325 5549 praedio
1348 5494 1469 5546 suo,
1495 5479 1643 5551 quod
1672 5480 1978 5553 antiquitus

357 5564 679 5621 Cistercium
720 5566 1036 5636 vocabatur,
1070 5575 1578 5641 quantumcumque
1617 5568 1755 5641 ipsis
1785 5576 1839 5626 et
1869 5586 1972 5627 eo-

2099 4000 2370 4058 Creatoris
2401 4005 2641 4076 quietius
2693 4013 2970 4064 vacarent.
3025 4008 3145 4078 Ipse
3179 4024 3308 4064 vero
3365 4010 3474 4064 dux
3504 4016 3613 4065 tam
3657 4011 3720 4066 in

2097 4109 2325 4153 nemore
2353 4097 2577 4169 praefato
2601 4097 2858 4154 coenobio
2887 4099 3228 4170 {conjuncto,
3262 4118 3426 4173 quam
3460 4103 3515 4157 in
3555 4106 3713 4160 omni

2093 4192 2522 4268 circumquaque
2554 4190 2956 4248 dominicalura
2986 4209 3086 4248 sua
3126 4194 3410 4249 usuarium
3439 4196 3708 4267 plenissi-

2093 4299 2242 4337 mum
2274 4279 2480 4335 eisdem
2515 4279 2774 4335 fratribus
2812 4281 3084 4337 attribuit.
3118 4283 3254 4338 Huic
3288 4288 3709 4342 commutationi

2017 4371 2482 4457 Dsuprascriptm
2511 4379 2567 4426 et
2596 4371 2743 4428 dono
2774 4372 3028 4429 interfuit
3050 4373 3204 4449 Hugo
3244 4375 3394 4432 ﬁlius
3423 4377 3580 4434 ducis
3611 4380 3708 4452 qui

2095 4475 2149 4520 et
2171 4466 2318 4520 idem
2345 4464 2638 4532 concessit,
2683 4464 2780 4520 sed
2809 4472 2865 4521 et
2917 4465 3085 4521 frater
3131 4467 3251 4536 ejus
3303 4467 3568 4525 Henricus
3601 4471 3708 4528 hoc

2092 4557 2241 4613 idem
2283 4563 2473 4629 postea
2505 4557 2797 4613 concessit.
2838 4557 3144 4615 Adfuerunt
3174 4560 3337 4616 etiam
3363 4567 3533 4617 testes
3561 4561 3707 4619 infra

2091 4649 2412 4721 subscripti,
2463 4649 2616 4724 llugo
2657 4649 2726 4704 de
2773 4648 2955 4706 Monte
2987 4649 3041 4705 S.
3072 4650 3364 4719 Johannis,
3406 4653 3576 4710 Gualo
3636 4655 3704 4710 de

2088 4745 2286 4814 Salvia,
2312 4744 2588 4818 Seguinus
2614 4745 2682 4800 de
2714 4745 2878 4802 Belna
2917 4756 2970 4802 et
3011 4744 3157 4803 ﬁlius
3187 4748 3306 4817 ejus
3336 4747 3511 4825 litigo,
3545 4748 3705 4826 Hugo

2089 4835 2159 4890 de
2181 4835 2466 4903 Granceio,
2497 4841 2602 4890 etc.

2850 4924 2940 4980 ΙΙΙ.

2083 5035 2299 5091 Littera:
2341 5034 2587 5092 Gualtert‘
2613 5036 2852 5107 episcopi
2889 5035 3260 5094 Cabilonensis
3296 5039 3369 5093 ad
3408 5037 3700 5097 Roberlum

2154 5109 2557 5180 Lingonensem_
2592 5110 2918 5180 episcopum,
2977 5109 3044 5164 de
3106 5109 3416 5180 recipietde
3470 5115 3700 5168 Roberto

2153 5180 2342 5254 abbate
2378 5178 2648 5248 quondam
2681 5179 2900 5234 Cisterc.
2933 5181 3008 5236 ad
3041 5198 3195 5238 suum
3214 5178 3376 5254 prius
3401 5186 3699 5240 canebam:

2152 5251 2489 5306 Molismense
2526 5255 2834 5307 reuertente.

2698 5363 2871 5432 (Anno
2905 5363 3086 5420 1099.l

2149 5469 2516 5528 Dilectissimo
2545 5467 2696 5527 fratri
2723 5479 2778 5528 et
2807 5473 3137 5546 coepiscopo
3169 5473 3418 5532 Rousaro
3449 5475 3690 5552 Lingon.

2077 5566 2362 5638 episcopo,
2398 5564 2716 5621 Guauenus
2747 5565 3003 5622 Ecclesiae
3037 5567 3420 5624 Cabilonensis
3468 5586 3690 5639 servus,

355 5655 475 5707 r‘um
508 5657 916 5713 successoribus
959 5657 1053 5715 Dei
1102 5649 1341 5728 famulis,
1375 5660 1440 5715 ad
1494 5661 1887 5718 monasterium
1919 5669 1973 5717 et
2074 5661 2327 5717 salutem.
2357 5658 2552 5715 Notum
2585 5658 2655 5714 sit
2683 5659 2843 5716 vobis
2873 5657 3091 5716 fratrem
3115 5660 3543 5726 Robertum,cui
3583 5663 3690 5718 ab-
