3932 6040
245 269 386 325 1169

1731 260 2122 318 ΒΙΡΙιΟΜΑΤΑ.

237 398 444 455 batiam
485 397 635 453 illam
669 396 727 452 in
779 402 970 452 nostro
1001 394 1320 466 episcOpatu
1378 394 1562 459 sitam,
1596 407 1718 466 qua
1748 391 1856 448 No-
1882 395 1936 464 Α

3431 252 3573 308 1170

2728 389 2812 442 γι.

237 507 367 548 vum
424 489 811 546 Monasterium
863 487 1086 554 dicitur,
1141 486 1618 551 commiseramus,
1669 502 1700 540 a
1731 499 1860 555 pro-
1965 483 2168 541 Charta
2213 485 2444 541 Valterii
2482 483 2725 540 Cabilon.
2753 483 2944 555 episc.,
2971 495 3081 549 qua
3111 478 3165 535 S.
3193 479 3444 535 Marcello
3475 478 3572 533 dat

239 583 486 639 fessione
520 598 683 655 quam
706 579 1056 637 Cabilonensi
1072 578 1325 636 Ecclesia
1355 579 1503 642 fecit,
1538 585 1592 634 et
1616 579 1684 634 ab
1711 578 1857 633 obe-

238 678 451 734 dientia
511 693 677 750 quam
738 675 904 732 nobis
956 675 1228 748 promisit,
1283 675 1590 730 secundum
1645 672 1857 730 domini

240 765 642 838 archiepiscopi
697 765 944 839 l-lugonis
997 763 1404 833 deﬁnitionem,
1449 781 1481 819 a
1535 764 1696 820 nobis
1736 779 1858 819 esse

241 860 578 916 absolutum.
610 861 731 930 lpse
759 865 939 914 autem
980 859 1283 915 monachos
1323 858 1464 926 illos,
1489 857 1584 930 qui
1619 857 1674 912 in
1707 874 1855 931 pra-

241 951 354 1008 fato
417 953 565 1009 Novo
616 951 946 1008 Monasterio
996 967 1284 1007 remanere
1337 950 1719 1018 decreverunt,
1786 950 1855 1007 ab

241 1043 583 1112 obedientia,
617 1061 779 1117 quam
828 1043 935 1100 sibi
966 1043 1355 1115 promiserant,
1405 1051 1460 1099 et
1490 1042 1855 1115 professione,

238 1132 495 1200 absolvit,
545 1139 599 1187 et
659 1131 868 1188 liberos
932 1132 1162 1188 dimisit.
1227 1132 1385 1187 Illum
1433 1132 1601 1205 igitur
1655 1133 1856 1190 amodo

240 1221 547 1294 suscipere,
589 1229 644 1276 et
676 1219 983 1278 honoriﬁce
1021 1228 1255 1276 tractare
1285 1236 1355 1276 ne
1393 1221 1719 1277 vereamini.
1753 1221 1855 1278 Va-

243 1313 374 1370 lete.

1003 1385 1090 1441 1V.

241 1482 458 1537 Littera:
484 1481 722 1554 ejusdem
763 1482 1008 1539 Gualteri
1066 1482 1140 1536 ad
1189 1482 1498 1538 Paschalem
1529 1498 1730 1553 papam
1756 1499 1859 1554 pro

739 1555 1061 1609 monasterio
1093 1554 1356 1610 Cistercii.

849 1664 1025 1732 (Anno
1075 1661 1253 1732 1100.)

2468 555 2739 610 ecclesiam
2778 553 2843 608 de
2871 555 3058 609 Boens.

2030 667 2296 723 Omnibus
2334 666 2390 721 in
2436 665 2647 721 unitate
2689 664 2819 721 ﬁdei
2860 663 3195 732 viventibus,
3256 661 3570 733 Christique

1958 759 2396 815 misericordiam
2429 756 2894 830 prastolantibus,
2958 763 3012 810 et
3042 753 3193 810 verbi
3230 753 3327 808 Dei
3365 752 3569 825 pabulo

1957 849 2160 905 mentis
2214 864 2327 904 sua
2359 864 2559 904 arcana
2613 845 2907 913 alentibus,
2940 859 3120 900 sermo
3176 843 3392 899 intonat
3430 842 3572 898 divi-

1959 956 2084 1011 nus,
2104 938 2254 1011 quod
2275 939 2348 994 ita
2363 937 2703 1009 dispensatio
2718 934 3104 1007 Redemptoris
3120 932 3570 1005 quibuscumque

1959 1031 2196 1088 consulit
2225 1029 2453 1098 ditibus,
2512 1037 2572 1084 ut
2610 1043 2676 1083 ex
2709 1027 2951 1099 propriis
2984 1026 3176 1094 rebus,
3210 1041 3346 1098 quas
3392 1032 3572 1081 trans-

1956 1125 2117 1180 itorie
2132 1124 2441 1195 possident,
2459 1120 2891 1192 eentuplicatum
2910 1120 3128 1175 valeant
3149 1117 3443 1190 adquirere
3467 1116 3570 1171 fa-

1957 1230 2084 1282 nus,
2115 1213 2163 1268 si
2219 1211 2384 1269 modo
2415 1211 2626 1267 eisdem
2657 1211 2801 1266 bene
2856 1210 3062 1266 utendo
3121 1209 3304 1274 rebus,
3351 1214 3406 1263 et
3449 1223 3570 1280 qua

1955 1307 2167 1363 habent
2195 1306 2455 1362 studeant
2479 1319 2710 1379 erogare
2729 1302 3088 1375 pauperibus,
3122 1301 3479 1374 etquoniam,
3513 1307 3573 1355 ut

1958 1403 2034 1458 ait
2066 1401 2379 1473 Apostolus,
2413 1415 2517 1455 non
2555 1398 2808 1454 habemus
2838 1398 2924 1453 hic
2962 1400 3260 1453 manentem
3300 1398 3571 1452 civitatem

1961 1496 2141 1570 (Hebr.
2174 1512 2292 1562 xm,
2312 1493 2421 1564 14),
2446 1493 2677 1565 diesque
2709 1489 2881 1547 nostri
2898 1499 3159 1563 tanquam
3192 1490 3385 1546 umbra
3415 1503 3568 1561 pra-

1960 1587 2167 1644 teriens
2195 1585 2444 1658 quotidie
2476 1589 2831 1650 evanescunt,
2880 1592 2936 1637 et
2971 1597 3109 1639 voce
3161 1581 3419 1637 Veritatis
3449 1581 3572 1636 luce

1878 1675 1931 1744 B
1958 1678 2161 1735 clarius
2187 1683 2402 1733 constat
2427 1691 2649 1732 omnem
2687 1675 2964 1746 arborem,
3009 1689 3131 1745 qua
3157 1688 3270 1729 non
3297 1672 3426 1728 facit
3455 1671 3572 1726 fru-

311 1778 621 1834 Venerabili
651 1778 796 1833 Patri
826 1794 981 1849 papa
1009 1777 1290 1844 ΡΑεειιΑιι,
1325 1777 1639 1835 (ἰυΑιτειιυδ
1670 1779 1849 1836 Eccle-

1961 1777 2108 1824 ctum
2171 1767 2402 1834 bonum,
2446 1765 2622 1821 excidi
2673 1770 2727 1820 et
2783 1764 2839 1818 in
2896 1763 3080 1839 ignem
3129 1761 3268 1816 mitti
3313 1767 3570 1832 oportere

237 1872 333 1926 sia
367 1871 610 1928 Cabilon.
654 1887 869 1937 servus,
904 1869 1141 1926 salutem
1189 1878 1244 1925 et
1280 1870 1521 1926 debitam
1555 1871 1858 1943 subjectio-

239 1980 390 2020 nem.
419 1963 572 2019 Sicut
601 1963 862 2019 sanctitas
886 1970 1087 2032 vestra,
1120 1969 1226 2019 etc.
1261 1964 1399 2021 Vide
1427 1965 1485 2018 in
1517 1965 1768 2020 Paschali
1783 1968 1852 2020 II.

1015 2075 1074 2132 V.

244 2187 544 2244 Walterz'us
574 2188 732 2256 episc.
769 2185 1010 2242 Cabilon.
1052 2189 1102 2240 et
1137 2189 1356 2242 Jarento
1387 2189 1727 2243 Divionensis
1755 2189 1854 2244 ab-

311 2261 404 2314 bas
439 2260 624 2313 ineunt
675 2261 980 2313 societatmn
1019 2261 1158 2312 inter
1212 2274 1268 2314 se
1315 2263 1365 2314 et
1418 2262 1854 2328 congregationes

307 2331 415 2386 sibi
450 2331 774 2386 commissas.

870 2419 1026 2474 Anno
1066 2419 1224 2474 1111.

848 2418 1026 2491 (Anno
1066 2419 1246 2488 1111.)

310 2513 370 2567 ln
401 2510 624 2566 nomine
657 2509 853 2565 Christi
885 2526 1010 2566 cum
1059 2509 1245 2566 omnia
1267 2509 1417 2566 bona
1467 2508 1715 2566 ﬁdelium
1751 2526 1853 2581 per

235 2607 500 2663 unitatem
529 2605 678 2675 ﬁdei,
701 2605 981 2661 vinculum
1009 2606 1310 2674 charitatis,
1342 2607 1658 2662 communia
1679 2623 1851 2681 gene-

233 2700 422 2755 raliter
452 2699 781 2770 habeantur,
822 2698 970 2754 inter
996 2699 1288 2774 religiosos
1337 2705 1522 2755 tamen
1552 2715 1674 2754 mos
1703 2697 1849 2754 anti-

233 2805 374 2863 quus
399 2787 660 2854 obtinuit,
690 2793 748 2842 ut
774 2786 1002 2859 speciali
1033 2788 1298 2844 societate
1328 2787 1434 2843 sibi
1465 2787 1698 2844 invicem
1739 2788 1844 2844 fa-

233 2878 518 2944 derentur,
575 2882 850 2948 quatenus
891 2882 1040 2932 tanto
1074 2876 1181 2931 sibi
1215 2883 1536 2933 alterutrum
1595 2878 1850 2934 devotius

234 2977 290 3025 et
309 2971 364 3025 in
395 2970 512 3025 suis
542 2969 829 3041 prosperis
857 2970 1265 3044 congaudeant,
1293 2977 1348 3025 et
1370 2971 1424 3025 in
1448 2970 1693 3026 adversis
1719 2986 1854 3027 con-

1961 1864 2178 1931 (Μαιιὴ.
2218 1879 2313 1928 vn,
2348 1861 2455 1931 19),
2488 1859 2725 1915 maxime
2770 1874 2872 1914 nos
2915 1857 3010 1930 qui
3043 1873 3156 1928 pra
3185 1856 3400 1912 cateris
3431 1872 3572 1928 pra-

1956 1959 2053 2015 lati
2085 1959 2357 2023 videmur,
2389 1963 2450 2013 ut
2487 1957 2616 2011 dum
2646 1956 2702 2009 in
2743 1955 2848 2010 hoc
2867 1969 3097 2025 corpore
3128 1968 3319 2008 sumus
3357 1951 3569 2024 aliquid

1956 2067 2021 2106 ex
2053 2051 2140 2106 his
2171 2066 2296 2122 qua
2327 2049 2395 2105 ad
2426 2049 2524 2104 Dei
2578 2047 2784 2104 cultum
2812 2045 3110 2118 pertinent,
3158 2059 3224 2101 eo
3270 2045 3566 2114 adjuvante

1954 2159 2271 2214 operemur,
2318 2149 2590 2214 quatenus
2621 2139 2677 2196 in
2717 2137 2902 2195 futuro
2941 2146 3161 2193 aeterna
3188 2136 3568 2192 retributionis

1955 2233 2254 2304 participes
2307 2231 2541 2286 existere
2596 2244 2927 2284 mereamur.
2960 2227 3305 2299 Quapropter
3335 2242 3437 2301 ego
3469 2226 3565 2282 Dei

1953 2325 2129 2400 gratia
2164 2323 2458 2380 Walterins
2486 2321 2933 2379 Cabilonensium
2965 2321 3281 2392 episcopus,
3313 2329 3566 2390 peccato-

1953 2432 2072 2470 rum
2103 2431 2350 2472 meorum
2382 2414 2601 2471 veniam
2641 2418 2698 2469 et
2735 2411 2937 2468 divina
2971 2411 3161 2486 gratiae
3207 2409 3429 2482 pietatis
3458 2411 3562 2465 mi-

1951 2508 2264 2564 sericordia
2303 2508 2570 2579 consequi
2619 2506 2964 2574 desiderans,
3021 2506 3170 2580 dono
3223 2511 3277 2560 et
3319 2505 3566 2562 concedo

1952 2601 2063 2657 Deo
2088 2608 2143 2656 et
2170 2601 2376 2656 sanctis
2406 2598 2672 2671 apostolis
2703 2599 2823 2668 ejus
2843 2598 3003 2654 Petro
3020 2605 3074 2654 et
3097 2597 3260 2653 Paulo
3285 2598 3355 2652 ad
3385 2598 3566 2654 locum

1951 2693 2002 2747 S.
2039 2690 2277 2746 Marcelli
2325 2691 2579 2762 martyris
2629 2690 3033 2757 Cabilonensis,
3077 2689 3164 2745 cui
3199 2696 3395 2761 praeest
3425 2689 3568 2745 dom

1952 2804 2057 2843 nus
2110 2787 2262 2860 llugo
2291 2793 2660 2862 cognomento
2702 2786 2920 2842 Beraldi
2969 2785 3274 2842 monachus
3320 2785 3375 2840 S.
3419 2778 3565 2840 Petri

1955 2879 2348 2948 Cluniacensis,
2412 2879 2481 2934 ad
2535 2879 2692 2949 cujus
2745 2877 3155 2934 ordinationem
3207 2876 3358 2935 idem
3413 2875 3568 2932 locus

1953 2980 2204 3044 spectare
2245 2971 2485 3036 videtur,
2537 2976 2590 3025 et
2630 2968 2893 3026 fratribus
2945 2969 3001 3023 in
3057 2969 3253 3024 eodem
3293 2969 3414 3024 loco
3453 2971 3566 3024 Deo

235 3060 480 3126 doleant,
512 3065 718 3131 quanto
749 3075 810 3114 se
836 3059 1079 3114 strictius
1113 3060 1400 3136 colligatos
1434 3062 1717 3118 charitatis
1747 3060 1851 3117 fa-
1878 3054 1927 3124 C
1949 3059 2342 3128 servientibus,
2391 3058 2684 3115 ecclesiam
2714 3059 2782 3114 de
2839 3059 3020 3114 Boens
3049 3074 3172 3114 cum
3205 3057 3466 3114 omnibus
3496 3058 3564 3112 ad

234 3148 365 3203 dere
398 3163 512 3203 non
539 3143 816 3222 ignorant.
845 3148 1192 3219 Quapropter
1230 3149 1579 3206 notiﬁcamus
1610 3166 1853 3221 prasen-

233 3238 383 3294 tibus
423 3245 478 3293 et
506 3238 728 3306 futuris,
769 3255 932 3310 quam
961 3239 1190 3310 speciali
1229 3239 1594 3295 familiaritate
1625 3240 1842 3296 Cabilo-

230 3331 424 3386 nensis
445 3329 864 3386 etDivionensis
887 3329 1128 3385 Ecclesia
1149 3346 1271 3384 sese
1299 3339 1489 3385 mutuo
1516 3331 1848 3406 colligarint,

229 3432 290 3480 ut
329 3423 494 3492 hujus
524 3422 839 3478 dilectionis
886 3421 1088 3491 fmdus,
1122 3422 1270 3494 quod
1327 3421 1706 3478 Cabilonensis
1757 3424 1851 3478 Ec-

226 3514 396 3569 clesia
429 3529 554 3570 cum
586 3512 905 3569 Divionensi
937 3528 1062 3568 cum
1089 3529 1289 3588 magna
1311 3513 1604 3569 devotione
1629 3513 1773 3580 iniit,
1797 3520 1850 3569 et

223 3607 373 3681 quod
401 3607 753 3663 Divionensis
791 3623 824 3660 a
851 3606 1199 3662 Cabilonensi
1241 3623 1365 3662 cum
1414 3624 1613 3680 magna
1642 3609 1846 3680 gratia-

226 3713 348 3752 rum
412 3695 630 3752 actione
670 3695 972 3766 acceperit,
1014 3695 1168 3750 nulla
1227 3694 1527 3750 oblivionis
1581 3702 1852 3752 vetustate

229 3790 378 3863 apud
426 3797 680 3862 posteros
734 3788 1004 3857 deleatur,
1056 3789 1207 3845 nulla
1255 3806 1496 3862 unquam
1557 3791 1851 3847 discordia

227 3878 494 3935 scissione
537 3885 848 3951 rumpatur.
896 3879 1054 3936 Anno
1103 3879 1294 3952 itaque
1322 3880 1476 3935 Dom.
1517 3880 1852 3937 lncarnatio-

230 3972 316 4027 nis
345 3973 478 4027 11-11
516 3972 772 4027 dominus
803 3970 1097 4027 Walterius
1127 3971 1504 4028 Cabilonensis
1534 3974 1851 4044 episcopus,

230 4072 284 4120 et
312 4065 551 4121 domnus
588 4065 811 4120 Jarento
843 4064 1192 4121 Divionensis
1218 4065 1408 4132 abbas,
1437 4066 1601 4121 talem
1632 4066 1774 4121 inter
1793 4082 1852 4121 se

229 4169 285 4216 et
330 4161 794 4236 congregationes
830 4161 937 4216 sibi
979 4161 1304 4217 commissas
1336 4162 1656 4218 societatem
1701 4162 1848 4217 inie-

227 4259 374 4320 runt,
404 4260 460 4309 et
501 4271 624 4309 cum
661 4254 837 4308 brevis
869 4253 938 4308 de
969 4254 1236 4309 canonico
1295 4253 1650 4310 Cabilonensi
1681 4273 1850 4313 vene-

227 4341 300 4397 rit
336 4342 644 4408 Divionem,
702 4342 788 4396 vel
842 4342 910 4397 de
956 4343 1229 4398 monacho
1256 4343 1572 4399 Divionensi
1627 4343 1844 4398 venerit

1951 3165 2071 3204 eam
2130 3149 2560 3220 pertinentibus,
2616 3147 2876 3203 videlicet
2918 3148 3098 3215 terris,
3148 3148 3337 3220 pratis,
3390 3147 3562 3214 silvis,

1951 3240 2130 3310 aquis,
2163 3255 2228 3293 ea
2272 3238 2591 3294 conditione
2629 3243 2688 3291 ut
2727 3237 2833 3309 ipsi
2861 3237 2916 3290 in
2940 3243 3270 3309 perpetuum
3302 3237 3562 3303 habeant,

1953 3337 2179 3386 teneant
2211 3336 2265 3385 et
2294 3329 2638 3402 possideant,
2673 3345 2736 3384 ac
2769 3343 2867 3400 pro
2913 3328 3075 3383 nobis
3107 3329 3306 3385 Christi
3337 3336 3566 3386 exorent

1950 3423 2331 3479 clementiam:
2365 3429 2420 3476 et
2449 3421 2581 3493 quia
2610 3420 2804 3475 eadem
2837 3420 3071 3476 ecclesia
3091 3420 3376 3490 pertinens
3406 3428 3489 3476 est
3512 3428 3568 3477 et

1948 3516 2200 3584 subjecta
2233 3513 2480 3569 ecclesia
2513 3513 2699 3568 Sancti
2747 3512 3019 3568 Vincentii
3071 3512 3475 3575 Cabilonensis.
3506 3521 3567 3570 ut

1950 3611 2260 3677 videbatur,
2292 3625 2348 3663 in
2389 3608 2630 3680 capitulo
2669 3609 2914 3684 generali
2949 3608 3072 3680 ipso
3111 3609 3202 3663 die
3227 3608 3566 3665 inventionis

1951 3699 2126 3756 sancti
2164 3698 2439 3754 Vincentii
2466 3714 2598 3753 cum
2647 3698 2879 3755 consilio
2908 3705 2962 3753 et
2996 3698 3278 3754 voluntate
3335 3699 3567 3755 canoni-

1952 3809 2141 3849 cornm
2189 3793 2436 3864 ejusdem
2469 3790 2740 3858 ecclesia,
2783 3791 2993 3846 domini
3033 3791 3293 3847 videlicet
3333 3791 3565 3847 Jotsaldi

1953 3888 2170 3955 decani,
2203 3887 2449 3961 llugonis
2477 3885 2740 3952 cantoris,
2769 3884 2994 3940 Ansidei
3025 3885 3422 3956 archidiaconi,
3454 3887 3568 3942 llu-

1953 3979 2113 4049 gonis
2138 3977 2207 4032 de
2239 3977 2482 4043 miliaco,
2519 3975 2763 4032 Rotberti
2804 3977 2872 4031 de
2910 3975 3234 4045 Mirmanda,
3275 3977 3566 4034 Raimondi

1953 4071 2022 4125 de
2063 4071 2342 4136 Bussiaco,
2374 4069 2652 4140 Rodnlphi
2690 4069 2926 4143 Signini,
2979 4069 3242 4142 Stephani
3282 4071 3447 4126 Bruni
3480 4089 3568 4128 ar-

1951 4163 2372 4236 chipresbyteri,
2419 4171 2474 4219 et
2526 4171 2853 4219 caterornm
2894 4164 2988 4235 qui
3026 4164 3342 4228 adfuerunt,
3393 4166 3568 4238 majo-

1954 4275 2072 4312 rum
2112 4258 2226 4314 sive
2267 4257 2567 4322 minorum,
2621 4256 2728 4312 hoc
2777 4257 2986 4312 donum
3040 4256 3238 4313 factum
3280 4265 3362 4312 est
3402 4265 3566 4330 atque

1943 4347 2326 4404 conﬁrmatum
2349 4348 2497 4403 dono
2529 4347 2638 4401 mei
2665 4347 2857 4402 annuli
2883 4347 2940 4402 in
2969 4363 3134 4404 manu
3153 4349 3402 4418 pradicti
3418 4352 3568 4421 prio-

227 4433 568 4502 Cabilonem,
618 4435 800 4511 statim
839 4449 938 4506 pro
979 4450 1045 4490 eo
1096 4433 1190 4489 ﬁat
1238 4434 1546 4506 plenarium
1601 4429 1922 4497 ofﬁciumD
1950 4437 2042 4492 ris.
2085 4436 2354 4502 Quoniam
2386 4436 2552 4508 igitur
2580 4451 2610 4488 a
2659 4434 2929 4491 memoria
2969 4435 3077 4490 cito
3134 4435 3359 4497 labitur.
3418 4438 3567 4510 quod

227 4535 601 4597 mortuorum;
656 4531 761 4584 hoc
793 4534 878 4584 est
906 4528 1097 4602 vigilia
1132 4534 1186 4583 et
1215 4529 1407 4598 missa,
1442 4537 1496 4586 et
1527 4546 1593 4585 eo
1644 4531 1734 4585 die
1763 4532 1856 4593 ha_

225 4621 353 4676 beat
393 4621 769 4692 prabendam.
805 4621 1010 4676 Praeter
1061 4621 1183 4676 hac
1221 4621 1386 4675 etiam
1437 4628 1697 4678 statutum
1745 4629 1850 4699 est,

224 4719 285 4767 ut
335 4711 389 4766 in
435 4712 787 4768 hebdomada
816 4719 942 4784 post
972 4711 1312 4768 Dominicam
1362 4713 1561 4768 media
1594 4715 1841 4779 Quadra-

224 4802 452 4876 gesima
501 4802 594 4857 ﬁat
624 4802 771 4872 apud
810 4809 1075 4874 utrosque
1128 4817 1227 4873 pro
1282 4802 1532 4874 utrisque
1579 4805 1839 4877 generale

227 4890 468 4946 ofﬁcium
494 4901 548 4946 et
576 4890 768 4945 missa.
798 4889 1078 4946 Concessit
1109 4896 1373 4960 praterea
1406 4889 1662 4961 praefatus
1682 4891 1839 4946 dom-

227 4999 332 5038 nus
360 4984 498 5039 Wal.
532 4983 832 5055 episc0pus
864 4983 1072 5038 domno
1111 4981 1294 5038 abbati
1335 4983 1442 5038 Jar.
1479 4991 1533 5038 et
1580 4983 1840 5039 omnibus

229 5075 652 5131 successoribus
681 5075 821 5144 ejus,
866 5090 1032 5129 unam
1072 5073 1450 5130 canonicalem
1484 5075 1848 5148 prabendam

227 5167 497 5243 integram
520 5176 574 5223 et
595 5167 975 5240 quotidianam
1007 5165 1063 5220 in
1100 5167 1339 5222 ecclesia
1360 5167 1532 5224 sancti
1566 5167 1837 5223 Vincentii

229 5277 393 5333 quam
449 5259 596 5315 idem
650 5261 888 5316 domnus
941 5259 1114 5315 abbas
1151 5260 1428 5317 concessit
1457 5261 1728 5317 monacho
1753 5261 1840 5315 Di-

227 5353 482 5409 vionensi
518 5353 665 5424 apud
713 5361 957 5408 sanctam
989 5353 1213 5408 Mariam
1251 5355 1644 5422 commanenti,
1704 5362 1845 5411 etut

230 5444 536 5499 monachus
603 5443 748 5498 idem
783 5443 929 5514 apud
986 5453 1236 5500 sanctum
1293 5443 1639 5498 Vincentium
1680 5448 1845 5516 septi-

231 5549 448 5588 manam
505 5533 684 5601 faciat,
728 5540 782 5588 et
812 5532 1160 5589 Divionensis
1191 5533 1428 5588 ecclesia
1478 5534 1844 5606 eleemosyna

231 5627 391 5696 hujus
421 5643 607 5694 causa,
641 5625 994 5682 Cabilonensi
1026 5627 1278 5683 ecclesia
1313 5634 1366 5682 et
1406 5627 1767 5698 corporaliter
1791 5636 1845 5684 et

228 5716 591 5787 Spiritnaliter
614 5731 714 5789 pro
757 5731 916 5789 posse
947 5717 1232 5774 servitium
1263 5717 1571 5788 impendat.

1960 4544 2069 4584 non
2102 4528 2213 4584 cito
2239 4527 2524 4598 scriptura
2553 4524 2801 4594 traditur,
2841 4526 2910 4581 ad
2951 4526 3358 4584 munimentum
3390 4532 3567 4600 possi-

1957 4620 2228 4685 dentium,
2288 4626 2589 4690 contraque
2652 4619 2919 4690 quarelas
2979 4619 3368 4690 invidentium,
3426 4624 3568 4680 hanc

1956 4713 2200 4768 chartam
2241 4710 2358 4766 ﬁeri
2389 4711 2665 4767 voluimus
2703 4719 2868 4784 atque
2917 4713 3320 4783 mandavimus,
3350 4725 3568 4772 nostra-

1941 4818 2048 4874 que
2087 4801 2409 4856 aucloritate
2459 4801 2953 4857 corroboravimus.
3001 4802 3223 4858 Factum
3275 4812 3360 4861 est
3401 4805 3566 4880 igitur

1942 4892 2046 4946 hoc
2075 4889 2281 4945 donum
2313 4889 2369 4944 in
2405 4889 2754 4946 Cabilonensi
2785 4890 3005 4946 civitate
3041 4891 3098 4945 in
3123 4892 3363 4965 capitulo
3391 4911 3563 4952 cano-

1942 4983 2193 5038 nicorum
2223 4998 2419 5037 mense
2449 4982 2758 5054 Septembri
2792 5000 2844 5038 ιχ
2884 4983 3000 5037 Kal.
3031 4983 3146 5040 Oct.
3180 5001 3328 5042 anno
3360 4988 3428 5041 ab
3473 4989 3565 5041 ln-

1942 5090 2094 5130 carn.
2127 5075 2281 5129 Dom.
2339 5075 2476 5129 HM
2503 5081 2699 5146 epacta
2727 5091 2887 5144 χχιιι,
2930 5075 3207 5133 Ludovico
3240 5093 3368 5153 rege
3405 5079 3567 5135 Fran-

1941 5186 2130 5228 corum
2162 5177 2430 5243 regnante
2443 5213 2456 5226 .

2693 5260 2812 5317 VII.

1945 5356 2160 5410 Donum
2192 5350 2394 5409 Galten'
2423 5355 2661 5480 episcopi
2696 5353 2941 5480 Cglbilton.
2974 5356 3072 5410 sub
3106 5358 3258 5412 Petro
3295 5357 3564 5412 Firmite-

2621 5440 2670 5480 ιε
2700 5441 2733 5480 a
2803 5442 2838 5480 α
2861 5441 2904 5480 e.

2621 5440 2670 5480 ιε
2700 5440 2904 5480 αοοαεθ.

2019 5538 2217 5594 Notum
2250 5537 2320 5594 sit
2347 5537 2610 5594 omnibus
2649 5540 2799 5611 quod
2830 5541 3066 5598 domnus
3098 5539 3375 5597 Galterius
3410 5541 3570 5598 Cabi-

1947 5627 2194 5682 lonensis
2223 5627 2541 5699 episcopus,
2579 5643 2870 5684 successor
2925 5628 3111 5686 domni
3160 5629 3391 5686 Jotsaldi
3423 5649 3566 5704 pra-

1947 5718 2068 5776 fatae
2092 5719 2327 5777 civitatis
2352 5719 2624 5793 episcopi,
2651 5729 2773 5792 post
2791 5722 3075 5779 decessum
3099 5722 3287 5780 domui
3312 5724 3564 5793 Jotsaldi,
