3932 6040
282 140 418 251 illi)
1278 182 1564 239 llADULFl
1602 178 1915 237 TORTABII
1954 176 2247 233 MONAGHl
2287 176 2584 234 FLORIAC.

274 327 473 392 maria,
529 325 705 379 altera
730 321 1056 378 secundaria
1106 319 1219 374 dici
1247 321 1441 389 potest.
1488 315 1766 373 Primaria
1818 328 1887 368 ea:
1911 311 2135 385 Aleum
2165 311 2224 366 in
2251 311 2489 368 ecclesia
2535 312 2712 368 Beata:
2755 311 2958 377 Mariae,
3007 326 3132 384 qua;
3152 311 3266 381 jam
3307 326 3409 382 per
3432 310 3652 365 bien—

274 418 576 483 Adelberto,
610 414 941 481 Adreualdo,
970 412 1024 469 8.
1056 411 1237 468 Odone
1264 410 1475 476 abbate,
1498 409 1729 479 aliisque
1754 420 1888 476 pro-
1989 401 2143 457 nium
2171 400 2257 456 sui
2286 401 2557 457 mensoris
2581 400 2872 473 praesentia
2896 410 3167 457 caruerat.
3201 402 3350 457 Unde
3395 404 3652 456 statue-

273 509 475 575 fertur,
514 507 776 561 nimirum
824 503 1112 558 inmutatio
1165 501 1223 557 S.
1254 499 1529 557 Benedicti
1564 499 1625 552 in
1664 495 1892 552 basilica
1988 498 2117 549 runt
2134 495 2391 566 episcopi,
2423 496 2519 565 qui
2550 496 2631 549 rei
2649 499 2807 563 gestae
2821 496 3215 563 interfuerunt,
3247 498 3308 549 ut
3334 492 3649 565 quoniam

272 596 484 652 Sancta:
504 595 696 649 Marias
727 593 815 647 die
852 608 903 647 ιν
954 591 1254 647 Decembris
1300 588 1469 656 facta.
1512 587 1721 657 Quippe
1768 599 1888 640 eum
1991 584 2184 642 relatio
2223 592 2279 642 et
2306 586 2479 642 illatio
2501 586 2701 642 eodem
2730 585 2821 641 die
2850 601 2996 641 anno
3026 585 3274 641 revoluto
3301 583 3465 640 facta
3485 583 3656 638 fue-

274 687 331 743 S.
360 685 633 742 Benedicti
670 698 863 755 corpus
907 698 975 738 ea:
1011 686 1185 738 monte
1227 681 1422 736 Casino
1474 679 1802 734 translatum
1829 678 1890 731 in
1988 680 2111 730 rant
2150 674 2437 730 annuatim
2467 675 2619 731 omni
2656 681 2909 746 tempore
2944 673 3113 730 futuri
3153 674 3256 729 aevi
3283 672 3659 730 solemniter

272 783 664 836 monasterium
691 780 1043 845 Floriacense,
1074 778 1163 832 die
1191 793 1229 831 ιι
1258 776 1394 831 Julii
1420 777 1480 829 in
1507 774 1806 829 oratorium
1827 770 1885 827 S.
1990 762 2187 818 eodem
2217 763 2309 818 die
2339 779 2439 835 per
2464 771 2631 820 totam
2663 763 2890 819 Galliam
2919 763 3310 820 celebraretur.
3365 764 3653 833 Denique

275 870 428 925 Petri
443 870 743 941 depositum
770 869 994 937 fuisset;
1035 869 1096 922 in
1123 881 1181 922 eo
1233 866 1431 920 tandiu
1465 865 1686 931 mansit,
1723 862 1892 917 donec
1989 872 2047 911 in
2093 856 2272 912 eodem
2329 856 2466 913 libro
2503 856 2649 912 idem
2694 858 2884 911 auctor
2923 854 3099 910 tradit
3158 854 3652 910 Carolomannum

275 976 429 1015 sacro
463 961 678 1031 corpori
714 974 958 1027 congrua
975 957 1123 1013 sedes
1152 958 1213 1011 in
1240 956 1458 1010 ecclesia
1477 954 1536 1010 S.
1576 955 1766 1008 Mariae
1785 966 1893 1022 pa—
1992 946 2173 1017 (quem
2203 946 2538 1015 Sigebertum
2585 961 2687 1017 per
2738 960 2972 1001 errorem
2999 944 3268 1015 nominat)
3304 948 3428 1015 post
3474 945 3647 998 hanc

278 1057 511 1120 raretur,
549 1053 647 1107 ubi
675 1051 893 1107 tandem
939 1051 1254 1106 collocatum
1289 1050 1462 1117 fuisse
1487 1045 1666 1118 pridie
1712 1045 1894 1100 Nonas
1990 1040 2304 1095 relationem
2348 1040 2575 1095 missum
2612 1053 2722 1094 esse
2768 1040 2824 1093 in
2867 1037 3093 1103 Gallias,
3148 1036 3224 1093 ad
3255 1036 3642 1109 repetendum

278 1143 601 1200 Decembris
625 1147 818 1199 narrat
842 1142 1163 1198 Adelbertus
1190 1140 1503 1206 monachus,
1527 1143 1575 1193 et
1603 1138 1892 1193 Aimoinus
1993 1143 2186 1199 corpus
2237 1129 2292 1185 S.
2331 1128 2623 1193 Benedicti,
2664 1127 2809 1199 quod
2841 1129 2949 1182 Deo
2975 1132 3309 1198 repugnante
3349 1128 3645 1194 infectum

274 1242 401 1309 post
428 1240 641 1293 eum-in
664 1237 842 1293 libello
865 1237 1304 1292 Detranslatione
1324 1235 1382 1291 S.
1415 1233 1708 1289 Benedicti.
1727 1233 1895 1286 Porro
1996 1229 2086 1282 sit.
2127 1224 2248 1280 Hzec
2286 1226 2631 1281 Diedericus:
2668 1225 2825 1295 cujus
2867 1224 3026 1294 ﬁdem
3079 1225 3182 1278 hac
3208 1225 3271 1278 in
3303 1238 3361 1277 re
3403 1223 3642 1277 eleuant

282 1331 663 1388 tumulationis
694 1346 787 1386 seu
824 1329 1195 1402 depositionis
1230 1329 1287 1384 S.
1321 1326 1592 1383 Benedicti
1619 1326 1768 1381 dicta
1788 1326 1900 1380 hac
1998 1322 2139 1377 Socii
2163 1321 2517 1378 Bollandiani
2544 1323 2602 1374 in
2644 1334 2739 1376 suo
2769 1319 2981 1385 Martio,
3013 1320 3110 1374 ubi
3158 1335 3223 1374 ea
3257 1334 3379 1389 quia
3401 1319 3467 1373 de
3515 1318 3633 1373 hac

281 1426 417 1493 dies,
443 1425 512 1480 ab
541 1440 598 1480 eo
619 1430 851 1494 tempore
879 1423 1142 1479 celebrata
1166 1425 1241 1476 est
1269 1424 1385 1475 tum
1418 1421 1669 1484 Floriaci,
1701 1423 1814 1474 tum
1840 1421 1900 1473 in
1997 1413 2242 1468 illatione
2258 1411 2573 1485 querlerico
2595 1413 2928 1479 referuntur,
2949 1414 3436 1481 praetermiserunt,
3458 1410 3625 1482 quia,

282 1516 558 1586 plerisque
601 1516 795 1572 Gallia:
823 1514 1186 1579 monasteriis,
1219 1516 1277 1567 ut
1303 1516 1490 1567 auctor
1516 1514 1596 1566 est
1624 1510 1898 1567 Adreval-
1999 1508 2277 1576 inquiunt,
2317 1503 2433 1559 fere
2465 1496 2846 1560 commentitia
2883 1509 3031 1571 sunt,
3075 1508 3129 1558 et
3158 1502 3306 1574 apud
3342 1502 3624 1557 Joannem

282 1603 385 1658 dus
413 1606 471 1657 in
499 1604 638 1657 libro
675 1606 748 1658 De
774 1602 1077 1668 miraculis,
1103 1616 1224 1671 cap.
1262 1600 1366 1655 ἓξὲξ
1400 1600 1660 1655 Solemne
1699 1598 1897 1655 festum
1926 1643 1973 1713 Β
2002 1598 2253 1654 Boscium
2298 1598 2406 1670 legi
2446 1603 2697 1669 possunt,
2755 1599 2991 1653 contenti
3016 1597 3253 1666 simplici
3285 1598 3631 1666 expositione

286 1691 636 1713 :__l.-...I-L-n
690 1693 868 1713 1..--ησι
922 1689 1091 1713 ---ηιξ
1129 1689 1457 1713 ..Α-ι’-..ηΑ-Ξρ.
1489 1688 1682 1713 ιιι...ε,.ι;
1721 1689 1863 1713 DA..-
2009 1697 2198 1713 ,ληηομνσ
2239 1694 2491 1713 _-__'_-_-_-L°
2532 1693 2587 1713 ,1-
2629 1693 2789 1713 _l_-_'_
2833 1693 2919 1713 ---ι
2984 1707 3198 1713 --μμρμᾉ
3245 1693 3419 1713 --μΑΑΔ
3451 1693 3593 1713 nm-

284 1691 661 1763 impendebat,
688 1693 887 1761 inquit,
921 1689 1095 1744 sancti
1126 1689 1459 1745 confessoris
1489 1688 1685 1743 Christi
1719 1689 1899 1744 Bene-
1926 1688 1973 1713 υ
1998 1697 2198 1762 gemini
2234 1694 2491 1749 miraculi
2522 1693 2588 1748 de
2619 1693 2790 1761 glacie
2826 1693 2926 1748 sub
2977 1707 3199 1762 corpore
3240 1693 3419 1746 sancti
3445 1693 3623 1746 Bene-

284 1781 437 1849 dicti,
467 1781 615 1853 quod
652 1796 717 1836 ex
741 1780 911 1836 veteri
953 1780 1357 1836 consuetudine
1385 1780 1684 1852 quotannis
1717 1778 1898 1851 pridie
2000 1787 2135 1843 dicti
2161 1786 2304 1842 ultro
2345 1786 2545 1851 soluta,
2602 1792 2651 1840 et
2692 1785 2757 1840 de
2804 1784 3086 1840 arboribus
3131 1784 3533 1854 erumpentibus
3564 1786 3627 1838 in

284 1878 559 1932 Nonarum
587 1875 968 1932 Decembrium
996 1875 1195 1951 agitur,
1247 1891 1357 1947 quo
1406 1883 1713 1930 conventus
1760 1874 1902 1930 mul-
2001 1883 2172 1950 ﬂores.
2210 1876 2367 1945 Quod
2417 1880 2594 1931 tamen
2637 1879 2928 1945 utrumque
2983 1875 3094 1930 sibi
3133 1880 3453 1945 suspectum
3512 1888 3631 1928 esse

285 1975 464 2024 torum
488 1969 818 2040 populorum
869 1969 942 2023 ob
991 1969 1125 2023 tanti
1175 1967 1496 2024 memoriam
1546 1969 1720 2024 Patris
1770 1983 1905 2024 con-
2003 1970 2249 2036 fatentur
2286 1968 2347 2021 in
2376 1964 2819 2021 adnotationibus
2855 1964 2927 2018 ad
2962 1964 3267 2020 Adrevaldi
3323 1962 3522 2018 librum
3558 1966 3637 2018 De

287 2061 459 2116 ﬂuere
488 2060 824 2116 monasterio
853 2060 1013 2116 solet.
1071 2064 1141 2116 Et
1183 2066 1404 2116 sanctus
1450 2061 1602 2117 Oddo
1632 2061 1800 2116 abbas
1846 2062 1909 2114 in
2005 2056 2283 2112 miraculis
2321 2056 2499 2110 sancti
2526 2054 2822 2120 Benedicti,
2853 2068 3002 2107 num.
3033 2052 3123 2109 19.

285 2164 523 2204 sermone
568 2148 635 2203 de
683 2153 869 2205 sancto
922 2148 1201 2203 Benedicto
1239 2150 1358 2217 agit
1410 2148 1478 2203 de
1519 2156 1710 2204 sancta
1759 2147 1909 2203 illius
2077 2150 2131 2204 4.
2170 2151 2371 2206 Verum
2414 2149 2701 2217 (nquiorem
2741 2149 2822 2215 (ut
2850 2161 3071 2217 sperare
3111 2145 3254 2209 licet,
3299 2147 3636 2201 sententiam

285 2238 664 2305 translatione,
696 2254 919 2295 necnon
949 2239 1412 2306 ettumulatione,
1441 2255 1565 2311 quin
1600 2242 1679 2295 sic
1705 2239 1911 2295 divini-
2006 2240 2143 2306 feret
2168 2238 2408 2308 prudens
2434 2237 2614 2303 lector,
2668 2238 2719 2291 si
2755 2236 3047 2290 attenderit
3079 2250 3186 2290 non
3216 2236 3387 2290 solum
3432 2235 3635 2291 Diede-

288 2340 375 2385 tus
399 2346 521 2386 esse
552 2330 839 2402 disposita,
873 2331 1045 2385 multa
1073 2330 1358 2405 signorum
1389 2338 1518 2386 sunt
1547 2332 1904 2387 documenta.
2004 2335 2176 2389 ricum
2198 2334 2339 2388 hanc
2365 2333 2630 2387 illationis
2656 2332 2943 2387 historiam
2980 2332 3174 2386 litteris
3203 2329 3506 2401 mandasse,
3530 2331 3639 2386 sed

284 2427 349 2480 In
374 2425 661 2482 Chartario
690 2427 1099 2492 Patriciacensi,
1131 2427 1281 2496 quod
1302 2428 1603 2497 Stephanus
1632 2426 1903 2482 Gerardas
2003 2425 2165 2478 etiam
2203 2422 2500 2489 Rodulfum
2517 2423 2849 2488 Tortarium,
2876 2424 3093 2476 Petrum
3116 2420 3361 2476 abbatem
3391 2421 3633 2478 Clunia-

288 2514 348 2567 in
368 2513 680 2568 Collectione
697 2518 1156 2569 monumentorum
1176 2516 1505 2583 Burgundios
1522 2516 1715 2583 edidit,
1736 2516 1903 2585 hujus
2004 2529 2226 2579 censem,
2273 2512 2641 2568 Venerabilem
2687 2510 2915 2579 dictum,
2968 2511 3438 2580 chronographum
3488 2511 3590 2566 Flo
3604 2541 3629 2552 -

285 2605 417 2671 festi
450 2606 516 2673 fit
541 2607 734 2659 mentio
770 2608 829 2660 in
873 2606 1079 2661 chartis
1108 2606 1200 2672 29,
1241 2605 1310 2662 3‘2
1339 2612 1389 2662 et
1419 2607 1509 2674 3i,
1540 2609 1633 2663 ubi
1676 2613 1904 2663 vocatur
2002 2611 2295 2665 riacensem
2323 2607 2472 2677 apud
2498 2606 2786 2663 Ghesnium
2816 2608 2976 2661 initio
2997 2606 3375 2661 historicorum
3414 2606 3631 2662 North—

289 2691 455 2748 missa
470 2692 643 2749 sancti
675 2693 958 2749 Benedicti
988 2710 1111 2766 quae
1133 2701 1216 2749 est
1245 2695 1300 2749 in
1333 2712 1523 2752 mense
1550 2697 1894 2753 Decembrio.
1997 2714 2338 2765 masnorum,
2357 2698 2601 2769 aliosque
2622 2696 2814 2751 multos
2843 2696 3021 2751 eodem
3051 2710 3275 2765 prorsus
3292 2694 3450 2750 modo
3478 2699 3641 2749 retu-

286 2783 475 2847 Missa,
509 2782 570 2837 id
604 2786 682 2839 est
715 2785 934 2850 festam,
966 2784 1110 2854 quod
1140 2786 1194 2837 in
1240 2788 1463 2840 vetustis
1493 2788 1898 2855 Martyrologiis

2026 2800 2141 2853 isse.
2174 2794 2446 2861 Rodulfus
2478 2792 2756 2847 Tortarius
2799 2792 3166 2848 Cluniacensis
3196 2790 3490 2845 monachus
3521 2790 3631 2845 sub

286 2887 454 2941 quam
479 2872 664 2927 multis
690 2873 1011 2941 inscriptum
1047 2875 1337 2941 reperitur.
1366 2875 1430 2929 In
1468 2875 1768 2931 Corbeiensi
1792 2878 1899 2930 Ka-

2026 2888 2216 2942 nitium
2255 2884 2438 2939 seculi
2466 2899 2540 2936 xu
2584 2884 2725 2936 inter
2751 2882 2865 2936 alia
2893 2884 3110 2937 metrice
3156 2881 3397 2936 reddidit
3426 2882 3628 2936 Histo-

291 2965 534 3020 lendario
571 2969 772 3036 scripto
813 2967 881 3021 ab
932 2970 1091 3022 annis
1133 2970 1473 3035 octingentis,
1521 2971 1667 3039 quod
1736 2972 1900 3026 Libro
1933 3006 1979 3041 ρ
2000 2978 2142 3030 riam
2170 2973 2545 3029 translationis
2576 2972 2815 3041 corporis
2841 2970 2895 3026 S.
2913 2971 3188 3026 Benedicti
3213 2972 3272 3024 in
3301 2971 3635 3038 Galliam,et

3467 174 3657 232 1180

291 3056 566 3109 Pastorali
601 3057 659 3112 S.
721 3057 971 3124 Gregorii
1008 3060 1383 3126 pramittitur,
1444 3060 1676 3116 habetur
1724 3061 1900 3133 pridie
1934 3056 2256 3123 umiraculi
2272 3066 2535 3135 poematis
2562 3065 2653 3118 sui
2674 3064 2783 3119 haec
2802 3062 2959 3118 addit
2989 3080 3003 3118 :

290 3144 471 3201 Nonas
497 3145 814 3202 Decembris
851 3147 1126 3218 depositio
1160 3149 1439 3206 Benedicti
1470 3151 1704 3208 abbatis.
1736 3156 1904 3208 Deni—

292 3254 395 3309 que
428 3239 642 3308 vigebat
700 3242 874 3296 adhuc
913 3241 1295 3298 tumulattonis
1344 3246 1661 3302 vocabulum
1713 3249 1904 3303 saeculo

290 3330 622 3400 duodecimo,
676 3337 738 3388 ut
772 3339 982 3390 constat
1034 3350 1099 3389 ea:
1129 3335 1342 3405 Rodulfl
1393 3339 1633 3392 Tortarii
1660 3339 1799 3394 libro
1830 3343 1904 3395 De

290 3428 571 3484 miraculis
597 3430 774 3485 sancti
798 3431 1088 3498 Benedicti,
1137 3447 1257 3502 cap.
1289 3432 1357 3489 33
1385 3437 1442 3488 in
1480 3435 1587 3489 haec
1632 3437 1812 3489 verba.
1845 3437 1903 3491 In

294 3518 468 3573 Patris
503 3520 671 3595 igitur
708 3522 1075 3579 tumulatione
1130 3540 1253 3596 quae
1285 3525 1341 3579 in
1400 3526 1600 3582 diebus
1630 3528 1902 3585 Dominici

296 3606 575 3663 Adventus
610 3624 708 3680 per
754 3626 950 3667 omnes
989 3612 1188 3668 Gallias
1243 3615 1526 3670 annuatim
1568 3632 1690 3672 cum
1747 3633 1903 3674 reve-

295 3698 470 3753 rentia
512 3701 800 3768 excolitur,
835 3703 1052 3771 mulier,
1085 3710 1183 3761 etc.
1218 3708 1304 3760 Ea:
1334 3708 1529 3776 quibus
1556 3712 1911 3780 perspicuum

299 3794 378 3844 est
430 3793 611 3860 qualis
660 3795 835 3861 fuerit
891 3795 1054 3866 hujus
1105 3797 1430 3853 celebritatis
1470 3801 1746 3856 institutio
1790 3804 1914 3872 pri-

299 3897 498 3937 maria.

373 3974 425 4027 3.
477 3975 868 4031 Secundariam
917 3980 1083 4045 refert
1136 3980 1445 4035 Diedericus
1509 3984 1909 4051 Hersfeldensis

2074 3155 2199 3211 Post
2226 3153 2490 3209 tumulata
2518 3153 2640 3224 pius
2678 3168 2800 3224 quae
2830 3152 3002 3226 gessit
3030 3151 3279 3208 membra
3324 3159 3621 3226 patronus,

2146 3250 2272 3305 Haec
2299 3248 2466 3304 simul
2496 3249 2599 3303 hac
2627 3264 2737 3303 una
2776 3262 3022 3323 congero
3052 3247 3334 3323 paginula.

2075 3338 2338 3395 Astrictus
2367 3338 2546 3412 glacie
2576 3337 2735 3410 Liger
2764 3336 2963 3404 amnis,
2999 3344 3247 3408 tempore
3280 3337 3492 3393 brumae

2148 3432 2357 3487 Praebet
2387 3431 2491 3486 iter
2516 3437 2709 3487 sancto
2741 3430 2929 3486 nobile
2957 3429 3206 3505 legifero.

2078 3526 2373 3597 lmponunt
2403 3524 2529 3579 navi
2554 3523 2674 3578 sine
2699 3523 2911 3597 remige
2942 3522 3188 3578 membra
3228 3523 3498 3599 magistri,

2146 3614 2468 3686 Oppositum
2500 3612 2706 3668 ﬂumen
2728 3627 2838 3684 quo
2854 3618 3004 3667 secat
3020 3619 3075 3667 et
3103 3611 3337 3687 glaciem

2083 3704 2257 3760 Floret
2291 3703 2584 3770 Floriaeus,
2627 3701 2744 3757 visu
2781 3701 3109 3774 spectabile,
3139 3702 3316 3769 vicus,

2155 3798 2325 3855 Patris
2347 3798 2416 3853 ad
2457 3797 2764 3864 introitum,
2791 3797 2882 3852 lux
2904 3804 3020 3853 erat
3050 3796 3334 3870 eﬂ‘ugium.

2086 3895 2222 3950 Hinc
2251 3893 2490 3965 sumpsit
2520 3907 2744 3961 nomen,
2779 3892 2939 3962 cujus
2975 3891 3080 3947 fuit
3116 3899 3246 3948 ante
3275 3908 3539 3949 vocamen

2151 3988 2329 4041 Aurea
2361 3983 2543 4051 Vallis,
2570 3998 2639 4039 eo
2667 3983 2816 4055 quod
2836 3982 2909 4038 sit
2939 3982 3157 4053 opimus
3180 3983 3369 4038 humo.

302 4062 604 4117 Germanice
654 4065 962 4130 monachus,
1003 4069 1101 4136 qui
1126 4069 1187 4121 in
1213 4068 1543 4125 Floriacensi
1584 4077 1911 4131 monasterio
2010 4081 2197 4133 Petrus
2229 4076 2590 4141 Venerabilis,
2638 4077 2701 4129 in
2752 4075 2949 4144 hymno
2977 4073 3042 4129 de
3070 4060 3425 4128 translatione
3452 4075 3629 4128 sancti

300 4153 401 4208 sub
426 4154 646 4209 initium
683 4157 866 4211 saeculi
890 4173 942 4212 χι
973 4158 1069 4212 diu
1113 4166 1492 4229 rommoratus,
1529 4169 1651 4233 post
1680 4167 1914 4222 reditum

2015 4173 2301 4238 Benedicti,
2330 4170 2487 4240 cujus
2517 4171 2713 4238 hymni
2737 4172 2801 4239 ﬁt
2835 4171 3029 4224 mentio
3062 4171 3120 4223 in
3150 4169 3245 4224 lib.
3290 4184 3363 4235 ιν,
3393 4168 3624 4239 epistola

301 4243 362 4297 in
382 4244 623 4310 patriam
650 4245 1012 4314 interrogatus
1041 4247 1343 4317 aliquando
1368 4266 1402 4305 a
1429 4252 1702 4307 Richardo
1730 4255 1916 4309 Amer—
1936 4330 1971 4333 _
2015 4265 2107 4331 30,
2144 4265 2415 4333 geminum
2453 4262 2547 4318 hoc
2588 4263 2855 4317 ittationis
2893 4262 3216 4316 miraculum
3274 4264 3629 4331 represent!!!

302 4333 517 4389 bacensi
560 4335 752 4391 abbate
807 4353 1059 4409 quaenam
1106 4354 1271 4395 causa
1326 4341 1521 4397 existat
1578 4344 1731 4398 illius
1763 4330 2102 4411 festi-Dm
2129 4330 2372 4409 uersibus
2408 4368 2422 4405 :

302 4424 490 4480 vitatis
545 4426 847 4483 beatissimi
917 4429 1091 4485 Patris
1146 4433 1539 4489 monachorum
1607 4435 1912 4503 Benedicti,

303 4536 427 4591 quae
470 4522 616 4592 apud
668 4522 869 4578 Gallias
915 4525 1196 4597 prmeipue
1244 4528 1559 4585 celebratur
1611 4529 1670 4584 in
1714 4530 1914 4586 diebus

303 4613 573 4670 Dominici
624 4616 901 4673 Adventus
952 4620 1055 4673 sub
1116 4622 1341 4677 nomine
1380 4623 1663 4689 illationis,
1723 4626 1915 4681 condi-

304 4703 384 4756 dit
407 4719 471 4757 ea
498 4703 647 4759 dere
698 4705 956 4771 libellum,
1012 4709 1069 4763 in
1121 4724 1223 4778 quo
1268 4711 1443 4765 tradit
1489 4727 1708 4767 causam
1751 4713 1914 4783 hujus

305 4796 659 4851 solemnitatis
716 4812 825 4852 esse
868 4799 1175 4854 relationem
1228 4805 1466 4872 corporis
1531 4806 1708 4859 sancti
1758 4808 1916 4860 Bene-

305 4886 441 4940 dicti
479 4888 687 4954 factam
735 4902 805 4943 ea:
862 4890 993 4944 urbe
1031 4892 1446 4959 Aurelianensi;
1490 4900 1611 4963 post
1648 4895 1854 4951 cladem
1881 4912 1915 4951 a

304 4978 696 5034 Northmannis
723 4978 937 5035 illatam
964 4983 1287 5037 monasterio
1323 4984 1678 5053 Floriacensi,
1717 5002 1828 5057 qua
1854 4988 1918 5042 in

303 5073 562 5128 relatione
604 5075 817 5143 Ligeris
856 5075 1028 5144 glacie
1076 5081 1350 5133 concretus
1385 5080 1699 5136 naviculam
1741 5085 1918 5137 sacris

304 5166 550 5236 reliquiis
595 5172 845 5221 onustum
881 5167 1059 5222 soluta
1106 5170 1280 5237 glacie
1321 5186 1432 5240 per
1476 5172 1734 5228 adversas
1777 5174 1920 5228 alvei

305 5273 476 5329 aquas
511 5259 818 5315 Floriacum
854 5263 1141 5324 reticuerit.
1191 5265 1241 5317 et
1288 5264 1505 5320 arbores
1551 5267 1831 5335 eruperint
1857 5267 1921 5321 in

303 5354 481 5421 flores,
511 5355 656 5409 unde
697 5370 891 5410 nomen
922 5356 1031 5412 loco
1069 5357 1364 5413 Floriacus.
1409 5360 1510 5414 His
1540 5359 1697 5414 addit
1734 5374 1920 5416 sacras

306 5446 483 5498 sancti
518 5445 794 5501 Benedicti
827 5446 1089 5516 reliquias
1117 5462 1175 5503 eo
1203 5447 1292 5502 die
1321 5447 1379 5502 in
1419 5448 1603 5505 Sancti
1640 5449 1782 5506 Petri
1800 5464 1918 5506 mo-

308 5535 570 5601 nasterio,
612 5537 675 5591 id
694 5540 772 5591 est
798 5539 1038 5608 ecclesia,
1064 5542 1329 5610 repositas
1355 5543 1547 5609 fuisse,
1577 5547 1628 5597 et
1669 5545 1922 5599 anniver-

307 5622 456 5676 sario
493 5623 582 5678 die
608 5629 871 5695 sequentis
898 5630 1035 5684 anni
1056 5630 1242 5686 illatas
1288 5629 1345 5685 in
1376 5630 1658 5702 prOprium
1698 5645 1923 5689 manso-

2226 4447 2391 4502 Navis
2415 4462 2513 4517 per
2539 4445 2767 4501 ﬂuvium
2797 4451 2891 4500 nat
2919 4444 3043 4501 sine
3073 4444 3305 4516 remige.

2226 4539 2472 4595 Mirando
2494 4538 2724 4613 glaciem
2754 4538 2995 4593 dissecat
3021 4537 3252 4608 impetu,

2228 4634 2411 4690 Sancti
2454 4633 2701 4688 membra
2731 4632 2916 4688 ferens
2945 4631 3106 4687 obvia
3126 4630 3337 4686 ﬂumini

2302 4724 2485 4780 Undas
2504 4730 2649 4779 retro
2680 4721 3018 4780 reverberat.

2228 4814 2492 4870 Eductum
2525 4812 2691 4868 ﬂuvio
2721 4813 2901 4869 sensit
2927 4818 2987 4867 ut
3014 4810 3186 4876 arida,

2229 4904 2346 4960 Non
2364 4919 2563 4960 curans
2599 4902 2771 4979 gelidi
2810 4902 3011 4974 frigora
3033 4899 3315 4971 temporis,

2232 4991 2404 5046 Vestit
2433 5000 2630 5047 cuncta
2658 4991 2816 5047 novis
2854 4989 2981 5046 ilico
3017 4988 3249 5046 ﬂoribus

2300 5078 2503 5134 Mutata
2532 5077 2671 5135 facie
2701 5078 2824 5136 soli.

2022 5173 2251 5226 Tantum
2274 5171 2473 5236 virum,
2503 5170 2589 5223 uti
2614 5172 2665 5223 et
2695 5169 3031 5234 Tortarium,
3059 5167 3176 5222 sola
3212 5164 3500 5230 Diederici,
3533 5165 3635 5220 ho-

2016 5265 2180 5320 minis
2215 5264 2480 5330 extranei,
2519 5264 2847 5317 auctoritate
2877 5260 3161 5316 inductum
3199 5259 3309 5313 haec
3346 5259 3635 5329 scripsisse

2018 5373 2127 5414 non
2157 5363 2315 5428 puto,
2344 5356 2440 5413 sed
2467 5357 2697 5411 certiora
2724 5358 3088 5422 monumenta,
3120 5369 3237 5425 quas
3264 5352 3418 5408 nobis
3438 5351 3631 5417 latent,

2020 5446 2084 5501 ob
2138 5445 2314 5502 oculos
2352 5446 2622 5501 habuisse.
2672 5445 2874 5500 Forsan
2930 5444 3027 5499 illo
3075 5444 3136 5498 in
3174 5442 3313 5497 libro
3363 5456 3520 5512 quem
3553 5440 3631 5495 De

2020 5536 2261 5593 adventu
2293 5534 2470 5591 sancti
2503 5532 2787 5590 Benedicti
2809 5534 2991 5589 beatus
3010 5533 3123 5591 Odo
3150 5534 3432 5603 scripsisse
3448 5532 3637 5602 perhi-

2023 5630 2197 5697 betur,
2244 5630 2363 5698 ejus
2390 5629 2473 5686 rei
2507 5630 2706 5685 mentio
2742 5631 2877 5683 erat.
2935 5627 3106 5683 Certe.
3139 5626 3429 5683 Aimoinus
3469 5623 3635 5680 initio
