3892 6048
195 175 333 231 1181

1375 177 1718 239 MIRACULA
1757 180 1984 238 SANC'l'l
2021 179 2149 237 BEN
2159 181 2238 237 ED
2250 181 2394 238 [ΟΤΙ.

3396 191 3544 246 1182

184 305 318 360 libri
354 319 392 359 ιι
423 309 494 360 De
522 307 828 374 miraculis,
861 309 1092 364 innuero
1111 309 1328 366 videtur
1354 298 1594 368 Floriaco
1619 326 1818 368 nomen
1840 314 1896 382 Α
1917 318 2050 367 sunt
2076 326 2146 367 ea:
2170 313 2437 370 miraculo
2471 315 2691 382 ﬂorum,
2729 316 2869 384 quod
2901 325 3300 386 commemorat,
3346 334 3546 378 nomen

188 402 468 456 accessisse
517 415 588 457 ea:
638 403 904 458 miraculo
956 405 1175 469 ﬂorum.
1226 404 1560 474 Favorabili,
1615 409 1814 478 inquit,

190 505 450 561 supernae
487 491 826 568 dignationis
856 495 1152 570 praesagio,
1193 497 1299 554 hoc
1324 497 1382 552 in
1421 513 1532 570 quo
1569 499 1680 556 Deo
1707 516 1816 555 au-

191 587 348 638 ctore
405 581 738 640 famulemur
790 586 1126 651 cmuobium,
1184 597 1247 644 ut
1310 589 1590 646 Floriacus
1646 607 1818 648 voca-

193 677 370 739 retur,
423 671 660 744 accepit,
706 673 802 746 qui
861 673 1060 746 priscis
1113 675 1458 748 temporibus
1491 693 1601 734 non
1649 677 1820 734 dissi-

200 765 354 820 milis
398 766 590 840 gratia:
622 767 986 842 prierogativa
1023 768 1191 825 Vallis
1211 771 1598 828 nominabatur
1621 773 1814 828 Aurea.

191 859 315 911 Hac
339 857 500 912 verba
528 858 748 914 omnino
783 865 1082 914 consonant
1117 859 1378 916 Diederici
1397 861 1569 916 verbis
1593 867 1646 916 et
1685 867 1810 916 Tor-

191 949 326 1002 tarii
342 965 360 1015 ;
391 950 488 1018 qui
511 949 617 1004 duo
641 950 902 1019 prcedicta
935 953 1206 1007 miracula
1226 955 1472 1021 proxime
1493 959 1608 1022 post
1639 956 1811 1010 Histo~

190 1042 337 1094 riam
381 1042 756 1098 translationis
782 1043 1002 1113 subjicit
1047 1045 1212 1113 (quod
1245 1047 1414 1100 etiam
1454 1048 1592 1114 facit
1626 1049 1814 1103 Petrus

199 1131 542 1201 Venerabilis)
582 1148 680 1200 per
703 1134 1170 1202 anticipationem,
1200 1148 1312 1189 non
1353 1135 1492 1204 quod
1526 1149 1591 1190 ea
1627 1139 1816 1190 statim

189 1234 227 1272 a
257 1220 615 1276 translatione
637 1222 790 1287 facta
817 1223 987 1288 fuisse
1017 1223 1320 1290 crediderit,
1383 1228 1468 1280 uti
1514 1227 1688 1280 visum
1738 1233 1816 1282 est

192 1313 350 1367 sociis
373 1312 761 1380 Bollandianis,
791 1313 883 1368 sed
909 1317 1040 1382 quia
1096 1321 1212 1370 tam
1235 1317 1450 1386 insigne
1489 1319 1821 1373 miraculum

199 1405 580 1460 translationis
599 1407 912 1461 narrationi
937 1409 1374 1464 continuandum
1390 1416 1529 1476 erat,
1551 1416 1692 1465 utea:
1712 1425 1822 1467 uno

201 1497 320 1551 alia
348 1498 619 1552 miracula
648 1498 1087 1567 intelligeremus.

267 1585 322 1640 ὅ.
386 1587 619 1654 Denique
681 1588 992 1642 Aurelianis
1051 1590 1313 1644 hactenus
1366 1597 1544 1646 ea'stat
1601 1593 1820 1647 ecclesia

194 1677 390 1734 Sancti
415 1679 703 1744 Benedicti,
732 1695 852 1749 quae
873 1681 1026 1738 modo
1049 1683 1356 1752 parteeialis
1391 1689 1488 1752 est,
1517 1684 1588 1739 de
1618 1683 1816 1741 Reditu

191 1771 353 1838 vulgo
392 1771 682 1840 appellata,
721 1771 784 1827 ob
821 1773 982 1842 hujus
1035 1773 1173 1838 facti
1224 1778 1562 1842 memoriam,
1597 1780 1660 1831 ut
1709 1779 1818 1843 fert

193 1868 394 1920 civium
419 1869 715 1936 persuasio,
766 1869 984 1922 tametsi
1000 1871 1126 1938 jam
1160 1874 1291 1925 ante
1317 1869 1617 1926 illationem
1645 1887 1679 1926 a
1713 1875 1817 1926 Me-

199 1957 336 2014 done
360 1958 554 2014 abbate
577 1959 849 2024 «ediﬁcata
880 1961 1087 2028 fuerat,
1115 1962 1208 2017 sed
1245 1964 1438 2030 forsan
1471 1969 1587 2033 post
1613 1965 1819 2020 cladem

202 2051 693 2106 Northmannorum
745 2052 806 2105 in
858 2054 1178 2106 memoriam
1232 2054 1492 2108 illationis
1544 2057 1812 2110 restituta.

205 2140 468 2194 lllationis
495 2145 678 2195 tamen
694 2141 1015 2196 vocabulum
1039 2158 1166 2197 raro
1187 2145 1466 2199 invenitur
1493 2147 1553 2200 in
1573 2147 1819 2215 antiquis

203 2233 590 2302 Martyrologiis
617 2239 672 2288 et
720 2233 1088 2290 ecclesiasticis
1117 2235 1289 2303 libris,
1327 2250 1396 2292 ea:
1417 2237 1612 2306 quibus
1641 2253 1820 2293 unum

201 2323 406 2392 reperio
434 2323 870 2391 Martyrologium
907 2323 1140 2378 abbatice
1183 2327 1218 2378 S
1266 2327 1451 2380 Maria:
1478 2331 1548 2382 De
1577 2325 1818 2396 quadra-

197 2423 354 2489 ginta
390 2421 622 2476 diczcesis
661 2421 1054 2487 Narbonensis;
1109 2423 1169 2474 in
1199 2434 1302 2489 quo
1350 2425 1530 2475 noster
1563 2418 1820 2474 Claudius

194 2511 572 2580 Stephanotius
600 2511 714 2565 hate
740 2510 904 2579 legit:
962 2508 1109 2566 Prid.
1162 2508 1300 2565 Ncn.
1335 2506 1596 2563 Decemh.
1646 2507 1821 2562 Aure-

195 2602 380 2671 lianis,
413 2603 467 2658 in
501 2602 624 2659 loco
649 2602 744 2675 qui
774 2612 1001 2660 vocatur
1031 2602 1332 2669 Floriacus,
1369 2602 1540 2658 illatio
1573 2601 1821 2674 corporis

195 2692 253 2747 S.
295 2691 579 2749 Benedicti
607 2692 825 2748 abbatis
856 2699 910 2748 et
950 2691 1232 2748 monachi.
1263 2698 1370 2748 Hoc
1403 2707 1526 2748 vero
1561 2695 1818 2762 Martyro-

201 2785 402 2855 logium
428 2786 528 2841 sub
557 2801 773 2841 annum
803 2783 943 2842 1110
969 2793 1262 2841 exaratum
1277 2793 1373 2841 est.

271 2874 324 2929 6.
373 2878 496 2930 Jam
546 2875 896 2945 expendenda
941 2881 1069 2931 sunt
1116 2878 1398 2931 rationum
1437 2880 1816 2943 monumenta,

199 2967 392 3037 quibus
444 2969 579 3024 moti
606 2973 726 3023 tum
777 2970 908 3024 socii
931 2969 1298 3034 Bollandianz,
1358 2974 1477 3023 tum
1506 2969 1622 3035 alii,
1677 2969 1821 3023 hanc

199 3163 356 3202 mum
382 3153 478 3215 est,
509 3150 572 3202 in
595 3147 823 3202 dubium
863 3154 1206 3216 revocarunt,
1263 3151 1433 3217 iisque
1470 3149 1818 3214 satisfacien-

197 3239 332 3294 dum
343 3253 442 3307 pro
462 3237 675 3292 modulo
695 3243 894 3298 nostra,
918 3244 1188 3306 quantum
1205 3239 1660 3292 sinuntveritatis
1684 3237 1818 3304 leges

198 3337 250 3386 et
299 3331 594 3398 religionis,
637 3344 756 3399 quae
793 3331 1044 3398 pracipit
1076 3331 1263 3384 omnia
1296 3329 1546 3399 probare,
1575 3335 1628 3384 et
1671 3329 1824 3383 omni

195 3422 434 3490 poscenti
460 3421 726 3475 rationem
749 3418 983 3473 reddere.

271 3507 327 3564 7.
385 3511 568 3564 Prima
626 3507 916 3563 dubitandi
951 3510 1092 3563 ratio
1127 3508 1254 3562 duci
1287 3513 1455 3578 potest
1491 3522 1560 3562 ea:
1609 3507 1822 3562 silentio

198 3598 612 3653 domesticorum
635 3602 926 3652 auctorum
956 3597 1219 3652 Diederico
1243 3599 1607 3667 superiorum,
1634 3611 1824 3666 nempe

202 3689 508 3758 Adrevaldi,
546 3687 805 3755 Adelerii,
829 3693 880 3743 et
899 3689 1174 3756 Aimoini;
1209 3689 1449 3757 quicum
1474 3701 1558 3742 res
1586 3687 1657 3741 ad
1685 3701 1820 3742 san-

203 3787 354 3836 ctum
399 3780 746 3836 Benedictum
773 3782 1087 3848 attinentes,
1131 3786 1186 3836 et
1213 3781 1486 3836 miracula
1511 3794 1608 3849 per
1642 3781 1822 3848 ipsum

204 3877 356 3942 facta
377 3873 557 3928 dedita
571 3887 731 3940 opera
766 3873 1099 3941 scripserint,
1137 3885 1282 3927 unus
1305 3875 1421 3940 post
1463 3871 1658 3938 alium,
1697 3871 1820 3925 nul-

205 3969 289 4022 lus
310 3971 494 4020 tamen
509 3979 692 4020 eorum
715 3966 1044 4020 mentionem
1067 3965 1200 4032 facit
1222 3964 1500 4030 illationis,
1524 3963 1821 4018 duorumve

1844 1634 1896 1702 Β

1918 403 2156 460 Floriaco
2197 407 2492 473 accessisse,
2520 420 2586 461 ac
2613 407 3092 477 Carolomannum,
3133 425 3291 479 quem
3319 411 3429 467 alio
3453 427 3542 468 er-

1915 511 2037 552 rare
2072 498 2404 568 Sigebertum
2434 500 2688 570 appellat,
2727 507 2845 570 post
2889 503 3093 556 cladem
3137 505 3541 562 Northmanno-

1915 601 2044 640 rum
2073 589 2134 640 in
2173 586 2374 642 Gallias
2403 588 2719 659 advenisse),
2761 591 3008 646 sublestae
3033 592 3248 648 videtur
3300 597 3537 650 auctori-

1919 678 2066 732 tatis.
2091 683 2264 748 Neque
2290 681 2438 734 enim
2483 679 2819 736 Dioderieum
2847 685 3020 752 magis
3047 683 3336 739 callentem
3367 687 3544 754 fuisse

1918 782 2103 824 rerum
2141 769 2561 826 Floriacensium
2610 787 2777 842 quam
2828 774 3174 842 Aimoinum,
3233 778 3328 845 qui
3373 775 3542 845 paulo

1911 866 2042 916 ante
2065 875 2192 916 eum
2217 861 2498 918 scribebat.
2542 866 2823 920 Aimoinus
2859 867 3122 935 siquidem
3151 866 3312 922 libros
3341 869 3419 922 De
3437 871 3544 923 mi-

1911 949 2113 1004 raculis
2134 953 2314 1005 sancti
2335 952 2608 1006 Benedicti
2623 955 2834 1021 scripsit
2853 968 3000 1009 anno
3019 955 3303 1010 millesimo
3321 959 3538 1025 quinto;

1913 1040 2214 1096 Diedericus
2255 1056 2379 1096 vero
2422 1043 2668 1098 libellum
2703 1048 2776 1100 De
2804 1046 3046 1102 illatione
3071 1051 3414 1116 nuncupavit
3451 1051 3545 1103 Ri-

1913 1132 2109 1186 chardo
2131 1132 2509 1189 Amerbacensi
2525 1135 2728 1203 abbati,
2760 1139 2855 1206 qui
2879 1152 3028 1193 anno
3054 1139 3342 1194 millesimo
3373 1143 3542 1209 trige-

1914 1225 2048 1279 sima
2070 1238 2212 1279 nono
2234 1227 2350 1279 vita
2377 1227 2604 1292 functus
2631 1233 2728 1294 est,
2758 1234 2990 1284 testante
3017 1233 3252 1286 Browero
3282 1233 3343 1286 in
3372 1235 3532 1288 Antio

1917 1319 2192 1386 quitatum
2218 1317 2567 1372 Fuldensium
2611 1334 2728 1389 cap.
2761 1317 2857 1375 20.

1987 1402 2042 1457 9.
2099 1409 2368 1460 Postrema
2418 1405 2715 1473 difﬁcultas
2749 1409 2983 1477 procedit
3039 1425 3109 1465 ea:
3151 1417 3384 1482 tempore
3437 1429 3543 1484 quo

1919 1500 2030 1553 haec
2046 1499 2300 1554 accidisse
2333 1500 2612 1570 dicuntur,
2659 1504 2925 1558 nimirum
2968 1511 3086 1574 post
3133 1509 3452 1564 incendium
3489 1515 3542 1565 et

1918 1587 2269 1657 direptionem
2307 1589 2653 1646 Floriacensis
2703 1596 3024 1648 monasterii
3073 1609 3169 1664 per
3209 1597 3540 1653 Northman-

1917 1695 2032 1736 nos.
2065 1681 2220 1750 Apud
2259 1681 2444 1750 probos
2471 1688 2714 1738 auctores
2763 1687 2998 1740 unicum
3028 1689 3194 1756 hujus
3236 1689 3465 1745 coenobii
3489 1691 3539 1747 le

1917 1775 2067 1842 gitur
2113 1773 2427 1828 incendium
2479 1775 2693 1839 factum
2752 1790 2850 1845 per
2911 1779 3324 1846 Northmannos,
3391 1796 3540 1837 anno

1917 1867 2114 1920 Christi
2131 1868 2460 1934 sexagesimo
2483 1869 2672 1936 quinto
2703 1882 2872 1938 supra
2898 1873 3426 1941 octingentesimum,
3478 1874 3542 1930 de

1917 1969 2020 2025 quo
2049 1955 2378 2010 Adrevaldus
2432 1958 2492 2010 in
2547 1956 2681 2012 libro
2729 1961 2799 2012 De
2835 1960 3116 2014 miraculis
3165 1967 3342 2016 sancti
3379 1967 3541 2018 Bene-

1917 2051 2066 2116 dicti,
2096 2066 2210 2120 cap.
2254 2048 2349 2118 54,
2403 2051 2640 2106 Annales
2695 2055 3022 2119 Bertiniani,
3062 2060 3115 2108 et
3172 2055 3326 2111 breve
3377 2059 3542 2113 Chro-

1915 2141 2098 2207 nicon,
2161 2139 2300 2209 quod
2346 2139 2586 2196 Andreas
2625 2142 2880 2196 Chesnius
2929 2143 3277 2212 scriptoribus
3353 2147 3544 2200 North-

1919 2229 2190 2283 mannicis
2216 2231 2496 2297 praemisit.
2528 2231 2692 2298 Atqui
2717 2245 2778 2286 eo
2808 2246 2956 2286 anno
3001 2246 3114 2286 non
3136 2239 3216 2287 est
3245 2234 3400 2300 facta
3421 2233 3544 2288 illa-

1919 2319 2011 2384 tio,
2043 2323 2164 2372 tum
2213 2319 2344 2386 quia
2380 2321 2496 2386 ejus
2533 2321 2614 2374 rei
2648 2323 2978 2376 meminisset
3031 2322 3384 2387 Adrevaldus,
3445 2325 3544 2392 qui

1920 2409 2122 2476 aliquot
2139 2409 2302 2462 annis
2337 2414 2600 2476 superstes
2625 2409 2805 2463 multa
2831 2412 3045 2478 scripsit
3073 2411 3141 2465 de
3173 2418 3363 2467 sancto
3383 2417 3544 2468 Bene-

1918 2500 2076 2567 dicto,
2103 2515 2222 2570 qua:
2247 2506 2363 2570 post
2413 2501 2549 2555 illud
2601 2508 2810 2570 tempus
2861 2503 3183 2558 acciderunt
3253 2511 3372 2559 tum
3408 2507 3540 2574 quia

1918 2599 2098 2652 sancti
2123 2595 2391 2650 Benedicti
2419 2611 2630 2666 corpus,
2662 2611 2774 2651 non
2802 2597 3118 2652 Aurelianos
3146 2603 3265 2652 tum
3300 2599 3542 2654 delatum

1917 2695 2016 2756 est,
2043 2688 2135 2744 sed
2164 2687 2266 2742 hac
2294 2693 2349 2742 et
2375 2685 2518 2750 illac,
2547 2694 2713 2756 prout
2739 2689 2987 2756 fugiendi
3014 2692 3298 2746 necessitas
3334 2691 3537 2760 impel-

1918 2775 2078 2830 lebat.
2117 2761 2322 2832 Deinde
2371 2792 2550 2846 regem
2607 2782 2960 2843 Francorum,
3022 2781 3179 2848 cujus
3223 2781 3542 2848 principatu

1917 2873 2142 2941 contigit
2195 2871 2387 2938 illatio,
2453 2869 2938 2938 Carolomaunum,
2987 2873 3234 2927 Ludovici
3265 2871 3420 2926 Balbi
3469 2873 3543 2937 fi-

201 2967 392 3037 quibus
444 2969 579 3024 moti
606 2973 726 3023 tum
777 2970 908 3024 socii
931 2969 1298 3034 Bollandianz,
1358 2974 1477 3023 tum
1506 2969 1622 3035 alii,
1677 2969 1821 3023 hanc
1873 3017 1888 3038 ,
1919 2964 2076 3031 lium,
2131 2966 2266 3019 satis
2323 2965 2568 3032 designat
2623 2964 2965 3032 Diedericus;
3023 2965 3294 3032 Carolum,
3353 2980 3542 3033 cogno-

201 3059 460 3114 itlationis
488 3061 800 3127 Historiam,
829 3067 990 3128 prout
1024 3075 1058 3114 a
1089 3059 1354 3114 Diederico
1399 3059 1664 3127 descripta
1702 3060 1820 3127 pri-
1842 3018 1891 3082 (’
1917 3063 2099 3112 mento
2138 3057 2466 3126 Simplicem,
2497 3059 2931 3126 clu'onographus
2963 3072 3268 3127 anonymus
3309 3058 3542 3124 inferius

1917 3063 2099 3112 mento
2138 3057 2466 3126 Simplicem,
2497 3059 2931 3126 clu'onographus
2963 3072 3268 3127 anonymus
3309 3058 3542 3124 inferius

1917 3148 2261 3203 exhibendas.
2303 3153 2492 3203 Verum
2519 3163 2583 3204 ea
2611 3163 2694 3202 res
2719 3163 2829 3203 non.
2853 3150 3080 3217 fugisset
3107 3150 3413 3204 Adrlerium
3437 3153 3542 3204 Ca-

1920 3237 2226 3290 rolomanni
2281 3243 2512 3305 tempore
2549 3237 2893 3302 scribentem,
2942 3239 2991 3291 si
3033 3243 3298 3305 regnante
3325 3239 3542 3292 Carolo-

1919 3339 2125 3379 manno
2155 3326 2496 3392 contigisset;
2542 3327 2592 3378 si
2610 3325 2795 3380 Carolo
2837 3325 3092 3394 Simplice
3119 3339 3258 3394 rege,
3289 3339 3412 3380 eam
3462 3341 3542 3379 re-

1921 3417 2156 3472 scivisset
2183 3415 2494 3482 Aimoinus,
2537 3417 2633 3484 qui
2656 3429 2766 3470 non
2810 3417 3014 3484 integro
3061 3415 3257 3471 saeculo
3283 3432 3318 3470 a
3356 3417 3540 3472 Carolo

1921 3511 2084 3567 abora
2095 3517 2133 3564 t.

1998 3602 2080 3657 10.
2132 3607 2394 3657 Praeterea
2431 3602 2538 3656 dici
2577 3617 2687 3657 non
2719 3607 2888 3672 potest
2912 3603 3142 3670 corporis
3171 3600 3226 3655 S.
3271 3602 3544 3656 Benedicti

1918 3697 2234 3752 relationem
2257 3700 2374 3764 post
2431 3693 2732 3748 absolutam
2780 3695 3010 3748 Adclerii
3051 3697 3396 3762 scriptionum
3422 3708 3541 3748 eve-

1918 3785 2081 3849 nisse,
2113 3788 2232 3838 tum
2259 3784 2386 3850 quia
2427 3783 2488 3836 in
2542 3782 2637 3836 illa
2675 3782 3171 3837 Northmmnorum
3219 3781 3536 3850 direptione,

1918 3889 2084 3944 quam
2101 3870 2349 3926 describit
2376 3870 2668 3935 Adeleri-us,
2709 3871 2852 3924 nulli
2892 3871 3248 3925 Floriacenses
3286 3871 3542 3926 monachi

1917 3967 2040 4021 cwsi
2091 3967 2371 4030 dicuntur,
2423 3977 2573 4018 secus
2620 3964 2680 4016 in
2718 3962 2974 4016 Diederici
3029 3965 3368 4027 narratione,
3421 3968 3540 4017 tum

202 4053 616 4120 miraculorum,
672 4069 793 4123 qua:
841 4054 1142 4110 Diederieus
1193 4059 1592 4109 commemorat.
1640 4057 1702 4107 Et
1755 4060 1819 4108 ut
1916 4059 2046 4128 quia
2072 4056 2426 4110 Floriacenses
2473 4061 2592 4110 tum
2617 4056 2994 4122 confugerant,
3043 4070 3155 4110 non
3202 4043 3537 4122 Aurelianbs,

204 4149 300 4204 illa
321 4149 500 4223 videre
517 4150 818 4219 nequiverit
837 4148 1195 4214 Adrevaldus,
1222 4151 1410 4216 forsan
1428 4155 1677 4206 mortuus
1701 4155 1832 4204 ante
1927 4164 2047 4219 quae
2073 4147 2200 4202 urbs
2229 4152 2348 4202 tum
2381 4152 2542 4215 capta
2571 4147 2740 4213 fuisse
2791 4146 3004 4200 videtur
3031 4159 3099 4199 ex
3146 4145 3403 4207 Adelerio,
3452 4142 3544 4198 sed

206 4239 260 4294 id
287 4245 514 4309 tempus,
541 4254 644 4310 quo
671 4240 784 4295 hate
801 4245 950 4309 gesta
976 4245 1136 4303 sunt;
1167 4253 1232 4294 ea
1257 4241 1610 4296 nihilominus
1639 4243 1830 4297 vidisse
1926 4242 1995 4298 ad
2050 4241 2321 4314 praede
2380 4238 2802 4294 Matriniacensc
2847 4241 2975 4307 pagi
3030 4239 3392 4299 Il’ustinensis,
3439 4250 3544 4305 quo

205 4336 380 4405 potuit
405 4335 709 4402 Adelerius,
736 4335 917 4405 utpote
941 4336 1036 4404 qui
1052 4335 1255 4402 referat
1281 4350 1619 4404 congressum
1649 4341 1824 4406 [Iugo-

1924 4350 2107 4392 secum
2135 4331 2378 4404 pretiosa
2429 4345 2664 4402 quaeque
2693 4334 3177 4399 comportaverant,
3231 4343 3298 4384 ac
3322 4327 3546 4396 proinde

206 4428 292 4481 nis
319 4425 530 4480 abbatis
583 4431 636 4481 et
679 4425 916 4482 Girboldi
947 4425 1418 4481 Antissiodorensis
1446 4429 1655 4482 comitis
1693 4444 1822 4484 cum
1847 4412 2110 4499 Dcorpus
2157 4427 2214 4483 S.
2273 4425 2561 4481 Benedicti.
2618 4423 2762 4487 Quod
2814 4425 2914 4479 etsi
2961 4423 3254 4492 aliquando
3303 4423 3545 4492 perfugii

209 4520 590 4576 Northmannis
629 4519 693 4574 ob
747 4520 958 4588 factam
1012 4518 1359 4574 Flariacensis
1401 4523 1719 4576 monasterii
1743 4523 1825 4576 di-

207 4613 523 4681 reptionem,
563 4613 658 4680 qui
685 4609 979 4666 Girboldus
1029 4625 1141 4666 non
1187 4611 1330 4666 alius
1381 4613 1549 4677 fuisse
1593 4612 1824 4680 videtur,

207 4717 373 4770 quam
411 4699 671 4756 Gislolfus
707 4715 898 4767 comes,
942 4703 1098 4756 istius
1143 4703 1464 4757 monasterii
1515 4703 1824 4772 advocatus,

209 4792 269 4844 in
296 4789 551 4846 Diederici
576 4791 894 4844 narratione
916 4795 1267 4855 memoratus,
1298 4791 1393 4859 qui
1412 4791 1631 4845 hortatu
1650 4794 1829 4846 sancti

211 4882 479 4938 Benedicti
508 4883 568 4936 in
593 4883 796 4937 somnis
823 4884 1136 4952 apparentis
1181 4882 1584 4937 Northmannos
1615 4885 1824 4938 insecu-

210 4980 294 5030 tus
341 4976 432 5042 sit,
484 4975 797 5044 viceritque.
857 4979 993 5028 Nam
1020 4973 1206 5029 eadem
1251 4973 1398 5042 apud
1443 4973 1748 5029 Adelerium
1774 4980 1826 5029 et

212 5064 538 5120 Diedericnm
607 5063 912 5132 singulares
969 5069 1130 5125 notae.
1167 5065 1346 5119 visum
1395 5065 1598 5120 scilicet
1644 5067 1830 5120 comiti

203 5158 480 5226 pugnanti
496 5161 752 5212 sanctum
769 5157 1114 5212 Benedictum
1132 5159 1427 5214 monastico
1452 5158 1643 5212 habitu
1667 5158 1825 5212 indu-

1925 4539 2092 4579 causa
2129 4521 2370 4576 delatum
2405 4519 2477 4572 sit
2520 4517 2856 4582 Aurelianos,
2899 4531 3009 4570 non
3037 4522 3220 4570 tamen
3251 4517 3544 4584 repositum

1925 4619 2138 4674 videtur
2159 4618 2220 4670 in
2247 4614 2465 4668 ecclesia
2493 4615 2543 4666 S.
2597 4613 2862 4677 Anniani,
2895 4617 2955 4664 ut
2985 4609 3169 4664 scribit
3218 4610 3540 4674 Dierlerieus,

1926 4720 2044 4776 qua:
2071 4711 2202 4758 tunc
2221 4709 2379 4757 ertra
2413 4715 2596 4755 muros
2623 4705 2779 4764 erat;
2805 4700 2895 4753 sed
2923 4701 3100 4768 potius
3129 4700 3189 4752 in
3208 4698 3434 4752 aedicula
3453 4711 3544 4751 sa-

1926 4816 2041 4867 cra,
2081 4814 2249 4868 quam
2277 4797 2426 4852 Medo
2454 4795 2618 4850 abbas
2672 4797 2730 4848 in
2775 4795 2956 4848 sancti
3002 4793 3266 4848 Benedicti
3293 4795 3544 4848 honorem

1927 4895 2327 4956 construxerat,
2361 4894 2420 4943 ut
2449 4889 2658 4942 dictum
2686 4893 2783 4942 est.
2819 4892 2953 4941 Nam
2996 4900 3054 4940 eo
3101 4891 3218 4940 tum
3259 4887 3548 4956 confugere

1925 4981 2069 5038 soliti
2091 4985 2250 5035 erant
2288 4978 2662 5042 Floriawnses,
2714 4981 2844 5030 teste
2867 4974 3158 5031 Adrevaldo
3210 4976 3271 5030 in
3297 4973 3432 5028 libro
3479 4975 3548 5025 De

1925 5073 2207 5128 miraculis
2229 5070 2590 5137 S.Benedicii,
2618 5083 2739 5138 cap.
2769 5065 2862 5124 21.

1997 5162 2052 5217 1-1
2115 5162 2348 5229 Denique
2377 5164 2436 5214 ut
2485 5173 2545 5215 eo
2596 5165 2827 5228 tempore
2855 5159 3186 5216 Flortacense
3237 5151 3544 5210 ctenobium

209 5250 347 5314 tum,
392 5247 488 5316 qui
535 5247 848 5301 dimicantis
886 5259 1088 5316 equum
1113 5261 1286 5301 manu
1328 5246 1568 5312 duxerit,
1609 5246 1825 5318 aliaque
1922 5251 2238 5308 violaverint
2265 5249 2638 5314 Northmanni,
2669 5253 2891 5302 tantum
2915 5246 3060 5302 abest
3089 5248 3153 5300 ut
3191 5240 3329 5296 Bello
3360 5252 3546 5294 eorum

207 5355 380 5395 mnu
415 5341 678 5410 plurimos
700 5340 935 5396 hostium
956 5340 1222 5396 acciderit.
1920 5342 2036 5397 dua:
2077 5345 2194 5410 post
2218 5343 2492 5393 vastatam
2533 5338 2687 5406 longe
2725 5337 3099 5406 Burgundiam
3152 5331 3546 5385 monasterium

281 5428 335 5482 8.
369 5435 482 5486 Non
509 5429 752 5484 multum
785 5430 1060 5485 dissimilis
1109 5431 1422 5500 argumenti
1447 5431 1690 5500 estquod
1718 5446 1820 5486 ur-
1925 5429 1980 5485 S.
2013 5427 2296 5484 Benedicti
2325 5424 2706 5480 contaminare
2731 5422 2992 5488 noluerit,
3016 5434 3121 5476 nec
3138 5417 3373 5491 praedari
3396 5417 3543 5474 illam

207 5526 332 5591 gent
367 5534 438 5576 ex
463 5521 580 5590 ipsa
625 5519 884 5575 Diederici
927 5521 1237 5590 scriptione,
1277 5533 1398 5590 qua:
1425 5535 1554 5575 cum
1588 5524 1824 5578 auctoris
1925 5523 2288 5596 provinciam,
2357 5520 2688 5576 Floriacense
2756 5515 2998 5572 videlicet
3059 5514 3254 5582 solum,
3313 5518 3546 5585 propter

208 5615 278 5670 sit
312 5613 631 5684 posterioris,
687 5617 738 5667 et
786 5611 1045 5684 pleraque
1095 5612 1242 5680 falsa
1286 5613 1565 5670 contineat
1615 5611 1821 5684 (qualia
1923 5615 2176 5668 sanctum
2223 5608 2581 5668 Benedictum
2647 5603 2981 5678 permiserit,
3027 5609 3091 5660 ut
3133 5603 3282 5660 Dudo
3321 5602 3541 5670 Quinti-
