3932 6040
326 179 470 237 1183
1349 176 1633 235 RADULFI
1671 175 1955 235 TORTARI

2058 175 2315 237 [ONACHI
2352 176 2648 236 FLORIAC.
3522 183 3549 239 1
3566 184 3602 238 1
3613 184 3700 241 84

324 306 527 359 nianus
552 305 787 360 decanus
820 305 1007 361 scribit
1034 308 1095 361 in
1125 305 1220 360 lib.
1250 321 1310 370 ιι,
1342 307 1434 361 cui
1473 304 1809 360 Wuillelmus
1845 307 1946 360 Ge-
1971 304 2026 375 Α
2047 303 2178 358 dicit
2206 302 2480 359 Adelerius
2524 318 2712 375 corpus
2739 306 2920 360 sancti
2965 305 3235 360 Benedicti
3269 307 3706 362 Matriniacmn

321 396 624 451 meticensis
662 397 959 451 monachus
1002 397 1219 450 totidem
1262 395 1433 450 verbis
1494 396 1835 465 suffragatur
1886 395 1949 449 in
2052 394 2313 461 delatum,
2366 399 2466 450 aut
2502 394 2922 450 Aurelianorum
2969 394 3160 449 urbem
3213 410 3245 449 a
3275 397 3706 452 Northmarsnis

325 480 419 542 lib.
452 503 516 554 ιι,
546 504 665 558 cap.
711 487 797 545 M.
853 492 917 543 Et
955 490 1069 545 haec
1117 494 1251 544 sunt
1270 503 1555 559 prceczpua
1603 502 1725 558 quae
1758 492 1950 544 contra
2052 492 2170 542 tum
2198 493 2417 557 captam
2455 489 2642 556 fuisse,
2680 487 2771 543 sed
2800 492 3019 543 tantum
3048 487 3287 560 pretiosa
3323 503 3571 561 quaeque
3612 488 3702 542 ad

322 576 581 633 Diederici
602 580 907 649 scriptionis
933 581 1314 635 auctoritatem
1343 580 1532 649 afferri
1576 583 1805 648 possunt
1825 593 1943 634 mo-
2047 576 2312 648 praedium
2360 576 2779 632 Matriniacense
2822 578 3037 633 devecta
3074 584 3127 633 et
3162 579 3573 633 Northmannos
3620 583 3699 633 in

323 674 528 737 menta,
559 685 696 740 quae,
724 674 824 727 etsi
848 687 959 727 non
979 672 1119 728 levia
1145 686 1255 728 esse
1283 672 1658 738 concedamus,
1684 686 1797 727 non
1824 675 1942 742 ejus
2042 686 2164 728 eam
2202 672 2389 728 urbem
2424 672 2706 729 devenisse.
2749 673 2860 728 Ima
2888 675 3055 728 etiam
3097 675 3148 728 si
3183 673 3318 729 illud
3364 679 3702 743 utrumque

327 765 512 815 tamen
555 766 688 816 sunt
735 762 935 817 roboris
985 767 1049 817 ut
1113 765 1502 818 incunctanter
1560 760 1943 817 commentitia
2039 768 2256 837 diceret,
2283 783 2395 824 non
2425 774 2609 823 tamen
2642 768 2922 837 impediret
2947 768 3235 836 quominus
3258 766 3502 838 reliquid:
3533 781 3701 822 sau-

324 851 529 905 censeri
550 851 777 907 debeant
803 866 868 908 ea
895 869 1016 923 qua:
1041 853 1104 909 ob
1134 856 1245 924 ipso
1272 854 1608 921 referuntur.
2040 862 2139 913 σιω
2169 860 2488 914 Matriniaco
2511 860 2572 912 in
2594 857 2785 912 urbem
2834 858 3255 913 Aurelianorum
3301 858 3547 925 fuissent
3573 856 3701 911 ad-

397 938 483 993 12.
529 943 711 997 Primo
775 945 923 998 enim
972 945 1232 1000 Diederici
1279 959 1430 1000 error
1483 948 1545 999 in
1608 944 1942 1014 assignandu
2040 955 2220 1017 vectcc,
2274 949 2438 1005 donec
2471 950 2807 1005 Floriacense
2842 948 3139 1005 camabium
3188 948 3545 1018 aliquatenus
3587 950 3701 1003 in-

327 1043 514 1097 causa,
566 1045 682 1100 quos
739 1032 968 1088 Floriaci
1017 1034 1435 1104 appellationem
1496 1034 1767 1101 indiderit,
1844 1038 1943 1088 aut
2041 1045 2408 1096 stauraretur.

326 1121 514 1177 nullus
541 1128 638 1191 est,
669 1130 769 1179 aut
798 1132 938 1181 certe
964 1127 1222 1182 levissimi
1260 1130 1536 1183 momenti.
1586 1132 1721 1182 Nam
1768 1131 1821 1181 et
1848 1127 1944 1180 Αἰ-
2117 1129 2204 1184 li.
2238 1134 2321 1184 Ex
2348 1131 2428 1185 his
2462 1145 2619 1201 porro
2662 1132 2825 1198 facile
2852 1131 3203 1199 intelligimus
3233 1144 3334 1186 cur
3358 1130 3527 1197 Rollo,
3560 1145 3689 1184 va-

332 1217 541 1271 moinus
579 1220 641 1272 in
664 1220 852 1274 eadem
872 1222 1079 1276 versari
1095 1221 1610 1283 videtursententia,
1638 1225 1691 1274 et
1717 1221 1946 1288 scripto—
2043 1231 2191 1281 stam
2239 1226 2363 1281 dein
2409 1226 2749 1295 Burgundia,
2788 1229 3115 1282 monasterio
3166 1231 3218 1281 et
3274 1240 3405 1295 agro
3459 1226 3693 1280 Floria-

326 1307 475 1363 ribus
502 1309 780 1376 familiare
806 1316 884 1365 est
910 1311 1202 1380 aliquando
1230 1312 1359 1365 data
1380 1312 1655 1366 occasione
1678 1309 1861 1364 ludere
1887 1310 1948 1363 in
2046 1318 2191 1371 censi
2220 1318 2509 1385 temperari
2526 1318 2754 1385 jusserit
2779 1323 2994 1386 propter
3019 1321 3274 1371 sanctum
3293 1316 3687 1380 Benedictum,

326 1399 462 1454 serio
488 1404 828 1466 argumento.
864 1403 986 1455 Esto
1036 1414 1158 1455 vero
1207 1400 1506 1455 Diedericus
1536 1400 1709 1467 falsus
1761 1402 1832 1454 sit
1882 1400 1945 1452 in
2041 1421 2200 1477 quem
2232 1407 2297 1462 ob
2311 1407 2582 1461 miracula
2606 1408 2668 1460 in
2690 1406 2927 1463 Girboldi
2955 1408 3200 1471 victoria,
3227 1410 3279 1459 et
3315 1407 3375 1459 in
3400 1406 3523 1473 ejus
3554 1418 3692 1460 cor-

328 1489 654 1558 designando
711 1496 961 1560 tempore,
1000 1505 1104 1560 quo
1146 1491 1567 1546 Carolomannus
1623 1492 1684 1545 in
1711 1490 1945 1546 Galliam

2058 1501 2182 1554 noris
2209 1499 2469 1554 relatione
2487 1504 2712 1568 patrata
2736 1501 2998 1553 reveritus
3033 1504 3130 1553 est.
3163 1502 3248 1551 En
3275 1497 3418 1552 locus
3460 1499 3692 1566 integer

330 1580 569 1647 accessit,
617 1585 676 1634 at
714 1580 769 1634 id
803 1594 917 1634 non
960 1580 1199 1650 impedit,
1229 1596 1330 1651 quo
1364 1583 1548 1635 minus
1576 1582 1636 1635 ἱη
1662 1582 1780 1650 ipsa
1803 1595 1936 1634 ηαν-
1966 1626 2016 1694 B
2038 1590 2271 1644 Dudonis
2306 1590 2864 1653 decaniQuintiniani
2886 1604 2953 1645 ex
2979 1590 3115 1645 libro
3140 1590 3391 1655 secundo,
3428 1593 3484 1643 et
3521 1588 3685 1645 Wil-

329 1675 560 1728 rationis
585 1674 893 1729 substantia
914 1677 1197 1730 veritatem
1234 1681 1510 1732 assecutus
1548 1678 1639 1732 sit.
1670 1679 1819 1732 Certe
1842 1690 1937 1730 va-

332 1768 540 1821 riorum
551 1768 874 1836 scriptorum
899 1771 995 1838 qui
1019 1771 1198 1824 sancti
1227 1770 1497 1825 Benedicti
1521 1769 1792 1825 miracula
1821 1783 1943 1824 con-

330 1865 609 1929 sequenter
642 1863 864 1930 posteris
913 1863 1274 1930 mandarunt,
1303 1863 1581 1918 silentium
1606 1878 1719 1918 non
1746 1865 1826 1917 ita
1847 1861 1941 1916 de-

333 1955 623 2008 cretorium
664 1959 743 2008 est
772 1960 834 2008 ut
871 1969 939 2009 ea:
963 1970 1019 2011 eo
1056 1970 1225 2010 causa
1267 1970 1371 2010 sua
1413 1956 1715 2010 Diedericus
1756 1953 1946 2010 cadere

332 2045 689 2101 debeat.Nam
708 2053 1069 2117 praeterquam
1108 2048 1247 2118 quod
1275 2048 1343 2103 ab
1370 2048 1548 2118 aliquo
1584 2048 1692 2103 alio
1727 2052 1946 2103 auctore

334 2141 577 2209 antiquo,
625 2143 721 2210 qui
757 2142 1036 2209 exciderit,
1074 2146 1278 2214 scripta
1329 2145 1519 2211 forsan
1556 2148 1632 2197 est
1686 2142 1946 2197 illalionis

335 2230 579 2298 historia,
605 2232 702 2287 hoc
724 2232 794 2286 ad
809 2247 927 2288 rem
954 2240 1198 2289 nostram
1214 2236 1455 2289 maxime
1471 2235 1628 2302 facit,
1671 2232 1810 2303 quod
1849 2246 1946 2287 ne-

335 2335 437 2388 que
458 2323 645 2376 omnia
679 2324 860 2378 sancti
886 2324 1157 2379 Benedicti
1172 2325 1444 2379 miracula
1468 2340 1588 2394 qua:
1608 2339 1704 2394 per
1723 2323 1778 2377 id
1806 2328 1944 2377 tem-

329 2424 433 2479 pus
460 2411 793 2479 acciderunt,
813 2416 1015 2483 scripta
1042 2429 1170 2481 esse,
1199 2429 1371 2484 neque
1395 2417 1704 2470 Aimoinum
1733 2427 1797 2468 ea
1827 2426 1948 2481 qua:

336 2499 401 2557 de
427 2502 554 2570 ipsis
580 2503 640 2555 in
668 2502 874 2558 litteras
899 2505 1074 2559 relata
1109 2509 1262 2570 sunt,
1299 2506 1484 2560 omnia
1522 2504 1704 2571 legisse
1738 2506 1949 2557 constat

334 2605 403 2647 ea:
429 2592 555 2647 libri
583 2608 641 2648 ιιι
667 2594 732 2648 de
755 2597 868 2650 Vita
894 2599 1075 2651 sancti
1100 2597 1310 2664 Odonis,
1341 2613 1460 2667 cap.
1520 2594 1608 2664 l5,
1656 2595 1752 2651 ubi
1779 2598 1949 2650 Joan-

337 2694 432 2735 nes
466 2685 761 2740 monachus
782 2692 1160 2742 commemorat
1185 2688 1451 2758 quoddam
1472 2689 1652 2743 sancti
1679 2686 1950 2742 Benedicti

336 2773 666 2832 miraculum
717 2777 785 2832 ab
831 2780 954 2835 aliis
1001 2782 1349 2851 scriptoribus
1405 2783 1661 2837 omissum
1715 2779 1954 2851 (tametsi

338 2864 545 2934 aliquid
588 2867 764 2921 simile
806 2868 1053 2935 referunt
1101 2871 1428 2925 Adrevaldus
1481 2872 1543 2924 in
1595 2885 1715 2939 cap.
1771 2866 1869 2935 22,
1899 2871 1952 2922 et

2039 1679 2185 1734 lelmi
2231 1680 2601 1734 Gemeticensis
2632 1679 2846 1734 totidem
2890 1678 3062 1733 verbis
3100 1678 3156 1733 id
3183 1678 3467 1734 tradentis.
3508 1676 3685 1732 Rollo

2041 1777 2243 1844 putans
2257 1787 2340 1841 se,
2371 1778 2600 1843 propter
2623 1770 2976 1827 securitatem
2995 1785 3158 1843 quam
3178 1768 3353 1837 dedit,
3382 1785 3413 1824 a
3440 1768 3685 1825 Francis

2040 1863 2205 1919 vilem
2235 1863 2585 1927 aestimatum,
2618 1861 2874 1918 ferociter
2900 1868 2957 1918 et
2992 1861 3295 1918 crudeliter
3322 1861 3680 1917 devastando

2044 1956 2358 2028 provincias
2382 1958 2551 2029 coepit
2577 1956 2783 2013 laniare
2806 1963 2861 2013 et
2877 1956 3128 2033 afﬂigere
3157 1964 3323 2030 atque
3345 1955 3534 2012 delere
3564 1971 3679 2029 po-

2008 2104 2028 2115 ,
2046 2048 2258 2121 pulum.
2289 2048 2384 2105 Sui
2413 2055 2595 2106 autem
2626 2049 2682 2104 in
2705 2050 3079 2123 Burgundiam
3110 2057 3426 2126 pergentes,
3450 2064 3681 2121 perque

2043 2139 2239 2195 Jonam
2291 2138 2349 2194 in
2378 2138 2639 2213 Sigonam
2678 2139 3024 2214 navigantes,
3083 2146 3368 2212 terrasque
3399 2138 3680 2194 amnibus

2045 2229 2243 2287 afﬁnes
2272 2245 2447 2303 usque
2487 2229 2699 2287 Clarum
2751 2230 2989 2287 Montem
3019 2230 3269 2304 undique
3301 2246 3464 2287 secus
3504 2231 3681 2286 deva-

2044 2326 2273 2387 stantes,
2315 2320 2553 2376 Senonis
2589 2320 2928 2393 provinciam
2963 2321 3304 2387 invaserunt,
3343 2327 3509 2392 atque
3536 2336 3680 2376 cun-

2046 2417 2134 2466 cta
2175 2409 2578 2482 depopulantes
2628 2410 2698 2466 ad
2749 2417 3004 2467 sanctum
3060 2409 3420 2466 Benedictum
3468 2418 3681 2465 contra

2050 2498 2339 2557 Rollonem
2363 2507 2711 2557 reveneruut.
2747 2502 2956 2558 Videns
2977 2506 3160 2557 autem
3192 2500 3351 2556 Rollo
3390 2508 3680 2556 monaste-

2047 2592 2189 2648 rium
2216 2592 2404 2649 Sancti
2435 2593 2740 2662 Benedicti,
2772 2593 2907 2649 illud
2931 2592 3307 2651 contaminare
3337 2593 3536 2661 noluit,
3565 2608 3681 2648 nec

2050 2682 2283 2754 praedari
2312 2680 2463 2738 illam
2494 2682 2833 2755 provinciam
2877 2690 3104 2755 propter
3132 2689 3385 2749 sanctum
3419 2681 3673 2738 Benedi-

2050 2781 2197 2830 ctum
2246 2774 2515 2846 permisit.
2555 2778 2822 2832 Nimirum
2871 2779 3056 2832 animo
3096 2778 3288 2844 ferocis
3316 2777 3550 2832 hominis
3579 2778 3676 2830 in-

2042 2870 2189 2937 jecta
2214 2882 2326 2923 non
2352 2869 2545 2935 fuisset
2588 2868 2792 2937 religio,
2839 2870 2950 2923 nisi
2982 2882 3051 2923 ea:
3098 2867 3364 2923 similibus
3388 2868 3671 2938 prodigiis,

340 2958 657 3026 Adelerius,)
685 2965 737 3013 et
762 2934 964 3015 librum
989 2960 1065 3017 De
1094 2961 1344 3017 Adventu
1375 2960 1621 3033 corporis
1650 2934 1827 3017 sancti
1852 2934 1955 3015 rBe-
1980 2934 2168 3028 cquae
2207 2934 2504 3015 Diedericus
2540 2934 2728 3027 refert,
2776 2934 2838 3016 et
2878 2959 2941 3016 ob
2977 2960 3222 3016 eamdem
3264 2934 3406 3027 forte
3442 2934 3675 3015 causam

342 3048 571 3114 nedicti,
593 3066 752 3119 quem
772 3060 994 3108 sanctus
1022 3054 1125 3109 Odo
1154 3057 1212 3109 in
1231 3055 1612 3110 Aurelianensi
1631 3057 1954 3110 monasterio

341 3137 675 3209 descripsisse
700 3141 899 3209 fertur,
956 3142 1024 3196 ab
1052 3145 1297 3200 Aimoino
1343 3146 1676 3212 ignoratum.
1713 3143 1794 3197 Ad
1841 3143 1955 3196 haec

343 3230 636 3287 Aimoinus
669 3235 779 3302 ipse
820 3235 1030 3301 fatetur
1082 3238 1144 3290 in
1180 3235 1313 3291 libro
1329 3238 1503 3306 primo
1534 3240 1605 3291 De
1646 3235 1947 3301 miraculis,

342 3334 462 3389 cap.
492 3320 552 3388 Δ,
589 3324 861 3379 miracula
899 3340 1020 3394 quae
1062 3326 1251 3381 Odonis
1297 3326 1506 3381 abbatis
1544 3332 1775 3396 tempore
1803 3330 1952 3394 gesta

341 3418 491 3480 sunt,
524 3412 803 3489 incognita
845 3432 1068 3472 manere
1119 3417 1313 3488 partim
1366 3417 1713 3490 antiquitate,
1751 3416 1950 3488 partim

344 3505 672 3576 scriptorum
700 3509 1038 3583 negligentia
1061 3510 1328 3568 oblivioni
1363 3512 1579 3579 tradita,
1605 3516 1808 3582 quanto
1831 3526 1955 3565 ma-

345 3600 425 3668 gis
447 3614 510 3654 ea
533 3617 653 3671 qua:
675 3618 773 3674 per
801 3605 1292 3661 turbulentissimas
1312 3607 1433 3661 illas
1457 3608 1954 3662 Northmannorum

349 3692 682 3759 tempestates
718 3693 869 3760 facta
896 3699 1047 3762 sunt,
1086 3697 1201 3765 ejus
1256 3697 1511 3751 notitiam
1536 3696 1726 3764 fugere
1756 3699 1952 3765 potue-

349 3783 522 3837 runt?

420 3874 508 3932 13.
543 3877 715 3933 Paulo
751 3881 936 3936 minus
963 3882 1126 3949 facile
1166 3886 1243 3936 est
1294 3882 1492 3936 solvere
1518 3880 1656 3951 quod
1703 3879 1959 3949 objicitur

348 3964 413 4018 de
440 3970 672 4035 tempore
695 3983 799 4035 quo
825 3970 938 4024 haec
964 3970 1223 4025 illationis
1258 3971 1481 4026 historia
1510 3986 1546 4025 a
1581 3971 1845 4026 Diederico
1871 3983 1958 4024 re—

350 4053 466 4107 lata
506 4056 759 4109 accidisse
802 4057 999 4123 fertur.
1049 4063 1186 4112 Nam
1243 4060 1397 4113 aliud
1440 4061 1667 4127 fortasse
1722 4060 1960 4115 Floriaco

352 4149 665 4204 incendium
689 4165 783 4220 per
808 4153 1202 4209 Northmannos
1229 4155 1448 4209 illatum
1484 4160 1562 4209 est
1601 4161 1803 4225 praeter
1825 4155 1962 4210 illud

350 4240 419 4294 ab
446 4241 739 4299 Adrevaldo
759 4244 986 4314 aliisque
1020 4252 1516 4315 commemoratum,
1566 4247 1704 4318 quod
1726 4249 1962 4304 illationi

351 4337 534 4403 aptari
561 4338 768 4405 nequit.
798 4306 947 4393 Certe
969 4339 1226 4394 Diederici
1245 4306 1526 4396 sententiae
1552 4306 1793 4396 maxime
1810 4343 1959 4409 favet
1976 4306 2035 4376 Β

352 4423 622 4480 Adelerius
650 4428 711 4480 in
734 4440 794 4482 eo
819 4427 1229 4497 quodmagnam
1248 4432 1365 4500 ejus
1392 4431 1727 4485 narrationis
1750 4437 1964 4500 partem

352 4525 733 4574 commemorat
784 4520 1120 4577 describendo
1165 4524 1520 4592 irruptionem
1567 4525 1958 4580 Northmanno-

352 4624 482 4663 rum
525 4610 849 4679 Floriacum,
926 4618 975 4667 et
1032 4614 1264 4670 Cirboldi
1308 4617 1592 4670 victoriam
1641 4620 1831 4671 contra
1876 4628 1960 4671 eos

352 4696 487 4754 duce
510 4704 699 4755 sancto
727 4700 1005 4757 Benedicto
1044 4709 1376 4773 reportatum
1401 4704 1502 4759 sub
1539 4720 1705 4773 regno
1749 4705 1961 4761 Carolo-

352 4793 566 4847 manni.
585 4798 758 4863 Neque
773 4795 945 4850 obstat
959 4799 1097 4866 quod
1117 4799 1390 4854 Adelerius
1414 4801 1633 4855 reticuit
1650 4801 1959 4856 incendium

353 4885 594 4954 camobii,
623 4893 677 4942 et
694 4888 891 4943 aedem
906 4890 1266 4958 quorumdam
1290 4891 1698 4959 monachorum,
1723 4893 1965 4963 nihilque

352 4975 418 5031 de
443 4977 704 5046 illatione,
744 4994 909 5049 quam
941 4987 1125 5051 postea
1152 4982 1361 5049 factam
1397 4983 1478 5036 ait
1525 4982 1845 5049 Diedericus,
1878 4983 1965 5037 lit-

356 5069 482 5122 teris
517 5070 871 5138 consignavit.
924 5072 1127 5125 Desinit
1158 5071 1421 5143 siquidem
1463 5070 1694 5127 Adelerii
1744 5072 1878 5128 liber
1904 5075 1967 5127 in

356 5164 589 5232 Hugonzs
616 5169 669 5219 et
712 5163 950 5221 Griboldi
988 5168 1215 5221 victoria
1258 5167 1323 5222 de
1370 5168 1773 5235 Northmannis,
1819 5173 1965 5239 post-

354 5266 522 5319 quam
564 5255 715 5322 facta
760 5260 839 5310 est
877 5255 1069 5311 relatio
1107 5258 1337 5326 corporis
1398 5259 1451 5310 S.
1498 5256 1804 5321 Benedicti;
1862 5270 1964 5326 quo

359 5350 592 5415 tempore
605 5348 878 5404 Adelerius
903 5348 1188 5417 scribendi,
1216 5365 1282 5405 ac
1307 5350 1535 5417 fortasse
1550 5340 1772 5404 vivendi
1797 5351 1965 5416 ﬁnem

346 5440 472 5505 jam
494 5441 715 5506 fecerat.
736 5441 933 5495 Deinde
948 5447 1074 5510 quot
1098 5441 1401 5511 singulares
1435 5442 1697 5512 ejusmodi
1723 5446 1964 5497 circum-

354 5529 588 5581 stantias
612 5531 673 5583 in
702 5530 918 5597 prolixa
941 5533 1261 5586 narratione
1296 5531 1539 5586 videmus
1567 5534 1627 5585 in
1661 5532 1771 5586 dies
1793 5533 1970 5586 omitti

357 5623 393 5661 a
416 5613 692 5668 nonnullis
717 5617 999 5684 historicis,
1021 5632 1140 5685 quae
1167 5617 1237 5673 ab
1260 5618 1383 5675 aliis
1404 5620 1725 5685 referuntur
1746 5619 1773 5673 ?
1797 5625 1970 5689 Neque

2055 3052 2401 3107 Theodericus
2444 3067 2614 3108 comes
2677 3054 3046 3108 Patriciacum
3084 3053 3413 3108 monasterio
3463 3053 3674 3107 Floria-

2049 3147 2197 3199 censi
2220 3159 2254 3198 a
2282 3158 2339 3199 se
2367 3144 2705 3201 abstractum
2722 3147 2964 3201 restituit
2981 3160 3108 3201 cum
3132 3160 3331 3214 magno
3356 3146 3672 3215 ptrnitentis

2049 3238 2224 3291 animi
2271 3237 2489 3305 indicio,
2538 3244 2603 3292 ut
2639 3238 2837 3305 legitur
2870 3240 2932 3293 in
2968 3241 3331 3293 instrumento
3387 3237 3675 3292 undecimo

2048 3328 2320 3383 Chartarii
2342 3329 2775 3395 Patriciacensis,
2814 3328 2940 3383 dato
2968 3341 3161 3381 mense
3197 3324 3369 3396 Aprili
3399 3339 3545 3379 anno
3566 3323 3674 3378 de—

2050 3418 2351 3475 functionis
2410 3417 2756 3474 Carlomanni
2803 3418 2969 3493 regis,
3032 3416 3434 3473 lncarnationis
3478 3415 3667 3472 Domi-

2055 3506 2194 3563 nicaa
2224 3521 2371 3563 anno
2390 3506 2516 3563 885.
2547 3513 2684 3564 Nam
2706 3521 2765 3564 eo
2790 3521 2940 3564 anno
2964 3507 3217 3563 currebat
3246 3520 3431 3562 annus
3454 3507 3669 3576 primus

2053 3616 2089 3655 a
2124 3605 2294 3656 morte
2323 3601 2723 3668 Carolomanni,
2771 3603 2867 3671 qui
2902 3614 3051 3656 anno
3106 3600 3303 3655 Christi
3332 3598 3666 3669 prwcedente

2054 3693 2276 3748 obierat.
2326 3697 2398 3748 Eo
2455 3695 2566 3763 ipso
2620 3707 2768 3749 anno
2828 3693 3075 3748 inducias
3130 3696 3321 3761 pactus
3367 3697 3488 3747 erat
3543 3706 3667 3746 cum

2057 3787 2457 3848 Northmannis,
2511 3792 2574 3841 ut
2610 3787 2836 3856 legimus
2880 3788 2942 3841 in
2976 3783 3282 3840 Annalibus
3307 3787 3666 3853 Bertinianis;

2056 3892 2247 3948 nempe
2261 3883 2378 3947 post
2402 3881 2804 3948 impressionem
2831 3878 2901 3932 ab
2928 3880 3004 3934 eis
3030 3879 3261 3947 factam,
3298 3892 3466 3948 quam
3500 3877 3654 3932 Adele

2056 3970 2172 4023 rius
2199 3967 2467 4022 describit.
2501 3969 2734 4037 Denique
2752 3980 2898 4021 anno
2924 3965 3037 4022 885
3062 3968 3335 4024 Adventus
3361 3968 3537 4036 prima
3562 3966 3669 4021 dies

2058 4056 2327 4113 incidebat
2354 4058 2416 4111 in
2451 4057 2712 4112 Kalendas
2748 4055 3084 4123 Decembris;
3124 4072 3242 4127 qua
3294 4058 3480 4112 omnia
3529 4061 3666 4111 recte

2056 4165 2184 4209 eum
2208 4153 2462 4207 Diederici
2488 4154 2807 4208 narratione
2832 4154 3179 4208 conveniunt.

2129 4244 2220 4300 15.
2248 4248 2332 4299 Ex
2348 4243 2541 4314 quibus
2568 4250 2718 4314 patet
2739 4244 2997 4300 Diederici
3013 4246 3360 4311 sententiam,
3390 4242 3665 4299 scribentis

2058 4335 2358 4389 illationem
2381 4339 2645 4403 regnante
2662 4334 3052 4390 Carolomanno
3074 4333 3349 4401 accidisse,
3378 4334 3663 4403 praferen-

2059 4425 2190 4479 dam
2227 4438 2336 4479 esse
2376 4426 2694 4479 auctoritati
2720 4426 2981 4493 anonymi
3013 4423 3403 4492 chronographi
3428 4436 3547 4476 eam
3580 4436 3667 4476 re-

2059 4514 2299 4569 vocantis
2336 4512 2408 4568 ad
2470 4518 2675 4582 tempus
2727 4514 2904 4567 Caroli
2951 4511 3215 4581 Simplicis
3274 4514 3389 4581 ejus
3438 4512 3626 4578 fratris
3646 4555 3663 4578 ,

2057 4620 2247 4676 nempe
2268 4605 2340 4660 ad
2353 4620 2567 4660 annum
2589 4607 2804 4660 circiter
2830 4604 3461 4674 undenougentesimum,
3506 4604 3665 4672 paulo

2053 4700 2173 4765 post
2202 4695 2525 4751 obsidionem
2550 4697 2959 4748 Carnutensem.
2996 4697 3063 4747 In
3081 4694 3183 4748 hac
3208 4697 3392 4747 autem
3416 4694 3668 4760 anonymi

2059 4787 2307 4855 opinione
2330 4784 2617 4839 dicendum
2642 4788 2773 4838 esset
2817 4783 3084 4838 Rationem
3119 4784 3428 4851 praecepisse
3454 4781 3660 4850 quidem

2060 4885 2174 4938 suis
2217 4888 2278 4936 ut
2314 4882 2636 4937 monasterio
2690 4883 2870 4936 sancti
2914 4879 3187 4936 Benedicti
3218 4884 3535 4948 parcerent;
3579 4879 3666 4933 sed

2064 4978 2247 5028 tamen
2283 4978 2475 5028 contra
2512 4975 2626 5041 ejus
2653 4972 2981 5027 mandatum
3023 4970 3369 5041 pabulatores
3397 4976 3450 5024 et
3486 4984 3666 5024 excur-

2060 5074 2201 5116 sores
2252 5059 2510 5129 quosdam
2537 5059 2672 5114 illud
2724 5059 3025 5130 diripuisse.
3076 5061 3143 5112 In
3196 5072 3261 5115 ea
3289 5059 3557 5114 sententia
3589 5063 3664 5127 (ut

2061 5170 2251 5211 verum
2269 5153 2469 5226 fatear)
2499 5155 2556 5210 id
2590 5155 2927 5211 commodum
2975 5156 3256 5209 invenitur
3276 5153 3415 5223 quod
3457 5153 3663 5209 Carolus

2060 5248 2299 5318 Simplex
2325 5262 2474 5303 anno
2525 5250 2925 5317 nongentesimo
2951 5253 3196 5302 versatus
3231 5251 3310 5300 est
3334 5246 3576 5312 Floriaci,
3603 5251 3659 5299 ut

2064 5345 2273 5396 constat
2319 5354 2388 5395 ea:
2434 5340 2723 5410 diplomate
2751 5341 3004 5395 Uticensis
3046 5339 3364 5393 nwnasterii
3399 5338 3659 5392 canonicis

2065 5434 2221 5503 (nam
2250 5434 2324 5490 ibi
2359 5442 2492 5491 tunc
2517 5437 2769 5491 canonici
2789 5432 3070 5505 degebant)
3097 5445 3338 5488 concesso
3358 5447 3457 5501 pro
3484 5431 3660 5496 conﬁr-

2067 5530 2306 5584 matione
2323 5529 2649 5597 pradiorum
2675 5542 2917 5583 suorum.
2936 5529 3021 5581 Sic
3042 5528 3192 5581 enim
3209 5525 3406 5580 desinit
3419 5524 3657 5594 diploma.

2068 5621 2258 5675 Datum
2299 5620 2479 5691 pridie
2533 5619 2647 5676 Kal.
2689 5619 2978 5688 Novemb.,
3019 5616 3214 5675 indict.
3259 5633 3340 5683 ιιι,
3383 5631 3528 5672 anno
3555 5632 3657 5684 vui,
