3932 6040
208 216 359 274 1185
1377 205 1715 266 MIRACULA
1755 205 1986 266 SANCTI
2023 207 2393 270 BENEDICTI.
3401 227 3540 287 “36

199 340 622 415 redintegrante
645 351 732 406 ιιι,
776 339 1048 412 regnante
1096 333 1302 392 domno
1332 332 1524 390 Carolo
1549 331 1828 408 gloriosis-
1853 345 1906 415 Α
1929 336 2276 393 Floriacensis
2308 335 2520 392 abbatis
2545 339 2799 396 exstincti
2839 354 2988 397 anno
3013 341 3296 400 millesimo
3323 353 3516 416 quarto

201 433 351 490 simo
403 403 560 506 rege.
619 403 812 486 Actum
842 403 1198 484 'monasterio
1257 426 1311 482 S.
1353 403 1668 498 Benedicti.
1715 425 1830 492 Quo
1853 403 1906 415 ﬂ
1930 432 1992 482 ut
2021 429 2080 482 in
2111 427 2204 483 lib.
2236 445 2296 497 ιι,
2324 443 2440 498 cap.
2478 428 2531 498 Ι,
2561 429 2775 499 legitur.
2809 433 3091 489 Aimoinus
3141 403 3387 491 habitum
3417 403 3538 494 mo:

201 525 362 582 modo
415 523 651 594 diploma
687 521 835 578 istud
871 521 1090 576 redierit
1140 521 1202 574 in
1247 533 1449 574 manus
1507 518 1830 574 Uticensium
1931 519 2155 576 nasticae
2178 519 2467 595 religionis
2511 526 2742 594 suscepit
2777 523 2847 579 ab
2891 526 3198 584 Amalberto
3233 527 3446 598 abbate,
3476 545 3544 586 ea:

205 615 622 682 monachorum,
655 611 822 668 obiter
857 610 1114 668 discimus
1143 623 1212 665 ea:
1249 609 1424 676 titulo,
1455 609 1550 678 qui
1571 607 1830 678 prta/imus
1931 612 2024 667 lib.
2059 629 2096 678 ι,
2135 629 2254 684 cap.
2289 613 2378 682 i8,
2406 615 2650 686 idemque
2671 618 2888 688 scripsit
2917 625 3154 689 quatuor
3179 620 3338 676 libros
3367 625 3544 678 [listo-

203 709 442 765 habetur
497 709 558 763 in
605 707 782 764 codice
817 721 920 762 ms.
965 705 1220 761 Formam
1271 701 1600 774 subscriptis
1649 700 1829 760 Caroli
1930 708 2027 760 rice
2062 709 2418 776 Francorum,
2443 709 2626 779 quales
2653 713 2716 766 in
2741 716 2878 769 tomo
2899 711 2971 766 Ill
2997 715 3210 770 Chesnii
3225 715 3356 770 editi
3377 722 3541 783 sunt;

204 800 360 875 regis
387 799 593 855 chartae
625 797 940 855 Rodbertus
989 796 1264 853 Uticensis
1300 793 1622 851 monasterii
1662 792 1835 850 abbas
1931 812 2060 868 quos
2109 803 2277 856 etiam
2314 801 2578 858 Gauzlino
2631 803 2817 859 abbati
2857 807 2981 874 jam
3031 806 3170 862 dicto
3227 807 3542 872 dedicavit;

206 890 521 947 Aurelianis
551 889 780 959 invenit,
811 896 868 946 et
896 888 1076 961 ipsius
1093 889 1254 958 jussu
1287 885 1609 944 Goscelinus
1637 901 1836 942 mona—
1931 890 2145 958 scripsit
2175 892 2343 946 etiam
2367 905 2556 960 poema
2583 892 2648 947 de
2673 894 3032 950 translatione
3064 901 3118 950 et
3157 909 3458 952 sermonem
3483 897 3548 952 de

205 979 351 1036 chus
377 978 616 1051 scriptor
651 979 912 1055 egregius
941 976 1198 1034 celeriter
1235 975 1598 1048 transcripsit,
1641 981 1716 1042 et,
1760 973 1831 1030 ad
1927 987 2114 1036 sancto
2151 983 2312 1038 Patre
2339 984 2635 1052 Benedicto,
2665 985 2868 1042 librum
2914 989 2990 1042 De
3036 987 3165 1042 Vita
3217 990 3398 1043 sancti
3442 989 3548 1044 Ab-
3595 993 3598 997 '

203 1069 462 1127 notitiam
489 1070 854 1126 intimandum
892 1076 1113 1142 quantae
1153 1067 1312 1124 famae
1355 1067 1551 1124 beatus
1577 1065 1833 1122 Ebrulfus
1930 1067 2080 1124 bonis
2121 1069 2360 1138 Abbatis,
2399 1077 2450 1127 et
2486 1073 2688 1128 librum
2714 1078 2786 1128 De
2807 1077 2966 1143 gestis
2995 1075 3255 1131 abbatum
3277 1083 3550 1134 monaste-

204 1163 358 1234 apud
389 1162 578 1219 Gallos
605 1163 915 1236 antiquitus
949 1164 1134 1232 fuerit,
1167 1161 1516 1220 Uticensibus
1544 1159 1833 1216 monachis
1929 1163 2004 1217 rii
2044 1165 2153 1230 sui,
2193 1165 2288 1232 qui
2323 1179 2434 1221 non
2477 1171 2674 1221 exstat.
2727 1168 3042 1224 Aimoinum
3089 1167 3283 1224 nobilis
3333 1173 3541 1238 generis

206 1263 467 1329 tempore
515 1257 757 1331 Philippi
810 1259 957 1333 regis
1005 1258 1337 1315 Francorum
1377 1245 1546 1312 misit.
1575 1260 1732 1326 Ergo,
1771 1261 1836 1310 ut
1931 1257 2271 1326 Aquitanum
2297 1259 2468 1325 fuisse
2495 1265 2648 1328 patet
2673 1275 2744 1316 ea:
2784 1261 2922 1316 Vita:
2949 1262 3001 1314 S.
3040 1260 3270 1318 Abbonis
3299 1278 3418 1332 cap.
3455 1261 3543 1318 18.

210 1351 352 1421 dixi,
381 1353 654 1423 probabile
671 1360 751 1410 est
773 1355 1026 1411 Carolum
1057 1361 1176 1411 tum
1203 1356 1482 1411 accessisse
1507 1353 1832 1418 Floriacum,

2005 1344 2096 1400 20.
2142 1347 2443 1402 Diedericus
2491 1362 2587 1404 seu
2640 1349 3000 1418 Theodericus,
3056 1349 3436 1418 Hersfeldensis
3489 1353 3552 1407 in

213 1441 518 1498 adductum
553 1445 811 1514 religione
833 1445 954 1514 loci,
977 1451 1029 1501 et
1052 1446 1554 1502 commemoratione
1577 1443 1833 1507 vietorite,
1937 1440 2184 1509 Toringia
2211 1443 2528 1510 monachus,
2557 1443 2736 1498 eodem
2771 1445 2885 1511 fere
2925 1449 3156 1514 tempore
3204 1449 3276 1501 De
3311 1446 3554 1502 dictione

215 1547 386 1602 quam
421 1535 674 1602 Gistolfus
710 1550 893 1592 recens
935 1537 999 1592 de
1021 1538 1404 1593 Northmannis
1433 1535 1639 1591 caelitus
1688 1536 1840 1588 retu-
1933 1533 2292 1604 reliquiarum
2319 1539 2499 1592 sancti
2538 1537 2810 1593 Benedicti
2857 1537 3098 1594 libellum
3138 1539 3374 1595 condidit
3428 1541 3552 1596 hor-

213 1620 376 1676 lerat.
409 1627 532 1679 Haec
575 1627 708 1680 satis
737 1625 802 1680 de
853 1630 965 1681 tota
1005 1625 1103 1681 illa
1143 1626 1540 1690 controversia;
1579 1636 1732 1678 nunc
1768 1619 1840 1674 ad
1940 1629 2062 1680 tatu
2104 1625 2357 1681 Richardi
2383 1626 2592 1682 abbatis
2629 1625 3051 1694 Amerbacensis,
3100 1630 3161 1682 in
3197 1629 3352 1684 editis
3399 1643 3550 1685 men-

213 1710 332 1766 alia
357 1713 684 1770 veniendum
706 1719 802 1770 est.
998 1785 1034 1786 η
1862 1695 1915 1764 Β
1939 1712 2060 1768 close
2085 1713 2490 1782 Marbeacensis,
2518 1717 2614 1785 qui
2648 1730 2793 1772 anno
2840 1712 2986 1772 4029
3016 1715 3131 1771 vith
3173 1718 3401 1786 functus
3452 1723 3550 1785 est,

995 1785 1062 1840 ΙῘο
1937 1813 2155 1863 auctore
2179 1808 2420 1864 Browero
2458 1810 2519 1862 in
2560 1810 2966 1878 Antiqmtatum
2996 1809 3344 1865 Fuldensium
3367 1809 3461 1864 lib.
3512 1825 3552 1875 ι,

299 1899 390 1955 16.
437 1901 640 1952 Ρνιειεν
709 1903 954 1954 auctores
996 1899 1092 1968 qui
1125 1898 1300 1952 vitam
1341 1895 1522 1951 sancti
1573 1893 1842 1949 Benedicti

1975 1916 2055 1970 ap.
2085 1897 2180 1968 20,
2210 1899 2385 1955 dictus
2437 1900 2896 1968 Amerbachensis,
2945 1903 3076 1970 quia
3117 1901 3367 1956 condidit
3424 1915 3553 1956 mo-

219 1997 419 2054 litteris
455 1993 822 2058 mandarunt,
865 1993 1049 2064 plures
1076 1995 1249 2049 etiam
1276 1993 1394 2062 ejus
1421 1989 1694 2046 miracula
1712 2003 1840 2059 pro-
1937 1989 2714 2060 nasteriumAmerbachense,
2737 1990 2956 2064 quodin
2982 1991 3302 2048 Franconite
3331 2007 3556 2048 recessu

221 2089 470 2146 tulerunt
496 2087 558 2140 in
582 2086 776 2155 lucem,
805 2099 1047 2142 maxime
1072 2085 1358 2142 Gallicani.
1405 2084 1620 2138 Primus
1659 2083 1838 2136 Histo-
1941 2097 2054 2139 non
2079 2083 2269 2154 procul
2297 2099 2330 2138 a
2357 2083 2538 2140 Moeno
2581 2090 2774 2140 sancto
2807 2083 3093 2156 Simplicio
3133 2083 3354 2152 dicavit,
3384 2087 3560 2154 inquit

219 2181 370 2234 riam
408 2174 782 2230 translationis
809 2176 871 2229 in
899 2172 1154 2240 Galliam,
1174 2177 1226 2229 et
1253 2171 1527 2227 miracula
1555 2175 1674 2226 tum
1691 2171 1844 2238 facta

1975 2178 2236 2231 lrowerus.
2279 2176 2540 2232 Diederico
2571 2177 2890 2230 Trithemius
2923 2189 3204 2245 perperam
3245 2174 3438 2230 tribuit
3465 2175 3560 2230 li-

223 2267 441 2336 scripsit
469 2263 808 2330 Adalbertus,
847 2263 1202 2320 Floriacensis
1244 2261 1562 2328 monachus,
1616 2261 1846 2314 testante

222 2358 447 2426 Rodulfo
479 2358 716 2413 Tortario
760 2358 824 2412 in
850 2357 1096 2412 carmine
1147 2353 1214 2410 de
1251 2353 1436 2410 eadem
1465 2351 1842 2418 translatione,

221 2465 392 2525 quam
419 2451 496 2506 sic
524 2450 808 2508 exorditur
825 2467 843 2504 :

367 2539 548 2600 Patris
574 2537 897 2596 Adalbertus
933 2534 1228 2594 translatos
1258 2533 1458 2592 edocet
1484 2540 1636 2590 artus

443 2629 702 2697 Quaedam
726 2632 886 2703 gesta
915 2624 1059 2697 style
1084 2623 1388 2694 subjiciens
1410 2621 1589 2678 nitido

226 2727 553 2783 Existimavi
591 2716 886 2788 aliquando
939 2715 1302 2770 Adalbertum
1357 2727 1470 2769 non
1521 2711 1698 2767 alium
1745 2724 1855 2767 esse

226 2829 397 2886 quam
415 2807 799 2874 Adrevaldum,
825 2804 1018 2860 ductus
1058 2808 1180 2858 tum
1198 2803 1498 2858 testimonio
1519 2801 1758 2856 Aimoini
1787 2801 1849 2855 in

227 2909 443 2981 prologo
468 2900 754 2959 miraculm
770 2913 887 2966 um,
913 2896 1010 2954 ubi
1032 2899 1113 2952 ait
1129 2915 1147 2951 :
1187 2892 1554 2951 Adrevaldum
1585 2899 1640 2949 et
1669 2900 1850 2948 trans-

1943 2264 2106 2322 brum
2142 2266 2415 2322 Adalberti
2466 2270 2536 2322 De
2587 2265 2944 2321 translatione
2977 2267 3157 2320 sancti
3183 2263 3478 2333 Benedicti,
3508 2270 3560 2320 et

1945 2358 2204 2414 ittationis
2245 2361 2535 2414 Historiam
2600 2372 2725 2414 cum
2786 2359 2902 2413 Vita
2981 2359 3034 2412 S.
3098 2355 3371 2412 Benedicti
3421 2369 3557 2412 con-

1946 2451 2150 2520 fundit.

2019 2541 2112 2596 21.
2150 2541 2416 2598 Diederico
2451 2555 2590 2612 pene
2649 2543 2874 2612 (aqualis
2923 2542 3036 2610 fuit
3076 2539 3316 2597 Andreas
3355 2540 3565 2596 Florian

1949 2632 2120 2688 censis
2165 2631 2482 2698 monachus,
2530 2633 2626 2700 qui
2651 2633 2890 2686 Aimoini
2923 2629 3076 2685 libris
3126 2643 3308 2685 unum
3362 2629 3561 2700 adjecit

1949 2723 2013 2779 de
2059 2723 2340 2778 miraculis
2383 2725 2564 2779 sancti
2603 2723 2896 2790 Benedicti,
2949 2737 2985 2777 a
3039 2721 3265 2790 Rodul/‘o
3325 2723 3565 2778 Tortario

1947 2817 2168 2872 metrice
2192 2815 2480 2884 redditum,
2511 2818 2668 2886 cujus
2697 2815 2932 2872 Andrem
2963 2813 3097 2870 liber
3122 2815 3383 2870 hactenus
3411 2814 3562 2870 latet.

2020 2902 2110 2959 22.
2165 2903 2422 2972 Rodat/us
2456 2918 2598 2972 vero,
2649 2909 2991 2974 cognomento
3048 2904 3342 2970 Tortarius,
3381 2903 3569 2958 itidem

228 2995 456 3055 lationis
480 2992 620 3050 sacri
653 2987 904 3062 corporis
931 2987 1208 3057 ordinem,
1239 2993 1295 3042 et
1331 2985 1489 3062 signa
1517 3000 1618 3057 per
1647 2982 1848 3039 Gallias
1872 3006 1923 3078 C
1949 2998 2316 3064 Fzmcemis,
2363 3001 2566 3066 ρνωεεν
2601 2997 2748 3051 hunc
2782 2995 3002 3062 librum,
3055 2997 3223 3050 etiam
3274 2996 3451 3049 auum
3497 2997 3570 3050 De

233 3100 389 3170 gesta
429 3088 764 3157 inseruisse;
812 3093 932 3144 tum
979 3085 1233 3156 Sigiberti
1286 3089 1338 3140 et
1377 3083 1654 3138 Trithemii
1696 3092 1848 3135 asse-

232 3189 477 3246 rentium
514 3184 844 3240 binominem
902 3181 1070 3248 fuisse
1114 3177 1493 3243 Adrcvaldum,
1546 3175 1642 3244 qui
1685 3174 1855 3228 etiam

233 3281 412 3336 dictus
431 3273 776 3332 Adalbertus.
811 3276 1004 3328 Verum
1045 3275 1110 3324 ut
1135 3269 1363 3324 diversos
1401 3269 1571 3335 fuisse
1593 3267 1850 3330 sentiam,

227 3368 517 3444 persuadet
551 3379 640 3422 me
674 3365 818 3421 locus
845 3363 1092 3419 Chronici
1131 3361 1482 3416 Floriacensis
1525 3357 1854 3444 apud

229 3441 393 3517 nium
419 3459 480 3512 in
509 3461 648 3512 tomo
691 3455 772 3506 Ill
813 3451 1058 3506 Historia
1103 3451 1456 3514 Francorum,
1495 3460 1622 3516 pag.
1652 3441 1765 3499 555
1793 3445 1855 3498 in

237 3551 350 3604 haec
375 3545 575 3601 verba:
629 3541 788 3596 Anno
839 3537 946 3594 853
984 3535 1312 3592 Adalbertus
1363 3535 1526 3592 bona;
1574 3529 1854 3588 memoriae

239 3637 544 3695 monachus
570 3650 625 3690 xi
652 3629 881 3687 Kalend.
911 3627 1136 3684 Januar.
1169 3625 1330 3694 obiit,
1386 3625 1524 3696 quod
1549 3626 1667 3680 sine
1697 3621 1858 3677 dubio

241 3731 306 3786 de
358 3729 643 3785 Adalberto
688 3723 1064 3780 translationis
1114 3722 1372 3789 scriptore
1427 3715 1858 3786 intelligendum,

246 3825 430 3895 aptari
465 3824 653 3893 nequit
676 3817 987 3886 Adrevaldo,
1027 3817 1123 3886 qui
1168 3817 1340 3871 serius
1380 3815 1556 3869 vitam
1589 3811 1865 3882 produxit.

328 3914 422 3971 17.
449 3912 780 3971 Αάνωαιάαε
815 3910 1076 3980 siquidem
1101 3907 1304 3964 librum
1326 3909 1400 3962 De
1419 3903 1700 3960 miraculis
1727 3917 1868 3957 san-

257 4015 332 4068 cti
361 4010 632 4066 Benedicti
655 4006 911 4074 condidit,
943 4019 1071 4060 cum
1122 4001 1485 4060 Northmanni
1525 4001 1650 4069 jam
1671 3996 1870 4052 Gallias

257 4105 593 4162 attrivissent
639 4115 741 4172 per
791 4096 1018 4171 triginta
1066 4095 1242 4152 ferme
1299 4106 1568 4149 annorum
1609 4087 1869 4162 spatium,

258 4211 328 4254 ex
351 4211 470 4265 cap.
507 4192 604 4260 55,
635 4189 952 4260 ad'proinde
979 4190 1192 4244 circiter
1217 4199 1432 4242 annum
1461 4183 1658 4239 Christi
1698 4182 1874 4237 octin-

1947 3087 2230 3142 miraculis
2256 3088 2436 3142 sancti
2460 3085 2732 3142 Benedicti
2755 3099 2914 3154 prosa
2945 3089 2996 3140 et
3021 3087 3192 3138 metro
3219 3082 3402 3138 edidit.
3431 3087 3566 3138 Pro-

1949 3182 2161 3236 saicum
2186 3181 2305 3235 sine
2328 3180 2566 3234 auctoris
2593 3178 2812 3233 nomine
2841 3178 2977 3246 typis
3011 3175 3256 3244 vulgavit
3275 3179 3513 3230 Joannes
3533 3190 3569 3229 a

1953 3276 2109 3328 Bosco
2144 3272 2208 3325 in
2230 3270 2550 3325 Bibliotheca
2579 3269 2922 3334 Floriacensi,
2956 3267 3048 3323 sed
3090 3281 3289 3323 nomen
3325 3271 3569 3323 auctoris

1951 3361 2332 3419 indicaverunt
2370 3359 2512 3416 Socii
2568 3357 2930 3423 Bollandiani,
2979 3360 3072 3427 qui
3127 3358 3293 3426 hujus
3330 3359 3570 3412 auctoris

1951 3459 2004 3511 et
2028 3453 2265 3509 aliorum
2285 3453 2452 3521 plura
2489 3451 2746 3521 apuscula
2774 3449 3031 3506 viderunt
3059 3453 3234 3504 Romce
3281 3450 3340 3502 in
3369 3451 3573 3518 regina:

1952 3543 2156 3598 Sueciae
2192 3540 2532 3607 Bibliotheca,
2571 3554 2690 3609 qua
2723 3553 2930 3608 magna
2969 3552 3038 3594 ex
3071 3543 3230 3608 parte
3263 3541 3476 3593 constat
3503 3537 3571 3592 li-

1956 3634 2069 3691 bris
2102 3635 2502 3702 manuscriptis
2538 3632 2876 3688 Bibliotheca:
2902 3631 3274 3686 Floriacensis.
3303 3627 3576 3684 Scribebat

1963 3736 2156 3786 auctor
2197 3731 2297 3785 iste
2322 3731 2480 3784 initio
2503 3729 2688 3784 seculi
2721 3728 3037 3796 duodecimi,
3077 3739 3266 3796 nempe
3289 3729 3407 3796 post
3432 3739 3579 3780 mor-

1968 3829 2076 3880 tem
2101 3822 2412 3878 Joscerandi
2441 3821 2651 3876 abbatis
2674 3825 2725 3876 et
2751 3819 3064 3876 incendium
3087 3819 3420 3875 Floriacense
3439 3819 3580 3873 anni

1971 3909 2137 3977 4095,
2155 3912 2247 3966 cui
2265 3909 2518 3976 interfuit
2545 3922 2615 3964 ea:
2636 3924 2756 3978 cap.
2787 3905 2882 3964 27.

2039 3999 2128 4056 23.
2170 4002 2276 4064 Quo
2319 4004 2548 4068 tempore
2599 3998 2878 4068 scripserit
2929 3995 3177 4052 Giraldus
3230 3989 3585 4050 Flortacensis

1968 4098 2138 4152 etiam
2161 4094 2437 4162 canobita,
2467 4094 2562 4164 qui
2591 4107 2780 4164 poema
2803 4092 2868 4147 de
2897 4091 3252 4148 translatione
3275 4091 3454 4146 sancti
3485 4089 3584 4143 Be—

1971 4183 2173 4239 nedicti
2208 4184 2500 4252 composuit
2528 4187 2580 4236 et
2623 4181 2776 4236 aliud
2827 4183 2888 4236 in
2915 4182 3167 4236 honorem
3192 4179 3382 4233 sancti
3415 4179 3587 4232 Bene-

258 4290 616 4360 gentesimum
649 4283 1104 4353 septuagesimum
1131 4282 1407 4350 quintum,
1437 4282 1490 4334 et
1540 4279 1601 4332 in
1653 4290 1774 4344 cap.
1799 4271 1874 4328 28
1901 4351 1946 4360 “
1971 4273 2122 4342 dicti,
2159 4275 2402 4330 nondum
2428 4275 2555 4329 scio.
2598 4277 2888 4343 Utrumque
2913 4271 3080 4342 primi
3123 4269 3427 4325 indicavere
3453 4267 3592 4323 Socii

263 4351 493 4438 testatur
518 4392 575 4434 se
603 4351 744 4444 tum,
769 4351 895 4431 cum
937 4373 1228 4430 Ludovicus
1265 4375 1541 4440 Augustus
1563 4372 1873 4439 imperaret,
1901 4351 2334 4432 DBollandiani,
2362 4363 2516 4420 editis
2543 4367 2762 4418 tantum
2789 4361 3038 4430 exordiis,
3075 4361 3244 4431 primi
3279 4357 3496 4429 quidem
3524 4360 3588 4412 in

263 4469 558 4544 puerulum
613 4468 800 4535 fuisse.
831 4464 1112 4521 Adalberti
1137 4467 1188 4518 et
1223 4460 1510 4518 Adrevaldi
1535 4459 1696 4515 libros
1717 4459 1884 4515 retuli

265 4566 325 4619 in
341 4561 542 4618 Saecqu
571 4576 633 4629 ιι,
663 4575 792 4616 cum
819 4558 1060 4615 Adelerii
1081 4555 1393 4628 appendice.

335 4649 426 4707 18.
476 4648 751 4705 Adelerius
785 4661 929 4715 vero,
962 4646 1318 4702 Floriacensis
1374 4643 1559 4698 itidem
1582 4642 1882 4698 monachus

267 4741 378 4798 duo
410 4745 622 4803 tantum
651 4737 893 4811 capitula
923 4738 1058 4794 libro
1084 4735 1370 4793 Adrevaldi
1395 4733 1619 4803 adjecit,
1653 4738 1884 4790 testante

265 4835 513 4891 Aimoino
551 4834 612 4888 in
663 4831 878 4902 prologo
919 4844 1038 4899 suo,
1069 4844 1189 4900 qua
1239 4828 1482 4899 capitula
1517 4827 1772 4884 desinunt
1824 4827 1886 4881 in

268 4930 442 4982 morte
483 4923 732 4980 Ludovici
769 4921 943 4990 Balbi,
978 4924 1073 4992 qui
1107 4919 1198 4975 vix
1243 4919 1464 4976 duobus
1499 4917 1661 4976 annis
1711 4931 1885 4992 regno
1994 4921 2004 4934 '

267 5017 478 5092 potitus
523 5023 627 5086 est,
675 5019 853 5088 inquit
886 5017 994 5084 ille,
1026 5021 1274 5072 mortuus
1311 5028 1460 5070 anno
1495 5010 1627 5068 879.
1665 5015 1749 5067 Ea:
1784 5025 1888 5082 quo
1960 5006 1966 5015 ’

270 5112 596 5182 intelligitur
611 5110 971 5168 Adrevaldu-m
992 5110 1161 5181 paulo
1201 5113 1332 5164 ante
1381 5107 1631 5163 Carolum
1657 5105 1887 5160 Calvum

270 5205 564 5273 decessisse,
589 5209 643 5260 et
679 5203 983 5262 Adelerium
1020 5205 1132 5260 hac
1177 5204 1449 5274 scripsisse
1491 5205 1756 5270 regnante
1780 5202 1886 5254 Ca-

270 5294 610 5352 rotomanno.

343 5384 430 5440 19.
465 5385 776 5454 Aimoinus,
809 5384 1157 5442 Flor-incensis
1183 5385 1374 5454 utique
1416 5383 1734 5450 monachus,
1757 5395 1886 5438 con-

275 5476 514 5530 tinuavit
568 5477 860 5532 Historiam
911 5475 1306 5530 mirae-uiarum
1359 5475 1539 5530 sancti
1589 5473 1885 5541 Benedicti,

273 5564 426 5620 editis
482 5564 688 5621 duobus
734 5565 906 5632 libris,
963 5579 1092 5634 quos
1154 5565 1418 5620 Gaunlino
1453 5562 1640 5618 abbati
1686 5563 1889 5618 Floria-

275 5659 421 5712 censi
442 5661 801 5727 muneupavit
829 5670 977 5715 anno
998 5659 1246 5727 proximo
1265 5659 1382 5726 post
1401 5659 1627 5714 mortem
1662 5654 1890 5712 Abbonis

1979 4453 2126 4508 hunc
2153 4453 2373 4509 modum
2401 4469 2414 4507 :
3451 4510 3456 4516 ,

2051 4544 2540 4620 Langobardorum
2591 4558 2730 4619 gens
2793 4539 2964 4613 impia
3028 4554 3154 4595 cum
3215 4535 3582 4610 reproborum

2125 4635 2374 4693 Perﬁdite
2393 4635 2638 4693 tenebris
2676 4632 2847 4690 nollet
2875 4633 3070 4688 abesse
3107 4628 3246 4698 suis,
3277 4635 3378 4688 etc.

2053 4733 2287 4790 Alterius
2323 4747 2446 4788 vero
2470 4735 2549 4788 sic
2575 4749 2591 4787 :

2056 4827 2115 4883 In
2145 4825 2370 4882 laudem
2401 4841 2548 4882 nunc
2578 4830 2692 4882 tota
2717 4823 2840 4880 dies
2869 4819 3204 4894 expenditur
3235 4819 3336 4877 ista

2127 4921 2398 4978 C(elorum
2429 4917 2612 4994 Regis,
2643 4925 2717 4982 et,
2752 4915 3072 4981 Benedicte,
3103 4913 3206 4970 tui.

2055 5009 2198 5068 Mota
2226 5009 2381 5066 fuere
2403 5009 2525 5065 loco
2547 5007 2677 5078 justi
2709 5006 2801 5079 pia
2821 5004 3068 5061 membra
3098 5001 3406 5076 prophetae,

2128 5101 2261 5159 Ossa
2291 5099 2466 5157 Patris
2490 5097 2716 5171 proprio
2737 5100 2886 5152 mota
2915 5093 3068 5150 luere
3097 5093 3242 5148 loco.

2053 5195 2144 5252 24.
2175 5200 2376 5251 Prteter
2401 5195 2492 5250 hos
2513 5193 2866 5247 Floriacenses
2893 5188 3202 5256 monachos,
3232 5184 3412 5240 Italici
3432 5185 3602 5240 etiam

1981 5289 2256 5346 miracula
2320 5288 2504 5342 Casini
2567 5301 2602 5340 a
2656 5288 2845 5340 sancto
2881 5286 3042 5336 Patre
3084 5280 3227 5335 edita
3272 5277 3598 5348 prodidere;

1984 5398 2110 5456 quos
2146 5385 2291 5438 inter
2312 5381 2618 5450 (rtecipuus
2646 5383 2721 5432 est
2757 5375 3056 5431 Desiderius
3081 5372 3266 5438 abbas,
3291 5376 3472 5442 postea
3500 5373 3604 5426 Ro-

1984 5488 2184 5530 manus
2232 5471 2502 5542 ponti/eat,
2558 5470 2730 5524 Victor
2781 5468 2970 5522 tertius
2995 5463 3322 5534 appellatus.
3361 5465 3408 5516 Is
3455 5475 3601 5531 qua-

1989 5568 2112 5619 tuor
2137 5561 2294 5616 libros
2335 5563 2406 5614 De
2445 5557 2724 5613 miraculis
2759 5557 2944 5610 Casini
2979 5559 3030 5608 et
3085 5553 3208 5607 aliis
3259 5551 3434 5606 Italica
3468 5551 3596 5607 locis

1986 5655 2217 5722 patratis
2241 5650 2550 5720 composuit,
2579 5661 2648 5703 ex
2671 5645 2862 5716 quibus
2882 5649 2986 5702 tres
3007 5649 3228 5700 tantum
3246 5646 3488 5698 exstant.
