3932 6040
360 171 498 229 1187
1365 160 1649 220 RADULFI
1689 156 1913 219 TORTA‘;

2184 153 2335 213 ACHI
2375 149 2676 212 FLORIAC.
3547 149 3587 205 1
3606 149 3634 205 1
3648 148 3734 206 88

416 297 506 353 25.
567 296 664 351 His
719 292 968 350 omnibus
1009 291 1273 348 accedunt
1313 293 1407 348 Leo
1464 293 1830 359 Marsicanus,
1896 304 1964 346 ex
1992 289 2038 357 Α
2066 283 2347 348 triciarus,
2377 283 2560 353 inquit
2587 279 2906 345 Aimoinus,
2938 275 3143 333 dicitur
3166 276 3298 333 villa
3325 276 3382 333 in
3408 278 3737 350 Augusto-

347 386 603 444 monacho
660 385 944 442 Casinensi
979 382 1279 438 cardinalis
1328 380 1609 448 Ostiensis,
1675 384 1725 435 et
1775 382 1966 435 Petrus
2067 378 2305 436 dunensi
2344 376 2623 434 territorio
2663 372 2908 448 regionis
2966 373 3298 446 Burgundios
3353 373 3487 429 sita.
3546 372 3737 427 Hanc

349 480 631 545 diaconus,
663 492 767 548 quo
797 478 854 532 in
909 475 1170 533 Chronico
1210 475 1492 532 Casinensi
1530 475 1695 544 plura
1719 474 1967 541 referunt
2069 470 2382 528 Ecchardus
2413 510 2428 538 ,
2522 482 2709 524 comes
2784 465 3242 540 Burgundionum
3332 464 3689 520 ditissimus
3718 502 3736 527 ,

350 578 529 632 sancti
563 573 843 630 Benedicti
870 573 1164 641 miracula,
1190 573 1364 643 plura
1389 573 1519 626 item
1547 574 1735 626 Petrus
1767 570 1827 624 in
1855 570 1965 624 Hi-
2068 572 2259 621 sancto
2298 560 2602 617 Benedicto
2633 566 2693 615 et
2737 557 2996 614 fratribus
3035 556 3400 615 Floriacensis
3440 553 3736 612 cmnobii

352 667 525 722 storia
554 663 878 720 inventionis
908 664 1147 734 corporis
1171 662 1349 718 sancti
1375 660 1645 716 Benedicti
1680 661 1743 715 in
1770 660 1970 715 Martio
2069 649 2140 705 ad
2158 650 2554 722 stipendiarios
2585 650 2851 724 quosdam
2882 657 3137 722 sumptus
3157 650 3401 727 benigna
3428 647 3734 723 largitate

352 754 713 810 Bollandiano
732 752 899 808 edita.
2070 739 2328 796 contulit.
2356 741 2473 807 Quo
2512 741 2777 797 defuncto
2800 756 2864 797 ac
2903 739 2960 795 in
2982 739 3315 796 Floriacensi
3349 736 3739 796 monasterio

423 844 515 900 26.
564 847 652 900 Ex
678 845 760 899 his
785 844 1030 900 omnibus
1070 847 1303 914 quatuor
1341 846 1552 897 tantum
1587 840 1752 908 selegi
1790 840 1970 893 aucto-
2069 832 2227 906 juxta
2255 835 2546 892 ecclesiam
2579 836 2793 892 Sanctae
2823 834 3004 890 Mariae
3029 835 3266 906 sepulto,
3300 834 3356 890 in
3387 839 3740 889 memorata

356 951 464 1002 res,
490 937 724 1006 exceptis
752 933 1071 1002 Adalberto,
1104 933 1403 988 Adrevaldo
1439 936 1491 986 et
1521 930 1798 992 Adelerio.
1839 944 1976 999 quo-
2075 927 2428 998 possessione
2467 928 2664 985 fratres
2700 927 3101 984 habitationem
3133 927 3239 982 sibi
3267 932 3632 983 statuerunt:
3673 922 3741 978 in

358 1046 480 1086 rum
505 1029 763 1099 opuscula
786 1031 1007 1083 exstant
1030 1028 1091 1081 in
1117 1026 1319 1083 Saecula
1351 1026 1399 1080 11
1421 1040 1545 1080 cum
1564 1024 1814 1080 Aimoini
1842 1038 1976 1094 poe-
2076 1039 2185 1095 qua
2215 1024 2379 1079 etiam
2407 1024 2604 1080 delatis
2642 1040 2672 1080 a
2702 1023 2948 1080 Floriaco
2989 1022 3042 1079 S.
3085 1022 3259 1078 Patris
3287 1019 3587 1078 Benedicti
3635 1033 3750 1073 re-

361 1123 504 1175 mate
540 1118 605 1172 de
646 1117 1021 1172 translatione.
1074 1115 1269 1182 Selegi,
1319 1115 1560 1183 inquam,
1619 1111 1976 1177 Diedericum,
2076 1113 2287 1187 liquiis,
2318 1115 2557 1172 ecclesia
2592 1116 2648 1171 in
2675 1116 2886 1171 honore
2920 1114 3012 1170 Dei
3040 1128 3106 1169 ac
3153 1114 3415 1170 Gloriosze
3459 1110 3745 1186 Virginis

364 1208 691 1273 Aimoinum,
721 1206 1025 1272 Rodulfum
1073 1204 1381 1259 Tortarium
1421 1201 1519 1271 (i),
1558 1204 1609 1255 et
1643 1199 1917 1255 Desideria

2183 1207 2258 1262 'iaa
2280 1207 2561 1281 simulque
2591 1206 2801 1283 egregii
2836 1206 3014 1279 ipsius
3034 1204 3365 1262 confessoris
3378 1209 3736 1261 constructa

365 1313 458 1353 seu
503 1299 787 1353 Victorem.
841 1294 1109 1350 Diederici
1157 1294 1394 1363 priorem
1442 1292 1715 1345 duntaxat
1772 1292 1918 1359 parte

2197 1338 2213 1366 ,
2273 1315 2438 1371 quam
2514 1299 2800 1355 basilicam
2860 1298 3109 1354 Christus
3172 1297 3441 1354 Dominus
3486 1294 3742 1351 meritis

369 1386 523 1441 edere
563 1388 741 1440 visum
768 1391 864 1451 est,
915 1383 1116 1453 rejecta
1143 1380 1399 1447 secunda,
1432 1395 1555 1451 qua:
1590 1382 1668 1433 est
1705 1378 1770 1432 de
1794 1392 1922 1447 repe.

2181 1394 2289 1443 cla:
2327 1403 2442 1444 suae
2473 1388 2787 1455 Genitricis,
2844 1403 2950 1444 nec
2996 1402 3109 1444 non
3144 1386 3330 1442 dilecti
3379 1383 3587 1441 famuli
3633 1383 3734 1439 sui

369 1481 511 1535 tione
566 1480 802 1548 rorporis
866 1479 1043 1531 sancti
1095 1474 1372 1531 Benedicti
1396 1488 1494 1544 per
1548 1473 1983 1535 Carolomanum,
2084 1476 2368 1534 Benedicti
2409 1478 2715 1551 saepissime
2745 1476 3024 1533 miraculis
3054 1476 3325 1532 illustrem
3356 1474 3647 1531 reddidit.

370 1574 681 1668 quamqpost
707 1570 1009 1668 illationem
1038 1568 1301 1668 accidisse
1316 1568 1519 1668 supino
1543 1580 1748 1668 errore
1772 1565 1980 1668 scribit.
2010 1599 2063 1668 B
2153 1567 2246 1624 29.
2269 1569 2414 1668 puis
2441 1572 2613 1668 fuerit
2649 1571 2751 1626 iste
2805 1569 3080 1626 Eccardus
3118 1583 3301 1629 comes.
3358 1582 3530 1638 quoue
3574 1570 3728 1622 tem-

367 1664 615 1718 Aimoini
643 1662 850 1715 duobus
872 1661 1030 1715 libris
1054 1660 1284 1729 subjicio
1313 1659 1513 1714 librum
1538 1658 1751 1728 Rodulfl
1791 1658 1989 1712 Torta-
2010 1658 2060 1668 “’
2082 1674 2215 1734 pore
2253 1661 2498 1727 ﬂoruerit
2543 1661 2693 1716 docet
2727 1675 2823 1716 nos
2876 1662 3148 1728 egregiam
3198 1659 3553 1728 antiquitatis
3585 1672 3727 1711 mo-

366 1756 463 1819 rii,
513 1767 728 1807 nomine
764 1752 1039 1818 Anonymi
1101 1766 1136 1805 a
1185 1752 1389 1804 Joanne
1440 1750 1624 1804 Boscio
1679 1749 1984 1817 vulgatum,
2083 1756 2418 1819 numentum,
2462 1749 2812 1806 Chartarium
2844 1750 3049 1805 scilicet
3089 1749 3503 1812 Patriciacense,
3554 1745 3730 1816 quod

367 1843 584 1896 omissis
607 1840 811 1895 duobus
858 1839 1015 1893 libris
1070 1840 1308 1893 metricis
1345 1837 1582 1907 ejusdem
1627 1837 1886 1899 Tortarii,
1929 1837 1986 1889 in
2084 1859 2261 1914 nuper
2287 1843 2432 1912 typis
2458 1839 2741 1907 uulgatum
2765 1840 2843 1893 est
2867 1836 3022 1908 apud
3048 1835 3380 1905 Stephanum
3409 1834 3731 1888 Perardum

368 1949 597 2005 quorum
643 1935 828 2003 primo
868 1932 1103 1988 Andreas
1155 1932 1409 1987 monachi
1460 1931 1702 1986 libellum
1746 1930 1987 1985 versibus
2086 1938 2146 1991 in
2172 1934 2472 1991 collectione
2498 1935 2734 1986 veterum
2761 1932 3239 1986 instrumentorum
3266 1926 3344 1981 ad
3369 1923 3729 1994 Burgundiw

368 2024 568 2093 reddit,
600 2026 659 2078 in
697 2023 935 2078 secundo
963 2024 1126 2088 hunc,
1166 2038 1323 2093 quem
1360 2022 1447 2077 hic
1483 2021 1725 2088 exhibeo,
1757 2021 1989 2077 Andreae
2092 2028 2389 2083 Historiam
2405 2025 2811 2094 pertinentium.
2846 2022 3175 2079 Chartaceus
3199 2021 3302 2075 iste
3336 2017 3505 2074 codex
3533 2016 3735 2086 diplo-

369 2114 622 2170 monachi
658 2114 983 2182 opusculum
1013 2113 1164 2168 istud
1205 2112 1501 2168 intercidit.
1546 2114 1786 2168 Tortarii
1821 2113 1991 2167 versio
2088 2124 2241 2176 mata
2270 2119 2501 2186 triginta
2518 2131 2710 2172 novem
2739 2116 2996 2180 continet,
3021 2115 3082 2168 in
3108 2126 3335 2183 quorum
3354 2112 3537 2182 primo
3566 2109 3727 2177 legi-

366 2206 592 2259 metrica
615 2207 795 2258 exstat
821 2205 883 2257 in
907 2204 1109 2258 Martio
1140 2202 1524 2270 Bollandiano,
1565 2203 1659 2257 sed
1689 2206 1801 2257 tam
1827 2201 1990 2257 exilis
2091 2213 2185 2263 tur
2213 2208 2434 2263 donatio
2472 2204 2678 2276 praedii
2715 2203 2992 2259 Patriciae
3055 2200 3124 2256 ab
3154 2199 3436 2256 Heccardo
3454 2199 3619 2266 facta
3658 2197 3731 2251 ad

371 2303 421 2353 et
442 2298 641 2369 jejuna
661 2303 715 2352 ut
738 2301 940 2368 prater
958 2297 1137 2352 nudas
1151 2298 1507 2366 inﬁrmorum
1527 2300 1832 2354 curationes
1850 2296 1993 2351 nihil
2092 2298 2413 2373 confugium
2443 2312 2613 2368 supra
2641 2294 2919 2351 dictorum
2967 2291 3366 2349 monachorum
3414 2290 3733 2346 Floriacen-

372 2392 489 2459 fere
543 2390 888 2445 emolumenti
916 2404 984 2443 ex
1013 2404 1076 2443 ea
1104 2389 1227 2444 elici
1250 2403 1401 2458 posse
1444 2388 1716 2444 videatur.
1747 2390 1819 2444 Et
1861 2402 1992 2458 poe-
2092 2394 2266 2459 siam;
2297 2391 2394 2446 ubi
2436 2388 2683 2446 notanda
2710 2387 2820 2443 hac
2844 2387 3041 2442 verba:
3096 2383 3210 2457 Ego
3238 2381 3513 2439 Eccardus
3563 2382 3723 2438 dono

371 2480 535 2535 mutii
562 2477 850 2533 emordium
874 2494 887 2531 ε
2095 2480 2193 2537 Dei
2223 2494 2431 2549 comes,
2462 2483 2518 2534 et
2546 2477 2749 2546 conjux
2778 2490 2903 2531 mea
2930 2472 3235 2536 Richeldis,
3263 2478 3531 2544 paventes
3560 2469 3721 2526 diem

449 2564 580 2630 Qua?
609 2565 708 2621 libi
749 2564 819 2620 de
859 2565 1031 2640 gestis
1082 2565 1373 2637 scripsisse
1420 2566 1696 2637 stupenda
1751 2564 1996 2638 paternis
2096 2578 2355 2630 extremae
2409 2568 2737 2636 vocationis,
2784 2583 2857 2623 ne
2898 2563 3105 2640 gravati
3157 2562 3304 2620 mole
3331 2562 3725 2636 peccaminum

528 2657 734 2713 Dicitur
770 2656 1036 2724 Andreas,
1064 2656 1246 2712 ﬁstula
1276 2664 1463 2713 nostra
1490 2664 1663 2715 notat.
2095 2665 2217 2721 sine
2248 2662 2431 2720 fructu
2459 2660 2594 2718 boni
2627 2659 2816 2733 Operis
2871 2658 3096 2715 steriles
3135 2655 3511 2724 inveniamur,
3545 2654 3730 2710 dona-

449 2752 516 2809 At
539 2752 797 2809 Lemovix
816 2752 1056 2825 populus
1086 2752 1317 2809 feriente
1345 2752 1457 2809 Deo
1488 2760 1765 2826 pateretur
2095 2776 2221 2818 mus
2272 2775 2376 2831 pro
2430 2756 2628 2813 animae
2671 2760 2873 2810 nostra:
2913 2751 3165 2808 remedio
3193 2756 3360 2821 atque
3388 2749 3447 2804 in
3477 2748 3734 2805 eleemo—

525 2841 715 2914 Ignem
745 2841 876 2897 dum
909 2857 1150 2908 sacrum,
1183 2841 1277 2898 dat
1301 2841 1411 2897 Sibi
1442 2843 1731 2899 consilium
2096 2865 2233 2921 syna
2268 2845 2657 2904 Childebranni
2706 2841 2976 2917 genitoris
3006 2839 3118 2896 mei
3156 2845 3212 2895 et
3259 2837 3548 2913 genitricis
3578 2852 3723 2893 mea:

452 2929 628 2985 Patris
652 2930 938 3002 relliquias
953 2931 1078 2986 urbi
1110 2938 1328 3007 gestare
1358 2933 1650 2988 verendas-
2027 2943 2078 3013 ο
2101 2939 2403 3005 Donnanaa,
2433 2951 2538 2992 nec
2566 2950 2680 2990 non
2708 2932 2956 3009 germani
2990 2930 3171 2987 fratris
3211 2930 3322 2984 mei
3356 2928 3717 2996 Theoderici,

525 3018 681 3083 Quod
705 3029 994 3090 postquam
1023 3018 1175 3084 fecit,
1207 3020 1378 3091 pestis
1409 3020 1599 3092 iniqua
1632 3022 1795 3093 perit.
2099 3035 2155 3083 et
2217 3041 2450 3083 uxorum
2489 3038 2737 3079 mearum
2792 3020 3132 3097 Albegundis
3185 3025 3353 3091 atque
3411 3016 3720 3084 Richeldis,

389 3105 649 3172 Quadam
676 3106 792 3161 alia
828 3108 1063 3173 inferius
1094 3108 1217 3162 inde
1242 3107 1514 3163 adducam
1544 3109 1609 3164 de
1643 3111 1775 3166 cella
1802 3114 2000 3170 Barci-
2101 3116 2480 3188 donatumque
2500 3115 2557 3171 in
2587 3120 2921 3186 perpetuum
2951 3128 3075 3168 esse
3100 3110 3358 3167 volumus
3384 3125 3476 3165 res
3495 3114 3718 3165 nostras

382 3201 630 3255 nonensi.
670 3198 967 3267 Rodat/um
1003 3199 1427 3270 subsequuntur,
1457 3204 1556 3272 qui
1576 3204 1880 3273 praecedere
1904 3206 2002 3261 de-
2103 3208 2170 3264 ad
2194 3204 2592 3263 monasterium
2625 3203 2841 3259 Sanctae
2868 3201 3053 3257 Mariae
3077 3207 3135 3256 et
3163 3199 3349 3256 Sancti
3372 3198 3515 3255 Petri
3547 3207 3717 3270 atque

387 3291 635 3362 buerant,
669 3296 937 3349 Desiderii
963 3310 1057 3351 seu
1093 3296 1327 3352 Victoris
1371 3298 1601 3367 dialogi,
1635 3302 1698 3354 ut
1748 3303 2004 3357 continua
2103 3298 2286 3355 Sancti
2348 3295 2634 3354 Benedicti
2687 3292 3051 3350 Floriacensis
3101 3291 3229 3347 libri
3272 3291 3366 3363 [an
3417 3289 3571 3362 loci],
3619 3289 3717 3345 ubi

390 3388 527 3444 serie
550 3386 819 3442 miracula
860 3389 917 3442 in
966 3388 1169 3456 Gallia,
1202 3392 1313 3445 tam
1340 3389 1455 3445 alia
1482 3392 1540 3445 in
1568 3391 1736 3446 Italia
1759 3394 1913 3460 facta
1940 3394 2004 3450 ob
2104 3390 2227 3464 ipse
2255 3398 2481 3446 sanctus
2511 3386 2844 3444 Benedictus
2869 3385 3059 3442 debito
3088 3382 3327 3456 quiescit
3366 3382 3600 3450 honore,
3623 3380 3711 3437 vel

387 3479 563 3535 oculos
608 3494 947 3550 poneremus.
996 3482 1268 3537 Desiderii
1329 3482 1574 3552 dialogos
1625 3499 1694 3539 ex
1743 3486 2006 3543 Vaticano
2104 3485 2203 3542 ubi
2226 3499 2467 3557 pra-esse
2488 3482 2844 3559 cognoscitur
2866 3480 2954 3538 vir
2975 3476 3317 3536 venerabilis
3343 3474 3518 3533 abbas
3538 3474 3719 3532 Teod-

387 3570 568 3627 codice
593 3586 694 3627 ms.
725 3574 866 3627 eruit
910 3574 1141 3629 Joannes
1193 3576 1446 3645 Baptista
1483 3577 1691 3644 Marus,
1731 3578 2006 3636 Romanus
2105 3573 2300 3630 bertus
2335 3589 2448 3629 una
2490 3587 2614 3628 cum
2654 3570 2895 3643 plurima
2935 3566 3100 3625 turba
3161 3565 3560 3623 monachorum
3616 3562 3724 3618 ibi-

390 3663 705 3729 canonicus,
740 3665 828 3716 vir
874 3677 1004 3719 sane
1029 3663 1095 3719 de
1120 3664 1399 3735 republica
1439 3665 1715 3720 litteraria
1750 3670 1801 3721 et
1849 3669 2010 3724 Bene-
2108 3662 2236 3719 dem
2285 3661 2520 3719 Domino
2551 3658 2973 3726 famulantium;
3014 3670 3138 3729 quae
3180 3654 3289 3710 sita
3327 3659 3457 3710 sunt
3496 3653 3552 3708 in
3581 3667 3721 3728 pago

395 3749 606 3804 dictina
634 3749 761 3805 bene
784 3753 1028 3820 meritus,
1052 3766 1243 3823 eosque
1271 3753 1571 3808 illustravit
1605 3755 1829 3811 eruditis
1842 3758 2008 3824 notis,
2109 3754 2607 3831 Augustodunense
2637 3758 2802 3825 atque
2857 3750 2915 3805 in
2954 3764 3099 3823 pago
3140 3745 3570 3813 Matisconense,
3618 3759 3711 3799 seu

395 3861 532 3917 quas
562 3847 694 3916 quia
731 3848 1011 3917 proposito
1048 3852 1230 3902 nostro
1268 3847 1676 3905 accommodata
1712 3854 1856 3919 sunt,
1892 3853 2012 3920 fere
2110 3845 2169 3901 in
2201 3844 2590 3911 Cabilonense,
2623 3841 2681 3897 id
2708 3847 2793 3897 est
2820 3839 2877 3895 in
2915 3837 3045 3895 villa
3071 3851 3195 3911 quae
3223 3834 3431 3891 dicitur
3458 3834 3718 3890 Patricia-

393 3937 611 4001 integra
631 3933 705 3988 ad
719 3935 939 3990 verbum
966 3935 1217 3990 exhibere
1243 3938 1419 3991 visum
1448 3942 1541 3992 est.
1565 3937 1873 3996 Desiderius
1896 3944 2012 3998 ini-
2115 3952 2233 4004 cus,
2265 3951 2390 3992 cum
2420 3932 2656 3992 ecclesia
2684 3932 2741 3988 in
2769 3932 2980 3989 honore
3000 3928 3177 3986 sancti
3194 3927 3341 3984 Petri
3369 3936 3597 3990 sacrata.
3622 3931 3715 3982 etc.

397 4023 471 4076 tio
492 4022 700 4088 dialogi
720 4024 1001 4092 promittit
1025 4028 1263 4093 quatuor
1290 4025 1456 4080 libros
1487 4028 1560 4081 De
1596 4029 1875 4084 miraculis
1897 4034 2011 4088 tum
2114 4028 2249 4085 Data
2286 4028 2344 4084 in
2375 4042 2568 4084 mense
2594 4023 2857 4082 Januario
2886 4038 3034 4081 anno
3062 4021 3241 4096 primo
3270 4018 3491 4092 imperii
3518 4018 3715 4076 domini

393 4130 495 4187 per
517 4118 762 4170 sanctum
785 4115 1148 4185 Benedictum,
1173 4132 1292 4172 cum
1304 4133 1406 4188 per
1430 4119 1565 4174 alios
1584 4124 1794 4177 sanctos
1816 4127 2004 4180 maxi-
2113 4117 2288 4175 Caroli
2339 4117 2601 4191 junioris,
2656 4132 2845 4186 nempe
2897 4115 3051 4172 Calvi
3116 4112 3321 4170 Christi
3363 4112 3566 4167 scilicet
3615 4110 3714 4166 876

397 4224 481 4264 me
516 4210 634 4279 ejus
663 4209 961 4280 discipulos
986 4213 1243 4281 patratis,
1276 4226 1503 4282 quorum
1531 4210 1873 4284 duo‘priores
1895 4220 2007 4272 mi-
2108 4216 2345 4271 ineunte.
2384 4213 2584 4271 Villam
2610 4214 2750 4269 hanc
2782 4228 2902 4269 cum
2929 4209 3324 4283 appendicibus
3361 4223 3397 4264 a
3451 4207 3707 4264 Ludovico

399 4299 594 4353 racula
625 4299 831 4365 Casini,
863 4299 965 4354 alii
992 4299 1099 4354 duo
1122 4301 1389 4356 miracula
1429 4304 1488 4357 in
1526 4303 1654 4358 aliis
1682 4304 1857 4360 Italix
1885 4306 2014 4363 locis
2037 4314 2097 4384 D
2115 4304 2363 4371 Augusto
2391 4302 2534 4358 dono
2557 4305 2835 4373 acceperat
2857 4300 3132 4358 Eccardus
3155 4300 3354 4355 litteris
3382 4297 3530 4353 datis
3552 4295 3717 4352 Picta-

401 4387 559 4455 facta
585 4391 1010 4458 repraesentant;
1050 4389 1143 4443 sed
1188 4391 1299 4444 sive
1338 4392 1387 4444 is
1431 4406 1538 4446 non
1569 4392 1856 4460 perfeth
1883 4410 2014 4464 opus
2115 4394 2198 4450 vis
2224 4410 2276 4449 ιν
2299 4393 2395 4449 Kal
2434 4393 2700 4462 Januarii,
2732 4409 2880 4449 anno
2903 4391 3121 4464 imperii
3150 4390 3421 4466 vigesimo
3472 4388 3716 4462 septimo,

399 4495 578 4549 suum,
618 4483 729 4536 sive
773 4484 1044 4549 integrum
1100 4496 1209 4537 non
1254 4481 1450 4537 reddat
1485 4483 1653 4538 codex
1698 4485 2014 4554 Vaticanus,
2117 4485 2423 4543 indictione
2442 4486 2627 4555 tertia,
2653 4486 2715 4542 id
2748 4491 2829 4542 est
2853 4486 2951 4542 sub
2978 4488 3141 4556 finem
3178 4487 3317 4540 anni
3343 4483 3473 4540 839.

402 4575 502 4644 qui
539 4572 666 4662 olim
692 4572 808 4639 fuit
838 4572 1179 4628 Bibliotheca:
1209 4573 1538 4641 Casinensis,
1561 4576 1688 4645 ﬁnis
1716 4579 1866 4632 tertii
1885 4577 2021 4632 libri
2190 4577 2279 4635 30.
2334 4581 2423 4636 Ex
2470 4580 2557 4635 his
2593 4578 2859 4635 nonnulla
2906 4577 3169 4633 discimus
3205 4576 3489 4632 observata
3539 4573 3714 4642 digna,

403 4668 453 4720 et
481 4668 622 4720 totus
644 4668 873 4735 quartus
898 4666 973 4721 ad
993 4681 1091 4721 nos
1118 4667 1341 4722 minime
1362 4670 1624 4738 pervenit.
2114 4671 2379 4740 primum,
2430 4668 2667 4724 Eccardi
2718 4669 2926 4723 comitis
2972 4681 3138 4736 genus
3201 4682 3269 4722 ex
3307 4670 3472 4738 patre
3521 4665 3718 4722 Childe-

1166 4754 1258 4809 lll.
2124 4761 2357 4827 branno,
2388 4761 2681 4829 Nibelungi
2716 4762 2922 4816 comitis
2951 4759 3034 4831 (ut
3055 4762 3207 4831 puto)
3227 4759 3363 4829 ﬁlio,
3394 4762 3445 4814 et
3480 4772 3547 4813 ex
3567 4761 3721 4813 matre

478 4841 571 4897 27.
602 4843 808 4899 Prxter
861 4843 1116 4900 Casinum
1167 4847 1217 4899 et
1268 4844 1587 4909 Floriacum,
1627 4861 1749 4916 quae
1777 4847 1893 4902 loca
1935 4849 2028 4904 in—
2124 4855 2606 4909 Donnanauxores
2636 4852 3018 4922 Albegundem,
3051 4868 3125 4908 an
3147 4850 3544 4920 Aldegundem,
3567 4853 3613 4905 et
3633 4852 3719 4907 Bi-

405 4934 743 5004 signioribus
767 4938 1068 5005 praesentiat
1095 4951 1206 4991 sua
1250 4937 1469 4991 indiciis
1509 4938 1781 4993 decorauit
1809 4945 2027 4996 sanctus
2127 4943 2380 5006 childem,
2417 4943 2799 4999 Theodericum
2825 4944 3076 5011 fratrem.
3108 4943 3198 4998 Ex
3225 4940 3465 5013 ejusdem
3507 4938 3721 4996 Eccardi

408 5027 596 5095 Pater,
623 5029 685 5081 in
728 5027 982 5096 subjectis
1027 5028 1183 5084 libris
1210 5028 1549 5084 celebrantur
1575 5029 1690 5084 alia
1737 5030 1865 5098 duo,
1896 5032 2031 5086 cella
2129 5036 2465 5099 testamento,
2495 5048 2615 5102 qua:
2643 5033 2836 5087 charta
2860 5031 3052 5087 ordine
3088 5033 3285 5101 quinta
3329 5033 3429 5097 est,
3486 5029 3719 5084 discimus

406 5119 612 5175 scilicet
664 5120 1030 5175 Patriaeensis
1082 5124 1132 5175 et
1186 5121 1622 5188 Barcinonensis,
1661 5122 1760 5177 ubi
1805 5127 2028 5179 sanctus
2128 5123 2240 5192 ipsi
2265 5136 2581 5189 germanam
2600 5121 2776 5189 fuisse
2812 5121 3073 5176 Adanam
3107 5119 3427 5176 monacham
3460 5119 3521 5173 in
3545 5116 3721 5171 Afrano

403 5212 724 5267 Benedictus
757 5213 1043 5268 miraculis
1073 5214 1291 5268 claruit.
2129 5226 2222 5266 seu
2259 5209 2494 5267 Afarano
2530 5212 2877 5275 monasterio,
2935 5213 3024 5267 cui
3071 5216 3182 5266 tum
3214 5210 3488 5281 prafecta
3525 5210 3722 5264 Bertra-

473 5304 563 5358 28.
595 5307 666 5360 De
698 5305 1011 5360 Patriciaco
1061 5309 1233 5373 agunt
1280 5306 1560 5360 Aimoinus
1588 5307 1646 5360 in
1675 5306 1771 5363 lib.
1806 5322 1864 5374 ιι,
1905 5322 2027 5377 cup.
2129 5302 2279 5357 dana
2349 5301 2499 5369 Quod
2534 5316 2643 5357 non
2669 5300 2826 5357 aliud
2860 5315 2970 5355 esse
2995 5300 3211 5355 videtur
3261 5314 3430 5369 quam
3484 5306 3722 5353 monaste-

407 5390 475 5446 15
518 5396 568 5448 et
595 5393 958 5463 sequentibus.
996 5395 1280 5449 Tortarius
1318 5395 1380 5449 in
1409 5409 1530 5464 cap.
1563 5394 1632 5449 39
1669 5399 1717 5450 et
1744 5395 1891 5451 aliis.
1924 5395 2027 5450 Pa-
2129 5397 2276 5451 rium
2305 5394 2517 5452 Sanctae
2544 5397 2698 5451 Barce
2728 5397 2788 5450 in
2810 5398 2994 5451 tractu
3022 5396 3258 5463 Briegio.
3291 5395 3356 5449 1n
3384 5393 3558 5449 eodem
3582 5394 3724 5448 testa-

480 5569 554 5638 (1)
596 5570 707 5627 Nos
764 5572 989 5629 nonnisi
1051 5572 1266 5631 Rodulﬁ
1337 5574 1566 5631 Tortarii
1625 5589 1765 5645 Opus
1821 5576 2037 5632 damus.
2080 5575 2230 5634 Alios
2264 5576 2377 5647 jam
2400 5574 2697 5633 edidimus.
