3932 6040
233 198 382 256 1189

1386 184 1729 243 MIRACULA
1767 183 2002 243 SANCTI
2041 184 2418 244 BENEDICTI.

3434 196 3574 254 1190

232 327 413 381 mento
443 321 847 389 Gerberganam
873 320 1083 388 neptem
1111 330 1270 372 suam
1293 318 1467 382 vocat,
1494 315 1580 369 uti
1607 317 1657 369 et
1683 315 1744 368 in
1763 327 1852 368 se-
1879 316 1934 386 Α
1959 312 2019 368 In
2049 330 2156 385 qua
2180 321 2356 370 turma
2377 314 2489 369 Deo
2514 311 2812 370 famulatur
2833 315 3029 373 sedula
3048 318 3289 389 Christo,

235 416 527 490 quentibus
592 414 811 480 litteris,
863 413 926 466 in
963 411 1156 481 quibus
1205 409 1564 466 Guiniterium
1617 411 1858 478 nepotem

236 524 401 566 suum
456 505 733 578 appellat;
779 501 933 572 cujus
964 501 1252 556 Guiniterii
1288 514 1379 554 seu
1423 498 1704 554 Winiterii
1741 497 1860 552 dum

238 599 446 653 chartae
484 597 735 663 leguntur
759 591 949 647 ordine
1001 588 1072 644 20
1101 594 1151 645 et
1198 589 1290 643 26.
1320 590 1457 658 Lege
1506 590 1725 643 chartas
1770 585 1855 652 13,

239 689 316 743 44
345 692 397 743 et
425 687 493 742 15
530 701 629 756 pro
652 684 947 751 Nivelongo
977 683 1185 748 comite,
1214 696 1371 750 quem
1393 684 1527 750 puto
1555 695 1664 735 esse
1692 677 1860 748 hujus

243 777 477 833 Eccardi
506 790 687 830 avum.
741 773 1007 828 Discimus
1053 772 1179 825 item
1235 784 1304 825 ea:
1342 771 1529 841 prima
1564 769 1779 836 charta,
1809 772 1860 822 et

239 871 409 923 etiam
450 882 518 921 ea:
571 864 825 932 secunda,
877 861 1263 918 Theodbertum
1308 860 1555 915 abbatem
1581 864 1702 930 post
1728 862 1861 916 Ber-

240 959 479 1014 nardum
517 956 848 1013 Floriacensi
900 954 1219 1008 monasterio
1257 953 1547 1022 prwfuisse
1575 950 1698 1021 jam
1741 950 1861 1004 inde

238 1050 432 1103 saltem
457 1047 526 1101 ab
554 1061 694 1100 anno
721 1043 848 1111 876,
888 1042 1237 1112 eumdemque
1270 1057 1400 1107 esse,
1446 1043 1544 1111 qui
1579 1041 1690 1095 loco
1713 1054 1863 1111 prte-

240 1137 457 1193 sidebat
504 1150 646 1190 anno
674 1132 780 1189 885
805 1148 872 1188 ea:
908 1133 1103 1187 charta
1143 1131 1232 1185 11.
1265 1130 1545 1187 Gibertum
1588 1130 1864 1185 Teodberti

241 1231 418 1287 locum
443 1243 728 1299 occupasse
756 1242 898 1282 anno
920 1226 1027 1280 890
1047 1228 1253 1281 constat
1277 1240 1345 1279 ea:
1365 1224 1558 1279 charta
1577 1223 1669 1278 27.
1704 1226 1870 1279 Lam-

246 1324 459 1379 bertum
484 1337 608 1376 vero
633 1336 776 1375 anno
801 1319 904 1374 907
941 1334 1009 1373 ea;
1046 1317 1140 1373 29.
1180 1320 1254 1373 De
1281 1320 1390 1371 situ
1419 1318 1721 1371 Patriciaci
1758 1332 1868 1371 am-

246 1416 399 1487 plius
428 1415 644 1470 dicetur
661 1412 736 1467 ad
768 1412 1008 1483 Tartarii
1022 1425 1143 1480 cap.
1167 1409 1256 1464 46.

325 1502 415 1560 31.
469 1502 622 1557 Alius
677 1502 824 1557 locus
867 1499 1143 1554 Benedicti
1181 1497 1462 1553 miraculis
1502 1496 1727 1553 celebris
1753 1497 1868 1564 fuit

250 1592 390 1648 cella
426 1591 674 1663 quadam
708 1583 836 1658 agri
860 1587 1274 1645 Barcinonensis
1295 1594 1481 1642 sancto
1505 1589 1660 1642 Patri
1685 1601 1864 1653 sacra,

2067 406 2278 460 Gaudet
2304 405 2561 477 przesidio
2603 412 2738 474 tuta,
2773 416 3024 478 patrone,
3055 418 3151 468 tuo

1961 496 2075 550 lluc
2104 501 2359 550 oraturus
2383 495 2654 551 successit
2684 495 2843 551 miles
2872 498 3108 569 amicus,

2068 585 2225 639 Extra
2255 583 2500 639 dimissis
2525 585 2705 641 donec
2731 587 2910 643 abiret
2936 591 3117 662 equis.

1960 675 2065 732 Fur
2103 677 2248 748 rapit
2276 677 2380 733 hos
2406 677 2587 745 avide,
2628 677 2813 735 vicino
2847 684 3112 755 mergitur
3140 700 3324 742 amne.

2066 765 2302 821 Perdere
2332 782 2473 838 quos
2501 766 2699 828 timuit.
2733 769 2892 825 miles
2913 787 3089 844 equos
3121 774 3317 846 recipit

1962 862 2236 919 Classibus
2273 864 2487 920 advecti
2519 874 2815 937 properant
2839 868 2972 924 illuc
2994 870 3251 942 Agareni,

2065 953 2345 1016 Quatenus
2367 952 2494 1028 igne
2522 962 2789 1022 crement,
2817 958 2981 1013 rebus
3011 966 3065 1014 et
3094 960 3424 1030 exspolient.

1962 1043 2210 1099 Fundere
2231 1044 2358 1099 vina
2395 1044 2610 1111 volunt,
2635 1046 2844 1119 glacies
2872 1050 3026 1120 quasi
3067 1051 3204 1105 dura
3248 1052 3530 1127 rigescunt
3560 1073 3574 1109 :

2070 1136 2217 1210 Ignis
2243 1145 2297 1191 et
2327 1134 2563 1205 injectus
2590 1145 2787 1207 sponte
2817 1155 2916 1196 sua
2945 1142 3196 1198 moritur.

1966 1224 2184 1281 Judicat
2208 1228 2310 1283 hos
2334 1228 2547 1291 molles,
2565 1235 2619 1284 et
2652 1230 2817 1286 mittit
2844 1247 2938 1287 rex
2965 1234 3253 1292 truciores.

2075 1319 2296 1375 Miratur
2333 1336 2503 1392 quare
2537 1321 2631 1376 fiat
2659 1329 2715 1377 et
2746 1322 2834 1378 his
2864 1324 3071 1381 simile.

1969 1409 2117 1465 Unus
2138 1410 2231 1482 qui
2258 1426 2467 1465 sacram
2508 1411 2763 1468 demoliri
2797 1414 2950 1486 cupit
2974 1432 3147 1484 aram,

2075 1498 2244 1554 Ictum
2276 1499 2405 1554 dum
2429 1499 2610 1569 librat,
2643 1517 2704 1556 sc
2735 1500 2985 1559 feriendo
3014 1515 3193 1561 necat.

250 1646 462 1754 ἐιυᾶ
489 1646 545 1738 ὦ
573 1646 866 1753 αΡΡθηᾶίεϐ
894 1681 968 1736 ad
982 1679 1274 1748 Rodulfum
1306 1680 1635 1747 “Narium,
1668 1646 1869 1733 meme;
1890 1648 1943 1718 Β
2006 1646 2159 1751 .Hrec
2188 1647 2321 1754 c'etla
2359 1650 2768 1754 seu'cwnobium
2796 1651 2992 1706 itinere
3019 1654 3185 1708 unius
3224 1653 3336 1709 diei
3382 1673 3417 1710 a
3446 1657 3583 1712 Bar-

248 1776 411 1828 ratur
432 1770 501 1827 ab
528 1772 646 1841 ipso
681 1770 925 1825 Tortario
952 1771 1012 1824 in
1033 1769 1165 1824 libri
1192 1767 1428 1823 Andreae
1454 1766 1712 1822 monachi
1746 1782 1865 1820 ver-

251 1866 405 1921 sione
431 1864 654 1919 metrica
690 1863 776 1917 his
813 1861 1087 1933 uersibus:

252 1977 347 2034 Est
374 1975 765 2048 domusampla
786 1975 929 2031 Patri
960 1976 1064 2031 sita
1093 1990 1239 2050 pago
1270 1973 1682 2042 Barcinonensi,

362 2069 520 2141 Saepe
544 2073 772 2125 vocatus
790 2066 888 2123 ubi
918 2068 1078 2140 plura
1103 2066 1379 2139 stupenda
1407 2064 1558 2123 facit.

1966 1739 2154 1792 cinone
2190 1739 2396 1793 distare
2441 1739 2648 1794 dicitur
2703 1744 2761 1796 in
2806 1744 3107 1813 appendice
3136 1745 3211 1799 ad
3243 1748 3576 1813 Tortarium,

1970 1826 2068 1880 ubi
2094 1828 2332 1895 primum
2360 1826 2511 1881 istud
2534 1829 2861 1884 miraculum
2886 1834 3171 1889 recitatur.

2043 1971 2132 2025 32.
2172 1973 2295 2027 Jam
2337 1977 2542 2043 tempus
2594 1979 2673 2029 est
2724 1975 3033 2031 adducendi
3060 1979 3329 2034 Diederici
3380 1996 3585 2036 narra-

1972 2069 2189 2134 tionem,
2216 2082 2338 2137 qute
2373 2069 2429 2122 in
2455 2082 2557 2123 ms.
2591 2069 2770 2124 codice
2788 2071 2930 2125 hunc
2959 2073 3176 2127 titulum
3197 2075 3438 2142 praefert.

667 2357 1530 2495 MIRACULA
1629 2354 2207 2493 SANCTI
2309 2359 3192 2497 BENEDICTI

1400 2569 1700 2628 AUCTORE
1740 2571 2043 2630 RADULFO
2084 2573 2442 2634 TORTARIO.

260 2848 386 2905 Car.
421 2848 461 2902 ι.
492 2878 564 2889 -
616 2846 730 2905 Odo
758 2862 841 2930 res
881 2847 941 2930 β.
995 2845 1272 2930 Benedicti
1324 2849 1548 2930 rapiens
1576 2850 1626 2904 et
1670 2864 1875 2905 cereum
1898 2853 1948 2924 ο
1977 2852 2221 2909 candelae
2250 2854 2623 2923 haberentur;
2648 2857 2736 2913 cui
2763 2872 2886 2913 cum
2912 2872 3240 2930 responsum
3274 2866 3422 2915 esset
3451 2859 3592 2915 nihil

665 2918 998 2988 paschalem,
1030 2919 1172 2973 male
1207 2920 1455 2975 moritur.

336 3033 485 3109 Rege
522 3032 854 3089 Francorum
922 3032 1155 3089 Henrico
1212 3032 1449 3090 feliciter
1510 3042 1730 3109 sceptra
1785 3042 1877 3093 te-

261 3129 451 3191 nente,
492 3123 724 3195 ejusque
775 3139 1040 3196 germano
1082 3121 1386 3200 [Rotberto]
1438 3126 1698 3183 ducatum
1743 3128 1880 3183 Bur-

262 3213 485 3287 gundiaa
543 3221 828 3285 utcunque
884 3213 1330 3283 administrante,
1406 3215 1574 3271 frater
1633 3217 1877 3287 ipsorum

263 3301 379 3359 Odo
399 3302 648 3375 privatus
675 3302 939 3377 degebat,
969 3304 1177 3359 nullius
1195 3305 1483 3378 dignitatis
1507 3307 1727 3381 fastigio
1747 3308 1881 3363 sub-

259 3395 504 3451 limatus.
548 3392 668 3459 Qui,
731 3394 997 3466 quoniam
1044 3411 1156 3451 non
1212 3396 1452 3453 habebat
1503 3398 1746 3469 pr0pria,
1787 3399 1879 3454 in-

262 3489 452 3545 hiabat
497 3488 791 3560 subripere
821 3488 1023 3557 aliena,
1052 3489 1263 3561 rapinis
1295 3497 1349 3546 et
1374 3492 1885 3562 depraedationibus

262 3597 488 3654 operam
517 3580 881 3653 'jmpendens.
924 3580 1082 3636 Unde
1119 3580 1321 3638 factum
1374 3590 1457 3639 est
1513 3584 1606 3639 die
1646 3585 1882 3656 quadam

264 3678 328 3728 ut
382 3670 565 3727 valida
624 3686 792 3726 manu
866 3669 1103 3725 militum
1163 3671 1415 3739 collecta,
1483 3671 1885 3728 Soliacensium

268 3768 457 3837 (Sully
541 3782 717 3839 prope
803 3765 1146 3839 Floriacum)
1220 3767 1439 3841 sibique
1501 3770 1887 3845 contiguorum

274 3871 436 3930 agros
462 3855 841 3927 depraedatum
874 3856 998 3912 iret.
1029 3853 1161 3910 lnde
1194 3863 1480 3912 revertens
1505 3866 1740 3913 onustus
1768 3875 1895 3930 spo-

271 3947 365 4002 liis
381 3954 436 4003 et
467 3947 672 4018 praeda,
706 3947 939 4021 contigit
981 3953 1042 4003 ut
1072 3947 1237 4003 etiam
1269 3949 1635 4020 quorumdam
1679 3967 1889 4022 paupe-

276 4058 391 4096 rum
441 4041 620 4096 Patris
650 4041 934 4097 Benedicti
985 4057 1074 4097 res
1122 4042 1376 4115 cepisset.
1432 4043 1721 4100 Divertens
1759 4062 1891 4102 vero

275 4133 333 4188 in
364 4131 640 4205 quoddam
686 4149 782 4188 rus
801 4133 1052 4203 ejusdem
1080 4133 1276 4202 Patris,
1318 4135 1699 4193 Garminiacus
1750 4137 1895 4210 (Ger-

1981 2957 2121 2997 cera:
2152 2942 2263 2999 illic
2316 2945 2509 3000 haberi
2538 2955 2736 3017 prmter
2768 2947 3080 3018 paschalem
3128 2963 3373 3016 cereum,
3404 2947 3460 3003 in
3487 2949 3592 3004 ho-

1982 3046 2172 3086 norem
2203 3033 2465 3090 videlicet
2503 3035 2805 3091 Dominicae
2852 3036 3314 3104 Resurrectionis,
3355 3054 3385 3092 a
3426 3052 3593 3109 paro-

1980 3124 2254 3181 chialibus
2281 3127 2513 3182 solemni
2548 3127 2791 3184 oblatum
2814 3144 2987 3196 more,
3013 3128 3175 3197 jubet
3202 3146 3327 3185 eum
3360 3144 3597 3201 propere

1980 3214 2182 3282 afferri,
2211 3226 2265 3273 et
2295 3218 2497 3274 exinde
2528 3219 2789 3275 candelas
2811 3219 3038 3291 copiose
3076 3220 3441 3293 suppeditari,
3485 3235 3598 3276 non

1979 3304 2186 3360 veritus
2223 3305 2482 3375 injuriam
2536 3307 2852 3375 Salvatoris,
2919 3307 3009 3363 cui
3054 3306 3397 3363 sanctificata
3444 3315 3601 3363 erant

1984 3416 2180 3457 cereus
2196 3410 2252 3458 et
2279 3403 2535 3459 ecclesia.
2561 3402 2802 3460 Proinde
2825 3405 2955 3461 vino
2974 3404 3319 3476 diversisque
3345 3403 3599 3460 ciborum

1984 3489 2207 3548 ferculis
2237 3507 2362 3547 cum
2389 3491 2507 3547 suis
2526 3499 2779 3549 accurate
2804 3493 3065 3559 refectus,
3107 3509 3276 3549 sanus
3306 3500 3359 3549 et
3382 3492 3602 3549 incolu-

1984 3580 2110 3642 mis.
2145 3587 2272 3652 post
2314 3595 2533 3637 morose
2564 3588 2866 3653 protractas
2917 3585 2973 3638 in
3016 3599 3220 3639 vanum
3282 3598 3600 3638 sermonum

1984 3669 2221 3742 vigilias,
2256 3670 2554 3727 dormitum
2586 3673 2764 3740 vadit;
2808 3680 2863 3729 et
2890 3674 3019 3728 dum
3052 3674 3157 3730 levi
3184 3690 3405 3746 sopore,
3441 3673 3606 3747 quie-

1989 3777 2152 3817 scens
2177 3762 2393 3835 aliquas
2445 3765 2624 3820 noctis
2654 3765 3039 3836 pertransisset
3086 3767 3269 3835 horas,
3310 3767 3489 3822 subita
3521 3766 3609 3821 in-

1991 3852 2400 3908 commoditatis
2438 3854 2692 3929 angustia
2747 3854 3125 3926 perturbatus,
3173 3855 3434 3911 inclamat
3479 3870 3610 3911 suos

1994 3943 2198 4016 quibus
2237 3945 2775 4001 circumsistentibus
2805 3947 3011 4003 indicat
3046 3964 3106 4003 se
3145 3946 3429 4003 mortifera
3455 3946 3610 4002 inva-

1992 4036 2241 4094 letudine
2273 4038 2529 4095 detineri.
2569 4040 2757 4112 Itaque
2796 4056 2898 4112 per
2926 4039 3202 4112 reliquum
3257 4040 3379 4111 ejus
3413 4038 3609 4107 noctis,

1993 4129 2185 4184 eadem
2219 4129 2639 4205 ingravescente
2694 4130 2969 4199 molestia,
3027 4130 3083 4185 in
3119 4146 3186 4186 eo
3228 4130 3351 4187 loco
3391 4129 3616 4185 mansit.

274 4224 476 4294 migny)
498 4220 791 4291 vocabulo,
822 4221 1171 4277 mansionem
1219 4223 1521 4280 violentam
1555 4224 1763 4282 ibidem
1796 4222 1969 4292 ac-D
1995 4221 2154 4277 Facto
2212 4231 2393 4277 autem
2435 4238 2599 4277 mane
2655 4238 3061 4297 recognoscens
3109 4220 3403 4276 manifeste
3446 4220 3613 4276 Patris

172 4356 175 4359 ›
276 4316 444 4389 cepit,
476 4317 991 4375 contradicentibus
1028 4316 1138 4372 sibi
1164 4318 1413 4388 ejusdem
1458 4321 1604 4377 ruris
1633 4320 1891 4379 ofﬁciali-

280 4409 404 4478 bus,
443 4415 501 4465 et
536 4408 907 4465 referentibus
936 4425 1100 4481 quam
1149 4425 1339 4466 severe
1378 4410 1741 4469 ulcisceretur
1767 4412 1895 4469 Om-

282 4499 545 4571 nipotens
572 4498 871 4555 violatores
903 4496 1054 4554 illius
1084 4497 1212 4567 loci,
1255 4499 1469 4555 meritis
1522 4501 1699 4558 Patris
1730 4502 1905 4558 Bene-

283 4590 435 4648 dicti.
470 4589 570 4656 Qui
601 4591 1019 4663 floccipendens
1060 4606 1252 4648 eorum
1273 4590 1442 4662 dicta,
1477 4594 1742 4666 praecepit
1761 4595 1908 4651 circa

283 4684 600 4754 ecclesiam,
627 4686 684 4741 in
713 4687 924 4743 honore
955 4684 1255 4741 Salvatoris
1283 4686 1478 4741 mundi
1516 4687 1723 4744 ibidem
1752 4689 1906 4745 dica-

284 4783 417 4842 tam,
458 4777 683 4851 rapinas
712 4777 920 4834 includi
959 4793 1291 4850 pauperum.
1342 4777 1628 4850 Siquidem
1659 4780 1903 4837 habebat

285 4865 477 4921 eadem
512 4865 749 4922 ecclesia
771 4865 1150 4922 coemeterium
1172 4864 1300 4922 valli
1325 4866 1637 4923 munimine
1666 4869 1911 4925 circum-

288 4955 496 5012 datum.
529 4955 694 5011 Porro
726 4954 945 5011 famulis
966 4957 1079 5026 jam
1114 4957 1245 5013 dicti
1265 4957 1442 5015 Patris
1462 4957 1530 5013 ab
1551 4974 1619 5015 eo
1640 4958 1743 5015 sibi
1775 4960 1909 5015 sub-

291 5050 447 5114 repta
476 5043 859 5115 repetentibus
895 5044 1080 5101 animo
1119 5044 1446 5103 obfirmatus
1493 5046 1635 5102 nihil
1676 5046 1909 5105 reddere

290 5129 464 5188 voluit
500 5131 743 5203 penitus,
776 5132 1004 5204 insuper
1028 5134 1396 5191 comminatus
1422 5142 1505 5192 est
1532 5152 1629 5192 eos
1659 5137 1910 5193 verberi-

291 5219 396 5275 bus
415 5226 476 5275 ut
499 5226 744 5276 tacerent
772 5219 1130 5290 afficiendos;
1165 5231 1282 5278 erat
1310 5224 1457 5279 enim
1491 5223 1676 5280 nimiae
1706 5223 1910 5281 feroci-

293 5308 418 5364 tatis
458 5314 513 5364 et
559 5309 914 5366 extollentim.
949 5310 1121 5385 Igitur
1159 5313 1459 5384 praeparari
1490 5314 1731 5385 amplum
1779 5314 1908 5383 sibi,

293 5398 543 5471 suisque,
576 5401 646 5458 de
670 5400 839 5457 rebus
860 5417 1167 5473 pauperum
1192 5402 1353 5472 jubet
1377 5404 1710 5460 convivium.
1745 5404 1910 5461 Cum-

297 5508 405 5566 que
434 5493 651 5550 deesset
679 5510 805 5550 cera
835 5494 983 5550 unde
1007 5494 1279 5551 deberent
1309 5494 1425 5550 fieri
1452 5495 1744 5552 luminaria
1774 5511 1912 5569 epu-

295 5583 488 5641 laturis
518 5586 852 5654 necessaria,
882 5586 1189 5662 interrOgat
1217 5592 1400 5642 utrum
1452 5585 1507 5642 in
1537 5587 1774 5644 ecclesia
1816 5588 1909 5645 illa

1994 4310 2278 4366 Benedicti
2323 4328 2432 4375 res,
2464 4312 2746 4367 neminem
2793 4312 3044 4385 quamvis
3073 4327 3345 4386 generoso
3387 4326 3620 4367 concre-

1992 4411 2107 4459 tum
2155 4402 2431 4477 sanguine
2477 4402 2704 4473 impune
2742 4409 3015 4459 temerare
3069 4418 3262 4475 posse;
3291 4418 3402 4475 quo
3441 4402 3613 4458 valuit

2006 4493 2191 4558 modo,
2232 4509 2435 4565 equum
2476 4494 2785 4550 ascendens
2824 4495 3075 4563 recessit,
3104 4503 3160 4551 et
3180 4495 3378 4551 eodem
3406 4494 3620 4550 invale—

2005 4588 2195 4637 scente
2235 4582 2430 4638 morbo
2461 4581 2605 4637 diem
2630 4581 2881 4659 ultimum
2926 4583 3143 4652 clausit,
3167 4582 3455 4655 probabile
3490 4582 3623 4638 satis

2007 4670 2183 4727 factus
2229 4679 2639 4745 argumentum,
2690 4671 2991 4728 veridicam
3048 4672 3197 4728 illam
3240 4689 3363 4729 esse
3393 4681 3620 4729 senten-

2006 4764 2158 4829 tiam,
2192 4779 2302 4835 qua
2333 4763 2535 4818 dicitur
2564 4778 2676 4820 non
2703 4779 2823 4821 esse
2852 4779 3209 4837 personarum
3238 4765 3621 4838 acceptionem

2007 4852 2154 4924 apud
2193 4852 2363 4908 Deum
2400 4854 2567 4923 (Rom.
2604 4870 2662 4908 ιι.
2706 4854 2816 4925 11).

2078 4946 2205 5002 CAP.
2252 4948 2318 5002 ll.
2355 4977 2426 4988 --
2496 4949 2710 5004 Vilticus
2748 4950 3045 5019 negligens.
3085 4950 3336 5006 Ecclesia:
3370 4949 3620 5019 neglecta:

2002 5054 2184 5110 paena.
2216 5038 2429 5095 Exstitit
2447 5039 2698 5108 ejusdem
2726 5041 2918 5113 predii
2942 5041 3180 5108 villicus,
3199 5041 3425 5098 nomine
3440 5040 3625 5096 Vivia-

2009 5144 2135 5194 nus,
2168 5128 2251 5184 vir
2275 5127 2526 5184 moribus
2554 5127 2843 5198 barbarus,
2877 5139 3102 5202 aspectu
3128 5138 3333 5186 torvus.
3368 5129 3503 5185 Huic
3522 5146 3626 5185 su-

2009 5216 2236 5290 prafataa
2267 5217 2541 5286 ecclesiae,
2575 5218 2719 5274 sicut
2754 5227 2811 5275 et
2836 5218 3173 5291 reliquarum
3207 5219 3380 5291 ipsius
3406 5234 3630 5290 posses-

2008 5310 2184 5368 sionis
2204 5311 2505 5377 actionum,
2568 5329 2697 5369 cura
2730 5314 3025 5369 commissa
3060 5313 3256 5370 fuerat.
3290 5313 3389 5380 Qui
3421 5330 3625 5386 super-

2008 5422 2312 5464 vacaneum
2369 5407 2583 5464 ducens
2640 5410 2695 5464 in
2754 5410 2954 5466 talibus
3015 5417 3234 5481 tempus
3291 5408 3628 5480 expendere,

2010 5498 2218 5572 quippe
2245 5498 2341 5571 qui
2398 5500 2700 5574 ignoraret,
2733 5500 2923 5574 quanti
2962 5500 3219 5556 habenda
3268 5500 3402 5569 sint,
3435 5506 3630 5556 custo-

2012 5591 2158 5647 diam
2197 5597 2511 5649 sanctorum
2561 5592 2670 5648 sibi
2727 5593 3037 5668 delegatam
3096 5593 3339 5650 locorum
3399 5592 3628 5650 omnino
