3932 6040
383 211 518 271 1191

1384 201 1667 265 RADULFI
1705 204 2016 269 TORTARII
2053 205 2349 270 MONACHI
2388 208 2691 272 FLORIAC.

3556 215 3734 277 1192

383 339 726 414 postposuit,
777 338 956 413 magis
985 339 1280 396 intendens
1309 355 1554 397 annuum
1585 343 1806 417 exigere
1846 361 1996 418 quaz-
2023 351 2226 420 Avero
2271 348 2598 415 Gaufredus,
2653 357 3022 427 cognomento
3049 351 3240 422 Rufus,
3271 354 3578 428 cupiditate
3622 357 3731 411 in-

381 441 528 490 stum
564 433 633 488 de
663 431 770 488 sibi
810 430 1163 488 subditorum
1205 432 1370 489 rebus
1393 450 1716 507 pauperum.
1759 436 1992 494 Oratorii

379 541 509 601 ergo
542 523 793 596 ejusdem
825 524 1066 580 ambitus
1093 524 1212 594 ejus
1259 525 1470 580 incuria
1509 526 1816 602 neglectus,
1867 530 1994 584 nul-

377 613 484 670 lius
531 613 658 670 valli
711 612 1066 668 muniebatur
1101 611 1262 668 obice
1329 613 1629 672 alteriusve
1670 617 1940 674 obstaculi
1974 637 1990 688 ;

376 704 476 760 sed
507 703 720 760 foribus
754 703 1012 758 reseratis
1045 703 1269 774 patebat
1315 704 1568 773 canibus,
1600 707 1784 778 porcis
1809 717 1864 765 et
1892 725 1993 764 cu-

370 795 575 868 jusque
625 794 851 870 generis
906 793 1261 852 animalibus.
1318 796 1444 852 Erat
1497 805 1678 854 autem
1731 799 1993 857 Vivianus

377 885 554 941 cultor
583 883 780 939 fertilis
827 883 943 959 agri
974 883 1267 940 abundans
1295 884 1516 957 opibus,
1549 886 1704 944 dives
1732 889 1952 960 pecoris
1977 907 1990 945 :

378 983 432 1030 et
479 973 742 1046 quoniam
800 980 917 1028 erat
965 973 1220 1029 assiduus
1274 982 1522 1043 venator,
1567 976 1750 1032 alebat
1791 994 1991 1034 canum

377 1083 622 1142 gregem,
659 1066 728 1121 ad
767 1065 1067 1137 capiendas
1091 1067 1341 1122 modicas
1367 1083 1463 1123 seu
1491 1085 1720 1142 magnas
1746 1069 1996 1126 diversa-

378 1178 560 1218 sarum
593 1161 903 1232 specierum
938 1159 1081 1216 feras
1111 1177 1384 1236 sagacem.
1438 1162 1650 1218 Accidit
1687 1164 1873 1236 itaque
1906 1165 1996 1220 die

379 1250 614 1324 quadam
643 1265 812 1305 unum
863 1249 933 1304 de
973 1249 1226 1317 canibus,
1281 1249 1411 1321 quia
1452 1250 1674 1320 patebat
1707 1251 1996 1325 ingressus

380 1343 602 1398 nemine
633 1342 962 1408 obsistente,
1001 1341 1234 1396 intrasse
1260 1342 1372 1410 jam
1411 1341 1616 1397 dictum
1648 1341 1834 1398 Sancti
1875 1344 1996 1399 Sal-

378 1432 582 1488 vatoris
625 1431 924 1488 oratorium
959 1471 974 1499 ,
1034 1447 1200 1502 quem
1255 1431 1542 1486 consecuti
1586 1437 1716 1486 sunt
1763 1447 1829 1486 ex
1873 1432 1996 1488 aliis

376 1524 567 1596 aliqui.
602 1523 768 1580 Porro
799 1523 892 1595 qui
935 1522 1144 1593 primus
1169 1522 1454 1596 ingressus
1505 1521 1702 1587 fuerat,
1732 1525 1995 1595 quoniam

380 1620 593 1690 lampas
622 1618 677 1672 in
718 1633 827 1689 quo
860 1617 970 1672 olei
1015 1616 1197 1688 liquor
1229 1617 1297 1672 ad
1337 1615 1659 1690 effugandas
1696 1627 1996 1675 nocturnas

378 1714 526 1770 illius
553 1713 694 1768 sacri
720 1711 827 1767 loci
861 1709 1118 1766 tenebras
1161 1710 1376 1767 infusus
1407 1711 1738 1779 habebatur,
1771 1714 1996 1784 prepior

381 1805 697 1876 pavimento
732 1803 1102 1874 dependebat,
1157 1803 1298 1859 saltu
1339 1803 1565 1860 adnisus
1616 1821 1736 1860 eam
1769 1806 1991 1875 dejecit,

382 1903 437 1951 et
467 1895 575 1952 olei
617 1894 921 1968 liquamen,
964 1895 1112 1966 quod
1168 1895 1236 1950 de
1295 1895 1414 1966 ipsa
1463 1895 1683 1952 effracta
1737 1897 1992 1969 lampade

385 1985 622 2042 effusum
655 1994 792 2054 erat,
833 1986 1026 2060 lingua
1055 1986 1265 2042 lambit.
1309 1987 1434 2042 Erat
1476 2002 1608 2044 vero
1648 1987 1736 2043 hic
1765 1988 1991 2044 domino

382 2091 482 2132 suo
529 2075 689 2131 valde
736 2090 930 2142 carus;
965 2075 1229 2147 quoniam
1268 2091 1334 2131 ex
1391 2075 1487 2132 illo
1526 2083 1642 2132 erat
1671 2091 1866 2132 canum
1897 2093 1996 2150 ge-

386 2181 540 2232 nere,
565 2163 660 2236 qui
691 2164 910 2235 le1'ores
938 2169 1307 2236 assequuntur
1333 2164 1624 2220 velocitate
1643 2165 1867 2236 pedum.
1890 2167 1995 2221 Ac-

381 2264 607 2312 currunt
646 2262 702 2311 et
760 2255 879 2324 alii,
929 2255 1218 2328 cupientes
1255 2255 1422 2326 hujus
1465 2256 1639 2312 edulii
1697 2257 1994 2328 participes

380 2345 521 2402 fieri.
571 2344 684 2399 Nec
713 2358 887 2413 mora,
928 2344 1022 2415 qui
1053 2345 1237 2400 oleum
1275 2344 1656 2412 lambuerant,â€˜
1678 2346 1737 2400 in
1780 2346 1989 2402 rabiem

374 2441 663 2494 vertuntur
680 2451 694 2490 :
714 2435 1034 2508 egressique
1050 2435 1118 2490 ab
1134 2435 1395 2504 oratorio,
1408 2435 1662 2492 mirabile
1674 2437 1844 2493 dictu!
1869 2437 1991 2493 aliis

375 2529 649 2588 commisti
676 2530 931 2592 canibus,
965 2529 1060 2602 qui
1095 2529 1234 2586 forte
1260 2529 1317 2585 in
1343 2531 1509 2588 domo
1533 2531 1622 2587 vel
1647 2531 1834 2605 platea
1856 2531 1990 2587 sub-

372 2624 647 2690 stiterant,
675 2637 870 2678 omnes
900 2622 1123 2678 rabidos
1153 2622 1422 2692 efficiunt,
1469 2632 1524 2680 et
1553 2624 1823 2697 gregatim
1853 2641 1991 2696 qua-

373 2729 702 2787 quaversum
751 2712 1145 2779 discurrentes,
1177 2715 1491 2787 cuicunque
1528 2714 1828 2772 obviabant
1865 2716 1990 2771 ani-

372 2806 526 2873 mali,
559 2804 696 2860 illud
723 2819 822 2861 ore
851 2805 1142 2874 dilaniare,
1162 2806 1445 2880 unguibus
1467 2806 1784 2879 discerpere
1805 2814 1988 2863 atten-

253 2946 277 2964 ,
373 2899 582 2955 tabant.
615 2897 726 2952 Nec
764 2905 848 2952 est
878 2896 1004 2952 data
1031 2898 1255 2971 requies
1303 2899 1372 2954 ab
1400 2914 1592 2954 eorum
1628 2898 1984 2956 infestatione

2094 440 2354 513 stigante,
2385 441 2471 497 bis
2497 441 2661 498 binos
2687 441 2858 498 boves
2883 444 2978 516 qui
3022 445 3092 500 ad
3135 447 3436 503 excolenda
3485 448 3736 505 novalia

2093 531 2162 586 ad
2183 531 2393 589 reditus
2414 532 2636 590 fratrum
2665 534 3001 606 pertinentia
3031 536 3087 591 in
3116 537 3311 594 eadem
3345 541 3736 612 possessione

2093 623 2297 680 addicti
2341 623 2580 694 fuerant,
2641 625 2911 698 rapaciter
2958 627 3221 685 abstulit:
3279 631 3599 688 admonitus
3666 640 3742 687 ut

2091 731 2187 772 eos
2207 717 2486 786 redderet,
2528 718 2851 776 nullomodo
2881 721 3174 794 acquievit.
3200 724 3433 797 Insuper
3451 726 3635 782 multa
3660 741 3733 782 se

2093 808 2368 866 illaturum
2401 811 2631 868 adversa
2661 812 2803 868 Patri
2844 813 3140 872 Benedicto
3167 815 3584 886 famulantibus,
3623 819 3736 874 in-

2093 899 2422 954 terminatus
2448 906 2550 956 est.
2582 899 2738 968 Nam,
2771 901 2901 958 dum
2937 919 3039 976 per
3083 904 3267 961 villam
3317 906 3574 976 ejusdem
3610 908 3738 964 Pa-

2097 989 2195 1044 tris
2224 990 2498 1048 Bulliacus
2525 999 2772 1048 vocatam
2813 993 2918 1049 iter
2959 995 3183 1064 faceret,
3229 1007 3532 1055 convocato
3565 999 3734 1054 Gau-

2094 1079 2233 1134 terio
2259 1079 2509 1148 ejusdem
2539 1080 2682 1136 villae
2704 1081 2930 1151 Majore,
2961 1084 3104 1140 inter
3132 1091 3327 1141 caetera
3359 1087 3556 1142 insana
3581 1104 3732 1160 quae

2095 1165 2306 1224 furioso
2337 1169 2566 1240 protulit
2594 1185 2712 1237 ore,
2761 1178 3102 1229 contestatus
3153 1182 3237 1230 est
3275 1177 3527 1247 quandiu
3561 1177 3736 1234 adviâ€”

2094 1266 2270 1327 veret,
2302 1267 2550 1318 sanctum
2570 1261 2925 1319 Benedictum
2958 1281 3149 1335 pacem
3181 1283 3304 1322 cum
3323 1283 3391 1324 eo
3422 1285 3730 1342 nunquam

2097 1347 2434 1404 habiturum.
2469 1349 2563 1406 Cui
2615 1351 2763 1407 idem
2797 1352 3102 1421 Gauterius,
3160 1355 3244 1410 vir
3274 1357 3582 1425 modestus,
3613 1359 3728 1413 tali

2097 1441 2381 1513 respondit
2420 1440 2706 1498 affamine:
2746 1443 3067 1513 Multorum,
3117 1445 3396 1518 inquiens,
3445 1449 3730 1518 ejusmodi

2094 1548 2270 1588 manas
2297 1537 2541 1604 perpessi
2576 1549 2781 1599 sumus,
2815 1541 2863 1589 et
2892 1535 2963 1590 ab
3011 1537 3256 1592 omnibus
3281 1538 3366 1594 his
3396 1542 3606 1609 eripuit
3625 1556 3734 1594 nos

2094 1626 2348 1680 Dominus
2381 1641 2481 1696 per
2522 1633 2772 1681 meritum
2818 1630 3152 1684 sanctissimi
3186 1631 3460 1685 Benedicti
3505 1633 3728 1687 domini

2093 1723 2292 1786 nostri;
2315 1736 2466 1776 nemo
2497 1725 2672 1778 tamen
2689 1737 2867 1777 eorum
2897 1725 2995 1793 qui
3020 1724 3158 1778 talia
3182 1726 3422 1779 inaniter
3447 1724 3722 1780 adversus

2093 1825 2210 1865 eum
2233 1811 2579 1880 protulerunt
2605 1815 2788 1880 verba,
2817 1815 3032 1884 impune
3060 1829 3122 1869 ea
3157 1815 3444 1886 protulisse
3489 1814 3716 1871 diutius

2095 1900 2305 1956 laetatus
2335 1906 2431 1956 est.
2462 1900 2704 1957 Necdum
2754 1902 2877 1957 dies
2934 1911 3158 1959 octavus
3189 1903 3544 1975 praeterierat,
3589 1910 3724 1974 post

2098 2004 2260 2060 quam
2283 1989 2454 2046 boves
2479 1999 2756 2062 rapuerat,
2804 1998 2861 2048 et
2888 2007 3015 2048 ecce
3041 2008 3073 2047 a
3109 1992 3350 2064 quodam
3375 2008 3477 2048 suo
3508 1991 3714 2046 inimi-

2094 2093 2181 2146 co,
2212 2079 2299 2134 cui
2328 2079 2516 2135 itidem
2551 2079 2880 2152 quamplura
2927 2081 3184 2137 intulerat
3215 2080 3436 2149 damna,
3460 2083 3715 2137 circum-

2092 2172 2310 2235 ventus,
2365 2167 2666 2242 gladioque
2715 2169 3008 2226 confossus
3059 2170 3289 2238 interiit,
3333 2170 3477 2225 Patri
3535 2171 3720 2225 Bene-

2092 2257 2242 2314 dicto
2290 2257 2687 2313 famulantibus
2724 2257 2780 2311 in
2827 2257 2976 2314 nullo
3034 2257 3104 2313 de
3142 2258 3356 2330 reliquo
3402 2258 3719 2314 calumnia-

2092 2358 2209 2408 tus:
2266 2352 2432 2422 Impii
2481 2353 2644 2418 enim,
2703 2356 2763 2406 ut
2809 2349 2886 2405 ait
2939 2350 3221 2418 Salomon,
3262 2351 3328 2407 de
3393 2357 3539 2408 terra
3591 2368 3719 2424 per.

2089 2444 2304 2514 dentur,
2333 2447 2382 2499 et
2411 2445 2512 2514 qui
2538 2444 2723 2513 inique
2747 2447 2938 2512 agunt,
2970 2444 3292 2512 auferentur
3333 2459 3402 2500 ea:
3435 2459 3498 2501 ea
3524 2445 3715 2512 (Prov.

2091 2553 2154 2605 Î¹Î¹,
2183 2535 2299 2607 22).

2163 2625 2290 2682 Car.
2308 2627 2370 2682 V.
2401 2657 2471 2668 --
2496 2629 2748 2696 Hugonis
2763 2628 2974 2683 abbatis
2989 2643 3134 2699 pavo
3154 2627 3490 2684 debilitatus.
3514 2629 3716 2686 Cereus

2090 2716 2165 2772 ad
2187 2718 2419 2788 pavonis
2456 2732 2760 2772 mensuram
2790 2718 2990 2784 factus.
3035 2716 3189 2789 Hugo
3220 2717 3390 2772 abbas
3429 2717 3504 2788 (2)
3548 2718 3717 2788 juve-

2085 2805 2228 2861 niles
2253 2806 2433 2861 adhuc
2463 2821 2634 2879 agens
2664 2821 2861 2874 annos,
2893 2807 3022 2861 dum
3054 2805 3384 2879 magniï¬cus
3411 2806 3580 2863 vellet
3614 2807 3722 2863 ba-

2085 2893 2228 2960 beri,
2275 2894 2447 2950 multa
2479 2895 2803 2964 juveniliter
2834 2895 3032 2971 gessit:
3073 2903 3129 2952 et
3157 2896 3420 2968 quoniam
3471 2913 3540 2952 ex
3570 2912 3716 2968 prae-

373 3009 471 3064 per
489 2991 779 3048 circuitum
810 2991 916 3047 vici
949 2992 1095 3047 illius
1139 2993 1540 3062 habitantibus,
1574 2994 1754 3050 donec
1786 3009 1983 3050 omnes
2018 3057 2056 3068 Î‘
2081 2988 2228 3045 clara
2254 2989 2584 3046 Francorum
2627 2990 2880 3063 lampade
2909 2991 3180 3066 originem
3222 2991 3497 3061 trahebat,
3526 2993 3711 3068 dege-

372 3084 772 3140 suffocarentur
808 3083 958 3138 vario
985 3099 1190 3158 genere
1221 3084 1498 3140 mortium;

445 3169 570 3226 CAP.
621 3171 713 3224 lll.
743 3201 811 3211 â€”
854 3171 989 3226 Alia
1035 3187 1218 3241 paena.
1279 3173 1569 3230 Monachus
1612 3175 1673 3228 in
1701 3177 1976 3230 extremis.

375 3261 678 3333 Corripitur
721 3277 854 3337 ergo
883 3261 1144 3319 Vivianus
1182 3263 1251 3319 ab
1297 3264 1493 3320 amicis
1522 3281 1618 3321 seu
1659 3281 1692 3320 a
1739 3266 1978 3338 quibus-

369 3373 592 3429 cunqle
631 3373 825 3413 sanum
852 3357 1203 3428 sapientibus
1230 3358 1360 3415 viris
1403 3359 1621 3427 vicinis,
1656 3377 1725 3416 ne
1763 3377 1978 3418 sacrum

370 3448 554 3505 locum
583 3449 911 3521 vilipendat,
942 3457 1001 3506 ut
1028 3451 1292 3506 ambitum
1325 3451 1451 3521 ejus
1474 3451 1718 3521 claudat,
1745 3460 1806 3509 ut
1853 3453 1980 3508 ani-

371 3543 536 3598 malia
574 3559 673 3599 sua
700 3543 770 3599 ab
812 3543 1064 3620 ingressu
1097 3544 1245 3601 illius
1283 3553 1484 3602 arceat.
1518 3545 1625 3601 Sed
1665 3546 1984 3602 nullatenus

370 3652 560 3692 aurem
583 3651 705 3692 sese
736 3637 1078 3694 monentium
1111 3637 1274 3694 dictis
1320 3637 1763 3703 accommodans,
1795 3638 1982 3695 incur-

368 3729 440 3785 rit
473 3729 623 3785 aliud
651 3729 828 3799 maius
857 3729 1270 3788 detrimentum.
1315 3731 1565 3804 Denique
1597 3747 1720 3787 cum
1753 3732 1983 3788 haberet

370 3818 779 3876 multitudinem
804 3835 1096 3891 porcorum
1125 3821 1304 3892 (erant
1333 3822 1482 3877 enim
1524 3821 1636 3878 fere
1664 3829 1860 3895 quater
1899 3822 1978 3878 vi-

368 3909 534 3978 ceni),
565 3925 913 3980 nequaquam
945 3908 1027 3964 eis
1053 3909 1321 3964 adhibere
1352 3911 1657 3967 custodiam
1682 3911 1872 3976 voluit,
1907 3928 1976 3967 ne

369 3999 624 4072 superius
662 4007 1025 4054 memoratum
1082 3999 1354 4056 intrarent
1394 4017 1630 4058 sacrum.
1667 4004 1836 4076 Igitur
1867 4019 1978 4058 una

369 4090 587 4145 dierum
617 4087 798 4160 illapsi
841 4088 1010 4161 aliqui
1039 4105 1104 4145 ex
1148 4091 1231 4146 eis
1259 4091 1435 4162 ipsius
1474 4095 1777 4164 penetralia
1809 4095 1972 4164 sacri,

366 4184 655 4236 vertuntur
704 4177 761 4232 in
806 4176 1037 4245 furiam;
1077 4179 1534 4255 egredientesque
1573 4183 1642 4238 ab
1701 4183 1814 4248 illo,
1875 4185 1973 4241 toti

367 4285 470 4325 suo
501 4267 728 4325 obviant
755 4267 933 4342 gregi.
966 4268 1222 4324 Protinus
1263 4287 1396 4345 ergo
1428 4287 1622 4328 omnes
1651 4288 1801 4340 sues,
1832 4273 1975 4329 sicut

2008 3057 2059 3127 ÎŸ
2081 3093 2268 3133 nerem
2295 3093 2356 3133 se
2407 3079 2745 3146 autumabat,
2799 3079 2855 3134 ni
2894 3096 2960 3135 ea
2988 3087 3203 3152 gereret
3242 3096 3475 3153 quorum
3506 3057 3715 3137 multi-

2082 3168 2246 3224 moda
2289 3167 2483 3240 Opinio
2534 3185 2697 3226 aures
2751 3169 2904 3245 vulgi
2959 3169 3304 3241 percelleret.
3350 3170 3504 3226 Unde
3558 3171 3718 3228 inter

2081 3267 2283 3316 caetera
2311 3261 2427 3316 suis
2447 3261 2710 3333 praecepit
2738 3262 3054 3331 clientibus,
3077 3269 3137 3318 ut
3158 3262 3215 3317 in
3243 3263 3523 3335 suprafato
3545 3279 3709 3336 agno,

2081 3348 2426 3407 Germiniaco
2470 3351 2703 3419 scilicet,
2738 3351 2970 3406 multum
3019 3367 3209 3408 eorum
3262 3352 3444 3408 avium
3475 3369 3707 3428 agmen,

2083 3462 2208 3518 qum
2240 3462 2488 3518 pavones
2519 3447 2896 3515 nominantur,
2926 3445 3035 3502 sibi
3066 3457 3450 3522 aggregarent.
3484 3449 3583 3514 Qui
3610 3451 3704 3505 sui

2084 3538 2292 3593 domini
2323 3537 2776 3610 obtemperantes
2802 3539 3099 3608 mandatis,
3124 3541 3556 3614 circumquaque
3588 3542 3713 3597 dis-

2084 3640 2344 3688 currunt:
2386 3649 2483 3690 eos
2539 3634 2632 3706 qui
2665 3634 2914 3706 ejusdem
2967 3635 3190 3710 generis
3235 3636 3551 3691 nutriebant
3597 3636 3710 3692 ali-

2083 3734 2184 3790 tes,
2219 3727 2448 3796 adeunt,
2490 3734 2545 3783 et
2596 3734 2704 3783 tam
2746 3729 3008 3800 precibus
3037 3745 3199 3801 quam
3254 3730 3602 3799 muneribus,
3642 3732 3706 3786 in

2081 3814 2234 3871 brevi
2285 3818 2502 3889 c0piam
2557 3833 2745 3873 earum
2786 3827 3177 3890 assequuntur,
3223 3834 3521 3892 curamque
3579 3820 3705 3876 illa-

2083 3925 2197 3964 rum
2247 3909 2452 3965 fetibus
2503 3909 2917 3981 impendentes,
2969 3911 3180 3966 domini
3218 3911 3301 3966 sui
3353 3913 3702 3983 applaudunt

2077 3998 2235 4054 votis.
2271 3997 2480 4054 Accidit
2512 4004 2692 4053 autem
2735 3999 2994 4070 quadam,
3027 4006 3088 4054 ut
3112 3999 3340 4066 assolet,
3371 4000 3482 4067 die,
3522 4017 3695 4055 unum

2075 4103 2138 4143 ex
2172 4088 2418 4144 maribus
2443 4088 2746 4161 solivagum
2779 4089 3058 4146 incedere.
3088 4089 3189 4157 Qui
3219 4090 3347 4146 dum
3390 4093 3494 4147 huc
3524 4103 3691 4164 atque

2074 4178 2202 4234 illuc
2229 4185 2574 4252 pervagatur,
2609 4178 2898 4234 ecclesiam
2926 4181 3112 4235 Sancti
3151 4181 3476 4249 Salvatoris,
3531 4183 3690 4251 cujus

2074 4286 2241 4341 supra
2303 4269 2683 4339 meminimus,
2757 4271 3042 4345 ingressus
3104 4280 3210 4341 est,
3287 4289 3387 4345 per
3451 4289 3688 4346 eamque

367 4379 534 4420 canes
553 4361 832 4434 superius,
861 4361 916 4416 in
956 4361 1227 4418 insaniam
1256 4371 1561 4432 vertuntur,
1594 4366 1668 4420 ita
1698 4375 1757 4421 ut
1789 4366 1974 4423 nullus
1991 4376 2051 4446 D
2076 4362 2439 4418 deambulans
2469 4363 2651 4419 subito
2677 4363 2780 4418 alis
2806 4364 3064 4436 expansis
3092 4365 3248 4420 altari
3281 4365 3550 4422 subvolat.
3583 4366 3691 4422 Cu-

363 4469 578 4518 eorum,
606 4451 837 4507 ulterius
865 4449 934 4505 ad
958 4457 1276 4507 consuetam
1311 4451 1509 4509 domus
1542 4453 1756 4510 Viviani
1797 4456 1975 4512 redie-

366 4549 475 4604 rint
499 4546 732 4618 (haram.
781 4545 1010 4602 Videres
1056 4562 1152 4604 eos
1209 4547 1412 4620 passim
1461 4556 1744 4624 vagantes,
1801 4551 1972 4607 hianti

365 4655 482 4707 ore,
513 4654 579 4694 ea
609 4637 826 4694 feritate
856 4655 966 4712 qua
996 4639 1131 4695 illud
1161 4641 1365 4697 animal
1396 4640 1536 4698 furia
1562 4643 1838 4700 invectum
1861 4643 1974 4700 fer-

365 4736 473 4795 tur,
506 4727 828 4784 bacchando
861 4728 1190 4798 discurrere,
1243 4739 1296 4785 et
1329 4730 1700 4805 quodcunque
1749 4732 1972 4789 obvium

365 4816 652 4873 immundo
711 4833 808 4873 ore
864 4818 1134 4888 polluere,
1180 4819 1418 4889 pedibus
1464 4824 1811 4891 conculcare,
1870 4840 1974 4880 nec

363 4908 431 4962 ab
464 4907 555 4963 illa
581 4907 733 4963 rabie
763 4915 1066 4976 cessarunt,
1099 4908 1278 4964 donec
1302 4911 1486 4966 cuncti
1516 4912 1681 4968 variis
1706 4914 1976 4970 mortibus

363 4997 538 5052 necati
580 5006 728 5052 sunt.
771 4997 1057 5052 Pensanda
1101 5005 1186 5053 est
1227 4997 1630 5072 Omnipotentis
1668 5002 1867 5059 invicta
1915 5006 1972 5060 in

363 5091 679 5162 hujusmodi
711 5098 1144 5166 transgressores
1172 5094 1458 5165 patientia,
1489 5112 1612 5168 qua}
1639 5112 1735 5153 eos
1764 5099 1830 5153 ad
1857 5115 1974 5170 pa)-

361 5181 650 5237 nitentiam
681 5182 986 5250 adducens,
1020 5183 1089 5237 de
1128 5183 1478 5240 facultatibus
1508 5186 1774 5257 ipsorum,
1804 5205 1967 5262 quam

360 5270 431 5326 de
463 5271 598 5344 ipsis
637 5271 902 5328 ultionem
932 5274 1160 5329 mavult.
1223 5273 1316 5329 Hic
1359 5274 1566 5330 etenim
1621 5279 1968 5348 postmodum

362 5361 572 5417 exstitit
598 5362 922 5429 monachus,
955 5362 1085 5418 licet
1122 5363 1175 5418 in
1198 5363 1478 5420 extremis.

430 5454 554 5510 CAP.
583 5454 666 5510 IV.
694 5485 764 5495 â€”
794 5459 903 5510 Fur
928 5460 1114 5511 sancto
1145 5456 1384 5526 injurias
1425 5458 1522 5513 dat
1544 5475 1755 5530 paenas.
1789 5461 1972 5518 Enim-

2069 4455 2162 4524 jus
2190 4461 2251 4510 ut
2289 4455 2632 4527 crepidinem
2673 4456 2877 4530 attigit,
2909 4472 3036 4513 mox
3076 4457 3397 4514 debilitatus
3435 4458 3690 4515 cruribus

2073 4551 2128 4600 et
2169 4543 2470 4600 immobilis
2489 4545 2645 4615 juxta
2683 4545 2853 4602 altare
2886 4547 3105 4603 mansit.
3137 4546 3357 4620 Aliquot
3400 4549 3551 4604 horis
3580 4549 3690 4606 de-

2071 4633 2248 4689 cursis
2302 4633 2526 4707 quidam
2580 4635 2870 4691 ecclesiam
2904 4636 3173 4692 intrantes
3226 4637 3515 4693 inveniunt
3558 4654 3688 4694 eum

2073 4725 2218 4782 circa
2263 4743 2412 4782 aram
2470 4744 2530 4783 se
2587 4728 2946 4798 volutantem,
3005 4741 3397 4805 assumptoque
3450 4749 3542 4803 eo,
3610 4734 3693 4791 eis

2075 4820 2278 4892 quibus
2309 4837 2497 4878 earum
2530 4821 2720 4878 alitum
2764 4823 3085 4882 alendarum
3119 4843 3249 4882 cura
3277 4826 3530 4900 delegata
3559 4827 3689 4885 fue-

2076 4919 2177 4980 rat,
2211 4913 2512 4989 resignant.
2556 4911 2658 4978 Qui
2702 4916 3092 4987 suscipientes,
3157 4918 3385 4975 domino
3439 4935 3540 4977 suo
3571 4937 3689 4977 sua:

2074 5005 2222 5060 alitis
2270 5005 2632 5062 infortunium
2701 5007 3025 5080 referentes,
3099 5011 3336 5084 qualiter
3389 5012 3693 5088 contigerit

2071 5093 2345 5166 aperiunt.
2389 5097 2452 5151 At
2483 5093 2574 5150 ille
2602 5093 2709 5152 ï¬de
2749 5096 2967 5170 plenus,
2989 5099 3150 5170 jubet
3178 5099 3298 5156 ï¬eri
3329 5109 3589 5174 stupeum
3625 5102 3695 5158 fi-

2071 5188 2182 5245 lum
2215 5191 2284 5246 ad
2319 5206 2634 5247 mensuram
2663 5195 2916 5264 pavonis,
2955 5195 3026 5250 ab
3051 5197 3396 5253 extremitate
3428 5196 3694 5254 videlicet

2069 5283 2230 5340 rostri
2259 5283 2407 5340 illius
2430 5301 2608 5358 usque
2645 5285 2715 5341 ad
2743 5295 3049 5343 extremum
3081 5289 3294 5358 caudae,
3325 5304 3564 5362 ceraque
3597 5291 3690 5346 in-

2068 5375 2238 5443 volvi,
2271 5386 2327 5432 et
2383 5393 2676 5434 accensum
2725 5378 2883 5434 altari
2934 5387 3062 5436 ante
3091 5381 3238 5454 quod
3279 5381 3538 5438 debilitas
3570 5383 3692 5454 ipsa

2071 5466 2404 5542 contigerat,
2436 5467 2704 5540 praeponi.
2739 5468 2838 5534 Qui
2873 5470 3032 5542 jussa
3070 5471 3439 5543 complentes,
3482 5471 3690 5529 factum

433 5628 521 5697 (2)
558 5628 714 5701 llugo
733 5630 906 5686 abbas
925 5631 1154 5702 ponitur
1175 5647 1322 5688 anno
1347 5631 1484 5687 1044
1508 5631 1562 5687 in
1595 5632 1766 5690 Gallia
1801 5634 2138 5704 Christiana;
2171 5637 2241 5694 de
2281 5653 2348 5695 eo
2379 5655 2566 5696 rursus
2598 5639 2738 5696 infra
2769 5656 2928 5712 capp.
2961 5640 3021 5698 ll
3059 5649 3111 5697 et
3138 5641 3227 5698 36.
