3932 6040
228 267 377 323 1193

1398 267 1736 325 mancum
1776 235 2006 326 suum
2045 271 2411 328 seuerum.

3422 277 3558 338 1194

221 403 282 451 et
305 409 604 451 accensum
634 394 896 467 lychnum
925 401 1053 450 ante
1093 409 1242 450 aram
1272 401 1551 464 statuunt;
1604 396 1844 453 necdum
1871 398 2116 471 Ahastae
2146 414 2308 471 quam
2349 397 2606 472 gestabat
2627 397 2850 474 longius
2890 403 3017 454 ante
3054 413 3114 454 se
3160 403 3423 470 protensa
3450 408 3560 458 ter-

222 489 588 554 consumptus
619 483 852 555 lychnus
876 490 1013 545 erat,
1057 489 1113 538 et
1143 483 1261 540 avis
1309 483 1524 561 integre
1555 485 1842 557 pristinam

225 575 439 646 recepit
465 575 812 647 sospitatem.
859 575 996 631 Ecce
1050 575 1186 648 quid
1218 577 1482 633 meruerit
1511 577 1680 634 fides:
1721 577 1852 634 licet

225 666 378 722 enim
406 667 556 723 dicat
583 667 856 739 psalmus:
885 667 1151 736 Quoniam
1179 670 1541 740 multiplicata
1577 675 1655 726 cst
1680 672 1846 726 mise-

229 763 484 818 ricordia
535 767 652 831 tua,
707 766 866 830 Deus,
933 762 1174 820 homines
1229 767 1451 821 salvans
1504 771 1555 820 et
1598 766 1851 836 jumenta

227 854 396 926 (Psal.
427 872 587 920 xxxv,
619 856 697 927 7),
733 864 788 910 et
837 855 896 910 Β.
930 856 1297 932 Augustinus:
1343 878 1368 909 α
1421 857 1522 921 Qui
1575 857 1750 913 salvat
1775 864 1848 925 te,

227 949 402 1006 salvat
431 957 486 1006 et
514 950 775 1026 gallinam
809 957 982 1020 tuam,
1017 971 1044 1003 in
1081 959 1286 1017 tamen,
1320 959 1381 1007 ut
1419 952 1713 1022 Apostolus
1751 952 1849 1018 ait,

227 1045 435 1101 scimus
467 1060 576 1102 non
598 1060 720 1100 esse
750 1046 864 1100 Deo
895 1061 1081 1100 curam
1113 1046 1182 1102 de
1210 1045 1526 1115 hujusmodi
1555 1047 1848 1104 irrationa-

230 1133 465 1202 bilitate,
501 1133 605 1190 nisi
631 1143 896 1206 quantum
931 1135 1140 1206 expetit
1167 1151 1302 1190 usus
1327 1142 1383 1191 et
1425 1135 1726 1192 necessitas
1762 1151 1852 1192 ra-

232 1225 452 1282 tionalis
481 1235 748 1282 creaturae
780 1227 827 1296 (Ι
849 1228 968 1284 Cor.
1003 1244 1078 1294 IX,
1101 1227 1177 1295 9).

303 1313 428 1370 CAP.
465 1315 552 1372 Vl.
584 1346 651 1356 —
672 1316 987 1372 Advocatus
1015 1316 1195 1372 malus
1227 1319 1480 1388 punitur.
1525 1317 1585 1372 ln
1619 1315 1846 1372 territo-

232 1407 314 1464 rio
345 1407 602 1464 Portiano
633 1413 715 1463 est
739 1407 964 1480 quidem
988 1423 1122 1482 ager
1141 1407 1324 1464 Arvini
1353 1407 1533 1464 Curtis
1561 1408 1672 1480 (ξ’)
1691 1423 1852 1464 voca-

233 1495 384 1564 bulo,
422 1496 492 1552 ab
526 1497 631 1552 hoc
669 1497 992 1554 monasticae
1049 1497 1335 1574 religionis
1375 1497 1694 1553 institutore
1752 1512 1852 1568 per

234 1585 395 1660 longa
431 1593 679 1656 tempora
719 1600 1027 1658 possessus,
1070 1585 1229 1654 cujus
1280 1585 1396 1658 agri
1425 1585 1725 1641 advocatus
1765 1584 1854 1638 di-

233 1672 461 1730 cebatur
486 1673 812 1729 Adelardus.
848 1673 945 1729 Hic
973 1689 1097 1729 cum
1131 1673 1294 1728 tutari
1326 1678 1382 1728 et
1411 1672 1713 1728 defendere
1743 1671 1848 1727 sibi

233 1762 440 1818 credita
464 1762 776 1830 debuisset,
823 1763 1000 1835 magis
1038 1762 1160 1834 ipse
1206 1762 1566 1834 pessumdare
1602 1770 1658 1817 et
1697 1761 1854 1816 dcte-

235 1868 353 1908 rere
410 1852 629 1920 institit,
671 1868 833 1924 quam
887 1853 958 1906 ab
1009 1851 1242 1908 aliorum
1294 1851 1556 1907 violentia
1611 1850 1848 1922 eripere.

233 1945 380 2003 ’[otis
431 1944 705 2018 siquidem
760 1945 817 1999 in
873 1960 959 2007 res
1007 1943 1366 2000 ruricolarum
1409 1943 1630 1998 inhians
1680 1942 1854 1998 fauci-

237 2040 360 2106 bus,
433 2053 535 2110 per
607 2035 689 2092 fas
753 2043 809 2092 et
885 2035 1045 2092 nefas
1099 2035 1208 2092 illis
1277 2053 1376 2093 sua
1435 2035 1744 2104 auferebat,
1799 2043 1854 2092 et

232 2130 470 2205 propriis
520 2129 869 2200 mancipabat
912 2128 1135 2196 usibus;
1174 2144 1280 2184 nec
1328 2135 1514 2184 tamen
1553 2128 1610 2184 id
1667 2128 1844 2184 solum

229 2219 352 2285 sibi,
405 2221 452 2276 si
519 2236 712 2278 eorum
769 2238 857 2278 res
941 2222 1229 2294 diriperet,
1284 2221 1635 2291 sufﬁciebat;
1693 2221 1848 2277 insu-

226 2330 326 2386 per
377 2314 698 2373 verberibus
736 2317 925 2373 multis
971 2315 1270 2373 afﬁciebat.
1329 2315 1586 2372 Crebrius
1627 2330 1758 2372 vero
1817 2332 1848 2372 a

227 2407 482 2464 fratribus
502 2409 596 2480 qui
619 2410 800 2465 eidem
831 2411 1044 2482 praedio
1067 2409 1313 2481 praefecti
1341 2408 1577 2473 fuerant,
1605 2408 1854 2464 admoni-

227 2502 317 2552 tus
344 2511 559 2552 cessarc
587 2497 794 2553 debere
819 2513 852 2553 a
877 2504 1027 2554 tanta
1057 2497 1424 2573 malignitate,
1457 2497 1759 2554 emendare
1789 2514 1849 2555 se

231 2591 446 2657 noluit;
473 2592 572 2647 sed
603 2591 787 2664 potius
813 2592 868 2647 in
889 2594 1155 2662 majorem
1189 2593 1454 2648 saevitiam
1486 2593 1707 2649 exarsit.
1739 2593 1849 2649 De-

226 2683 396 2757 nique
435 2685 652 2740 cuidam
695 2685 1034 2742 mulierculae
1091 2686 1302 2758 aliquid
1337 2686 1659 2756 abstulerat,
1715 2703 1845 2760 qua;

225 2789 455 2830 currens
481 2775 548 2830 ad
582 2775 900 2841 ecclesiam,
937 2775 1282 2848 sublatisque
1313 2775 1516 2848 quibus
1545 2776 1843 2848 aperieba-

225 2873 315 2922 tur
343 2866 529 2934 lineis,
581 2867 754 2923 altare
797 2866 1113 2922 diutissime
1153 2867 1340 2939 ﬂagris
1388 2867 1588 2924 cecidit
1617 2868 1716 2941 (3),
1765 2869 1847 2924 in-

221 2973 456 3030 crepans
491 2959 648 3031 quasi
702 2965 1032 3030 praesentem
1083 2959 1298 3015 Patrem
1339 2959 1697 3046 Benediqtum
1750 2961 1838 3017 his

219 3045 437 3102 verbis:
467 3047 746 3102 Benedicta
771 3049 1152 3116 vetustissime,
1171 3051 1348 3120 piger,
1368 3045 1678 3119 lethargice,
1705 3051 1844 3121 quid

220 3141 341 3207 agis
361 3141 390 3192 ?
416 3143 477 3194 ut
501 3141 639 3210 quid
663 3140 926 3196 dormitas
949 3143 978 3195 ?
1015 3141 1149 3211 quid
1205 3145 1322 3196 tuos
1353 3144 1524 3198 tantis
1567 3142 1843 3213 subjacere

221 3245 397 3286 seruos
423 3233 771 3301 improperiis
799 3230 981 3287 sinis?
1012 3231 1312 3298 Quemdam
1340 3233 1529 3301 etiam,
1562 3239 1624 3289 ut
1655 3234 1844 3306 plures

221 3321 494 3388 omittam,
534 3320 800 3377 rusticum
861 3321 1046 3377 multa:
1094 3321 1463 3393 simplicitatis
1514 3324 1716 3389 virum,
1749 3339 1846 3380 no-

227 3414 378 3469 mine
406 3412 728 3480 Arnaldum,
759 3415 999 3470 stimulis
1036 3415 1298 3487 nequitiae
1332 3415 1660 3490 exagitatus,
1711 3415 1843 3470 dum

223 3509 461 3580 quadam
487 3507 580 3562 die
601 3524 791 3582 agrum
822 3517 1125 3578 exerceret,
1160 3508 1494 3580 improvisus
1518 3508 1844 3578 adveniens,

225 3607 446 3672 arrepto
485 3599 711 3655 stimulo
743 3615 852 3672 quo
885 3601 977 3656 ille
997 3616 1128 3658 suos
1159 3600 1481 3656 stimulabat
1501 3601 1687 3674 juges,
1721 3608 1846 3656 tan-

227 3687 298 3742 tis
318 3686 503 3744 aﬁ‘ecit
530 3688 879 3756 verberibus,
910 3696 972 3744 ut
997 3689 1323 3745 semivivum
1353 3689 1718 3762 relinqueret.
1735 3690 1848 3746 Nec

226 3777 424 3835 ductus
445 3779 1196 3851 pmnitentia,satisfactione
1227 3779 1412 3853 aliqua
1436 3796 1561 3836 eum
1592 3781 1849 3855 aliquan-

227 3867 299 3923 do
327 3867 502 3923 voluit
532 3869 768 3939 placare.
825 3869 925 3934 Qui
957 3877 1140 3926 autem
1173 3869 1406 3926 verbera
1445 3886 1640 3941 passus
1671 3870 1850 3927 fuerat

228 3955 297 4011 ab
322 3955 710 4027 omnipotente
739 3957 970 4014 Domino
999 3958 1267 4014 ultionem
1297 3958 1366 4013 de
1398 3957 1518 4029 ipso
1546 3957 1846 4034 ﬂagitabat,

230 4048 534 4121 implorans
563 4065 735 4122 super
776 4051 884 4106 hoc
921 4051 1188 4106 auxilium
1217 4050 1507 4106 Benedicti
1545 4050 1633 4106 sui
1667 4051 1850 4108 domi-

229 4137 308 4192 ni.
350 4138 460 4194 Nec
493 4140 590 4196 diu
641 4147 948 4197 remoratus
981 4141 1264 4208 Dominus,
1305 4140 1400 4214 qui
1449 4157 1751 4213 pauperem
1782 4142 1849 4196 li-

229 4229 385 4285 beret
415 4248 445 4285 a
483 4238 732 4303 potente,
781 4231 1039 4288 retribuit
1067 4231 1239 4304 impio
1261 4232 1418 4302 juxta
1448 4249 1602 4288 suam
1649 4233 1851 4304 impie-

230 4327 426 4390 tatem;
460 4340 701 4396 namque
737 4341 849 4380 una
876 4324 1089 4380 dierum
1122 4324 1356 4381 audiens
1383 4341 1516 4382 suos
1541 4326 1610 4382 ad
1641 4326 1846 4394 locum,

1948 501 2132 558 neque
2162 485 2371 554 innixa,
2425 486 2630 542 ferrum
2661 487 2910 560 ejusdem
2968 487 3138 544 hastae
3172 503 3368 546 versus
3395 504 3558 544 suum

1949 577 2228 634 incautius
2255 578 2473 634 reduxit
2501 585 2712 655 guttur,
2731 593 2990 652 equoque
3018 579 3107 636 cui
3146 579 3428 638 insidebat
3455 579 3564 636 cal-

1951 667 2172 723 caribus
2199 667 2446 734 incitato,
2484 667 2616 724 dum
2644 668 2818 724 rivum
2849 669 3086 725 transire
3101 669 3289 744 gestit,
3313 671 3558 728 lanceam

1951 755 2008 811 in
2048 773 2209 813 suum
2251 763 2462 830 guttur,
2492 757 2778 825 demersit,
2831 773 3069 830 moxque
3112 758 3382 814 exanimis
3425 759 3564 816 effe-

1950 851 2090 914 ctus,
2118 847 2403 904 sociorum
2428 846 2686 904 manibus
2714 847 2784 903 ad
2811 849 3034 920 propria
3057 855 3389 921 reportatur,
3421 850 3560 906 nulli

1950 941 2218 1018 deinceps
2246 943 2576 1001 famulorum
2630 944 2804 1000 Patris
2839 945 3123 1003 Benedicti
3153 947 3389 1005 verbera
3417 948 3562 1006 irro-

1949 1038 2196 1105 gaturus.

2023 1121 2147 1178 Car.
2181 1123 2292 1179 Vll.
2324 1154 2395 1166 —
2439 1126 2555 1180 Fur
2577 1125 2840 1197 perjurus
2869 1130 3164 1198 correptus.
3205 1129 3356 1184 Alter
3395 1129 3560 1186 etiam

1949 1209 2240 1268 Rainerius
2293 1221 2666 1286 nuncupatus,
2725 1215 2816 1288 qui
2871 1231 3015 1271 unus
3053 1222 3172 1272 erat
3201 1233 3266 1274 ex
3315 1218 3561 1290 ejusdem

1951 1305 2323 1378 possessionis
2354 1307 2728 1377 exactoribus,
2789 1316 2843 1365 et
2897 1309 3043 1382 ipse,
3095 1317 3157 1366 ut
3194 1311 3272 1367 rei
3310 1311 3567 1384 probavit

1950 1402 2202 1465 eventus,
2249 1413 2380 1471 erga
2437 1396 2672 1453 famulos
2733 1397 2909 1470 ipsius
2959 1402 3351 1458 monachorum
3409 1403 3568 1459 ducis

1951 1491 2159 1547 exstitit
2197 1492 2528 1549 malitiosus.
2561 1492 2663 1558 Qui
2693 1493 2824 1549 dum
2877 1496 3052 1552 multa
3079 1514 3240 1554 secus
3276 1515 3440 1572 quam
3473 1500 3568 1555 de-

1954 1578 2149 1636 buerat
2173 1589 2385 1654 ageret,
2418 1581 2766 1655 frequentius
2795 1582 2932 1640 falsa
2959 1585 3215 1644 innoxios
3241 1588 3565 1660 opprimens

1953 1667 2250 1738 calumnia,
2280 1676 2335 1726 et
2384 1686 2575 1727 eorum
2622 1671 2769 1728 bona
2819 1673 3011 1746 iniqua
3049 1676 3318 1748 diripiens
3345 1677 3566 1733 violen-

1955 1761 2053 1829 tia,
2076 1762 2364 1831 cujusdam
2397 1762 2575 1820 viduae
2597 1781 2770 1820 unum
2789 1783 2956 1838 quem
2972 1767 3152 1824 solum
3183 1769 3426 1825 habebat
3441 1770 3566 1825 abs-

1953 1853 2077 1910 tulit
2120 1869 2370 1926 porcum.
2428 1856 2734 1928 Repetente
2773 1858 2941 1914 vidua
2985 1876 3164 1928 suem,
3203 1871 3258 1919 et
3314 1879 3440 1918 cum
3483 1861 3566 1918 la-

1951 1943 2154 2015 crymis
2183 1945 2555 2018 precibusque
2611 1947 2980 2020 gemebundis
3003 1951 3330 2022 suppliciter
3366 1959 3427 2008 ut
3458 1952 3563 2008 sibi

1951 2032 2021 2088 ab
2058 2049 2125 2090 eo
2167 2034 2496 2091 redderetur
2535 2036 2742 2108 saepius
2779 2035 3087 2111 ﬂagitante,
3128 2040 3450 2098 nullatenus
3477 2057 3566 2098 ac-

1949 2125 2240 2198 quiescere
2271 2126 2462 2184 voluit.
2497 2127 2612 2194 Qua
2650 2129 2719 2184 de
2757 2145 2923 2186 causa
2951 2131 3150 2187 dolens
3192 2132 3286 2188 illa
3315 2133 3565 2190 assiduas

1947 2216 2005 2272 in
2033 2217 2215 2288 ipsum
2245 2218 2628 2276 devotationes
2655 2221 2972 2295 aggerebat.
3003 2221 3098 2278 Die
3138 2237 3271 2297 ergo
3318 2224 3563 2296 quodam

1948 2321 2080 2362 casu
2108 2307 2307 2363 accidit
2336 2307 2587 2364 eamdem
2637 2309 2860 2365 viduam
2891 2325 2958 2365 ex
3001 2309 3302 2382 improviso
3341 2312 3559 2387 ingredi

1953 2399 2202 2468 domum,
2225 2399 2283 2454 in
2313 2417 2423 2472 qua
2452 2417 2576 2457 cum
2607 2401 2942 2474 quibusdam
2973 2403 3096 2458 aliis
3124 2405 3407 2476 prendens
3435 2406 3566 2460 Rai-

1953 2487 2142 2544 uerius
2189 2489 2564 2546 recumbebat.
2627 2489 2781 2558 Quae,
2835 2507 2960 2548 cum
3026 2493 3202 2564 ipsam
3255 2495 3565 2552 recordatio

1949 2581 2139 2637 amissi
2186 2582 2405 2653 pecoris
2441 2583 2592 2656 gravi
2637 2590 2931 2658 torqueret
2959 2601 3217 2656 maerore,
3260 2587 3449 2660 erepit,
3495 2589 3566 2644 si-

1947 2677 2040 2727 cut
2068 2670 2320 2727 crebrius
2349 2671 2585 2740 solebat,
2630 2679 2692 2730 ut
2722 2690 2858 2730 suus
2887 2674 2994 2730 sibi
3025 2676 3409 2733 restitueretur
3463 2693 3562 2733 ex-

1946 2778 2177 2835 poscere
2210 2779 2432 2835 porcus.
2465 2764 2564 2822 Illo
2604 2781 2737 2822 vero
2780 2767 3063 2824 aestimans
3087 2768 3166 2823 nil
3205 2769 3310 2824 sibi
3335 2768 3563 2826 ofﬁcere

1945 2853 2097 2926 quod
2117 2852 2362 2909 dicturus
2395 2861 2531 2922 erat,
2563 2855 2784 2912 incauta
2813 2858 3044 2930 protulit
3068 2859 3378 2916 temeritate
3407 2861 3564 2932 quod

1945 2945 2299 3016 postmodum
2339 2946 2599 3018 paenituit
2650 2947 2874 3018 dixisse,
2939 2942 3160 3022 putans"
3196 2950 3412 3008 Patrem
3446 2953 3562 3008 Be-

1945 3035 2226 3091 nedictum
2253 3035 2392 3091 nihil
2422 3036 2648 3104 ducere,
2681 3053 2741 3094 se
2777 3037 2905 3110 quis
2933 3055 2967 3094 a
3005 3055 3066 3096 se
3099 3040 3206 3096 sibi
3237 3042 3563 3113 promissam

1943 3126 2108 3184 ﬁdem
2164 3128 2393 3200 prolatis
2432 3128 2706 3186 incautius
2744 3130 2929 3186 verbis
2967 3147 3138 3188 ausus
3173 3131 3340 3190 fuerit
3386 3140 3565 3191 teme-

1943 3237 2084 3277 rare.
2127 3223 2230 3278 Per
2257 3230 2686 3292 sacramentum,
2725 3224 2824 3292 ait,
2881 3226 3032 3298 quod
3079 3235 3271 3284 sancto
3302 3227 3409 3284 feci
3459 3230 3564 3286 Bc-

1945 3313 2190 3382 nedicto,
2215 3331 2500 3387 nunquam
2541 3322 2694 3371 tuum
2736 3317 2893 3391 attigi
2944 3333 3200 3388 porcum.
3243 3319 3396 3375 Idem
3424 3336 3558 3377 vero

1945 3401 2257 3469 Rainerius,
2288 3411 2350 3460 ut
2379 3403 2499 3475 ipse
2529 3404 2693 3460 viculi
2745 3405 3150 3478 adipisceretur
3185 3408 3559 3477 exactionem,

1946 3507 2014 3548 ex
2039 3507 2194 3549 more
2219 3493 2328 3549 loci
2351 3493 2718 3562 jurejurando
2757 3496 2830 3567 (4)
2853 3497 3206 3568 promiserat,
3235 3514 3306 3553 ne
3338 3499 3561 3572 aliquid

1948 3583 2213 3656 injustum
2260 3583 2318 3639 in
2360 3583 2594 3641 famulos
2637 3587 2895 3658 superius
2942 3587 3074 3644 dicti
3119 3590 3296 3646 Patris
3339 3591 3568 3648 molire-

1948 3679 2057 3729 tur.
2105 3672 2276 3747 lgitur
2308 3680 2600 3746 postquam
2630 3674 2826 3731 falsum
2867 3677 3172 3748 pejerando
3208 3680 3436 3752 protulit
3467 3681 3563 3751 ju-

1949 3773 2281 3834 ramentum,
2331 3767 2410 3822 ira
2449 3774 2782 3838 commotus,
2821 3771 3057 3826 cultrum
3109 3787 3274 3844 quem
3313 3772 3450 3830 forte
3482 3781 3568 3831 te-

1950 3857 2119 3914 nebat
2155 3873 2373 3926 manus,
2397 3874 2567 3930 super
2595 3875 2842 3916 mensam
2863 3861 3020 3934 jecit.
3057 3862 3159 3928 Qui
3187 3879 3218 3920 a
3258 3880 3456 3921 mensa
3479 3883 3567 3922 re-

1949 3951 2442 4021 siliens,mucrone
2480 3968 2698 4010 sursum
2729 3972 2913 4024 verso,
2967 3959 3188 4014 oculum
3216 3959 3422 4031 perjuri
3462 3977 3569 4032 pu-

1951 4045 2128 4118 pugit,
2163 4053 2219 4102 et
2248 4062 2374 4102 eum
2425 4055 2696 4120 perpetua
2721 4050 2966 4106 caecitate
2997 4052 3294 4110 damnavit.
3327 4053 3570 4111 Tandem

1949 4137 2260 4209 improbus,
2289 4145 2648 4212 posteaquam
2686 4141 2958 4198 intellexit
2994 4142 3182 4200 divino
3205 4143 3421 4213 judicio
3455 4161 3568 4202 uno

1947 4245 2010 4285 se
2039 4230 2312 4302 privatum
2347 4231 2576 4298 lumine,
2609 4232 2891 4304 professus
2918 4242 3006 4290 est
3051 4235 3204 4306 prius
3230 4236 3574 4293 mendaciter

1949 4321 2190 4378 locutum
2219 4321 2414 4390 fuisse,
2445 4323 2802 4393 perpendens
2838 4323 3128 4378 viduarum
3161 4325 3430 4396 lacrymas
3467 4343 3570 4383 ne-

229 4409 329 4465 ubi
385 4420 520 4478 erat,
549 4428 849 4484 properare
898 4413 1106 4480 hostes,
1157 4429 1362 4486 equum
1395 4416 1726 4481 ascendens,
1765 4412 1929 4482 ar-D
1955 4427 2232 4484 quaquam
2263 4411 2632 4483 spernendus,
2661 4428 2784 4484 quae
2814 4429 2846 4467 a
2872 4413 3092 4468 maxilla
3126 4413 3196 4468 ad
3234 4421 3434 4470 terram
3473 4416 3572 4473 dc-

232 4503 338 4559 mis
366 4513 650 4576 protectus
705 4507 930 4563 obviare
971 4507 1082 4562 illis
1111 4506 1355 4564 festinat.
1389 4509 1428 4563 A
1457 4509 1662 4581 quibus
1692 4509 1852 4585 fuga-

233 4602 341 4664 tus,
375 4597 503 4652 dum
543 4605 803 4670 properat
839 4597 968 4671 equi
1009 4599 1148 4654 saltu
1194 4597 1464 4655 volociter
1511 4606 1851 4654 transmeare

237 4689 532 4760 quemdam
581 4689 888 4758 ﬂuviolum,
937 4689 1034 4762 qui
1101 4691 1272 4748 Minio
1321 4696 1568 4758 vocatur,
1618 4690 1850 4762 cuspide

306 4887 420 4962 (2*),
442 4889 873 4946 llerviui-Curtis
889 4906 1054 4962 supra
1077 4890 1134 4945 in
1165 4890 1401 4946 Aimoini
1432 4890 1533 4946 lib.
1566 4908 1606 4959 ι,
1637 4906 1738 4961 cap
1759 4889 1853 4954 17,

236 4960 332 5038 qui
373 4960 528 5016 vicus
559 4961 691 5038 mihi
710 4960 1098 5038 videtur—esse
1127 4963 1458 5038 H‘arnicourt
1485 4963 1649 5038 vpng
1679 4960 1858 5038 dictus

243 5031 297 5104 in
331 5047 479 5104 pago
497 5033 660 5088 castri
710 5033 972 5095 Portiani,
999 5033 1090 5088 siti
1120 5034 1189 5089 ad
1218 5034 1462 5090 Axonam
1509 5031 1734 5090 ﬂuirium
1766 5033 1856 5087 in-

240 5100 716 5177 fra'lle'gitestum,
755 5106 920 5170 Retel,
962 5105 1020 5159 in
1063 5104 1377 5177 Campania.
1425 5107 1498 5162 Eo
1544 5105 1648 5162 loci
1681 5110 1857 5177 exstat

241 5173 516 5249 prioratus
541 5192 571 5230 a
600 5177 844 5249 Flgoriaco
872 5177 1138 5249 hactenus
1159 5173 1432 5249 pendens,
1457 5177 1715 5234 didicesis
1742 5176 1855 5232 Re-

245 5246 472 5302 mensis.
507 5247 561 5300 in
601 5247 767 5304 editis
794 5248 938 5304 male
969 5246 1393 5304 Bellovacensis.

319 5317 397 5394 ςβ)
422 5317 660 5374 lleccine
693 5327 776 5394 est
798 5319 1148 5394 religio?_sic
1186 5319 1439 5394 ferebant
1472 5319 1859 5394 illatempora,

285 5387 448 5462 uibus
480 5391 823 5462 temporibus
853 5387 1068 5462 siquid
1099 5408 1129 5445 a
1157 5391 1352 5462 quavis
1381 5391 1616 5462 ecclesia
1642 5387 1858 5462 raptum

267 5458 459 5534 uisset,
500 5458 690 5534 altaria
720 5458 1024 5534 nudabant,
1066 5458 1371 5534 induebant
1407 5461 1624 5534 ciliciis.
1667 5458 1862 5534 ﬂagel-

247 5528 458 5592 labant,
493 5531 712 5606 aliaque
732 5533 786 5588 id
818 5549 996 5606 genus
1027 5533 1363 5606 patrabant;
1405 5532 1552 5606 quod
1584 5528 1778 5606 postea
1806 5533 1860 5586 in

246 5616 455 5656 morem
498 5602 734 5671 transiit,
783 5602 963 5660 sicubi
1013 5602 1366 5660 interdictum
1424 5602 1861 5659 ecclesiasticum

252 5672 626 5732 indicebatur.
649 5675 944 5733 Mauricius
966 5675 1421 5749 Rothomagensis
1441 5674 1750 5731 antistesob
1768 5689 1862 5731 oc-

586 5801 886 5866 PATROL.
939 5801 1136 5866 CLX.

1950 4501 2247 4567 scendunt,
2302 4507 2359 4556 et
2414 4499 2682 4577 Dominus
2719 4501 3072 4573 omnipotens
3131 4509 3424 4575 susceptor
3485 4514 3572 4562 est

1951 4611 2140 4652 earum
2151 4635 2164 4650 .

2023 4686 2150 4744 CAP.
2181 4687 2316 4743 Vlll.
2349 4717 2420 4728 —
2458 4689 2609 4758 Ignis
2639 4703 2790 4745 sacer
2816 4692 3123 4748 restinctus.
3169 4691 3570 4764 Amplectenda

1955 4894 2156 4966 cupata
2174 4888 2324 4966 bona
2343 4888 2591 4966 ecclesiae
2631 4887 3377 4966 Rothomagensisprzeccpit
3404 4899 3572 4951 totam

1957 4959 2245 5042 dioecesim
2301 4960 2600 5042 interdicto
2628 4959 3030 5042 supponi,"ob_
3060 4959 3245 5042 idque
3287 4959 3482 5042 omnes
3521 4975 3576 5023 et

1958 5031 2206 5107 singulas
2231 5031 2698 5107 beatae__Virginis,
2740 5031 2852 5088 imo
2882 5041 2938 5088 et
2976 5031 3173 5090 Christi
3214 5036 3430 5092 Domini
3462 5037 3578 5093 ina-

1997 5102 2116 5157 inés
2143 5102 2217 5175 in
2245 5109 2358 5158 tota
2386 5102 2616 5159 dicecési
2649 5119 2750 5159 sua
2777 5119 2944 5175 super
2987 5107 3303 5162 cathedram
3335 5117 3431 5164 aut
3462 5109 3573 5165 sel-

1981 5173 2068 5228 am
2108 5173 2348 5256 aliquam
2389 5175 2618 5256 deponi,
2648 5173 2937 5256 spinisque
2972 5177 3325 5256 circumdari.
3361 5179 3575 5256 Quaﬁde

1960 5261 2020 5324 re
2049 5252 2224 5324 exstat
2243 5246 2365 5324 ejus
2385 5246 2622 5324 epistola
2645 5246 2702 5300 in
2725 5246 3008 5324 Spicilegii
3022 5255 3182 5324 _tomo
3209 5251 3284 5324 l_l,_
3301 5268 3428 5324 pag,
3449 5255 3576 5308 521.

1963 5319 2131 5374 Porro
2171 5317 2278 5372 hoc
2316 5317 2665 5394 interdictum
2707 5317 3051 5394 anno_1233
3074 5317 3405 5394 contigisse"
3439 5339 3578 5380 con-

1961 5395 2160 5474 statoex
2189 5404 2314 5462 pag.
2346 5390 2470 5444 82!.
2509 5389 2674 5474 Paulo
2706 5397 2830 5474 post
2861 5390 3158 5474 Gregorius
3185 5389 3333 5474 papa
3385 5394 3428 5448 Χ
3466 5412 3578 5474 Eu-

1963 5460 2295 5534 stulithunc
2339 5475 2572 5534 morem,
2613 5466 2674 5516 ut
2711 5461 2930 5516 ostendi
2961 5460 3030 5516 ad
3063 5460 3442 5534 praefationem
3464 5466 3582 5522 Sae-

1962 5531 2070 5588 culi
2106 5531 2173 5593 ll,
2201 5546 2356 5585 num.
2389 5533 2479 5586 48.

2037 5601 2386 5676 l4)_F°l'mam
2412 5602 2714 5676 iurameuti
2745 5603 2896 5676 quod
2934 5603 3272 5676 praestabant
3295 5607 3579 5676 advocati;

1964 5671 2099 5748 lege
2113 5673 2170 5729 in
2204 5671 2314 5731 ﬁne
2355 5671 2692 5744 praefationis
2716 5671 2910 5746 prima:
2934 5671 3140 5734 Βαθουιί
3168 5676 3258 5736 lll.

3092 5803 3174 5869 38
