3932 6040
408 259 548 313 1195

1416 258 1697 314 BADUI.FI
1739 256 2055 312 TORTARII
2097 256 2387 314 MONACHI
2428 258 2722 315 FLORIAC.

3611 262 3768 315 1196

407 397 463 445 et
481 387 631 444 omni
664 386 968 442 excolenda
998 372 1294 442 est'favore
1322 385 1412 457 pia
1443 387 1724 441 miseratio
1753 386 2018 457 Omnipo-
2042 386 2100 457 Α
2124 385 2235 451 nia,
2265 393 2318 440 et
2345 386 2524 440 Matris
2555 384 2834 454 injuriam,
2877 391 2933 440 et
2959 401 3112 440 suam
3141 385 3289 440 diem
3321 402 3520 441 severe
3560 387 3768 442 vindi‘

407 480 594 545 tentis,
617 477 712 550 qui
735 478 879 548 quod
909 478 1114 545 diligit,
1136 480 1385 547 corripit,
1437 478 1674 547 ﬂagellat
1703 481 1881 531 autem
1907 493 2021 532 om-

404 586 521 625 nem
543 571 717 639 ﬁlium
745 584 901 638 quem
929 570 1123 637 recipit
1153 570 1333 634 (Prov.
1361 584 1441 633 ιιι,
1476 567 1579 625 η».
1614 566 1860 636 Denique
1893 582 2020 635 per-

406 659 574 714 mittit
631 658 970 714 diversarum
1024 657 1249 727 spiritus
1302 654 1679 710 inﬁrmitatum
1747 656 2019 710 dominari

407 751 687 806 interdum
728 749 1054 821 corporibus
1092 748 1313 815 nostris,
1337 757 1397 803 ut
1434 749 1626 802 saltem
1660 747 1882 819 preprio
1921 747 2021 802 ad-

407 844 604 900 moniti
635 843 1010 907 incommodo,
1044 842 1401 897 recordemur
1431 841 1720 896 clementis
1751 841 1871 910 ejus
1895 841 2016 897 lon-

304 970 311 979 ο
407 936 772 1012 ganimitatis.
814 934 915 998 Qui
945 934 991 989 si
1032 940 1144 989 tota
1177 934 1376 988 mentis
1416 934 1726 989 intentione
1766 934 1883 1002 ejus
1909 934 2017 989 be-

411 1026 760 1101 nignitatem,
792 1041 890 1097 pro
922 1025 1117 1080 eadem
1147 1024 1599 1080 incommoditate
1632 1024 2019 1095 imploraveri-

413 1136 554 1186 mus,
586 1119 692 1174 nisi
734 1126 1032 1193 augmento
1082 1123 1281 1172 nostra:
1311 1118 1508 1172 obesse
1540 1117 1856 1188 przeviderit
1892 1116 2020 1171 ani—

408 1226 532 1275 mae,
564 1208 780 1264 facilem
813 1207 1147 1280 singultibus
1173 1208 1378 1262 nostris
1409 1208 1563 1262 dabit
1597 1207 1802 1262 aditum
1838 1208 1905 1261 ad
1940 1223 2018 1261 se.

408 1304 618 1359 Gaudet
643 1304 852 1376 quippe
889 1302 957 1357 de
987 1303 1151 1358 totius
1180 1303 1477 1358 crcationis
1504 1319 1617 1358 suae
1644 1303 1839 1358 salute.
1867 1303 2020 1368 Quod

408 1393 454 1447 si
484 1393 678 1458 etiam,
715 1394 869 1462 juxta
917 1393 1067 1463 quod
1102 1392 1364 1462 scriptum
1396 1398 1498 1458 est,
1532 1392 1599 1446 ad
1645 1392 1766 1463 ejus
1799 1399 2019 1447 sancto-

410 1503 527 1541 rum
562 1486 801 1558 aliquem
850 1492 1242 1542 convertantur
1288 1487 1424 1554 (Job.
1465 1501 1520 1550 v,
1572 1485 1646 1555 1),
1699 1500 1888 1540 vocem
1933 1485 2017 1539 sui

411 1574 587 1631 ﬁdelis
604 1575 885 1639 exaudiet,
913 1582 1130 1629 nostras
1152 1590 1344 1645 preces
1374 1575 1479 1629 sibi
1502 1575 1808 1647 allegantis.
1849 1573 2019 1638 Quam

2122 476 2286 541 cavit,
2315 475 2676 541 Dominicam,
2714 490 2917 545 nempe
2943 490 3067 530 cum
3101 475 3247 530 diem
3279 481 3489 531 tantum
3520 475 3766 548 gemina

2120 567 2387 642 religione
2428 582 2642 622 sacrum
2675 566 2983 638 irreligiosa
3016 567 3220 622 mulier
3262 574 3585 634 temeraret,
3639 584 3764 621 ma-

2120 656 2285 711 nibus
2311 667 2606 712 retrorsum
2640 656 2777 712 actis
2817 656 3155 728 omninoque
3189 656 3517 725 debilitatis,
3551 673 3767 727 exper-

2120 754 2172 804 ta
2202 757 2286 804 est
2314 750 2366 803 in
2392 751 2577 821 seipsa
2607 765 2714 821 qua
2750 757 2881 803 sunt
2910 749 3064 822 digni
3108 764 3273 820 poena
3311 764 3595 805 sacrorum
3628 749 3765 804 vio-

2118 838 2320 893 latores
2371 839 2607 894 dierum.
2668 838 2797 894 Cum
2880 841 3122 896 torsione
3202 856 3424 912 quoque
3472 856 3762 895 manuum

2120 926 2265 981 aliud
2284 928 2493 1002 grande
2511 928 2817 1000 patiebatur
2840 936 3206 998 tormentum;
3231 930 3507 984 sentiebat
3529 930 3761 1001 quippe

2122 1021 2530 1101 intolerabilem
2589 1039 2620 1077 a
2684 1023 2983 1095 digitorum
3041 1024 3457 1094 intercapedine
3515 1041 3760 1079 suorum

2122 1117 2272 1173 exire
2297 1116 2573 1171 ardorem.
2616 1114 2860 1187 cumque
2902 1116 3187 1171 immensis
3245 1116 3587 1171 cruciaretur
3614 1133 3764 1186 snp-

2123 1208 2328 1281 pliciis,
2382 1208 2685 1264 vicinarum
2725 1208 2944 1263 hortatu
3001 1209 3292 1264 mulierum
3336 1210 3757 1265 monasterium

2125 1305 2373 1377 ingressa
2417 1309 2540 1374 post
2560 1303 2709 1358 diem
2749 1303 3004 1369 alterum,
3045 1319 3226 1360 coram
3269 1305 3441 1360 altare
3490 1304 3590 1359 Dei
3645 1304 3760 1357 Ge-

2123 1393 2336 1448 nitricis
2351 1392 2545 1459 astitit,
2578 1392 2754 1462 ipsam
2799 1391 3019 1462 pietatis
3051 1402 3282 1448 matrem
3318 1394 3606 1449 continuis
3635 1393 3752 1447 ﬂe-

2119 1484 2303 1539 biliter
2353 1483 2651 1539 obsecrans
2688 1482 3044 1556 singultibus,
3099 1491 3157 1538 ut
3211 1485 3296 1539 sui
3348 1484 3752 1547 misereretur,

2122 1573 2441 1646 frequenter
2479 1574 2669 1645 utique
2693 1580 2748 1629 et
2795 1574 3006 1629 Patrem
3059 1574 3321 1630 invocans
3352 1575 3750 1634 Benedictum.

409 1676 651 1721 nostram
680 1666 1036 1720 assertionem
1077 1665 1388 1736 approbant
1426 1663 1656 1719 miriﬁca
1692 1680 1881 1735 opera,
1925 1681 2024 1734 per
2048 1692 2098 1759 Β
2124 1673 2185 1720 ιιι
2218 1681 2316 1736 pro
2340 1681 2399 1721 se
2432 1665 2818 1720 intercederet.
2849 1665 3116 1720 Transitis
3136 1681 3269 1740 ergo
3289 1666 3501 1737 aliquot
3526 1666 3758 1720 diurnis

410 1760 625 1815 Patrem
673 1760 1031 1816 Benedictum
1063 1760 1266 1830 saepius
1322 1760 1485 1815 nobis
1511 1766 1747 1815 ostensa.
1792 1759 2020 1825 Quidam
2049 1757 2084 1759 ⁷
2124 1757 2294 1824 horis,
2336 1757 2593 1813 manibus
2623 1758 2693 1813 ad
2723 1759 3015 1829 pristinum
3050 1760 3292 1814 reductis
3321 1766 3518 1813 statum
3567 1766 3623 1812 et
3656 1774 3758 1811 so-

411 1853 613 1907 etenim
656 1852 737 1907 vir
765 1868 831 1907 ex
879 1852 1098 1907 famulis
1135 1853 1388 1921 ejusdem
1422 1852 1615 1918 Patris,
1666 1852 2024 1907 Archembal—

412 1943 515 1997 dus
544 1942 804 2008 nomime,
836 1941 1003 1997 frater
1020 1941 1331 1996 Hildruardi
1350 1941 1519 1997 villici
1548 1942 1615 1996 de
1636 1942 1797 1997 Braio
1817 1942 2022 2013 (Bray),

411 2051 532 2106 qua:
566 2040 648 2090 est
678 2035 822 2089 haud
853 2039 1261 2090 contemnenda
1303 2035 1476 2105 ipsius
1506 2034 1664 2089 ducis
1710 2035 2024 2089 monasticae

409 2126 651 2182 cohortis
701 2126 1001 2197 possessio,
1046 2128 1175 2200 igne
1227 2126 1660 2181 consumebatur
1697 2142 1873 2182 sacro.
1931 2128 2025 2182 Hic

410 2215 625 2271 delatus
668 2233 698 2270 a
725 2216 854 2271 villa
883 2216 950 2271 ad
986 2215 1135 2271 illius
1165 2216 1535 2271 sacratissima
1578 2216 1849 2283 membra,
1891 2232 2026 2272 con-

408 2304 581 2362 tinuis
605 2304 905 2378 gemitibus
935 2304 1244 2360 Conditoris
1291 2304 1534 2360 omnium
1567 2321 1732 2375 opem
1774 2322 1872 2376 per
1898 2322 2022 2361 me-

409 2395 573 2450 ritum
606 2394 692 2449 sui
725 2394 937 2450 domini
966 2394 1075 2449 sibi
1112 2394 1417 2465 implorans
1454 2395 1736 2466 opitulari,
1780 2396 2027 2452 velocius

408 2504 572 2558 quam
616 2487 891 2558 sperabat,
943 2496 1213 2558 exoptata:
1278 2487 1563 2542 restitutus
1612 2494 1695 2542 est
1750 2489 2021 2559 sospitati.

408 2579 595 2650 Sepito
623 2594 861 2651 namque
892 2578 1173 2643 incendio,
1198 2578 1292 2649 qui
1337 2578 1522 2650 [quod]
1550 2578 1660 2647 jam
1690 2579 2022 2634 anteriorem

409 2671 567 2742 pedis
594 2671 714 2740 ejus
764 2679 1184 2743 consumpserat
1236 2677 1469 2741 partem,
1536 2673 1799 2728 remeavit
1851 2688 2025 2728 ovans

408 2763 475 2817 ad
507 2762 749 2834 propria,
801 2762 1067 2819 Salvatori
1116 2764 1229 2819 Deo
1268 2764 1467 2819 devota
1506 2781 1734 2835 precum
1782 2764 2023 2820 fundens

407 2856 693 2925 libamina,
737 2861 790 2911 et
836 2872 994 2911 suum
1030 2863 1346 2927 patronum,
1395 2857 1552 2926 cujus
1599 2858 1811 2913 meritis
1871 2858 2022 2914 salu-

408 2952 516 3001 tem
539 2954 934 3017 promeruerat,
961 2946 1177 3019 magnis
1196 2946 1466 3001 extollens
1487 2946 1761 3002 laudibus.

480 3036 602 3091 CAP.
648 3037 734 3091 IX.
760 3067 830 3075 —
853 3038 1055 3092 Simile.
1112 3038 1262 3092 Alter
1290 3053 1513 3108 quoque
1539 3038 1733 3092 eadem
1765 3040 2021 3096 detentus

410 3124 879 3189 incommoditate,
916 3124 1142 3194 juvenis
1181 3125 1427 3196 quidam,
1471 3126 1540 3181 de
1585 3125 2020 3199 Transligeranis

407 3218 674 3289 partibus,
724 3234 755 3272 a
808 3224 978 3272 matre
1027 3216 1084 3271 in
1140 3217 1297 3273 asino
1347 3218 1655 3275 Floriacum
1705 3220 2017 3289 devehitur,

406 3308 501 3380 qui
547 3307 911 3382 vigilantioris
960 3305 1092 3361 ﬁdei
1146 3323 1211 3362 ex
1266 3307 1372 3362 hoc
1406 3307 1669 3378 probatur
1719 3309 2016 3377 exstitisse,

407 3399 665 3472 quoniam
711 3415 836 3455 mox
892 3406 952 3454 ut
980 3398 1239 3471 cognovit
1266 3415 1324 3454 se
1377 3399 1626 3455 comburi
1678 3416 1832 3456 sacro
1864 3418 2016 3474 igne,

404 3488 546 3544 nihil
576 3488 866 3561 pigritatus
883 3488 1044 3560 petiit
1074 3494 1301 3543 matrem
1330 3497 1390 3543 ut
1413 3489 1716 3544 Floriacum
1746 3490 2012 3560 deporta—

405 3587 577 3643 retur,
610 3578 814 3634 habere
845 3593 904 3632 se
951 3576 1139 3644 ﬁdem,
1173 3594 1273 3647 per
1320 3578 1575 3633 meritum
1607 3578 1779 3632 Patris
1831 3579 2013 3633 Bene-

403 3672 618 3742 dictiab
643 3673 1026 3744 omnipotente
1047 3673 1281 3728 Domino
1298 3672 1481 3728 valere
1511 3673 1728 3728 salvari.
1760 3674 1872 3730 Nec
1891 3691 2013 3729 eum

404 3764 600 3820 fefellit
652 3765 944 3820 laudabilis
974 3780 1088 3819 suae
1124 3763 1256 3819 ﬁdei
1313 3765 1552 3821 devotio.
1603 3766 1852 3838 Denique
1891 3774 2018 3821 ante

404 3872 551 3911 aram
594 3856 850 3931 gloriosa:
895 3856 991 3911 Dei
1019 3855 1310 3911 Genitricis
1363 3857 1581 3920 allatus,
1634 3858 1846 3930 absque
1877 3859 2019 3913 dila-

403 3947 553 4001 tione
597 3963 697 4016 per
732 3947 959 4020 gratiam
1001 3947 1248 4015 ejusdem
1307 3964 1529 4019 semper
1558 3948 1800 4023 Virginis
1847 3950 2017 4005 meri-

403 4043 630 4104 tumque
677 4034 752 4103 pii
781 4034 976 4101 Patris,
1032 4034 1262 4105 integrae
1287 4045 1441 4102 juxta
1469 4053 1623 4091 suam
1656 4037 1820 4093 ﬁdem
1863 4039 2018 4094 resti-

407 4129 554 4176 tutus
574 4129 656 4176 est
682 4122 957 4192 sospitati.
1008 4122 1375 4177 Laztabundus
1408 4125 1593 4196 itaque
1619 4142 1741 4181 cum
1770 4127 2017 4197 jucunda

404 4216 571 4272 rediit
600 4223 793 4282 matre,
826 4233 949 4289 quae
981 4234 1104 4272 eum
1148 4233 1407 4288 maerens,
1446 4227 1504 4275 et
1530 4237 1651 4275 cum
1693 4222 1847 4296 gravi
1890 4239 2017 4293 per—

402 4315 592 4363 secuta
629 4306 805 4363 fuerat
834 4323 1089 4364 moerere.

2049 3070 2099 3140 C

2127 1847 2239 1918 pito
2273 1848 2550 1911 incendio,
2608 1849 2813 1923 gratias
2864 1849 2979 1922 agit
3017 1850 3263 1904 omnium
3306 1848 3577 1904 conditori
3643 1849 3760 1903 Deo

2124 1943 2489 2016 gloriosaeque
2518 1960 2737 2014 semper
2765 1944 2963 2018 virgini
2995 1944 3198 2012 Mariae,
3223 1943 3540 1998 nullatenus
3573 1942 3757 1997 oblita

2124 2033 2519 2088 monachorum
2549 2032 2881 2106 legislatoris
2916 2032 3217 2087 Benedicti.

2197 2123 2322 2178 CAP.
2356 2125 2421 2178 XI
2492 2155 2562 2164 -—-
2592 2127 2877 2180 Servorum
2915 2127 3263 2194 antiquorum
3292 2124 3550 2179 conditio.
3587 2123 3759 2176 Sensi

2124 2216 2284 2282 fuga.
2311 2214 2585 2270 Contentio
2634 2213 2700 2266 de
2736 2228 2887 2268 servo
2928 2213 3100 2267 duello
3136 2214 3314 2281 ﬁnita.
3376 2212 3550 2266 Βαριιὶ
3581 2214 3757 2265 ritus.

2126 2304 2461 2359 Memoratus
2491 2303 2663 2358 abbas
2696 2304 2848 2378 Hugo
2880 2304 3173 2375 quemdam
3214 2302 3391 2357 virum
3431 2302 3501 2356 de
3541 2300 3759 2356 familia

2127 2393 2300 2448 Patris
2333 2394 2636 2456 Benedicti,
2668 2394 2894 2448 nomine
2927 2392 3240 2458 Letardum,
3272 2390 3559 2446 Tescelino
3610 2406 3753 2445 con-

2126 2492 2367 2538 cesserat
2397 2482 2814 2553 Petverensi(de
2838 2483 3172 2551 Pithivicrs),
3207 2488 3266 2536 ut
3294 2488 3401 2536 tam
3438 2482 3556 2552 ipse
3579 2496 3751 2551 quam

2126 2575 2194 2628 ab
2223 2590 2291 2630 eo
2332 2575 2605 2649 progeniti
2657 2581 2929 2646 perpetuo
2989 2574 3097 2644 ipsi
3152 2574 3552 2628 famularentur
3579 2572 3753 2627 obse-

2125 2663 2256 2735 quio
2311 2664 2520 2719 servili.
2578 2664 2679 2730 Qui
2736 2663 2912 2718 factus
2961 2662 3221 2718 dominus
3272 2662 3442 2727 illius,
3495 2661 3748 2716 obtinuit

2126 2768 2253 2808 eum
2318 2770 2427 2809 non
2508 2754 2701 2825 paucis
2783 2752 3004 2808 diebus.
3094 2750 3480 2823 lnterpellatus
3561 2757 3749 2805 autem

2124 2845 2270 2901 idem
2319 2846 2402 2903 vir
2439 2846 2641 2901 nobilis
2696 2852 2822 2917 post
2870 2846 3096 2919 longum
3155 2853 3373 2914 tempus
3425 2860 3455 2897 a
3506 2843 3747 2914 quodam

2121 2953 2348 3005 suorum
2419 2937 2694 3005 militum,
2753 2938 3030 3011 lngranno
3088 2934 3360 3001 nomine,
3427 2942 3489 2988 ut
3546 2950 3753 3004 supra-

2123 3026 2328 3081 dictum
2360 3042 2576 3081 servum
2610 3025 2660 3081 ei
2678 3025 2805 3097 jure
2831 3022 3087 3080 beneﬁcii
3118 3023 3370 3091 donaret,
3395 3022 3610 3077 annuit.
3651 3021 3749 3076 In-

2120 3133 2366 3192 grannus
2403 3131 2623 3187 quoque
2653 3115 2870 3183 obiens,
2915 3113 3028 3169 ﬁlio
3067 3129 3168 3169 suo
3198 3112 3518 3167 Isembardo
3563 3112 3745 3181 ipsum

2120 3210 2518 3282 possidendum
2560 3210 2801 3282 reliquit.
2834 3210 3034 3265 Genuit
3064 3217 3249 3264 autem
3272 3207 3531 3280 praefatus
3557 3208 3748 3264 Letar-

2119 3306 2223 3362 dus
2252 3306 2445 3373 ﬁlium,
2480 3306 2706 3361 nomine
2758 3304 3105 3360 Botbertum:
3148 3320 3319 3376 quem
3369 3303 3743 3366 lsembardus,

2119 3403 2310 3466 utputa
2340 3395 2620 3467 proprium
2650 3394 3029 3461 vernaculum,
3063 3393 3119 3447 in
3147 3409 3246 3447 sua
3284 3392 3420 3447 aluit
3450 3399 3504 3447 et
3542 3393 3743 3447 educa-

2117 3486 2197 3543 vit
2248 3486 2435 3542 domo.
2478 3486 2768 3541 Rotbertus
2821 3501 2950 3539 vero
3010 3483 3183 3539 factus
3231 3483 3656 3557 grandiusculus
3716 3500 3746 3538 a

2116 3579 2232 3634 suis
2287 3578 2643 3649 comperiens
2694 3577 3061 3651 genitoribus,
3116 3591 3175 3631 se
3205 3576 3275 3630 de
3314 3575 3521 3629 familia
3570 3574 3746 3629 Patris

2118 3681 2364 3728 exortum
2400 3672 2703 3735 Benedicti,
2736 3671 2834 3725 sed
2867 3670 2935 3725 ab
2952 3669 3156 3725 abbate
3178 3670 3518 3740 supradicto,
3547 3678 3608 3723 ut
3629 3669 3737 3723 vile

2118 3762 2439 3817 distractum
2458 3760 2817 3833 mancipium,
2842 3758 3097 3825 indoluit,
3135 3773 3239 3812 nec
3257 3750 3464 3812 diutius
3496 3757 3739 3811 dolorem

2116 3858 2199 3912 sui
2231 3857 2402 3912 animi
2434 3857 2657 3912 oculere
2682 3856 2872 3910 valuit.
2898 3855 3058 3910 Facta
3084 3854 3255 3929 igitur
3283 3853 3432 3925 fuga,
3466 3853 3535 3906 ab
3566 3854 3739 3907 lsem-

2116 3949 2277 4004 bardi
2309 3949 2609 4020 praesentia
2659 3964 2720 4003 se
2748 3947 3038 4003 subtraxit.
3084 3946 3254 4010 Quem
3290 3945 3516 4018 longum
3577 3947 3743 4000 latere

2118 4057 2227 4097 non
2254 4042 2466 4107 valens,
2500 4041 2568 4094 ab
2596 4039 2797 4095 eodem
2850 4040 3074 4094 domum
3105 4038 3389 4102 reductus,
3423 4053 3617 4107 pmnas
3642 4038 3739 4091 luit

2116 4148 2253 4204 quas
2279 4132 2420 4187 solet
2460 4130 2761 4205 fugitivus;
2810 4129 3040 4200 insuper
3069 4135 3417 4185 sacramento
3458 4128 3528 4182 ab
3560 4143 3627 4183 eo
3657 4137 3738 4182 est

2116 4227 2397 4292 astrictus,
2430 4241 2499 4279 ne
2531 4225 2813 4280 servitutis
2834 4226 3029 4299 jugum
3049 4224 3121 4278 de
3142 4224 3358 4295 reliquo
3384 4224 3527 4277 ferre
3554 4223 3737 4277 detre-

2115 4322 2304 4371 ctaret.
2338 4314 2459 4382 Qui,
2495 4314 2757 4385 quoniam
2783 4313 3173 4369 adolescentia:
3207 4323 3460 4384 tempora
3499 4314 3729 4368 necdum

476 4399 597 4454 CAP.
660 4400 720 4454 X.
753 4430 822 4439 —
874 4401 1018 4455 Festi
1053 4401 1316 4456 violatria:
1342 4405 1572 4471 punita;
1625 4409 1873 4459 sanatur.
1918 4405 2088 4508 Fe-D
2114 4412 2442 4473 excesserat,
2497 4406 2566 4460 ad
2616 4422 2862 4476 praesens
2896 4405 3067 4471 siluit,
3100 4405 3284 4461 donec
3334 4412 3494 4459 aetate
3537 4420 3733 4476 proce-

403 4500 547 4548 stum
572 4492 919 4565 Purgationis
956 4508 1179 4563 semper
1229 4493 1460 4567 virginis
1508 4495 1687 4551 Mariae
1725 4496 1817 4551 Dei
1851 4498 2013 4571 geni-

406 4582 576 4648 tricis,
604 4598 728 4653 quae
780 4582 1071 4652 purissima
1119 4590 1173 4638 et
1227 4584 1536 4640 castissima
1588 4602 1757 4657 super
1790 4602 2010 4642 omnem

407 4673 701 4728 humanam
730 4671 1023 4741 puritatem
1054 4679 1109 4727 et
1146 4673 1526 4730 castimoniam
1560 4692 1781 4748 semper
1833 4678 2009 4733 exsti-

406 4764 488 4830 tit,
546 4762 950 4828 celebrabatur,
1016 4773 1249 4837 eratque
1310 4766 1429 4821 dies
1483 4767 1800 4824 Dominicus
1855 4772 2013 4835 (anno

408 4854 582 4913 1046,.
633 4852 896 4916 Quaedam
954 4869 1086 4927 ergo
1153 4854 1374 4923 mulier,
1423 4856 1706 4913 'l‘escelina
1742 4860 2012 4916 vocabulo

403 4941 585 4997 incola
615 4940 720 4997 vici
752 4940 1136 5008 Floriacensis,
1176 4958 1402 5013 operam
1451 4944 1814 5016 impendebat
1844 4947 2017 5002 laniﬁ-

403 5032 509 5088 cio.
546 5033 671 5089 Ηωο
696 5033 1164 5102 advesperacente
1190 5032 1303 5101 jam
1339 5034 1451 5102 die,
1484 5043 1746 5107 reputans
1772 5046 1887 5092 tum
1919 5054 2015 5094 ce-

400 5125 710 5181 lebritatem
735 5126 908 5198 ipsam
932 5128 1266 5200 quam;diem
1291 5128 1633 5185 Dominicum
1658 5131 2013 5200 prmteriisse,

401 5222 457 5270 et
485 5215 700 5287 aliquas
743 5215 918 5287 ipsius
956 5217 1066 5271 diei
1108 5217 1307 5273 lucrari
1348 5218 1584 5289 cupiens
1623 5219 1885 5287 morulas,
1922 5236 2018 5277 ac-

401 5307 550 5378 cepit
583 5307 785 5375 colum,
818 5307 1110 5379 lanamque
1150 5324 1318 5379 super
1373 5324 1473 5363 sua
1511 5308 1789 5363 subtiliter
1829 5317 2017 5366 exten-

399 5398 538 5453 dens
568 5415 748 5472 genua
779 5414 901 5453 cum
934 5398 1159 5456 rorifluo
1185 5399 1519 5470 sputamine,
1549 5401 1799 5456 eamdem
1829 5401 2008 5457 colum

399 5490 638 5545 tenuiter
658 5491 777 5562 ipsa
805 5491 932 5546 lana
964 5491 1132 5561 coepit
1178 5490 1482 5547 involvere.
1528 5491 1763 5547 Cavebat
1804 5502 2007 5555 tamen.

2115 4500 2281 4554 dente
2312 4498 2455 4552 vires
2484 4497 2792 4573 colligeret,
2846 4498 3049 4569 quibus
3105 4512 3207 4552 suo
3258 4497 3463 4566 injuste
3504 4497 3729 4551 domino

2117 4591 2369 4645 resistere
2398 4588 2623 4644 valeret.
2684 4590 2972 4659 Postquam
3031 4604 3165 4663 ergo
3196 4603 3367 4663 genas
3429 4588 3580 4642 illius
3633 4588 3730 4643 llos

2116 4676 2371 4731 vestierat
2394 4677 2723 4744 juventutis,
2757 4676 2960 4747 elapsis
2994 4677 3381 4732 adolescentiae
3413 4676 3604 4732 lustris
3630 4676 3728 4731 ab-

2117 4768 2299 4823 batem
2332 4768 2559 4839 expetiit
2588 4768 2938 4824 Guillelmum
2972 4769 3126 4834 (Vid.
3159 4785 3260 4839 cap
3316 4767 3434 4836 25),
3469 4769 3563 4839 qui
3610 4776 3733 4824 tunc

2118 4860 2384 4930 temporis
2417 4870 2646 4930 praeerat
2675 4860 3158 4925 Floriacensibus;
3191 4861 3337 4931 apud
3368 4876 3536 4931 quem
3569 4876 3733 4936 ango-

2118 4971 2232 5009 rem
2262 4955 2345 5009 sui
2375 4956 2557 5010 cordis
2583 4971 2706 5010 cum
2748 4956 2929 5011 anxiis
2958 4956 3252 5026 deponens
3289 4956 3566 5026 suspiriis,
3597 4972 3729 5010 eon-

2116 5045 2365 5117 queritur
2401 5047 2471 5101 de
2502 5045 2767 5116 injustitia
2795 5046 2899 5101 sibi
2940 5047 3172 5118 suisque
3212 5046 3379 5101 illata.
3413 5046 3733 5102 Guillelmus

2118 5133 2304 5205 itaque
2329 5149 2451 5189 cum
2485 5140 2632 5189 esset
2662 5134 2745 5190 vir
2764 5141 3044 5201 strenuus,
3070 5142 3125 5189 et
3155 5149 3309 5188 suam
3336 5133 3730 5203 rempublicam

2116 5241 2337 5296 semper
2386 5232 2742 5295 augmentare
2798 5232 2912 5282 toto
2965 5225 3255 5281 anhelaret
3303 5225 3607 5292 desiderio,
3650 5241 3729 5280 re-

2116 5316 2411 5387 sponditse
2432 5316 2581 5372 illius
2599 5332 2966 5372 aerumnarum
2998 5316 3250 5372 misereri
3270 5316 3433 5382 velle,
3448 5319 3729 5387 justasque

2113 5406 2367 5476 querelas
2394 5404 2568 5475 ipsius
2599 5405 2729 5460 viris
2759 5404 3129 5476 prudentibus
3160 5404 3337 5475 palam
3376 5404 3583 5470 facere,
3612 5406 3731 5459 etsi

2113 5514 2223 5570 quo
2247 5507 2406 5569 pacto
2428 5498 2656 5563 valeret,
2683 5498 3003 5569 praesidium
3028 5497 3106 5551 illi
3130 5514 3256 5552 sese
3280 5497 3419 5552 fore.
3441 5497 3726 5568 Comperto

399 5597 470 5635 ne
491 5599 602 5637 suae
632 5593 925 5641 cernerent
968 5586 1101 5656 quid
1127 5593 1317 5662 ageret
1346 5586 1560 5641 vicinae.
1614 5587 1719 5643 Sed
1777 5588 2012 5643 Redem-
2112 5590 2281 5664 igitur
2311 5590 2660 5645 lsembardus
2691 5590 3036 5656 Botbertum,
3071 5605 3236 5660 quem
3266 5605 3427 5644 suum
3455 5589 3725 5660 opinaba-

398 5673 524 5737 ptor
551 5672 767 5742 mundi,
798 5674 957 5742 cujus
1000 5674 1175 5730 oculis
1223 5675 1371 5731 nuda
1413 5682 1468 5731 et
1497 5683 1684 5746 aperta
1722 5684 1856 5734 sunt
1880 5693 2009 5734 om-
2111 5688 2202 5740 tur
2230 5699 2449 5739 servum
2470 5699 2591 5739 esse
2630 5692 2980 5755 perpetuum,
3001 5681 3070 5738 ad
3101 5681 3349 5753 priorum
3382 5681 3726 5739 dominorum
