3932 6040
219 308 355 364 1197

1381 301 1717 359 MIRACULA
1759 299 1990 357 SANCTI
2031 303 2396 360 BENEDICTI.

3412 303 3553 362 1198

221 433 537 508 confugisse
589 431 824 504 asylum,
855 429 1080 484 mandat
1109 429 1290 484 abbati
1312 430 1621 496 nominato,
1643 439 1704 486 ut
1723 429 1830 488 sibi
1858 434 1911 501 Α
1937 431 2123 504 aliquo
2183 439 2340 503 pacto
2377 433 2684 490 distrahere
2720 434 3068 490 vernaculos.
3138 434 3367 490 Videant
3415 433 3554 501 sibi,

218 528 508 602 proprium
543 525 796 582 restituat
822 523 1182 595 mancipium,
1215 522 1461 594 alioquin
1485 523 1748 594 deinceps
1772 539 1835 578 se

221 623 342 692 ejus
381 621 622 677 futurum
664 617 968 674 inimicum.
1014 617 1113 682 Qui
1143 617 1326 672 missis
1357 618 1425 672 ad
1457 634 1582 672 eum
1615 616 1709 688 qui
1737 633 1839 672 sua

223 711 498 767 referrent
539 710 729 776 verba,
761 707 1045 763 mandavit
1095 722 1220 762 eum
1264 707 1484 779 quidem
1528 723 1692 778 quem
1752 705 1837 759 in-

221 803 368 872 juste
409 802 716 873 repetebat,
755 799 1109 856 vernaculum
1169 799 1342 854 Patris
1380 798 1661 854 Benedicti
1721 797 1837 853 fore

227 893 414 968 [esse],
437 911 496 950 se
519 908 650 949 vero
680 893 870 948 illicite
901 891 1112 946 diutius
1132 891 1312 962 ipsum
1345 889 1839 962 possedisse.Qua-

221 997 447 1061 propter
471 989 516 1043 si
549 989 619 1043 de
659 997 856 1043 caetero
887 986 1040 1040 illum
1074 985 1280 1040 habere
1312 985 1479 1040 vellet
1507 1001 1748 1050 servum,
1783 984 1836 1038 in

218 1082 310 1152 jus
340 1079 530 1135 venire
557 1095 680 1134 esse
713 1094 960 1134 necesse.
996 1077 1202 1142 Quibus
1233 1076 1583 1132 lsembardus
1611 1075 1838 1144 auditis,

222 1172 368 1243 apud
398 1188 456 1227 se
489 1171 804 1225 deliberans
830 1170 1090 1242 quoniam
1132 1168 1319 1223 abbati
1353 1168 1553 1238 injuste
1582 1167 1836 1224 resistere

223 1279 328 1317 nec
361 1262 462 1329 fas,
491 1277 596 1316 nec
619 1276 780 1332 posse
811 1260 1069 1324 habebat,
1106 1259 1528 1315 determinatam
1557 1255 1838 1311 mandavit

225 1359 394 1419 diem,
432 1358 486 1411 in
518 1371 628 1428 quo
670 1356 788 1411 haec
820 1354 1193 1411 controversia
1246 1355 1390 1409 inter
1419 1368 1516 1409 eos
1561 1349 1832 1406 finiretur.

224 1451 320 1506 Die
351 1458 534 1505 autem
563 1455 786 1516 statuto,
829 1447 1083 1518 plurimis
1122 1446 1394 1502 nobilium
1455 1453 1510 1502 ct
1558 1444 1841 1518 sagacium

228 1543 362 1598 viris
391 1541 461 1597 ab
489 1541 752 1596 alterutra
788 1548 943 1611 parte
975 1539 1310 1614 aggregatis,
1363 1537 1458 1593 diu
1491 1538 1846 1608 multumque

225 1645 482 1686 sermone
511 1629 828 1684 altercatum
859 1633 975 1692 est;
1008 1627 1106 1681 sed
1145 1627 1376 1681 minime
1429 1625 1548 1697 ipsa
1577 1622 1852 1680 calumnia

1935 527 2030 599 qui
2072 525 2325 593 famulos,
2375 543 2596 593 census,
2638 527 2864 598 praedia,
2893 527 3100 583 sanctis
3129 527 3266 583 locis
3295 526 3557 582 attributa

1937 619 2008 677 ob
2029 619 2219 674 laudes
2242 617 2610 690 omnipotenti
2637 617 2867 674 Domino
2895 617 3314 689 persolvendas,
3345 615 3556 671 nefarie

1938 712 2468 779 distribuuntlaicis,
2493 729 2590 769 seu
2618 711 3003 784 cujuscunque
3032 712 3254 781 generis
3281 709 3556 780 personis.

2009 803 2134 858 CAP.
2156 804 2272 858 Xll.
2293 835 2360 844 —-
2381 804 2780 860 Translationis
2798 804 2854 860 S.
2875 805 3153 860 Benedicti
3169 805 3392 872 festum.
3420 801 3557 871 Ejus

1937 897 2170 951 violator
2197 893 2518 964 castigatur.
2569 897 2701 951 Volo
2746 897 2892 963 facto
2930 909 3078 949 noxa
3107 896 3355 950 remissa.
3398 894 3558 949 Mise-

1940 1007 2060 1046 rum
2083 1008 2260 1065 genus
2288 991 2576 1048 hominum
2609 1007 2780 1066 pagos
2805 990 3288 1064 incolentiuvaix
3317 1007 3560 1064 unquam

1941 1083 2048 1138 levi
2075 1083 2209 1153 jugo
2237 1081 2432 1138 Christi
2462 1082 2697 1138 ferream
2729 1083 2998 1139 cervicem
3031 1083 3356 1139 submittere
3389 1100 3565 1154 appe-

1939 1179 2003 1233 tit
2022 1194 2212 1233 suam:
2241 1177 2338 1232 sed
2380 1177 2617 1249 qualiter
2647 1177 2796 1234 ferox
2828 1186 3017 1234 taurus
3063 1179 3350 1234 indomitae
3394 1177 3560 1234 fronti

1939 1269 2176 1340 primum
2199 1267 2623 1338 praesentiscens
2655 1269 2866 1341 imponi
2895 1269 3111 1344 jugum,
3142 1269 3382 1326 stimulis
3411 1279 3568 1326 actus

1944 1358 2270 1424 recalcitrat,
2311 1360 2496 1414 sulcos
2534 1375 2707 1432 agens
2763 1359 3052 1432 obliquos;
3095 1366 3178 1418 sic
3217 1361 3354 1417 illud
3391 1377 3570 1435 genus

1949 1447 2230 1504 hominum
2281 1463 2502 1519 semper
2539 1463 2708 1503 sacrae
2741 1448 2986 1504 renitens
3024 1449 3304 1525 religioni,
3347 1450 3436 1505 vix
3469 1450 3569 1505 ali-

1949 1537 2172 1608 quando
2201 1535 2342 1591 viam
2386 1537 2732 1594 rectitudinis
2773 1538 3030 1594 incedere
3073 1540 3372 1597 consentit.
3415 1541 3571 1597 Unde

1953 1630 2174 1702 quidam
2210 1631 2465 1695 rusticus,
2529 1629 2658 1686 dum
2701 1631 2989 1687 sacerdote
3027 1649 3096 1688 ex
3151 1648 3306 1688 more
3357 1647 3574 1704 praeco-

225 1723 421 1777 eodem
466 1720 556 1774 die
593 1719 765 1772 finem
795 1717 1030 1788 accepit.
1057 1716 1297 1770 Tandem
1339 1731 1470 1771 vero
1509 1713 1665 1769 multi
1700 1711 1849 1783 prius
1880 1759 1929 1826 Β
1955 1728 2122 1776 nante
2150 1721 2397 1776 audisset
2438 1719 2712 1774 celebrem
2757 1719 3164 1777 solemnitatem
3197 1722 3576 1778 translationis

371 1810 405 1826 ιι
488 1825 527 1826 ,,
564 1825 567 1826 ,
605 1807 875 1826 ,,,.9_,,l2_
954 1805 1320 1826 __|f__.]!__1-____
1370 1813 1444 1826 Α-.
1493 1804 1634 1826 2,.1-...
1670 1816 1813 1826 ..-κη
1955 1813 1990 1826 n
2033 1821 2042 1826 -
2083 1813 2093 1823 ο
2191 1813 2227 1826 n
2365 1812 2397 1826 ι·
2440 1811 2474 1826 ,ο
2727 1812 2760 1826 ,ο
2833 1812 2844 1823 ο
3207 1819 3217 1826 .
3343 1813 3354 1824 ο
3556 1812 3571 1826 ι

229 1810 440 1866 exactis
475 1807 900 1873 conventiculis,
949 1805 1324 1875 adjudicatum
1365 1813 1449 1860 est
1493 1804 1636 1858 idem
1670 1816 1847 1876 nego-

227 1905 383 1969 tium,
415 1902 805 1959 monomachia
827 1902 902 1972 (5)
930 1901 1216 1956 terminari
1249 1901 1477 1955 debere.
1513 1900 1643 1953 Dato
1681 1895 1853 1967 igitur

227 1994 316 2048 die
347 1993 683 2066 singularem
712 1988 940 2044 ineundi
977 2005 1240 2060 pugnam,
1272 1988 1329 2042 in
1363 1986 1682 2042 condictum
1714 1999 1852 2039 con-

229 2082 462 2139 veniunt
491 2080 695 2146 locum,
724 2077 984 2134 videlicet
1020 2077 1112 2148 qui
1150 2075 1522 2147 repetebatur,
1555 2081 1611 2129 et
1641 2073 1858 2127 Airicus

231 2170 455 2243 quidam
487 2169 734 2233 nomine,
785 2182 950 2239 quem
996 2165 1348 2221 lsembardus
1408 2181 1510 2222 suo
1576 2163 1860 2220 obtulerat

233 2264 376 2330 loco,
404 2261 559 2318 fortis
593 2261 810 2328 robore,
858 2259 1016 2314 miles
1053 2257 1258 2314 officio.
1303 2259 1429 2313 Erat
1466 2264 1646 2313 autem
1707 2257 1854 2312 idem

230 2361 438 2410 statura
484 2368 780 2424 procerus;
844 2351 1144 2406 Botbertus
1219 2365 1348 2406 vero
1420 2349 1676 2420 pusillus.
1731 2349 1863 2415 Qui,

235 2447 488 2518 quamvis
516 2461 704 2500 secum
745 2443 1096 2514 confligentis
1129 2441 1528 2514 corpulentiam
1564 2448 1861 2508 metueret,

235 2541 479 2596 habebat
514 2546 718 2604 tamen,
751 2537 828 2592 uti
855 2545 1045 2609 postea
1078 2537 1284 2601 retulit,
1322 2535 1578 2592 fiduciam
1617 2536 1671 2590 in
1701 2536 1861 2590 Patre

243 2629 543 2684 Benedicto
571 2643 671 2682 suo
696 2628 820 2698 jure
847 2627 1098 2694 domino,
1124 2633 1179 2680 et
1209 2625 1314 2680 sibi
1346 2625 1544 2680 infesto
1573 2626 1692 2681 viro
1716 2627 1867 2681 hunc

245 2723 554 2780 inculcabat
583 2738 926 2778 sermonem:
973 2723 1094 2778 Non
1121 2736 1214 2794 ego
1263 2726 1434 2775 tecum
1486 2721 1715 2785 decerto,
1771 2720 1867 2775 sed

245 2818 494 2872 dominus
519 2831 670 2870 meus
696 2815 855 2884 cujus
884 2829 964 2868 me
985 2829 1204 2868 servum
1220 2813 1494 2882 proﬁteor,
1527 2813 1864 2866 Benedictus.

249 2906 390 2981 Ergo
421 2905 515 2976 qui
559 2903 711 2958 illum
745 2902 1046 2974 impetebat
1068 2900 1300 2968 Airicus,
1333 2907 1394 2956 ut
1417 2899 1586 2956 moris
1617 2906 1721 2966 est,
1751 2899 1868 2970 pri-

249 3012 369 3052 mos
407 2996 546 3051 ictus
575 2993 792 3049 intorsit
825 2993 880 3046 in
911 3008 1060 3046 eum.
1096 2990 1241 3056 Quos
1265 2991 1356 3045 ille
1401 2990 1580 3063 gratia
1611 2989 1704 3044 Dei
1737 3005 1869 3060 pro-

1954 1813 2128 1868 Patris
2191 1811 2475 1868 Benedicti
2530 1812 2868 1875 annuntiari,
2912 1829 3034 1884 quae
3089 1813 3387 1884 quotannis
3427 1812 3575 1884 apud

1957 1899 2816 1974 plurimuslcelebritergrecolitur
2836 1899 2892 1954 in
2917 1917 3106 1956 mense
3127 1901 3274 1958 Julio
3298 1901 3576 1967 nationes,

1957 1993 2368 2065 parvipendens
2421 1991 2668 2064 ejusdem
2702 1999 3038 2064 praeceptum
3096 1993 3425 2061 sacerdotis,
3482 1993 3575 2065 qui

1952 2085 2192 2154 jusserat
2243 2099 2439 2139 omnes
2497 2099 2630 2139 suos
2695 2083 3088 2155 parrochiales,
3146 2099 3268 2140 esse
3328 2083 3577 2149 feriatos,

1961 2176 2148 2232 statuit
2181 2191 2248 2231 eo
2287 2174 2378 2230 die
2430 2175 2780 2248 agriculturae
2813 2189 3037 2246 operam
3094 2175 3247 2231 dare.
3291 2173 3580 2229 Habitabat

1959 2275 2140 2322 autem
2172 2265 2319 2322 idem
2349 2265 2406 2320 in
2431 2266 2610 2342 agello
2649 2265 2890 2338 quodam
2921 2265 3094 2320 Patris
3123 2265 3458 2338 LBenedicti,
3487 2263 3580 2319 Vi-

1963 2360 2114 2416 noilo
2144 2360 2314 2416 dicto.
2346 2358 2594 2414 Diluculo
2635 2357 2802 2431 igitur
2829 2373 3084 2434 surgens,
3130 2357 3328 2413 vicinis
3364 2356 3582 2414 cunctis

1963 2451 2032 2505 ab
2058 2465 2228 2520 opere
2251 2465 2513 2505 manuum
2541 2447 2884 2513 vacantibus,
2920 2449 3041 2521 ipse
3067 2449 3218 2506 solus
3242 2449 3452 2521 junctis
3471 2449 3580 2504 bo-

1964 2547 2068 2600 bus
2096 2545 2150 2600 in
2182 2561 2372 2620 agrum
2403 2560 2566 2617 quem
2597 2559 2854 2600 exercere
2889 2543 3171 2616 cupiebat,
3213 2543 3412 2609 tendit,
3455 2559 3582 2599 eum

1967 2655 2134 2712 quem
2156 2638 2275 2710 ipse
2302 2638 2356 2692 in
2379 2637 2566 2692 hieme
2598 2637 2958 2708 prosciderat,
2990 2636 3232 2711 gliscens
3261 2635 3586 2692 rescindere

1969 2744 2245 2800 campum,
2276 2736 2338 2783 ut
2359 2735 2467 2783 tam
2509 2727 2715 2784 aastatis
2753 2728 2935 2785 calore
2961 2744 3126 2801 quam
3178 2726 3376 2782 hiemis
3403 2725 3587 2799 rigore

1971 2822 2254 2887 decoctus,
2288 2827 2342 2875 et
2393 2819 2660 2875 sementis
2697 2828 2948 2890 tempore
2974 2821 3198 2876 dentata
3233 2825 3382 2875 crate
3411 2815 3589 2892 glebis

1971 2909 2170 2966 attritis
2199 2908 2255 2962 in
2284 2907 2565 2978 pulverem
2588 2908 2861 2974 redactus,
2890 2907 3102 2964 semine
3129 2913 3390 2979 suscepto
3417 2905 3589 2960 abun-

1973 3001 2285 3056 dantiorem
2318 3000 2514 3055 diebus
2542 2999 2739 3056 messis
2767 3015 2868 3056 suo
2909 3001 3108 3056 cultori
3139 3000 3434 3055 exhiberet
3469 2997 3588 3052 fru—

248 3096 426 3145 tectus
479 3093 798 3142 constanter
837 3083 1140 3150 sustineas,
1197 3083 1502 3154 permansit
1553 3083 1778 3144 illaasus.
1817 3089 1873 3138 et
1899 3121 1949 3190 Ο
1975 3109 2120 3169 gem,
2148 3092 2284 3147 Dum
2317 3107 2448 3164 ergo
2479 3091 2725 3162 cupitum
2759 3095 3050 3166 perageret
3079 3105 3384 3161 opus,ecce
3422 3087 3594 3142 astitit

254 3183 525 3238 alternum
565 3179 762 3236 verber
789 3194 888 3233 suo
936 3177 1074 3234 hosti
1111 3184 1333 3232 tentans
1365 3177 1637 3245 incutere,
1673 3177 1873 3233 virtute

255 3271 447 3327 Patris.
476 3269 635 3338 cujus
664 3281 872 3322 nomen
905 3265 1177 3321 retinebat
1207 3272 1412 3332 mente,
1449 3282 1672 3320 manum
1702 3264 1881 3336 ipsius

260 3363 540 3425 ductante,
581 3357 838 3414 buculam
861 3357 936 3427 (6)
970 3355 1149 3426 clypei
1174 3372 1283 3427 quo
1305 3371 1438 3410 suus
1465 3355 1758 3430 tegebatur
1783 3355 1883 3410 ad-

261 3453 559 3519 versarius,
601 3449 818 3506 fortiter
873 3447 1125 3520 perculit.
1170 3447 1300 3512 Quae
1341 3447 1622 3503 claviculis
1679 3447 1884 3520 quibus

267 3550 426 3608 afﬁxa
448 3549 761 3612 tenebatur,
802 3546 1026 3613 avulsis,
1082 3545 1302 3619 longius
1335 3545 1588 3610 resilivit,
1645 3560 1885 3616 moxque

267 3659 462 3699 manus
515 3638 812 3696 adversarii
867 3639 1016 3694 nuda
1057 3639 1313 3710 apparuit
1385 3639 1597 3710 Quippe
1640 3636 1889 3693 foramen

272 3733 324 3786 in
343 3731 535 3802 clypeo
565 3727 766 3792 fuerat,
795 3727 940 3798 quod
965 3726 1165 3782 bucula
1189 3727 1534 3800 protegebat,
1564 3726 1785 3782 deintus
1812 3743 1896 3782 se-

273 3817 536 3890 mipedali
567 3815 728 3871 affixa
761 3815 934 3891 ligno,
963 3831 1072 3887 quo
1105 3831 1270 3870 manu
1291 3822 1525 3882 retento,
1557 3832 1776 3890 gravem
1803 3815 1896 3870 ille

275 3909 520 3966 Rotberti
553 3907 904 3964 adversarius
931 3905 1146 3962 facilius
1177 3914 1417 3962 verteret
1456 3907 1733 3978 clypeum.
1772 3907 1898 3963 Bot-

276 4002 470 4057 bertus
509 4015 745 4056 cernens
781 4015 1007 4054 manum
1052 4015 1242 4055 secum
1302 3998 1619 4055 dimicantis
1671 3999 1900 4066 nudam,

283 4095 394 4150 ictu
423 4093 659 4164 repetito
709 4098 824 4148 toto
852 4092 1146 4148 conamine
1188 4108 1308 4148 eam
1365 4091 1660 4164 percussit.
1695 4091 1760 4146 At
1811 4091 1903 4146 ille

286 4188 496 4245 doloris
539 4187 858 4258 impatiens,
911 4187 1164 4258 clypeum
1227 4187 1467 4243 remisit:
1522 4196 1577 4242 et
1645 4185 1905 4258 quoniam

1980 3183 2030 3238 ei
2048 3183 2272 3255 quidam
2300 3181 2354 3236 in
2382 3181 2662 3237 schemate
2690 3179 3134 3251 mouachali,;qui
3157 3185 3420 3250 utrasque
3445 3176 3598 3231 illius

1981 3291 2176 3330 manus
2203 3280 2422 3336 tenens,
2449 3272 2668 3328 bifurco
2689 3287 2800 3344 quo
2822 3278 3062 3328 aratrum
3095 3270 3319 3345 tegitur,
3345 3279 3452 3324 tam
3481 3267 3596 3324 for-

1983 3363 2110 3420 titer
2135 3361 2388 3434 astringit
2423 3359 2596 3435 ligno,
2628 3367 2688 3415 ut
2737 3360 3064 3431 sanguinem
3099 3375 3201 3431 per
3236 3372 3434 3413 omnes
3475 3357 3598 3426 ejus

1985 3469 2201 3528 ungues
2255 3452 2504 3518 eliceret,
2559 3460 2615 3508 et
2660 3452 2900 3508 rusticus
2950 3452 3095 3507 idem
3145 3450 3335 3522 aliquo
3376 3463 3603 3521 prorsus

1989 3557 2150 3618 pacto
2180 3561 2276 3601 eas
2325 3545 2591 3600 divellere
2629 3545 2698 3600 ab
2729 3545 2924 3601 eodem
2985 3543 3240 3616 nequiret
3276 3544 3446 3617 ligno.
3485 3543 3601 3609 Quo

1991 3641 2155 3709 facto,
2181 3641 2275 3714 qui
2299 3646 2632 3712 apparuerat
2655 3640 2981 3708 monachus,
3004 3655 3351 3712 nequaquam
3375 3637 3610 3694 ulterius

1991 3731 2096 3787 sibi
2124 3737 2207 3786 est
2249 3730 2419 3785 visus.
2465 3729 2582 3796 llle,
2613 3728 2822 3800 pariter
2877 3729 3069 3784 dolore
3111 3729 3282 3784 nimio
3335 3727 3530 3783 anxius
3557 3733 3612 3783 et

1999 3819 2202 3876 rubore
2230 3817 2512 3884 confusus,
2544 3816 2831 3872 haesitabat
2868 3815 3000 3888 quid
3031 3824 3238 3892 ageret.
3272 3815 3614 3872 Concurren-

2001 3911 2151 3966 tibus
2178 3924 2308 3965 vero
2335 3906 2668 3980 quibusque,
2703 3912 2758 3962 et
2785 3912 2936 3962 tanto
2953 3904 3307 3978 stupentibus
3333 3903 3611 3979 prodigio,

2003 4007 2376 4075 cognoverant
2405 3996 2550 4052 enim
2575 4012 2672 4068 per
2690 3995 2988 4050 bubulcum
3039 3995 3132 4067 qui
3154 3993 3418 4050 effrenato
3430 3993 3618 4048 animo

2008 4094 2089 4150 eis
2127 4093 2492 4156 intimaverat,
2524 4089 2734 4164 detegit
2772 4089 2903 4160 quid
2935 4089 3152 4154 viderit,
3192 4086 3488 4142 manifeste
3533 4085 3619 4141 vi-

2010 4186 2271 4244 dentibus
2305 4182 2442 4256 quid
2474 4181 2578 4237 sibi
2601 4181 2884 4236 acciderit.
2903 4180 3286 4252 Conjectantes
3315 4179 3499 4250 itaque
3525 4178 3620 4250 qui

290 4296 455 4336 manu
486 4279 774 4334 debilitata
805 4294 913 4350 qua
954 4285 1216 4352 tegumen
1260 4279 1508 4353 regebat,
1541 4295 1649 4350 qua
1681 4283 1796 4332 arte
1850 4291 1912 4332 se
2011 4279 2360 4332 accurrerant
2387 4287 2454 4326 ex
2482 4269 2931 4334 circumstantiis,
2971 4285 3038 4324 ex
3068 4267 3326 4324 monachi
3361 4266 3624 4322 videlicet

290 4381 530 4450 tegeret,
567 4389 676 4430 non
700 4372 966 4439 habebat;
999 4371 1220 4427 assiduo
1250 4371 1495 4428 Rotberti
1523 4371 1754 4427 verbere
1785 4369 1910 4425 fati-
2015 4373 2262 4423 oromate
2285 4359 2442 4433 [viso]
2471 4367 2525 4414 et
2557 4359 2666 4414 diei
2707 4357 2832 4450 festi
2867 4357 3043 4450 ipsius
3081 4356 3403 4422 violatione,
3432 4370 3626 4450 monaf

293 4443 474 4538 gaius,
525 4465 726 4521 victum
773 4481 833 4520 se
891 4463 1215 4536 proclamat.
1271 4463 1482 4518 Dehinc
1517 4469 1828 4519 exarmatus
1883 4477 1914 4516 a
1936 4491 1990 4538 η
2015 4457 2244 4512 chorum
2274 4453 2471 4508 ducem
2504 4450 2648 4504 hanc
2677 4446 2942 4502 ultionem
2973 4446 3041 4501 de
3073 4450 3470 4516 praesumptore
3492 4443 3626 4498 tanti

293 4535 524 4621 victore,
584 4569 707 4608 cum
758 4535 1100 4615 lsembardo,
1157 4565 1256 4622 pro
1311 4567 1422 4622 quo
1479 4551 1910 4625 ignominiosum
1936 4535 1989 4560 υ
2016 4545 2274 4602 facinoris
2301 4547 2564 4614 patrasse,
2601 4539 2908 4604 hortantur,
2941 4545 3214 4608 quatenus
3235 4544 3420 4591 votum
3444 4535 3625 4591 eidem

299 4655 576 4704 certamen
635 4644 857 4711 inierat,
907 4642 1171 4698 confusus
1227 4643 1392 4698 rediit
1427 4643 1496 4696 ad
1541 4643 1785 4714 propria,
1848 4643 1916 4697 de
2017 4640 2158 4697 Patri
2215 4637 2396 4701 faciat,
2442 4651 2503 4690 se
2563 4632 2943 4690 solemnitates
2993 4631 3160 4697 illius,
3221 4646 3330 4704 quo
3365 4629 3633 4686 advixerit

303 4741 520 4812 reliquo
579 4738 724 4793 haud
765 4737 988 4805 dubius,
1045 4735 1256 4790 Patrem
1309 4735 1666 4791 Benedictum
1708 4751 1920 4808 nequa-
2020 4737 2294 4801 tempore,
2327 4741 2606 4796 nunquam
2641 4729 3058 4788 temeraturum,
3091 4720 3485 4777 monasterium
3513 4719 3634 4789 ejus

305 4847 469 4906 quam
503 4829 619 4885 suis
676 4828 866 4885 defore
897 4828 953 4882 in
999 4827 1248 4884 adversis
1303 4826 1489 4882 rebus.
1534 4826 1657 4882 [late
1693 4825 1922 4882 victoria
2023 4822 2346 4896 petiturum,
2379 4814 2876 4891 pmnitentiamque
2901 4813 3330 4870 tanticommissi
3363 4819 3631 4869 acturum.

307 4903 447 4980 facta
504 4929 588 4978 est
646 4920 1086 4978 Floriaccnsibus
1143 4934 1256 4976 non
1322 4919 1538 4974 modica
1589 4919 1920 4986 exsultatio;
2022 4915 2266 4970 Vovente
2298 4912 2417 4966 haec
2443 4908 2560 4974 illo,
2591 4912 2646 4962 et
2673 4905 2932 4962 omnibus
2967 4919 3107 4976 quos
3137 4909 3303 4958 tanta:
3332 4903 3408 4958 rei
3441 4908 3638 4972 stupor

310 5017 560 5072 hostibus
588 5029 720 5070 vero
753 5013 990 5069 maxima
1018 5011 1297 5068 confusio.
1330 5012 1498 5068 Porro
1530 5011 1926 5068 demonstravit
2025 5011 2342 5079 inexpertus
2369 5008 2680 5070 attraxerat,
2721 4999 3010 5056 Dominum
3059 4999 3496 5070 omnipotentem
3536 5012 3637 5068 pro

311 5111 471 5168 Pater
521 5114 742 5165 sanctus
798 5109 856 5162 in
899 5108 1008 5164 hoc
1061 5106 1204 5164 facto
1253 5107 1534 5162 neminem
1573 5121 1704 5162 suos
1762 5119 1926 5177 posse
2025 5118 2092 5158 eo
2119 5098 2498 5165 exorantibus,
2528 5096 2858 5167 Patremque
2885 5091 3246 5148 Benedictum
3299 5088 3639 5162 lacrymabili

390 5275 462 5346 (ὅ)
519 5271 751 5346 Vigebat
798 5272 980 5328 adhuc
1022 5271 1228 5328 saeculo
1268 5287 1334 5346 4x1
1375 5270 1620 5346 duellum
1654 5271 1709 5324 in
1750 5269 1933 5346 causis

318 5341 736 5409 monachorum,
765 5349 826 5398 ut
856 5349 1008 5414 patet
1031 5351 1142 5399 tum
1176 5359 1242 5399 ex
1268 5344 1375 5398 hoc
1405 5343 1545 5409 loco,
1579 5349 1696 5414 tum
1725 5358 1788 5395 ex
1811 5341 1934 5414 aliis

327 5416 599 5489 pluribus.
625 5411 880 5489 Quaedam
895 5416 1148 5489 exempla
1165 5414 1378 5489 profert
1397 5413 1642 5468 Andreas
1669 5411 1936 5489 Chesnius

319 5485 376 5544 in
425 5487 570 5542 notis
608 5487 676 5540 ad
741 5485 1134 5541 bibliothecam
1166 5485 1627 5548 ’Cluniacensem;
1683 5485 1934 5556 quaedam

327 5559 458 5614 item
496 5556 762 5612 Acherius
786 5564 974 5612 noster
1003 5557 1058 5611 in
1082 5557 1228 5612 notis
1259 5557 1325 5610 ad
1357 5555 1714 5611 Guibertum.’
1734 5555 1936 5610 Memo-

319 5629 500 5686 rabile
531 5633 614 5684 est
638 5629 782 5700 han_c
811 5628 867 5682 in
885 5644 1010 5700 rem
1039 5626 1568 5700 diplomaALudovici
1602 5626 1739 5682 sexti
1772 5627 1938 5681 Fran-

325 5716 518 5758 corum
537 5699 707 5767 regis,
729 5697 1052 5757 Theobaldo
1063 5697 1250 5756 abbati
1269 5697 1578 5754 Fossatensi
1610 5713 1934 5755 concessum

335 5716 518 5758 corum
537 5716 596 5756 re
640 5716 707 5767 IS,
739 5716 1578 5757 ineonaiaoaunaurossawnsn
1610 5716 1934 5755 concessum

335 5787 484 5829 anno
518 5716 678 5838 11138,
723 5777 784 5827 ut
811 5771 953 5830 servi
985 5773 1106 5843 ejus
1135 5769 1458 5828 monasterii
1483 5771 1741 5828 adversus
1763 5783 1938 5828 omnes

2033 5269 2292 5330 homines,
2315 5268 2424 5318 tam
2447 5262 2640 5316 liberos
2671 5275 2834 5330 quam
2853 5259 3125 5330 servos,in
3145 5256 3390 5330 omnibus
3418 5255 3644 5330 negotiis

2035 5340 2255 5393 liberam
2281 5325 2520 5390 'habeant
2547 5325 2873 5402 testificandi
2897 5334 2946 5384 et
2977 5329 3216 5402 beltqndi
3245 5329 3541 5402 licentiam.
3587 5325 3642 5402 Id

2039 5416 2230 5480 postea
2252 5404 2532 5478 prohibuit
2555 5395 2849 5480 Gregorius
2883 5417 3023 5472 papa
3063 5400 3127 5454 IX
3170 5399 3366 5454 litteris
3399 5395 3542 5453 datis
3576 5395 3646 5449 ad

2035 5475 2293 5536 abbatem
2319 5485 2373 5532 et
2411 5475 2712 5531 monachos
2745 5475 3109 5530 Fossatenses.

2109 5552 2184 5622 (6)
2243 5549 2416 5622 Umbo
2454 5547 2667 5622 _c|y_pei,
2713 5547 2807 5601 ubi
2851 5559 3046 5622 manus
3081 5540 3430 5622 _inserenda,
3482 5538 3647 5622 vulgo

2037 5611 2233 5686 boucle,
2266 5619 2415 5676 unde
2445 5611 2660 5690 Gallice
2680 5632 2882 5674 nomen
2913 5615 3092 5690 clypei
3135 5616 3384 5682 bouclier,
3417 5627 3480 5668 ex
3518 5611 3648 5667 Bol-

2037 5693 2300 5750 landiana
2339 5689 2650 5748 notatione.
