3892 6048
398 267 536 322 1199

1403 255 1683 312 RADULFI
1727 255 2037 310 TORTAllll
2079 253 2369 309 MONACHI
2414 251 2706 306 FLOBIAC.

3600 256 3746 311 1200

391 407 527 447 voce
558 388 810 445 crebrius
844 384 1291 450 inclamantibus,
1312 390 1372 439 ut
1394 384 1597 438 misero
1629 382 2005 446 misereretur,
2033 394 2080 461 Α
2108 380 2256 451 ῳ]οᾶ
2299 379 2520 451 pr0prie
2556 379 2662 433 dici
2703 380 3288 435 valeatmisericordiae
3318 396 3486 452 opus,
3521 381 3747 436 referse

395 480 647 534 relaxatze
677 482 807 531 sunt
836 490 1033 529 manus
1064 473 1235 540 illius,
1267 478 1322 527 et
1350 472 1521 543 coepit
1557 479 1734 526 astare
1769 471 1998 534 solutus,

393 566 485 640 qui
517 572 643 621 ante
668 564 950 636 paululum
982 560 1352 617 invisibilibus
1384 560 1514 616 loris
1538 559 1830 614 tenebatur
1850 557 2005 613 astri-

392 667 531 717 ctus.
563 656 838 713 lndicibili
870 669 1001 729 ergo
1027 653 1362 709 exhilaratus
1393 652 1617 725 gaudio,
1639 658 1820 706 votum
1853 649 2002 721 quod

392 753 619 816 fecerat,
669 745 970 802 efﬁcaciter
996 742 1225 813 implere
1256 741 1485 797 studuit.
1518 741 1648 794 Nam
1695 740 2001 794 Floriacum

390 842 647 906 tendens,
677 834 1032 909 praesentavit
1061 850 1122 889 se
1152 831 1339 887 abbati
1390 832 1627 887 Rainero
1676 832 1773 902 (7),
1827 830 2006 885 fratri-

392 934 609 1004 busque
639 929 695 983 in
726 927 818 982 die
849 931 1041 981 octava
1071 924 1320 994 ejusdem
1353 922 1497 990 festi,
1531 922 1661 976 dum
1695 920 2005 975 celebrare-

391 1030 480 1079 tur
520 1020 707 1085 missa,
739 1016 990 1072 referens
1011 1030 1173 1086 quam
1204 1010 1495 1087 magniﬁca
1514 1011 1569 1065 in
1591 1027 1650 1065 se
1676 1009 2005 1066 ostendisset

393 1113 657 1171 Dominus
686 1110 1040 1180 omnipotens
1065 1105 1339 1180 magnalia
1370 1120 1470 1176 per
1497 1103 1581 1158 sui
1615 1101 1797 1157 ﬁdelis
1825 1102 2003 1155 Bene-

391 1207 524 1264 dicti
569 1204 784 1261 merita.
827 1204 891 1256 At
919 1200 998 1255 illi
1030 1215 1229 1275 magna
1250 1196 1616 1268 tripudiantes
1646 1194 1858 1261 laetitia,
1888 1201 2004 1249 tota

392 1302 577 1360 cordis
627 1297 888 1355 instantia
924 1293 1186 1350 Salvatori
1239 1292 1430 1347 laudes
1468 1291 1830 1363 proclamant,
1880 1305 2000 1343 ma-

390 1414 560 1473 gnum
610 1396 823 1451 Patrem
864 1391 1079 1463 magnis
1117 1388 1447 1445 extollentes
1478 1386 1795 1458 praeconiis,
1836 1385 1999 1456 eique

382 1489 449 1543 .in
479 1501 589 1558 quo
609 1489 815 1540 tantum
868 1488 1151 1537 ostensum
1182 1476 1360 1532 fuerat
1388 1475 1736 1541 miraculum,
1760 1473 1999 1529 salubri-

392 1581 498 1636 bus
518 1582 766 1635 correcto
785 1572 1107 1630 verberibus
1132 1569 1415 1624 licentiam
1440 1567 1748 1622 tribuentes
1779 1565 1997 1639 regredi

394 1672 458 1727 ad
483 1668 738 1742 prOpria:
772 1671 1104 1739 cognoverat
1128 1661 1300 1729 enim,
1332 1675 1681 1733 nequaquam
1713 1658 1796 1713 sui
1818 1673 2001 1713 sacer-
2024 1703 2076 1772 B

412 1766 424 1772 -
474 1764 505 1772 ..
835 1758 851 1772 ει
966 1757 1035 1772 οι·
1159 1771 1164 1772 ,
1223 1754 1286 1772 On,
1400 1753 1617 1772 A,__.!____
1686 1751 1744 1772 .1-
1803 1750 1999 1772 .-ηιμ-

394 1764 540 1821 dotis
574 1758 890 1833 spernenda
933 1757 1039 1812 sibi
1086 1754 1318 1823 monita,
1361 1753 1622 1826 quoniam
1680 1751 1749 1806 de
1803 1750 2002 1805 talibus

392 1853 525 1910 dicit
554 1852 830 1907 Salvator:
864 1849 971 1915 Qui
999 1862 1090 1902 vos
1118 1846 1344 1915 spernit,
1402 1858 1484 1899 me
1532 1843 1764 1911 spernit,
1805 1844 1855 1895 et
1905 1840 2002 1909 qui

390 1960 481 2000 vos
507 1941 683 2006 audit,
710 1955 791 1994 me
829 1938 987 1993 audit
1013 1936 1158 2007 (Luc.
1196 1952 1253 2001 Χ,
1277 1934 1386 2004 16).

463 2034 591 2089 CAP.
623 2032 764 2087 Xlll.
795 2060 864 2070 —
899 2028 1093 2084 Mulier
1131 2028 1406 2081 contracta
1452 2025 1704 2091 erigitur.
1752 2022 1808 2075 ln
1841 2020 2001 2075 terri-

391 2124 533 2182 torio
572 2118 895 2176 Trecassino
944 2114 1223 2187 quoddam
1271 2112 1506 2167 habetur
1543 2110 1808 2182 praedium
1863 2108 2007 2178 juris

393 2213 643 2284 ejusdem
675 2209 845 2264 Patris
875 2222 1044 2277 super
1071 2204 1384 2274 Sequanam
1416 2201 1665 2268 fluvium,
1699 2201 1770 2256 ob
1811 2206 2004 2256 orato-

395 2307 536 2362 rium
578 2304 636 2359 in
694 2303 843 2357 illius
897 2301 1106 2355 honore
1162 2295 1301 2351 inibi
1344 2301 1716 2351 constructum
1773 2294 2008 2349 Sanctus

390 2395 723 2453 Benedictus
750 2406 920 2463 super
943 2389 1254 2460 Sequanam
1285 2392 1661 2457 nuncupatum
1710 2385 1877 2440 Porro
1910 2384 2005 2438 ha-

390 2489 604 2547 bitabat
635 2486 689 2541 in
716 2500 784 2541 eo
803 2482 1029 2550 mulier,
1049 2479 1218 2536 Maria
1243 2478 1491 2548 nomine,
1522 2493 1644 2550 quae
1665 2476 1881 2531 diutino
1908 2475 2003 2530 de-

393 2584 546 2634 tenta
576 2577 838 2648 languore
881 2570 1043 2643 spina
1079 2567 1230 2626 dorsi
1263 2571 1565 2634 contracta,
1595 2564 1789 2620 eﬂ‘ecta
1828 2563 2004 2619 fuerat

390 2684 576 2736 curva,
606 2665 683 2722 ita
719 2670 779 2718 ut
804 2663 957 2718 nullo
989 2668 1149 2733 pacto
1180 2674 1311 2715 suos
1337 2674 1531 2714 versus
1550 2657 1751 2713 coelum
1785 2656 2002 2731 erigere

387 2761 599 2817 valeret
624 2756 827 2812 vultus.
860 2754 983 2809 Haec
1008 2753 1271 2825 indigena
1301 2750 1476 2823 ipsius
1496 2750 1715 2822 praedii,
1743 2749 1811 2803 de
1842 2748 2001 2803 fami-

389 2851 463 2906 lia
501 2845 752 2918 ejusdem
795 2843 968 2898 Patris
996 2841 1270 2916 originem
1306 2840 1573 2896 trahebat.
1604 2838 1784 2894 Multis
1815 2838 1999 2909 itaque

389 2946 443 2999 in
474 2941 668 2997 eadem
698 2936 960 2993 curvitate
1000 2934 1308 3006 permansis
1343 2933 1550 2999 lustris,
1611 2933 2001 3003 desperaverat

384 3032 495 3100 jam
525 3029 594 3083 de
645 3042 746 3080 sua
787 3025 984 3089 salute,
1026 3038 1376 3095 nequaquam
1426 3022 1637 3076 audens
1658 3021 1898 3092 Opinari,
1940 3036 1999 3076 se

388 3116 622 3174 ulterius
649 3128 816 3186 posse
854 3111 1087 3183 subrigi.
1129 3111 1371 3176 Quadam
1403 3126 1533 3183 ergo
1563 3110 1652 3165 die
1691 3110 1999 3179 Dominica,

389 3209 519 3265 dum
551 3206 607 3261 in
660 3205 856 3263 eodem
888 3201 1127 3259 oratorio
1158 3206 1344 3256 astans
1385 3216 1509 3255 cum
1560 3201 1777 3256 caeteris
1814 3201 1997 3256 missae

386 3299 818 3358 celebrationem
835 3295 1069 3362 audiret,
1084 3293 1473 3368 legereturque
1495 3293 1872 3364 Evangelium,
1895 3309 1998 3349 no-

387 3390 475 3446 dis
497 3389 671 3461 spina:
715 3386 811 3459 qui
846 3384 943 3441 diu
970 3384 1039 3439 de
1070 3398 1170 3438 suo
1201 3381 1553 3439 desciverant
1582 3382 1703 3438 loco
1755 3382 1812 3437 in
1851 3383 1997 3438 anti-

385 3495 553 3552 quum
585 3474 961 3533 remeantibus
998 3478 1225 3539 statum,
1250 3471 1415 3527 dorso
1446 3471 1503 3525 in
1532 3471 1842 3527 breviorem
1873 3486 1997 3528 mo-

385 3570 518 3626 dum
547 3574 802 3636 retracto,
854 3573 1160 3637 ventreque
1190 3563 1285 3635 qui
1344 3580 1445 3635 per
1500 3563 1735 3619 multum
1777 3570 1997 3635 tempus

384 3659 720 3718 contractior
748 3657 946 3724 fuerat,
987 3656 1042 3710 in
1073 3655 1293 3729 longius
1320 3652 1557 3724 spatium
1590 3660 1841 3722 extenso,
1884 3669 1999 3709 cte-

386 3756 468 3828 pit
500 3752 684 3809 subito
713 3756 856 3805 stare
887 3755 1092 3815 erecta,
1123 3763 1245 3819 quae
1282 3763 1380 3819 per
1405 3746 1569 3818 longa
1601 3746 1714 3815 jam
1747 3752 1998 3817 tempora

387 3846 765 3904 ambulaverat
796 3858 991 3915 prona.
1049 3842 1348 3912 Stupentes
1392 3854 1587 3895 omnes
1625 3838 1719 3910 qui
1752 3839 2002 3907 aderant,

2030 3044 2078 3113 C

2106 469 2337 545 dignum
2387 470 2665 535 duximus,
2697 476 2804 524 tam
2837 484 2938 540 pro
2963 469 3053 524 sui
3108 469 3400 543 dignitate,
3425 487 3605 542 quam
3642 486 3747 541 pro

2104 575 2347 631 congrue
2372 560 2643 615 sumenda
2671 559 2978 615 imitatione
3004 559 3171 614 simili
3186 561 3332 630 jure,
3354 561 3401 616 si
3420 561 3747 633 aliquando

2104 646 2271 703 fuerit
2308 664 2577 703 necesse:
2621 656 2674 703 et
2721 654 2781 703 ut
2819 648 3022 703 clarius
3060 649 3268 720 liqueat
3307 650 3399 722 pia
3440 651 3747 706 miseratio

2106 738 2277 795 Patris
2308 741 2613 805 Benedicti,
2647 757 2808 812 quam
2842 741 3173 811 propensius
3200 742 3476 811 impendit
3501 742 3618 809 eis,
3643 743 3745 814 qui

2106 828 2210 884 levi
2253 830 2452 897 Christi
2481 830 2618 903 jugo
2658 846 2757 885 sua
2796 830 3038 886 subdere
3066 830 3328 887 festinant
3366 833 3538 896 colla,
3590 833 3749 887 illius

2107 918 2384 989 provocati
2418 919 2754 991 magisterio.
2790 918 3017 983 Quidam
3067 935 3199 996 ergo
3250 930 3456 978 nostra:
3486 938 3747 995 congre-

2104 1010 2342 1082 gationis
2369 1010 2673 1065 monachus
2721 1010 3060 1066 Humbaldus
3094 1012 3404 1082 dicebatur,
3436 1015 3536 1087 qui
3571 1020 3748 1071 etate

2103 1105 2341 1174 juvenis,
2366 1105 2494 1160 dum
2524 1106 2578 1160 in
2597 1105 2713 1161 suis
2738 1105 2955 1161 actibus
2981 1115 3242 1162 strenuus
3262 1107 3576 1175 videretur,
3606 1126 3749 1181 qua-

2105 1196 2359 1251 rumdam
2400 1197 2811 1267 possessionum
2852 1196 3181 1251 Floriacensi
3222 1197 3342 1253 loco
3370 1199 3740 1253 subditarum

2103 1285 2335 1356 adeptus
2363 1291 2446 1341 est
2474 1285 2721 1341 tutelam.
2758 1284 3172 1341 Almeri-Curtis
3208 1286 3494 1355 videlicet,
3538 1306 3611 1345 ac
3643 1307 3746 1345 ea-

2102 1394 2218 1432 rum
2254 1394 2374 1449 quae
2404 1378 2455 1433 ei
2486 1379 2793 1449 subjaeent.
2821 1377 3031 1442 Quibus
3061 1394 3182 1433 cum
3210 1378 3324 1435 fere
3355 1382 3523 1437 annis
3554 1384 3741 1439 tribus

2102 1470 2455 1540 perdurasset
2476 1471 2806 1542 praepositus
2834 1471 2928 1541 (8),
2948 1471 3222 1543 disposuit
3242 1473 3550 1545 aliquando
3574 1492 3739 1532 more

2100 1558 2264 1614 solito
2287 1559 2593 1614 Floriacum
2616 1559 2877 1627 revisere,
2902 1560 3147 1632 gestiens
3176 1576 3357 1631 nosse,
3382 1571 3582 1619 utrum
3608 1581 3738 1621 om-

2102 1653 2191 1707 nia
2212 1653 2359 1725 apud
2381 1668 2510 1708 suos
2541 1653 2800 1708 concives
2829 1661 3125 1727 agerentur
3151 1670 3439 1725 prospere.
3471 1656 3735 1728 Coeptum

2103 1743 2287 1815 itaque
2316 1744 2421 1798 iter
2448 1759 2639 1819 agens,
2672 1742 2904 1815 contigit
2946 1742 3124 1814 ipsum
3157 1744 3214 1798 in
3244 1744 3332 1800 via
3359 1748 3619 1821 graviter
3649 1750 3737 1803 in-

2102 1830 2305 1886 firmari
2331 1847 2347 1901 ;
2378 1832 2477 1887 sed
2504 1831 2821 1887 nullatenus
2848 1831 3118 1887 molestiae
3155 1832 3382 1901 cedens,
3412 1834 3550 1890 licet
3581 1854 3735 1909 quo-

2101 1921 2235 1977 tidie
2283 1922 2517 1997 languor
2566 1923 2994 1994 ingravesceret,
3053 1923 3274 1978 tandem
3327 1926 3735 1993 moribundus,

2102 2008 2277 2064 nimio
2307 2010 2471 2064 taedio
2503 2009 2729 2082 fatigata
2769 2009 3013 2065 Floriaco
3044 2010 3131 2065 sui
3179 2027 3406 2083 compos
3457 2014 3736 2073 desiderii

2108 2100 2570 2157 intulitmembra.
2601 2100 2703 2155 Ubi
2725 2100 2853 2155 dum
2886 2101 3084 2157 morbo
3114 2103 3410 2161 confractis
3429 2106 3655 2164 viribus
3679 2110 3737 2164 in

2104 2197 2248 2252 lecto
2277 2197 2659 2264 decumberet,
2702 2196 2954 2251 visitatus
2977 2212 3008 2251 a
3040 2196 3320 2268 fratribus,
3371 2201 3736 2272 admonetur,

2105 2296 2382 2361 quatenus
2410 2288 2493 2344 sui
2532 2304 2746 2344 memor
2776 2287 2832 2341 in
2865 2289 3147 2357 extremis,
3174 2291 3359 2347 abbati
3395 2310 3499 2350 seu
3524 2298 3622 2351 cui
3654 2297 3732 2352 li-

2106 2379 2263 2434 beret
2309 2378 2588 2435 seniorum
2649 2377 2871 2449 pr0pria
2928 2377 3285 2435 conﬁteretur
3327 2394 3583 2454 peccata.
3630 2387 3731 2452 Qui

2104 2473 2383 2529 corvinam
2412 2472 2698 2529 aemulatus
2726 2489 2940 2541 vocem,
2971 2475 3141 2548 cmpit
3161 2478 3489 2549 promittere
3521 2480 3583 2534 in
3611 2498 3733 2537 cra-

2103 2566 2308 2621 stinum
2336 2582 2395 2622 se
2419 2566 2566 2638 quod
2591 2567 2922 2624 monebatur
2940 2553 3208 2625 acturum.
3242 2570 3405 2627 Miror
3432 2572 3732 2641 nimirum,

2105 2669 2227 2723 quae
2259 2653 2463 2710 oblivio
2494 2654 2640 2709 illius
2685 2655 2968 2714 insederat
2996 2658 3190 2726 menti,
3222 2675 3344 2715 cum
3388 2660 3443 2715 id
3479 2664 3726 2718 maxime

2104 2744 2348 2798 studium
2399 2744 2551 2800 omni
2609 2744 2724 2801 tore
2783 2746 2984 2803 debeat
3031 2746 3359 2816 Christiano,
3406 2753 3723 2821 praesertim

2103 2841 2398 2908 monacho,
2436 2840 2480 2895 si
2507 2841 2838 2912 peccaverit,
2863 2842 3011 2914 quod
3050 2844 3349 2900 humanum
3372 2853 3479 2910 est,
3520 2852 3586 2901 ut
3611 2853 3724 2902 sta-

2102 2930 2395 2986 timcurrat
2423 2930 2492 2985 ad
2522 2930 2816 2998 medelam,
2849 2930 3165 2988 conﬁtendo
3186 2934 3399 2990 scilicet
3426 2937 3719 3006 proprium

2104 3023 2268 3079 alicui
2295 3022 2558 3098 religioso
2590 3023 2967 3079 commissum.
3006 3025 3157 3091 Quod
3198 3026 3244 3080 si
3282 3025 3448 3081 etiam
3476 3044 3509 3082 a
3548 3030 3731 3084 noxiis

2102 3113 2428 3169 criminibus
2458 3112 2863 3184 Omnipotentis
2904 3131 3133 3170 munere
3179 3115 3445 3172 immunis
3471 3117 3729 3185 habetur,

2102 3203 2429 3258 humilitatis
2456 3210 2639 3259 tamen
2672 3212 2758 3260 est
2797 3204 3068 3273 custodia,
3102 3221 3257 3260 reum
3300 3222 3426 3261 sese
3470 3208 3729 3277 credere,

2102 3299 2158 3348 et
2182 3292 2433 3349 conﬁteri
2464 3292 2615 3349 omni
2649 3293 2781 3349 hora
2810 3294 2968 3363 juxta
2997 3294 3136 3369 legis
3165 3311 3279 3350 suae
3308 3296 3523 3351 saneita
3576 3298 3727 3368 (Reg.

2101 3381 2155 3436 S.
2183 3382 2391 3437 Bened.
2423 3397 2544 3452 cap.
2579 3381 2668 3454 4):
2703 3388 2834 3437 tunc
2864 3398 2994 3439 vero
3039 3384 3338 3455 praecipue,
3365 3400 3490 3441 cum
3530 3386 3729 3456 pulsa-

2100 3479 2189 3526 tur
2226 3472 2314 3527 vel
2341 3470 2559 3527 modica
2585 3471 2861 3539 molestia,
2894 3478 3171 3544 quatenus
3208 3488 3431 3545 semper
3461 3474 3535 3529 de
3563 3492 3627 3530 se
3649 3492 3732 3531 se—

2099 3561 2283 3617 curior
2309 3560 2526 3616 existat.
2560 3561 2610 3614 ls
2645 3576 2801 3632 ergo,
2833 3559 2904 3615 de
2950 3577 3060 3633 quo
3103 3562 3291 3618 dicere
3345 3578 3726 3635 cmperamus,

2098 3657 2357 3727 aegrotus,
2385 3666 2416 3705 a
2463 3649 2580 3704 suis
2609 3650 2773 3705 etiam
2807 3650 3017 3706 intimis
3068 3652 3267 3708 iterum
3300 3659 3468 3725 atque
3520 3654 3725 3709 iterum

2098 3740 2167 3795 de
2213 3739 2411 3795 eodem
2454 3737 2703 3810 pulsatus
2740 3738 2962 3803 amicis,
3001 3756 3123 3795 cras
3156 3757 3379 3813 semper
3405 3741 3726 3799 differendo

2105 3830 2249 3885 sicut
2303 3836 2358 3886 et
2385 3828 2600 3884 caeteris
2631 3827 3004 3899 promittebat.
3044 3829 3234 3902 Neque
3265 3830 3452 3903 aliquo
3483 3833 3555 3888 ab
3607 3833 3729 3904 ipso

387 3938 596 4010 quique
626 3950 747 3990 eam
779 3933 848 3987 ab
885 3930 1115 3985 infantia
1139 3937 1426 3996 noverant,
1460 3936 1516 3982 et
1555 3926 1734 3998 ipsius
1762 3926 2001 3982 inﬁrmi-
2105 3922 2283 3993 potuit
2334 3920 2652 3992 extorqueri
2697 3929 2879 3992 pacto,
2912 3919 3280 3978 confessionis
3327 3926 3582 3982 remedia
3622 3929 3729 3983 sibi

387 4030 520 4085 tatis
572 4025 781 4082 conscii
844 4022 1084 4088 fuerant,
1125 4028 1234 4076 tam
1288 4020 1626 4091 insperatum
1668 4020 2001 4091 remedium,

2102 4013 2243 4069 velle
2266 4011 2554 4068 adbibere.
2592 4012 2703 4068 Hoc
2733 4012 2926 4067 tandiu
2966 4014 3277 4085 respondit,
3314 4015 3495 4072 donec
3523 4020 3732 4074 amissa

388 4120 600 4193 palmas
644 4114 712 4169 ad
742 4111 942 4168 coelum
983 4109 1238 4174 tendunt,
1271 4123 1547 4162 summum
1602 4106 1859 4177 Opificem
1900 4125 2001 4179 per
2094 4121 2227 4162 voce
2270 4105 2521 4177 protinus
2567 4104 2719 4177 loqui
2761 4105 2991 4160 destitit.
3053 4103 3469 4178 Comperientes
3519 4110 3733 4167 deinde

386 4218 636 4270 sanctum
666 4205 1024 4263 Benedictum
1058 4202 1368 4269 laudantes,
1399 4202 1493 4273 qui
1538 4217 1695 4257 suum
1730 4202 1992 4257 auxilium
2088 4210 2287 4276 fratres
2318 4200 2499 4272 ipsum
2526 4200 2894 4269 obmutuisse,
2930 4201 3268 4256 consternati
3298 4203 3510 4273 animo,
3564 4206 3733 4279 igno-

387 4304 508 4373 ejus
533 4299 859 4372 impendere
888 4295 1148 4368 dignatur
1162 4291 1600 4349 veneratoribus.
1620 4292 1813 4347 Mulier
1840 4292 2003 4347 dem-
2028 4372 2031 4373 ν
2103 4294 2299 4351 rabant
2320 4310 2427 4366 quo
2443 4310 2503 4349 se
2531 4300 2829 4359 verterent,
2867 4300 3182 4350 metuentes
3206 4293 3388 4350 fratris
3416 4296 3575 4351 illius
3590 4314 3731 4354 con-

388 4372 495 4465 que
524 4391 619 4446 illa
640 4387 813 4443 multa
837 4384 998 4441 laude
1047 4383 1301 4438 meritum
1333 4381 1585 4451 ejusdem
1616 4381 1874 4436 attollens
1901 4381 2003 4436 Pa—
2025 4372 2084 4441 D
2104 4383 2393 4439 scientiam
2436 4382 2669 4451 alicujus
2707 4381 2930 4436 maximi
2982 4381 3247 4438 facinoris
3281 4384 3496 4439 macula
3541 4386 3728 4457 pollu-

388 4485 511 4552 tris,
564 4480 619 4537 in
656 4497 722 4536 ea
773 4494 935 4551 quam
986 4481 1292 4546 receperat,
1338 4473 1579 4529 sanitate
1628 4474 2002 4544 perseveravit

388 4592 566 4649 usque
603 4572 674 4629 ad
712 4586 827 4628 sua:
856 4568 1149 4625 terminum
1180 4567 1329 4623 vita}.

460 4667 589 4721 CAP.
618 4664 747 4719 XIV.
791 4694 860 4703 —
888 4662 1145 4717 Monacho
1174 4660 1384 4731 loquela
1436 4659 1655 4713 reddita
1693 4659 1768 4713 ad
1796 4661 1999 4728 confes-

386 4763 606 4815 sionem.
638 4757 924 4825 Praepositi
958 4755 1217 4822 ofﬁcium.
1272 4751 1563 4819 Confessio,
1592 4753 1755 4805 etiam
1802 4753 1997 4807 uenia-

385 4850 536 4905 tium.
566 4844 923 4914 Confessiom‘s
973 4843 1161 4898 dilata:
1178 4859 1355 4914 paena.
1398 4846 1670 4915 Optimum
1693 4846 1999 4900 consilium.

390 4939 686 4993 Viaticum.
719 4934 846 4990 Cum
876 4931 987 4987 sint
1016 4933 1228 5004 reliqua
1276 4949 1399 5003 qua:
1429 4933 1723 4989 scribimus
1778 4933 2002 4989 miseri-

383 5030 587 5088 cordiae
613 5044 803 5102 opera,
861 5041 963 5098 per
990 5025 1202 5082 Patrem
1254 5024 1609 5081 Benedictum
1643 5025 1712 5081 ab
1742 5026 2001 5098 omnipo-

382 5127 537 5179 tente
559 5120 792 5179 Domino
821 5116 1255 5174 misericorditer
1284 5116 1557 5189 impensa,
1602 5133 1773 5173 unum
1813 5125 1999 5175 tamen

450 5281 523 5351 (7)
542 5278 815 5336 Rainerus
835 5276 1007 5333 abbas
1023 5274 1367 5353 coronationi
1391 5275 1630 5348 Philippi
1655 5277 1802 5353 regis
1825 5277 1994 5336 inter-

381 5348 550 5409 fuisse
579 5358 917 5407 memoratur
946 5363 1091 5403 anno
1124 5348 1277 5403 1059.

451 5426 522 5495 (8)
558 5422 935 5493 Praepositum
974 5419 1247 5495 siquidem
1295 5419 1810 5495 cogﬁneinstitutze
1840 5430 1992 5495 sunt,

380 5502 440 5564 ut
463 5491 792 5564 praepositus
816 5508 927 5549 uno
957 5493 1240 5564 autaltero
1262 5492 1413 5548 socio
1444 5491 1694 5564 adhibito
1724 5494 1991 5563 prtedium

380 5563 602 5634 aliquod
635 5571 978 5634 procuraret,
999 5563 1080 5618 uti
1109 5563 1246 5618 alias
1277 5564 1573 5619 dicendum
1605 5563 1852 5631 uberius,
1883 5566 1993 5621 Deo

382 5630 798 5708 dante.l_riterim
825 5636 945 5708 lege
975 5634 1215 5708 Brow_eri
1250 5636 1449 5690 librum
1482 5634 1717 5706 primum
1746 5630 1995 5708 Antiqui-

382 5703 555 5755 tatum
585 5700 938 5758 Fuldensiuin
964 5718 1087 5775 cap.
1120 5705 1172 5760 7.

2101 4483 2235 4543 tam,
2257 4474 2407 4547 quod
2442 4490 2546 4529 nec
2577 4473 2635 4528 in
2662 4473 2923 4530 extremis
2945 4489 3110 4529 ausus
3136 4473 3303 4530 fuerit
3345 4477 3727 4534 manifestare.

2101 4565 2241 4621 Mota
2264 4580 2396 4640 ergo
2451 4563 2505 4618 in
2537 4563 2778 4635 capitulo
2817 4563 3144 4634 quiestione,
3186 4564 3318 4635 quid
3369 4565 3458 4637 agi
3488 4566 3727 4623 deberet

2102 4670 2274 4726 super
2304 4655 2405 4709 hac
2452 4669 2531 4721 re,
2564 4652 2990 4707 formidantibus
3019 4652 3280 4709 omnibus
3327 4652 3399 4708 de
3442 4653 3633 4711 fratris
3663 4657 3728 4711 il-

2102 4749 2211 4805 lius
2237 4750 2437 4818 salute,
2469 4764 2613 4804 unus
2639 4763 2830 4804 eorum
2870 4748 3104 4804 nomine
3131 4748 3474 4805 Gauzbertus
3512 4752 3613 4822 (9),
3648 4754 3729 4808 vir

2103 4842 2411 4910 timoratus,
2440 4839 2535 4913 qui
2586 4840 2753 4895 etiam
2796 4840 3011 4896 abbatis
3047 4838 3230 4897 ofﬁcio
3257 4840 3483 4896 functus
3522 4841 3725 4912 fuerat,

2103 4935 2200 4989 sed
2233 4934 2338 4989 sibi
2368 4932 2745 5002 subiectorum
2799 4947 2982 4988 mores
3032 4946 3385 5005 nequaquam
3419 4937 3725 4991 emendare

2098 5027 2307 5096 valens,
2350 5025 2677 5082 renuntians
2718 5024 2930 5080 nomini
2969 5025 3120 5097 quod
3164 5025 3442 5081 incassum
3470 5027 3723 5097 tenebat,

2101 5116 2405 5174 Floriacum
2444 5129 2633 5172 amore
2657 5114 2832 5169 Patris
2856 5113 3144 5171 Benedicti
3174 5114 3505 5186 expetierat,
3541 5118 3723 5174 taliter

2167 5277 2239 5348 (9)
2270 5275 2607 5333 Gaurbertus
2634 5274 2691 5330 in
2713 5276 2901 5348 editis,
2920 5276 3208 5348 mendose.
3246 5276 3295 5348 ls
3317 5273 3494 5348 abbas
3522 5276 3721 5337 fuerat,

2096 5349 2152 5404 ni
2194 5347 2373 5417 fallor,
2416 5347 2801 5420 Ferrariensis,
2832 5349 2991 5420 cujus
3035 5347 3243 5403 mentio
3286 5347 3342 5420 in
3374 5347 3511 5420 Vita,
3543 5351 3720 5403 sancti

2098 5420 2295 5475 Aldrici
2335 5419 2582 5491 cpiscOpi
2640 5418 3003 5484 SenonenSis,
3051 5419 3348 5491 suprasld
3397 5418 3445 5472 si
3487 5419 3582 5491 ita
3623 5427 3721 5479 est.

2095 5492 2259 5575 longe
2282 5489 2447 5575 extra.
2462 5489 2715 5575 ordinem
2745 5492 2959 5575 positus
2990 5499 3072 5547 est
3100 5489 3156 5545 in
3182 5490 3369 5570 editis,
3400 5489 3499 5575 ubi
3530 5499 3721 5575 sextus

2094 5561 2345 5620 decimus
2361 5564 2614 5618 habetur.
2641 5564 2784 5617 Sane
2802 5563 2923 5631 ejus
2944 5570 3191 5634 tempore
3208 5561 3454 5634 maxime,
3481 5561 3718 5618 laxatam

2095 5634 2265 5718 fuisse
2282 5635 2587 5718 regularem
2611 5633 3161 5718 disciplinam,_patet
3186 5649 3255 5689 ex
3283 5633 3555 5705 praedicta
3581 5635 3720 5692 Vita.

2095 5705 2248 5771 Quod
2278 5705 2411 5762 satis
2432 5705 2691 5763 convenit
2718 5705 2776 5761 in
2810 5705 2961 5762 hunc
2991 5705 3192 5764 lucum.
