3932 6040
282 275 412 332 1201
1451 271 1792 329 MIRACULA
1831 271 1891 326 SA

1997 271 2058 325 Τί
2097 269 2223 325 BEN
2233 267 2466 324 EDICTI.
3470 260 3614 316 1202

272 403 494 464 intulit:
528 405 718 470 Miror,
749 416 865 468 vos,
885 401 1109 468 fratres,
1140 403 1281 458 viros
1307 403 1576 473 sapientes
1605 417 1765 472 super
1795 401 1890 456 hoc
1915 405 1965 472 Α
1991 398 2138 454 obvii
2170 413 2294 454 cum
2327 395 2522 464 armis,
2555 395 2610 450 in
2641 394 2780 450 locis
2818 391 3082 450 videlicet
3109 389 3440 462 opportunis
3459 389 3612 458 ejus-—

271 497 487 567 negotio
508 498 586 552 sic
604 495 886 566 pendulos,
910 509 1028 549 eum
1048 495 1291 551 habeatis
1315 497 1376 550 in
1395 498 1653 566 prwsenti
1679 499 1890 550 (mltum
1994 490 2120 544 dem
2144 489 2274 551 vici.
2308 504 2378 544 ne
2397 487 2718 558 patentibus
2749 485 2854 540 sibi
2883 483 3149 548 aditibus,
3180 481 3388 536 valeret
3409 482 3489 535 eis
3517 481 3614 535 ali-

276 595 570 660 patronum
599 586 732 654 legis
759 587 945 640 vestrae
965 585 1306 652 sancitorem,
1331 587 1698 655 praerogativa
1721 587 1892 640 mira-

273 685 520 740 culorum
553 682 900 752 praaclarum.
952 678 1017 736 Si
1048 680 1230 750 placet
1281 681 1468 751 itaque
1517 681 1666 737 vobis
1724 697 1899 736 meum

275 771 585 838 consilium,
640 771 874 839 ingressi
933 772 1323 826 monasterium
1361 769 1494 842 (40),
1549 786 1732 826 coram
1783 774 1898 842 ipso

275 870 438 920 terra:
454 869 867 936 prosternamur
887 882 900 919 :
926 866 1204 936 placemus
1218 881 1316 935 per
1335 867 1515 937 ipsum
1539 869 1682 922 iram
1701 869 1894 923 summi

265 962 478 1032 judicis
509 966 734 1018 cantata
773 963 978 1019 litania
1006 979 1128 1018 cum
1155 965 1354 1034 septem
1383 964 1636 1034 psalmis.
1671 965 1890 1032 Audita,

281 1053 502 1122 fratres,
531 1053 802 1126 sapientis
830 1053 934 1109 viri
965 1054 1368 1123 exhortatione,
1414 1055 1719 1111 acclamant
1745 1055 1893 1128 quod

279 1153 639 1222 suggesserat
677 1146 886 1202 debere
917 1145 1058 1202 ﬁeri.
1091 1147 1230 1222 Ergo
1275 1147 1531 1219 prostrati
1575 1149 1890 1219 pavimento

274 1240 403 1290 ante
425 1235 696 1290 tumulum
724 1233 918 1302 Patris,
947 1235 1261 1306 psallebant
1286 1235 1505 1290 litanias
1529 1252 1657 1290 cum
1681 1241 1892 1307 septem

276 1327 522 1398 psalmis.
546 1326 754 1392 Quibus
776 1325 1037 1398 expletis,
1070 1327 1416 1401 conjungunt
1442 1327 1588 1382 fratri
1607 1328 1894 1402 aegrotanti

276 1419 501 1475 fratrem
532 1419 828 1492 quemdam
859 1435 993 1475 sane
1020 1419 1222 1476 mentis
1259 1420 1459 1486 virum,
1492 1421 1714 1476 nomine
1738 1421 1896 1478 Milo-

278 1526 436 1566 nem:
466 1511 583 1582 qui,
626 1511 754 1566 dum
789 1526 915 1566 eum
955 1511 1182 1567 nomine
1231 1512 1454 1584 proprio
1498 1520 1770 1578 vocasset,
1803 1513 1895 1568 ille

277 1600 437 1672 quasi
469 1601 538 1656 de
563 1615 760 1657 somno
799 1601 994 1657 mortis
1025 1601 1318 1676 evigilans,
1351 1601 1543 1658 oculos
1573 1601 1808 1673 aperuit,
1842 1609 1896 1657 et

277 1689 385 1744 sibi
427 1689 681 1762 protinus
708 1698 993 1761 resumpto
1031 1706 1289 1749 sermone
1330 1689 1646 1760 respondit;
1688 1689 1892 1745 deinde

271 1779 609 1846 admonitus,
650 1795 750 1836 sua
780 1779 1070 1835 confessus
1097 1789 1180 1834 est
1211 1789 1459 1850 peccata.
1498 1779 1592 1834 llis
1618 1780 1889 1850 'Iperactis,

1996 576 2132 650 quid
2173 575 2376 633 inferre
2404 574 2769 631 discriminis.
2827 573 2983 630 Unde
3038 571 3358 648 indignatus
3388 570 3482 626 ille
3513 586 3612 626 ne-

1998 685 2185 741 quam,
2219 667 2588 725 comminatus
2617 675 2701 722 est
2729 681 2854 722 cum
2900 665 3072 722 multo
3095 665 3436 737 juramento,
3487 679 3612 734 per-

1999 760 2141 818 fecto
2166 761 2388 834 negotio
2417 775 2528 833 quo
2559 759 2845 828 tendebat,
2877 775 2939 813 se
2965 773 3159 813 omnes
3183 773 3280 812 eos
3303 763 3493 827 captos
3508 755 3613 810 du-

1993 859 2233 920 cturum,
2261 853 2496 924 insuper
2525 858 2581 906 et
2608 850 2792 907 vicum
2824 849 3080 905 eumdem
3101 848 3478 903 incensurum.
3512 846 3609 902 Cui

1993 941 2097 997 viri
2130 941 2209 995 illi
2253 939 2678 1012 respondentes,
2729 939 3018 994 dixerunt:
3063 939 3132 992 Te
3161 933 3378 1008 quidem
3424 937 3611 1006 palam

1993 1039 2072 1092 est
2108 1036 2334 1090 multum
2359 1049 2514 1104 posse
2537 1037 2587 1088 et
2607 1033 2904 1088 vellenobis
2927 1031 3156 1087 nocendi
3179 1032 3388 1086 habere.
3421 1033 3611 1086 Potens

1994 1127 2170 1178 autmn
2197 1126 2276 1177 est
2304 1123 2463 1189 Deus,
2495 1123 2702 1178 meritis
2731 1123 2946 1176 Domini
2971 1122 3144 1178 nostri
3171 1121 3326 1191 cujus
3351 1123 3495 1176 servi
3519 1135 3612 1176 su—

1995 1234 2114 1274 mus
2142 1218 2430 1284 Benedicti,
2463 1218 2533 1272 ab
2558 1219 2927 1273 intaminatis
2955 1233 2990 1272 a
3039 1221 3088 1272 te
3110 1221 3356 1286 potenter
3384 1217 3613 1272 liberare

1996 1327 2096 1367 nos
2126 1311 2551 1366 calamitatibus.
2589 1311 2684 1366 llic
2714 1326 2840 1365 cum
2867 1324 3000 1364 voce
3031 1309 3234 1364 minaci
3265 1324 3409 1382 equo
3428 1309 3610 1364 calca-

1999 1403 2152 1458 ribus
2183 1403 2479 1470 concitato,
2537 1417 2647 1473 quo
2687 1401 2954 1457 tendebat
2997 1401 3237 1472 perrexit
3291 1401 3476 1457 miser.
3511 1401 3610 1468 Qui

1997 1509 2120 1549 cum
2144 1495 2356 1550 Patrem
2393 1494 2750 1550 Benedictum
2785 1492 3072 1548 debuisset
3099 1493 3337 1564 supplici
3368 1509 3524 1561 voce,
3554 1501 3614 1549 ut

1997 1584 2049 1640 ei
2070 1585 2122 1639 in
2151 1585 2415 1640 auxilium
2441 1592 2611 1650 esset,
2638 1584 2692 1638 in
2719 1583 2816 1639 tali
2841 1581 3164 1638 discrimine
3183 1599 3251 1637 ne
3272 1583 3612 1654 periclitare-

1995 1682 2104 1742 tur,
2145 1693 2468 1748 exposeere,
2493 1683 2834 1733 contestatus
2853 1686 2938 1734 est
2964 1693 3155 1735 servos
3181 1677 3336 1732 illius
3371 1677 3425 1732 in
3469 1693 3612 1748 prte-

1920 1730 1970 1798 B
1995 1767 2119 1822 dam
2151 1785 2212 1824 se
2230 1769 2585 1835 minaturum,
2619 1767 2765 1824 bona
2796 1785 2990 1826 eorum
3030 1769 3396 1842 direpturum,
3431 1778 3486 1825 et
3512 1770 3610 1825 ha-

275 1871 539 1928 viatieum
588 1888 703 1927 suae
747 1872 963 1940 salutis,
995 1887 1197 1943 corpus
1245 1871 1439 1943 utique
1469 1878 1525 1928 et
1563 1872 1891 1948 sanguinem

1997 1857 2236 1916 bitacula
2271 1859 2385 1936 igni
2411 1866 2804 1916 crematurum.
2837 1861 2974 1916 Dum
3017 1878 3148 1936 ergo
3176 1861 3612 1932 pervenissetad

275 1961 517 2028 Domini,
551 1961 856 2032 accipiens,
889 1959 1000 2016 vita
1029 1961 1285 2016 decessit.
1320 1961 1536 2016 Fratres
1576 1977 1704 2018 vero
1736 1962 1892 2018 exbi-
1994 1958 2232 2007 castrum
2263 1952 2517 2022 superius
2555 1950 2810 2020 relatum,
2843 1953 3076 2034 adOPSUS
3100 1953 3238 2008 ίίιυά
3281 1969 3405 2008 cum
3438 1954 3613 2025 Prima

275 2053 432 2108 laraﬁ
477 2053 708 2125 oppido,
750 2052 1050 2128 gratiarum
1089 2053 1338 2110 actiones
1371 2053 1681 2110 retulerunt
1709 2055 1893 2110 omni-
1991 2061 2155 2116 quam
2188 2045 2416 2120 regebat
2440 2045 2668 2101 cohorte
2707 2045 2977 2118 (reliquus
3004 2047 3152 2102 enim
3184 2047 3458 2104 exercitus
3486 2065 3610 2104 cum

277 2141 487 2212 potenti
509 2141 764 2208 Domino,
787 2142 882 2213 qui
913 2149 1021 2197 tam
1045 2142 1338 2214 magniﬁce
1368 2142 1662 2198 subvenire
1693 2143 1884 2219 digna-

279 2241 366 2290 tus
393 2239 478 2290 est
510 2250 608 2306 per
628 2250 728 2292 eos
758 2234 908 2290 fratri
941 2236 1210 2307 perituro,
1243 2235 1418 2292 Patris
1454 2236 1739 2292 Benedicti
1769 2253 1890 2293 me-

281 2329 408 2386 rito.

346 2417 470 2472 CAP.
517 2417 622 2473 XV.
671 2448 740 2460 -
772 2419 956 2474 Prmdo
1009 2421 1515 2475 excommunicatus.
1573 2422 1892 2477 Emeommu-

275 2508 544 2562 nicatione
557 2512 746 2578 spreta
771 2508 908 2562 male
930 2509 1096 2578 perit.
1125 2507 1413 2564 Albericus
1441 2524 1585 2563 unus
1609 2524 1675 2564 ex
1687 2509 1894 2580 primo-

281 2599 434 2654 ribus
459 2599 626 2655 castri
656 2598 1002 2658 Castellionis
1053 2599 1160 2670 (11)
1199 2599 1348 2670 quod
1405 2609 1490 2656 est
1531 2600 1697 2656 situm
1729 2617 1898 2673 super

280 2691 484 2762 Lupam
506 2690 816 2758 ﬂuviolum,
846 2691 1085 2747 vesanire
1115 2691 1353 2746 stimulis
1378 2691 1633 2767 agitatus,
1668 2693 1896 2749 creber-

1991 2135 2192 2192 comite
2216 2135 2382 2212 longe
2395 2144 2520 2208 post
2542 2137 2918 2209 sequebatur),
2936 2137 3106 2210 coepit
3121 2138 3336 2214 sagittis
3347 2145 3402 2194 et
3425 2139 3612 2196 diver-

1992 2230 2068 2286 sis
2089 2229 2398 2286 missilibus
2426 2245 2522 2287 eos
2548 2231 2642 2302 qui
2672 2231 2820 2288 intus
2846 2239 3006 2288 erant
3063 2232 3344 2308 infestare.
3405 2235 3610 2290 Armati

1993 2339 2124 2379 vero
2159 2323 2368 2397 egressi
2399 2330 2585 2394 portas
2621 2325 2783 2380 castri
2815 2325 3063 2394 ejusdem
3103 2327 3401 2401 indigenae,
3452 2328 3508 2383 in
3541 2345 3608 2386 eo

1997 2415 2144 2486 quod
2176 2415 2398 2482 accidit,
2421 2415 2637 2488 probati
2659 2425 2788 2472 sunt
2807 2424 3031 2474 strenue
3045 2419 3328 2476 restitisse.
3352 2420 3610 2477 Tendens

1997 2507 2146 2562 enim
2177 2507 2400 2578 quidam
2445 2506 2690 2564 adversae
2720 2510 2894 2581 partis
2951 2526 3160 2580 arcum,
3183 2511 3324 2583 jeeit
3357 2513 3608 2587 sagittam

1997 2598 2055 2654 in
2087 2597 2434 2666 Albericum;
2461 2600 2555 2673 qui
2585 2617 2651 2656 ea
2681 2601 2841 2670 ictus,
2871 2619 3040 2674 super
3065 2619 3236 2660 unum
3261 2620 3488 2662 suorum
3513 2623 3614 2681 ge-

2003 2707 2198 2759 nuum,
2224 2707 2349 2748 mox
2371 2692 2441 2748 de
2461 2708 2608 2764 equo
2632 2693 2720 2749 cui
2749 2693 3049 2763 insidebat,
3084 2695 3161 2751 ita
3189 2695 3467 2767 proclivus
3489 2714 3612 2755 cor-

279 2781 430 2837 rimis
454 2781 965 2854 deprmdationibus
993 2783 1202 2855 praedia
1240 2785 1444 2856 saepius
1475 2784 1696 2840 dicendi
1731 2787 1891 2842 Patris

2001 2796 2190 2848 ruens,
2211 2786 2272 2836 ut
2300 2781 2458 2855 galea
2488 2782 2670 2838 telluri
2690 2783 3018 2852 illideretur,
3045 2785 3364 2856 exspiravit,
3393 2793 3448 2843 et
3476 2805 3615 2860 quas

281 2873 622 2943 devastabat,
658 2877 896 2932 maxime
918 2877 1012 2932 illa
1039 2893 1162 2949 quae
1185 2876 1334 2932 Curti
1363 2877 1771 2934 Matriniacensi
1796 2866 1901 2950 (12)
2003 2867 2282 2924 incassum
2313 2869 2580 2926 adversus
2611 2871 2820 2927 Patrem
2846 2881 3092 2930 nostrum
3117 2873 3386 2932 θῘῩιιάθΐᾶι
3414 2877 3612 2946 minas.

278 2966 550 3038 adjacent.
597 2967 714 3033 Qua
751 2969 820 3024 de
849 2986 930 3034 re,
987 2969 1388 3026 mandaverunt
1431 2969 1538 3025 sibi
1579 2977 1689 3026 tam
1728 2971 1900 3028 abbas

2006 2957 2186 3030 perire
2217 2957 2503 3030 permisit;
2546 2960 2686 3015 nihil
2720 2977 2922 3034 nempe
2943 2969 3068 3034 post
3096 2963 3295 3019 vulnus
3323 2975 3610 3038 acceptum

282 3055 592 3125 Rainerius,
627 3073 791 3130 quam
834 3057 1034 3113 fratres
1062 3057 1164 3113 sub
1219 3073 1286 3114 eo
1317 3057 1606 3133 degentes,
1647 3070 1708 3115 ut
1733 3075 1892 3116 com-
1928 3088 1978 3158 Ο
2001 3049 2151 3158 “ﬁlii
2174 3049 2362 3158 valuit
2388 3049 3162 3158 "lliusmodi‘.retributipnem
3200 3055 3444 3126 superbo
3471 3055 3614 3114 Deus

278 3147 444 3203 missa
472 3149 793 3221 corrigeret,
825 3157 880 3204 et
917 3149 986 3204 de
1016 3157 1216 3206 caetero
1247 3150 1512 3206 adversus
1550 3151 1762 3207 Patrem
1795 3153 1896 3208 Be-
1930 3138 1978 3158 υ
1999 3138 2266 3195 "Monum
2299 3139 2564 3196 Dominus
2592 3139 2838 3196 reddidit
2865 3141 3036 3214 (Ρεαιο
3069 3144 3235 3210 XCI")-

281 3236 563 3292 nedictum
597 3237 729 3290 talia
767 3238 1114 3294 committere
1168 3246 1406 3294 caveret.
1449 3240 1550 3305 Qui
1582 3256 1679 3310 pro
1721 3240 1894 3297 nihilo

278 3327 489 3382 ducens
520 3328 800 3392 mandata,
845 3329 1105 3400 pessimis
1131 3329 1335 3398 adjecit
1372 3329 1579 3398 pejora.
1634 3330 1898 3386 Dolentes

278 3434 407 3474 vero
438 3417 632 3475 fratres
655 3419 866 3476 Patrem
891 3419 1094 3492 saepius
1122 3417 1521 3476 nominandum
1553 3423 1895 3494 contemptui

281 3507 494 3575 haberi,
555 3517 611 3565 et
659 3507 894 3564 famulos
943 3523 1074 3563 suos
1120 3509 1439 3574 extenuari;
1482 3508 1617 3566 inito
1661 3511 1894 3567 consilio

279 3597 628 3654 concorditer
655 3598 974 3670 praedonem
1006 3597 1159 3654 illum
1193 3614 1316 3654 cum
1339 3597 1443 3652 sibi
1468 3598 1525 3653 in
1547 3599 1652 3656 hoc
1683 3599 1894 3656 scelere

281 3691 742 3763 participantibus
763 3691 1130 3747 anathematis
1153 3707 1440 3761 mucrone,
1471 3691 1528 3746 ni
1553 3700 1817 3760 cessaret,
1840 3701 1896 3750 et

280 3780 526 3854 neglecta
559 3781 901 3848 emendaret,
942 3781 1248 3836 multarunt
1272 3781 1398 3853 (13).
1432 3780 1582 3835 Idem
1619 3788 1806 3837 autem
1837 3783 1890 3838 in

276 3872 434 3927 malis
457 3889 845 3944 perseverans,
862 3889 1055 3930 eorum
1081 3873 1709 3930 excommunicationem
1737 3875 1890 3947 quasi

279 3965 502 4037 aliquod
535 3965 791 4022 frivolum
820 3967 1102 4040 despexit:
1135 3966 1422 4022 induratus
1460 3966 1667 4034 animo,
1703 3968 1896 4040 negle-

276 4065 363 4114 cta
381 4058 624 4132 neglexit
661 4059 986 4127 emendare,
1017 4066 1071 4115 et
1115 4076 1148 4115 a
1176 4075 1273 4114 sua
1317 4059 1678 4130 perversitate
1717 4062 1898 4118 noluit

277 4163 514 4204 cessare.
541 4147 784 4204 Proinde
814 4147 1174 4218 Omnipotens
1191 4147 1285 4219 qui
1305 4147 1574 4204 clamores
1597 4150 1888 4206 humilium

277 4251 622 4308 nequaquam
649 4235 884 4307 spernit,
912 4244 967 4290 et
990 4235 1083 4307 qui
1108 4237 1346 4308 gemitus
1375 4237 1667 4293 viduarum
1711 4246 1765 4294 et
1786 4256 1891 4310 pu-

277 4326 532 4396 pillorum
562 4344 628 4382 ex
653 4326 764 4383 alto
791 4325 1075 4397 prospicit,
1100 4325 1360 4401 dignatus
1380 4335 1464 4384 est
1491 4327 1764 4384 consolari
1788 4329 1891 4384 sub

280 4421 378 4474 hac
417 4419 698 4474 anxietate
737 4434 926 4474 servos
959 4433 1106 4474 suos.
1140 4417 1374 4493 Contigit
1399 4419 1570 4487 enim,
1605 4427 1664 4474 ut
1689 4437 1888 4492 supra-
1920 4461 1970 4529 Ο

278 4511 418 4567 fatus
443 4511 632 4584 praedo
671 4510 920 4565 ductaret
966 4510 1266 4566 exercitum
1319 4509 1534 4566 comitis
1581 4512 1884 4568 Theobaldi

277 4617 444 4673 super
473 4600 810 4656 habitatores
847 4599 1034 4668 castri,
1066 4599 1214 4672 quod
1255 4616 1285 4654 a
1335 4600 1691 4656 srecularibus
1727 4602 1882 4670 viris,

281 4693 424 4764 turpi
453 4699 712 4748 censetur
739 4690 1038 4747 vocabulo:
1097 4709 1128 4746 a
1159 4690 1320 4746 nobis
1357 4707 1488 4746 vero
1515 4691 1718 4762 quibus
1756 4709 1886 4764 pro-

278 4786 506 4840 hibitum
534 4792 618 4839 est
667 4783 898 4856 turpiter
935 4783 1108 4856 loqui,
1141 4783 1609 4838 Malumtalentum
1640 4791 1879 4841 vocatur.

277 4879 399 4946 Qui,
423 4879 554 4934 dum
598 4879 708 4934 dux
733 4879 790 4934 in
821 4879 998 4952 primo
1029 4878 1252 4953 agmine
1284 4879 1386 4933 iter
1407 4877 1626 4941 faceret,
1662 4885 1888 4950 propter

275 4975 482 5024 curtem
541 4967 655 5038 jam
704 4968 904 5024 dictam
960 4968 1463 5032 Matriniacensem,
1517 4969 1760 5023 exterriti
1792 4968 1887 5042 qui

279 5073 398 5112 eam
444 5056 846 5122 inhabitabant,
877 5057 1132 5112 videntes
1173 5055 1455 5112 hominem
1487 5056 1596 5111 sibi
1625 5055 1888 5112 infestum

279 5165 401 5204 cum
433 5155 582 5206 tanta
632 5147 824 5204 adfore
863 5148 1099 5204 militum
1146 5146 1522 5214 multitudine,
1553 5147 1810 5202 exierunt
1839 5148 1889 5203 ei

347 5340 452 5411 (10)
491 5339 549 5396 ld
582 5345 666 5395 est
694 5339 1007 5408 ecclesiam,
1048 5347 1109 5394 ut
1133 5353 1200 5394 ex
1231 5344 1520 5394 contextus
1537 5336 1686 5392 serie
1717 5337 1893 5391 mani-

275 5411 669 5554 “$13535
693 5483 1272 5554 Chatillon-sur-Loin,
1311 5496 1489 5554 supra
1502 5479 1704 5554 urbem
1739 5480 1890 5554 bien-

283 5562 391 5636 tem
410 5551 537 5636 Argi
565 5551 633 5636 ad
648 5552 864 5636 [talpam-
895 5569 1113 5608 amnem
1148 5553 1203 5606 in
1232 5551 1564 5625 Burgundia:
1596 5565 1738 5624 pago
1765 5551 1891 5606 Wa-

279 5625 534 5690 stinensi,
567 5626 614 5680 le
640 5625 908 5682 Gdtinais.

351 5697 463 5768 (1%)
507 5695 679 5753 Curiis
722 5695 1025 5753 Matriniaci
1054 5696 1218 5764 infra,
1251 5695 1416 5768 vulgo
1447 5697 1501 5750 la
1541 5699 1680 5751 Cour
1709 5695 1890 5750 Mari-

2068 3228 2192 3284 CAP.
2228 3229 2358 3284 XVI.
2409 3261 2476 3270 —
2524 3233 3032 3287 Emeommunicatus
3069 3235 3276 3290 solutus
3307 3241 3433 3306 post
3458 3253 3609 3294 mor-

1997 3327 2118 3378 tem.
2154 3323 2306 3378 Alius
2333 3323 2520 3392 prcedo
2549 3325 2690 3378 male
2727 3327 2849 3379 erit.
2892 3324 3168 3398 Seguinus
3198 3342 3420 3400 quoque
3447 3330 3612 3400 hujus

1998 3410 2255 3466 Alberici:
2289 3410 2359 3466 de
2407 3427 2518 3483 quo
2555 3427 2721 3482 supra
2753 3411 3063 3482 retulimus,
3105 3422 3212 3470 tam
3243 3431 3408 3472 carne
3445 3435 3608 3491 quam

1996 3497 2202 3553 malitia
2267 3515 2588 3571 germanus,
2633 3499 2952 3556 nullatenus
3009 3501 3249 3558 terrifica
3289 3513 3465 3562 morte
3522 3509 3607 3564 sui

1998 3589 2185 3645 fratris
2223 3590 2450 3645 territus
2498 3599 2600 3646 est.
2647 3591 2897 3664 Denique
2923 3593 3244 3651 sceleratior
3273 3595 3436 3654 fratre
3472 3615 3608 3657 cva-

1996 3680 2089 3748 sit,
2125 3679 2334 3749 majora
2367 3679 2628 3736 adversus
2692 3679 2906 3736 Patrem
2945 3688 3192 3738 nostrum
3247 3702 3611 3759 praesumens,

1996 3771 2321 3828 multimoda
2377 3771 2701 3828 crudelitate
2759 3773 2816 3827 in
2857 3773 3092 3830 tamulos
3137 3775 3258 3845 ejus
3305 3789 3607 3853 grassatus.

1996 3863 2096 3928 Qui
2145 3869 2268 3936 post
2322 3879 2516 3918 necem
2571 3861 2780 3934 fratris,
2836 3879 2936 3936 pro
2967 3865 3317 3926 absolutione
3356 3872 3608 3941 ejusdem

1997 3952 2298 4008 Floriacum
2331 3951 2604 4023 pervenit,
2638 3959 2693 4008 et
2722 3968 2786 4008 ea
2818 3952 3109 4025 impetrata
3149 3960 3527 4030 speponderat
3547 3979 3610 4020 se

1995 4042 2064 4096 de
2094 4048 2294 4097 cmtero
2349 4040 2570 4096 ﬁdelem
2624 4040 2891 4110 futurum,
2941 4051 3000 4099 et
3051 4043 3122 4099 de
3161 4047 3403 4118 propriis
3435 4051 3610 4108 multa

1995 4133 2338 4211 largiturum.
2365 4134 2471 4190 Sed
2497 4137 2683 4191 omnia
2724 4138 3003 4206 mentitus,
3038 4155 3137 4210 pro
3160 4139 3311 4196 fideli
3341 4142 3607 4216 infidelis,

1992 4241 2092 4298 pro
2130 4226 2389 4299 largitore
2429 4232 2614 4296 raptor
2651 4225 2882 4283 eﬂectus
2921 4235 3021 4284 est.
3079 4229 3176 4286 llic
3216 4247 3350 4306 ergo
3381 4234 3607 4292 devium

1991 4317 2174 4372 fratris
2206 4317 2310 4374 iter
2339 4317 2824 4392 ingressus,ccrpit
2852 4327 2907 4373 ct
2939 4319 3057 4389 ipse
3089 4321 3311 4394 rapinas
3346 4339 3607 4384 exercere

1991 4409 2059 4464 de
2101 4409 2271 4463 Patris
2327 4408 2606 4464 Benedicti
2647 4409 3118 4480 possessionibus,
3165 4411 3340 4482 ipsius
3374 4415 3608 4476 famulos

1985 4513 2126 4569 quos
2147 4503 2361 4568 poterat
2385 4496 2634 4568 capiens,
2667 4505 2722 4553 et
2747 4513 2938 4554 eorum
2973 4498 3116 4555 bona
3145 4501 3434 4574 diripiens,
3471 4514 3602 4561 tan-

1987 4605 2148 4660 quam
2179 4589 2445 4645 ultionem
2488 4587 2670 4643 fratris
2700 4590 2768 4645 de
2800 4590 2973 4646 Patris
3004 4592 3290 4650 Benedicti
3323 4606 3605 4667 expeteret

1986 4679 2226 4736 famulis.
2254 4681 2354 4746 Qui
2386 4688 2440 4736 et
2462 4681 2584 4753 ipse
2614 4682 2820 4754 saepius
2845 4683 3164 4740 admonitus
3202 4703 3232 4741 a
3267 4704 3366 4744 sua
3387 4704 3605 4747 cessare

1987 4776 2193 4831 debere
2219 4775 2447 4842 malitia,
2472 4777 2624 4832 nullo
2656 4778 2820 4834 modo
2843 4779 3140 4850 acquievit.
3182 4781 3261 4836 Ad
3295 4793 3600 4842 extremum

1990 4865 2120 4920 dum
2148 4865 2384 4937 quadam
2416 4865 2505 4919 die
2543 4866 2756 4936 praedas
2785 4868 2852 4922 de
2884 4874 3026 4922 terra
3081 4885 3204 4942 quae
3244 4871 3388 4926 Curti
3420 4873 3601 4930 Matri-

1992 4959 2240 5014 niacensi
2264 4959 2500 5030 adjacet,
2520 4976 2712 5034 agens,
2736 4961 2955 5017 suillum
2969 4980 3194 5040 gregem
3214 4967 3497 5036 minasset,
3521 4971 3602 5024 di-

1993 5055 2124 5110 recti
2146 5064 2274 5110 sunt
2295 5055 2361 5109 ad
2389 5071 2512 5110 eum
2553 5057 2646 5127 qui
2675 5073 2774 5111 sua
2812 5065 3147 5130 repeterent,
3175 5068 3230 5116 et
3259 5064 3607 5121 emendatio-

1992 5166 2117 5205 nem
2157 5150 2484 5218 suaderent;
2517 5151 2610 5224 qui
2644 5151 2934 5220 abeuntes,
2987 5155 3315 5214 invenerunt
3365 5174 3490 5214 eum
3548 5159 3606 5215 in

1992 5337 2406 5417 gny,dimcesis
2436 5341 2780 5417 Senonensis
2808 5341 3209 5417 subdecanatu
3240 5344 3605 5417 Wastinensi;

1993 5408 2062 5488 ad
2087 5426 2250 5488 quem
2279 5411 2439 5488 etiam
2471 5411 2712 5482 pertinet
2737 5414 3072 5488 Bordelluni.
3097 5417 3268 5488 quod,
3301 5418 3476 5473 sinon
3501 5408 3606 5474 fali-

1995 5480 2101 5546 lor,
2131 5480 2604 5564 Mcrlunitaleiitu-in
2631 5491 2843 5564 auctor
2868 5480 3285 5564 i‘nferius'vocat
3322 5489 3607 5564 religionis

1994 5567 2180 5606 causa.
2214 5553 2516 5610 Matriniaci
2538 5555 2792 5610 meminit
2820 5557 3159 5614 Adrevaldus
3185 5575 3294 5616 non
3337 5553 3528 5618 semel.

2068 5624 2199 5704 (13).
2229 5624 2303 5704 De
2332 5626 2846 5704 excommunicandi
2887 5628 2992 5704 ritu
3007 5647 3124 5704 per
3161 5631 3216 5704 id
3243 5641 3459 5704 tempus
3483 5650 3602 5690 ser-

1996 5702 2118 5750 vato
2147 5695 2352 5751 dictum
2389 5697 2439 5750 in
2471 5696 2790 5768 pra:fatione
2819 5700 2980 5768 hujus
3001 5695 3216 5758 Saeculi.
