3892 6048
331 189 470 245 1203

1278 202 1281 205 ·
1346 188 1627 244 RADULFI
1667 188 1973 245 TORTARII
2015 188 2307 245 MONACHI
2348 189 2649 255 FLORIAC.

3535 190 3563 242 1
3576 187 3703 242 204

332 329 430 368 sua
468 312 653 367 domo.
699 311 820 365 Erat
879 315 1061 365 autem
1122 311 1239 381 ipsa
1293 311 1489 367 domus
1538 313 1720 384 lignea
1759 315 1943 380 turris,
1972 320 2021 388 Α
2050 316 2341 371 ecclesiam
2374 316 2428 370 in
2451 317 2644 372 eodem
2676 317 2799 373 loco
2825 322 3195 373 constructam
3226 316 3566 391 confugium
3606 315 3707 371 fe-

334 402 542 472 quippe
587 400 670 455 vir
699 406 898 471 potens
943 409 1076 463 erat,
1136 416 1202 454 ex
1260 400 1628 457 nobilioribus
1668 404 1946 477 indigenis

333 490 582 559 ejusdem
622 489 784 543 castri
840 489 998 557 cujus
1051 489 1226 546 fuerat
1276 498 1330 545 et
1392 491 1697 549 Albericus.
1761 492 1947 548 Turris

333 597 462 653 ergo
493 581 587 635 illa
610 580 663 634 in
687 581 1069 651 superioribus
1094 583 1210 637 suis
1250 584 1515 638 solarium
1548 585 1653 651 (lli)
1687 585 1944 652 habebat,

334 670 428 723 ubi
459 669 605 724 idem
640 669 1061 742 Seguinus‘cum
1112 686 1210 725 sua
1241 671 1498 725 manebat
1525 671 1751 738 familia,
1784 673 1956 729 collo-

334 761 629 833 quebatur,
704 761 1118 829 convivahatur,
1174 772 1228 817 et
1299 763 1553 818 noctibus
1608 765 1950 835 quiescebat.

336 851 505 906 Porro
560 849 617 903 in
658 849 777 918 ejus
809 849 1169 905 inferioribus
1209 851 1517 907 habebatur
1554 853 1835 908 cellarium
1869 854 1952 909 di-

336 942 482 997 versi
507 942 729 1013 generis
774 942 1018 997 retinens
1048 943 1367 1014 apothecas,
1427 945 1495 998 ad
1539 944 1857 1016 recipienda
1894 954 1948 1001 et

337 1037 719 1092 conservanda
748 1038 974 1091 humani
1016 1037 1194 1093 victus
1229 1039 1542 1094 necessaria
1575 1040 1819 1095 idoneas.
1851 1041 1948 1097 So-

339 1126 457 1180 larii
489 1141 616 1180 vero
665 1126 1065 1196 pavimentum,
1120 1137 1180 1182 ut
1227 1128 1397 1183 moris
1448 1137 1552 1196 est,
1601 1137 1948 1200 compactum

338 1226 456 1269 erat
487 1213 807 1269 dolatilibus
850 1215 1168 1283 trabeculis,
1200 1232 1322 1286 quae
1362 1233 1553 1287 parum
1585 1217 1808 1288 quidem
1863 1220 1952 1274 ha-

339 1305 545 1359 bebant
594 1304 993 1375 spissitudinis,
1070 1307 1169 1361 sed
1227 1308 1569 1379 aliquantum
1622 1309 1950 1378 latitudinis,

340 1393 637 1463 plurimum
668 1401 848 1447 autem
892 1394 1276 1468 longitudinis.
1329 1397 1576 1468 Denique
1607 1397 1662 1451 in
1709 1399 1813 1454 hoc
1857 1415 1949 1454 so-

340 1486 477 1540 lario
501 1485 594 1556 qui
629 1484 783 1538 missi
816 1484 1051 1552 fuerant,
1085 1487 1404 1557 praedictum
1424 1488 1600 1544 virum
1633 1490 1944 1560 reperiunt;

341 1576 434 1648 qui
461 1593 586 1631 eum
620 1577 1037 1646 convenientes,
1070 1594 1191 1649 quae
1225 1579 1469 1651 injuncta
1499 1580 1714 1636 fuerant
1743 1583 1948 1637 mitiori

2046 406 2204 460 cerit.
2263 405 2495 480 Fugitivi
2553 405 2817 477 denique,
2880 405 3199 472 homicidas,
3240 413 3295 460 et
3347 405 3708 476 quicunque

2046 494 2228 565 aliqua
2258 494 2366 550 alia
2382 502 2567 549 reatus
2605 495 2692 550 sui
2728 495 3004 550 anxietate
3045 502 3277 570 cegente
3309 496 3376 549 ad
3406 495 3699 549 eumdem

2048 581 2404 655 confugerint
2436 584 2636 648 locum,
2660 582 2932 637 immunes
2948 584 3213 649 existunt,
3246 583 3501 655 quandiu
3540 581 3707 637 infra

2055 676 2357 732 coemeterii
2383 676 2649 730 terminos
2678 676 2812 730 sede
2833 675 3226 731 continuerint.
3258 677 3430 731 Nemo
3462 676 3705 746 aliquid

2054 769 2244 835 furari,
2292 784 2388 823 seu
2419 768 2660 840 aliquam
2704 767 2951 822 fraudem
2997 770 3064 823 de
3102 769 3347 840 qualibet
3393 785 3449 822 re
3514 766 3705 822 alicui

2055 857 2233 911 facere
2264 856 2321 910 in
2352 855 2544 911 eodem
2573 856 2740 910 audet
2770 858 2929 913 atrio.
2974 856 3212 932 Contigit
3249 873 3382 930 ergo
3412 859 3511 912 die
3545 874 3707 928 qua-

2053 945 2199 1011 dam,
2241 950 2532 1000 venatores
2561 944 2815 999 Adelardi
2856 947 3140 1018 cujusdam
3174 946 3379 1002 nobilis
3424 947 3563 1013 viri,
3597 947 3709 999 ad-

2049 1036 2229 1092 vocati
2257 1036 2518 1091 videlicet
2547 1036 2695 1091 illius
2725 1037 2939 1107 praedii,
2972 1046 3173 1093 venatu
3214 1039 3546 1104 redeuntes,
3576 1038 3702 1092 fes-

2052 1143 2144 1183 sos
2184 1126 2388 1180 ibidem
2434 1141 2558 1180 cum
2617 1125 2732 1180 suis
2785 1126 3059 1182 resedisse
3097 1127 3354 1182 canibus.
3426 1126 3701 1198 Cumque

2055 1232 2165 1272 non
2196 1215 2468 1270 haberent
2498 1215 2646 1270 unde
2678 1216 2793 1269 suis
2811 1222 3027 1287 pastum
3058 1217 3291 1273 canibus
3322 1217 3701 1283 exhiberem,

2054 1308 2457 1380 querimoniam
2498 1324 2653 1361 suam
2712 1308 2781 1362 ad
2821 1309 2969 1363 Isaac
3016 1310 3309 1380 quemdam
3343 1309 3699 1380 prudentem

2055 1401 2298 1456 referunt
2329 1401 2526 1467 virum,
2561 1415 2725 1471 quem
2755 1400 2952 1456 fratres
2993 1401 3365 1457 Floriacenses
3397 1401 3507 1471 ipsi
3548 1417 3702 1471 prenso

2050 1495 2296 1550 fecerant
2356 1495 2718 1565 possessioni.
2772 1494 2872 1559 Qui
2931 1496 3061 1549 dum
3121 1511 3178 1549 se
3232 1495 3493 1570 ignorare
3555 1494 3701 1565 quid

2050 1601 2212 1659 agere
2245 1584 2516 1651 valerent,
2552 1586 2951 1655 respondisset,
3001 1585 3257 1656 inquiunt
3315 1585 3415 1651 illi,
3470 1585 3547 1638 de
3581 1600 3699 1637 an-

340 1680 597 1721 sermone
638 1665 690 1719 ei
729 1673 1017 1736 coeperunt
1069 1682 1378 1723 recensere.
1434 1670 1497 1723 At
1553 1669 1644 1724 ille
1701 1671 1785 1725 his
1827 1687 1949 1742 qua:
1980 1650 2027 1716 Β
2054 1650 2197 1728 nona
2236 1673 2411 1727 Patris
2451 1673 2758 1736 Benedicti,
2802 1688 2924 1744 qua:
2958 1673 3012 1727 in
3050 1673 3247 1727 eodem
3293 1672 3704 1726 rcservabatur

342 1757 769 1823 mandabantur,
791 1757 1021 1813 minime
1041 1759 1295 1827 intendit,
1322 1760 1420 1815 sed
1452 1759 1713 1818 efferatus
1742 1763 1952 1830 animo,

343 1864 440 1904 ore
475 1848 763 1918 respondit
790 1848 1111 1918 furibundo,
1167 1850 1428 1924 inquiens
1456 1868 1581 1906 cum
1615 1853 1957 1908 terribilibus

337 1936 666 2008 juramentis
704 1937 843 1991 velle
867 1953 927 1992 se
981 1937 1239 2006 injecisse
1269 1940 1603 1996 monasterio
1628 1940 1813 1995 Sancti
1845 1941 1953 1994 Be-

346 2026 553 2081 nedicti
591 2032 862 2081 tantarum
921 2027 1116 2083 virium
1175 2027 1384 2103 ignem,
1444 2030 1538 2100 qui
1594 2038 1771 2085 turres
1840 2030 1962 2098 ejus

345 2114 695 2171 combureret
723 2124 778 2170 et
820 2132 1071 2188 quasque
1097 2117 1148 2172 ei
1195 2118 1483 2192 contiguas
1513 2119 1664 2173 aedes
1694 2120 1963 2189 depasce-

349 2211 518 2260 retur.
552 2204 675 2260 llaec
725 2205 1055 2277 loquebatur
1092 2214 1241 2262 stans
1296 2207 1351 2261 in
1391 2224 1607 2264 summo
1648 2209 1812 2263 unius
1843 2216 1959 2264 tra-

250 2324 257 2327 ί
348 2296 576 2363 beculze,
642 2297 866 2368 quibus,
912 2306 970 2352 ut
1029 2298 1287 2368 diximus,
1339 2300 1525 2355 solarii
1584 2301 1959 2372 pavimentum

349 2392 620 2448 consistit.
678 2392 809 2456 Quae
848 2394 935 2448 vix
975 2402 1247 2449 venenato
1304 2401 1623 2450 evomuerat
1662 2409 1778 2458 ore,
1833 2410 1957 2448 cum

352 2484 667 2550 trabecuhe,
694 2485 781 2538 cui
808 2483 1046 2554 pedibus
1068 2483 1376 2550 insistebat,
1399 2491 1563 2554 caput
1594 2483 1724 2548 ruit,
1748 2483 1964 2538 sublata

350 2577 408 2631 in
440 2578 610 2631 altum
635 2578 807 2631 altera
836 2575 956 2644 ejus
983 2575 1362 2630 extremitate:
1398 2575 1493 2631 ille
1522 2591 1654 2631 vero
1704 2576 1961 2630 deorsum

351 2675 530 2744 capite
557 2688 840 2735 corruens,
890 2671 981 2726 tali
1021 2671 1208 2741 lapsus
1246 2678 1329 2726 est
1385 2686 1518 2725 casu
1549 2678 1607 2726 ut
1649 2680 1816 2742 caput
1846 2671 1966 2740 ejus

350 2768 495 2821 inter
524 2766 661 2820 duas
690 2781 844 2819 arcas
886 2778 1008 2835 quae
1039 2763 1095 2817 in
1125 2763 1348 2819 cellario
1396 2763 1561 2834 (quod
1612 2763 1846 2818 subesse
1875 2780 1966 2820 so—

352 2863 487 2917 lario
517 2860 775 2929 diximus)
823 2866 999 2923 erant,
1044 2858 1368 2931 inﬁgeretur
1398 2859 1570 2913 instar
1620 2859 1781 2912 cunei
1812 2859 1964 2933 ligno

354 2954 599 3024 impacti,
629 2954 845 3023 reliquo
884 2966 1115 3020 corpore
1154 2967 1325 3021 super
1358 2967 1519 3005 unam
1579 2967 1767 3005 earum
1807 2968 1964 3006 arca-

353 3062 473 3100 rum
510 3045 734 3112 rejecto.
778 3043 938 3096 Facto
995 3043 1257 3109 clamore,
1292 3041 1479 3095 famuli
1522 3042 1721 3096 domus
1762 3043 1815 3096 in
1847 3044 1963 3098 ccl-

350 3133 548 3187 larium
581 3137 775 3195 ruunt;
808 3130 1090 3200 reperiunt
1118 3136 1300 3184 autem
1329 3130 1612 3186 dominum
1636 3147 1794 3185 suum
1828 3148 1964 3188 con-

352 3223 538 3279 fractis
575 3223 883 3278 cervicibus
916 3223 1156 3277 animam
1196 3222 1501 3278 exhalasse.
1560 3224 1728 3288 Quem
1771 3240 1966 3295 repor-

352 3325 531 3373 tantes
585 3317 654 3371 ad
685 3315 993 3387 superiora,
1027 3331 1124 3386 pro
1157 3315 1278 3386 ejus
1318 3325 1494 3371 morte
1540 3316 1720 3371 subita
1746 3317 1968 3371 amaris-

353 3409 522 3463 simas
575 3405 883 3461 fundebant
932 3405 1219 3476 lacrymas.
1278 3405 1389 3460 Hoc
1435 3405 1582 3460 exitu
1627 3407 1964 3460 obstructum

355 3505 438 3553 est
483 3513 546 3552 os
582 3496 861 3567 loquentis
910 3496 1101 3567 iniqua
1154 3497 1323 3561 (Psal.
1372 3513 1499 3560 LXII,
1539 3496 1646 3561 12‘,
1706 3504 1967 3551 renovata

355 3587 519 3642 estin
550 3588 654 3642 hoc
692 3586 903 3657 perﬁdo
933 3586 1157 3657 antiqua
1188 3586 1437 3655 ejusdem
1480 3586 1654 3642 Patris
1702 3588 1966 3658 potentia,

356 3683 487 3737 dum
516 3688 805 3736 corruente
845 3680 1122 3736 Florentio
1165 3687 1279 3735 tota
1309 3681 1505 3735 domus
1537 3680 1743 3736 fabrica
1769 3683 1969 3738 mansit

358 3778 548 3842 illaesa,
579 3782 777 3846 praeter
807 3774 1093 3837 solarium,
1141 3773 1229 3827 cui
1270 3773 1417 3828 idem
1472 3773 1780 3829 Florentius
1834 3774 1967 3828 insi-

355 3874 534 3929 stebat
565 3872 754 3941 (Gnue.
792 3870 1148 3940 libffngﬂial.
1200 3885 1248 3924 c.
1291 3870 1362 3937 8).
1420 3869 1507 3924 Sic
1537 3879 1591 3924 et
1638 3870 1740 3925 isto
1773 3877 1966 3925 ruente

356 3970 470 4018 tota
512 3962 677 4016 turris
738 3961 945 4015 fabrica
985 3960 1288 4030 permansit
1330 3960 1564 4033 integra,
1615 3961 1732 4015 sola
1785 3962 1967 4018 trabe-

356 4057 499 4118 cula,
531 4056 615 4111 cui
642 4055 1006 4125 superstabat,
1041 4054 1252 4108 ruinam
1286 4070 1462 4124 passa.

427 4145 549 4201 CAP.
594 4145 749 4200 XVll.
790 4173 833 4182 -
907 4144 965 4199 S.
989 4143 1266 4198 Benedecti
1308 4146 1589 4198 cwmctert'i
1625 4147 1963 4202 immunitas.

355 4239 602 4293 Annona
627 4237 802 4305 rapta:
843 4249 1019 4304 poma.
1072 4232 1160 4287 Est
1217 4232 1494 4304 quoddam
1541 4233 1865 4303 praediolum
1907 4234 1964 4288 in

1990 2999 2038 3067 C

2056 1762 2198 1829 loco,
2245 1777 2417 1816 unum
2469 1761 2764 1815 sextarium
2824 1777 2883 1815 se
2948 1769 3399 1831 praesumpturos,
3450 1767 3514 1814 ut
3561 1760 3702 1813 inde

2058 1850 2217 1905 cibus
2270 1856 2670 1921 praepararetur
2717 1849 2975 1905 canibus.
3020 1851 3082 1905 At
3124 1850 3216 1904 ille
3256 1849 3422 1904 infert
3467 1865 3704 1920 nequa-

2061 1962 2223 2017 quam
2288 1945 2516 2016 impune
2549 1944 2602 1998 id
2635 1959 2732 2000 eos
2772 1960 2937 2015 posse
2978 1943 3277 2016 perficere;
3335 1960 3495 1999 suum
3551 1960 3695 1998 vero

2062 2037 2380 2092 nullatenus
2415 2053 2583 2107 super
2614 2038 2716 2091 hac
2746 2037 3060 2092 temeritate
3088 2038 3291 2092 habere
3319 2053 3690 2103 consensum,

2064 2125 2256 2182 timere
2297 2141 2365 2179 ne
2406 2141 2570 2195 poena
2625 2124 2754 2179 huic
2794 2127 3212 2197 praesumptioni
3255 2142 3379 2182 mox
3422 2127 3691 2182 adfutura

2062 2216 2117 2268 in
2147 2230 2225 2280 se,
2258 2214 2303 2268 si
2334 2213 2632 2279 accideret,
2666 2214 3027 2268 relaberetur.
3052 2214 3156 2280 llli,
3189 2231 3311 2286 qua:
3343 2214 3688 2269 dicebantur

2060 2317 2158 2373 pro
2187 2301 2360 2356 nihilo
2381 2301 2670 2364 ducentes,
2702 2310 2761 2355 ut
2788 2302 2974 2357 animo
3004 2310 3402 2373 conceperant,
3434 2319 3679 2357 annonae

2061 2402 2325 2466 quantum
2357 2392 2463 2447 sibi
2519 2392 2808 2448 videbatur
2846 2392 3122 2460 auferunt,
3161 2394 3345 2448 attritu
3403 2395 3679 2448 molarum

2066 2487 2121 2540 in
2188 2486 2420 2541 farinam
2478 2486 2757 2560 redigunt,
2817 2486 2933 2541 suis
2972 2486 3173 2541 exinde
3230 2493 3445 2557 pastum
3479 2486 3686 2540 belluis

2064 2575 2384 2633 conﬁciunt.
2442 2577 2587 2642 Quos
2643 2577 2842 2632 talibus
2884 2586 3100 2633 saturos
3152 2577 3452 2644 alimentis,
3509 2578 3691 2632 immi-

2067 2674 2236 2720 nente
2292 2673 2475 2732 nocte,
2526 2682 2635 2720 una
2688 2666 2982 2722 includunt
3033 2667 3383 2722 domuncula.
3428 2667 3685 2722 Diluculo

2066 2766 2251 2813 autem
2300 2758 2370 2812 de
2417 2758 2534 2813 suis
2571 2758 2854 2813 cubilibus
2892 2766 3213 2830 exsurgunt,
3263 2758 3484 2813 solitam
3521 2775 3691 2813 vena-

2067 2849 2204 2904 tioni
2236 2866 2461 2921 operam
2493 2850 2623 2904 dare
2653 2849 2965 2921 cupientes,
3021 2850 3401 2921 adeuntesque
3444 2851 3685 2905 cubicu-

2066 2945 2198 3009 lum,
2232 2942 2287 2995 in
2318 2957 2426 3012 quo
2464 2957 2593 2996 suos
2624 2942 2963 2997 recluscrant
2991 2958 3179 3007 canes,
3207 2943 3436 3014 januam
3469 2943 3554 2997 eis
3585 2960 3683 3012 pa-

2066 3037 2363 3101 tefaciunt;
2399 3043 2452 3092 et
2490 3036 2961 3107 introspicientes,
3015 3038 3203 3092 vident
3236 3052 3333 3091 eos
3362 3037 3475 3093 vita
3525 3037 3683 3092 defe-

2067 3133 2231 3200 cisse,
2260 3133 2395 3188 alios
2422 3132 2740 3203 pavimento
2769 3138 2883 3188 toto
2908 3139 3210 3203 prostratos
3231 3148 3486 3203 corpore,
3520 3149 3690 3204 quos-

2071 3230 2193 3284 dam
2236 3228 2555 3299 resupinato
2611 3243 2707 3283 ore
2756 3234 3000 3283 mortuos
3034 3228 3244 3295 jacere,
3300 3228 3443 3282 alios
3484 3229 3682 3297 parieti

2070 3322 2269 3375 domus
2306 3320 2678 3375 anteriorihus
2715 3320 2962 3394 vestigiis
3000 3320 3292 3383 inhaerere,
3339 3321 3583 3375 reductis
3603 3338 3688 3375 ca-

2070 3410 2279 3480 pitibus
2318 3410 2373 3463 in
2406 3419 2559 3483 terga
2618 3408 2770 3473 Quod
2823 3416 3134 3476 cernentes,
3177 3411 3415 3465 clamore
3471 3411 3687 3465 sublato

2069 3497 2298 3553 foemora
2348 3514 2447 3552 sua
2494 3496 2689 3568 palmis
2742 3497 2833 3552 alii
2892 3498 3168 3568 quatiunt,
3225 3498 3315 3552 alii
3381 3499 3689 3570 complexis

2071 3586 2328 3642 manibus
2357 3587 2601 3642 sonitum
2637 3587 2903 3661 grandem
2938 3602 3061 3641 cum
3094 3602 3228 3642 voce
3268 3587 3499 3658 querula
3528 3589 3687 3641 emit-

2071 3682 2212 3740 tunt;
2244 3676 2513 3732 timebant
2537 3676 2682 3731 enim
2718 3692 2911 3746 pasnas
2942 3691 2972 3729 a
2997 3675 3222 3730 domino
3251 3691 3350 3730 suo
3379 3692 3479 3747 pro
3508 3677 3681 3730 amis-

2068 3770 2225 3825 sione
2256 3786 2452 3824 canum
2481 3770 2626 3841 justc
2656 3769 2760 3823 sibi
2788 3768 3128 3842 irrogandas.
3168 3768 3265 3823 Diu
3293 3785 3426 3841 ergo
3448 3769 3681 3839 stupidze

2068 3862 2417 3917 admirationi
2474 3861 2703 3917 vocibus
2750 3861 3064 3933 questuosis
3120 3861 3417 3927 immorati,
3459 3862 3679 3916 tandem

2069 3955 2355 4019 recedunt,
2388 3953 2616 4009 domino
2659 3968 2758 4008 suo
2792 3951 3153 4008 infortunium
3189 3953 3336 4024 quod
3360 3953 3468 4007 sibi
3529 3953 3681 4008 acci—

2069 4048 2246 4112 derat,
2279 4052 2335 4100 et
2375 4060 2537 4115 quam
2569 4059 2794 4099 severus
2833 4042 2981 4097 ultor
3039 4042 3199 4097 Pater
3235 4042 3569 4097 Benedictus
3627 4044 3678 4096 in

2067 4155 2165 4195 eos
2195 4139 2477 4193 exstiterat
2508 4135 2754 4191 relaturi.

2138 4231 2261 4286 CAP.
2295 4230 2453 4285 XVlll
2510 4260 2580 4269 —
2605 4228 2793 4284 Simile
2838 4228 2904 4283 de
2938 4231 3113 4298 prato.
3149 4227 3268 4282 Alio
3300 4243 3520 4298 quoque
3545 4234 3680 4283 tem-

354 4330 643 4388 Leomansi
684 4345 849 4403 pago,
908 4328 1054 4401 quod
1103 4335 1329 4383 vocatur
1376 4328 1598 4384 Alsonia
1636 4330 1768 4399 (15),
1829 4326 2230 4394 PatriDpore,
2272 4320 2400 4374 dum
2432 4318 2633 4374 milites
2688 4325 2916 4389 propter
2953 4316 3209 4372 eumdem
3260 4318 3494 4373 viculum
3552 4319 3680 4373 hora

356 4422 650 4479 Benedicto
677 4439 707 4477 a
756 4422 1041 4477 Leotberto
1071 4421 1188 4474 viro
1229 4420 1401 4490 probo
1440 4420 1571 4476 olim
1612 4420 1965 4486 attributum;

353 4516 449 4571 ubi
499 4520 705 4570 tantam
763 4514 1147 4568 miraculorum
1205 4512 1567 4585 frequentiam
1610 4513 1753 4567 idem
1816 4512 1971 4568 Pater

355 4625 456 4680 per
482 4606 716 4680 gratiam
745 4604 849 4660 sibi
882 4620 914 4658 a
944 4605 1056 4661 Deo
1106 4604 1356 4679 largitam
1389 4604 1648 4669 ostendit,
1684 4611 1745 4658 ut
1776 4619 1971 4659 omnes

356 4699 531 4770 ipsius
553 4694 795 4751 nationis
821 4694 1078 4749 homines
1115 4694 1371 4748 eumdem
1399 4693 1580 4747 locum
1613 4693 1849 4747 maxima
1871 4694 1973 4747 dc-

355 4786 594 4844 votionis
621 4782 978 4839 veneratione
1027 4782 1295 4837 excolunt.
1343 4781 1591 4853 Denique
1643 4780 1821 4836 crucis
1876 4781 1972 4835 ali-

354 4883 618 4950 quantum
666 4874 915 4928 excelsas
947 4888 1044 4943 per
1075 4887 1267 4944 gyrum
1300 4870 1601 4927 cmmeterii
1643 4877 1967 4941 posuerunt,

354 4986 492 5043 quas
544 4983 708 5023 nemo
752 4981 912 5019 suum
956 4979 1295 5036 persequens
1358 4962 1663 5028 inimicum,
1716 4962 1969 5033 quamvis

356 5062 560 5121 exitiali
592 5062 712 5132 ejus
745 5059 874 5116 odio
896 5059 1174 5127 detentus,
1214 5055 1519 5131 transgredi
1559 5056 1780 5123 audeat,
1821 5055 1872 5111 si
1899 5056 1967 5110 ad

427 5274 534 5345 (14)
577 5273 841 5346 Superius
878 5271 1138 5346 conclave
1170 5266 1734 5346 signiﬁcarinomine
1772 5264 1963 5346 solarii

354 5338 628 5402 sexcentis
655 5338 955 5414 'exemplis
1003 5338 1251 5415 constat?
1297 5340 1591 5415 Egregium
1627 5339 1879 5415 habetpr
1908 5338 1963 5415 in

355 5418 656 5490 diplomate
697 5408 1091 5490 Guntehramni
1126 5415 1270 5490 regis
1310 5408 1753 5490 p‘re__cond_itione
1779 5408 1958 5490 .Cabi-

353 5481 599 5542 lonensis
638 5486 954 5542 monasterii
979 5486 1161 5539 Sancti
1187 5481 1461 5550 "Marcelli,
1493 5482 1590 5537 ubi
1632 5481 1965 5551 pmcipitur,

354 5563 417 5610 ut
467 5560 889 5611 solarium‘cum
930 5558 1205 5611 caminata
1242 5556 1327 5611 illi
1356 5556 1421 5610 de
1473 5555 1759 5621 Gcrgeiaco
1814 5557 1863 5607 et
1904 5552 1969 5606 de

357 5626 575 5680 Alciato
602 5628 837 5691 faciant.

2066 4410 2318 4480 jentandi
2363 4410 2466 4464 iter
2506 4418 2821 4479 carperent,
2864 4408 3203 4462 diverterunt
3255 4407 3412 4472 illuc;
3442 4407 3680 4480 dumque

2070 4500 2159 4555 alii
2195 4499 2349 4556 cibos
2388 4506 2443 4553 et
2473 4514 2711 4570 quaeque
2742 4497 3134 4551 commessuris
3167 4504 3435 4566 apparent
3461 4496 3679 4561 idonea,

2071 4610 2216 4648 unus
2241 4609 2430 4648 eorum
2465 4608 2563 4647 suo
2605 4590 2783 4662 inquit
2834 4590 3147 4665 armigero:
3221 4579 3353 4654 car,
3411 4590 3679 4643 hominum

2069 4686 2417 4749 inertissima,
2456 4686 2607 4736 tanta
2636 4685 2685 4734 te
2714 4682 2984 4751 oppressit
3009 4682 3234 4746 ignavia
3273 4681 3332 4732 ut
3360 4679 3555 4747 aliqua
3582 4694 3679 4732 non

2070 4775 2443 4830 subministres
2472 4773 2579 4827 tuis
2608 4772 2758 4841 equis
2774 4771 3004 4839 pabula,
3037 4768 3286 4838 quandiu
3313 4772 3679 4837 praeui-antur

2071 4869 2375 4938 epulaturis
2406 4863 2746 4919 necessaria?
2774 4865 2838 4916 At
2871 4862 2965 4916 ille
2997 4877 3057 4915 se
3089 4860 3303 4914 nescire
3353 4859 3492 4912 dicit
3520 4875 3551 4911 a
3579 4874 3680 4929 quo

2070 4958 2371 5030 quidquam
2393 4955 2504 5010 feni
2532 4955 2616 5009 vel
2645 4953 2924 5024 palearum
2956 4950 3258 5020 deposcere
3290 4947 3484 5018 possit.
3516 4948 3677 5013 Vade,

2068 5052 2269 5125 inquit,
2307 5053 2367 5104 in
2398 5052 2623 5119 pratum
2667 5046 2725 5103 S.
2770 5046 3061 5109 Benedicti,
3111 5041 3255 5112 quod
3302 5041 3425 5094 huic
3474 5040 3680 5110 adjacet

2136 5262 2247 5331 (15‘,
2279 5259 2522 5326 Alsonia,
2542 5262 2781 5331 Αιιεεοη,
2817 5254 2977 5331 vicus
3009 5261 3091 5307 est
3111 5246 3678 5331 diiecesisSenonicae

2064 5335 2120 5389 in
2141 5319 2416 5389 decanatu
2449 5319 2860 5393 S.'Florentini,
2892 5326 3049 5393 cujus
3074 5323 3181 5379 vici
3200 5320 3439 5377 ecclesia
3472 5319 3674 5393 pendet

2069 5423 2099 5461 a
2131 5404 2464 5461 monasterio
2505 5399 2860 5474 Floriacensi.
2904 5392 3031 5451 Istic
3082 5394 3316 5474 proinde
3354 5392 3681 5474 statuendus

2070 5484 2153 5532 est
2179 5493 2350 5550 pagus
2366 5475 2695 5550 Leomansis,
2717 5472 2762 5527 si
2796 5470 2884 5525 hic
2914 5484 3024 5524 non
3052 5464 3250 5523 erravit
3273 5464 3677 5537 typographus,

2072 5547 2274 5603 rectius
2311 5547 2623 5600 Lcomensis.
