3892 6048
209 228 349 283 1205

1365 229 1706 287 MIRACULA
1747 230 1978 286 SANCTI
2021 231 2392 290 BENEDICTI.

3404 235 3541 292 1206

195 355 359 420 villae,
399 361 452 409 et
489 356 698 410 collecto
723 353 900 408 herba!
925 356 1090 422 fasce,
1117 371 1274 424 quem
1304 357 1450 411 solus
1471 360 1649 412 valeas
1691 359 1823 412 collo
1850 366 1894 428 Α
1921 359 2098 425 jorem
2132 359 2453 433 ingrediens
2482 358 2791 426 ecclesiam,
2838 359 2895 413 in
2943 376 3052 431 qua
3091 361 3338 431 ejusdem
3370 361 3542 418 Patris

200 447 324 512 equi
353 448 641 512 imponere,
673 445 842 510 defer,
883 449 932 497 ct
963 446 1070 498 tuis
1098 459 1301 514 appone
1336 447 1684 500 animalibus.
1725 448 1820 502 llle

202 534 494 604 praeceptis
524 535 732 590 domini
765 534 848 589 sui
878 550 1101 605 parens,
1148 543 1393 591 mutuata
1443 536 1581 592 falce
1613 554 1644 592 a
1676 554 1820 610 quo-

205 626 331 681 dam
357 627 411 680 in
438 633 652 698 pratum
683 627 881 692 evolat,
918 627 1145 682 herbam
1180 629 1306 684 lotis
1341 629 1554 684 viribus
1586 638 1820 698 resecat,

206 719 266 770 ut
287 716 616 786 quantocius
651 715 919 785 repedare
945 715 1147 784 valeat,
1190 734 1260 772 ne
1301 704 1575 774 sociorum
1605 720 1827 775 defrau-

206 801 368 858 detur
393 803 592 874 epulis.
627 804 844 858 Interea
893 805 1024 860 dum
1049 804 1142 860 ille
1170 805 1361 862 illicito
1389 806 1618 863 instaret
1646 809 1825 879 operi,

204 894 340 950 vidit
364 911 488 949 eum
514 894 740 966 quidam
759 895 829 951 de
861 896 1220 970 pagensibus,
1255 905 1310 953 et
1329 913 1626 954 accurrens
1654 899 1820 965 otius,

204 988 478 1042 nuntiavit
519 987 783 1058 praedicto
813 988 966 1042 Isaac
1002 988 1146 1043 villa:
1177 989 1500 1060 praeposito:
1535 997 1652 1046 erat
1675 991 1822 1044 enim

205 1089 419 1150 pratum
455 1079 590 1134 illud
626 1080 949 1154 contiguum
974 1079 1162 1136 domui
1195 1081 1340 1150 ejus.
1374 1082 1610 1137 lntuitus
1641 1089 1822 1137 autem

205 1175 355 1228 Isaac
399 1173 734 1248 armigerum
767 1175 904 1230 falce
940 1191 1167 1249 gramen
1225 1175 1364 1246 prati
1404 1177 1822 1246 praecidentem,

205 1282 236 1320 a
284 1265 448 1336 longe
487 1265 778 1322 excelsiori
828 1265 1090 1322 inclamat
1146 1283 1310 1322 voce:
1369 1269 1635 1336 Quisnam
1669 1285 1742 1338 es,
1796 1286 1825 1324 ο

209 1361 360 1414 homo
388 1361 620 1426 nefarie,
651 1363 748 1428 qui
783 1367 972 1414 contra
1020 1363 1107 1428 fas
1133 1367 1420 1417 temerator
1461 1365 1732 1432 ingressus
1771 1379 1823 1418 es

207 1453 388 1506 sancti
413 1457 639 1520 pratum
668 1453 944 1507 Benedicti
967 1453 994 1506 ?
1029 1455 1289 1521 egredere,
1320 1456 1557 1522 pestifer,
1599 1458 1825 1509 velocius

208 1547 481 1601 nedivina
519 1547 656 1600 ultio
682 1546 908 1602 celerius
939 1553 989 1602 te
1011 1549 1298 1618 disperdat.
1335 1549 1429 1603 Ille
1449 1555 1630 1604 autem
1662 1565 1826 1604 voces

211 1643 579 1690 contemnens
601 1637 900 1702 monentis,
931 1637 986 1690 in
1005 1638 1120 1692 haec
1145 1637 1350 1692 luerida
1368 1639 1822 1709 prorupitverba:

211 1725 470 1790 Sanctus,
501 1723 598 1791 ait,
629 1726 952 1780 Benedictus
989 1728 1093 1780 hac
1128 1729 1242 1782 vice
1267 1728 1364 1781 hoc
1387 1729 1657 1783 modicum
1691 1729 1828 1782 mihi

205 1813 499 1880 indulgebit
535 1816 774 1880 facinus.
839 1813 901 1868 Et
948 1812 1096 1869 facto
1124 1813 1309 1869 herbm
1345 1815 1624 1884 fasciculo,
1663 1831 1824 1874 suum

207 1901 433 1970 repetiit
472 1902 803 1973 hospitium,
839 1903 955 1957 suis
981 1903 1315 1958 animalibus
1343 1905 1612 1960 exhibens
1650 1905 1828 1977 pabu-

208 1991 340 2046 lum.
379 1992 590 2048 Deinde
631 1993 864 2049 festinus
895 2011 1200 2066 properans
1239 1996 1308 2050 ad
1338 1996 1588 2062 domum,
1620 1997 1714 2051 ubi
1738 1997 1824 2053 sui

208 2084 644 2140 convivabantur
689 2086 942 2154 comites,
975 2095 1030 2142 et
1060 2087 1178 2158 ipse
1208 2089 1528 2144 convivatus
1577 2095 1660 2144 est
1699 2105 1823 2144 cum

209 2175 310 2232 eis.
343 2175 692 2248 Consumptis
723 2179 906 2249 itaque
937 2179 1174 2250 dapibus
1221 2179 1486 2252 finitoque
1521 2181 1824 2252 jentaculo,

211 2265 496 2336 proprium
520 2266 906 2340 unusquisque
933 2269 1318 2324 conscendens
1337 2286 1562 2341 equum,
1595 2271 1824 2326 tendere

210 2354 473 2409 festinant
499 2371 610 2426 quo
657 2356 1067 2427 disposuerant.
1113 2358 1473 2430 Contemptor
1510 2365 1694 2414 autem
1725 2361 1827 2414 Be-

209 2442 416 2497 nedicti
449 2443 624 2498 Patris
657 2453 967 2515 postremus
996 2445 1244 2501 omnium
1281 2447 1349 2501 de
1372 2446 1499 2502 villa
1523 2447 1823 2521 egreditur,

205 2535 372 2590 credo
401 2535 804 2606 aliquantulum
827 2537 1016 2592 herbae
1050 2539 1595 2610 superfuisse,quam
1625 2547 1826 2594 utsuus

207 2637 562 2682 consumeret
619 2644 798 2699 equus
826 2629 1210 2700 exspectabat:
1249 2637 1304 2685 et
1354 2631 1470 2701 ipse
1509 2631 1731 2686 demum
1766 2638 1826 2686 ut

204 2715 322 2770 suis
359 2717 789 2791 conjungeretur
832 2719 1021 2785 sociis,
1065 2719 1157 2790 qui
1207 2719 1552 2793 longiuscule
1585 2720 1696 2791 jam
1735 2719 1826 2774 ah-

208 2815 387 2874 erant,
419 2824 566 2880 equo
587 2809 898 2864 calcaribus
925 2811 1168 2866 admisso
1187 2826 1283 2866 eos
1316 2811 1535 2882 insequi
1566 2819 1822 2878 conatur;

207 2901 305 2955 sed
329 2911 625 2972 antequam
657 2902 728 2956 de
759 2903 884 2957 villa
919 2903 1110 2970 exiret,
1143 2919 1319 2974 equus
1349 2919 1600 2974 praeceps
1636 2903 1688 2958 in
1721 2915 1823 2958 ter-

1923 447 2290 502 sacratissima
2320 447 2677 518 requiescunt
2706 464 2853 516 ossa,
2891 449 3089 503 devota
3122 465 3344 517 precum
3397 450 3540 506 liba-

1922 536 2072 590 mina
2103 545 2229 591 ante
2259 536 2504 609 singulas
2533 535 2920 607 perlustrando
2951 552 3074 590 aras
3107 538 3216 592 Deo
3251 536 3540 594 offerebat.

1927 627 2262 682 Perveniens
2309 635 2492 683 autem
2549 629 2618 683 ad
2663 645 2810 683 aram
2868 629 3006 698 (16³⁵)
3066 628 3162 683 Dei
3229 627 3541 698 Genitricis,

1928 734 2052 790 quae
2083 735 2228 791 pone
2259 736 2317 775 se
2349 721 2589 775 habebat
2625 721 2796 776 altare
2826 721 3030 792 saepius
3079 721 3407 777 nominandi
3437 722 3544 776 Pa—

1928 813 2046 876 tris,
2107 815 2384 886 protensis
2425 815 2482 869 in
2546 815 2746 871 coelum
2796 815 3050 870 manibus
3101 815 3538 888 omnipotentem

1926 908 2218 966 Dominum
2273 910 2601 982 precabatur
2655 911 2937 977 attentius,
3013 926 3112 965 sua
3143 910 3248 964 sibi
3307 910 3538 965 relaxari

1925 1007 2136 1074 debita,
2169 1007 2262 1062 Dei
2301 1006 2631 1063 Genitricem
2664 1025 2787 1064 cum
2831 1007 3028 1064 eodem
3075 1007 3233 1063 Patre
3274 1007 3540 1080 frequen-

1927 1097 2330 1152 tiusinvocans.
2367 1097 2430 1150 Et
2455 1096 2585 1150 dum
2617 1097 2866 1153 intentus
2888 1097 3070 1152 eidem
3103 1106 3254 1152 esset
3281 1097 3539 1165 orationi,

1923 1183 2110 1239 subito
2135 1193 2295 1255 rupto
2319 1185 2474 1240 clavo
2504 1200 2616 1256 quo
2647 1185 2887 1241 ferreum
2915 1186 3398 1257 constringehatur
3417 1186 3542 1240 vin-

1925 1274 2128 1337 eulum,
2165 1273 2367 1328 ferrum
2399 1274 2451 1327 in
2481 1275 2852 1344 pavimentum
2887 1277 3014 1332 dato
3045 1277 3258 1348 crepitu
3285 1277 3538 1330 resilivit.

1927 1362 2100 1417 Atille
2152 1361 2390 1416 solutum
2421 1379 2481 1417 se
2521 1379 2777 1430 cernens,
2838 1371 2891 1419 et
2937 1365 2990 1418 in
3028 1366 3221 1420 eadem
3264 1365 3541 1420 solutione

1926 1451 2128 1505 visibili
2177 1451 2559 1522 peccaminum
2596 1451 2892 1507 invisibilia
2930 1453 3154 1508 vincula
3185 1453 3423 1508 relaxata
3463 1453 3543 1506 in-

1928 1545 2204 1618 telligens,
2254 1545 2589 1600 exhilaratus
2637 1546 2845 1618 Oppido
2906 1547 3174 1602 indicibili
3222 1548 3542 1618 tripudiavit

1922 1637 2151 1712 gaudio,
2184 1637 2500 1708 prolamans
2539 1639 2906 1709 omnipotenti
2954 1640 3184 1694 Domino
3234 1641 3444 1703 laudes,
3478 1656 3542 1694 ac

1931 1727 2022 1780 Dei
2054 1725 2315 1780 Genitrici
2346 1725 2600 1796 Patrique
2631 1727 2933 1781 Benedicto
2964 1727 3282 1782 innumeras
3303 1728 3542 1782 reddens

1927 1818 2224 1892 gratiarum
2257 1818 2520 1873 actiones.

1999 1909 2104 1964 CAP
2185 1909 2292 1964 XX.
2350 1939 2420 1950 ——
2471 1913 2642 1965 Pestis
2701 1913 2924 1964 remissa
2969 1911 3158 1965 delatis
3192 1911 3432 1980 reliquiis
3484 1913 3536 1965 S.

1926 2003 2124 2070 Mauri,
2161 2002 2382 2071 pedibus
2416 2002 2598 2056 nudis.
2647 2001 2908 2074 Exigente
2948 2001 3093 2056 mole
3136 2002 3538 2071 peccaminum,

1925 2095 2439 2167 acciditaliquando
2471 2095 2930 2151 ferventissimam
2959 2112 3058 2166 per
3079 2095 3290 2167 aliquot
3319 2112 3540 2151 menses

1926 2189 2236 2244 continuari
2276 2189 2601 2255 siccitatem,
2625 2189 2807 2244 sidere
2851 2188 2984 2244 solis
3013 2203 3114 2244 suo
3154 2187 3364 2244 fervore
3418 2205 3540 2243 om-

1926 2279 2018 2334 nia
2043 2280 2226 2334 acrius
2252 2279 2418 2334 solito
2439 2286 2753 2350 perurente.
2786 2279 2941 2334 Unde
2969 2278 3202 2352 contigit
3228 2279 3540 2334 Floriacen-

1926 2388 2017 2426 ses
2047 2371 2284 2445 graviter
2323 2370 2519 2444 afﬂigi,
2554 2371 2850 2425 durissima
2898 2387 2998 2442 per
3034 2371 3373 2442 aliquantum
3408 2379 3540 2424 tem-

1927 2461 2078 2531 poris
2127 2461 2180 2514 in
2215 2460 2469 2515 homines
2499 2461 2834 2515 desreviente
2880 2459 3218 2530 pestilentia.
3277 2459 3538 2514 Cerneres

1926 2554 2120 2609 domos
2177 2569 2375 2608 vacuas
2415 2561 2683 2623 pereunte
2739 2553 2922 2608 subito
2962 2551 3360 2623 patrefamilias
3412 2567 3538 2606 cum

1927 2641 2082 2713 prole
2109 2647 2164 2696 et
2193 2646 2306 2696 tota
2326 2641 2612 2704 clientela;
2643 2641 3023 2712 promptuaria
3051 2642 3180 2696 vino
3217 2641 3539 2696 redundan-

1926 2728 2021 2792 tia,
2061 2744 2218 2783 arcas
2270 2729 2452 2784 tritico
2485 2728 2704 2784 videres
2744 2729 3000 2794 refertas;
3044 2738 3098 2783 et
3137 2744 3248 2784 non
3281 2738 3398 2784 erat
3437 2729 3532 2801 qui

1925 2823 2195 2896 attingere
2242 2824 2492 2889 auderet,
2533 2823 2912 2878 arescentibus
2967 2823 3285 2878 hominibus
3325 2839 3436 2895 prae
3467 2825 3540 2879 ti-

1925 2930 2076 2970 more
2117 2915 2211 2986 qui
2243 2921 2639 2985 supervenerat
2677 2914 2975 2970 universis.
3015 2914 3230 2986 Quippe
3259 2931 3384 2969 eum
3415 2931 3536 2970 cum

211 3012 323 3051 ram
364 2996 591 3062 cadens,
631 2997 821 3052 collisa
859 2998 1095 3064 cervice,
1149 3008 1397 3054 mortuus
1435 2999 1559 3055 ruit.
1619 2999 1816 3070 Eques,

1930 3022 2030 3078 quo
2057 3007 2223 3062 modo
2255 3007 2591 3078 loquebaris,
2629 3023 2752 3062 mox
2782 3007 3059 3078 aspiceres
3091 3006 3176 3062 vel
3206 3006 3427 3061 audires
3454 3005 3541 3060 in-

208 3087 301 3158 qui
333 3087 385 3142 ei
417 3087 713 3153 insidebat,
755 3095 810 3142 et
848 3088 969 3160 ipse
1000 3087 1233 3154 labitur;
1273 3089 1666 3162 confractoque
1718 3090 1820 3144 fte-

1930 3099 2136 3154 teriisse
2184 3099 2434 3154 inaudito
2485 3099 2634 3154 necis
2705 3115 2932 3172 genere.
2993 3098 3280 3154 Sentiebat
3340 3098 3541 3170 aliquis

205 3192 378 3246 more,
408 3181 478 3232 ab
507 3179 698 3245 humo,
727 3178 835 3232 nisi
863 3179 1092 3233 aliorum
1137 3179 1280 3234 ulnis
1311 3179 1650 3246 sublevatus,
1696 3195 1822 3234 sur-

203 3285 334 3341 gere
365 3269 632 3340 nequivit.
684 3268 1054 3324 Concurrente
1113 3269 1272 3324 turba
1327 3269 1396 3323 ad
1430 3279 1535 3323 tam
1581 3269 1816 3324 subitam

203 3359 374 3415 divini
407 3359 676 3414 examinis
705 3359 1026 3425 vindictam,
1055 3365 1112 3414 et
1159 3359 1280 3430 ipse
1313 3361 1465 3414 Isaac
1515 3359 1710 3426 adfuit,
1745 3360 1822 3414 in-

206 3467 441 3522 crepans
483 3451 750 3506 miserum
778 3451 866 3506 his
903 3451 1118 3506 verbis:
1159 3458 1342 3506 Nonne
1407 3453 1504 3506 tibi
1556 3453 1826 3519 dixeram,

207 3545 554 3612 miserabilis,
585 3546 648 3599 B.
677 3544 1022 3600 Benedictum
1048 3559 1177 3598 suas
1222 3547 1457 3614 injurias
1484 3559 1829 3614 nequaquam

204 3641 300 3694 diu
347 3640 619 3696 dimittere
675 3641 884 3694 inultas
909 3639 936 3692 ?
988 3639 1096 3706 sed,
1145 3641 1275 3706 quia
1327 3640 1464 3692 mihi
1498 3639 1710 3693 credere
1741 3652 1832 3693 re-

207 3737 398 3803 nuisti,
429 3751 547 3791 ecce
571 3736 822 3791 contritis
846 3733 1101 3788 membris
1131 3738 1282 3804 jaces
1309 3734 1544 3787 inutilis.

280 3825 402 3880 Car.
436 3826 570 3881 XIX.
605 3856 672 3866 ——
705 3829 968 3880 Pamitens
1007 3827 1151 3892 ferro
1180 3826 1538 3891 'eonstrictus,
1578 3825 1810 3881 Floriaci

204 3916 451 3970 solvitur.
487 3914 717 3980 Quidam
751 3929 851 3986 pro
882 3913 1142 3969 admissis
1181 3929 1209 3967 a
1249 3929 1308 3967 se
1335 3911 1679 3977 criminibus,
1708 3928 1827 3966 me-

208 4014 370 4060 tuens
399 4007 545 4061 diem
585 4005 813 4062 extremi
840 4005 1130 4071 examinis,
1170 4013 1232 4061 ut
1269 4004 1468 4059 summi
1495 4003 1700 4073 judicis
1723 4002 1827 4058 sibi

205 4102 412 4150 metum
434 4095 696 4165 placaret,
717 4110 816 4148 sua
833 4093 978 4150 ferro
1007 4095 1115 4164 (16)
1149 4093 1306 4167 ligari
1329 4092 1540 4148 fecerat
1567 4092 1823 4146 brachia:

205 4192 260 4240 et
289 4185 695 4257 quamplurima
731 4201 1032 4260 peragrans
1063 4191 1331 4241 terrarum
1363 4192 1559 4256 spatia.
1605 4192 1824 4240 sancto-

207 4290 324 4328 rum
379 4273 609 4344 expetiit
669 4273 789 4329 loca
842 4275 1164 4340 multorum,
1232 4274 1533 4347 gemitibus
1589 4287 1823 4328 exorans

1919 3207 2044 3246 sese
2078 3191 2250 3265 pungi
2278 3191 2460 3246 subita
2485 3191 2805 3261 punctione,
2838 3191 2924 3246 vcl
2954 3189 3010 3244 in
3054 3191 3320 3257 humeris,
3361 3191 3446 3244 vel
3479 3191 3535 3245 in

1920 3283 2181 3348 brachiis,
2218 3298 2316 3337 seu
2340 3282 2570 3349 femore,
2597 3289 2840 3354 pectore,
2890 3288 3118 3347 ventre;
3173 3289 3229 3336 et
3258 3282 3542 3352 extemplo

1929 3379 2202 3432 interram
2243 3391 2528 3442 corruens,
2564 3375 2925 3430 moriebatur.
2975 3376 3100 3430 Haec
3139 3373 3541 3429 intemerabilis

1929 3469 2048 3524 lues
2078 3469 2288 3540 aliquot
2337 3467 2637 3522 menstruis
2676 3466 2996 3522 recursibus
3053 3465 3354 3521 Floriacum
3394 3465 3543 3520 obti-

1933 3565 2148 3612 nuerat.
2175 3557 2545 3611 Decreverunt
2575 3555 2758 3627 itaque
2791 3561 2898 3610 tam
2927 3554 3122 3610 fratres
3153 3571 3314 3626 quam
3347 3562 3545 3610 cuncta

1932 3647 2180 3716 ejusdem
2236 3645 2339 3700 loci
2407 3644 2589 3716 plebs,
2653 3660 2808 3699 sacra
2873 3643 3222 3699 celeberrimi
3288 3644 3543 3714 martyris

1931 3735 2100 3790 Mauri
2132 3734 2380 3789 membra
2405 3750 2527 3790 cum
2565 3733 2772 3788 litaniis
2812 3733 3294 3804 processionaliter
3319 3733 3538 3789 deferre

1926 3826 1994 3880 ad
2034 3831 2260 3879 matrem
2295 3823 2470 3894 ipsius
2495 3823 2654 3895 burgi
2697 3823 3006 3885 ecclesiam,
3050 3839 3172 3894 qua?
3222 3824 3277 3878 in
3331 3825 3540 3880 honore

1928 3915 2086 3971 testis
2118 3913 2312 3968 Christi
2344 3912 2655 3968 Sebastiani
2697 3912 2878 3968 eidem
2941 3911 3153 3968 Christo
3193 3913 3371 3968 dicata
3401 3921 3538 3980 erat,

1929 4004 2276 4062 confidentes
2322 4005 2656 4060 Salvatorem
2721 4004 2932 4060 meritis
2986 4005 3072 4060 sui
3125 4003 3326 4071 fidelis,
3383 4005 3540 4074 cujus

1930 4095 2180 4168 reliquiae
2213 4095 2655 4164 deportarentur,
2711 4093 3080 4166 precibusque
3137 4093 3310 4148 Patris
3364 4095 3538 4148 Bene-

1924 4187 2054 4243 dicti
2083 4187 2375 4258 placatum,
2407 4187 2552 4257 plebi
2571 4202 2688 4241 suae
2718 4187 3087 4242 miserturum.
3123 4185 3385 4242 Condicto
3405 4202 3537 4260 ergo

1925 4279 2034 4345 die,
2061 4279 2422 4334 discalceatus
2449 4278 2642 4348 pedes,
2666 4277 2920 4348 lacrymis
2943 4277 3222 4348 perfusus,
3245 4284 3352 4332 tam
3382 4294 3539 4333 sacer

205 4373 434 4440 crebris,
469 4391 591 4445 quae
622 4373 799 4444 ipsius
838 4373 1248 4447 redarguebant
1285 4373 1705 4438 conscientiam,
1735 4370 1902 4438 de-D
1927 4374 2062 4430 ordo
2095 4389 2256 4445 quam
2299 4372 2556 4443 p0pulus,
2615 4387 2738 4426 cum
2785 4371 3026 4441 parvulis
3067 4377 3123 4425 et
3184 4371 3534 4437 mulieribus,

205 4465 302 4520 leri
345 4465 578 4522 scelera.
611 4465 776 4522 Porro
805 4466 910 4521 hoc
941 4481 1038 4536 per
1075 4465 1285 4536 aliquot
1323 4465 1614 4539 vigilanter
1640 4465 1820 4520 conti-

207 4573 386 4613 nuans
432 4573 688 4613 recursus
749 4572 990 4623 annuos,
1037 4557 1166 4612 licet
1242 4555 1483 4611 fideliter
1536 4556 1818 4625 astipulari

207 4653 426 4718 debeat,
473 4668 705 4724 quorum
751 4653 1050 4708 memorias
1089 4651 1376 4706 beatorum
1427 4651 1660 4716 adierat,
1725 4666 1823 4706 eos

208 4745 648 4816 Omnipotentem
707 4761 808 4817 pro
864 4745 1210 4800 absolutione
1271 4743 1576 4799 facinorum
1647 4743 1822 4814 ipsius

211 4854 492 4900 exorasse,
525 4844 710 4893 tamen
766 4838 973 4893 nullius
1005 4836 1351 4892 manifestam
1379 4851 1541 4906 opem
1593 4851 1822 4906 persen-

205 4927 341 4983 sisse
370 4927 680 4982 videbatur.
719 4927 840 4982 Haec
878 4926 1084 4982 etenim
1116 4925 1262 4980 illius
1290 4924 1540 4980 exstabat
1573 4923 1730 4987 fides,
1764 4930 1823 4980 ut

207 5023 498 5088 postquam
531 5033 560 5071 a
588 5016 680 5088 pio
708 5015 897 5084 judice
939 5015 1059 5083 ejus
1089 5013 1467 5070 remitteretur
1513 5020 1818 5082 peccatum,

208 5120 332 5160 mox
360 5105 792 5176 subsequeretur
845 5103 1048 5159 solutio
1087 5102 1440 5158 brachiorum
1518 5103 1653 5156 Dum
1691 5117 1823 5173 ergo

207 5196 640 5268 circumquaque
675 5193 955 5260 discurrit,
989 5193 1162 5248 Patris
1188 5193 1473 5248 Benedicti
1501 5191 1821 5267 suffragium

206 5287 312 5341 sibi
351 5287 486 5342 utile
527 5286 644 5342 fore
676 5285 983 5353 confidens,
1017 5285 1320 5341 Floriacum
1353 5285 1564 5357 attigit:
1621 5292 1678 5340 et
1705 5301 1823 5339 ma-

253 5497 392 5564 ‘(16)
415 5496 574 5551 Plura
601 5496 875 5565 ejusmodi
907 5495 1246 5567 paenitentiae
1267 5495 1538 5567 exempla,
1569 5511 1692 5566 quae
1713 5494 1823 5567 ad-

211 5570 320 5641 huc
348 5567 551 5623 saeculo
594 5565 1200 5641 xivigebatf,__vidim_us
1239 5567 1292 5641 i_n
1327 5565 1651 5641 praefatione
1703 5566 1824 5641 Sa)-

214 5639 322 5697 culi
353 5641 396 5695 ll
429 5655 578 5694 num.
615 5639 705 5706 M,
733 5637 787 5694 ἐι
819 5639 873 5694 in
906 5637 1000 5693 lib.
1037 5654 1094 5693 iu
1123 5638 1200 5692 De
1237 5638 1414 5693 Gestis
1450 5639 1503 5693 S.
1538 5637 1830 5705 Conwojo-

1920 4466 2066 4521 beati
2097 4465 2342 4537 martyris
2371 4464 2618 4518 membra
2644 4463 2863 4518 duobus
2893 4479 2959 4518 ex
2988 4463 3136 4519 clero
3167 4479 3266 4534 pro
3293 4479 3530 4519 consuc-

1922 4560 2114 4614 tudine
2146 4559 2202 4613 in
2233 4558 2480 4612 humeris
2509 4555 2876 4630 gestantibus.
2900 4572 3022 4612 cum
3055 4555 3370 4610 litaniarum
3398 4573 3536 4628 sup-

1923 4650 2224 4720 plicatione
2253 4648 2320 4702 ad
2341 4645 2712 4718 supradictam
2735 4646 3067 4715 perveniunt
3095 4644 3407 4706 ecclesiam,
3436 4644 3534 4699 ubi

1924 4743 2114 4816 quanti
2165 4739 2376 4812 profusi
2418 4738 2657 4813 gemitus
2685 4754 2746 4791 ex
2790 4737 3000 4792 intimis
3024 4737 3274 4793 cordium
3306 4735 3532 4798 fuerint.

1923 4843 2142 4908 quantm
2173 4835 2426 4905 lacrymze
2457 4831 2663 4895 effusze,
2698 4839 2898 4903 quanta
2938 4848 3162 4902 precum
3205 4837 3330 4886 vota
3362 4831 3537 4886 omni-

1923 4924 2136 4998 potenti
2171 4924 2281 4978 Deo
2319 4923 2525 4988 oblata,
2570 4922 2798 4977 nimium
2852 4920 3079 4976 difficile
3118 4929 3200 4976 est
3249 4920 3532 4992 prosequi.

1928 5014 2152 5085 Expleta
2177 5028 2311 5085 ergo
2357 5028 2422 5067 ex
2453 5027 2607 5066 more
2655 5011 2942 5066 missarum
3005 5010 3398 5075 celebratione,
3439 5025 3534 5065 re-

1925 5102 2362 5172 deuntquisque
2400 5101 2466 5154 ad
2522 5116 2643 5166 sua,
2697 5101 3082 5170 pnestolantes
3139 5097 3539 5168 omnipotentis

1925 5191 2020 5246 Dei
2078 5191 2400 5245 immensam
2437 5189 2808 5254 clementiam,
2871 5203 2994 5258 qua:
3049 5202 3158 5241 non
3207 5185 3300 5240 diu
3342 5185 3537 5242 abfuit.

1926 5282 2172 5352 Namque
2229 5295 2353 5334 mox
2417 5278 2566 5332 sicco
2633 5277 2853 5332 excluso
2920 5275 3204 5346 Aquilone,
3281 5274 3542 5330 humidus

1929 5494 2016 5548 nis
2045 5492 2262 5547 abbatis
2288 5508 2474 5562 supra.

2000 5565 2150 5635 (16“)
2192 5557 2370 5618 Altare
2429 5561 3014 5635 matutinalevocant,
3065 5557 3213 5629 quod
3273 5558 3541 5615 hactenus

1932 5631 2074 5706 pone
2109 5631 2280 5691 altare
2300 5634 2473 5689 sancti
2508 5631 3017 5688 Benedictivisitur.
