3932 6040
409 190 550 271 1297

1346 198 1625 263 BADULFI
1664 202 1974 262 TORTARII
2013 209 2311 268 MONACHI
2353 213 2646 271 FLORIAC.

3620 234 3762 291 12w

411 321 608 376 Auster
636 319 811 376 libero
842 320 1023 376 volatu
1046 321 1321 380 Floriacos
1349 322 1591 395 perﬂans
1620 344 1867 402 campos,
1898 347 2026 388 om-
2050 339 2107 407 Α
2129 335 2415 394 Benedicti
2447 340 2682 412 meritis,
2726 344 2797 399 de
2824 347 3212 405 cruentissima
3244 360 3399 421 peste
3441 357 3754 427 superiori-

410 413 502 469 nia
535 412 778 469 roriﬂuis
827 414 1166 472 humectavit
1215 419 1434 489 pennis,
1490 437 1616 493 quae
1660 424 1793 479 solis
1848 426 2029 484 fervor

409 504 563 559 arida
607 505 946 573 reddiderat,
992 507 1144 580 largo
1183 509 1363 566 imbre
1395 512 1631 587 irrigans
1686 517 1823 572 sola.
1891 518 2022 575 Cor-

406 612 541 668 pora
567 614 790 671 quoque
821 616 946 656 cum
972 601 1282 670 hominum,
1327 622 1491 677 quam
1518 608 1855 681 reliquorum
1895 614 2019 668 ani-

406 686 675 755 malium,
736 698 890 761 grato
952 690 1206 748 relevans
1257 702 1736 766 temperamento,
1794 716 2015 758 omnem

405 796 631 850 prorsus
669 781 725 836 in
778 781 860 837 eis
915 784 1173 841 exstinxit
1210 786 1485 845 ardorem.
1541 788 1798 848 Cessante
1830 793 2017 867 itaque

405 866 770 925 immoderato
797 871 932 926 solis
960 872 1195 941 fervore,
1239 877 1473 932 cessavit
1501 886 1557 933 et
1590 880 1763 950 pestis
1802 866 2014 949 invisa;

405 972 508 1012 nec
538 957 802 1029 deinceps
843 967 1042 1031 praeter
1077 970 1401 1019 consuetum
1451 982 1684 1036 morem,
1726 969 1778 1024 in
1818 972 2015 1028 eodem

402 1046 606 1117 aliquis
643 1046 765 1102 loco
804 1064 873 1104 co
924 1058 1171 1121 tempore
1203 1052 1360 1108 obiit.
1414 1053 1604 1123 Porro,
1634 1058 1728 1129 qui
1785 1075 1816 1113 a
1867 1066 2018 1117 tanta

402 1135 619 1191 liberati
666 1136 881 1193 fuerant
915 1138 1094 1207 clade,
1124 1140 1253 1197 totis
1307 1144 1626 1213 praecordiis
1652 1148 2016 1219 omnipotenti

401 1228 633 1285 Domino
690 1230 905 1287 debitas
952 1232 1275 1303 persolvunt
1305 1235 1518 1304 laudes,
1573 1237 1736 1294 beato
1793 1243 2012 1313 martyri

399 1320 586 1377 Mauro
602 1322 859 1396 Patrique
885 1324 1186 1383 Benedicto
1213 1326 1439 1383 meritas
1464 1336 1693 1402 agentes
1716 1334 2012 1403 gratiarum

397 1419 664 1476 actiones.

471 1511 596 1567 CAP.
630 1513 763 1569 ΧΧΙ.
793 1545 862 1554 -
890 1513 1101 1583 Simile,
1128 1518 1409 1573 Feretrum
1444 1522 1569 1576 vino
1598 1521 1786 1577 totum.
1819 1522 2012 1580 Paucis

398 1603 599 1660 diebus
631 1605 914 1675 revolutis,
945 1607 1137 1662 eadem
1169 1608 1433 1679 pestifera
1478 1611 1599 1667 lues
1629 1613 1826 1670 invasit
1853 1615 2009 1672 inco-

2127 425 2234 483 bus
2260 430 2420 485 annis
2457 430 2834 491 Floriacenses
2863 435 3137 496 liberavit.
3165 440 3404 502 Consilio
3443 425 3577 521 ergo
3608 449 3752 506 inito

2124 515 2434 574 decernunt
2472 521 2773 590 prudentes
2812 523 3116 582 Floriacum
3168 529 3408 604 dirigere
3438 515 3608 597 vinos,
3647 540 3745 609 qui

2121 620 2449 663 communes
2470 610 2662 681 populi
2694 627 2888 682 preces
2912 613 3169 671 fratribus
3195 617 3515 677 intimarent
3542 623 3750 681 Floria-

2118 694 2397 764 censibus,
2431 704 2706 768 quatenus
2726 698 3061 758 Christicolae
3091 703 3380 778 suifragari
3414 724 3523 765 non
3565 710 3741 767 diffe-

2118 795 2239 845 rant
2266 791 2411 861 plebi
2444 794 2709 867 gregatim
2752 798 3033 866 pereunti,
3067 799 3358 870 deportato
3397 818 3633 874 corpore
3676 809 3743 861 ad

2119 894 2216 935 eos
2240 880 2351 950 jam
2381 881 2513 939 dicti
2540 884 2795 955 martyris
2814 900 2941 941 cum
2971 888 3250 946 Benedicti
3271 890 3444 947 Patris
3464 894 3746 966 reliquiis.

2118 968 2479 1027 Venientibus
2509 988 2641 1047 ergo
2669 973 2975 1031 Floriacum
3015 976 3232 1051 legatis,
3274 987 3329 1036 et
3358 998 3474 1037 rem
3506 1000 3607 1053 pro
3629 1002 3748 1056 qua

2117 1070 2384 1119 venerant
2440 1081 2504 1120 ex
2545 1068 2740 1124 ordine
2778 1071 3223 1140 propalantibus,
3254 1074 3452 1130 durum
3506 1077 3744 1148 quidem

2118 1149 2377 1208 fratribus
2426 1154 2717 1213 videbatur
2778 1159 3082 1232 gloriosum
3134 1170 3429 1233 martyrem
3484 1164 3747 1223 Floriaeo

2117 1242 2429 1311 extrahere,
2454 1252 2511 1299 et
2538 1245 2626 1300 vel
2656 1246 2874 1303 modico
2904 1254 3170 1304 terrarum
3202 1249 3271 1305 ab
3303 1267 3369 1307 eo
3397 1252 3589 1309 divelli
3610 1272 3748 1326 spa-

2117 1331 2214 1398 tio,
2247 1350 2368 1390 cum
2403 1342 2526 1406 post
2552 1338 2963 1394 sanctissimum
3005 1340 3217 1397 Patrem
3259 1343 3315 1397 in
3349 1345 3468 1415 ipso
3496 1348 3745 1404 maxima

2114 1436 2244 1491 spes
2283 1422 2498 1479 illorum
2528 1425 2634 1479 sita
2665 1425 2829 1482 foret.
2854 1426 3052 1483 Durius
3082 1436 3265 1486 tamen
3293 1433 3613 1508 quibusque
3640 1453 3740 1491 sa-

2112 1515 2284 1571 nioris
2309 1518 2528 1573 consilii
2559 1519 2735 1576 visum
2764 1530 2871 1586 est,
2912 1523 2957 1577 si
2992 1531 3192 1580 tantam
3221 1526 3461 1598 plebem,
3487 1546 3738 1599 praeser-

2111 1607 2207 1663 tim
2263 1609 2438 1666 Patris
2476 1612 2756 1669 Benedicti
2815 1614 3175 1685 dilectricem,
3222 1620 3403 1690 perire
3460 1623 3744 1692 sinerent,

898 1666 912 1675 ν
1170 1666 1185 1679 ι
1550 1666 1589 1667 η
1728 1666 1824 1670 "vn
1853 1666 1972 1672 -----
2604 1666 2613 1667 ί
2696 1666 2753 1669 ⁷-⁷
2822 1666 3175 1685 --ίννν--νν--νῖ
3224 1666 3403 1690 ιη’-ην
3461 1666 3743 1692 ν’·ιινινιιον

396 1693 479 1747 las
507 1693 691 1762 castri,
723 1695 872 1766 quod
902 1695 1271 1752 Gordonicum
1308 1707 1554 1769 vocatur,
1585 1701 1642 1756 in
1670 1720 1813 1778 pago
1848 1706 2004 1762 Bitu—
2038 1666 2083 1733 Β
2111 1701 2346 1756 maxime
2385 1718 2507 1757 cum
2541 1710 2752 1759 certum
2809 1706 3083 1764 haberent
3125 1710 3382 1767 celeriter
3439 1713 3517 1768 illi
3574 1732 3743 1786 posse

396 1781 511 1837 rico
540 1782 727 1837 situm.
782 1783 906 1839 Sole
938 1784 1178 1857 denique
1225 1787 1371 1843 vires
1404 1789 1566 1846 solito
1595 1793 1835 1862 majores
1880 1811 2006 1851 exe-

395 1880 573 1940 rente,
614 1879 767 1930 tanto
806 1874 1001 1930 ardore
1059 1876 1320 1932 Gallicam
1374 1880 1656 1953 regionem
1700 1886 1917 1953 torruit,
1950 1893 2010 1943 ut

395 1959 576 2017 fontes
604 1961 698 2035 qui
728 1968 843 2019 toto
874 1980 1021 2035 pene
1060 1965 1326 2022 hactenus
1344 1983 1460 2025 aevo
1481 1968 1771 2041 ﬂuxerant,
1794 1974 2005 2045 siccati,

395 2064 741 2123 nequaquam
783 2059 1108 2109 consuetum
1162 2055 1280 2111 suis
1311 2065 1502 2128 potum
1555 2062 1807 2131 praebere
1852 2064 2006 2120 sufﬁ-

394 2151 585 2200 cerent
612 2143 833 2200 accolis.
855 2144 1039 2201 Tellus
1057 2163 1189 2204 vero
1212 2149 1416 2207 hiulcis
1442 2153 1644 2224 passim
1675 2152 1803 2211 ﬁssa
1828 2156 2003 2228 rimis,

392 2233 673 2303 pandebat
704 2234 888 2290 hiatus
916 2236 1287 2295 creberrimos
1314 2247 1370 2297 et
1399 2242 1565 2300 solito
1596 2245 2003 2315 profundiores.

392 2323 632 2380 Proinde
657 2341 847 2381 amnes
902 2326 1160 2401 largiﬂui,
1211 2330 1306 2402 qui
1346 2331 1518 2389 instar
1566 2334 1749 2407 abyssi
1794 2353 2006 2413 magnae

391 2412 695 2469 oneriferas
758 2421 977 2472 vectare
1028 2431 1429 2478 consueverant
1473 2440 1663 2492 naves,
1720 2412 2006 2485 exsiccatis

391 2507 584 2573 alveis,
607 2507 809 2564 amisso
836 2509 1036 2583 navigii
1066 2527 1191 2579 usu,
1224 2514 1511 2571 transitum
1546 2517 1828 2574 duodenni
1863 2537 2003 2591 prae-

392 2598 599 2655 bebant
627 2616 824 2672 puero,
856 2602 901 2656 si
931 2604 1305 2660 necessarium
1327 2606 1468 2664 foret
1489 2610 1725 2680 pedibus
1744 2614 1995 2670 transire.

390 2692 538 2760 Quid
568 2694 638 2750 de
677 2703 955 2767 pratorum
996 2704 1237 2754 retexam
1267 2702 1579 2772 exustione,
1624 2722 1746 2777 qua
1798 2708 1999 2766 viroris

389 2783 610 2853 decore,
643 2786 848 2842 aestatis
884 2796 1135 2860 tempore
1190 2791 1383 2847 vestiri
1419 2792 1598 2848 solent
1626 2796 1996 2870 graminibus,

386 2878 629 2947 speciem
656 2879 858 2950 lapidis
895 2882 1231 2957 smaragdini
1268 2886 1680 2956 aemulantibus,
1709 2905 1832 2961 qum
1862 2898 1996 2946 aestu

2109 1788 2420 1858 subveniri,
2451 1797 2506 1846 et
2534 1791 2675 1847 fides
2704 1795 3013 1864 petentium
3037 1797 3142 1853 hoc
3168 1799 3317 1870 apud
3348 1816 3406 1855 se
3437 1802 3740 1859 retineret.

2109 1880 2406 1953 Assumpto
2441 1882 2608 1954 igitur
2638 1885 2860 1956 quidam
2895 1888 3278 1961 religiosorum
3310 1891 3540 1949 fratrum
3580 1896 3738 1951 cele-

2110 1971 2352 2029 berrimo
2382 1984 2619 2047 martyre
2648 1993 2772 2032 cum
2804 1980 3190 2037 sacratissimis
3221 1983 3395 2039 Patris
3434 1986 3734 2044 Benedicti

2112 2065 2455 2139 pignoribus,
2490 2068 2726 2124 honesto
2754 2071 3019 2127 comitum
3066 2080 3172 2129 tam
3199 2075 3526 2133 clericorum
3559 2096 3735 2150 quam

2106 2153 2368 2210 laicorum
2399 2156 2583 2211 vallati
2616 2159 2858 2231 agmine,
2896 2170 2958 2215 ut
2986 2168 3193 2218 tantum
3240 2164 3477 2222 decebat
3516 2178 3737 2241 marty—

2107 2260 2245 2312 rem,
2304 2247 2372 2299 ad
2413 2246 2745 2304 destinatum
2797 2253 3127 2321 perveniunt
3182 2255 3385 2312 locum.
3428 2259 3729 2330 Comperto

2109 2336 2548 2394 Gordonicenses
2599 2341 2668 2395 ad
2701 2357 2841 2413 quos
2888 2344 3191 2402 tendebant
3226 2362 3416 2403 eorum
3457 2352 3730 2419 adventu,

2107 2425 2324 2481 obviam
2376 2434 2543 2483 ruunt
2580 2430 2763 2484 omnis
2806 2446 2970 2487 sexus
3010 2434 3302 2506 omnisque
3338 2445 3500 2503 aetas;
3560 2456 3729 2496 senes

2104 2517 2209 2586 iam
2242 2517 2529 2589 decrepiti,
2553 2520 2777 2576 incurva
2807 2521 3003 2580 baculo
3030 2526 3445 2584 substentantes
3469 2533 3725 2587 membra

2102 2608 2319 2678 pueruli
2352 2610 2537 2676 etiam,
2572 2627 2710 2683 quos
2741 2613 2905 2669 modo
2950 2623 3082 2671 aetas
3106 2618 3176 2672 ad
3212 2617 3723 2691 frequentationem

2101 2696 2313 2752 habiles
2345 2698 2683 2767 reddiderat,
2707 2700 2910 2771 quibus
2929 2710 3182 2773 poterant
3218 2708 3423 2772 verbis,
3460 2709 3532 2763 ad
3559 2725 3727 2766 acce-

2098 2788 2388 2844 lerandum
2428 2790 2532 2846 sibi
2562 2792 2820 2863 opitulari
2865 2794 3152 2867 rogabant.
3195 2799 3532 2855 Immensum
3564 2819 3721 2857 nam-

2098 2896 2207 2951 que
2237 2882 2503 2955 gaudium
2544 2899 2734 2939 eorum
2761 2885 3010 2956 replebat
3049 2889 3237 2955 corda,
3284 2893 3548 2964 quoniam
3587 2911 3729 2965 quas

282 3009 302 3026 ἱ
386 2965 521 3021 solis
565 2968 749 3023 amita
787 2968 868 3023 sic
915 2977 1193 3039 amet-ant,
1251 2974 1408 3044 quasi
1467 2992 1749 3048 nunquam
1790 2979 1999 3051 aliquid
2027 2976 2213 3055 Ctoto
2245 2971 2446 3026 mentis
2500 2972 2778 3029 desiderio
2818 2974 3008 3030 videre
3052 2985 3471 3049 exaptaverant,
3504 2982 3717 3038 beatis-

386 3052 635 3109 humoris
664 3055 1026 3111 habuissent?
1055 3059 1223 3115 Porro
1241 3066 1319 3116 tot
1339 3069 1394 3117 et
1414 3068 1592 3118 tantas
1619 3072 1817 3121 nostrae
1844 3068 1992 3123 aetati

385 3140 698 3213 inexpertas
749 3160 1025 3202 aerumnas
1094 3150 1459 3206 comitabatur
1519 3155 1801 3211 mortifera
1850 3158 1986 3223 lues,

383 3247 505 3302 quae
526 3232 891 3290 humanorum
908 3252 1200 3309 corporum
1222 3240 1540 3300 innumeras
1550 3246 1802 3318 quotidie
1825 3250 1992 3307 dabat

379 3331 610 3399 strages,
641 3343 763 3399 quae
794 3328 916 3384 lues
939 3331 1175 3387 maxime
1201 3332 1410 3390 incolas
1435 3352 1601 3408 supra
1631 3337 1727 3394 fati
1753 3341 1992 3414 angebat

380 3419 567 3486 castri,
619 3435 741 3475 cum
774 3420 1002 3492 reliquae
1049 3424 1235 3480 clades
1272 3443 1419 3497 pene
1445 3429 1543 3485 toti
1575 3430 1993 3490 dominarentur

379 3508 585 3565 Gallico
609 3509 748 3565 orbi.
784 3509 930 3565 Nihil
958 3511 1013 3566 in
1048 3529 1114 3569 eo
1154 3517 1455 3587 apparebat
1481 3528 1679 3591 castro,
1706 3522 1811 3577 nisi
1839 3540 1988 3580 mor-

379 3600 447 3656 tis
468 3600 678 3676 imago;
715 3603 900 3658 omnia
928 3605 1302 3675 plenaluctus,
1328 3609 1492 3680 plena
1520 3614 1797 3681 mmroris,
1824 3615 1986 3686 plena

376 3689 603 3745 doloris.
653 3690 932 3763 Nusquam
986 3693 1149 3762 risus,
1227 3713 1497 3770 nusquam
1548 3703 1732 3757 cordis
1774 3704 1981 3775 laetitia,

376 3798 644 3854 nusquam
672 3782 856 3838 vultus
896 3784 1169 3854 hilaritas;
1222 3804 1419 3846 omnes
1448 3792 1742 3850 submissis
1784 3795 1839 3850 in
1875 3804 1983 3852 ter-

373 3891 485 3929 ram
546 3876 944 3949 gradiebantur
996 3881 1193 3937 oculis.
1248 3883 1365 3940 Non
1418 3885 1492 3940 ibi
1548 3889 1984 3948 exaudiebantur

369 3981 534 4023 voces
565 3968 973 4037 exsultantium,
1009 3987 1118 4028 non
1166 3974 1462 4030 mulierum
1497 3977 1697 4034 tinnuli
1751 3997 1979 4039 concre-

368 4060 575 4132 pabant
612 4069 808 4117 cantus
839 4064 1037 4120 choros
1073 4067 1417 4125 ducentium.
1476 4072 1634 4128 Nulla
1676 4075 1733 4130 in
1784 4077 1981 4148 plateis

367 4149 546 4220 plebis
576 4148 923 4222 frequentia:
967 4161 1021 4210 et
1048 4155 1246 4211 mirum
1289 4160 1437 4230 quod
1468 4160 1525 4215 in
1552 4170 1662 4217 tam
1703 4168 1975 4237 populoso

365 4241 573 4313 oppido
628 4241 718 4298 vix
774 4259 893 4298 rara
936 4251 1028 4300 aut
1067 4246 1238 4316 nulla,
1290 4257 1441 4306 metu
1499 4253 1693 4309 mortis
1743 4266 1975 4314 cunctos

2094 3058 2219 3112 simi
2269 3059 2529 3115 videlicet
2570 3061 2737 3116 Mauri
2803 3063 3153 3134 aspiciebant
3191 3068 3476 3140 reliquias,
3530 3073 3724 3126 securi

2084 3147 2198 3217 jam
2230 3148 2298 3203 de
2342 3165 2441 3204 sua
2480 3166 2579 3220 per
2607 3166 2733 3205 eum
2756 3151 2933 3207 salute
2965 3169 3130 3225 quem
3163 3157 3311 3226 apud
3360 3158 3723 3230 omnipoten-

2089 3248 2202 3297 tem
2233 3243 2524 3299 Dominum
2577 3252 2786 3300 tantum
2838 3247 3129 3303 audierant
3175 3264 3361 3320 posse.
3409 3251 3723 3308 Occurrunt

2090 3331 2256 3385 etiam
2286 3348 2409 3387 cum
2452 3333 2691 3389 maximo
2719 3334 2960 3405 tripudio
2992 3335 3176 3393 Sancti
3217 3338 3395 3409 Satyri
3426 3341 3708 3411 canonici,

2090 3426 2230 3481 albis
2261 3425 2440 3481 induti
2461 3427 2729 3494 vestibus,
2762 3431 3119 3500 superamicti
3144 3430 3472 3488 holosericis
3497 3435 3715 3506 cappis,

2089 3518 2369 3595 crucibus,
2401 3520 2579 3575 cereis
2603 3520 3008 3593 thuribulisque
3038 3523 3394 3594 thymiamate
3425 3540 3708 3595 vaporan-

2060 3590 2237 3671 .tibus
2266 3611 2589 3682 praemissis.
2631 3613 2931 3669 Deducitur
2974 3614 3333 3670 beatissimus
3372 3624 3578 3687 martyr
3604 3618 3713 3674 hac

2085 3699 2276 3770 populi
2333 3698 2644 3772 frequentia
2694 3718 2871 3774 usque
2910 3704 2978 3758 ad
3014 3704 3177 3760 castri
3216 3705 3524 3776 superiora,
3555 3708 3712 3777 quod

2083 3791 2246 3846 situm
2274 3798 2377 3857 est,
2409 3799 2467 3848 ut
2494 3793 2744 3849 recolunt
2777 3794 2871 3866 qui
2894 3795 3173 3862 viderunt,
3205 3805 3263 3851 ut
3297 3799 3559 3868 praerupti
3591 3800 3711 3854 col-

2082 3882 2151 3939 lis
2201 3884 2525 3941 eminentia.
2584 3885 2857 3957 Expositis
2912 3902 3045 3959 ergo
3076 3888 3132 3942 in
3184 3888 3415 3959 planitie
3446 3890 3703 3958 ejusdem

2081 3976 2272 4047 oppidi
2290 3976 2470 4048 cupis,
2505 3976 2756 4032 defertur
2776 3978 2960 4033 vinum
2990 3980 3238 4035 certatim
3270 3981 3326 4035 in
3342 3982 3627 4053 amphoris
3646 3990 3707 4039 et

2079 4071 2201 4127 aliis
2220 4072 2364 4127 vasis
2389 4073 2732 4143 deportando
2759 4073 2888 4129 vino
2910 4076 3134 4145 aptatis,
3167 4084 3221 4132 et
3241 4076 3491 4133 funditur
3512 4078 3567 4132 in
3594 4080 3701 4146 eis,

2076 4168 2350 4233 quatenus
2389 4163 2501 4219 loto
2555 4163 2756 4220 feretro
2812 4181 2920 4236 quo
2955 4166 3101 4221 beati
3158 4169 3411 4238 martyris
3437 4170 3695 4226 contine-

2075 4255 2274 4310 bantur
2302 4255 2573 4323 membra,
2615 4272 2681 4311 ex
2723 4257 2817 4312 illa
2845 4258 3074 4328 potione
3101 4260 3265 4330 (saint
3292 4262 3512 4331 vinage)
3533 4262 3695 4333 quasi

405 4307 417 4311 -
442 4307 458 4313 -
1226 4307 1236 4316 .
1673 4307 1688 4309 -
1749 4307 1974 4314 --η-η--
2725 4307 2816 4312 ----
2849 4307 3072 4328 την--
3102 4307 3262 4330 Vw"
3295 4307 3510 4331 --η--υνι
3535 4307 3695 4333 1—w-

362 4344 741 4406 percurrcnte,
797 4336 1017 4394 videres
1079 4342 1485 4400 conventicula.
1553 4347 1729 4404 Decor
1773 4307 2049 4408 mulie-D
2075 4346 2143 4402 de
2183 4346 2319 4417 ipsis
2360 4347 2531 4402 sacris
2589 4348 2812 4403 condita
2863 4349 3147 4417 membris,
3212 4351 3361 4407 velut
3391 4352 3459 4407 de
3499 4353 3695 4409 confe-

360 4443 502 4495 rum,
545 4443 842 4499 puerorum
873 4430 1119 4497 lascivia,
1136 4433 1405 4502 juvenum
1439 4438 1764 4508 petulantia,
1790 4443 1975 4499 varius

358 4520 593 4576 vestium
629 4528 856 4578 ornatus
895 4523 949 4578 in
987 4525 1168 4594 pullos
1213 4536 1581 4586 commutatus
1630 4529 1806 4588 fuerat
1834 4536 1973 4590 ami-

355 4618 494 4668 ctus.
528 4612 639 4669 Nec
698 4613 1012 4672 immerito:
1061 4617 1149 4674 vix
1195 4619 1341 4675 enim
1383 4621 1565 4694 aliqua
1622 4623 1883 4682 immunis
1939 4645 1970 4684 a

355 4702 624 4757 cadavere
684 4702 821 4759 inihi
878 4706 1261 4777 reperiebatur
1308 4709 1524 4767 domus.
1571 4712 1783 4785 Quippe
1841 4732 1964 4772 cum

352 4812 463 4869 quo
516 4796 726 4870 aliquid
770 4801 1046 4857 tractabas
1101 4803 1268 4860 modo
1307 4805 1471 4862 homo
1510 4815 1635 4878 post
1678 4810 1961 4881 paululum

349 4884 519 4943 fiebat
562 4888 816 4945 cadaver.
845 4890 1112 4948 Morie‘nte
1155 4893 1374 4966 aliquo;
1425 4914 1675 4969 quaerere
1722 4902 1963 4959 solemus

347 4979 707 5051 vespillones,
765 4983 861 5053 qui
916 4983 1182 5042 defuncto
1234 4998 1533 5058 procurent
1571 4993 1957 5063 sepulturam;
2000 5040 2004 5045 .

346 5068 426 5124 ibi
486 5085 616 5126 vero
656 5076 954 5144 antequam
1003 5074 1241 5130 sciretur
1297 5077 1391 5148 qui
1453 5079 1509 5133 in
1586 5081 1669 5136 eis
1755 5084 1957 5141 mortui

343 5162 476 5234 poni
529 5162 819 5230 deberent,
862 5167 1281 5237 quamplurimas
1312 5169 1381 5225 ab
1436 5170 1588 5228 illius
1618 5173 1788 5231 officii
1852 5177 1955 5231 mi-

341 5251 529 5308 nistris
556 5249 766 5309 ﬁebant
792 5252 972 5322 fossae,
1004 5256 1171 5312 certis
1209 5258 1528 5316 nullatenus
1573 5264 1831 5321 mercede
1867 5267 1952 5321 sui

336 5340 542 5397 laboris
570 5357 629 5397 se
660 5357 825 5413 posse
875 5342 1136 5400 fraudari.
1185 5345 1278 5402 llis
1306 5355 1363 5404 et
1399 5349 1762 5421 amplioribus
1792 5354 1954 5425 oppi-

336 5432 466 5487 dani
512 5433 627 5501 jam
676 5434 806 5492 dicti
856 5436 1019 5491 castri
1057 5440 1317 5494 coarctati
1375 5441 1556 5512 malis,
1610 5445 1831 5501 tandem
1863 5463 1953 5503 re-

333 5521 437 5575 diit
466 5519 536 5575 ad
564 5523 888 5579 memoriam
907 5526 1145 5596 qualiter
1173 5529 1528 5600 omnipotens
1558 5532 1824 5591 Dominus
1853 5553 1953 5607 per

334 5611 556 5665 beatum
608 5621 900 5685 martyrem
974 5618 1242 5690 Maurum,
1325 5624 1718 5682 comitantibus
1774 5627 1948 5685 Patris

2074 4435 2261 4491 ctione
2292 4435 2474 4507 aliqua
2523 4437 2838 4492 medicinali
2863 4453 3060 4494 omnes
3089 4447 3433 4510 potareutur.
3465 4441 3698 4500 Videres

2074 4525 2331 4579 nimirum
2407 4525 2728 4581 catervatim
2807 4526 3089 4582 confluere
3165 4530 3435 4585 universae
3510 4533 3693 4588 aetatis

2070 4635 2283 4687 sexum,
2316 4620 2531 4676 deferre
2563 4621 2809 4691 cyathos,
2842 4623 3101 4693 scyphos,
3133 4633 3393 4692 crateras,
3425 4630 3479 4679 et
3510 4627 3694 4695 cujus-

2067 4731 2176 4787 que
2213 4715 2436 4789 generis
2473 4715 2694 4773 vascula
2718 4717 2788 4771 ad
2827 4716 3243 4787 suscipiendum
3285 4726 3472 4790 potum
3555 4721 3691 4777 Sus-

2065 4812 2226 4878 cepto
2257 4822 2389 4880 ergo
2419 4806 2477 4862 in
2503 4823 2604 4862 suo
2636 4808 2873 4880 quisque
2915 4809 3087 4865 calice
3119 4809 3269 4865 illius
3298 4812 3692 4871 medicaminis

2063 4899 2282 4966 haustu,
2301 4915 2653 4971 nequaquam
2680 4899 2913 4972 aliquid,
2953 4908 3019 4955 ut
3046 4900 3190 4956 ﬁerit
3228 4902 3450 4969 assolet,
3475 4904 3687 4961 exinde

2061 4987 2212 5043 domi
2243 4987 2619 5043 residentibus
2657 4988 3006 5060 deportabat,
3048 4990 3370 5062 priusquam
3398 4990 3692 5050 sufﬁcien-

2061 5083 2145 5131 ter
2175 5074 2516 5142 reficeretur,
2540 5084 2797 5132 metuens
2811 5076 2857 5131 si
2877 5077 2964 5133 vel
2999 5078 3216 5133 modica
3246 5088 3536 5152 postquam
3555 5098 3688 5138 sus-

2055 5171 2299 5236 ceperat,
2330 5165 2543 5220 morula
2577 5166 2970 5235 intercederet,
3003 5182 3076 5223 ne
3107 5167 3291 5224 subita
3338 5170 3459 5225 lues
3486 5186 3547 5225 se
3587 5187 3688 5241 pe-

2054 5257 2308 5323 rimeret;
2369 5256 2576 5312 etenim
2634 5257 2730 5329 qui
2789 5257 3029 5329 amplius
3107 5274 3173 5314 ex
3220 5260 3424 5317 eodem
3477 5270 3679 5331 potum

2054 5351 2273 5407 haurire
2301 5360 2518 5423 poterat
2553 5351 2896 5423 ampliorem,
2943 5352 3178 5409 salutem
3241 5370 3364 5411 sese
3405 5358 3686 5426 promeri-

2055 5452 2236 5502 turum
2286 5446 2558 5518 sperabat.
2617 5446 2826 5502 Refecti
2859 5447 3029 5521 igitur
3085 5463 3150 5504 eo
3210 5448 3413 5504 aﬂ‘atim
3453 5466 3681 5520 omnes,

2052 5542 2333 5613 (caeterum
2364 5542 2510 5598 idem
2544 5549 2781 5599 castrum
2807 5558 2918 5613 prae
2950 5544 3154 5600 ceteris
3169 5544 3298 5600 vino
3327 5545 3599 5609 abundat,
3618 5555 3680 5604 et

2051 5631 2315 5706 gaudium
2344 5636 2459 5687 erat
2498 5631 2697 5704 cuique
2727 5632 2823 5704 qui
2857 5632 2993 5688 illud
3026 5632 3275 5704 praebere
3300 5634 3517 5691 valebat
3548 5635 3673 5706 (ro-
