3892 6048
215 172 369 229 1209

1391 177 1730 238 MIRACULA
1767 180 1997 239 SANCTI
2037 173 2402 241 B'ENEDICTI.

3421 192 3564 252 1210

207 311 350 378 gant
379 305 586 363 obnixe
612 321 723 380 quo
779 308 973 364 beatus
1010 315 1216 383 martyr
1239 327 1339 383 per
1366 311 1517 370 vicos
1547 322 1604 370 et
1625 314 1839 386 plateas
1863 321 1916 390 Α
1941 319 2290 388 vocabulum,
2339 321 2596 392 quonim
2659 329 2745 378 est
2783 321 3116 390 barbarum;
3166 331 3374 392 tamen,
3416 326 3563 383 sicut

209 395 467 465 ejusdem
503 397 928 456 circumleratur
943 401 1160 471 oppidi,
1190 409 1251 458 ut
1277 403 1539 474 pestifera
1567 405 1690 462 lues
1718 407 1841 477 ejus

207 491 567 562 prmscntiam
599 492 841 566 fugiens,
882 511 914 549 a
951 497 1167 550 cunctis
1208 497 1383 568 ipsius
1414 497 1716 568 pelleretur
1741 515 1844 554 an-

210 581 383 656 gulis.
422 582 533 640 Hoc
558 583 707 640 facto
735 586 903 657 coepit
959 587 1238 659 extemplo
1265 593 1464 644 ventus
1525 589 1636 645 leni
1669 590 1844 662 spira-

1942 407 2242 478 profertur,
2299 409 2548 478 barbare,
2618 410 3027 480 adnotavimus,
3087 422 3314 469 vocatur
3371 415 3559 488 itaque

1943 499 2174 552 Pontons
2249 497 2304 552 in
2345 497 2573 570 regione
2629 499 2807 570 posita
2847 499 3188 556 Guasconiae.
3237 501 3376 570 Ergo
3415 503 3564 573 apud

1945 585 2168 640 Diacum
2200 585 2424 658 quidam
2454 586 2706 656 ejusdem
2727 587 2833 643 loci
2865 589 3170 644 habebatur
3201 589 3440 654 villicus,
3464 606 3568 647 no-

219 671 376 726 mine
399 688 579 728 acrem
605 675 662 728 in
691 675 868 730 nubes
887 691 1112 750 cogere,
1139 677 1306 748 polus
1336 678 1540 735 deinde
1560 679 1850 751 obscurari
1951 673 2100 729 mine
2131 673 2460 742 JOSOGHHUS,
2507 675 2603 746 (ιιιί
2646 675 2776 730 dum
2834 678 2891 731 ίῐι
2950 677 3136 732 maliis
3183 677 3344 734 aliter
3399 696 3562 751 quam

213 761 496 818 densitate
529 763 780 822 nubium.
815 767 928 822 Nec
978 783 1154 836 mora,
1187 774 1247 824 ut
1273 771 1417 826 solet
1447 770 1503 824 in
1551 771 1720 842 Aprili
1749 771 1846 827 dc-

209 855 485 911 scendere
509 857 691 927 pluvia
721 857 824 913 levi
851 875 1111 915 aurarum
1142 862 1414 930 susurrio,
1447 863 1627 918 imber
1653 863 1845 938 gratis-

213 947 395 1002 simus
425 947 642 1018 placido
678 949 836 1020 lapsu
871 967 997 1006 sese
1026 951 1229 1008 infudit
1259 953 1500 1009 sitientis
1542 953 1754 1010 telluris
1779 955 1836 1010 in

209 1035 512 1108 gremium,
537 1037 824 1108 depellens
845 1041 1125 1109 nocivum,
1157 1042 1251 1115 qui
1287 1043 1383 1099 diu
1418 1044 1636 1118 lugubri
1665 1045 1838 1102 domi-

207 1133 377 1181 natus
404 1127 615 1182 mundo
655 1128 852 1196 fuerat,
893 1132 1026 1186 solis
1080 1133 1356 1188 ardorem.
1401 1133 1569 1190 Porro
1607 1135 1837 1205 expulsa

208 1229 341 1270 mox
381 1215 569 1270 clades
609 1215 700 1270 illa
752 1219 1058 1287 mortifera,
1120 1236 1245 1292 quae
1284 1220 1486 1276 multas
1524 1221 1836 1278 mortalium

205 1311 424 1378 strages
464 1305 571 1360 illis
602 1305 656 1360 in
698 1307 834 1362 locis
893 1308 1182 1380 inexperto
1241 1308 1492 1366 ediderat
1524 1326 1698 1379 more,
1747 1311 1837 1366 lu-

206 1403 421 1452 strante
444 1397 584 1454 fines
614 1399 740 1456 illos
769 1401 932 1458 beato
960 1409 1221 1474 martyre,
1247 1405 1524 1460 neminem
1553 1405 1836 1461 hominum

213 1487 356 1543 inibi
388 1490 608 1548 insueto
637 1492 903 1565 deinceps
931 1496 1099 1552 modo
1128 1511 1262 1550 ausa
1289 1503 1374 1552 est
1405 1497 1698 1570 attingere.
1735 1498 1844 1553 De-

211 1577 386 1650 nique
407 1581 548 1634 eruti
572 1581 640 1636 ab
669 1581 896 1638 immani
929 1583 1199 1654 periculo,
1230 1600 1342 1640 non
1381 1595 1464 1641 est
1486 1585 1542 1640 in
1585 1593 1842 1658 promptu

209 1671 402 1728 dicere
457 1683 666 1746 quanto
726 1677 1114 1748 tripudiabant
1175 1679 1399 1752 gaudio,
1462 1681 1841 1752 persolventes

210 1763 434 1820 laudum
481 1767 694 1823 cantica
726 1768 1095 1841 omnipotenti
1135 1771 1388 1838 Domino,
1417 1773 1511 1844 qui
1545 1789 1648 1844 per
1675 1790 1838 1830 suum

208 1855 596 1914 ﬁdelissimum
635 1869 832 1916 testem
859 1877 891 1916 a
919 1861 1120 1918 subitae
1166 1863 1360 1918 mortis
1388 1863 1712 1921 discrimine
1742 1866 1836 1921 di-

205 1955 409 2023 gnatus
437 1959 520 2005 est
551 1965 647 2006 eos
675 1951 914 2023 eripere.
948 1952 1134 2008 Nostri
1161 1952 1526 2008 nihilominus
1556 1954 1838 2028 legislato-

208 2037 288 2091 ris
326 2053 513 2094 amore
543 2039 804 2108 devincti,
839 2041 961 2110 ejus
992 2042 1246 2097 meritum
1294 2043 1554 2098 sublimis
1583 2045 1838 2102 attollunt

211 2130 494 2200 praeconio
523 2132 695 2200 vocis,
723 2133 818 2205 qui
850 2140 1059 2189 tantum
1093 2133 1301 2190 habere
1331 2136 1598 2191 meruerit
1638 2144 1834 2193 contu-

213 2221 522 2294 bernalem,
556 2241 656 2297 per
683 2241 870 2298 quem,
901 2227 1077 2300 ipsius
1115 2227 1290 2284 Patris
1314 2229 1522 2297 junctis
1551 2230 1842 2302 precibus,

213 2311 600 2369 imminentem
623 2316 900 2371 evaserint
926 2322 1182 2372 mortem.
1209 2317 1443 2374 Proinde
1474 2327 1682 2391 quanta
1710 2319 1828 2376 fue-

211 2405 325 2460 rint
357 2421 651 2461 munerum
682 2407 936 2476 donaria,
995 2409 1174 2480 quivis
1228 2412 1576 2482 perpendere
1629 2420 1832 2484 potest,

211 2495 346 2552 dum
375 2497 760 2570 unusquisque
787 2499 1069 2572 praecipua
1095 2517 1218 2573 quae
1241 2501 1429 2567 habet,
1457 2501 1655 2559 offerre
1677 2503 1838 2560 festi-

204 2591 320 2652 nat,
351 2601 420 2640 ne
469 2585 614 2642 alius
661 2603 724 2642 se
763 2587 1016 2644 devotior
1071 2597 1353 2661 appareat.
1406 2591 1696 2664 Siquidem
1733 2609 1836 2664 per

1947 769 2242 840 oportebat
2269 776 2478 843 ageret,
2509 770 2828 826 extricando
2860 786 3084 827 suorum
3118 788 3345 828 censum
3383 774 3566 829 domi-

1947 873 2162 922 norum,
2182 859 2499 930 usurpando
2514 875 2612 930 per
2629 859 2876 914 fraudem
2891 861 3100 916 reditus
3119 878 3400 936 agrorum,
3423 864 3562 919 sul)-

1943 944 2197 1015 ripiendo
2253 946 2398 1002 bona
2438 947 2764 1004 rusticorum
2813 949 2916 1004 sibi
2957 951 3402 1020 commissorum,
3440 963 3565 1025 post

1939 1034 2204 1104 plurimas
2240 1035 2674 1112 objurgationes,
2724 1037 2930 1110 quibus
2961 1047 3022 1094 ut
3059 1056 3121 1094 se
3153 1057 3184 1095 a
3208 1041 3326 1096 suis
3377 1043 3564 1113 pravis

1943 1123 2246 1198 corrigeret
2297 1123 2514 1179 actibus
2568 1126 2957 1196 commonitus,
3009 1128 3140 1200 quia
3207 1145 3562 1202 nequaquam

1937 1215 2264 1272 emendatus
2310 1222 2414 1280 est,
2457 1233 2488 1272 a
2541 1217 2798 1274 Rainerio
2845 1217 2965 1290 ejus
3020 1220 3395 1290 possessionis
3425 1229 3558 1279 tunc

1940 1311 2260 1382 praeposito,
2275 1311 2626 1382 postmodum
2641 1311 2871 1380 abbate,
2889 1315 3250 1384 quarumdam
3273 1331 3560 1372 causarum

1940 1398 2212 1454 rationem
2256 1398 2491 1454 reddere
2521 1399 2736 1472 cogitur
2767 1399 3078 1457 infideliter
3108 1419 3139 1458 a
3165 1419 3226 1458 se
3253 1411 3556 1478 gestarum.

1943 1489 2242 1546 Judiciario
2281 1490 2487 1546 deinde
2515 1505 2668 1546 more
2697 1491 2960 1548 ventilata
2987 1510 3175 1550 earum
3200 1511 3384 1550 rerum
3415 1511 3563 1568 quie-

1943 1579 2144 1646 stione,
2171 1577 2460 1634 definitum
2493 1587 2576 1634 est
2597 1595 2724 1635 eum
2755 1579 2962 1635 debere
2984 1581 3305 1650 juramento
3337 1583 3445 1638 sibi
3468 1584 3564 1640 ob-

1937 1671 2373 1741 jectarefellere,
2405 1673 2537 1744 quia
2567 1671 2922 1730 inficiabatur
2937 1675 3123 1730 omnia
3154 1675 3248 1730 illa
3271 1676 3341 1731 de
3360 1677 3564 1748 quibus

1937 1767 2354 1824 criminabatur.
2415 1767 2732 1839 Respondet
2759 1767 2852 1824 ille
2891 1785 2950 1824 se
2989 1769 3242 1826 alacriter
3280 1771 3562 1841 jusjuran-

1938 1859 2068 1914 dum
2099 1857 2388 1914 facturum.
2421 1859 2533 1914 Nec
2561 1867 2803 1915 moratus
2833 1859 3042 1916 diutius
3061 1861 3174 1930 jam
3209 1861 3387 1919 dictus
3417 1880 3562 1934 pra:-

1938 1951 2170 2022 positus,
2221 1951 2381 2020 jubet
2434 1950 2616 2007 afferri
2675 1967 2860 2008 coram
2923 1953 3182 2025 superius
3222 1963 3562 2012 memoratas

1937 2038 2082 2094 beati
2113 2039 2373 2111 martyris
2427 2040 2708 2112 reliquias.
2757 2043 2822 2096 At
2852 2041 3184 2097 miserabilis
3224 2043 3558 2113 Joscelinus,

1933 2130 2181 2202 quamvis
2196 2146 2322 2186 eum
2357 2146 2458 2185 sua
2489 2131 2927 2202 reprehenderet
2958 2132 3326 2202 conscientia,
3361 2133 3553 2189 formi-

1934 2221 2066 2277 dine
2117 2222 2404 2294 praapositi
2461 2223 2547 2278 sui
2603 2223 3000 2296 compellente,
3060 2226 3344 2297 praesumit
3385 2227 3558 2282 sacris

1935 2314 2260 2388 pignoribus
2296 2323 2504 2370 temere
2534 2330 2755 2369 manum
2789 2315 3100 2386 imponere.
3165 2315 3392 2372 Peracto
3427 2333 3556 2374 vero

1936 2413 2301 2476 sacramento,
2333 2407 2477 2462 sicut
2502 2407 2842 2464 dictaverunt
2874 2407 2966 2480 qui
2998 2407 3137 2463 illud
3177 2407 3296 2464 ﬁeri
3337 2409 3558 2478 adjudi-

1936 2507 2216 2566 caverant,
2251 2498 2538 2570 improbus
2559 2499 2838 2570 pejerator
2871 2499 2983 2568 jam
3015 2515 3264 2570 securus,
3296 2502 3560 2573 quoniam

1935 2591 2084 2650 illico
2123 2594 2364 2649 minime
2387 2594 2568 2666 ipsum
2610 2595 2922 2665 perculerat
2963 2594 3152 2650 divina
3195 2595 3360 2662 ultio,
3397 2597 3558 2652 hilari

201 2676 443 2732 triduum
503 2678 760 2735 detinent
808 2695 969 2735 suum
1009 2681 1354 2737 salutiferum
1415 2683 1711 2755 hospitem,
1773 2691 1832 2741 ut
1933 2687 2106 2754 vultu,
2155 2687 2487 2758 procacibus
2533 2686 2742 2754 verbis,
2784 2703 2947 2759 quam
2997 2687 3262 2759 prolixam
3312 2689 3555 2746 habebat

202 2767 471 2824 certiores
500 2768 624 2826 facti
654 2771 722 2826 de
752 2785 1014 2827 concessa
1041 2772 1240 2840 salute,
1270 2773 1420 2828 nulla
1441 2774 1555 2845 jam
1587 2773 1826 2832 formido
1931 2777 2102 2832 barba
2125 2784 2311 2835 mento
2339 2784 2504 2834 tenus
2532 2778 2966 2850 comprehensa:
3000 2782 3104 2835 I'er
3129 2783 3296 2843 hanc,
3349 2781 3552 2854 inquit,

203 2859 380 2931 ipsius
404 2861 578 2932 pestis
631 2861 686 2918 in
717 2877 912 2919 eorum
945 2863 1218 2920 resideret
1256 2871 1466 2921 mente.
1529 2867 1589 2922 In
1629 2875 1828 2940 quarto
1931 2866 2502 2936 barbamsalvumfeci
2519 2875 2944 2924 sacramentum.
2979 2867 3096 2932 Quo
3120 2869 3292 2936 dicto,
3317 2872 3557 2927 totavel-

208 2956 432 3012 demum
464 2958 558 3014 die
606 2975 731 3015 cum
779 2960 1001 3032 hymnis
1025 2967 1079 3016 et
1116 2961 1347 3018 canticis
1370 2967 1541 3033 :tanto
1591 2971 1830 3038 martyre

213 3045 399 3122 dignis
429 3047 550 3116 ejus
583 3055 988 3121 persequuntur
1033 3048 1293 3106 feretrum
1335 3067 1436 3122 per
1472 3051 1692 3128 longius
1727 3053 1832 3110 viae

211 3142 454 3212 spatium
480 3143 974 3216 valedicentesque
997 3145 1075 3200 illi
1093 3146 1160 3200 ad
1181 3147 1548 3217 propriasunt
1571 3149 1827 3222 regressi.

211 3232 425 3290 Fratres
453 3233 645 3306 itaque
673 3234 980 3291 Floriacum
1022 3236 1378 3308 repedantes,
1417 3245 1644 3294 narrant
1683 3239 1830 3294 resi-

207 3321 332 3376 duis
353 3338 475 3394 quaa
497 3321 692 3379 fecerit
720 3323 996 3396 magnalia
1027 3325 1295 3380 Dominus
1315 3327 1670 3398 omnipotens
1691 3327 1833 3384 fide-

206 3410 342 3466 lium
404 3428 629 3469 suorum
713 3413 944 3469 meritis.
1031 3414 1132 3480 Qui
1197 3415 1589 3488 gratulabundi
1641 3417 1834 3473 laudes

213 3503 412 3563 exinde
473 3501 721 3559 referunt
765 3503 1012 3559 omnium
1062 3503 1327 3574 Creatori,
1385 3506 1532 3562 beati
1581 3508 1835 3580 martyris

211 3593 495 3665 Patrisque
532 3591 618 3647 sui
667 3591 929 3664 precibus
967 3608 1091 3650 sese
1139 3594 1600 3652 commendantes
1651 3602 1834 3652 atten-

211 3683 341 3740 tius.

281 3775 407 3832 CAP.
461 3774 624 3831 XXII.
679 3807 748 3818 —
793 3779 846 3832 S.
899 3780 1078 3832 Mauri
1123 3777 1369 3847 brachia,
1417 3779 1529 3834 ubi.
1575 3783 1834 3850 Perjurus

208 3869 454 3937 punitus.
501 3869 889 3922 Juramentum
923 3881 1086 3936 super
1113 3869 1389 3938 reliquias.
1433 3867 1576 3923 Nulli
1624 3867 1824 3925 videa-

213 3964 300 4014 tur
359 3972 677 4022 onerosum,
747 3959 795 4015 si
850 3959 962 4015 duo
1008 3959 1400 4015 subnectamus
1437 3960 1697 4032 capitula,
1755 3963 1825 4018 ad

214 4052 431 4108 laudem
467 4051 632 4121 hujus
676 4053 966 4124 praesentis
1008 4053 1343 4109 sanctissimi
1387 4055 1646 4127 martyris
1679 4055 1825 4112 refe-

212 4153 398 4201 rentes
424 4143 584 4212 mira,
618 4160 740 4216 quae
760 4159 859 4216 per
885 4161 1012 4200 eum
1050 4146 1408 4218 omnipotens
1436 4147 1702 4204 Dominus
1732 4165 1827 4205 os-

213 4240 438 4294 tendere
468 4237 728 4310 dignatus
765 4242 848 4292 est
886 4252 1056 4308 opera
1087 4238 1142 4292 in
1182 4239 1399 4294 duabus
1444 4239 1667 4316 longius
1694 4258 1727 4296 a
1768 4257 1829 4298 se

1931 2959 2011 3014 uti
2070 2975 2192 3014 eam
2259 2960 2762 3030 comprehenderat
2819 2977 3042 3016 manum
3110 2968 3406 3032 prosecuta
3475 2972 3560 3020 est

1933 3046 2104 3102 barba
2151 3047 2365 3120 reliquo
2405 3063 2516 3120 quo
2570 3047 2707 3105 vixit
2773 3055 3044 3120 tempore,
3085 3056 3275 3106 mento
3333 3051 3557 3121 penitus

1935 3145 2326 3208 perseverante
2347 3137 2402 3192 in
2433 3137 2622 3194 barbae
2645 3137 2982 3209 privatione.
3008 3137 3357 3195 Manifestatu
3394 3139 3562 3212 igitur

1933 3231 2055 3287 luce
2085 3231 2288 3286 clarius
2325 3231 2448 3300 ejus
2488 3227 2840 3298 inﬁdelitate,
2884 3230 3034 3298 justo
3081 3231 3296 3302 judicio
3352 3232 3554 3288 amissa

1932 3317 2534 3385 villicatione,ulterius
2557 3333 2660 3374 nec
2681 3318 2821 3388 ipse,
2845 3334 2952 3375 nec
2979 3319 3204 3374 soboles
3230 3320 3352 3386 ejus
3375 3321 3559 3390 potuit

1931 3407 2202 3474 villicare,
2261 3413 2518 3477 expertus
2573 3406 2795 3462 beatum
2851 3414 3149 3478 martyrem
3201 3407 3543 3466 admiranda;

1931 3498 2150 3554 virtutis
2178 3497 2317 3564 fore,
2346 3513 2512 3569 quem
2551 3497 2704 3568 prius
2717 3497 2906 3554 debita
2926 3513 3276 3571 nequaquam
3301 3515 3536 3556 venera-

1933 3593 2021 3643 tus
2061 3587 2239 3642 fuerat
2262 3585 2588 3642 reverentia.

2007 3681 2133 3737 Car.
2173 3681 2356 3738 XXIII.
2389 3712 2456 3722 —
2484 3683 2726 3738 Ecclesia:
2752 3683 2980 3739 violator
3003 3686 3256 3754 punitur.
3301 3685 3545 3740 Pictones

1932 3773 2182 3828 audaces.
2216 3772 2487 3826 Praeterea
2504 3771 2704 3828 comite
2734 3772 2846 3842 (17)
2874 3771 3278 3828 Pictavensium
3306 3771 3362 3826 in
3383 3787 3550 3844 expe-

1933 3867 2202 3924 ditionem
2231 3864 2782 3936 Hierosolymitanam
2813 3866 2986 3921 multa
3013 3873 3350 3923 armatorum
3380 3868 3551 3923 millia

1925 3956 2186 4024 ducente,
2242 3971 2380 4012 uxor
2425 3955 2600 4025 ipsius
2654 3971 2843 4010 curam
2889 3956 3090 4030 agebat
3132 3957 3542 4028 provinciarum

1926 4045 2180 4118 potestati
2215 4060 2329 4100 suae
2381 4045 2748 4100 subditarum.
2810 4045 2962 4101 Unde
3022 4045 3228 4102 factum
3267 4053 3370 4117 cst,
3413 4047 3544 4102 dum

1930 4137 2294 4193 Guasconiam
2350 4143 2690 4209 peragraret,
2751 4144 2812 4192 ut
2885 4144 3222 4194 transmeata
3277 4138 3553 4194 Garumna

1929 4230 2071 4287 ﬁnes
2111 4231 2362 4299 eiusdem
2410 4229 2654 4304 regionis
2706 4229 2979 4303 attigeret,
3015 4230 3069 4284 in
3107 4229 3310 4301 quibus
3335 4229 3548 4301 positus

214 4330 435 4387 remotis
461 4329 801 4405 regionibus,
825 4328 882 4383 in
913 4329 1117 4402 quibus
1154 4330 1274 4402 ejus
1302 4332 1674 4388 sacratissima
1701 4349 1830 4390 con-
1847 4353 1908 4422 Β
1931 4327 2016 4376 θεῖ
2069 4320 2224 4376 100118
2271 4317 2526 4422 ευιξθτὶξιε
2553 4323 2908 4422 "lemmata?
2940 4319 3178 4422 Ρσηιθξιιξ
3212 4319 3312 4420 (“fl
3343 4317 3542 4422 Videli-

215 4423 456 4478 tinentur
495 4421 746 4494 pignora.
809 4421 966 4477 Prius
1025 4427 1210 4477 tamen
1260 4424 1656 4496 compendiose
1698 4426 1830 4482 inti-

211 4514 466 4570 mandum
513 4529 626 4568 rem
672 4512 1074 4587 ignorantibus.
1127 4513 1396 4578 Quoniam
1458 4515 1589 4571 dum
1650 4517 1830 4589 ipsius

214 4605 550 4662 honorandae
577 4605 883 4662 Floriacum
903 4605 1180 4661 translatae
1207 4604 1392 4662 forent
1415 4607 1686 4680 reliquiae,
1718 4607 1828 4664 fra-

213 4709 320 4758 tres
362 4701 741 4758 F'loriacenses
778 4699 889 4756 duo
925 4699 1266 4756 venerabilia
1312 4701 1434 4769 ejus
1471 4701 1826 4758 brachiorum

213 4806 332 4847 ossa
362 4791 417 4846 in
471 4791 686 4847 duabus
727 4789 813 4845 sui
840 4789 981 4858 juris
1012 4789 1462 4861 possessionibus
1491 4798 1822 4862 posuerunt,

211 4884 274 4938 ad
305 4883 610 4939 subsidium
649 4882 910 4939 videlicet
947 4890 1002 4938 et
1045 4883 1272 4938 tutelam
1318 4899 1528 4948 earum,
1588 4901 1818 4958 quarum

211 4973 376 5028 altera
401 4973 598 5029 Diacus
618 4972 747 5042 (Die)
779 4977 1148 5042 nuncupatur,
1177 4971 1234 5026 in
1267 4971 1516 5042 partibus
1539 4972 1646 5028 sita
1682 4973 1820 5029 Bur-

212 5061 454 5136 gundiae,
485 5060 762 5117 territorio
799 5059 1061 5116 videlicet
1096 5061 1529 5130 Tornodorensi,
1567 5061 1816 5129 alterius,

211 5149 335 5206 licet
364 5149 546 5205 minus
568 5164 920 5220 consequens
945 5148 1003 5204 in
1024 5148 1232 5220 scripto
1271 5149 1522 5207 adnotari
1550 5149 1820 5206 habeatur

279 5335 410 5406 (17).
441 5334 650 5406 Nempe
677 5333 968 5390 Guillelmo
993 5333 1114 5405 ejus
1133 5335 1382 5406 nominis
1433 5344 1652 5403 octavo,
1697 5335 1824 5391 aliis

213 5405 376 5472 nono,
425 5405 520 5476 qui
567 5405 622 5459 in
666 5406 787 5461 loca
817 5412 1006 5462 sancta
1055 5405 1335 5476 profectus
1382 5413 1466 5462 est
1509 5422 1656 5463 anno
1685 5406 1814 5464 1101

213 5477 362 5546 cujus
392 5477 649 5532 uexillum
671 5479 932 5544 feruntur
955 5480 1182 5546 triginta
1196 5479 1373 5534 millia
1388 5485 1729 5536 amatorum
1747 5493 1822 5535 se-

211 5554 350 5611 cuta,
373 5554 512 5603 teste
536 5547 794 5604 0rderico
822 5548 984 5604 Vitali
1009 5547 1063 5602 in
1083 5548 1444 5605 Historiaelib.
1467 5566 1520 5606 x.
1540 5549 1817 5606 Guillelmi

213 5635 340 5677 uxor
387 5618 639 5692 Philippa
690 5619 982 5686 Mathildis,
1057 5628 1118 5678 ut
1194 5627 1454 5679 notarunt
1501 5621 1648 5680 Socii
1697 5621 1818 5680 Bol-

1933 4420 2040 4478 cet,
2081 4412 2138 4466 in
2178 4426 2320 4484 pago
2351 4409 2626 4476 Ausiensi,
2658 4423 2824 4480 super
2863 4407 3071 4464 flumen
3103 4407 3420 4477 Adurcium,
3463 4409 3548 4464 di-

1932 4507 2067 4564 tioni
2095 4504 2523 4562 Floriacensium
2557 4504 2784 4560 fratrum
2811 4504 3090 4572 subditus,
3143 4503 3259 4571 ubi,
3312 4511 3374 4560 ut
3405 4504 3546 4559 dixi-

1929 4617 2072 4668 mus,
2093 4600 2205 4670 jam
2228 4598 2359 4655 dicti
2385 4598 2735 4655 celeberrimi
2765 4597 3019 4670 martyris
3046 4597 3296 4670 reliquiae
3329 4598 3544 4655 haben-

1927 4699 2034 4749 tur.
2068 4691 2338 4748 Invitante
2374 4690 2542 4764 igitur
2583 4690 2800 4746 itineris
2856 4690 3207 4758 necessitate,
3261 4690 3545 4747 comitissa

1925 4785 2162 4841 militum
2191 4784 2389 4840 vallata
2427 4783 2699 4858 phalange
2732 4783 3035 4855 hospitium
3069 4781 3276 4838 ibidem
3307 4783 3538 4855 accepit.

1927 4877 2216 4948 Comperto
2259 4890 2391 4950 ergo
2422 4881 2551 4930 ante
2607 4874 2848 4931 triduum
2884 4874 3230 4931 Pictavorum
3277 4876 3540 4940 adventu,

1923 4967 2117 5024 incolae
2143 4983 2334 5024 eorum
2352 4966 2622 5032 locorum,
2655 4974 2804 5022 metu
2837 4966 3107 5037 ipsorum,
3140 4965 3402 5038 quoniam
3440 4967 3542 5022 do-

1921 5056 2280 5112 minationem
2299 5071 2490 5112 eorum
2511 5055 2672 5110 valde
2703 5071 2926 5112 exosam
2957 5055 3188 5121 habent,
3229 5053 3416 5110 omnia
3443 5070 3543 5110 sua

1919 5163 2044 5221 quae
2061 5146 2120 5202 in
2148 5145 2438 5203 ecclesiam
2467 5144 2658 5201 inferri
2688 5144 2908 5211 licebat,
2933 5144 3234 5212 advehunt,
3260 5150 3316 5200 et
3344 5143 3402 5200 in
3419 5159 3542 5201 ora-

1928 5334 2192 5392 landiani.

1997 5405 2106 5483 (_1__8)
2127 5403 2333 5483 _Vulg_o-
2354 5406 2696 5483 Saint-Maur
2739 5402 3096 5483 denPontqns‘,
3128 5400 3224 5482 qui
3268 5400 3545 5483 prioratus

1927 5473 2170 5532 inlibris
2199 5473 2370 5547 editis
2396 5474 2600 5547 dicitur
2625 5489 2750 5529 esse
2779 5473 3038 5547 dioecesis
3058 5473 3414 5547 Aginnensiﬁi
3434 5489 3538 5547 Are-

1919 5549 2063 5606 ctius
2093 5548 2182 5604 hic
2213 5546 2555 5614 Ausciensis,
2585 5547 2810 5610 d’Auch,
2843 5544 3135 5618 siquideni_
3169 5544 3310 5600 situs
3337 5544 3544 5602 dicitur

1917 5635 2078 5693 super
2108 5623 2316 5688 ﬂumen
2341 5619 2660 5686 Adurcium,
2689 5616 2984 5676 vernacula
3019 5616 3255 5672 l’Adour.
