3932 6040
339 390 524 430 versas
552 371 787 442 species,
816 370 1101 430 alimenta,
1143 372 1197 420 et
1228 372 1427 420 caetera
1465 361 1722 416 humanis
1759 359 1955 414 usibus

340 467 694 525 accommoda
774 462 1039 534 Hospilati
1082 462 1269 532 ilaque
1324 458 1529 514 Pictavi
1566 456 1797 512 audiunt
1826 470 1955 526 pro-

337 560 605 615 vinciales
627 557 812 614 omnia
842 573 962 623 sua,
995 562 1055 611 ut
1084 554 1291 608 dictum
1325 559 1429 617 est,
1465 551 1517 604 in
1550 548 1785 603 ecclesia
1811 562 1953 603 con-

332 652 557 719 jecisse,
590 648 806 705 cecteris
852 647 1127 719 (quamvis
1175 646 1245 701 sit
1272 659 1520 715 prmceps
1572 640 1765 695 eadem
1807 638 1956 694 natio

339 740 407 795 ad
440 739 694 795 audenda
725 752 957 809 quaeque
985 735 1195 805 illicita)
1216 749 1432 789 sacrum
1456 739 1635 786 tamen
1661 728 1960 785 formidan-

341 836 773 892 tibustemerare
802 832 1009 897 locum,
1041 847 1184 886 unus
1213 844 1401 885 eorum
1420 825 1681 882 audacior
1706 823 1957 894 reliquis,

342 941 712 1000 prorumpens
744 925 800 978 in
839 922 1152 987 ecclesiam,
1180 936 1399 976 saccum
1430 918 1702 972 frumento
1734 916 1957 985 plenum

344 1017 593 1073 humeris
623 1016 917 1086 imponens
942 1013 1078 1079 suis,
1104 1018 1333 1067 onustus
1352 1008 1645 1083 sacrilegio
1677 1006 1958 1077 proprium

346 1108 634 1180 repedavit
673 1108 740 1161 ad
788 1104 1110 1176 hospitium,
1139 1118 1486 1175 nequaquam
1533 1100 1627 1153 diu
1667 1114 1836 1167 super
1868 1096 1959 1151 tali

343 1199 630 1275 gavisurus
681 1196 844 1251 facto.
890 1195 1140 1266 Denique
1191 1208 1315 1248 mox
1355 1199 1417 1245 ut
1483 1203 1597 1243 sua!
1649 1185 1963 1241 metationis

348 1289 612 1363 [hospitii]
674 1287 848 1342 subiit
901 1287 1155 1352 limitem,
1233 1289 1518 1353 coeperunt
1571 1279 1756 1335 omnia
1814 1278 1962 1333 illius

343 1382 615 1440 membra.
660 1396 810 1435 more
842 1393 1030 1433 eorum
1073 1377 1166 1448 qui
1201 1384 1471 1446 quartano
1495 1372 1746 1425 laborant
1770 1372 1960 1442 typho,

348 1476 605 1529 tremere.
657 1469 940 1543 frigusque
986 1464 1338 1520 intolerabile
1377 1479 1477 1533 per
1514 1468 1685 1517 totum
1728 1459 1850 1526 ejus
1901 1476 1961 1514 se

351 1561 678 1631 dispergens
723 1574 943 1629 corpus,
987 1557 1203 1631 glaciali
1255 1555 1465 1629 rigores
1531 1568 1724 1608 omnes
1783 1551 1957 1623 ipsius
1990 1594 2036 1661 Β

411 1656 419 1661 .
460 1649 471 1659 ι
554 1648 585 1661 ο.
715 1653 724 1661 .
869 1646 905 1661 τι
1018 1660 1021 1661 ,
1152 1660 1155 1661 ,
1212 1644 1297 1661 ,1"
1378 1641 1617 1661 _!___j-___
1679 1639 1783 1661 I_-:
1870 1638 1953 1661 _--:

343 1648 593 1703 astrinxit
648 1653 815 1700 artus.
869 1646 1036 1699 Porro
1103 1644 1304 1699 accolae
1371 1641 1621 1710 ejusdem
1679 1639 1810 1705 loci,
1864 1638 1957 1710 qui

344 1744 545 1798 certius
569 1747 833 1797 noverant
863 1757 958 1796 cur
980 1740 1085 1794 sibi
1117 1738 1439 1811 contigisset
1467 1743 1574 1792 tam
1599 1735 1777 1790 subita
1802 1735 1957 1789 vale-

344 1831 496 1899 tudo,
529 1830 752 1900 (conscii
788 1829 934 1885 enim
971 1829 1179 1899 optime
1207 1827 1429 1882 fuerunt
1458 1840 1779 1899 magnarum
1814 1824 1957 1879 beati

345 1924 600 1996 martyris
639 1923 923 1992 virtutum)
955 1924 1243 1975 hortantur
1279 1920 1564 1984 miserum,
1605 1924 1663 1972 ut
1716 1917 1864 1988 quod
1894 1918 1963 1972 ab

346 2012 579 2067 ecclesia
629 2011 905 2067 violenter
940 2010 1278 2064 abstraxerat
1334 2007 1572 2063 triticum
1622 2005 1953 2060 restitueret.

346 2102 497 2167 Quod
534 2100 855 2166 monebant,
886 2099 1002 2154 fieri
1025 2115 1168 2171 mgre
1195 2096 1624 2168 impetrant,sed
1645 2095 1959 2149 nullatenus

348 2189 544 2245 beatus
573 2195 781 2259 martyr
819 2187 940 2257 ejus
968 2186 1137 2240 invita
1166 2184 1412 2255 placatur
1438 2183 1958 2254 pcenitentia.‘Ergo

351 2281 587 2337 Pictavis
612 2296 736 2336 cum
769 2296 868 2334 sua
896 2278 1121 2334 domina
1146 2278 1201 2332 in
1234 2277 1473 2332 crastino
1501 2292 1531 2330 a
1562 2276 1684 2331 loco
1717 2274 1810 2329 illo
1837 2290 1959 2329 sese

354 2370 831 2441 promoventibus,
870 2368 1039 2423 miser
1068 2368 1161 2423 illc
1212 2367 1417 2421 ibidem
1469 2364 1733 2421 remorari
1764 2364 1961 2420 formi-

352 2462 510 2529 dans,
543 2478 653 2533 quo
680 2461 853 2516 valuit
880 2461 1047 2515 modo
1076 2476 1198 2515 cum
1231 2458 1314 2513 eis
1344 2457 1709 2530 progreditur.
1757 2457 1813 2510 ln
1842 2471 1964 2526 pro-

356 2569 515 2608 cessu
547 2561 728 2608 autem
748 2554 871 2621 viae,
905 2553 1034 2608 dum
1058 2568 1180 2606 cum
1208 2551 1373 2606 sociis
1397 2550 1667 2624 graditur,
1700 2550 1959 2620 paulatim

348 2647 683 2704 formidabili
722 2648 948 2703 indutus
989 2646 1225 2712 insania,
1285 2644 1454 2714 cmpit
1499 2661 1597 2699 sua
1665 2644 1958 2700 insatiabili

346 2755 531 2795 morsu
574 2754 724 2794 more
757 2739 954 2793 canino
986 2737 1256 2792 dilaniare
1276 2736 1519 2791 brachia.
1554 2736 1651 2801 Qui
1683 2753 1814 2793 vero
1834 2754 1957 2793 eum

346 2844 704 2899 compescere
727 2828 1010 2892 volebant,
1036 2842 1383 2899 nequaquam
1412 2824 1665 2881 sufﬁcere
1679 2826 1956 2883 valebant.

1353 139 1643 198 BADULFI
1682 136 1997 193 TOR'I‘Allll
2035 134 2327 193 MONACHI
2370 134 2667 192 FLORIAC.

2060 358 2388 414 Francorum
2419 357 2793 432 gubernacula
2821 359 3081 415 obtinuit.
3106 361 3402 432 Septennis
3432 363 3545 429 (19)
3580 379 3705 417 au-

2055 458 2163 506 tem
2187 459 2326 517 erat,
2358 451 2581 523 quando
2613 457 2769 521 pater
2805 451 3125 523 defungitur
3176 451 3288 518 Qua
3326 454 3396 508 de
3427 469 3490 508 re
3516 455 3706 510 sorti-

2057 549 2146 598 tus
2174 552 2261 597 est
2285 543 2508 599 tutelam
2536 543 2686 599 illius
2714 544 2794 599 vir
2814 543 3216 599 illustrissimus
3237 546 3541 601 Balduinus
3567 548 3703 611 (ln-

2057 635 2283 690 sulanus
2308 634 2533 690 nomine
2566 636 2628 705 V)
2685 635 3104 691 Flandrensium
3136 653 3344 693 comes.
3380 638 3484 702 Qui
3546 655 3704 709 pru-

2059 730 2388 786 dentissime
2429 731 2583 805 regni
2609 732 3001 788 administrans
3041 734 3284 806 negotia,
3318 734 3501 789 donec
3534 736 3704 789 idem

2062 820 2347 892 Philippus
2400 820 2784 894 intelligibiles
2814 822 3109 897 attingeret
3161 838 3355 888 annos,
3416 829 3703 894 tyrannos

2060 926 2161 981 per
2183 918 2347 966 totam
2378 910 2715 981 pullulantes
2755 910 3034 965 Franciam
3074 918 3182 966 tam
3237 913 3486 968 consiliis
3516 931 3701 985 quam

2061 1002 2228 1056 armis
2267 1002 2605 1073 perdomuit,
2638 1010 2692 1057 et
2724 1018 2923 1082 pacem‘
2965 1004 3257 1057 maximam
3314 1004 3493 1058 teneri
3528 1004 3697 1058 fecit.

2062 1097 2299 1152 Proinde
2319 1097 2574 1168 Philippo
2601 1098 2712 1169 jam
2742 1099 2947 1166 juvene
2969 1098 3133 1165 facto,
3168 1100 3439 1175 integrum
3471 1101 3701 1171 absque

2062 1189 2227 1244 unius
2272 1189 2435 1243 viculi
2490 1189 2881 1244 imminutione
2920 1206 3151 1263 regnum
3179 1191 3439 1256 restituit,
3472 1199 3528 1245 et
3562 1192 3696 1261 ipse

2062 1295 2172 1337 non
2205 1280 2376 1336 multo
2410 1291 2529 1352 post
2566 1280 2787 1335 vivendi
2828 1279 2994 1335 finem
3028 1280 3172 1335 fecit.
3218 1281 3508 1351 Philippus
3553 1297 3699 1336 vero

2062 1374 2116 1428 in
2138 1374 2331 1444 primis
2370 1374 2541 1428 multa
2562 1381 2788 1429 strenue
2819 1375 2987 1445 gessit
3017 1374 3196 1439 annis,
3229 1373 3327 1428 sed
3350 1380 3513 1427 aetate
3547 1389 3693 1444 pro-

2062 1464 2316 1530 cedente,
2351 1464 2493 1517 mole
2517 1464 2700 1517 carnis
2717 1471 3062 1537 aggravatus,
3096 1463 3421 1533 ampliorem
3452 1478 3693 1532 Operam

2059 1554 2186 1609 cibo
2212 1553 2441 1608 indulsit
2471 1560 2524 1607 et
2563 1569 2760 1608 somno
2795 1569 2955 1624 quam
2990 1553 3157 1607 rebus
3188 1552 3421 1608 bellicis.
3459 1552 3558 1607 Hic
3587 1553 3697 1606 du-

2060 1643 2140 1697 cis
2169 1643 2352 1699 Frisias
2389 1642 2553 1697 ﬁliam
2597 1641 2822 1697 nomine
2856 1642 3106 1695 Bertham
3153 1640 3208 1694 in
3254 1640 3683 1695 matrimonium

2061 1733 2293 1803 accepit,
2336 1748 2460 1804 quze
2504 1731 2553 1786 ei
2600 1731 2795 1803 genuit
2834 1730 3188 1785 Ludovicum.
3246 1728 3692 1784 Rebellaverunt

2061 1828 2242 1875 autem
2268 1828 2461 1877 contra
2487 1838 2613 1876 eum
2647 1821 2869 1893 quidam
2886 1820 3215 1875 Francorum
3241 1833 3525 1889 proceres,
3546 1818 3685 1889 opi-

2062 1911 2164 1965 bus
2201 1918 2255 1965 et
2284 1910 2496 1965 viribus
2549 1910 2828 1965 Guillelmi
2870 1910 3015 1985 regis
3055 1911 3347 1983 Anglorum
3389 1909 3632 1965 ﬁdentes
3671 1928 3689 1972 ;

2062 2017 2125 2056 ex
2159 2001 2362 2072 quibus
2391 2001 2543 2072 Hugo
2575 2001 2643 2055 de
2672 2001 2898 2057 Puteolo
2927 2002 3190 2057 adversus
3219 2018 3343 2056 eum
3377 2018 3526 2056 arma
3554 2018 3689 2057 cor-

2060 2091 2246 2162 ripuit,
2280 2091 2466 2162 plures
2496 2091 2602 2145 sibi
2649 2092 2929 2147 asciscens
2975 2092 3348 2147 auxiliatores.
3394 2092 3505 2146 Rex
3544 2107 3686 2146 vero

2061 2190 2179 2255 ejus
2194 2188 2478 2243 audaciam
2506 2203 2857 2258 compescere
2881 2189 3131 2259 cupiens,
3156 2187 3531 2259 undequaque
3565 2187 3685 2240 mi»

2064 2282 2221 2336 litum
2265 2282 2539 2336 contrahit
2570 2297 2813 2335 manum.
2858 2282 3004 2336 Inter
3041 2283 3284 2353 reliquos
3324 2281 3489 2336 etiam
3522 2279 3685 2334 auxi-

2064 2373 2246 2436 liarcs,
2278 2372 2578 2428 exercitum
2602 2373 2670 2427 de
2705 2373 3021 2448 Burgundia
3051 2373 3350 2427 adventare
3372 2371 3551 2440 jubet.
3585 2372 3686 2436 Qui

2064 2467 2293 2531 accepto
2315 2461 2595 2528 mandato,
2643 2461 2696 2514 in
2724 2461 3002 2516 Franciam
3037 2469 3356 2532 properant,
3396 2461 3506 2514 dux
3526 2461 3688 2515 vide-

2067 2556 2196 2610 licet
2227 2556 2472 2626 ejusdem
2506 2556 2835 2627 Burgundiae
2876 2556 3011 2622 Odo,
3044 2556 3467 2611 Nivernensium
3498 2570 3688 2610 comes

2062 2650 2413 2717 Guillelmus,
2447 2652 3014 2707 Antissiodorensium
3068 2651 3314 2722 pontifex
3355 2650 3683 2711 Gaufredus,

2062 2754 2117 2802 et
2138 2747 2229 2801 alii
2253 2747 2631 2819 quamplures,
2651 2763 2792 2819 quos
2812 2753 3059 2802 retexere
3087 2747 3412 2821 perlongum
3449 2746 3643 2817 putavi
3660 2775 3683 2786 ο

2064 2856 2202 2894 mus.
2237 2841 2298 2895 Hi
2322 2849 2560 2911 coeptum
2594 2840 2699 2895 iter
2723 2847 3034 2911 carpentes,
3068 2841 3154 2894 via
3175 2841 3417 2895 dictante
3450 2840 3504 2894 in
3541 2855 3683 2910 quo-

348 2920 739 2975 Perseverante
772 2921 864 2976 illo
918 2921 973 2974 in
1009 2927 1158 2975 tanta
1195 2919 1461 2984 amentia,
1499 2925 1721 2973 ventum
1771 2925 1854 2974 est
1892 2921 1959 2974 ad
1986 2941 2035 3008 C
2064 2930 2187 2986 dam
2218 2931 2426 3001 [medio
2467 2931 2638 2985 patris
2680 2931 2982 2997 Benedicti,
3043 2932 3265 2986 Everam
3311 2932 3414 2996 r20)
3458 2938 3681 2997 γοοδιο,

348 3014 575 3069 fluvium
625 3014 955 3085 quemdam;
996 3012 1481 3068 transvadantibus
1519 3012 1753 3081 caeteris,
1797 3013 1963 3069 miser

349 3105 442 3159 ille
480 3119 578 3159 sua
606 3109 805 3174 sponte
859 3104 914 3157 in
956 3102 1183 3157 fluvium
1212 3119 1333 3158 sese
1386 3102 1759 3174 praecipitans,
1806 3106 1965 3176 aquis

348 3196 646 3252 suffocatus
675 3195 860 3267 periit,
885 3195 1180 3250 maximum
1220 3195 1334 3250 suis
1376 3194 1662 3249 sodalibus
1688 3196 1965 3253 incutiens

348 3293 614 3341 terrorem
646 3294 701 3340 et
732 3285 801 3340 de
835 3285 1052 3357 reliquo
1085 3284 1378 3351 cautelam,
1404 3302 1473 3340 ne
1506 3300 1787 3340 sacrorum
1818 3286 1962 3341 ulte-

349 3376 466 3432 rius
484 3377 783 3433 violatores
814 3378 1049 3432 existere
1077 3383 1472 3449 praesumerent
1502 3377 1769 3432 locorum.
1803 3377 1964 3433 Plura

352 3469 577 3539 quidem
614 3476 790 3536 erant,
824 3485 948 3541 quae
990 3470 1059 3524 de
1109 3470 1215 3525 hoc
1245 3470 1702 3540 praestantissimo
1729 3476 1963 3542 martyre

354 3566 460 3621 dici
515 3572 786 3637 poterant.
835 3566 942 3621 Sed
993 3582 1060 3622 ne
1105 3566 1304 3638 aliquis
1348 3566 1578 3622 obvians
1633 3567 1961 3624 calumniam

355 3655 518 3710 nobis
548 3656 680 3711 velit
709 3661 1056 3727 praestruere,
1089 3656 1282 3711 dicens
1311 3671 1412 3711 nos
1438 3663 1682 3712 nostrum
1712 3658 1968 3729 pr0posi-

352 3751 466 3799 tum
497 3745 824 3811 excessisse,
881 3744 1140 3815 quoniam
1182 3745 1310 3800 dum
1348 3746 1641 3802 debuimus
1667 3748 1839 3803 Patris
1865 3749 1968 3803 Be-

353 3835 561 3891 nedicti
591 3836 728 3890 mira
754 3834 960 3890 referre
981 3851 1170 3905 opera,
1202 3836 1347 3891 beati
1396 3836 1573 3892 Mauri
1605 3838 1789 3911 aliqua
1818 3845 1966 3894 retu-

354 3926 517 3981 limus
555 3934 735 3998 gesta,
768 3933 1107 3982 revertamur
1145 3927 1211 3982 ad
1262 3928 1519 3997 superius
1565 3931 1786 3996 omissa,
1835 3931 1966 3986 licet

354 4033 465 4071 non
493 4016 814 4091 ignoremus
840 4034 1029 4072 eorum
1054 4035 1175 4089 quae
1206 4019 1371 4074 beato
1402 4021 1758 4095 singulariter
1790 4025 1961 4079 ascri-

354 4105 566 4176 psimus
593 4102 799 4171 Mauro,
827 4106 1187 4161 Benedictum
1232 4109 1440 4163 Patrem
1485 4112 1757 4167 exstitisse
1791 4113 1963 4182 parti-

352 4200 555 4271 cipem,
587 4200 795 4272 quippe
821 4201 914 4272 qui
944 4201 995 4255 in
1019 4203 1211 4257 eadem
1243 4204 1593 4275 requiescant
1619 4205 1877 4271 ecclesia,
1908 4214 1964 4263 et

2066 3021 2420 3076 metationem
2455 3028 2808 3092 acceperunt.
2839 3022 2905 3076 Ut
2933 3037 3063 3077 vero
3088 3021 3254 3077 moris
3273 3021 3569 3095 agrestium
3596 3029 3687 3076 est

2066 3113 2122 3167 in
2168 3113 2410 3168 adventu
2467 3113 2705 3168 militum
2744 3113 3065 3180 formidare,
3117 3119 3486 3184 perstrepere,
3538 3130 3681 3183 qua-

2065 3217 2393 3273 quaversum
2448 3201 2658 3274 fugere,
2691 3218 2788 3256 sua
2848 3202 2900 3256 in
2944 3202 3078 3257 locis
3131 3202 3427 3257 tutioribus
3474 3218 3686 3257 recon-

2065 3293 2216 3360 dere,
2271 3294 2505 3349 maxime
2558 3294 2614 3348 in
2654 3300 2805 3349 tanto
2845 3295 3076 3365 strepitu
3116 3295 3304 3349 rustici
3356 3310 3522 3364 supra
3565 3311 3686 3347 me-

2063 3384 2258 3439 morati
2294 3384 2416 3457 pagi
2445 3385 2630 3439 omnia
2655 3401 2752 3439 sua
2780 3385 2845 3439 ad
2886 3385 3171 3441 ecclesiam
3206 3386 3540 3450 convehunt,
3569 3394 3687 3439 tam

2065 3487 2342 3526 annonam
2390 3488 2553 3543 quam
2610 3473 3010 3543 sepellectilcm
3039 3476 3262 3529 variam.
3319 3475 3483 3529 Porro
3531 3474 3687 3527 mili-

2066 3567 2178 3614 tum
2214 3561 2532 3632 phalanges,
2564 3570 2851 3634 postquam
2906 3562 3049 3618 fessa
3093 3564 3279 3618 labore
3319 3564 3416 3617 via:
3447 3579 3691 3634 corpora

2067 3649 2302 3720 dapibus
2334 3652 2665 3716 relevarunt,
2705 3651 2912 3707 cibaria
2960 3653 3076 3707 suis
3108 3653 3449 3723 procuraturi
3495 3653 3681 3723 equis,

2065 3739 2415 3809 comperiunt
2446 3740 2708 3796 ruricolas
2736 3758 2889 3796 suam
2918 3749 3084 3797 totam
3109 3758 3383 3798 annonam
3414 3744 3470 3797 in
3500 3744 3689 3797 eccle-

2064 3832 2144 3888 sia
2174 3834 2475 3889 abdidisse.
2512 3836 2665 3891 Unde
2687 3837 2888 3892 animis
2918 3838 3118 3905 dejecti
3146 3839 3390 3893 referunt
3410 3840 3477 3893 ad
3527 3838 3687 3909 prin-

2065 3927 2218 3997 cipes
2259 3927 2536 3982 exercitus
2560 3943 2676 3982 rem
2707 3944 2929 3983 omnem
2961 3945 3026 3982 ex
3057 3930 3272 3996 ordine,
3330 3930 3534 3985 rustico
3565 3929 3681 3984 sci-

2062 4017 2192 4073 licet
2221 4034 2375 4089 spem
2408 4019 2490 4073 sui
2517 4018 2689 4073 victus
2717 4020 2784 4073 ad
2817 4020 3073 4074 tutiorem
3111 4027 3346 4090 portum,
3379 4020 3673 4075 ecclesiam

2062 4108 2208 4177 dico,
2234 4109 2554 4174 contulisse,
2578 4125 2683 4164 nec
2708 4110 2815 4164 sibi
2841 4110 3062 4179 penitus
3092 4111 3231 4166 velle
3255 4112 3385 4166 dare
3410 4121 3503 4166 aut
3529 4127 3676 4167 ven-

2063 4196 2196 4253 dere
2214 4199 2475 4253 alimeuta
2502 4197 2617 4252 suis
2649 4199 2918 4253 vehiculis
2953 4200 3287 4254 necessaria.
3321 4203 3383 4254 At
3414 4201 3494 4255 illi
3531 4216 3676 4255 eou-

352 4289 542 4344 eadem
586 4289 703 4345 loca
740 4290 1086 4361 susceperint
1115 4293 1363 4359 tutanda,
1396 4294 1609 4349 eaedem
1649 4295 2040 4384 possessio-D
2066 4287 2175 4342 Silii
2201 4296 2465 4357 extorres,
2502 4289 2636 4361 quid
2671 4299 2835 4364 agant
2861 4290 3135 4363 ignorant.
3155 4290 3343 4361 Neque
3374 4290 3520 4344 enim
3551 4306 3686 4344 san-

355 4394 474 4445 nes,
501 4378 554 4432 in
578 4378 778 4451 quibus
815 4380 1033 4434 beatum
1065 4390 1358 4453 martyrem
1383 4383 1552 4438 relata
1581 4383 1820 4439 diximus
1862 4401 1958 4456 pa-

353 4476 523 4523 trasse
562 4470 846 4535 miracula,
881 4470 981 4541 ipsi
1031 4470 1277 4527 Floriaco
1309 4480 1437 4527 sunt
1462 4473 1744 4544 subjectae.
1797 4474 1964 4546 Cujus

354 4557 460 4612 loci
519 4557 690 4613 factus
732 4564 814 4613 est
847 4566 1082 4631 uterque
1123 4567 1386 4630 patronus
1429 4562 1811 4633 omnipotente
1851 4564 1959 4620 Do-

360 4645 511 4700 mino
532 4646 823 4721 largiente.

427 4737 549 4793 Car.
581 4739 757 4793 XXIV.
792 4765 857 4780 ε-
896 4744 1165 4797 Historiae
1242 4744 1486 4798 Ecclesiae
1522 4745 1802 4800 violatores
1852 4748 1958 4799 mi-

354 4833 472 4886 lites
495 4833 698 4901 puniti.
761 4831 969 4905 Regina
1020 4833 1280 4889 Matbilde
1326 4841 1501 4889 metas
1536 4835 1759 4891 vivendi
1802 4851 1962 4891 exce-

354 4925 542 4992 dente,
578 4942 671 4981 rex
697 4925 951 4981 Ainricus
971 4930 1026 4981 in
1058 4928 1375 5001 conjugium
1424 4929 1532 4983 sibi
1563 4930 1759 4985 ascivit
1797 4931 1964 4985 filiam

355 5018 503 5090 regis
551 5017 821 5084 (Ladislai)
858 5019 1176 5087 Bassorum,
1209 5021 1434 5076 nomine
1473 5025 1703 5076 Annam.
1757 5022 1881 5077 Haec
1917 5027 1969 5082 ei

355 5107 573 5178 peperit
602 5107 890 5174 tresﬁlios,
925 5108 1623 5179 Pbilippum,Rotbertum,
1648 5110 1958 5182 Hugonem;

353 5212 587 5268 quorum
639 5197 932 5254 Rotbertus
977 5197 1156 5252 adhuc
1195 5198 1461 5268 puerulus
1510 5198 1773 5265 decessit;
1811 5200 1961 5274 Hugo

353 5291 667 5346 comitatum
749 5290 1100 5361 postmodum
1155 5290 1655 5345 Virimandeusium
1731 5292 1964 5363 adeptus

423 5448 530 5530 (19)
558 5450 698 5530 Ergo
750 5450 1037 5530 Philippus
1084 5457 1245 5530 natus
1295 5458 1379 5507 est
1423 5467 1569 5530 apnp
1629 5452 1794 5520 1053;
1835 5470 1960 5510 nam

358 5516 771 5592 Henricus'ejus
799 5516 956 5592 pater
976 5522 1215 5577 decessit
1239 5538 1384 5579 anno
1418 5524 1571 5578 1040.

429 5586 535 5653 (20)
583 5586 769 5656 Eve'ra,
799 5586 977 5648 'Yerre
1021 5595 1071 5648 le
1100 5596 1355 5660 Chateau,
1415 5594 1673 5650 dioecesis
1718 5596 1962 5651 Aurelia-

2063 4385 2272 4430 ctorum
2314 4377 2610 4432 violatores
2639 4377 2887 4433 locorum
2928 4376 3044 4431 fieri
3077 4377 3290 4441 volunt,
3324 4392 3421 4431 seu
3467 4393 3681 4448 praesu-

2063 4474 2236 4519 munt.
2296 4465 2598 4537 Episcopus
2626 4466 2833 4538 itaque,
2889 4466 2983 4538 qui
3040 4467 3253 4522 cautior
3292 4467 3505 4522 caeteris
3552 4483 3681 4521 esse

2062 4556 2349 4623 debuerat,
2380 4557 2615 4625 juvenili
2650 4564 2806 4613 actus
2827 4558 3160 4624 temeritate,
3188 4559 3407 4612 scurrili
3440 4558 3685 4614 interro-

2061 4654 2153 4719 gat
2180 4661 2438 4702 sermone
2470 4653 2649 4701 utrum
2667 4663 2787 4702 eam
2819 4662 3100 4702 annonam
3127 4647 3382 4703 homines
3423 4647 3479 4701 in
3501 4647 3685 4702 eccle-

2061 4738 2198 4792 siam
2229 4738 2610 4794 contulissent.
2638 4737 2733 4792 Cui
2755 4754 2878 4793 cum
2902 4754 3224 4809 responsum
3259 4749 3440 4793 esset:
3479 4742 3687 4796 Etiam.

2068 4830 2259 4898 Igitur,
2292 4828 2493 4900 inquit,
2521 4832 2759 4887 homines
2804 4832 3143 4887 abstrahunt.
3172 4831 3199 4901 _.l
3211 4831 3341 4885 ubet
3374 4846 3508 4902 ergo
3539 4848 3683 4901 prie-

2068 4925 2224 4988 petes
2253 4918 2357 4989 {21)
2387 4918 2487 4985 ire,
2519 4924 2574 4973 et
2601 4926 2865 4989 quantum
2918 4920 3110 4975 hordei
3165 4920 3467 4975 necessitas
3507 4936 3686 4991 expe-

2069 5009 2240 5073 tebat,
2274 5010 2388 5065 suis
2428 5010 2678 5079 praebere
2703 5013 2881 5082 equis.
2912 5012 3246 5083 Properatur
3264 5014 3331 5065 ad
3364 5012 3683 5080 ecclesiam,

2061 5104 2334 5160 violenter
2359 5104 2628 5159 hordeum
2651 5106 2721 5160 ab
2733 5122 2799 5160 ea
2816 5106 3167 5162 abstrahitur.
3194 5106 3460 5161 Pabulum
3479 5106 3684 5161 exinde

2062 5201 2223 5272 equis
2242 5200 2708 5256 subministratur.
2745 5204 2804 5257 ln
2826 5202 3087 5271 crastino,
3112 5218 3222 5275 quo
3249 5211 3534 5273 ccepcrant
3556 5210 3686 5258 ten-

2064 5294 2221 5360 dunt,
2250 5294 2385 5348 nihil
2418 5310 2575 5350 noxae
2605 5311 2665 5349 se
2697 5296 3036 5351 contraxisse
3075 5296 3368 5350 credentes
3396 5298 3543 5367 apud
3571 5296 3682 5351 Pa-

2065 5454 2275 5520 nensis,
2306 5455 2399 5510 ubi
2432 5455 2707 5526 prioratus
2736 5455 2984 5511 Floriaco
3014 5455 3312 5524 subjectus.

2137 5526 2248 5595 (2t)
2289 5526 2380 5581 Sic
2403 5525 2548 5598 apud
2584 5528 2987 5583 Bollandianos.
3029 5527 3255 5582 Boscius
3295 5525 3460 5598 habet
3490 5542 3681 5597 perpe-

2068 5604 2205 5664 tuos,
2232 5599 2383 5669 quod
2422 5597 2622 5654 nomen
2649 5598 2818 5655 ofﬁcii
2838 5598 3092 5655 militaris
3122 5613 3245 5654 esse
3277 5597 3508 5669 putavit.
