3932 6040
200 157 370 228 1213

1389 167 1724 223 MIRACULA
1763 165 2000 222 SANCTI
2057 163 2422 220 BENEDICTI.

3428 161 3566 218 1214

197 303 360 352 trem
388 294 746 351 Benedictum
765 311 862 367 pro
893 295 1395 353 infractioneillius
1419 297 1525 352 loci
1549 303 1604 350 et
1633 295 1842 368 injuria
1868 300 1916 368 Α
1945 295 2232 352 confestim
2289 301 2535 350 emortua
2593 292 2748 348 febre
2795 307 2963 347 sanus
3009 292 3208 347 evadit.
3251 291 3405 356 Quod
3448 291 3558 350 fre-

194 389 334 444 suis
366 387 539 443 illata.
575 387 864 442 Enimvero
897 405 1028 462 rege
1069 404 1192 444 cum
1234 388 1463 461 reliquis
1495 389 1726 444 militum
1761 387 1842 443 le-

203 479 498 554 gionibus
549 479 613 534 ad
643 479 930 535 Puteolum
966 479 1280 545 festinante,
1313 487 1368 534 et
1415 480 1519 551 ipsi
1559 480 1610 535 ei
1640 495 1842 535 occur-

202 577 375 624 runt.
399 568 581 622 Castra
612 574 890 623 metantur
917 573 1029 622 tam
1060 568 1165 640 ipsi
1185 585 1348 640 quam
1381 585 1473 624 rex
1495 569 1640 624 circa
1664 568 1842 639 ipsum

209 664 496 714 castrum.
519 657 756 712 Obsesso
785 657 972 728 itaque
1003 663 1202 724 castro,
1230 664 1356 728 post
1381 657 1604 711 crebras
1626 672 1849 730 aggreso

209 746 440 807 siones,
465 745 677 816 aliquot
707 745 906 799 diebus
936 745 1142 800 ibidem
1161 745 1273 814 jam
1315 745 1572 816 peractis,
1602 744 1693 799 die
1715 761 1853 816 qua-

205 835 351 890 dam
383 835 458 890 illi
495 835 590 906 qui
620 835 820 890 inclusi
849 835 1204 903 videbantur,
1238 836 1392 908 Hugo
1421 835 1682 892 videlicet
1724 853 1846 892 cum

209 927 365 1000 suis,
415 927 616 998 apertis
649 927 821 998 portis
862 927 1144 998 improvisi
1182 929 1382 985 adsunt
1434 929 1846 996 obsidentibus,

212 1017 534 1088 omnigeno
577 1015 687 1070 bell
729 1033 845 1070 rum
891 1017 1125 1072 tumultu
1179 1026 1559 1088 personantes,
1613 1019 1850 1076 cornici-

204 1109 389 1165 nibus
429 1109 593 1164 etiam
624 1107 884 1164 horrifico
917 1109 1081 1164 boatu
1114 1111 1599 1182 concrepantibus.
1661 1112 1850 1167 Exter-

203 1201 306 1256 riti
369 1201 464 1274 qui
515 1201 572 1254 in
628 1200 822 1256 castris
872 1205 1028 1255 erant
1075 1201 1263 1256 subita
1317 1203 1555 1258 hostium
1597 1203 1846 1270 audacia,

202 1293 453 1349 credunt
487 1291 656 1348 totius
701 1292 942 1348 Francia;
975 1293 1209 1348 militum
1269 1297 1528 1350 cohortes
1558 1302 1723 1351 noctu
1755 1311 1852 1350 ca-

208 1389 398 1438 strum
435 1382 580 1437 idem
623 1382 882 1447 intrasse,
932 1391 986 1436 et
1025 1382 1231 1438 idcirco
1275 1383 1556 1456 tlugonem
1599 1384 1665 1438 ad
1709 1385 1844 1440 tanti

211 1490 418 1528 ausum
453 1471 715 1528 facinoris
739 1472 1078 1543 prorupisse.
1120 1473 1258 1536 Quid
1295 1473 1448 1545 plura
1471 1474 1499 1528 ?
1539 1485 1692 1550 terga
1721 1493 1844 1532 ver-

220 1568 374 1627 tunt,
403 1559 546 1635 fugm
587 1560 846 1631 praesidio
872 1577 993 1615 sese
1033 1562 1464 1628 committentes,
1502 1563 1840 1620 diversarum

212 1651 536 1722 specierum
571 1651 806 1706 tentoria
839 1651 988 1706 varia
1017 1652 1347 1722 supellectili
1381 1655 1544 1724 plena
1588 1655 1842 1727 linquen-

212 1750 327 1805 tes,
362 1749 420 1796 ct
457 1749 655 1797 caetera
689 1759 812 1814 qum
854 1743 922 1798 ad
973 1750 1177 1799 tantam
1213 1745 1625 1816 expeditionem
1648 1763 1845 1803 neces-

207 1834 360 1890 saria
421 1841 812 1889 convexerant.
881 1834 1077 1890 Hostes
1142 1851 1240 1890 eos
1296 1835 1489 1912 fugere
1529 1846 1840 1907 cernentes,

213 1929 372 2002 quod
424 1945 778 2000 nequaquam
821 1938 1003 1984 mente
1043 1936 1207 1985 antea
1237 1931 1534 2002 concipere
1577 1949 1843 2004 praesum-

209 2026 462 2088 pserant,
488 2024 600 2072 uta
623 2017 814 2088 paucis
834 2025 986 2074 tanta
1013 2018 1306 2074 multitudo
1329 2019 1632 2094 fugaretur,
1662 2023 1844 2079 acrius

213 2112 608 2184 insequuntur.
669 2111 820 2182 Capti
871 2118 1000 2168 sunt
1063 2113 1232 2184 igitur
1260 2113 1318 2168 in
1347 2114 1440 2169 illa
1469 2115 1596 2189 fuga
1645 2133 1842 2188 quam-

219 2204 451 2276 plurimi
484 2203 705 2260 nobiles
743 2205 866 2271 viri,
899 2205 1136 2261 maxime
1181 2208 1456 2262 exercitus
1487 2209 1838 2281 Burgundize,

215 2292 318 2365 qui
342 2293 553 2348 Patrem
585 2293 944 2348 Benedictum
977 2293 1226 2362 injuriari
1257 2295 1374 2348 ausi
1417 2294 1654 2362 fuerant,
1697 2298 1842 2354 dire-

216 2389 411 2455 ptores
440 2382 614 2454 ipsius
660 2383 959 2438 existentes
1009 2383 1403 2453 possessionis.
1451 2385 1704 2458 Denique
1725 2387 1839 2457 epi-

218 2488 427 2544 scopus
455 2471 549 2543 qui
605 2471 745 2526 alios
783 2486 1040 2526 sermone
1083 2471 1330 2526 illusorie
1373 2473 1584 2543 prolato
1626 2473 1839 2530 nefarie

211 2581 381 2639 agere
422 2563 736 2634 impulerat,
797 2579 919 2617 cum
984 2571 1138 2634 patre
1179 2563 1598 2621 Nivernensium
1636 2567 1836 2623 comite

207 2664 433 2726 captus,
465 2660 687 2708 coactus
717 2660 801 2707 est
825 2653 1074 2722 seipsum
1111 2669 1222 2708 non
1254 2655 1487 2710 modica:
1517 2656 1834 2726 quantitatis

210 2743 446 2814 pecunia
477 2742 781 2807 redimere;
815 2758 845 2796 a
877 2758 984 2813 qua
1016 2742 1238 2798 demum
1270 2750 1498 2814 captura
1520 2754 1832 2816 exemptus,

214 2834 520 2890 Floriacum
572 2842 794 2904 petens,
833 2832 1038 2888 fatetur
1067 2849 1126 2888 se
1165 2834 1332 2888 stulte
1368 2834 1573 2908 egisse,
1605 2841 1660 2889 et
1707 2852 1832 2905 quae

213 2923 322 2978 sibi
353 2922 694 2990 acciderant,
716 2922 864 2990 juste
895 2922 1230 2997 contigisse;
1263 2922 1481 2977 veniam
1507 2923 1660 2994 petit,
1699 2939 1832 2994 pro-

1866 1607 1916 1675 Β

1944 386 2210 458 quentius
2237 385 2596 456 probavimus
2625 383 3010 454 experimento
3041 381 3352 452 multiplici.
3376 383 3564 439 Plures

1946 481 2110 536 etiam
2143 481 2214 536 de
2247 481 2384 552 ipsis
2422 479 2627 551 quibus
2663 486 2944 548 compacta
2996 478 3172 533 fuerat
3208 493 3336 532 arca
3365 477 3456 532 illa
3495 479 3564 533 li-

1951 572 2098 648 gnis,
2128 573 2466 628 diversarum
2497 571 2749 627 homines
2777 569 3064 640 regionum
3092 569 3158 624 ad
3193 569 3416 640 prepria
3444 570 3565 626 loca

1951 661 2124 735 gratia
2157 676 2269 715 sua:
2321 659 2516 714 salutis
2546 659 2894 717 detulerunt:
2947 657 3038 729 qui
3091 657 3440 728 postmodum
3483 665 3564 714 at-

1955 750 2134 805 testati
2165 757 2294 804 sunt
2331 757 2522 804 contra
2575 747 2848 802 variorum
2903 761 3108 821 genera
3149 747 3466 802 morborum
3500 764 3565 802 ea

1955 841 2227 914 profuisse
2260 841 2514 897 multum.
2556 839 2844 913 Enimvero
2885 855 2987 895 nos
3027 839 3260 910 plurima
3301 855 3424 910 qua:
3467 855 3564 910 per

1950 951 2015 990 ea
2052 941 2276 989 ostensa
2327 939 2474 1000 sunt,
2523 933 2839 988 omittentes
2867 931 3044 1005 signa,
3075 947 3248 986 unum
3302 914 3564 986 duntaxat

1948 1030 2283 1089 retexamus,
2315 1023 2471 1091 cujus
2497 1020 2828 1076 documento
2856 1020 3026 1075 multa
3057 1021 3300 1090 potuisse
3336 1019 3454 1075 fieri
3483 1021 3563 1075 si-

1948 1117 2098 1172 milia
2128 1117 2565 1173 manifestemus.
2608 1116 2852 1170 Veranus
2883 1115 3014 1184 (‘23),
3039 1115 3131 1186 qui
3162 1131 3260 1186 per
3277 1115 3560 1187 aliquanta

1947 1221 2217 1260 annorum
2251 1204 2522 1260 curricula
2562 1203 2810 1279 regimen
2841 1202 3082 1258 obtinuit
3104 1202 3556 1270 Floriacensium,

1951 1293 2233 1365 quartanis
2259 1292 2439 1347 valide
2469 1308 2568 1363 per
2593 1308 2814 1348 menses
2845 1291 2961 1346 fere
2989 1299 3070 1346 ter
3096 1291 3258 1347 binos
3279 1291 3558 1346 adureba-

1947 1394 2032 1440 tur
2057 1384 2324 1448 febribus,
2363 1384 2458 1456 qui
2500 1383 2863 1454 plurimorum
2911 1383 3250 1439 medicorum
3284 1384 3366 1455 (ut
3397 1392 3558 1454 puta:

1945 1474 2057 1545 bat)
2085 1475 2396 1541 doctorum,
2427 1473 2532 1526 sibi
2565 1471 2897 1543 propensius
2928 1487 3111 1526 curam
3144 1472 3440 1538 adhibens,
3472 1473 3559 1526 ni-

1943 1566 2020 1620 hil
2043 1565 2302 1636 profecit;
2336 1571 2545 1619 tantum
2565 1563 2804 1634 aliquam
2835 1564 3082 1634 pecuniae
3112 1564 3474 1634 quantitatem
3502 1563 3556 1618 in

1946 1654 2334 1726 comparandis
2365 1652 2844 1718 medicaminibus,
2885 1659 3148 1707 eteorum
3183 1653 3424 1723 praemiis
3463 1655 3557 1724 qui

1945 1743 2144 1800 frustra
2183 1745 2267 1799 vel
2299 1743 2576 1799 modicum
2625 1758 2737 1797 suae
2791 1743 2922 1798 artis
2980 1743 3266 1814 suscipere
3311 1743 3555 1798 laborem

1949 1844 2207 1905 renuunt,
2229 1837 2509 1909 expendit.
2543 1837 2662 1908 Ipse
2695 1851 2939 1909 quoque,
2989 1838 3248 1908 quoniam
3271 1837 3560 1906 jactitabat

1946 1931 2344 2004 aliquantulam
2376 1931 2760 1987 medicaminis
2785 1947 2845 1986 se
2868 1929 3075 1985 habere
3097 1931 3430 1998 notitiolam,
3463 1947 3560 2002 per

1945 2041 2009 2078 se
2032 2024 2085 2078 in
2117 2040 2174 2079 se
2205 2025 2376 2080 multa
2408 2023 2656 2091 tentavit,
2684 2024 2780 2078 sed
2813 2023 2888 2078 nil
2920 2023 3025 2078 sibi
3060 2023 3281 2094 profuit.
3317 2024 3558 2078 Destitu-

1944 2121 2030 2170 tus
2060 2115 2246 2186 itaque
2286 2116 2436 2171 omni
2477 2115 2701 2181 auxilio,
2753 2121 2809 2170 et
2837 2122 3044 2170 attenta
3087 2115 3378 2171 medicina}
3412 2115 3557 2171 frau-

1941 2208 2103 2262 datus
2133 2225 2254 2280 spe,
2275 2209 2594 2264 recordatur
2618 2207 2818 2263 multos
2845 2207 3029 2276 hujus,
3055 2207 3388 2263 infirmitatis
3415 2223 3555 2278 pon-

1943 2299 2075 2352 dere
2117 2312 2436 2368 oppressos,
2475 2313 2577 2367 per
2606 2312 2744 2350 arcae
2771 2295 2948 2366 ipsius
3001 2296 3264 2368 reliquias
3303 2297 3550 2367 Sospitati

1943 2389 2187 2461 pristinae
2239 2389 2541 2444 restitutos.
2591 2388 2838 2444 Diluculo
2893 2388 3057 2461 igitur
3111 2389 3394 2457 cujusdam
3447 2390 3558 2445 diei

1937 2497 2174 2554 surgens
2199 2497 2230 2536 a
2257 2481 2482 2546 lectulo,
2515 2480 2768 2534 manibus
2806 2495 3031 2535 suorum
3055 2479 3374 2550 deportatus
3405 2480 3560 2535 cubi-

1939 2575 2293 2636 culariorum,
2337 2573 2634 2630 ecclesiam
2668 2573 2909 2639 intravit,
2951 2589 3134 2628 coram
3167 2573 3324 2628 altari
3364 2573 3416 2627 in
3446 2590 3557 2644 quo

1937 2661 2224 2734 praedictae
2243 2661 2480 2718 conditae
2503 2659 2719 2716 fuerant
2733 2661 3002 2732 reliquim,
3025 2676 3146 2715 sese
3171 2661 3223 2715 in
3243 2661 3562 2734 pavimento.

1939 2755 2256 2826 prostravit,
2289 2755 2419 2809 ﬂetu
2449 2760 2505 2808 et
2533 2753 2740 2824 gemitu
2778 2753 3062 2808 subveniri
3110 2753 3218 2807 sibi
3249 2770 3558 2826 exposcens

1934 2845 2081 2901 beati
2116 2845 2286 2901 Patris
2317 2845 2598 2918 precibus.
2631 2845 2913 2901 Postremo
2953 2846 3021 2900 de
3053 2845 3155 2900 soli
3183 2845 3386 2900 duritia
3417 2847 3554 2900 suh-

1934 2942 2166 3003 levatus,
2199 2946 2254 2995 et
2284 2939 2428 2994 ulnis
2456 2954 2681 2994 suorum
2725 2938 3035 3010 bajulorum
3063 2943 3426 3006 sustentatus,
3467 2956 3555 2996 ro-

679 2985 733 2990 --
1047 2985 1081 2997 υ
1219 2985 1226 2990 ν
1507 2985 1522 2994 .
1649 2985 1656 2987 ν
1701 2985 1715 2994 .
1937 2985 2166 3003 ......-_-,
2202 2985 2254 2995 ν.
2287 2985 2428 2994 νη---
2456 2985 2681 2994 ---._...
2727 2985 3035 3010 _.,----_...
3064 2985 3426 3006 -..~----...-,--,
3467 2985 3525 2996 ,ν

217 3019 476 3068 "mrem"
514 3011 820 3112 1033f"?
845 3012 1181 3112 complme
1209 3010 1430 3112 Mers?
1457 3011 1606 3083 Ψιοδ
1637 3011 1692 3065 in
1723 3010 1833 3111 ﬁn."
1863 2985 1912 3053 C
1933 3044 2026 3112 gat
2047 3034 2332 3092 custodem
2354 3028 2744 3102 praedictorum
2767 3043 3044 3083 sacrorum
3077 3026 3281 3084 ossium
3310 3027 3550 3099 aliquam

213 3101 621 3158 Deuteronomii
680 3101 883 3174 legitur
921 3101 976 3154 in
1017 3100 1528 3171 imprecationibus,
1569 3117 1708 3172 quas
1747 3101 1833 3156 vir

214 3193 308 3248 Dei
346 3191 560 3262 Moyses
597 3190 804 3260 pepulo
837 3190 1023 3244 lsraeli
1053 3189 1389 3259 imprecatus
1433 3200 1539 3257 est,
1569 3190 1614 3245 si
1643 3207 1674 3244 a
1701 3189 1826 3262 lege

215 3281 306 3336 Dei
331 3280 416 3335 sui
440 3278 740 3351 aliquando
772 3279 1086 3332 recederet:
1119 3279 1222 3332 Per
1249 3293 1442 3345 unam,
1473 3277 1654 3350 inquit
1676 3281 1826 3332 viam

212 3377 494 3446 egredieris
553 3377 742 3428 contra
796 3375 964 3428 hostes
1023 3377 1159 3440 tuos,
1209 3379 1260 3427 et
1297 3387 1394 3442 per
1426 3379 1624 3444 septem
1661 3375 1836 3442 fugies

215 3474 381 3540 (Deut.
414 3485 600 3535 xxvui,
635 3469 750 3535 25);
785 3475 840 3524 ct
880 3467 938 3522 in
998 3467 1271 3523 Levitico:
1321 3473 1576 3538 Fugietis,
1615 3473 1835 3526 nemine

214 3571 563 3638 persequente
594 3564 780 3636 (Leuit.
815 3580 960 3632 xxw,
988 3565 1101 3634 17).

285 3659 408 3714 Car.
460 3659 610 3714 XXV.
638 3689 709 3699 —
748 3662 803 3716 S.
845 3660 1116 3716 Benedicti
1159 3663 1403 3731 reliquiae
1425 3663 1486 3715 in
1511 3662 1682 3716 aliam
1717 3662 1831 3717 the-

219 3772 337 3812 cam
364 3757 556 3810 ittatw.
591 3757 767 3810 Theca
787 3757 1075 3824 particula;
1122 3759 1276 3825 aegris
1303 3756 1559 3810 salubres.
1596 3755 1830 3811 Basilica

221 3868 439 3922 semper
471 3851 707 3926 virginis
736 3849 921 3905 Mariw
941 3849 1037 3905 Dei
1061 3850 1367 3924 genitricis,
1403 3851 1455 3904 in
1489 3867 1596 3922 qua
1628 3851 1830 3907 Beatus

224 3945 375 4000 Pater
409 3943 742 3998 Benedictus
771 3957 1008 4013 corpore
1031 3943 1501 4014 quiescit,partim
1534 3951 1826 4011 vetustate,

223 4037 410 4108 partim
451 4034 710 4090 incendio
750 4033 1035 4100 demolita,
1085 4033 1259 4089 visum
1303 4041 1388 4089 est
1443 4033 1630 4090 abbati
1676 4034 1826 4090 Guil-

224 4127 381 4181 lelmo
441 4124 574 4196 (22),
609 4123 892 4178 adnitente
925 4123 1154 4177 0dilone
1196 4123 1313 4178 viro
1366 4122 1540 4194 probo
1575 4122 1822 4191 ejusdem

226 4215 460 4271 basilicae
484 4213 710 4278 aedituo,
736 4219 894 4266 vetus
924 4210 1205 4277 demoliri,
1236 4217 1290 4266 et
1319 4227 1522 4267 novum
1553 4227 1696 4282 opus
1725 4226 1825 4282 pro

223 4316 395 4364 vetere
419 4305 736 4360 instaurare.
766 4303 880 4368 Qua
906 4303 976 4358 de
1010 4318 1066 4357 re
1080 4309 1257 4358 actum
1291 4309 1397 4369 est,
1427 4311 1486 4358 ut
1507 4303 1824 4358 veneranda

1933 3141 2074 3178 arcte
2107 3119 2507 3195 portiunculam
2549 3117 2653 3172 sibi
2684 3115 2888 3182 aﬂ'erri,
2925 3133 3078 3173 mero
3124 3117 3297 3185 ablui,
3338 3125 3394 3173 et
3447 3118 3552 3172 sibi

1929 3214 2120 3280 tribui.
2155 3213 2308 3276 Quod
2339 3211 2471 3265 dum
2506 3209 2877 3279 impetrasset,
2911 3209 3106 3264 hausto
3135 3209 3408 3280 ejusmodi
3440 3227 3549 3280 pn-

1927 3299 2005 3373 tu,
2032 3304 2198 3359 corde
2218 3301 2506 3366 deficiens,
2539 3300 2609 3354 de
2643 3300 2898 3354 manibus
2927 3315 3052 3354 sese
3093 3299 3454 3368 bajulantium
3481 3301 3548 3356 ad

1939 3400 2137 3449 terram
2179 3389 2471 3461 prolapsus
2509 3387 2728 3443 cecidit.
2771 3387 2999 3442 Omnem
3049 3387 3252 3442 deinde
3283 3388 3548 3458 superflui

1935 3484 2183 3542 humoris
2225 3479 2639 3543 abundantiam,
2674 3495 2796 3551 quae
2826 3479 2931 3534 sibi
2993 3496 3112 3535 eam
3165 3479 3550 3552 aegritudinem

1933 3575 2211 3641 intulerat,
2251 3586 2516 3628 evomens
2542 3585 2643 3642 per
2691 3569 2928 3640 spatium
2963 3568 3133 3625 ferme
3183 3570 3348 3626 unius
3379 3571 3551 3640 liora,

1931 3669 2084 3724 humi
2126 3675 2436 3740 prostratus
2467 3665 2662 3734 jacuit,
2715 3663 2916 3719 mentis
2971 3665 3278 3736 deliquium
3335 3683 3528 3738 passus

1931 3759 2086 3814 Unde
2120 3756 2420 3828 resumptis
2450 3754 2850 3827 aliquantulum
2889 3753 3097 3810 viribus
3139 3771 3262 3811 sese
3303 3757 3550 3829 erigens,

1931 3849 2114 3905 denuo
2151 3849 2221 3904 ad
2279 3847 2540 3904 lectulum
2573 3847 2917 3917 deportatus,
2949 3855 3004 3902 et
3033 3847 3328 3920 tranquilla
3366 3849 3550 3920 quiete

1932 3937 2215 4010 paululum
2242 3943 2554 4008 soporatus,
2600 3935 2806 3990 nullam
2842 3934 3018 4006 ipsius
3059 3934 3236 3991 morbi
3279 3935 3547 4006 deinceps

1929 4025 2104 4082 sensit
2183 4025 2516 4101 angustiam.
2585 4023 2848 4096 Cognovit
2914 4039 3046 4099 ergo
3106 4025 3376 4096 potiorem
3432 4024 3546 4080 fore

1930 4115 2090 4190 [esse]
2125 4118 2454 4173 medicinam
2489 4115 2886 4190 omnipotentis
2916 4115 3132 4171 Domini
3157 4133 3458 4188 exposcere
3490 4119 3545 4172 in

1928 4212 2246 4268 infirmitate
2277 4211 2656 4280 clementiam,
2685 4226 2850 4282 quam
2876 4209 2930 4264 in
2965 4210 3329 4280 pretiosarum
3361 4211 3545 4266 succis

1926 4311 1981 4360 et
2009 4303 2219 4360 viribus
2246 4302 2525 4359 conﬁdere
2548 4300 2865 4356 herbarum.

225 4395 464 4466 ejusdem
480 4391 654 4447 Patris
675 4356 939 4457 membra,
963 4407 1084 4464 quae
1115 4390 1170 4444 in
1199 4407 1325 4445 arca
1356 4356 1538 4465 lignea
1554 4401 1711 4448 erant
1734 4409 1820 4448 re-
1850 4356 1907 4425 ί)
2003 4395 2128 4450 CAP.
2184 4393 2359 4447 XXVI.
2411 4423 2475 4431 -—
2514 4395 2796 4456 Quwstura
2851 4392 3270 4446 concionatoria.
3315 4394 3534 4446 Maricas

225 4487 450 4550 condita,
466 4484 670 4540 scrinio
701 4500 857 4540 teneo
888 4500 954 4538 ea
974 4483 1045 4539 ob
1061 4482 1470 4539 durabililatem
1498 4484 1829 4540 intrinsecus

227 4575 514 4640 ambiente,
550 4589 775 4628 necesse
823 4572 966 4628 foret
997 4573 1064 4628 de
1095 4573 1290 4628 eadem
1325 4589 1452 4628 arca
1483 4573 1825 4642 abstrahere,

227 4679 277 4725 ct
323 4669 456 4724 alias
495 4668 602 4722 alio
635 4667 691 4721 in
724 4667 920 4723 locello
958 4667 1163 4723 locare.
1196 4667 1272 4722 De
1311 4667 1468 4738 cujus
1509 4683 1649 4722 arcae
1690 4667 1822 4722 reli-

225 4766 356 4838 quiis
410 4765 579 4819 multa
613 4763 861 4818 remedia
920 4762 1515 4835 praestanturinfirmis
1571 4762 1822 4832 ejusdem

225 4855 383 4910 Patris
413 4853 642 4919 meritis,
674 4853 832 4921 cujus
858 4851 1196 4906 venerabilia
1225 4867 1349 4907 ossa
1375 4851 1628 4907 ambivit.
1655 4852 1824 4907 Deni-

227 4964 323 5019 que
351 4946 669 5018 quicunquc
703 4943 1154 5008 febricitantium,
1187 4944 1302 4997 sive
1325 4944 1688 5016 quotidianis,
1720 4961 1818 5003 seu

229 5035 483 5102 tertianis,
506 5035 592 5090 vel
611 5033 892 5106 quartanis
907 5033 1166 5088 detentus
1187 5033 1356 5088 fuerit
1385 5035 1586 5106 typhis,
1609 5036 1654 5090 si
1677 5052 1822 5108 aqua

227 5135 308 5184 aut
328 5143 451 5183 Vino
497 5125 687 5182 laverit
715 5125 956 5197 aliquam
987 5124 1310 5196 particulam
1341 5127 1613 5200 lignorum
1642 5128 1822 5200 ipsius

227 5233 365 5278 arcae,
407 5222 463 5272 et
491 5215 740 5271 eamdem
765 5213 1048 5284 potionem
1077 5213 1188 5270 fide
1214 5215 1524 5286 epitulante
1555 5219 1818 5284 hauserit,

290 5399 385 5468 (22)
417 5393 949 5468 Guillelmus‘abbas
979 5395 1202 5466 ponitur
1225 5396 1388 5451 annis
1419 5395 1554 5454 1062
1583 5407 1639 5454 et
1675 5397 1820 5456 1075

227 5471 276 5525 in
295 5463 476 5524 fusiori
517 5465 690 5519 Gallia
711 5463 1034 5520 Christiana.

289 5540 384 5612 (23)
416 5539 662 5612 Yeranus
707 5536 892 5612 nullus
920 5544 1006 5612 est
1033 5537 1110 5612 ing
1138 5537 1373 5612 vulgatis
1412 5539 1690 5597 indicibus
1717 5542 1817 5598 ab-

226 5607 386 5668 batum
420 5607 870 5672 Floriacensium,
895 5609 988 5680 qui
1019 5607 1264 5682 quidem'
1287 5611 1532 5668 Veranus
1563 5627 1676 5669 non
1717 5614 1814 5670 ab-

1927 4489 2174 4538 sanatus.
2225 4479 2374 4534 Unus
2429 4497 2495 4535 ex
2534 4479 2816 4546 fratribus,
2855 4486 3226 4553 cognomento
3259 4478 3540 4533 Gallehcr-

1931 4582 2040 4642 tus,
2095 4573 2189 4645 qui
2243 4571 2607 4627 caementariis
2666 4569 2843 4626 fuerat
2899 4569 3196 4640 praefectus
3241 4575 3538 4641 prtetaxato

1923 4666 2078 4738 Operi
2103 4665 2505 4730 insistentibus,
2540 4663 2793 4735 pecuniis
2822 4662 3008 4716 minus
3043 4662 3342 4734 aliquando
3359 4663 3538 4719 abun-

1925 4763 2081 4827 dans,
2097 4760 2210 4815 ibat
2239 4759 2569 4814 circumiens
2597 4757 2715 4812 loca
2747 4756 3005 4828 plurima,
3025 4762 3080 4811 et
3109 4757 3318 4812 ducens
3345 4773 3535 4812 secum

1923 4849 2365 4915 seminiverbios,
2387 4865 2619 4921 quorum
2634 4847 3014 4902 admonitione
3037 4847 3270 4903 excitata
3295 4848 3535 4904 virorum

1921 4952 1975 5000 et
2015 4943 2306 4998 mulierum
2339 4941 2526 5008 corda,
2570 4940 2755 4996 saeculi
2801 4939 3043 5014 negotiis
3093 4939 3318 5006 irretita,
3350 4939 3540 5010 aliquo

1921 5035 2206 5110 suffragio,
2241 5034 2344 5090 etsi
2380 5033 2618 5100 modico,
2651 5031 2939 5104 penuriam
2964 5031 3139 5103 ipsius
3166 5031 3536 5087 sublevarent.

1923 5129 2057 5183 Dum
2091 5142 2220 5201 ergo
2260 5126 2690 5197 circumquaque
2721 5125 3077 5185 discurreret,
3106 5122 3400 5178 Vitriacum
3429 5122 3542 5192 (24)

1925 5217 2311 5288 advenit;,qui
2343 5217 2496 5272 locus
2517 5215 2716 5289 regalis
2747 5214 2934 5286 palatii
2977 5211 3400 5270 honorificentia
3431 5227 3538 5269 no-

1920 5399 2039 5464 bas,
2077 5397 2174 5452 sed
2206 5404 2386 5452 rector
2415 5410 2514 5450 seu
2565 5401 2812 5460 curatus,
2845 5400 2908 5450 ut
2947 5399 3166 5459 vocant,
3215 5389 3537 5447 Floriacen-

1919 5471 2062 5542 sium
2090 5468 2264 5542 fuisse
2295 5467 2532 5542 videtur.
2658 5537 2667 5542 _
2787 5535 2820 5542 ﬂ
3009 5535 3020 5542 _
3143 5533 3196 5542 __
3332 5531 3343 5542 _

1991 5540 2103 5613 (24)
2159 5545 2314 5613 νέων
2348 5539 2404 5593 in
2451 5538 2590 5594 silvo
2643 5535 3046 5604 Aurelianensi,
3103 5533 3198 5590 ubi
3264 5533 3538 5604 prioratus

1919 5611 2166 5672 Floriaco
2195 5611 2494 5682 subjectus.
