3892 6048
366 193 510 248 1215
1371 186 1654 243 RADULFI
1691 186 2003 243 TORTARII

2126 187 2337 245 DNACHI
2377 189 2672 245 FLORIAC.
3632 193 3803 249 1216

369 324 497 380 stris
537 320 881 393 temporibus
911 319 1290 376 decorabatur.
1344 321 1633 396 Ingressus
1664 320 1848 392 itaque
1878 336 1978 376 ec-
2004 324 2057 393 Α
2083 320 2267 377 censis
2300 319 2463 392 burgi
2502 320 2843 392 consumpsit
2874 330 3105 393 partem.
3146 322 3523 396 lncognitum
3566 328 3791 375 autem

369 419 616 485 clesiam,
647 415 1017 471 exhortatorio
1055 431 1314 471 sermone
1355 415 1617 487 p0pulum
1660 431 1980 471 commone-
2086 412 2320 467 habetur
2347 419 2528 468 utrum
2556 413 2796 481 casuale,
2829 429 2898 467 an
2931 412 3187 470 furtivum
3239 415 3391 470 idem
3431 411 3665 468 fuerit
3704 413 3791 467 in-

371 513 628 578 faciebat,
656 512 778 564 vitm
810 510 1096 581 praesentis
1149 510 1567 566 mutabilitatem
1599 508 1813 584 fugere,
1857 509 1981 564 vitae
2081 504 2366 560 cendium.
2402 505 2571 561 Nocte
2598 502 2874 576 siquidem
2921 522 3045 577 quae
3090 507 3563 562 sacratissimum
3612 505 3785 559 diem

370 601 565 657 futurae
597 599 950 656 stabilitatem
987 599 1267 673 ﬂagrantis
1304 598 1472 653 animi
1505 598 1784 654 desiderio
1810 614 1985 669 appe-
2081 592 2427 648 Dominicum
2460 593 2679 648 Paschte
2718 593 3010 650 subsecuta
3050 602 3156 663 est,
3216 597 3561 651 vehemens
3614 594 3786 669 ignis

374 705 508 750 tere.
549 695 694 749 Inter
723 700 920 749 caetera
949 708 1079 748 vero
1133 691 1352 747 blandis
1402 692 1856 763 persuasionibus
1886 708 1984 747 ex-
2082 700 2247 739 unam
2273 684 2540 755 corripuit
2568 684 2879 751 domorum,
2902 700 3024 756 quae
3047 701 3078 740 θ.
3105 693 3259 756 tarte
3284 684 3779 757 septentrionali

372 784 584 849 orabat,
620 798 687 837 ex
720 798 826 854 qua
876 798 934 836 re
964 788 1074 837 tota
1111 781 1203 837 illa
1232 781 1539 838 exhortatio
1567 781 1840 853 originem
1872 781 1981 835 du~
2085 782 2330 845 exceptae
2380 779 2537 829 erant
2564 789 2596 828 a
2635 777 2885 828 clausura
2915 773 3163 843 ejusdem
3192 774 3377 848 burgi.
3417 774 3581 838 Quae
3625 789 3777 827 cum

376 880 544 936 xerat,
584 882 858 944 quatenus
900 872 1151 941 injuncto
1188 872 1295 926 sibi
1327 872 1480 943 Operi
1512 872 1721 943 aliquid
1752 872 1984 927 subsidii
2086 872 2233 921 esset
2272 864 2676 936 receptaculum
2709 864 2898 930 boum,
2932 865 3166 921 habebat
3193 866 3305 921 feni
3326 867 3690 936 plurimum
3722 873 3777 920 et

376 964 778 1034 impendendo,
817 964 901 1018 vel
927 980 1100 1035 pauca
1138 964 1468 1039 largirentur
1498 964 1847 1019 numismata.
1880 965 1988 1019 Ad—
2087 958 2388 1030 palearum.
2425 957 2546 1013 Haec
2569 973 2700 1013 vero
2733 958 2865 1012 licet
2895 958 3005 1012 sint
3034 958 3184 1013 omni
3215 968 3477 1030 tempore
3509 958 3771 1013 lentissi-

377 1060 493 1107 erat
522 1059 703 1107 autem
750 1053 805 1107 in
840 1052 1037 1107 eodem
1071 1052 1276 1123 populo
1316 1053 1551 1107 rusticus
1589 1053 1810 1125 quidam
1851 1053 1990 1107 Mar—
2089 1063 2236 1101 mum
2270 1046 2416 1119 ignis
2446 1045 2736 1118 pabulum,
2763 1062 2830 1100 ea
2861 1055 3044 1100 tamen
3087 1048 3260 1103 multo
3288 1048 3475 1120 magis
3515 1058 3775 1117 tempe-

378 1161 496 1211 cus,
524 1144 619 1215 qui
649 1144 869 1199 sinistra
897 1144 1217 1200 debilitatus
1245 1160 1411 1199 manu
1431 1146 1639 1200 nullum
1669 1161 1733 1200 ex
1756 1161 1819 1200 ea
1849 1161 1990 1216 opus
2088 1145 2247 1205 state,
2280 1137 2410 1209 quia
2440 1137 2678 1193 exclusis
2734 1137 2967 1209 reliquis
2994 1138 3195 1206 ventis,
3244 1139 3403 1195 solus
3434 1140 3669 1210 aquilo
3708 1139 3776 1192 li-

379 1243 647 1291 atteutare
690 1236 927 1302 valebat,
969 1236 1065 1290 sed
1104 1236 1287 1291 nervis
1343 1235 1661 1301 contractis,
1694 1236 1989 1307 digitorum
2090 1230 2224 1285 bero
2282 1227 2414 1284 ﬂatu
2461 1228 2654 1284 orbem
2713 1228 2981 1300 perﬂabat
3037 1229 3319 1284 Gallicum.
3358 1230 3468 1294 Qui
3545 1230 3769 1284 omnia

380 1324 789 1379 summitatibus
811 1324 996 1380 medio
1019 1322 1435 1395 palmaeinﬁxis,
1458 1324 1767 1396 polliceque
1795 1340 1991 1395 super—
2091 1335 2243 1376 more
2275 1335 2376 1376 suo
2426 1320 2690 1385 adurens,
2723 1319 2876 1374 arida
2918 1320 3252 1387 reddiderat,
3304 1321 3464 1375 nulla
3514 1321 3773 1391 penitus

381 1413 629 1481 astricto,
671 1415 895 1468 modum
953 1414 1191 1484 aliquem
1246 1413 1433 1468 clauso
1482 1428 1667 1484 pugno
1700 1420 1989 1484 percutere
2092 1415 2290 1485 pluvia:
2321 1415 2562 1470 stillante
2595 1422 2748 1487 gutta
2804 1431 2902 1486 per
2949 1416 3158 1487 aliquot
3200 1417 3479 1488 temporis
3539 1416 3764 1487 Spatia.

381 1504 615 1559 valentis
670 1511 1051 1576 expresserat;
1107 1513 1164 1559 et
1203 1505 1302 1559 hac
1362 1504 1474 1559 fere
1530 1521 1629 1576 per
1675 1505 1993 1577 quinquen-
2093 1506 2264 1581 Igitur
2285 1507 2584 1577 incipiente
2614 1507 2776 1562 tertia
2806 1507 2983 1562 noctis
3002 1514 3178 1577 parte,
3201 1525 3324 1580 qua}
3349 1508 3762 1563 canticinium

384 1595 535 1650 nium
607 1594 864 1649 multatus
917 1593 1223 1657 debilitate,
1291 1594 1439 1648 nulla
1497 1595 1836 1650 medicorum
1887 1612 1992 1668 ope
2022 1605 2340 1691 Bvocatur,
2400 1599 2876 1670 perstrepentibus
2931 1598 3040 1653 illis
3092 1599 3187 1671 qui
3248 1600 3418 1671 primi
3478 1601 3768 1654 viderant

383 1687 627 1759 adjuvari
688 1687 883 1757 potuit.
934 1687 1099 1742 Porro
1150 1694 1417 1743 noverant
1466 1687 1614 1743 illius
1669 1689 1991 1745 convicanei
2022 1687 2060 1691 ’⁷
2098 1688 2281 1762 ignem
2313 1688 2562 1755 accendi,
2595 1687 2792 1760 vulgus
2822 1688 3096 1759 reliquum
3129 1689 3612 1761 expergefactum
3651 1699 3764 1745 ter-

384 1795 509 1835 eum
565 1779 685 1849 ipsa
765 1779 1217 1835 incommoditate
1295 1780 1389 1836 diu
1457 1781 1762 1836 detentum.
1826 1782 1996 1855 Igitur
2097 1775 2302 1831 rificam
2337 1776 2484 1831 illam
2528 1792 2720 1833 vocem
2770 1793 2894 1831 cum
2947 1777 3198 1832 horribili
3247 1779 3470 1833 ulutatu
3502 1794 3767 1833 concre-

384 1884 515 1924 cum
573 1868 790 1922 audiret
829 1868 1270 1938 praedicatorem,
1328 1870 1500 1925 Patris
1553 1871 1834 1927 Benedicti
1884 1873 1995 1927 vir-

2126 1865 2289 1931 »abat;
2333 1866 2408 1919 Ad
2436 1865 2617 1921 focum
2646 1865 2926 1932 videlicet,
2959 1866 3027 1921 ad
3072 1865 3290 1922 focum!
3333 1867 3459 1932 Quo
3490 1867 3757 1938 strepitu

386 1962 531 2011 tutes
578 1957 720 2010 inter
766 1956 872 2011 alia
915 1957 1342 2027 prmdicamenta
1381 1960 1587 2031 saepius
1615 1962 1994 2029 extollentem,
2098 1957 2260 2012 exciti
2292 1957 2511 2025 fratres,
2546 1957 2805 2029 linquunt
2835 1964 3056 2023 stratus,
3090 1957 3378 2013 basilicam
3409 1958 3761 2029 irrumpen-

386 2047 709 2119 videretque
750 2048 806 2102 in
848 2048 1141 2118 praesentia
1170 2057 1482 2106 sanctorum
1524 2052 1887 2123 quorumdam
1922 2055 2000 2125 pi-
2105 2056 2209 2104 tes.
2245 2050 2370 2105 Erat
2401 2056 2583 2105 autem
2617 2049 2810 2105 eadem
2852 2049 3082 2105 basilica
3112 2050 3184 2106 ob
3226 2050 3567 2122 paschalem
3605 2051 3758 2105 celes

388 2153 562 2210 gnora
591 2153 725 2193 auro
754 2137 985 2204 inclusa,
1020 2155 1143 2209 qua)
1169 2140 1237 2194 ad
1269 2140 1610 2199 excitandam
1633 2142 1809 2212 plebis
1833 2143 2004 2199 devo-
2107 2147 2359 2201 britatem
2395 2146 2785 2202 honestissime
2821 2145 3144 2202 llOlOSCt‘lClS
3192 2155 3496 2202 venustate
3534 2148 3762 2202 ornati-

389 2233 598 2288 tionem
631 2230 924 2301 przedictus
947 2229 1132 2299 frater,
1161 2247 1347 2287 secum
1379 2234 1669 2303 detulerat,
1703 2236 1890 2304 credo,
1920 2237 2006 2291 in-

390 2328 638 2399 spirante
687 2325 1083 2396 omnipotentis
1136 2327 1351 2383 Domini
1406 2330 1600 2402 gratia,
1643 2331 1736 2402 qui
1768 2331 1873 2387 sibi
1905 2332 2008 2387 hac

390 2417 688 2474 occasione
719 2416 971 2472 misereri
1002 2418 1372 2489 disposuerat,
1412 2436 1710 2478 conversus
1739 2424 1807 2479 ad
1837 2440 2004 2496 supe-

390 2509 503 2563 rius
531 2514 891 2563 memoratum
922 2506 1164 2577 fratrem,
1200 2509 1406 2581 inquit:
1435 2512 1624 2582 Spero,
1652 2515 1730 2568 mi
1768 2514 2000 2577 domine,

394 2605 443 2656 et
471 2601 601 2670 fides
632 2600 727 2654 hoc
764 2616 883 2655 mea
920 2604 1119 2656 certum
1166 2603 1318 2671 apud
1344 2618 1400 2658 se
1430 2606 1639 2671 retinet,
1672 2608 1930 2675 quoniam
1959 2609 2007 2661 si

394 2695 512 2748 istis
542 2696 710 2748 sacris
737 2695 1062 2764 pignoribus
1092 2711 1211 2765 quae
1248 2697 1307 2750 in
1332 2700 1589 2767 prcesenti
1609 2714 1790 2767 cerno,
1822 2704 2008 2757 manui

395 2800 520 2840 mem
544 2784 712 2839 debili
735 2785 993 2839 vexillum
1032 2787 1203 2841 crucis
1234 2788 1468 2841 exterius
1513 2789 1572 2842 in
1622 2791 1852 2845 circuitu
1879 2793 2008 2860 pin-

397 2879 561 2944 gatis,
586 2879 833 2933 invocato
863 2881 1071 2934 nomine
1097 2882 1276 2934 sancti
1303 2879 1460 2949 cujus
1497 2882 1699 2948 famuli
1725 2885 1872 2936 estis.
1906 2885 2008 2937 Be-

396 2966 597 3019 nedicti
615 2968 816 3033 Patris,
848 2968 1008 3036 pulsa
1038 2969 1332 3033 debilitate,
1362 2972 1617 3038 pristinae
1640 2972 1908 3026 reddatur
1922 2988 2007 3028 so-

397 3059 607 3124 spitati.
641 3056 836 3112 Audita
866 3058 962 3128 qui
993 3058 1244 3126 aderant,
1274 3060 1393 3129 ejus
1415 3061 1806 3131 postulatione,
1830 3069 1885 3117 et
1910 3063 2007 3117 ad-

398 3144 579 3199 mirati
611 3144 797 3209 ﬁdem,
846 3154 1035 3202 exorat
1085 3154 1140 3202 et
1190 3148 1328 3220 ipse,
1371 3166 1494 3222 quae
1527 3151 1837 3221 postulabat
1865 3152 2004 3208 ﬁeri.

402 3238 588 3293 Frater
610 3255 742 3295 vero
766 3246 820 3296 et
840 3239 978 3312 ipse,
1005 3240 1112 3296 fide
1134 3242 1497 3299 nihilominus
1518 3245 1735 3315 plenus,
1764 3244 2010 3302 conﬁsus

401 3329 471 3383 de
502 3335 811 3384 sanctarum
845 3331 1047 3386 virtute
1078 3331 1434 3404 reliquiarum
1481 3341 1535 3389 et
1570 3335 1783 3390 meritis
1815 3336 2007 3403 Patris,

403 3419 642 3489 acceptis
670 3426 981 3475 sanctorum
1024 3421 1371 3495 pignoribus,
1411 3440 1633 3478 manum
1668 3424 1909 3481 debilem
1945 3427 2006 3481 il-

407 3512 533 3581 lius,
589 3514 668 3569 uti
710 3523 1017 3587 rogaverat,
1073 3518 1231 3592 signo
1284 3519 1464 3574 crucis
1501 3520 1743 3575 exterius
1782 3520 2018 3576 circum-

407 3606 597 3664 cinxit.
656 3608 786 3671 Quae
835 3608 1124 3665 confestim
1184 3611 1367 3666 nervis
1404 3612 1695 3683 strepitum
1748 3613 2017 3687 grandem

408 3698 669 3754 dantibus
697 3700 987 3757 sanitatem
1020 3703 1229 3773 recepit
1255 3719 1320 3758 ex
1349 3703 1586 3779 integro,
1625 3705 1813 3780 digitis
1839 3706 2021 3762 omni-

408 3789 512 3843 bus
557 3805 680 3844 sese
730 3791 1093 3864 erigentibus.
1150 3792 1326 3865 Coepit
1374 3795 1561 3867 itaque
1605 3795 1752 3851 idem
1786 3797 2022 3853 rusticus

411 3877 616 3933 habere
644 3880 872 3935 liberam
906 3898 1152 3952 manum,
1207 3885 1299 3955 qui
1356 3884 1449 3939 diu
1481 3884 1747 3940 habuerat
1774 3885 2023 3941 inutilem

408 3968 759 4026 solummodo
792 3986 1056 4045 pugnum.
1122 3972 1323 4027 Videas
1359 3981 1540 4027 autem
1600 3973 1655 4028 in
1712 3990 1770 4029 se
1814 3981 2027 4031 tantum

410 4060 819 4130 omnipotentis.
852 4061 1068 4115 Domini
1117 4062 1489 4133 clementiam,
1548 4064 1600 4118 ei
1651 4080 1750 4136 pro
1785 4081 1945 4137 posse
1976 4067 2031 4125 et

406 4151 548 4207 scire
575 4150 848 4208 referebat
871 4154 1166 4227 gratiarum
1199 4155 1445 4211 actiones
1476 4172 1574 4227 pro
1605 4174 1704 4212 sua
1744 4160 2015 4216 reforma-

408 4244 578 4312 tione,
609 4260 780 4320 agens
811 4244 973 4301 etiam
1007 4253 1061 4301 et
1098 4247 1243 4301 Patri
1282 4248 1581 4304 Benedicto
1619 4257 1821 4323 grates,
1863 4253 2022 4321 cujus

2108 2239 2233 2307 bus,
2261 2239 2329 2294 ad
2361 2254 2500 2312 quos
2528 2238 2894 2310 deponendos
2952 2245 3005 2293 et
3047 2239 3100 2292 in
3131 2240 3548 2313 gazophylacio
3580 2255 3756 2311 repo-

2108 2332 2343 2399 nendos,
2375 2332 2636 2403 quoniam
2656 2348 2721 2386 ea
2751 2332 2951 2386 domus
2982 2330 3191 2387 fornice
3220 2331 3451 2402 lapideo
3490 2338 3755 2407 protege-

2106 2423 2267 2477 batur
2299 2422 2552 2492 juniores
2597 2422 2667 2476 de
2721 2421 2982 2476 fratribus
3044 2422 3296 2477 certatim
3340 2424 3753 2496 accinguntur.

2108 2512 2262 2577 Quod
2281 2514 2548 2570 citissime
2563 2512 2863 2587 peragitur,
2890 2512 3198 2568 aliisscalas
3220 2513 3612 2587 erigentibus,
3630 2514 3753 2568 aliis

2107 2624 2205 2679 per
2229 2607 2432 2680 gradus
2458 2622 2644 2660 earum
2668 2606 2737 2660 ad
2754 2604 2972 2680 fastigia
2994 2606 3170 2676 ipsius
3190 2605 3330 2661 aulai
3349 2607 3745 2673 evolautibus,

2107 2706 2161 2755 et
2178 2700 2328 2771 ipsos
2350 2704 2577 2753 ornatus
2598 2698 3034 2769 deponentibus,
3064 2698 3188 2753 aliis
3206 2714 3300 2753 eos
3333 2700 3387 2753 in
3408 2700 3685 2755 humeris
3700 2710 3747 2754 ct

2108 2793 2255 2848 ulnis
2281 2790 2732 2862 suscipientibus,
2765 2797 2819 2845 et
2872 2790 2939 2844 ad
2965 2790 3288 2860 jamdictum
3336 2801 3524 2846 tutum
3564 2792 3743 2848 locum

2109 2883 2509 2939 deferentibus.
2550 2883 2663 2938 Nec
2706 2883 2889 2938 minus
2945 2883 3210 2939 librorum
3252 2886 3747 2954 pernecessariam

2032 2996 2080 3062 ρ
2110 2973 2324 3043 cepiam
2356 2972 2611 3027 amittere
2651 2971 2794 3043 ignis
2834 2971 3098 3027 violentia
3136 2972 3634 3042 pertimescentes,
3662 2989 3753 3028 eo-

2109 3066 2233 3120 dem
2264 3063 2646 3138 congessimus
2679 3078 2801 3118 cum
2836 3071 3288 3119 testamentorum
3323 3070 3377 3117 et
3412 3064 3751 3139 privilegio-

2112 3170 2229 3209 rum
2256 3161 2567 3210 nostrorum
2592 3152 2888 3227 congerie;
2924 3151 3311 3208 metuebamus
3340 3152 3493 3207 enim
3528 3170 3609 3208 ne
3638 3166 3753 3209 tur-

2111 3248 2299 3315 ricula,
2331 3248 2387 3301 in
2437 3262 2543 3319 qua
2576 3246 2694 3301 haec
2729 3245 3016 3302 recondita
3055 3254 3237 3313 erant,
3272 3245 3487 3321 ignium
3529 3247 3749 3302 viribus

2109 3340 2502 3406 succumbens,
2545 3338 2601 3392 in
2643 3338 2856 3393 favillas
2896 3338 3257 3411 redigeretur,
3304 3353 3431 3392 cum
3476 3337 3633 3393 foret
3674 3341 3741 3393 ri-

2112 3447 2321 3485 marum
2354 3430 2536 3500 plena,
2568 3428 2841 3499 superiori
2882 3427 3140 3482 incendio
3184 3436 3542 3498 consumpta,
3588 3429 3739 3499 quod

2120 3520 2331 3576 domini
2375 3518 2591 3574 abbatis
2638 3516 2880 3571 Gauslini
2931 3517 3036 3587 (25)
3082 3524 3331 3586 tempore
3378 3515 3743 3572 Floriacense

2121 3611 2434 3668 coenobium
2456 3608 2853 3681 pessumdedit.
2884 3609 3044 3663 Porro
3070 3606 3390 3676 junioribus
3418 3607 3479 3661 in
3504 3608 3597 3662 his
3623 3627 3744 3680 quae

2124 3699 2542 3773 prmtaxavimus
2591 3697 2899 3768 occupatis,
2932 3696 3030 3768 qui
3071 3696 3446 3772 religiosiores
3496 3704 3554 3751 et
3589 3706 3747 3753 astate

2123 3791 2497 3865 provectiores
2544 3799 2720 3854 erant,
2751 3788 2927 3843 Patris
2962 3788 3298 3843 sanctissimi
3342 3789 3592 3860 glebam.
3642 3806 3747 3846 non

2124 3884 2303 3941 solum
2334 3881 2442 3947 his,
2471 3880 2572 3935 sed
2610 3879 2869 3935 omnibus
2905 3879 3055 3953 gazis
3096 3878 3295 3933 millies
3348 3880 3747 3950 pretiosiorem

2128 3971 2443 4045 supradicto
2466 3967 2860 4044 gazophylacio
2899 3967 3226 4034 intulerunt,
3258 3983 3381 4022 cum
3412 3973 3747 4023 caeterorum

2133 4065 2462 4143 pignoribus
2508 4069 2842 4129 sanctorum,
2900 4060 2994 4132 qui
3039 4061 3095 4114 in
3149 4061 3344 4116 eadem
3376 4062 3749 4133 quiescebant

2119 4157 2377 4218 ecclesia.
2407 4154 2637 4219 Quidam
2681 4158 2862 4206 autem
2904 4149 3261 4205 sacratissimi
3305 4150 3563 4220 martyris
3596 4151 3745 4207 Man-

2122 4254 2166 4309 ri
2208 4249 2457 4307 membra
2512 4260 2844 4317 aureamque
2887 4243 3131 4298 dextram
3176 4244 3282 4313 (26)
3333 4242 3388 4296 in
3448 4262 3561 4314 qua
3621 4263 3745 4316 pars

410 4334 619 4390 meritis
650 4351 773 4390 sese
825 4335 1054 4391 salutem
1098 4346 1456 4392 consecutum
1490 4337 1867 4408 proﬁtebatur.
1910 4341 2021 4397 Nec
2048 4357 2098 4425 ι)
2122 4342 2336 4400 Domini
2376 4338 2585 4395 sudarii
2634 4337 2869 4393 habetur
2905 4336 3140 4403 inclusa,
3188 4346 3538 4391 assumentes
3603 4338 3745 4393 foras

412 4426 596 4480 minus
633 4440 849 4495 omnes,
882 4426 976 4498 qui
1029 4427 1085 4481 in
1125 4427 1377 4482 eamdem
1419 4428 1711 4483 ecclesiam
1744 4445 2021 4486 convene-

415 4529 556 4587 rant,
579 4520 887 4577 diutissime
908 4522 1165 4577 laudibus
1189 4522 1882 4594 Redemptorisimmorati,
1899 4526 2023 4597 qui-

415 4611 519 4666 bus
545 4611 805 4667 valebant
824 4613 1098 4680 laudibus,
1126 4613 1246 4682 ejus
1274 4613 1610 4673 extollebant
1630 4616 1908 4689 magualia
1929 4616 2023 4688 qui

415 4703 470 4757 in
504 4704 709 4759 sanctis
727 4704 843 4760 suis
873 4711 956 4760 est
985 4704 1195 4775 ubique
1222 4705 1492 4760 mirabilis
1522 4707 1684 4776 (Psal.
1724 4724 1862 4762 van
1915 4709 2023 4775 36).

486 4796 611 4851 CAP.
656 4797 857 4851 XXVII.
908 4828 976 4838 —-
1026 4797 1187 4853 Anno
1229 4797 1367 4854 1095
1414 4800 1722 4854 incendium
1770 4802 2022 4855 Floriaci.

413 4888 743 4943 Bibliotheca
796 4893 848 4944 et
883 4889 1083 4943 chartae
1109 4893 1352 4944 servatae.
1407 4890 1610 4945 Christi
1656 4891 1943 4945 sudo-rium
1978 4895 2027 4946 et

414 4984 539 5039 alia:
564 4985 812 5055 reliquiae
844 4986 1076 5054 ﬂammis
1096 4985 1326 5055 objectis.
1360 4986 1676 5041 Incendium
1699 5002 2002 5056 repressum

415 5079 572 5135 Anno
611 5080 680 5134 ab
736 5080 1118 5136 lncarnatione
1171 5079 1387 5137 Domini
1429 5079 1726 5137 millesimo
1776 5097 2025 5157 nonage-

416 5171 557 5228 simo
583 5172 799 5244 quinto,
833 5171 1053 5228 ﬂamma
1081 5173 1293 5229 voracis
1325 5172 1469 5248 ignis
1501 5172 1792 5228 maximam
1826 5173 2027 5230 Floria-

490 5349 602 5421 (25)
642 5348 733 5406 Sic
772 5347 1092 5422 legendum,
1150 5358 1246 5422 aut
1290 5349 1561 5416 Gauzlini,
1616 5349 1774 5420 cujus
1815 5350 2029 5407 abbatis

419 5420 667 5495 tempore
699 5420 1017 5495 incendium
1048 5421 1279 5495 contigit
1309 5422 1646 5493 descriptum
1676 5422 1744 5477 ab
1777 5423 2027 5480 Aimoino

419 5507 584 5563 supra
614 5492 670 5563 in
702 5493 797 5547 lib.
834 5508 895 5558 ιι,
921 5508 1044 5563 cap.
1076 5493 1161 5549 19.

465 5562 596 5637 ’(Ξᾷ)
629 5562 762 5637 Hinc
793 5578 891 5632 pro
924 5562 1237 5637 insignibus
1283 5564 1650 5637 Floriacensis
1709 5567 2030 5622 monasterii

425 5630 669 5702 pingitur
730 5630 919 5687 dextra
973 5630 1124 5690 more
1180 5635 1560 5692 benedicentis
1631 5645 1850 5694 extenta
1907 5654 2030 5694 cum

2124 4435 2440 4493 extulerunt
2480 4430 2739 4486 incendio
2789 4435 3159 4501 Opponentes.
3215 4428 3320 4483 Sed
3366 4429 3498 4483 dum
3531 4446 3744 4503 nequa-

2125 4542 2290 4600 quam
2323 4523 2467 4597 ignis
2505 4523 2732 4578 odorem
2775 4521 3051 4575 sustinere
3084 4518 3352 4581 valerent,
3394 4518 3538 4573 infra
3566 4522 3743 4574 ambi-

2126 4624 2240 4672 tum
2273 4614 2437 4670 castri
2466 4628 2589 4667 sese
2618 4610 2975 4682 recipientes,
3018 4624 3252 4664 ascenso
3282 4624 3436 4664 muro
3472 4610 3740 4679 implora-

2128 4710 2260 4764 bant
2289 4706 2505 4763 Domini
2536 4704 2821 4772 auxilium,
2848 4702 3121 4774 Oppositis
3152 4702 3518 4757 nihilominus
3548 4703 3740 4758 incen-

2125 4799 2217 4854 dio
2245 4797 2417 4853 sacris
2446 4794 2789 4869 pignoribus.
2840 4791 3209 4848 .loscerandus
3245 4808 3377 4847 vero
3410 4792 3589 4847 beatae
3622 4810 3736 4848 me-

2126 4888 2316 4945 moria:
2362 4888 2466 4955 vir,
2520 4885 2613 4958 qui
2664 4900 2731 4940 eo
2764 4891 3013 4955 tempore
3064 4882 3279 4937 abbatis
3332 4881 3436 4951 (27)
3498 4882 3735 4939 ofﬁcium

2126 4982 2272 5054 apud
2333 4980 2636 5037 Floriacum
2684 4987 2912 5035 strenue
2968 4978 3394 5050 exsequebatur,
3448 4978 3739 5049 assumptis

2125 5092 2311 5132 secum
2367 5074 2558 5147 paucis
2585 5073 2843 5129 fratribus
2870 5089 2995 5128 cum
3053 5071 3263 5144 pueris,
3293 5070 3390 5142 qui
3430 5070 3621 5126 adhuc
3648 5072 3739 5126 sub

2126 5169 2382 5228 arctioris
2415 5168 2725 5241 disciplinae
2782 5166 3035 5224 custodia
3078 5164 3437 5232 tenebantur,
3471 5165 3744 5222 domicilia

2129 5353 2238 5427 hoc
2275 5352 2484 5427 elogio:
2538 5351 2784 5407 Duram
2830 5351 3054 5412 Donum.
3104 5357 3164 5404 ut
3209 5346 3421 5403 notavit
3455 5347 3747 5404 Joannesa

2129 5425 2326 5574 BjJtsﬁcﬁ.
2357 5495 2496 5574 ﬂuic
2547 5509 2657 5574 non
2699 5493 2872 5574 multo
2919 5501 3042 5574 post
3094 5490 3364 5574 successit
3396 5490 3615 5574 $ipwn,
3648 5508 3745 5574 quo

2132 5561 2332 5694 abblage
2355 5566 2633 5649 :I‘ortarius
2663 5561 2962 5622 scribebat.
3006 5565 3146 5638 Lege
3170 5571 3330 5620 notas
3355 5562 3426 5618 ad
3455 5561 3626 5619 tinem
3655 5561 3742 5619 liu-

2128 5654 2218 5708 jus
2262 5656 2278 5694 ι
2324 5655 2390 5696 r1.
