3932 6040
186 231 333 288 1217

1351 216 1690 275 MIBACULA
1725 211 1954 272 SANCTI
1995 214 2359 278 BENEDICTI.

3377 235 3518 296 1218

191 365 446 437 ejusdem
503 359 744 418 coenobii
783 370 960 429 usque
1001 353 1070 410 ad
1101 367 1354 410 auroram
1408 347 1806 423 circumeundo
1829 350 1886 420 Α
1909 348 2070 405 stitus
2100 355 2449 425 necessaria;
2492 373 2674 432 neque
2705 361 2854 417 enim
2895 362 2966 420 de
3005 379 3227 422 suorum
3253 369 3518 429 reforma-

190 455 418 513 litanias
456 451 674 526 agebat,
703 445 980 520 protensis
1009 443 1065 498 in
1110 442 1310 498 malum
1364 441 1641 506 manibus,
1693 454 1810 494 cre-

187 549 348 604 brius
383 547 573 614 Kyrie,
600 543 794 598 eleison
824 538 1148 594 inclamans.
1184 537 1402 591 Interea
1449 532 1594 606 ignis
1628 531 1812 604 paula-

190 639 292 694 tim
314 651 444 692 suas
466 635 523 689 in
551 631 732 701 majus
761 625 1170 701 augmentando
1201 625 1368 694 vires,
1400 621 1646 694 depastis
1672 619 1810 676 aedi-

190 729 324 797 bus,
351 743 492 800 quas
519 741 550 780 a
583 730 734 795 parte
765 717 1161 792 septentrionis
1189 722 1344 772 extra
1369 715 1552 771 villam
1585 708 1810 784 depasci

191 820 376 893 primo
425 823 688 888 cmperat,
729 811 956 866 ﬂatibus
995 808 1272 882 aquilonis
1309 806 1404 880 qui
1451 805 1812 862 vehementer

189 892 366 963 flabat
432 903 722 976 impulsus,
782 899 1073 956 ecclesiam
1139 897 1324 952 Sancti
1375 893 1621 966 Dionysii
1673 892 1808 964 (28),

189 1015 320 1073 quae
367 997 482 1054 fere
527 995 583 1050 in
622 991 807 1048 medio
845 989 1025 1062 ipsius
1052 986 1197 1044 villa;
1225 985 1333 1042 sita
1383 991 1522 1052 erat,
1562 982 1810 1055 corripit.

195 1091 490 1146 Enimvero
519 1085 718 1143 exinde
747 1082 906 1156 quasi
931 1097 998 1137 ex
1031 1077 1382 1136 eminentiori
1413 1077 1558 1144 loco,
1584 1074 1814 1132 liberio-

192 1181 351 1236 ribus
393 1175 627 1234 saltibus
655 1171 946 1236 admissus,
999 1169 1428 1239 circumquaque
1468 1163 1811 1230 diffunditur,

194 1274 278 1329 ita
306 1279 367 1327 ut
395 1269 564 1326 etiam
597 1263 914 1332 toreularia,
937 1277 1062 1334 quae
1091 1261 1147 1315 in
1169 1259 1370 1316 vinetis
1397 1265 1619 1314 centum
1643 1255 1814 1311 ferme

196 1366 456 1440 passibus
494 1361 716 1437 longius
779 1358 1029 1426 aberant,
1085 1355 1451 1411 combureret.
1493 1352 1618 1407 Erat
1681 1363 1810 1405 vero

198 1467 386 1515 tantus
425 1456 545 1526 ejus
595 1451 840 1524 crepitus
882 1456 944 1505 ut
973 1462 1168 1504 omnes
1201 1445 1492 1501 audientes
1521 1443 1687 1499 corde
1716 1457 1818 1513 pa-

198 1555 416 1616 verent,
450 1547 536 1604 vix
567 1552 712 1601 stare
761 1542 1034 1605 valentes,
1085 1537 1369 1611 quatiente
1399 1551 1588 1592 eorum
1638 1549 1820 1606 genua

201 1643 444 1691 tremore
466 1633 658 1688 nimio.
687 1630 838 1686 Tunc
867 1628 1114 1700 denique
1144 1642 1339 1682 omnes
1367 1623 1564 1698 ingens
1589 1619 1821 1692 arripuit

203 1674 444 1691 ..ι...ν.υ
697 1674 838 1686 -..ην
869 1674 1113 1700 ηψπ--
1148 1674 1336 1682 -.-----_
1369 1674 1561 1698 __,,-_-
1750 1674 1772 1676 ψ

200 1723 369 1778 timor
423 1721 642 1790 fratres,
703 1722 996 1776 cernentes
1061 1715 1334 1772 carbones
1384 1712 1574 1786 ignitis
1625 1674 1896 1765 mistosB

199 1813 462 1870 scintillis
489 1829 659 1884 super
695 1807 1118 1876 monasterium,
1151 1806 1300 1879 quod
1331 1804 1537 1876 stipula
1564 1811 1818 1875 opertum

198 1914 339 1973 erat,
385 1905 606 1972 cadere,
638 1907 952 1958 metuentes
979 1915 1049 1954 ne
1075 1897 1178 1954 sub
1219 1912 1331 1953 uno
1360 1903 1641 1952 momento
1673 1909 1818 1950 cun-

193 2009 282 2057 cta
311 2015 502 2056 eorum
529 1997 844 2053 habitacula
873 2009 940 2050 eo
981 1993 1110 2068 igne
1150 1999 1628 2049 consumerentur.
1664 1989 1816 2044 Idem

200 2092 445 2164 denique
475 2089 890 2150 monasterium,
935 2085 1084 2158 quod
1134 2083 1391 2156 superius
1421 2083 1668 2138 innovari
1708 2097 1822 2137 coe-

201 2194 358 2258 ptum
405 2184 663 2247 diximus,
697 2181 960 2255 quoniam
991 2179 1171 2235 adhuc
1216 2177 1600 2250 imperfectum
1632 2192 1824 2232 mane-

203 2281 319 2347 bat,
369 2278 576 2351 stipula
623 2275 930 2349 tegebatur.
965 2273 1208 2328 Tandem
1262 2287 1394 2346 ergo
1426 2270 1674 2343 placatus
1703 2269 1824 2326 Sal-

203 2379 383 2435 vator,
433 2378 494 2426 ut
521 2368 820 2436 credimus,
851 2382 966 2422 sua:
1005 2364 1262 2439 gloriosae
1292 2362 1508 2418 meritis
1534 2361 1825 2418 Genitricis

207 2467 496 2538 Patrisque
527 2461 838 2528 Benedicti,
883 2475 988 2516 nec
1012 2475 1123 2516 non
1163 2474 1336 2530 supra
1374 2456 1662 2513 memorati
1695 2454 1822 2512 reli-

207 2559 348 2635 giosi
397 2557 500 2614 viri
539 2553 814 2627 precibus,
862 2551 1078 2608 induxit
1127 2549 1357 2606 africum
1409 2549 1821 2614 vehementem,

211 2646 308 2720 qui
335 2661 401 2702 ex
429 2645 658 2716 obliquo
688 2641 852 2710 ﬂans,
884 2639 1200 2712 aquilonem
1233 2655 1264 2692 a
1292 2637 1612 2694 monasterii
1644 2635 1824 2691 ambi-

213 2743 270 2790 tu
300 2733 522 2804 penitus
548 2729 867 2786 excluderet
895 2737 950 2783 et
988 2743 1221 2800 vapores
1255 2725 1522 2790 incendii,
1558 2741 1697 2798 quos
1727 2723 1822 2780 ille

213 2823 332 2879 suis
361 2821 682 2893 impellebat
707 2818 948 2884 ﬂatibus,
989 2817 1059 2874 ab
1108 2833 1174 2873 eo
1219 2815 1559 2873 omnimodis
1589 2821 1820 2872 arceret.

214 2917 384 2982 Quam
431 2911 839 2968 miserationem
871 2908 1277 2981 Omnipotentis
1314 2913 1624 2975 cernentes,
1674 2913 1826 2962 retu-

213 3014 377 3068 limus
416 3027 515 3084 pro
550 3025 714 3083 posse
741 3009 861 3079 ejus
891 3009 1176 3063 immensae
1197 3005 1502 3062 clementiae
1531 3004 1830 3079 gratiarum

213 3105 480 3170 actiones,
513 3101 607 3174 qui
637 3117 740 3158 nos
771 3117 802 3156 a
830 3107 938 3156 tam
987 3099 1214 3154 immani
1252 3097 1534 3169 eripuerat
1558 3097 1832 3168 periculo.

215 3191 466 3264 Denique
512 3192 692 3246 donec
741 3206 906 3246 omne
955 3189 1089 3244 illud
1157 3187 1479 3244 incendium
1537 3186 1834 3256 sopiretur,

218 3297 332 3338 non
378 3279 613 3336 cessavit
649 3279 794 3334 idem
844 3285 1046 3334 ventus
1076 3276 1209 3331 ﬂare
1255 3274 1663 3331 vehementius.
1711 3274 1839 3329 Per-

221 3373 438 3430 duravit
487 3380 672 3428 autem
719 3371 866 3426 idem
901 3369 1218 3426 incendium
1259 3367 1676 3436 debacchando,
1709 3381 1840 3439 pes-

221 3465 489 3522 sumdans
527 3463 954 3520 Floriacensium
996 3461 1164 3530 aedes,
1197 3476 1322 3516 cum
1353 3459 1439 3515 his
1468 3475 1590 3532 quae
1619 3458 1677 3514 in
1705 3457 1840 3530 ipsis

224 3562 431 3634 reperit
469 3558 748 3616 alimentis
793 3564 849 3614 et
901 3557 1149 3612 vestibus
1197 3562 1252 3612 et
1289 3555 1440 3610 varia
1486 3553 1839 3626 supellectili,

225 3656 294 3711 ab
327 3655 461 3712 hora
493 3653 673 3710 noctis
704 3650 865 3708 tertia
912 3666 1088 3722 usque
1120 3648 1357 3720 primam
1413 3645 1701 3718 sequentis
1731 3645 1842 3702 diei

228 3747 420 3802 horam
462 3745 761 3800 devastans
791 3739 977 3798 omnia
1018 3755 1050 3794 a
1083 3743 1240 3810 porta
1277 3736 1694 3809 septentrionali
1721 3751 1848 3792 ver-

229 3856 324 3896 sus
349 3839 623 3896 orientem
651 3852 830 3908 usque
861 3835 917 3890 in
945 3841 1158 3907 portam
1187 3832 1509 3897 australem,
1539 3831 1733 3904 paucis
1763 3846 1851 3886 re-

236 3930 410 3985 siduis
463 3928 723 3986 domibus
772 3927 843 3983 ad
891 3925 1026 3984 solis
1069 3933 1272 3994 ortum,
1313 3939 1437 3996 quae
1475 3929 1628 3980 extra
1663 3921 1848 3978 villam

235 4023 414 4073 erant.

309 4106 436 4161 CAP.
502 4105 732 4160 XXVIII.
778 4135 849 4145 —
907 4105 1056 4164 Greca
1107 4105 1282 4160 lumen
1334 4104 1545 4173 recipit.
1597 4101 1854 4167 Quaedam

240 4198 578 4272 paupercula
605 4213 765 4267 anus,
791 4196 861 4252 ab
891 4195 1094 4271 ignotis
1124 4195 1286 4252 nobis
1305 4193 1511 4251 ﬁnibus
1539 4193 1852 4268 egrediens,

244 4291 549 4348 Floriacum
600 4289 828 4346 fortuito
861 4304 992 4344 casu
1021 4288 1266 4344 ostiatim
1303 4289 1509 4344 victum
1549 4287 1854 4361 quaeritan-

245 4381 316 4438 do
342 4379 594 4454 contigit.
649 4378 772 4434 Haec
797 4377 892 4432 diu
935 4377 992 4432 in
1022 4376 1268 4433 caecitate
1314 4376 1620 4448 perdurans
1671 4372 1858 4428 fundi-

245 4481 331 4530 tus
383 4488 540 4545 spem
573 4469 940 4542 recuperandi
991 4467 1252 4524 amiserat
1299 4467 1470 4523 visus.
1521 4467 1651 4532 Quae
1683 4481 1857 4521 manu

245 4565 466 4622 sinistra
491 4563 725 4636 puerulo
754 4563 900 4630 data,
941 4561 1051 4617 iter
1088 4559 1372 4632 carpebat,
1406 4560 1634 4616 dextera
1678 4558 1854 4615 bacu-

248 4659 359 4714 lum
389 4657 569 4733 gratia
597 4655 1020 4712 sustentationis
1043 4659 1288 4728 gestans.
1324 4653 1578 4724 lngressa
1607 4666 1739 4726 ergo
1765 4650 1863 4705 Dei

251 4749 541 4806 Genitricis
575 4747 778 4816 aulam,
821 4761 970 4819 pone
1014 4745 1311 4820 imaginem
1363 4742 1534 4798 nostri
1569 4742 1866 4798 Salvatoris

253 4847 481 4912 argento
521 4835 770 4892 radiante
799 4835 1077 4900 vestitam,
1113 4847 1398 4904 aureoque
1425 4831 1657 4903 pulchre
1687 4829 1866 4886 nitore

253 4929 678 4997 interstinctam,
705 4927 801 4983 ubi
833 4943 899 4983 eo
940 4933 1194 4998 tempore
1231 4922 1534 4981 beatissimi
1568 4922 1744 4978 Patris
1771 4938 1866 4978 ve-

253 5019 503 5075 neranda
559 5015 923 5091 quiescebant
967 5013 1236 5082 membra,
1276 5029 1443 5069 causa
1495 5010 1871 5068 innovationis

257 5115 508 5188 ejusdem
560 5113 698 5169 aulae
753 5112 1036 5176 translata,
1083 5108 1304 5165 anicula
1342 5108 1435 5164 illa
1463 5107 1593 5164 dum
1642 5107 1870 5163 ductore

257 5209 518 5265 ductante
546 5207 753 5263 ibidem
787 5205 1100 5272 restitisset,
1121 5217 1336 5259 memor
1363 5201 1600 5274 propriae
1622 5217 1866 5274 pauper-

260 5298 405 5368 tatis,
446 5296 707 5354 exorabat
743 5295 950 5351 Patrem
987 5299 1260 5359 sanctum,
1301 5298 1362 5346 ut
1399 5291 1520 5360 ejus
1548 5289 1869 5364 suﬁ'ragare-

263 5399 348 5446 tur
379 5390 602 5461 inepiae,
639 5385 1048 5460 suppeditando
1073 5383 1332 5440 videlicet
1357 5381 1461 5438 sibi
1493 5382 1668 5438 victus
1693 5389 1750 5438 et
1770 5397 1869 5437 ve-

334 5549 447 5621 (28)
469 5551 544 5604 De
585 5550 686 5604 hac
721 5547 957 5621 ecclesia
983 5547 1104 5621 lege
1128 5543 1329 5621 librum
1376 5541 1446 5621 de
1470 5543 1590 5599 Vita
1617 5541 1864 5621 Retberti

267 5612 666 5696 regis'auctore
698 5612 1298 5696 Helgaldoum'onacho,
1324 5615 1420 5688 qui
1441 5631 1572 5696 eam
1597 5613 1778 5696 primo
1807 5612 1872 5695 li-

266 5684 490 5768 gn'éam,
518 5699 572 5750 et
609 5697 734 5764 post
779 5684 1098 5748 incendium
1130 5684 1406 5760 lapideam
1435 5684 1871 5744 fecithcclesia

1881 4517 1941 4586 D

1911 441 2062 498 tione
2085 443 2374 512 luminum,
2407 449 2479 504 de
2507 467 2618 522 qua
2634 452 2748 523 jam
2775 453 3188 526 desperaverat,
3212 461 3517 519 orationem

1913 532 2143 625 fundere
2172 541 2560 608 praesumebat.
2599 543 2706 598 Sed
2735 545 2862 616 pius
2890 545 3070 611 Pater,
3097 549 3192 621 qui
3222 557 3518 625 utrumque

1910 619 2349 713 largiripoterat,
2382 630 2530 700 quod
2561 633 2745 702 potius
2771 641 2887 691 erat
2905 619 3203 708 concessit,
3236 619 3518 713 quoniam,

1911 708 2216 768 luminibus
2255 717 2540 787 restitutis,
2575 717 2789 778 facilius
2819 722 2944 794 ipsa
2981 725 3088 780 sibi
3113 708 3404 796 procurare
3424 708 3516 788 va;

1911 799 2050 856 leret
2088 810 2301 862 cmtera.
2353 807 2426 862 Ex
2481 809 2763 882 insperato
2811 813 2980 888 igitur
3031 817 3252 888 repulsa
3281 820 3524 878 caecitate

1911 892 2293 986 cmpitlumen
2325 899 2449 954 οωιὶ
2481 900 2632 958 clare
2663 904 3010 975 conspicere,
3042 923 3148 964 nec
3171 911 3386 968 modice
3424 930 3526 986 ga-

1912 981 2050 1050 visa,
2092 983 2267 1040 Patris
2300 988 2634 1044 sanctissimi
2666 993 2862 1048 merita
2895 994 3020 1050 totis
3059 995 3321 1054 afferebat
3356 981 3525 1058 animi

1915 1076 2228 1144 praeconiis,
2245 1095 2345 1149 per
2366 1096 2531 1152 quem
2564 1083 2686 1154 ejus
2717 1085 2924 1142 lumina
2952 1099 3277 1159 receperant
3296 1110 3528 1150 munera

1915 1160 2066 1218 lucis.
2105 1163 2398 1223 Referebat
2435 1179 2621 1226 autem
2653 1176 2944 1244 quemdam
2971 1176 3081 1232 sibi
3124 1181 3388 1254 astitisse,
3428 1183 3524 1255 qui

1914 1255 2137 1307 tenuem
2177 1270 2301 1326 quae
2327 1257 2450 1328 ejus
2475 1259 2717 1331 pupillas
2745 1271 2974 1332 texerat,
3017 1267 3331 1336 pelliculam
3369 1279 3528 1328 acuta

1916 1341 2196 1400 incidebat
2225 1351 2512 1420 novacula,
2538 1368 2647 1424 qua
2670 1354 2864 1427 utique
2888 1357 3082 1427 incisa,
3115 1360 3408 1419 confestim
3441 1364 3525 1421 Iu-

1918 1451 2045 1491 men
2073 1437 2394 1510 recipiebat.

1917 1531 1928 1543 '
1992 1529 2115 1586 CAP.
2167 1531 2342 1586 XXIX.
2403 1565 2472 1576 —
2528 1541 2890 1596 Dcemoniacus
2955 1542 3234 1602 liberatus.
3297 1545 3527 1610 Quidam

1919 1621 2116 1677 mediae
2161 1625 2338 1681 astatis
2369 1627 2558 1694 homo,
2614 1647 2876 1702 pervasus
2926 1634 2995 1688 ab
3048 1635 3273 1692 humani
3311 1639 3532 1711 generis

1919 1711 2258 1781 adversario,
2309 1715 2470 1788 ineps
2521 1721 2723 1775 mentis
2763 1721 2938 1778 factus
2991 1725 3310 1795 perdiderat
3363 1729 3532 1784 totius

1917 1801 2175 1858 acumina
2198 1819 2414 1860 sensus.
2457 1806 2555 1862 Hic
2575 1823 2606 1862 a
2628 1809 2894 1879 proximis
2923 1811 3026 1866 sibi
3050 1816 3322 1888 sanguine
3341 1818 3536 1873 arctis.

1918 1891 2078 1948 simis
2113 1895 2370 1951 astrictus
2421 1897 2572 1962 loris,
2623 1900 2692 1955 ad
2751 1902 3172 1960 celeberrimum
3215 1905 3387 1964 Patris
3427 1910 3532 1965 ad-

1921 1987 2120 2044 ductus
2163 1992 2458 2060 tumulum,
2508 1994 2655 2050 diem
2700 1996 2773 2051 ibi
2817 2000 3084 2074 transegit
3115 2000 3538 2076 integrum,ad-

1921 2089 2152 2136 nectens
2178 2082 2288 2138 diei
2311 2091 2366 2138 et
2407 2091 2626 2141 noctem
2657 2087 2996 2163 contiguam.
3037 2091 3206 2156 Quam
3248 2093 3378 2150 dum
3409 2096 3538 2170 vigil

1927 2181 2324 2243 pernoctasset,
2357 2175 2716 2235 illucescente
2761 2181 3047 2252 sequentis
3075 2183 3184 2238 diei
3213 2187 3539 2257 crepuscqu

1927 2266 2137 2321 nullum
2189 2267 2442 2324 sanitatis
2495 2272 2749 2342 expetita:
2811 2273 3078 2330 indicium
3131 2279 3434 2349 apparebat
3481 2280 3538 2335 in

1925 2355 2042 2425 illo,
2078 2364 2369 2430 torquente
2395 2361 2490 2433 qui
2525 2378 2652 2418 eum
2685 2374 3020 2436 pervaserat,
3051 2368 3394 2426 incessanter
3422 2371 3542 2427 daa-

1922 2464 2108 2506 mone.
2135 2451 2394 2524 :Denique
2424 2455 2654 2510 terribili
2687 2473 3048 2532 quoscunque
3077 2462 3540 2535 appropinquan-

1927 2545 2010 2600 tes
2032 2545 2136 2601 sibi
2161 2556 2388 2618 aspectu
2409 2549 2657 2619 intuens,
2685 2551 2730 2606 si
2762 2555 3093 2624 permissum
3127 2555 3342 2626 fuisset,
3371 2558 3538 2614 etiam

1923 2639 2184 2695 dentibus
2245 2655 2400 2697 more
2453 2643 2653 2699 canino
2726 2645 3048 2714 lacerasset,
3113 2648 3398 2718 frendens,
3464 2658 3542 2718 et,

1924 2741 2193 2808 quantum
2225 2737 2451 2805 licebat,
2493 2739 2755 2810 impetum
2814 2741 2868 2796 in
2899 2758 2996 2798 eos
3037 2742 3269 2799 faciens.
3317 2744 3448 2810 Sed,
3483 2752 3545 2802 ut

1925 2825 2183 2889 diximus,
2219 2825 2355 2882 diris
2383 2825 2585 2900 ligatus
2636 2829 2892 2898 vinculis,
2932 2847 3284 2905 nequaquam
3318 2834 3548 2890 sibimet

1930 2916 2015 2972 vel
2064 2916 2227 2972 alicui
2281 2919 2634 2991 apprOpianti
2694 2921 2900 2993 aliquid
2961 2923 3167 2980 inferre
3216 2926 3550 2997 praevalebat

1933 3010 2139 3064 damni.
2175 3010 2381 3066 Edehat
2409 3027 2540 3068 vero
2563 3028 2658 3068 ore
2675 3029 2845 3070 sonos
2885 3015 3173 3072 horrificos
3197 3024 3252 3072 et
3288 3017 3548 3074 incondi-

1937 3106 2043 3167 tos,
2090 3098 2325 3172 loquens
2371 3101 2538 3156 etiam
2582 3102 2821 3159 nefanda
2877 3111 2932 3160 et
2970 3107 3311 3162 exsecranda
3355 3106 3544 3162 verba.

1937 3187 2204 3253 Quoniam
2237 3196 2418 3245 autem
2455 3191 2604 3247 idem
2633 3209 3044 3268 energumenus
3080 3211 3180 3266 pro
3207 3197 3388 3251 salute
3425 3211 3548 3262 sua,

1939 3280 2025 3334 sui
2085 3280 2262 3350 ipsius
2300 3281 2500 3353 impos.
2561 3283 2878 3340 nullatenus
2927 3287 3256 3342 meminerat
3297 3301 3547 3354 exorare,

1939 3381 2052 3423 non
2086 3368 2262 3424 solum
2317 3369 2410 3442 qui
2450 3369 2605 3425 illum
2655 3372 3017 3440 adduxerant,
3076 3373 3174 3429 sed
3234 3375 3552 3447 quicunque

1941 3458 2231 3515 ecclesiam
2270 3460 2327 3515 in
2355 3477 2464 3534 qua
2509 3468 2644 3529 erat,
2689 3463 2990 3532 intrabant,
3039 3480 3138 3537 pro
3187 3481 3255 3521 eo
3286 3466 3550 3538 omnipo-

1941 3552 2079 3606 tenti
2117 3553 2373 3619 Domino,
2401 3560 2462 3609 ut
2499 3562 2822 3626 competens
2850 3555 3048 3626 fuerat,
3089 3557 3396 3614 orationem
3426 3557 3553 3613 fun-

1944 3640 2169 3696 debant.
2205 3640 2322 3706 Quo
2368 3641 2570 3698 factum
2611 3652 2695 3699 est
2741 3649 2802 3699 ut
2830 3645 3111 3702 mediante
3138 3647 3274 3702 hora
3327 3647 3438 3702 diei
3465 3663 3558 3704 se-

1946 3732 2148 3798 cunda,
2189 3731 2510 3788 terribiliter
2537 3733 2871 3802 exclamans,
2903 3742 3166 3808 tanquam
3215 3737 3398 3794 valido
3437 3753 3562 3810 per-

1949 3840 2146 3882 cussus
2175 3825 2305 3894 ictu,
2335 3825 2390 3880 in
2425 3833 2622 3882 terram
2666 3837 2947 3883 corrueret
2977 3829 3292 3900 resupinus.
3343 3830 3564 3885 Extem-

1954 3913 2048 3986 plo
2078 3915 2262 3986 itaque
2290 3916 2566 3973 daemonio
2591 3925 2856 3993 purgatus
2874 3917 3126 3990 expulso,
3157 3934 3387 3991 compos
3405 3935 3567 3974 men-

1956 4003 2050 4072 tis,
2091 4004 2268 4061 tactus
2295 4005 2735 4078 omnipotentem
2767 4007 3085 4082 magniﬁcat
3120 4008 3435 4075 Dominum,
3471 4007 3567 4080 qui

1955 4109 2016 4150 se
2037 4110 2068 4150 a
2091 4094 2328 4166 pessimo
2357 4096 2514 4152 hoste
2539 4096 2870 4168 captivatum
2905 4113 3006 4169 per
3033 4097 3413 4154 beatissimum
3459 4098 3567 4152 Pa-

1957 4193 2096 4242 trem
2125 4187 2439 4244 reddiderat
2465 4189 2720 4246 liberum.
2777 4189 3097 4246 Confectum
3123 4189 3319 4246 fratres
3345 4191 3442 4262 qui
3468 4188 3536 4244 ad
3553 4215 3574 4228 -

1957 4288 2116 4336 erant
2145 4281 2202 4336 in
2247 4282 2369 4352 ejus
2407 4283 2763 4351 liberatione,
2797 4284 3014 4340 caeteris
3058 4284 3114 4338 in
3145 4285 3390 4355 capitulo
3431 4285 3570 4340 resi-

1959 4371 2243 4440 dentibus,
2297 4372 2550 4428 nuntiare
2584 4381 2950 4445 preperarunt
2989 4373 3305 4444 hujusmodi
3337 4373 3572 4430 miracu-

1961 4465 2073 4522 lum
2129 4483 2233 4538 per
2297 4467 2672 4523 venerabilem
2726 4467 2939 4524 Patrem
2996 4474 3287 4540 patratum.
3322 4466 3422 4534 Qui
3452 4483 3576 4524 mox

1963 4555 2096 4612 inde
2113 4562 2427 4632 surgentes,
2481 4555 2716 4630 ingressi
2757 4557 3054 4613 oratorium
3093 4556 3418 4612 hilarianam
3469 4556 3578 4628 [ju-

1964 4646 2222 4718 cundam]
2267 4644 2650 4718 psalmodiam,
2687 4661 2849 4718 quam
2881 4645 3080 4702 diebus
3108 4645 3321 4702 festivis
3347 4645 3403 4702 in
3455 4660 3578 4702 om-

1965 4738 2270 4811 nipotentis
2307 4738 2568 4795 laudibus
2594 4737 2811 4795 Domini
2855 4739 3150 4794 decantare
3175 4739 3420 4796 solemus
3445 4754 3578 4796 voce

1965 4831 2206 4900 celsiori,
2254 4831 2515 4888 videlicet
2569 4833 2639 4887 Te
2666 4834 2833 4887 Deum
2881 4832 3191 4900 laudamus,
3235 4838 3350 4888 tota
3378 4829 3581 4888 mentis

1968 4921 2264 4978 devotione
2295 4921 2616 4989 concinunt,
2673 4920 2888 4976 Patrem
2923 4935 3146 4993 quoque
3185 4920 3578 4997 gratulabundi

1967 5010 2388 5085 magniﬁcantes
2425 5011 2808 5066 Benedictum.
2859 5010 3026 5067 Porro
3065 5010 3160 5083 qui
3188 5017 3414 5066 sanatus
3461 5009 3580 5066 fue-

1971 5112 2053 5161 rat
2081 5103 2376 5171 referebat,
2403 5119 2469 5158 ea
2501 5103 2636 5158 hora
2667 5119 2778 5174 qua
2817 5101 3066 5158 daemone
3096 5100 3286 5176 fugato
3320 5101 3582 5157 liberatus

1966 5202 2070 5264 est,
2097 5210 2155 5250 se
2181 5192 2473 5265 quemdam
2501 5190 2788 5262 conSpicui
2818 5191 2997 5246 vultus
3019 5190 3198 5246 virum
3222 5191 3449 5258 vidisse,
3481 5190 3578 5264 qui

1969 5289 2254 5363 ingressus
2299 5299 2395 5356 per
2423 5282 2747 5338 orientalem
2807 5283 2983 5355 ipsius
3023 5283 3272 5340 basilicae
3310 5283 3578 5345 absidem.

1969 5377 2224 5434 baculum
2266 5390 2298 5429 a
2325 5373 2504 5444 capite
2533 5365 2822 5428 incurvum
2855 5390 3024 5430 manu
3069 5389 3291 5450 gerens,
3333 5389 3454 5429 cum
3489 5388 3582 5428 us-

1967 5541 2088 5596 hasc
2112 5551 2223 5592 non
2251 5530 2720 5605 ampliu_s__exstat,
2753 5531 2938 5588 forsan
2963 5547 2997 5587 a
3027 5538 3278 5605 tempore
3319 5532 3585 5605 posterio-

1969 5611 2046 5667 ris
2076 5607 2241 5678 hujus
2269 5602 2535 5660 inaendii.
