  <div class='ocr_page' id='page_1' title='image "/cluster/home/n/w/nwhite01/storage/ocr_20150623/160/hvd.32044054760186/615.png"; bbox 0 0 3892 6048; ppageno 0'>
   <div class='ocr_carea' id='block_1_1' title="bbox 414 227 556 282">
    <p class='ocr_par' dir='ltr' id='par_1_1' title="bbox 414 227 556 282">
     <span class='ocr_line' id='line_1_1' title="bbox 414 227 556 282; baseline 0 0"><span class='ocrx_word' id='word_1_1' title='bbox 414 227 556 282; x_wconf 68' lang='grc'><strong>4219</strong></span> 
     </span>
    </p>
   </div>
   <div class='ocr_carea' id='block_1_2' title="bbox 1424 218 2725 279">
    <p class='ocr_par' dir='ltr' id='par_1_2' title="bbox 1424 218 2725 279">
     <span class='ocr_line' id='line_1_2' title="bbox 1424 218 2725 279; baseline 0.001 -3"><span class='ocrx_word' id='word_1_2' title='bbox 1424 220 1705 277; x_wconf 82' lang='lat' dir='ltr'><strong>RADULF&#39;I</strong></span> <span class='ocrx_word' id='word_1_3' title='bbox 1743 219 2054 275; x_wconf 79' lang='lat' dir='ltr'><strong>TORTARII</strong></span> <span class='ocrx_word' id='word_1_4' title='bbox 2095 218 2386 278; x_wconf 81' lang='lat' dir='ltr'><strong>MONACHI</strong></span> <span class='ocrx_word' id='word_1_5' title='bbox 2425 221 2725 279; x_wconf 79' lang='lat' dir='ltr'><strong>FLORIAC.</strong></span> 
     </span>
    </p>
   </div>
   <div class='ocr_carea' id='block_1_3' title="bbox 3707 223 3838 277">
    <p class='ocr_par' dir='ltr' id='par_1_3' title="bbox 3707 223 3838 277">
     <span class='ocr_line' id='line_1_3' title="bbox 3707 223 3838 277; baseline 0.008 -1"><span class='ocrx_word' id='word_1_6' title='bbox 3707 223 3838 277; x_wconf 71' lang='lat'><strong>12213</strong></span> 
     </span>
    </p>
   </div>
   <div class='ocr_carea' id='block_1_4' title="bbox 418 344 3825 429">
    <p class='ocr_par' dir='ltr' id='par_1_4' title="bbox 418 344 3825 429">
     <span class='ocr_line' id='line_1_4' title="bbox 418 344 3825 429; baseline -0.002 -17"><span class='ocrx_word' id='word_1_7' title='bbox 418 374 526 429; x_wconf 91' lang='lat' dir='ltr'><strong>que</strong></span> <span class='ocrx_word' id='word_1_8' title='bbox 552 355 619 411; x_wconf 89' lang='lat' dir='ltr'><strong>ad</strong></span> <span class='ocrx_word' id='word_1_9' title='bbox 647 370 707 410; x_wconf 90' lang='lat' dir='ltr'><strong>se</strong></span> <span class='ocrx_word' id='word_1_10' title='bbox 739 357 1108 424; x_wconf 83' lang='lat' dir='ltr'><strong>preperasset,</strong></span> <span class='ocrx_word' id='word_1_11' title='bbox 1139 367 1312 424; x_wconf 90' lang='lat' dir='ltr'><strong>seque</strong></span> <span class='ocrx_word' id='word_1_12' title='bbox 1344 344 1411 407; x_wconf 82' lang='lat' dir='ltr'><strong>eo</strong></span> <span class='ocrx_word' id='word_1_13' title='bbox 1450 369 1612 424; x_wconf 86' lang='lat' dir='ltr'><strong>quem</strong></span> <span class='ocrx_word' id='word_1_14' title='bbox 1647 352 1901 425; x_wconf 74' lang='lat' dir='ltr'><strong>gestabat</strong></span> <span class='ocrx_word' id='word_1_15' title='bbox 1931 351 2024 406; x_wconf 89' lang='lat' dir='ltr'><strong>ba-</strong></span> <span class='ocrx_word' id='word_1_16' title='bbox 2052 358 2104 426; x_wconf 83' lang='grc' dir='ltr'>Α</span> <span class='ocrx_word' id='word_1_17' title='bbox 2132 357 2315 412; x_wconf 88' lang='lat' dir='ltr'><strong>amisit</strong></span> <span class='ocrx_word' id='word_1_18' title='bbox 2343 372 2589 412; x_wconf 91' lang='lat' dir='ltr'><strong>sensum.</strong></span> <span class='ocrx_word' id='word_1_19' title='bbox 2624 355 2724 420; x_wconf 94' lang='lat' dir='ltr'><strong>Qui</strong></span> <span class='ocrx_word' id='word_1_20' title='bbox 2771 354 2842 410; x_wconf 87' lang='lat' dir='ltr'><strong>ad</strong></span> <span class='ocrx_word' id='word_1_21' title='bbox 2882 354 3055 408; x_wconf 87' lang='lat' dir='ltr'><strong>instar</strong></span> <span class='ocrx_word' id='word_1_22' title='bbox 3107 351 3667 418; x_wconf 83' lang='lat' dir='ltr'><strong>debacchantium,</strong></span> <span class='ocrx_word' id='word_1_23' title='bbox 3705 352 3825 407; x_wconf 76' lang='lat' dir='ltr'><strong>loris</strong></span> 
     </span>
    </p>
   </div>
   <div class='ocr_carea' id='block_1_5' title="bbox 418 442 2030 515">
    <p class='ocr_par' dir='ltr' id='par_1_5' title="bbox 418 442 2030 515">
     <span class='ocr_line' id='line_1_5' title="bbox 418 442 2030 515; baseline -0.003 -14"><span class='ocrx_word' id='word_1_24' title='bbox 418 446 541 501; x_wconf 93' lang='lat' dir='ltr'><strong>culo</strong></span> <span class='ocrx_word' id='word_1_25' title='bbox 568 446 621 499; x_wconf 91' lang='lat' dir='ltr'><strong>in</strong></span> <span class='ocrx_word' id='word_1_26' title='bbox 658 444 836 515; x_wconf 90' lang='lat' dir='ltr'><strong>capite</strong></span> <span class='ocrx_word' id='word_1_27' title='bbox 871 442 1136 508; x_wconf 88' lang='lat' dir='ltr'><strong>feriisset;</strong></span> <span class='ocrx_word' id='word_1_28' title='bbox 1173 458 1291 514; x_wconf 88' lang='lat' dir='ltr'><strong>quo</strong></span> <span class='ocrx_word' id='word_1_29' title='bbox 1323 443 1433 497; x_wconf 90' lang='lat' dir='ltr'><strong>ictu</strong></span> <span class='ocrx_word' id='word_1_30' title='bbox 1467 450 1715 514; x_wconf 89' lang='lat' dir='ltr'><strong>accepto,</strong></span> <span class='ocrx_word' id='word_1_31' title='bbox 1739 459 1863 497; x_wconf 88' lang='lat' dir='ltr'><strong>sese</strong></span> <span class='ocrx_word' id='word_1_32' title='bbox 1902 457 2030 497; x_wconf 83' lang='lat' dir='ltr'><strong>con-</strong></span> 
     </span>
    </p>
   </div>
   <div class='ocr_carea' id='block_1_6' title="bbox 415 533 2033 602">
    <p class='ocr_par' dir='ltr' id='par_1_6' title="bbox 415 533 2033 602">
     <span class='ocr_line' id='line_1_6' title="bbox 415 533 2033 602; baseline -0.002 -11"><span class='ocrx_word' id='word_1_33' title='bbox 415 537 595 592; x_wconf 90' lang='lat' dir='ltr'><strong>festim</strong></span> <span class='ocrx_word' id='word_1_34' title='bbox 647 536 699 590; x_wconf 91' lang='lat' dir='ltr'><strong>in</strong></span> <span class='ocrx_word' id='word_1_35' title='bbox 735 545 932 590; x_wconf 90' lang='lat' dir='ltr'><strong>terram</strong></span> <span class='ocrx_word' id='word_1_36' title='bbox 989 536 1286 602; x_wconf 77' lang='lat' dir='ltr'><strong>corruisse,</strong></span> <span class='ocrx_word' id='word_1_37' title='bbox 1335 544 1389 590; x_wconf 89' lang='lat' dir='ltr'><strong>et</strong></span> <span class='ocrx_word' id='word_1_38' title='bbox 1436 535 1791 591; x_wconf 71' lang='lat' dir='ltr'><strong>sobrietatem</strong></span> <span class='ocrx_word' id='word_1_39' title='bbox 1833 533 2033 589; x_wconf 89' lang='lat' dir='ltr'><strong>mentis</strong></span> 
     </span>
    </p>
   </div>
   <div class='ocr_carea' id='block_1_7' title="bbox 414 628 718 699">
    <p class='ocr_par' dir='ltr' id='par_1_7' title="bbox 414 628 718 699">
     <span class='ocr_line' id='line_1_7' title="bbox 414 628 718 699; baseline -0.01 -16"><span class='ocrx_word' id='word_1_40' title='bbox 414 628 718 699; x_wconf 79' lang='lat' dir='ltr'><strong>recepisse.</strong></span> 
     </span>
    </p>
   </div>
   <div class='ocr_carea' id='block_1_8' title="bbox 491 720 2034 792">
    <p class='ocr_par' dir='ltr' id='par_1_8' title="bbox 491 720 2034 792">
     <span class='ocr_line' id='line_1_8' title="bbox 491 720 2034 792; baseline -0.001 -15"><span class='ocrx_word' id='word_1_41' title='bbox 491 722 612 779; x_wconf 80' lang='lat' dir='ltr'><strong>CAP.</strong></span> <span class='ocrx_word' id='word_1_42' title='bbox 648 722 799 776; x_wconf 81' lang='lat' dir='ltr'><strong>XXX.</strong></span> <span class='ocrx_word' id='word_1_43' title='bbox 835 754 897 762; x_wconf 87' lang='lat'><strong>--</strong></span> <span class='ocrx_word' id='word_1_44' title='bbox 934 723 1228 791; x_wconf 71' lang='lat' dir='ltr'><strong>Operarius</strong></span> <span class='ocrx_word' id='word_1_45' title='bbox 1273 723 1458 792; x_wconf 81' lang='lat' dir='ltr'><strong>lapsus</strong></span> <span class='ocrx_word' id='word_1_46' title='bbox 1486 725 1550 792; x_wconf 80' lang='lat' dir='ltr'><strong>ﬁt</strong></span> <span class='ocrx_word' id='word_1_47' title='bbox 1582 723 1881 776; x_wconf 80' lang='lat' dir='ltr'><strong>incolumis.</strong></span> <span class='ocrx_word' id='word_1_48' title='bbox 1926 720 2034 775; x_wconf 88' lang='lat' dir='ltr'><strong>Nu-</strong></span> 
     </span>
    </p>
   </div>
   <div class='ocr_carea' id='block_1_9' title="bbox 417 811 2037 886">
    <p class='ocr_par' dir='ltr' id='par_1_9' title="bbox 417 811 2037 886">
     <span class='ocr_line' id='line_1_9' title="bbox 417 811 2037 886; baseline -0.002 -16"><span class='ocrx_word' id='word_1_49' title='bbox 417 832 517 885; x_wconf 89' lang='lat' dir='ltr'><strong>per</strong></span> <span class='ocrx_word' id='word_1_50' title='bbox 544 814 968 886; x_wconf 88' lang='lat' dir='ltr'><strong>pr0perantibus</strong></span> <span class='ocrx_word' id='word_1_51' title='bbox 990 812 1361 868; x_wconf 68' lang='lat' dir='ltr'><strong>caementariis</strong></span> <span class='ocrx_word' id='word_1_52' title='bbox 1386 811 1654 868; x_wconf 87' lang='lat' dir='ltr'><strong>fornicem</strong></span> <span class='ocrx_word' id='word_1_53' title='bbox 1673 812 1826 866; x_wconf 77' lang='lat' dir='ltr'><strong>mirae</strong></span> <span class='ocrx_word' id='word_1_54' title='bbox 1852 811 2037 866; x_wconf 91' lang='lat' dir='ltr'><strong>altitu-</strong></span> 
     </span>
    </p>
   </div>
   <div class='ocr_carea' id='block_1_10' title="bbox 420 904 2036 979">
    <p class='ocr_par' dir='ltr' id='par_1_10' title="bbox 420 904 2036 979">
     <span class='ocr_line' id='line_1_10' title="bbox 420 904 2036 979; baseline -0.002 -17"><span class='ocrx_word' id='word_1_55' title='bbox 420 908 565 962; x_wconf 91' lang='lat' dir='ltr'><strong>dinis</strong></span> <span class='ocrx_word' id='word_1_56' title='bbox 597 907 652 961; x_wconf 92' lang='lat' dir='ltr'><strong>in</strong></span> <span class='ocrx_word' id='word_1_57' title='bbox 685 907 872 961; x_wconf 86' lang='lat' dir='ltr'><strong>dextra</strong></span> <span class='ocrx_word' id='word_1_58' title='bbox 904 906 1081 975; x_wconf 86' lang='lat' dir='ltr'><strong>ipsius</strong></span> <span class='ocrx_word' id='word_1_59' title='bbox 1106 905 1357 960; x_wconf 83' lang='lat' dir='ltr'><strong>ecclesiae</strong></span> <span class='ocrx_word' id='word_1_60' title='bbox 1398 912 1549 976; x_wconf 90' lang='lat' dir='ltr'><strong>parte</strong></span> <span class='ocrx_word' id='word_1_61' title='bbox 1582 904 1813 979; x_wconf 88' lang='lat' dir='ltr'><strong>erigere,</strong></span> <span class='ocrx_word' id='word_1_62' title='bbox 1843 904 2036 958; x_wconf 83' lang='lat' dir='ltr'><strong>locatae</strong></span> 
     </span>
    </p>
   </div>
   <div class='ocr_carea' id='block_1_11' title="bbox 418 995 2038 1067">
    <p class='ocr_par' dir='ltr' id='par_1_11' title="bbox 418 995 2038 1067">
     <span class='ocr_line' id='line_1_11' title="bbox 418 995 2038 1067; baseline -0.002 -13"><span class='ocrx_word' id='word_1_63' title='bbox 418 1006 546 1054; x_wconf 84' lang='lat' dir='ltr'><strong>sunt</strong></span> <span class='ocrx_word' id='word_1_64' title='bbox 578 998 760 1053; x_wconf 89' lang='lat' dir='ltr'><strong>trabes</strong></span> <span class='ocrx_word' id='word_1_65' title='bbox 815 999 869 1052; x_wconf 92' lang='lat' dir='ltr'><strong>in</strong></span> <span class='ocrx_word' id='word_1_66' title='bbox 902 997 1122 1052; x_wconf 89' lang='lat' dir='ltr'><strong>sublimi</strong></span> <span class='ocrx_word' id='word_1_67' title='bbox 1157 997 1424 1067; x_wconf 83' lang='lat' dir='ltr'><strong>parietum</strong></span> <span class='ocrx_word' id='word_1_68' title='bbox 1466 997 1859 1061; x_wconf 90' lang='lat' dir='ltr'><strong>stabilimento,</strong></span> <span class='ocrx_word' id='word_1_69' title='bbox 1896 1012 1927 1051; x_wconf 93' lang='lat' dir='ltr'><strong>a</strong></span> <span class='ocrx_word' id='word_1_70' title='bbox 1958 995 2038 1050; x_wconf 88' lang='lat' dir='ltr'><strong>fa-</strong></span> 
     </span>
    </p>
   </div>
   <div class='ocr_carea' id='block_1_12' title="bbox 420 1085 2036 1161">
    <p class='ocr_par' dir='ltr' id='par_1_12' title="bbox 420 1085 2036 1161">
     <span class='ocr_line' id='line_1_12' title="bbox 420 1085 2036 1161; baseline -0.002 -19"><span class='ocrx_word' id='word_1_71' title='bbox 420 1090 532 1143; x_wconf 87' lang='lat' dir='ltr'><strong>bris</strong></span> <span class='ocrx_word' id='word_1_72' title='bbox 562 1088 832 1161; x_wconf 77' lang='lat' dir='ltr'><strong>tignariis,</strong></span> <span class='ocrx_word' id='word_1_73' title='bbox 891 1087 958 1142; x_wconf 87' lang='lat' dir='ltr'><strong>ad</strong></span> <span class='ocrx_word' id='word_1_74' title='bbox 991 1087 1333 1141; x_wconf 89' lang='lat' dir='ltr'><strong>sustollenda</strong></span> <span class='ocrx_word' id='word_1_75' title='bbox 1375 1086 1523 1157; x_wconf 85' lang='lat' dir='ltr'><strong>ligna</strong></span> <span class='ocrx_word' id='word_1_76' title='bbox 1551 1103 1673 1157; x_wconf 77' lang='lat' dir='ltr'><strong>quae</strong></span> <span class='ocrx_word' id='word_1_77' title='bbox 1706 1087 1761 1139; x_wconf 90' lang='lat' dir='ltr'><strong>in</strong></span> <span class='ocrx_word' id='word_1_78' title='bbox 1812 1085 2036 1140; x_wconf 90' lang='lat' dir='ltr'><strong>modum</strong></span> 
     </span>
    </p>
   </div>
   <div class='ocr_carea' id='block_1_13' title="bbox 420 1174 2040 1248">
    <p class='ocr_par' dir='ltr' id='par_1_13' title="bbox 420 1174 2040 1248">
     <span class='ocr_line' id='line_1_13' title="bbox 420 1174 2040 1248; baseline -0.003 -17"><span class='ocrx_word' id='word_1_79' title='bbox 420 1176 798 1248; x_wconf 83' lang='lat' dir='ltr'><strong>hemisphaerii</strong></span> <span class='ocrx_word' id='word_1_80' title='bbox 832 1174 1191 1241; x_wconf 76' lang='lat' dir='ltr'><strong>fabricantur,</strong></span> <span class='ocrx_word' id='word_1_81' title='bbox 1225 1174 1429 1246; x_wconf 89' lang='lat' dir='ltr'><strong>quibus</strong></span> <span class='ocrx_word' id='word_1_82' title='bbox 1482 1175 1659 1230; x_wconf 90' lang='lat' dir='ltr'><strong>moles</strong></span> <span class='ocrx_word' id='word_1_83' title='bbox 1707 1174 1954 1245; x_wconf 86' lang='lat' dir='ltr'><strong>lapidum</strong></span> <span class='ocrx_word' id='word_1_84' title='bbox 1987 1179 2040 1227; x_wconf 89' lang='lat' dir='ltr'><strong>et</strong></span> 
     </span>
    </p>
   </div>
   <div class='ocr_carea' id='block_1_14' title="bbox 419 1267 2040 1342">
    <p class='ocr_par' dir='ltr' id='par_1_14' title="bbox 419 1267 2040 1342">
     <span class='ocr_line' id='line_1_14' title="bbox 419 1267 2040 1342; baseline -0.003 -17"><span class='ocrx_word' id='word_1_85' title='bbox 419 1269 674 1325; x_wconf 81' lang='lat' dir='ltr'><strong>caementi</strong></span> <span class='ocrx_word' id='word_1_86' title='bbox 729 1269 888 1323; x_wconf 91' lang='lat' dir='ltr'><strong>inniti</strong></span> <span class='ocrx_word' id='word_1_87' title='bbox 944 1267 1197 1323; x_wconf 88' lang='lat' dir='ltr'><strong>habebat.</strong></span> <span class='ocrx_word' id='word_1_88' title='bbox 1237 1269 1375 1342; x_wconf 86' lang='lat' dir='ltr'><strong>Ergo</strong></span> <span class='ocrx_word' id='word_1_89' title='bbox 1417 1268 1546 1322; x_wconf 91' lang='lat' dir='ltr'><strong>dum</strong></span> <span class='ocrx_word' id='word_1_90' title='bbox 1591 1268 1828 1339; x_wconf 91' lang='lat' dir='ltr'><strong>quodam</strong></span> <span class='ocrx_word' id='word_1_91' title='bbox 1878 1282 2040 1321; x_wconf 87' lang='lat' dir='ltr'><strong>mane</strong></span> 
     </span>
    </p>
   </div>
   <div class='ocr_carea' id='block_1_15' title="bbox 421 1356 2042 1429">
    <p class='ocr_par' dir='ltr' id='par_1_15' title="bbox 421 1356 2042 1429">
     <span class='ocr_line' id='line_1_15' title="bbox 421 1356 2042 1429; baseline -0.002 -16"><span class='ocrx_word' id='word_1_92' title='bbox 421 1360 670 1414; x_wconf 89' lang='lat' dir='ltr'><strong>trabibus</strong></span> <span class='ocrx_word' id='word_1_93' title='bbox 694 1359 842 1413; x_wconf 87' lang='lat' dir='ltr'><strong>tenui</strong></span> <span class='ocrx_word' id='word_1_94' title='bbox 868 1358 1043 1412; x_wconf 89' lang='lat' dir='ltr'><strong>imbre</strong></span> <span class='ocrx_word' id='word_1_95' title='bbox 1064 1356 1387 1411; x_wconf 89' lang='lat' dir='ltr'><strong>madefactis</strong></span> <span class='ocrx_word' id='word_1_96' title='bbox 1409 1357 1649 1429; x_wconf 84' lang='lat' dir='ltr'><strong>Operarii</strong></span> <span class='ocrx_word' id='word_1_97' title='bbox 1680 1357 1922 1427; x_wconf 85' lang='lat' dir='ltr'><strong>desuper</strong></span> <span class='ocrx_word' id='word_1_98' title='bbox 1950 1356 2042 1410; x_wconf 89' lang='lat' dir='ltr'><strong>in-</strong></span> 
     </span>
    </p>
   </div>
   <div class='ocr_carea' id='block_1_16' title="bbox 418 1449 2041 1521">
    <p class='ocr_par' dir='ltr' id='par_1_16' title="bbox 418 1449 2041 1521">
     <span class='ocr_line' id='line_1_16' title="bbox 418 1449 2041 1521; baseline -0.002 -14"><span class='ocrx_word' id='word_1_99' title='bbox 418 1453 701 1517; x_wconf 85' lang='lat' dir='ltr'><strong>cederent,</strong></span> <span class='ocrx_word' id='word_1_100' title='bbox 746 1457 1118 1521; x_wconf 83' lang='lat' dir='ltr'><strong>praeparantes</strong></span> <span class='ocrx_word' id='word_1_101' title='bbox 1185 1465 1308 1521; x_wconf 78' lang='lat' dir='ltr'><strong>quae</strong></span> <span class='ocrx_word' id='word_1_102' title='bbox 1358 1449 1845 1520; x_wconf 72' lang='lat' dir='ltr'><strong>praecipiebantur,</strong></span> <span class='ocrx_word' id='word_1_103' title='bbox 1898 1465 2041 1504; x_wconf 91' lang='lat' dir='ltr'><strong>unus</strong></span> 
     </span>
    </p>
   </div>
   <div class='ocr_carea' id='block_1_17' title="bbox 418 1536 2040 1610">
    <p class='ocr_par' dir='ltr' id='par_1_17' title="bbox 418 1536 2040 1610">
     <span class='ocr_line' id='line_1_17' title="bbox 418 1536 2040 1610; baseline -0.002 -17"><span class='ocrx_word' id='word_1_104' title='bbox 418 1554 631 1604; x_wconf 91' lang='lat' dir='ltr'><strong>eorum,</strong></span> <span class='ocrx_word' id='word_1_105' title='bbox 662 1538 914 1610; x_wconf 89' lang='lat' dir='ltr'><strong>Otgerius</strong></span> <span class='ocrx_word' id='word_1_106' title='bbox 954 1536 1203 1604; x_wconf 89' lang='lat' dir='ltr'><strong>nomine,</strong></span> <span class='ocrx_word' id='word_1_107' title='bbox 1236 1538 1424 1592; x_wconf 90' lang='lat' dir='ltr'><strong>minus</strong></span> <span class='ocrx_word' id='word_1_108' title='bbox 1484 1546 1640 1593; x_wconf 84' lang='lat' dir='ltr'><strong>caute</strong></span> <span class='ocrx_word' id='word_1_109' title='bbox 1673 1536 2040 1607; x_wconf 90' lang='lat' dir='ltr'><strong>superambu-</strong></span> 
     </span>
    </p>
   </div>
   <div class='ocr_carea' id='block_1_18' title="bbox 2131 445 3824 516">
    <p class='ocr_par' dir='ltr' id='par_1_18' title="bbox 2131 445 3824 516">
     <span class='ocr_line' id='line_1_18' title="bbox 2131 445 3824 516; baseline -0.004 -12"><span class='ocrx_word' id='word_1_110' title='bbox 2131 449 2392 504; x_wconf 84' lang='lat' dir='ltr'><strong>astrictus</strong></span> <span class='ocrx_word' id='word_1_111' title='bbox 2438 447 2726 503; x_wconf 89' lang='lat' dir='ltr'><strong>tenacibus</strong></span> <span class='ocrx_word' id='word_1_112' title='bbox 2751 446 2838 502; x_wconf 86' lang='lat' dir='ltr'><strong>vix</strong></span> <span class='ocrx_word' id='word_1_113' title='bbox 2868 445 3118 501; x_wconf 86' lang='lat' dir='ltr'><strong>cohiberi</strong></span> <span class='ocrx_word' id='word_1_114' title='bbox 3173 452 3412 516; x_wconf 76' lang='lat' dir='ltr'><strong>poterat,</strong></span> <span class='ocrx_word' id='word_1_115' title='bbox 3460 461 3560 500; x_wconf 89' lang='lat' dir='ltr'><strong>ne</strong></span> <span class='ocrx_word' id='word_1_116' title='bbox 3614 461 3653 499; x_wconf 87' lang='lat' dir='ltr'><strong>a</strong></span> <span class='ocrx_word' id='word_1_117' title='bbox 3687 445 3824 499; x_wconf 62' lang='lat' dir='ltr'><strong>lectu</strong></span> 
     </span>
    </p>
   </div>
   <div class='ocr_carea' id='block_1_19' title="bbox 2135 535 3824 611">
    <p class='ocr_par' dir='ltr' id='par_1_19' title="bbox 2135 535 3824 611">
     <span class='ocr_line' id='line_1_19' title="bbox 2135 535 3824 611; baseline -0.004 -17"><span class='ocrx_word' id='word_1_118' title='bbox 2135 539 2454 611; x_wconf 89' lang='lat' dir='ltr'><strong>prosiliens,</strong></span> <span class='ocrx_word' id='word_1_119' title='bbox 2509 554 2757 610; x_wconf 79' lang='lat' dir='ltr'><strong>praeceps</strong></span> <span class='ocrx_word' id='word_1_120' title='bbox 2787 552 3227 609; x_wconf 90' lang='lat' dir='ltr'><strong>quaquaversum</strong></span> <span class='ocrx_word' id='word_1_121' title='bbox 3251 536 3607 591; x_wconf 84' lang='lat' dir='ltr'><strong>titubantia</strong></span> <span class='ocrx_word' id='word_1_122' title='bbox 3660 535 3824 588; x_wconf 74' lang='lat' dir='ltr'><strong>infe:-</strong></span> 
     </span>
    </p>
   </div>
   <div class='ocr_carea' id='block_1_20' title="bbox 2138 623 3821 702">
    <p class='ocr_par' dir='ltr' id='par_1_20' title="bbox 2138 623 3821 702">
     <span class='ocr_line' id='line_1_20' title="bbox 2138 623 3821 702; baseline -0.004 -20"><span class='ocrx_word' id='word_1_123' title='bbox 2138 634 2219 683; x_wconf 91' lang='lat' dir='ltr'><strong>ret</strong></span> <span class='ocrx_word' id='word_1_124' title='bbox 2247 627 2496 702; x_wconf 74' lang='lat' dir='ltr'><strong>vestigia.</strong></span> <span class='ocrx_word' id='word_1_125' title='bbox 2532 626 2695 695; x_wconf 82' lang='lat' dir='ltr'><strong>Cujus</strong></span> <span class='ocrx_word' id='word_1_126' title='bbox 2734 625 2894 680; x_wconf 89' lang='lat' dir='ltr'><strong>amici</strong></span> <span class='ocrx_word' id='word_1_127' title='bbox 2926 632 2980 680; x_wconf 92' lang='lat' dir='ltr'><strong>et</strong></span> <span class='ocrx_word' id='word_1_128' title='bbox 3009 624 3414 699; x_wconf 84' lang='lat' dir='ltr'><strong>consanguinei</strong></span> <span class='ocrx_word' id='word_1_129' title='bbox 3469 623 3695 677; x_wconf 87' lang='lat' dir='ltr'><strong>nimio</strong></span> <span class='ocrx_word' id='word_1_130' title='bbox 3734 630 3821 675; x_wconf 60' lang='lat' dir='ltr'><strong>ta?-</strong></span> 
     </span>
    </p>
   </div>
   <div class='ocr_carea' id='block_1_21' title="bbox 2135 712 3815 785">
    <p class='ocr_par' dir='ltr' id='par_1_21' title="bbox 2135 712 3815 785">
     <span class='ocr_line' id='line_1_21' title="bbox 2135 712 3815 785; baseline -0.004 -14"><span class='ocrx_word' id='word_1_131' title='bbox 2135 716 2226 772; x_wconf 90' lang='lat' dir='ltr'><strong>dio</strong></span> <span class='ocrx_word' id='word_1_132' title='bbox 2257 714 2459 783; x_wconf 80' lang='lat' dir='ltr'><strong>affecti,</strong></span> <span class='ocrx_word' id='word_1_133' title='bbox 2500 715 2629 769; x_wconf 93' lang='lat' dir='ltr'><strong>dum</strong></span> <span class='ocrx_word' id='word_1_134' title='bbox 2659 713 2735 768; x_wconf 90' lang='lat' dir='ltr'><strong>nil</strong></span> <span class='ocrx_word' id='word_1_135' title='bbox 2766 713 2997 768; x_wconf 86' lang='lat' dir='ltr'><strong>medelae</strong></span> <span class='ocrx_word' id='word_1_136' title='bbox 3036 713 3184 785; x_wconf 92' lang='lat' dir='ltr'><strong>quod</strong></span> <span class='ocrx_word' id='word_1_137' title='bbox 3211 714 3332 781; x_wconf 91' lang='lat' dir='ltr'><strong>ejus</strong></span> <span class='ocrx_word' id='word_1_138' title='bbox 3364 720 3498 767; x_wconf 87' lang='lat' dir='ltr'><strong>tam</strong></span> <span class='ocrx_word' id='word_1_139' title='bbox 3546 712 3815 783; x_wconf 76' lang='lat' dir='ltr'><strong>pessime</strong></span> 
     </span>
    </p>
   </div>
   <div class='ocr_carea' id='block_1_22' title="bbox 2137 805 3809 882">
    <p class='ocr_par' dir='ltr' id='par_1_22' title="bbox 2137 805 3809 882">
     <span class='ocr_line' id='line_1_22' title="bbox 2137 805 3809 882; baseline -0.006 -17"><span class='ocrx_word' id='word_1_140' title='bbox 2137 809 2386 866; x_wconf 87' lang='lat' dir='ltr'><strong>obviaret</strong></span> <span class='ocrx_word' id='word_1_141' title='bbox 2417 809 2688 882; x_wconf 79' lang='lat' dir='ltr'><strong>lethargo,</strong></span> <span class='ocrx_word' id='word_1_142' title='bbox 2723 807 3082 873; x_wconf 85' lang='lat' dir='ltr'><strong>inveniretur,</strong></span> <span class='ocrx_word' id='word_1_143' title='bbox 3126 807 3324 877; x_wconf 88' lang='lat' dir='ltr'><strong>dejecti</strong></span> <span class='ocrx_word' id='word_1_144' title='bbox 3380 805 3662 871; x_wconf 87' lang='lat' dir='ltr'><strong>animis,</strong></span> <span class='ocrx_word' id='word_1_145' title='bbox 3710 806 3809 871; x_wconf 60' lang='grc' dir='ltr'><strong>λεια</strong></span> 
     </span>
    </p>
   </div>
   <div class='ocr_carea' id='block_1_23' title="bbox 2139 896 3810 970">
    <p class='ocr_par' dir='ltr' id='par_1_23' title="bbox 2139 896 3810 970">
     <span class='ocr_line' id='line_1_23' title="bbox 2139 896 3810 970; baseline -0.004 -15"><span class='ocrx_word' id='word_1_146' title='bbox 2139 901 2209 955; x_wconf 91' lang='lat' dir='ltr'><strong>de</strong></span> <span class='ocrx_word' id='word_1_147' title='bbox 2249 900 2421 970; x_wconf 89' lang='lat' dir='ltr'><strong>ipsius</strong></span> <span class='ocrx_word' id='word_1_148' title='bbox 2459 899 2891 970; x_wconf 85' lang='lat' dir='ltr'><strong>desperaverant</strong></span> <span class='ocrx_word' id='word_1_149' title='bbox 2930 896 3298 967; x_wconf 86' lang='lat' dir='ltr'><strong>reparatione.</strong></span> <span class='ocrx_word' id='word_1_150' title='bbox 3351 896 3647 951; x_wconf 85' lang='lat' dir='ltr'><strong>Tandem</strong></span> <span class='ocrx_word' id='word_1_151' title='bbox 3689 912 3810 964; x_wconf 73' lang='lat' dir='ltr'><strong>pro-</strong></span> 
     </span>
    </p>
   </div>
   <div class='ocr_carea' id='block_1_24' title="bbox 2140 984 3809 1060">
    <p class='ocr_par' dir='ltr' id='par_1_24' title="bbox 2140 984 3809 1060">
     <span class='ocr_line' id='line_1_24' title="bbox 2140 984 3809 1060; baseline -0.004 -16"><span class='ocrx_word' id='word_1_152' title='bbox 2140 990 2271 1060; x_wconf 90' lang='lat' dir='ltr'><strong>pitia</strong></span> <span class='ocrx_word' id='word_1_153' title='bbox 2325 988 2633 1054; x_wconf 88' lang='lat' dir='ltr'><strong>divinitate,</strong></span> <span class='ocrx_word' id='word_1_154' title='bbox 2681 1004 2803 1060; x_wconf 65' lang='lat' dir='ltr'><strong>quae</strong></span> <span class='ocrx_word' id='word_1_155' title='bbox 2858 987 2935 1041; x_wconf 90' lang='lat' dir='ltr'><strong>illi</strong></span> <span class='ocrx_word' id='word_1_156' title='bbox 2986 986 3432 1041; x_wconf 88' lang='lat' dir='ltr'><strong>incolumitatem</strong></span> <span class='ocrx_word' id='word_1_157' title='bbox 3490 984 3809 1039; x_wconf 69' lang='lat' dir='ltr'><strong>restituere</strong></span> 
     </span>
    </p>
   </div>
   <div class='ocr_carea' id='block_1_25' title="bbox 2141 1075 3803 1148">
    <p class='ocr_par' dir='ltr' id='par_1_25' title="bbox 2141 1075 3803 1148">
     <span class='ocr_line' id='line_1_25' title="bbox 2141 1075 3803 1148; baseline -0.005 -13"><span class='ocrx_word' id='word_1_158' title='bbox 2141 1081 2482 1143; x_wconf 86' lang='lat' dir='ltr'><strong>decreverat,</strong></span> <span class='ocrx_word' id='word_1_159' title='bbox 2528 1078 2724 1135; x_wconf 89' lang='lat' dir='ltr'><strong>incidit</strong></span> <span class='ocrx_word' id='word_1_160' title='bbox 2764 1077 3044 1133; x_wconf 87' lang='lat' dir='ltr'><strong>mentibus</strong></span> <span class='ocrx_word' id='word_1_161' title='bbox 3082 1093 3272 1133; x_wconf 90' lang='lat' dir='ltr'><strong>eorum</strong></span> <span class='ocrx_word' id='word_1_162' title='bbox 3302 1085 3624 1148; x_wconf 87' lang='lat' dir='ltr'><strong>quatenus</strong></span> <span class='ocrx_word' id='word_1_163' title='bbox 3654 1075 3803 1129; x_wconf 81' lang='lat' dir='ltr'><strong>illum</strong></span> 
     </span>
    </p>
   </div>
   <div class='ocr_carea' id='block_1_26' title="bbox 2142 1167 3800 1242">
    <p class='ocr_par' dir='ltr' id='par_1_26' title="bbox 2142 1167 3800 1242">
     <span class='ocr_line' id='line_1_26' title="bbox 2142 1167 3800 1242; baseline -0.004 -16"><span class='ocrx_word' id='word_1_164' title='bbox 2142 1173 2198 1226; x_wconf 89' lang='lat' dir='ltr'><strong>in</strong></span> <span class='ocrx_word' id='word_1_165' title='bbox 2229 1173 2518 1228; x_wconf 90' lang='lat' dir='ltr'><strong>ecclesiam</strong></span> <span class='ocrx_word' id='word_1_166' title='bbox 2549 1172 2931 1242; x_wconf 81' lang='lat' dir='ltr'><strong>deportarent,</strong></span> <span class='ocrx_word' id='word_1_167' title='bbox 2953 1177 3007 1225; x_wconf 91' lang='lat' dir='ltr'><strong>et</strong></span> <span class='ocrx_word' id='word_1_168' title='bbox 3035 1185 3216 1225; x_wconf 87' lang='lat' dir='ltr'><strong>coram</strong></span> <span class='ocrx_word' id='word_1_169' title='bbox 3250 1171 3433 1223; x_wconf 85' lang='lat' dir='ltr'><strong>altare</strong></span> <span class='ocrx_word' id='word_1_170' title='bbox 3474 1169 3592 1223; x_wconf 88' lang='lat' dir='ltr'><strong>Dei</strong></span> <span class='ocrx_word' id='word_1_171' title='bbox 3632 1167 3800 1221; x_wconf 81' lang='lat' dir='ltr'><strong>Geni-</strong></span> 
     </span>
    </p>
   </div>
   <div class='ocr_carea' id='block_1_27' title="bbox 2141 1259 3798 1334">
    <p class='ocr_par' dir='ltr' id='par_1_27' title="bbox 2141 1259 3798 1334">
     <span class='ocr_line' id='line_1_27' title="bbox 2141 1259 3798 1334; baseline -0.005 -16"><span class='ocrx_word' id='word_1_172' title='bbox 2141 1264 2294 1319; x_wconf 89' lang='lat' dir='ltr'><strong>tricis</strong></span> <span class='ocrx_word' id='word_1_173' title='bbox 2345 1265 2609 1332; x_wconf 88' lang='lat' dir='ltr'><strong>locarent,</strong></span> <span class='ocrx_word' id='word_1_174' title='bbox 2656 1263 2931 1318; x_wconf 85' lang='lat' dir='ltr'><strong>exoraturi</strong></span> <span class='ocrx_word' id='word_1_175' title='bbox 2973 1263 3092 1332; x_wconf 90' lang='lat' dir='ltr'><strong>ejus</strong></span> <span class='ocrx_word' id='word_1_176' title='bbox 3143 1262 3436 1334; x_wconf 86' lang='lat' dir='ltr'><strong>Patrisque</strong></span> <span class='ocrx_word' id='word_1_177' title='bbox 3490 1259 3798 1315; x_wconf 81' lang='lat' dir='ltr'><strong>Benedicti</strong></span> 
     </span>
    </p>
   </div>
   <div class='ocr_carea' id='block_1_28' title="bbox 2141 1356 3795 1430">
    <p class='ocr_par' dir='ltr' id='par_1_28' title="bbox 2141 1356 3795 1430">
     <span class='ocr_line' id='line_1_28' title="bbox 2141 1356 3795 1430; baseline -0.002 -17"><span class='ocrx_word' id='word_1_178' title='bbox 2141 1358 2477 1415; x_wconf 89' lang='lat' dir='ltr'><strong>indefessam</strong></span> <span class='ocrx_word' id='word_1_179' title='bbox 2510 1359 2885 1424; x_wconf 77' lang='lat' dir='ltr'><strong>clementiam,</strong></span> <span class='ocrx_word' id='word_1_180' title='bbox 2945 1369 3004 1414; x_wconf 89' lang='lat' dir='ltr'><strong>ut</strong></span> <span class='ocrx_word' id='word_1_181' title='bbox 3037 1366 3242 1430; x_wconf 79' lang='lat' dir='ltr'><strong>aegroto</strong></span> <span class='ocrx_word' id='word_1_182' title='bbox 3283 1358 3406 1411; x_wconf 89' lang='lat' dir='ltr'><strong>suis</strong></span> <span class='ocrx_word' id='word_1_183' title='bbox 3472 1356 3795 1411; x_wconf 78' lang='lat' dir='ltr'><strong>subvenire</strong></span> 
     </span>
    </p>
   </div>
   <div class='ocr_carea' id='block_1_29' title="bbox 2141 1445 3795 1516">
    <p class='ocr_par' dir='ltr' id='par_1_29' title="bbox 2141 1445 3795 1516">
     <span class='ocr_line' id='line_1_29' title="bbox 2141 1445 3795 1516; baseline -0.002 -14"><span class='ocrx_word' id='word_1_184' title='bbox 2141 1446 2467 1504; x_wconf 86' lang='lat' dir='ltr'><strong>festinarent</strong></span> <span class='ocrx_word' id='word_1_185' title='bbox 2496 1447 2725 1503; x_wconf 89' lang='lat' dir='ltr'><strong>meritis.</strong></span> <span class='ocrx_word' id='word_1_186' title='bbox 2762 1446 2916 1511; x_wconf 85' lang='lat' dir='ltr'><strong>Quod</strong></span> <span class='ocrx_word' id='word_1_187' title='bbox 2951 1446 3269 1501; x_wconf 88' lang='lat' dir='ltr'><strong>imminente</strong></span> <span class='ocrx_word' id='word_1_188' title='bbox 3297 1446 3415 1516; x_wconf 89' lang='lat' dir='ltr'><strong>jam</strong></span> <span class='ocrx_word' id='word_1_189' title='bbox 3456 1445 3673 1501; x_wconf 88' lang='lat' dir='ltr'><strong>noctis</strong></span> <span class='ocrx_word' id='word_1_190' title='bbox 3693 1462 3795 1499; x_wconf 77' lang='lat' dir='ltr'><strong>cre-</strong></span> 
     </span>
    </p>
   </div>
   <div class='ocr_carea' id='block_1_30' title="bbox 2142 1534 3793 1609">
    <p class='ocr_par' dir='ltr' id='par_1_30' title="bbox 2142 1534 3793 1609">
     <span class='ocr_line' id='line_1_30' title="bbox 2142 1534 3793 1609; baseline -0.004 -19"><span class='ocrx_word' id='word_1_191' title='bbox 2142 1537 2396 1608; x_wconf 90' lang='lat' dir='ltr'><strong>pusculo,</strong></span> <span class='ocrx_word' id='word_1_192' title='bbox 2455 1537 2864 1592; x_wconf 88' lang='lat' dir='ltr'><strong>constituerunt</strong></span> <span class='ocrx_word' id='word_1_193' title='bbox 2917 1551 3112 1609; x_wconf 89' lang='lat' dir='ltr'><strong>agere;</strong></span> <span class='ocrx_word' id='word_1_194' title='bbox 3163 1534 3611 1590; x_wconf 79' lang='lat' dir='ltr'><strong>erubescebant</strong></span> <span class='ocrx_word' id='word_1_195' title='bbox 3655 1536 3793 1588; x_wconf 85' lang='lat' dir='ltr'><strong>enim</strong></span> 
     </span>
    </p>
   </div>
   <div class='ocr_carea' id='block_1_31' title="bbox 420 1625 3792 1731">
    <p class='ocr_par' dir='ltr' id='par_1_31' title="bbox 420 1625 3792 1731">
     <span class='ocr_line' id='line_1_31' title="bbox 420 1625 3792 1731; baseline -0.001 -50"><span class='ocrx_word' id='word_1_196' title='bbox 420 1628 559 1694; x_wconf 86' lang='lat' dir='ltr'><strong>laus,</strong></span> <span class='ocrx_word' id='word_1_197' title='bbox 592 1627 719 1681; x_wconf 91' lang='lat' dir='ltr'><strong>dum</strong></span> <span class='ocrx_word' id='word_1_198' title='bbox 750 1625 976 1697; x_wconf 83' lang='lat' dir='ltr'><strong>affigere</strong></span> <span class='ocrx_word' id='word_1_199' title='bbox 1003 1626 1234 1695; x_wconf 73' lang='lat' dir='ltr'><strong>vestigia</strong></span> <span class='ocrx_word' id='word_1_200' title='bbox 1266 1626 1359 1680; x_wconf 91' lang='lat' dir='ltr'><strong>uni</strong></span> <span class='ocrx_word' id='word_1_201' title='bbox 1389 1626 1624 1681; x_wconf 77' lang='lat' dir='ltr'><strong>trabium</strong></span> <span class='ocrx_word' id='word_1_202' title='bbox 1657 1626 1866 1682; x_wconf 89' lang='lat' dir='ltr'><strong>fortiter</strong></span> <span class='ocrx_word' id='word_1_203' title='bbox 1904 1626 2039 1680; x_wconf 92' lang='lat' dir='ltr'><strong>niti-</strong></span> <span class='ocrx_word' id='word_1_204' title='bbox 2066 1664 2116 1731; x_wconf 68' lang='grc' dir='ltr'><strong>Β</strong></span> <span class='ocrx_word' id='word_1_205' title='bbox 2141 1642 2263 1681; x_wconf 93' lang='lat' dir='ltr'><strong>cum</strong></span> <span class='ocrx_word' id='word_1_206' title='bbox 2298 1627 2513 1682; x_wconf 91' lang='lat' dir='ltr'><strong>diurnis</strong></span> <span class='ocrx_word' id='word_1_207' title='bbox 2545 1644 2643 1682; x_wconf 87' lang='lat' dir='ltr'><strong>sua</strong></span> <span class='ocrx_word' id='word_1_208' title='bbox 2674 1628 2841 1683; x_wconf 89' lang='lat' dir='ltr'><strong>domo</strong></span> <span class='ocrx_word' id='word_1_209' title='bbox 2883 1625 3079 1682; x_wconf 81' lang='lat' dir='ltr'><strong>eﬂerre</strong></span> <span class='ocrx_word' id='word_1_210' title='bbox 3114 1625 3285 1693; x_wconf 87' lang='lat' dir='ltr'><strong>horis,</strong></span> <span class='ocrx_word' id='word_1_211' title='bbox 3328 1633 3595 1697; x_wconf 84' lang='lat' dir='ltr'><strong>propter</strong></span> <span class='ocrx_word' id='word_1_212' title='bbox 3624 1625 3792 1696; x_wconf 77' lang='lat' dir='ltr'><strong>ipsius</strong></span> 
     </span>
    </p>
   </div>
   <div class='ocr_carea' id='block_1_32' title="bbox 419 1720 2042 1796">
    <p class='ocr_par' dir='ltr' id='par_1_32' title="bbox 419 1720 2042 1796">
     <span class='ocr_line' id='line_1_32' title="bbox 419 1720 2042 1796; baseline 0.001 -20"><span class='ocrx_word' id='word_1_213' title='bbox 419 1730 524 1781; x_wconf 90' lang='lat' dir='ltr'><strong>tur.</strong></span> <span class='ocrx_word' id='word_1_214' title='bbox 557 1731 697 1791; x_wconf 85' lang='lat' dir='ltr'><strong>pede</strong></span> <span class='ocrx_word' id='word_1_215' title='bbox 726 1721 881 1791; x_wconf 90' lang='lat' dir='ltr'><strong>lapso</strong></span> <span class='ocrx_word' id='word_1_216' title='bbox 909 1721 978 1775; x_wconf 90' lang='lat' dir='ltr'><strong>de</strong></span> <span class='ocrx_word' id='word_1_217' title='bbox 1011 1720 1104 1775; x_wconf 87' lang='lat' dir='ltr'><strong>illa</strong></span> <span class='ocrx_word' id='word_1_218' title='bbox 1133 1721 1468 1777; x_wconf 91' lang='lat' dir='ltr'><strong>celsitudine</strong></span> <span class='ocrx_word' id='word_1_219' title='bbox 1496 1738 1595 1792; x_wconf 89' lang='lat' dir='ltr'><strong>per</strong></span> <span class='ocrx_word' id='word_1_220' title='bbox 1620 1722 2042 1796; x_wconf 84' lang='lat' dir='ltr'><strong>compaginatos</strong></span> 
     </span>
    </p>
   </div>
   <div class='ocr_carea' id='block_1_33' title="bbox 420 1810 2044 1885">
    <p class='ocr_par' dir='ltr' id='par_1_33' title="bbox 420 1810 2044 1885">
     <span class='ocr_line' id='line_1_33' title="bbox 420 1810 2044 1885; baseline 0.002 -21"><span class='ocrx_word' id='word_1_221' title='bbox 420 1811 526 1865; x_wconf 90' lang='lat' dir='ltr'><strong>sibi</strong></span> <span class='ocrx_word' id='word_1_222' title='bbox 562 1810 758 1879; x_wconf 86' lang='lat' dir='ltr'><strong>fustes,</strong></span> <span class='ocrx_word' id='word_1_223' title='bbox 800 1828 897 1883; x_wconf 92' lang='lat' dir='ltr'><strong>per</strong></span> <span class='ocrx_word' id='word_1_224' title='bbox 926 1812 1287 1883; x_wconf 86' lang='lat' dir='ltr'><strong>multiplicem</strong></span> <span class='ocrx_word' id='word_1_225' title='bbox 1322 1813 1596 1885; x_wconf 80' lang='lat' dir='ltr'><strong>lignorum</strong></span> <span class='ocrx_word' id='word_1_226' title='bbox 1628 1819 1856 1881; x_wconf 89' lang='lat' dir='ltr'><strong>struem,</strong></span> <span class='ocrx_word' id='word_1_227' title='bbox 1898 1812 2044 1868; x_wconf 90' lang='lat' dir='ltr'><strong>inter</strong></span> 
     </span>
    </p>
   </div>
   <div class='ocr_carea' id='block_1_34' title="bbox 420 1899 2043 1972">
    <p class='ocr_par' dir='ltr' id='par_1_34' title="bbox 420 1899 2043 1972">
     <span class='ocr_line' id='line_1_34' title="bbox 420 1899 2043 1972; baseline 0.002 -19"><span class='ocrx_word' id='word_1_228' title='bbox 420 1915 643 1955; x_wconf 76' lang='lat' dir='ltr'><strong>acervos</strong></span> <span class='ocrx_word' id='word_1_229' title='bbox 696 1899 941 1970; x_wconf 87' lang='lat' dir='ltr'><strong>lapidum</strong></span> <span class='ocrx_word' id='word_1_230' title='bbox 998 1917 1209 1972; x_wconf 90' lang='lat' dir='ltr'><strong>pronus</strong></span> <span class='ocrx_word' id='word_1_231' title='bbox 1272 1902 1338 1956; x_wconf 88' lang='lat' dir='ltr'><strong>ad</strong></span> <span class='ocrx_word' id='word_1_232' title='bbox 1382 1909 1580 1956; x_wconf 89' lang='lat' dir='ltr'><strong>terram</strong></span> <span class='ocrx_word' id='word_1_233' title='bbox 1631 1902 1857 1957; x_wconf 91' lang='lat' dir='ltr'><strong>corruit.</strong></span> <span class='ocrx_word' id='word_1_234' title='bbox 1919 1902 2043 1957; x_wconf 87' lang='lat' dir='ltr'><strong>Erat</strong></span> 
     </span>
    </p>
   </div>
   <div class='ocr_carea' id='block_1_35' title="bbox 421 1988 2039 2065">
    <p class='ocr_par' dir='ltr' id='par_1_35' title="bbox 421 1988 2039 2065">
     <span class='ocr_line' id='line_1_35' title="bbox 421 1988 2039 2065; baseline 0.001 -22"><span class='ocrx_word' id='word_1_235' title='bbox 421 1988 568 2043; x_wconf 90' lang='lat' dir='ltr'><strong>enim</strong></span> <span class='ocrx_word' id='word_1_236' title='bbox 612 2005 753 2059; x_wconf 89' lang='lat' dir='ltr'><strong>pene</strong></span> <span class='ocrx_word' id='word_1_237' title='bbox 784 1996 955 2045; x_wconf 90' lang='lat' dir='ltr'><strong>totum</strong></span> <span class='ocrx_word' id='word_1_238' title='bbox 990 1989 1122 2045; x_wconf 92' lang='lat' dir='ltr'><strong>illud</strong></span> <span class='ocrx_word' id='word_1_239' title='bbox 1149 1991 1359 2045; x_wconf 89' lang='lat' dir='ltr'><strong>telluris</strong></span> <span class='ocrx_word' id='word_1_240' title='bbox 1413 1991 1670 2061; x_wconf 87' lang='lat' dir='ltr'><strong>spatium,</strong></span> <span class='ocrx_word' id='word_1_241' title='bbox 1702 1997 1811 2045; x_wconf 90' lang='lat' dir='ltr'><strong>tam</strong></span> <span class='ocrx_word' id='word_1_242' title='bbox 1864 1990 2039 2065; x_wconf 90' lang='lat' dir='ltr'><strong>ligno-</strong></span> 
     </span>
    </p>
   </div>
   <div class='ocr_carea' id='block_1_36' title="bbox 420 2080 2041 2151">
    <p class='ocr_par' dir='ltr' id='par_1_36' title="bbox 420 2080 2041 2151">
     <span class='ocr_line' id='line_1_36' title="bbox 420 2080 2041 2151; baseline 0.002 -21"><span class='ocrx_word' id='word_1_243' title='bbox 420 2093 538 2132; x_wconf 89' lang='lat' dir='ltr'><strong>rum</strong></span> <span class='ocrx_word' id='word_1_244' title='bbox 581 2093 743 2149; x_wconf 85' lang='lat' dir='ltr'><strong>quam</strong></span> <span class='ocrx_word' id='word_1_245' title='bbox 788 2094 1067 2144; x_wconf 84' lang='lat' dir='ltr'><strong>saxorum,</strong></span> <span class='ocrx_word' id='word_1_246' title='bbox 1117 2081 1379 2151; x_wconf 79' lang='lat' dir='ltr'><strong>congerie</strong></span> <span class='ocrx_word' id='word_1_247' title='bbox 1429 2080 1778 2151; x_wconf 84' lang='lat' dir='ltr'><strong>adOpertum,</strong></span> <span class='ocrx_word' id='word_1_248' title='bbox 1841 2096 2041 2150; x_wconf 84' lang='lat' dir='ltr'><strong>parvus</strong></span> 
     </span>
    </p>
   </div>
   <div class='ocr_carea' id='block_1_37' title="bbox 421 2169 2043 2240">
    <p class='ocr_par' dir='ltr' id='par_1_37' title="bbox 421 2169 2043 2240">
     <span class='ocr_line' id='line_1_37' title="bbox 421 2169 2043 2240; baseline 0 -16"><span class='ocrx_word' id='word_1_249' title='bbox 421 2176 628 2224; x_wconf 82' lang='lat' dir='ltr'><strong>tantum</strong></span> <span class='ocrx_word' id='word_1_250' title='bbox 667 2169 898 2225; x_wconf 91' lang='lat' dir='ltr'><strong>locellus</strong></span> <span class='ocrx_word' id='word_1_251' title='bbox 941 2170 1007 2224; x_wconf 91' lang='lat' dir='ltr'><strong>ad</strong></span> <span class='ocrx_word' id='word_1_252' title='bbox 1062 2186 1377 2225; x_wconf 89' lang='lat' dir='ltr'><strong>mensuram</strong></span> <span class='ocrx_word' id='word_1_253' title='bbox 1408 2172 1661 2226; x_wconf 80' lang='lat' dir='ltr'><strong>humanae</strong></span> <span class='ocrx_word' id='word_1_254' title='bbox 1695 2170 2043 2240; x_wconf 88' lang='lat' dir='ltr'><strong>proceritatis</strong></span> 
     </span>
    </p>
   </div>
   <div class='ocr_carea' id='block_1_38' title="bbox 420 2258 2039 2331">
    <p class='ocr_par' dir='ltr' id='par_1_38' title="bbox 420 2258 2039 2331">
     <span class='ocr_line' id='line_1_38' title="bbox 420 2258 2039 2331; baseline 0.002 -19"><span class='ocrx_word' id='word_1_255' title='bbox 420 2265 762 2314; x_wconf 87' lang='lat' dir='ltr'><strong>remanserat</strong></span> <span class='ocrx_word' id='word_1_256' title='bbox 810 2258 1073 2314; x_wconf 91' lang='lat' dir='ltr'><strong>immunis</strong></span> <span class='ocrx_word' id='word_1_257' title='bbox 1120 2259 1189 2313; x_wconf 88' lang='lat' dir='ltr'><strong>ab</strong></span> <span class='ocrx_word' id='word_1_258' title='bbox 1228 2260 1330 2313; x_wconf 91' lang='lat' dir='ltr'><strong>eis.</strong></span> <span class='ocrx_word' id='word_1_259' title='bbox 1376 2260 1434 2313; x_wconf 90' lang='lat' dir='ltr'><strong>ln</strong></span> <span class='ocrx_word' id='word_1_260' title='bbox 1475 2275 1585 2331; x_wconf 93' lang='lat' dir='ltr'><strong>quo</strong></span> <span class='ocrx_word' id='word_1_261' title='bbox 1637 2259 2039 2315; x_wconf 87' lang='lat' dir='ltr'><strong>admirantibus</strong></span> 
     </span>
    </p>
   </div>
   <div class='ocr_carea' id='block_1_39' title="bbox 419 2350 2037 2423">
    <p class='ocr_par' dir='ltr' id='par_1_39' title="bbox 419 2350 2037 2423">
     <span class='ocr_line' id='line_1_39' title="bbox 419 2350 2037 2423; baseline 0.001 -17"><span class='ocrx_word' id='word_1_262' title='bbox 419 2351 513 2423; x_wconf 92' lang='lat' dir='ltr'><strong>qui</strong></span> <span class='ocrx_word' id='word_1_263' title='bbox 548 2352 799 2414; x_wconf 88' lang='lat' dir='ltr'><strong>aderant,</strong></span> <span class='ocrx_word' id='word_1_264' title='bbox 835 2368 899 2407; x_wconf 92' lang='lat' dir='ltr'><strong>ac</strong></span> <span class='ocrx_word' id='word_1_265' title='bbox 925 2351 970 2405; x_wconf 90' lang='lat' dir='ltr'><strong>si</strong></span> <span class='ocrx_word' id='word_1_266' title='bbox 1011 2350 1079 2405; x_wconf 91' lang='lat' dir='ltr'><strong>de</strong></span> <span class='ocrx_word' id='word_1_267' title='bbox 1109 2351 1376 2406; x_wconf 88' lang='lat' dir='ltr'><strong>industria</strong></span> <span class='ocrx_word' id='word_1_268' title='bbox 1407 2352 1686 2422; x_wconf 87' lang='lat' dir='ltr'><strong>projectus</strong></span> <span class='ocrx_word' id='word_1_269' title='bbox 1717 2352 1926 2408; x_wconf 90' lang='lat' dir='ltr'><strong>decidit</strong></span> <span class='ocrx_word' id='word_1_270' title='bbox 1948 2352 2037 2422; x_wconf 89' lang='lat' dir='ltr'><strong>ju-</strong></span> 
     </span>
    </p>
   </div>
   <div class='ocr_carea' id='block_1_40' title="bbox 418 2444 2041 2515">
    <p class='ocr_par' dir='ltr' id='par_1_40' title="bbox 418 2444 2041 2515">
     <span class='ocr_line' id='line_1_40' title="bbox 418 2444 2041 2515; baseline 0.002 -19"><span class='ocrx_word' id='word_1_271' title='bbox 418 2444 576 2499; x_wconf 89' lang='lat' dir='ltr'><strong>venis</strong></span> <span class='ocrx_word' id='word_1_272' title='bbox 606 2444 746 2515; x_wconf 91' lang='lat' dir='ltr'><strong>ipse.</strong></span> <span class='ocrx_word' id='word_1_273' title='bbox 800 2444 993 2499; x_wconf 86' lang='lat' dir='ltr'><strong>Attrito</strong></span> <span class='ocrx_word' id='word_1_274' title='bbox 1024 2451 1206 2499; x_wconf 89' lang='lat' dir='ltr'><strong>tamen</strong></span> <span class='ocrx_word' id='word_1_275' title='bbox 1237 2444 1417 2515; x_wconf 89' lang='lat' dir='ltr'><strong>capite</strong></span> <span class='ocrx_word' id='word_1_276' title='bbox 1456 2444 1559 2500; x_wconf 91' lang='lat' dir='ltr'><strong>soli</strong></span> <span class='ocrx_word' id='word_1_277' title='bbox 1601 2444 1824 2511; x_wconf 88' lang='lat' dir='ltr'><strong>duritie,</strong></span> <span class='ocrx_word' id='word_1_278' title='bbox 1866 2446 2041 2501; x_wconf 90' lang='lat' dir='ltr'><strong>oculis</strong></span> 
     </span>
    </p>
   </div>
   <div class='ocr_carea' id='block_1_41' title="bbox 417 2535 2036 2610">
    <p class='ocr_par' dir='ltr' id='par_1_41' title="bbox 417 2535 2036 2610">
     <span class='ocr_line' id='line_1_41' title="bbox 417 2535 2036 2610; baseline 0.002 -21"><span class='ocrx_word' id='word_1_279' title='bbox 417 2550 561 2606; x_wconf 90' lang='lat' dir='ltr'><strong>pene</strong></span> <span class='ocrx_word' id='word_1_280' title='bbox 595 2536 788 2603; x_wconf 90' lang='lat' dir='ltr'><strong>erutis,</strong></span> <span class='ocrx_word' id='word_1_281' title='bbox 823 2535 1011 2610; x_wconf 82' lang='lat' dir='ltr'><strong>lingua</strong></span> <span class='ocrx_word' id='word_1_282' title='bbox 1053 2535 1120 2589; x_wconf 91' lang='lat' dir='ltr'><strong>ab</strong></span> <span class='ocrx_word' id='word_1_283' title='bbox 1154 2551 1248 2591; x_wconf 91' lang='lat' dir='ltr'><strong>ore</strong></span> <span class='ocrx_word' id='word_1_284' title='bbox 1280 2543 1532 2606; x_wconf 90' lang='lat' dir='ltr'><strong>porrecta</strong></span> <span class='ocrx_word' id='word_1_285' title='bbox 1556 2536 1812 2606; x_wconf 88' lang='lat' dir='ltr'><strong>perfusus</strong></span> <span class='ocrx_word' id='word_1_286' title='bbox 1842 2537 2036 2592; x_wconf 88' lang='lat' dir='ltr'><strong>faciem</strong></span> 
     </span>
    </p>
   </div>
   <div class='ocr_carea' id='block_1_42' title="bbox 417 2633 2039 2715">
    <p class='ocr_par' dir='ltr' id='par_1_42' title="bbox 417 2633 2039 2715">
     <span class='ocr_line' id='line_1_42' title="bbox 417 2633 2039 2715; baseline 0.001 -28"><span class='ocrx_word' id='word_1_287' title='bbox 417 2633 533 2688; x_wconf 72' lang='lat' dir='ltr'><strong>rivo</strong></span> <span class='ocrx_word' id='word_1_288' title='bbox 566 2634 798 2700; x_wconf 89' lang='lat' dir='ltr'><strong>cruoris,</strong></span> <span class='ocrx_word' id='word_1_289' title='bbox 821 2634 1041 2703; x_wconf 88' lang='lat' dir='ltr'><strong>jacebat</strong></span> <span class='ocrx_word' id='word_1_290' title='bbox 1099 2633 1249 2688; x_wconf 93' lang='lat' dir='ltr'><strong>humi</strong></span> <span class='ocrx_word' id='word_1_291' title='bbox 1300 2643 1561 2704; x_wconf 88' lang='lat' dir='ltr'><strong>tanquam</strong></span> <span class='ocrx_word' id='word_1_292' title='bbox 1613 2634 1902 2715; x_wconf 72' lang='lat' dir='ltr'><strong>exanimis.</strong></span> <span class='ocrx_word' id='word_1_293' title='bbox 1940 2637 2039 2689; x_wconf 81' lang='lat' dir='ltr'><strong>Ac-</strong></span> 
     </span>
    </p>
   </div>
   <div class='ocr_carea' id='block_1_43' title="bbox 414 2728 2039 2800">
    <p class='ocr_par' dir='ltr' id='par_1_43' title="bbox 414 2728 2039 2800">
     <span class='ocr_line' id='line_1_43' title="bbox 414 2728 2039 2800; baseline -0.001 -14"><span class='ocrx_word' id='word_1_294' title='bbox 414 2729 686 2786; x_wconf 87' lang='lat' dir='ltr'><strong>currimus</strong></span> <span class='ocrx_word' id='word_1_295' title='bbox 726 2729 906 2784; x_wconf 89' lang='lat' dir='ltr'><strong>statim</strong></span> <span class='ocrx_word' id='word_1_296' title='bbox 940 2728 1233 2783; x_wconf 86' lang='lat' dir='ltr'><strong>multitudo</strong></span> <span class='ocrx_word' id='word_1_297' title='bbox 1265 2735 1372 2783; x_wconf 89' lang='lat' dir='ltr'><strong>tam</strong></span> <span class='ocrx_word' id='word_1_298' title='bbox 1407 2729 1674 2784; x_wconf 84' lang='lat' dir='ltr'><strong>laicorum</strong></span> <span class='ocrx_word' id='word_1_299' title='bbox 1703 2745 1866 2800; x_wconf 89' lang='lat' dir='ltr'><strong>quam</strong></span> <span class='ocrx_word' id='word_1_300' title='bbox 1918 2746 2039 2785; x_wconf 91' lang='lat' dir='ltr'><strong>mo-</strong></span> 
     </span>
    </p>
   </div>
   <div class='ocr_carea' id='block_1_44' title="bbox 421 2817 2037 2890">
    <p class='ocr_par' dir='ltr' id='par_1_44' title="bbox 421 2817 2037 2890">
     <span class='ocr_line' id='line_1_44' title="bbox 421 2817 2037 2890; baseline -0.001 -15"><span class='ocrx_word' id='word_1_301' title='bbox 421 2820 747 2885; x_wconf 88' lang='lat' dir='ltr'><strong>nachorum,</strong></span> <span class='ocrx_word' id='word_1_302' title='bbox 779 2819 893 2890; x_wconf 91' lang='lat' dir='ltr'><strong>qui,</strong></span> <span class='ocrx_word' id='word_1_303' title='bbox 926 2817 1027 2873; x_wconf 90' lang='lat' dir='ltr'><strong>etsi</strong></span> <span class='ocrx_word' id='word_1_304' title='bbox 1063 2833 1246 2872; x_wconf 87' lang='lat' dir='ltr'><strong>casum</strong></span> <span class='ocrx_word' id='word_1_305' title='bbox 1282 2834 1392 2871; x_wconf 91' lang='lat' dir='ltr'><strong>non</strong></span> <span class='ocrx_word' id='word_1_306' title='bbox 1433 2817 1764 2879; x_wconf 82' lang='lat' dir='ltr'><strong>videramus.</strong></span> <span class='ocrx_word' id='word_1_307' title='bbox 1796 2834 2037 2874; x_wconf 88' lang='lat' dir='ltr'><strong>amorem</strong></span> 
     </span>
    </p>
   </div>
   <div class='ocr_carea' id='block_1_45' title="bbox 415 2906 2037 2972">
    <p class='ocr_par' dir='ltr' id='par_1_45' title="bbox 415 2906 2037 2972">
     <span class='ocr_line' id='line_1_45' title="bbox 415 2906 2037 2972; baseline -0.001 -9"><span class='ocrx_word' id='word_1_308' title='bbox 415 2915 598 2964; x_wconf 90' lang='lat' dir='ltr'><strong>tamen</strong></span> <span class='ocrx_word' id='word_1_309' title='bbox 628 2917 682 2963; x_wconf 90' lang='lat' dir='ltr'><strong>et</strong></span> <span class='ocrx_word' id='word_1_310' title='bbox 712 2908 914 2962; x_wconf 90' lang='lat' dir='ltr'><strong>luctum</strong></span> <span class='ocrx_word' id='word_1_311' title='bbox 948 2906 1214 2961; x_wconf 84' lang='lat' dir='ltr'><strong>artificum</strong></span> <span class='ocrx_word' id='word_1_312' title='bbox 1259 2907 1639 2962; x_wconf 89' lang='lat' dir='ltr'><strong>audieramus.</strong></span> <span class='ocrx_word' id='word_1_313' title='bbox 1693 2907 1792 2972; x_wconf 93' lang='lat' dir='ltr'><strong>Qui</strong></span> <span class='ocrx_word' id='word_1_314' title='bbox 1836 2922 2037 2963; x_wconf 92' lang='lat' dir='ltr'><strong>omnes</strong></span> 
     </span>
    </p>
   </div>
   <div class='ocr_carea' id='block_1_46' title="bbox 421 2997 2037 3072">
    <p class='ocr_par' dir='ltr' id='par_1_46' title="bbox 421 2997 2037 3072">
     <span class='ocr_line' id='line_1_46' title="bbox 421 2997 2037 3072; baseline 0 -19"><span class='ocrx_word' id='word_1_315' title='bbox 421 3017 545 3054; x_wconf 92' lang='lat' dir='ltr'><strong>cum</strong></span> <span class='ocrx_word' id='word_1_316' title='bbox 579 3000 788 3072; x_wconf 86' lang='lat' dir='ltr'><strong>gemitu</strong></span> <span class='ocrx_word' id='word_1_317' title='bbox 820 3006 875 3052; x_wconf 90' lang='lat' dir='ltr'><strong>et</strong></span> <span class='ocrx_word' id='word_1_318' title='bbox 916 2998 1237 3068; x_wconf 83' lang='lat' dir='ltr'><strong>lacrymosis</strong></span> <span class='ocrx_word' id='word_1_319' title='bbox 1274 2997 1504 3052; x_wconf 81' lang='lat' dir='ltr'><strong>vocibus</strong></span> <span class='ocrx_word' id='word_1_320' title='bbox 1544 2997 1813 3068; x_wconf 86' lang='lat' dir='ltr'><strong>coepimus</strong></span> <span class='ocrx_word' id='word_1_321' title='bbox 1842 2998 2037 3068; x_wconf 89' lang='lat' dir='ltr'><strong>implo-</strong></span> 
     </span>
    </p>
   </div>
   <div class='ocr_carea' id='block_1_47' title="bbox 419 3084 2036 3157">
    <p class='ocr_par' dir='ltr' id='par_1_47' title="bbox 419 3084 2036 3157">
     <span class='ocr_line' id='line_1_47' title="bbox 419 3084 2036 3157; baseline 0.002 -19"><span class='ocrx_word' id='word_1_322' title='bbox 419 3101 537 3139; x_wconf 89' lang='lat' dir='ltr'><strong>rare</strong></span> <span class='ocrx_word' id='word_1_323' title='bbox 570 3085 823 3157; x_wconf 66' lang='lat' dir='ltr'><strong>gloriosae</strong></span> <span class='ocrx_word' id='word_1_324' title='bbox 864 3084 959 3139; x_wconf 87' lang='lat' dir='ltr'><strong>Dei</strong></span> <span class='ocrx_word' id='word_1_325' title='bbox 1012 3084 1302 3139; x_wconf 88' lang='lat' dir='ltr'><strong>Genitricis</strong></span> <span class='ocrx_word' id='word_1_326' title='bbox 1340 3100 1503 3155; x_wconf 84' lang='lat' dir='ltr'><strong>Opem</strong></span> <span class='ocrx_word' id='word_1_327' title='bbox 1532 3085 1816 3157; x_wconf 88' lang='lat' dir='ltr'><strong>Patrisque</strong></span> <span class='ocrx_word' id='word_1_328' title='bbox 1854 3087 2036 3141; x_wconf 89' lang='lat' dir='ltr'><strong>Bene-</strong></span> 
     </span>
    </p>
   </div>
   <div class='ocr_carea' id='block_1_48' title="bbox 418 3172 2037 3248">
    <p class='ocr_par' dir='ltr' id='par_1_48' title="bbox 418 3172 2037 3248">
     <span class='ocr_line' id='line_1_48' title="bbox 418 3172 2037 3248; baseline 0.004 -23"><span class='ocrx_word' id='word_1_329' title='bbox 418 3173 549 3228; x_wconf 88' lang='lat' dir='ltr'><strong>dicti</strong></span> <span class='ocrx_word' id='word_1_330' title='bbox 608 3172 891 3248; x_wconf 79' lang='lat' dir='ltr'><strong>suffragia,</strong></span> <span class='ocrx_word' id='word_1_331' title='bbox 946 3180 1218 3244; x_wconf 90' lang='lat' dir='ltr'><strong>quatenus</strong></span> <span class='ocrx_word' id='word_1_332' title='bbox 1275 3173 1639 3230; x_wconf 74' lang='lat' dir='ltr'><strong>subvenirent</strong></span> <span class='ocrx_word' id='word_1_333' title='bbox 1693 3176 1915 3245; x_wconf 87' lang='lat' dir='ltr'><strong>misero,</strong></span> <span class='ocrx_word' id='word_1_334' title='bbox 1970 3194 2037 3233; x_wconf 92' lang='lat' dir='ltr'><strong>ne</strong></span> 
     </span>
    </p>
   </div>
   <div class='ocr_carea' id='block_1_49' title="bbox 415 3267 2039 3341">
    <p class='ocr_par' dir='ltr' id='par_1_49' title="bbox 415 3267 2039 3341">
     <span class='ocr_line' id='line_1_49' title="bbox 415 3267 2039 3341; baseline 0.002 -19"><span class='ocrx_word' id='word_1_335' title='bbox 415 3282 606 3336; x_wconf 72' lang='lat' dir='ltr'><strong>paucae</strong></span> <span class='ocrx_word' id='word_1_336' title='bbox 658 3283 782 3338; x_wconf 78' lang='lat' dir='ltr'><strong>quae</strong></span> <span class='ocrx_word' id='word_1_337' title='bbox 849 3273 1175 3337; x_wconf 89' lang='lat' dir='ltr'><strong>supererant</strong></span> <span class='ocrx_word' id='word_1_338' title='bbox 1226 3267 1423 3322; x_wconf 80' lang='lat' dir='ltr'><strong>animae</strong></span> <span class='ocrx_word' id='word_1_339' title='bbox 1477 3268 1728 3340; x_wconf 86' lang='lat' dir='ltr'><strong>reliquiae</strong></span> <span class='ocrx_word' id='word_1_340' title='bbox 1786 3272 2039 3341; x_wconf 90' lang='lat' dir='ltr'><strong>protinus</strong></span> 
     </span>
    </p>
   </div>
   <div class='ocr_carea' id='block_1_50' title="bbox 413 3354 2034 3433">
    <p class='ocr_par' dir='ltr' id='par_1_50' title="bbox 413 3354 2034 3433">
     <span class='ocr_line' id='line_1_50' title="bbox 413 3354 2034 3433; baseline 0.001 -19"><span class='ocrx_word' id='word_1_341' title='bbox 413 3359 783 3414; x_wconf 84' lang='lat' dir='ltr'><strong>elaberentur.</strong></span> <span class='ocrx_word' id='word_1_342' title='bbox 827 3356 1075 3427; x_wconf 81' lang='lat' dir='ltr'><strong>Denique</strong></span> <span class='ocrx_word' id='word_1_343' title='bbox 1108 3354 1540 3412; x_wconf 89' lang='lat' dir='ltr'><strong>formidabamus</strong></span> <span class='ocrx_word' id='word_1_344' title='bbox 1579 3374 1672 3426; x_wconf 90' lang='lat' dir='ltr'><strong>ne,</strong></span> <span class='ocrx_word' id='word_1_345' title='bbox 1703 3358 1750 3412; x_wconf 91' lang='lat' dir='ltr'><strong>si</strong></span> <span class='ocrx_word' id='word_1_346' title='bbox 1781 3359 1873 3414; x_wconf 90' lang='lat' dir='ltr'><strong>ille</strong></span> <span class='ocrx_word' id='word_1_347' title='bbox 1919 3361 2034 3433; x_wconf 88' lang='lat' dir='ltr'><strong>spi-</strong></span> 
     </span>
    </p>
   </div>
   <div class='ocr_carea' id='block_1_51' title="bbox 412 3452 2033 3525">
    <p class='ocr_par' dir='ltr' id='par_1_51' title="bbox 412 3452 2033 3525">
     <span class='ocr_line' id='line_1_51' title="bbox 412 3452 2033 3525; baseline 0.001 -15"><span class='ocrx_word' id='word_1_348' title='bbox 412 3456 574 3511; x_wconf 91' lang='lat' dir='ltr'><strong>ritum</strong></span> <span class='ocrx_word' id='word_1_349' title='bbox 633 3454 935 3519; x_wconf 87' lang='lat' dir='ltr'><strong>exhalaret,</strong></span> <span class='ocrx_word' id='word_1_350' title='bbox 996 3452 1455 3508; x_wconf 89' lang='lat' dir='ltr'><strong>intermitteretur</strong></span> <span class='ocrx_word' id='word_1_351' title='bbox 1509 3469 1671 3525; x_wconf 89' lang='lat' dir='ltr'><strong>opus,</strong></span> <span class='ocrx_word' id='word_1_352' title='bbox 1728 3456 2033 3512; x_wconf 81' lang='lat' dir='ltr'><strong>contractis</strong></span> 
     </span>
    </p>
   </div>
   <div class='ocr_carea' id='block_1_52' title="bbox 413 3545 2034 3620">
    <p class='ocr_par' dir='ltr' id='par_1_52' title="bbox 413 3545 2034 3620">
     <span class='ocr_line' id='line_1_52' title="bbox 413 3545 2034 3620; baseline 0.001 -17"><span class='ocrx_word' id='word_1_353' title='bbox 413 3548 617 3603; x_wconf 88' lang='lat' dir='ltr'><strong>animis</strong></span> <span class='ocrx_word' id='word_1_354' title='bbox 648 3546 797 3612; x_wconf 68' lang='lat' dir='ltr'><strong>vulgi</strong></span> <span class='ocrx_word' id='word_1_355' title='bbox 849 3545 1035 3612; x_wconf 88' lang='lat' dir='ltr'><strong>totius,</strong></span> <span class='ocrx_word' id='word_1_356' title='bbox 1080 3546 1226 3615; x_wconf 90' lang='lat' dir='ltr'><strong>quod</strong></span> <span class='ocrx_word' id='word_1_357' title='bbox 1260 3554 1367 3601; x_wconf 90' lang='lat' dir='ltr'><strong>tam</strong></span> <span class='ocrx_word' id='word_1_358' title='bbox 1397 3547 1664 3617; x_wconf 84' lang='lat' dir='ltr'><strong>pecunias</strong></span> <span class='ocrx_word' id='word_1_359' title='bbox 1707 3565 1869 3620; x_wconf 88' lang='lat' dir='ltr'><strong>quam</strong></span> <span class='ocrx_word' id='word_1_360' title='bbox 1911 3565 2034 3605; x_wconf 90' lang='lat' dir='ltr'><strong>cor-</strong></span> 
     </span>
    </p>
   </div>
   <div class='ocr_carea' id='block_1_53' title="bbox 413 3641 2035 3716">
    <p class='ocr_par' dir='ltr' id='par_1_53' title="bbox 413 3641 2035 3716">
     <span class='ocr_line' id='line_1_53' title="bbox 413 3641 2035 3716; baseline 0.001 -16"><span class='ocrx_word' id='word_1_361' title='bbox 413 3660 607 3716; x_wconf 91' lang='lat' dir='ltr'><strong>porum</strong></span> <span class='ocrx_word' id='word_1_362' title='bbox 638 3643 784 3699; x_wconf 90' lang='lat' dir='ltr'><strong>vircs</strong></span> <span class='ocrx_word' id='word_1_363' title='bbox 814 3642 1059 3698; x_wconf 88' lang='lat' dir='ltr'><strong>certatim</strong></span> <span class='ocrx_word' id='word_1_364' title='bbox 1091 3641 1244 3712; x_wconf 85' lang='lat' dir='ltr'><strong>Operi</strong></span> <span class='ocrx_word' id='word_1_365' title='bbox 1280 3641 1624 3712; x_wconf 85' lang='lat' dir='ltr'><strong>perﬁciendo</strong></span> <span class='ocrx_word' id='word_1_366' title='bbox 1654 3643 2035 3714; x_wconf 86' lang='lat' dir='ltr'><strong>impendebat.</strong></span> 
     </span>
    </p>
   </div>
   <div class='ocr_carea' id='block_1_54' title="bbox 415 3730 2038 3804">
    <p class='ocr_par' dir='ltr' id='par_1_54' title="bbox 415 3730 2038 3804">
     <span class='ocr_line' id='line_1_54' title="bbox 415 3730 2038 3804; baseline -0.001 -16"><span class='ocrx_word' id='word_1_367' title='bbox 415 3733 567 3798; x_wconf 91' lang='lat' dir='ltr'><strong>Quod</strong></span> <span class='ocrx_word' id='word_1_368' title='bbox 599 3733 857 3804; x_wconf 84' lang='lat' dir='ltr'><strong>quoniam</strong></span> <span class='ocrx_word' id='word_1_369' title='bbox 903 3730 1111 3785; x_wconf 89' lang='lat' dir='ltr'><strong>mobile</strong></span> <span class='ocrx_word' id='word_1_370' title='bbox 1145 3736 1251 3797; x_wconf 90' lang='lat' dir='ltr'><strong>est,</strong></span> <span class='ocrx_word' id='word_1_371' title='bbox 1309 3738 1364 3785; x_wconf 93' lang='lat' dir='ltr'><strong>et</strong></span> <span class='ocrx_word' id='word_1_372' title='bbox 1413 3732 1465 3785; x_wconf 90' lang='lat' dir='ltr'><strong>in</strong></span> <span class='ocrx_word' id='word_1_373' title='bbox 1499 3748 1886 3803; x_wconf 88' lang='lat' dir='ltr'><strong>quamcunque</strong></span> <span class='ocrx_word' id='word_1_374' title='bbox 1919 3748 2038 3803; x_wconf 89' lang='lat' dir='ltr'><strong>par-</strong></span> 
     </span>
    </p>
   </div>
   <div class='ocr_carea' id='block_1_55' title="bbox 412 3820 2036 3890">
    <p class='ocr_par' dir='ltr' id='par_1_55' title="bbox 412 3820 2036 3890">
     <span class='ocr_line' id='line_1_55' title="bbox 412 3820 2036 3890; baseline -0.002 -12"><span class='ocrx_word' id='word_1_375' title='bbox 412 3832 521 3878; x_wconf 90' lang='lat' dir='ltr'><strong>tem</strong></span> <span class='ocrx_word' id='word_1_376' title='bbox 548 3822 748 3877; x_wconf 90' lang='lat' dir='ltr'><strong>mentis</strong></span> <span class='ocrx_word' id='word_1_377' title='bbox 779 3820 970 3875; x_wconf 90' lang='lat' dir='ltr'><strong>levitas</strong></span> <span class='ocrx_word' id='word_1_378' title='bbox 1018 3820 1321 3890; x_wconf 90' lang='lat' dir='ltr'><strong>impulerit,</strong></span> <span class='ocrx_word' id='word_1_379' title='bbox 1372 3835 1526 3874; x_wconf 91' lang='lat' dir='ltr'><strong>more</strong></span> <span class='ocrx_word' id='word_1_380' title='bbox 1564 3821 1854 3875; x_wconf 89' lang='lat' dir='ltr'><strong>arundinis</strong></span> <span class='ocrx_word' id='word_1_381' title='bbox 1902 3837 2036 3876; x_wconf 89' lang='lat' dir='ltr'><strong>aura</strong></span> 
     </span>
    </p>
   </div>
   <div class='ocr_carea' id='block_1_56' title="bbox 413 3912 2034 3981">
    <p class='ocr_par' dir='ltr' id='par_1_56' title="bbox 413 3912 2034 3981">
     <span class='ocr_line' id='line_1_56' title="bbox 413 3912 2034 3981; baseline 0 -10"><span class='ocrx_word' id='word_1_382' title='bbox 413 3925 702 3972; x_wconf 88' lang='lat' dir='ltr'><strong>commotae</strong></span> <span class='ocrx_word' id='word_1_383' title='bbox 752 3914 1072 3981; x_wconf 88' lang='lat' dir='ltr'><strong>inﬂectitur,</strong></span> <span class='ocrx_word' id='word_1_384' title='bbox 1135 3912 1381 3968; x_wconf 86' lang='lat' dir='ltr'><strong>fortassis</strong></span> <span class='ocrx_word' id='word_1_385' title='bbox 1444 3915 1884 3971; x_wconf 86' lang='lat' dir='ltr'><strong>immurmuraret</strong></span> <span class='ocrx_word' id='word_1_386' title='bbox 1931 3916 2034 3970; x_wconf 89' lang='lat' dir='ltr'><strong>Pa-</strong></span> 
     </span>
    </p>
   </div>
   <div class='ocr_carea' id='block_1_57' title="bbox 415 4004 2023 4077">
    <p class='ocr_par' dir='ltr' id='par_1_57' title="bbox 415 4004 2023 4077">
     <span class='ocr_line' id='line_1_57' title="bbox 415 4004 2023 4077; baseline -0.001 -14"><span class='ocrx_word' id='word_1_387' title='bbox 415 4016 555 4063; x_wconf 89' lang='lat' dir='ltr'><strong>trem</strong></span> <span class='ocrx_word' id='word_1_388' title='bbox 595 4007 955 4061; x_wconf 88' lang='lat' dir='ltr'><strong>Benedictum</strong></span> <span class='ocrx_word' id='word_1_389' title='bbox 1011 4004 1218 4059; x_wconf 87' lang='lat' dir='ltr'><strong>nullam</strong></span> <span class='ocrx_word' id='word_1_390' title='bbox 1278 4004 1452 4075; x_wconf 92' lang='lat' dir='ltr'><strong>ipsius</strong></span> <span class='ocrx_word' id='word_1_391' title='bbox 1480 4005 1584 4060; x_wconf 91' lang='lat' dir='ltr'><strong>loci</strong></span> <span class='ocrx_word' id='word_1_392' title='bbox 1619 4007 2023 4077; x_wconf 83' lang='lat' dir='ltr'><strong>providentiam</strong></span> 
     </span>
    </p>
   </div>
   <div class='ocr_carea' id='block_1_58' title="bbox 416 4096 2025 4168">
    <p class='ocr_par' dir='ltr' id='par_1_58' title="bbox 416 4096 2025 4168">
     <span class='ocr_line' id='line_1_58' title="bbox 416 4096 2025 4168; baseline 0.001 -15"><span class='ocrx_word' id='word_1_393' title='bbox 416 4100 641 4163; x_wconf 89' lang='lat' dir='ltr'><strong>habere,</strong></span> <span class='ocrx_word' id='word_1_394' title='bbox 674 4114 776 4152; x_wconf 91' lang='lat' dir='ltr'><strong>nec</strong></span> <span class='ocrx_word' id='word_1_395' title='bbox 807 4113 1018 4162; x_wconf 87' lang='lat' dir='ltr'><strong>curare,</strong></span> <span class='ocrx_word' id='word_1_396' title='bbox 1058 4096 1104 4149; x_wconf 87' lang='lat' dir='ltr'><strong>si</strong></span> <span class='ocrx_word' id='word_1_397' title='bbox 1138 4096 1272 4167; x_wconf 89' lang='lat' dir='ltr'><strong>quid</strong></span> <span class='ocrx_word' id='word_1_398' title='bbox 1304 4097 1516 4152; x_wconf 89' lang='lat' dir='ltr'><strong>adversi</strong></span> <span class='ocrx_word' id='word_1_399' title='bbox 1548 4098 1702 4168; x_wconf 84' lang='lat' dir='ltr'><strong>Operi</strong></span> <span class='ocrx_word' id='word_1_400' title='bbox 1738 4099 1815 4152; x_wconf 94' lang='lat' dir='ltr'><strong>illi</strong></span> <span class='ocrx_word' id='word_1_401' title='bbox 1849 4099 2025 4154; x_wconf 88' lang='lat' dir='ltr'><strong>inter-</strong></span> 
     </span>
    </p>
   </div>
   <div class='ocr_carea' id='block_1_59' title="bbox 413 4187 2021 4263">
    <p class='ocr_par' dir='ltr' id='par_1_59' title="bbox 413 4187 2021 4263">
     <span class='ocr_line' id='line_1_59' title="bbox 413 4187 2021 4263; baseline -0.001 -16"><span class='ocrx_word' id='word_1_402' title='bbox 413 4192 655 4247; x_wconf 89' lang='lat' dir='ltr'><strong>cederet.</strong></span> <span class='ocrx_word' id='word_1_403' title='bbox 688 4189 952 4244; x_wconf 85' lang='lat' dir='ltr'><strong>Levantes</strong></span> <span class='ocrx_word' id='word_1_404' title='bbox 984 4187 1418 4262; x_wconf 85' lang='lat' dir='ltr'><strong>igiturjuvenem</strong></span> <span class='ocrx_word' id='word_1_405' title='bbox 1443 4188 1808 4251; x_wconf 80' lang='lat' dir='ltr'><strong>debilitatum.</strong></span> <span class='ocrx_word' id='word_1_406' title='bbox 1843 4191 2021 4263; x_wconf 90' lang='lat' dir='ltr'><strong>depo-</strong></span> 
     </span>
    </p>
   </div>
   <div class='ocr_carea' id='block_1_60' title="bbox 412 4277 2021 4353">
    <p class='ocr_par' dir='ltr' id='par_1_60' title="bbox 412 4277 2021 4353">
     <span class='ocr_line' id='line_1_60' title="bbox 412 4277 2021 4353; baseline 0.001 -17"><span class='ocrx_word' id='word_1_407' title='bbox 412 4288 645 4336; x_wconf 89' lang='lat' dir='ltr'><strong>suerunt</strong></span> <span class='ocrx_word' id='word_1_408' title='bbox 666 4296 790 4334; x_wconf 91' lang='lat' dir='ltr'><strong>eum</strong></span> <span class='ocrx_word' id='word_1_409' title='bbox 836 4287 962 4333; x_wconf 89' lang='lat' dir='ltr'><strong>ante</strong></span> <span class='ocrx_word' id='word_1_410' title='bbox 989 4278 1158 4332; x_wconf 88' lang='lat' dir='ltr'><strong>altare</strong></span> <span class='ocrx_word' id='word_1_411' title='bbox 1200 4278 1294 4332; x_wconf 89' lang='lat' dir='ltr'><strong>Dei</strong></span> <span class='ocrx_word' id='word_1_412' title='bbox 1327 4277 1639 4344; x_wconf 82' lang='lat' dir='ltr'><strong>Genitricis,</strong></span> <span class='ocrx_word' id='word_1_413' title='bbox 1672 4281 1821 4351; x_wconf 91' lang='lat' dir='ltr'><strong>quod</strong></span> <span class='ocrx_word' id='word_1_414' title='bbox 1851 4297 2021 4353; x_wconf 90' lang='lat' dir='ltr'><strong>prope</strong></span> 
     </span>
    </p>
   </div>
   <div class='ocr_carea' id='block_1_61' title="bbox 2143 1714 3788 1779">
    <p class='ocr_par' dir='ltr' id='par_1_61' title="bbox 2143 1714 3788 1779">
     <span class='ocr_line' id='line_1_61' title="bbox 2143 1714 3788 1779; baseline -0.004 -6"><span class='ocrx_word' id='word_1_415' title='bbox 2143 1717 2418 1773; x_wconf 86' lang='lat' dir='ltr'><strong>assiduam</strong></span> <span class='ocrx_word' id='word_1_416' title='bbox 2452 1715 2968 1779; x_wconf 87' lang='lat' dir='ltr'><strong>debacchationem,</strong></span> <span class='ocrx_word' id='word_1_417' title='bbox 3013 1730 3082 1769; x_wconf 90' lang='lat' dir='ltr'><strong>ne</strong></span> <span class='ocrx_word' id='word_1_418' title='bbox 3114 1714 3339 1770; x_wconf 89' lang='lat' dir='ltr'><strong>obtutus</strong></span> <span class='ocrx_word' id='word_1_419' title='bbox 3367 1730 3504 1770; x_wconf 86' lang='lat' dir='ltr'><strong>sese</strong></span> <span class='ocrx_word' id='word_1_420' title='bbox 3560 1714 3788 1769; x_wconf 86' lang='lat' dir='ltr'><strong>intuen-</strong></span> 
     </span>
    </p>
   </div>
   <div class='ocr_carea' id='block_1_62' title="bbox 2145 1806 3785 1881">
    <p class='ocr_par' dir='ltr' id='par_1_62' title="bbox 2145 1806 3785 1881">
     <span class='ocr_line' id='line_1_62' title="bbox 2145 1806 3785 1881; baseline -0.005 -16"><span class='ocrx_word' id='word_1_421' title='bbox 2145 1811 2279 1865; x_wconf 90' lang='lat' dir='ltr'><strong>tium</strong></span> <span class='ocrx_word' id='word_1_422' title='bbox 2312 1808 2635 1865; x_wconf 75' lang='lat' dir='ltr'><strong>offenderet.</strong></span> <span class='ocrx_word' id='word_1_423' title='bbox 2670 1807 2890 1863; x_wconf 91' lang='lat' dir='ltr'><strong>Positus</strong></span> <span class='ocrx_word' id='word_1_424' title='bbox 2918 1822 3049 1881; x_wconf 87' lang='lat' dir='ltr'><strong>ergo</strong></span> <span class='ocrx_word' id='word_1_425' title='bbox 3100 1814 3226 1861; x_wconf 87' lang='lat' dir='ltr'><strong>ante</strong></span> <span class='ocrx_word' id='word_1_426' title='bbox 3268 1808 3383 1879; x_wconf 88' lang='lat' dir='ltr'><strong>jam</strong></span> <span class='ocrx_word' id='word_1_427' title='bbox 3430 1807 3667 1862; x_wconf 87' lang='lat' dir='ltr'><strong>dictam</strong></span> <span class='ocrx_word' id='word_1_428' title='bbox 3702 1806 3785 1859; x_wconf 85' lang='lat' dir='ltr'><strong>Dei</strong></span> 
     </span>
    </p>
   </div>
   <div class='ocr_carea' id='block_1_63' title="bbox 2143 1895 3785 1970">
    <p class='ocr_par' dir='ltr' id='par_1_63' title="bbox 2143 1895 3785 1970">
     <span class='ocr_line' id='line_1_63' title="bbox 2143 1895 3785 1970; baseline -0.005 -16"><span class='ocrx_word' id='word_1_429' title='bbox 2143 1898 2329 1954; x_wconf 85' lang='lat' dir='ltr'><strong>Matris</strong></span> <span class='ocrx_word' id='word_1_430' title='bbox 2372 1914 2547 1965; x_wconf 89' lang='lat' dir='ltr'><strong>aram,</strong></span> <span class='ocrx_word' id='word_1_431' title='bbox 2592 1896 2932 1967; x_wconf 79' lang='lat' dir='ltr'><strong>pernoctavit</strong></span> <span class='ocrx_word' id='word_1_432' title='bbox 2970 1899 3024 1950; x_wconf 92' lang='lat' dir='ltr'><strong>in</strong></span> <span class='ocrx_word' id='word_1_433' title='bbox 3078 1895 3274 1951; x_wconf 90' lang='lat' dir='ltr'><strong>eodem</strong></span> <span class='ocrx_word' id='word_1_434' title='bbox 3331 1896 3460 1951; x_wconf 90' lang='lat' dir='ltr'><strong>loco</strong></span> <span class='ocrx_word' id='word_1_435' title='bbox 3511 1896 3785 1970; x_wconf 80' lang='lat' dir='ltr'><strong>ignorans</strong></span> 
     </span>
    </p>
   </div>
   <div class='ocr_carea' id='block_1_64' title="bbox 2143 1984 3782 2061">
    <p class='ocr_par' dir='ltr' id='par_1_64' title="bbox 2143 1984 3782 2061">
     <span class='ocr_line' id='line_1_64' title="bbox 2143 1984 3782 2061; baseline -0.005 -16"><span class='ocrx_word' id='word_1_436' title='bbox 2143 1988 2366 2061; x_wconf 88' lang='lat' dir='ltr'><strong>penitus</strong></span> <span class='ocrx_word' id='word_1_437' title='bbox 2395 2004 2453 2043; x_wconf 92' lang='lat' dir='ltr'><strong>se</strong></span> <span class='ocrx_word' id='word_1_438' title='bbox 2484 1987 2692 2043; x_wconf 89' lang='lat' dir='ltr'><strong>ibidem</strong></span> <span class='ocrx_word' id='word_1_439' title='bbox 2728 2002 2849 2041; x_wconf 91' lang='lat' dir='ltr'><strong>esse</strong></span> <span class='ocrx_word' id='word_1_440' title='bbox 2905 1988 2965 2038; x_wconf 85' lang='lat' dir='ltr'><strong>At</strong></span> <span class='ocrx_word' id='word_1_441' title='bbox 2995 1984 3125 2040; x_wconf 91' lang='lat' dir='ltr'><strong>dum</strong></span> <span class='ocrx_word' id='word_1_442' title='bbox 3153 2000 3367 2039; x_wconf 77' lang='lat' dir='ltr'><strong>aurorae</strong></span> <span class='ocrx_word' id='word_1_443' title='bbox 3402 1985 3671 2041; x_wconf 87' lang='lat' dir='ltr'><strong>circulus</strong></span> <span class='ocrx_word' id='word_1_444' title='bbox 3694 1985 3782 2037; x_wconf 83' lang='lat' dir='ltr'><strong>ad-</strong></span> 
     </span>
    </p>
   </div>
   <div class='ocr_carea' id='block_1_65' title="bbox 2091 2080 3775 2159">
    <p class='ocr_par' dir='ltr' id='par_1_65' title="bbox 2091 2080 3775 2159">
     <span class='ocr_line' id='line_1_65' title="bbox 2091 2080 3775 2159; baseline -0.002 -21"><span class='ocrx_word' id='word_1_445' title='bbox 2091 2088 2099 2094; x_wconf 86' lang='grc'><em>’</em></span> <span class='ocrx_word' id='word_1_446' title='bbox 2144 2085 2249 2140; x_wconf 90' lang='lat' dir='ltr'><strong>huc</strong></span> <span class='ocrx_word' id='word_1_447' title='bbox 2287 2084 2603 2159; x_wconf 86' lang='lat' dir='ltr'><strong>ambiguam</strong></span> <span class='ocrx_word' id='word_1_448' title='bbox 2646 2083 2848 2149; x_wconf 90' lang='lat' dir='ltr'><strong>lucem,</strong></span> <span class='ocrx_word' id='word_1_449' title='bbox 2893 2080 3301 2137; x_wconf 87' lang='lat' dir='ltr'><strong>rarescentibus</strong></span> <span class='ocrx_word' id='word_1_450' title='bbox 3330 2082 3450 2153; x_wconf 90' lang='lat' dir='ltr'><strong>jam</strong></span> <span class='ocrx_word' id='word_1_451' title='bbox 3494 2081 3775 2145; x_wconf 86' lang='lat' dir='ltr'><strong>tenebris,</strong></span> 
     </span>
    </p>
   </div>
   <div class='ocr_carea' id='block_1_66' title="bbox 2145 2176 3778 2247">
    <p class='ocr_par' dir='ltr' id='par_1_66' title="bbox 2145 2176 3778 2247">
     <span class='ocr_line' id='line_1_66' title="bbox 2145 2176 3778 2247; baseline -0.005 -11"><span class='ocrx_word' id='word_1_452' title='bbox 2145 2180 2351 2236; x_wconf 91' lang='lat' dir='ltr'><strong>mundo</strong></span> <span class='ocrx_word' id='word_1_453' title='bbox 2391 2177 2642 2245; x_wconf 89' lang='lat' dir='ltr'><strong>inferret,</strong></span> <span class='ocrx_word' id='word_1_454' title='bbox 2678 2176 2883 2232; x_wconf 86' lang='lat' dir='ltr'><strong>relatus</strong></span> <span class='ocrx_word' id='word_1_455' title='bbox 2909 2176 2978 2230; x_wconf 91' lang='lat' dir='ltr'><strong>ab</strong></span> <span class='ocrx_word' id='word_1_456' title='bbox 3018 2176 3209 2231; x_wconf 87' lang='lat' dir='ltr'><strong>amicis</strong></span> <span class='ocrx_word' id='word_1_457' title='bbox 3238 2177 3470 2247; x_wconf 89' lang='lat' dir='ltr'><strong>proprio</strong></span> <span class='ocrx_word' id='word_1_458' title='bbox 3496 2176 3778 2231; x_wconf 75' lang='lat' dir='ltr'><strong>invehitur</strong></span> 
     </span>
    </p>
   </div>
   <div class='ocr_carea' id='block_1_67' title="bbox 2140 2266 3766 2338">
    <p class='ocr_par' dir='ltr' id='par_1_67' title="bbox 2140 2266 3766 2338">
     <span class='ocr_line' id='line_1_67' title="bbox 2140 2266 3766 2338; baseline -0.006 -13"><span class='ocrx_word' id='word_1_459' title='bbox 2140 2270 2441 2337; x_wconf 88' lang='lat' dir='ltr'><strong>domicilio,</strong></span> <span class='ocrx_word' id='word_1_460' title='bbox 2493 2268 2714 2323; x_wconf 90' lang='lat' dir='ltr'><strong>nescius</strong></span> <span class='ocrx_word' id='word_1_461' title='bbox 2760 2284 2820 2323; x_wconf 87' lang='lat' dir='ltr'><strong>se</strong></span> <span class='ocrx_word' id='word_1_462' title='bbox 2862 2268 3183 2338; x_wconf 81' lang='lat' dir='ltr'><strong>productum</strong></span> <span class='ocrx_word' id='word_1_463' title='bbox 3232 2266 3299 2320; x_wconf 88' lang='lat' dir='ltr'><strong>ab</strong></span> <span class='ocrx_word' id='word_1_464' title='bbox 3340 2266 3468 2337; x_wconf 91' lang='lat' dir='ltr'><strong>ipso</strong></span> <span class='ocrx_word' id='word_1_465' title='bbox 3513 2267 3766 2321; x_wconf 90' lang='lat' dir='ltr'><strong>omnino.</strong></span> 
     </span>
    </p>
   </div>
   <div class='ocr_carea' id='block_1_68' title="bbox 2143 2358 3767 2431">
    <p class='ocr_par' dir='ltr' id='par_1_68' title="bbox 2143 2358 3767 2431">
     <span class='ocr_line' id='line_1_68' title="bbox 2143 2358 3767 2431; baseline -0.006 -14"><span class='ocrx_word' id='word_1_466' title='bbox 2143 2362 2275 2417; x_wconf 85' lang='lat' dir='ltr'><strong>Exin</strong></span> <span class='ocrx_word' id='word_1_467' title='bbox 2323 2376 2454 2417; x_wconf 90' lang='lat' dir='ltr'><strong>vero</strong></span> <span class='ocrx_word' id='word_1_468' title='bbox 2518 2359 2784 2416; x_wconf 90' lang='lat' dir='ltr'><strong>memoria</strong></span> <span class='ocrx_word' id='word_1_469' title='bbox 2843 2358 3108 2431; x_wconf 88' lang='lat' dir='ltr'><strong>paulatim</strong></span> <span class='ocrx_word' id='word_1_470' title='bbox 3159 2367 3501 2424; x_wconf 88' lang='lat' dir='ltr'><strong>revertente,</strong></span> <span class='ocrx_word' id='word_1_471' title='bbox 3576 2358 3767 2412; x_wconf 80' lang='lat' dir='ltr'><strong>mentis</strong></span> 
     </span>
    </p>
   </div>
   <div class='ocr_carea' id='block_1_69' title="bbox 2140 2448 3765 2525">
    <p class='ocr_par' dir='ltr' id='par_1_69' title="bbox 2140 2448 3765 2525">
     <span class='ocr_line' id='line_1_69' title="bbox 2140 2448 3765 2525; baseline -0.006 -16"><span class='ocrx_word' id='word_1_472' title='bbox 2140 2454 2348 2510; x_wconf 86' lang='lat' dir='ltr'><strong>oblivio</strong></span> <span class='ocrx_word' id='word_1_473' title='bbox 2380 2470 2504 2525; x_wconf 76' lang='lat' dir='ltr'><strong>quae</strong></span> <span class='ocrx_word' id='word_1_474' title='bbox 2543 2469 2639 2524; x_wconf 89' lang='lat' dir='ltr'><strong>per</strong></span> <span class='ocrx_word' id='word_1_475' title='bbox 2691 2452 2877 2522; x_wconf 90' lang='lat' dir='ltr'><strong>plures</strong></span> <span class='ocrx_word' id='word_1_476' title='bbox 2903 2451 3220 2506; x_wconf 88' lang='lat' dir='ltr'><strong>obtinuerat</strong></span> <span class='ocrx_word' id='word_1_477' title='bbox 3248 2448 3419 2509; x_wconf 88' lang='lat' dir='ltr'><strong>soles.</strong></span> <span class='ocrx_word' id='word_1_478' title='bbox 3459 2449 3652 2519; x_wconf 91' lang='lat' dir='ltr'><strong>ipsum</strong></span> <span class='ocrx_word' id='word_1_479' title='bbox 3681 2448 3765 2500; x_wconf 81' lang='lat' dir='ltr'><strong>de-</strong></span> 
     </span>
    </p>
   </div>
   <div class='ocr_carea' id='block_1_70' title="bbox 2140 2539 3764 2615">
    <p class='ocr_par' dir='ltr' id='par_1_70' title="bbox 2140 2539 3764 2615">
     <span class='ocr_line' id='line_1_70' title="bbox 2140 2539 3764 2615; baseline -0.004 -17"><span class='ocrx_word' id='word_1_480' title='bbox 2140 2545 2335 2611; x_wconf 87' lang='lat' dir='ltr'><strong>seruit,</strong></span> <span class='ocrx_word' id='word_1_481' title='bbox 2366 2552 2531 2615; x_wconf 88' lang='lat' dir='ltr'><strong>atque</strong></span> <span class='ocrx_word' id='word_1_482' title='bbox 2565 2541 2708 2596; x_wconf 90' lang='lat' dir='ltr'><strong>infra</strong></span> <span class='ocrx_word' id='word_1_483' title='bbox 2736 2540 3038 2608; x_wconf 89' lang='lat' dir='ltr'><strong>modicum,</strong></span> <span class='ocrx_word' id='word_1_484' title='bbox 3079 2539 3323 2611; x_wconf 90' lang='lat' dir='ltr'><strong>perfecte</strong></span> <span class='ocrx_word' id='word_1_485' title='bbox 3355 2540 3587 2610; x_wconf 89' lang='lat' dir='ltr'><strong>recepit</strong></span> <span class='ocrx_word' id='word_1_486' title='bbox 3616 2555 3764 2609; x_wconf 82' lang='lat' dir='ltr'><strong>quem</strong></span> 
     </span>
    </p>
   </div>
   <div class='ocr_carea' id='block_1_71' title="bbox 2140 2631 3765 2707">
    <p class='ocr_par' dir='ltr' id='par_1_71' title="bbox 2140 2631 3765 2707">
     <span class='ocr_line' id='line_1_71' title="bbox 2140 2631 3765 2707; baseline -0.004 -17"><span class='ocrx_word' id='word_1_487' title='bbox 2140 2635 2401 2690; x_wconf 88' lang='lat' dir='ltr'><strong>amiserat</strong></span> <span class='ocrx_word' id='word_1_488' title='bbox 2450 2634 2814 2699; x_wconf 90' lang='lat' dir='ltr'><strong>intellectum,</strong></span> <span class='ocrx_word' id='word_1_489' title='bbox 2860 2631 3374 2707; x_wconf 89' lang='lat' dir='ltr'><strong>congratulantibus</strong></span> <span class='ocrx_word' id='word_1_490' title='bbox 3405 2631 3522 2685; x_wconf 91' lang='lat' dir='ltr'><strong>sibi</strong></span> <span class='ocrx_word' id='word_1_491' title='bbox 3578 2631 3765 2687; x_wconf 82' lang='lat' dir='ltr'><strong>vicinis</strong></span> 
     </span>
    </p>
   </div>
   <div class='ocr_carea' id='block_1_72' title="bbox 2141 2719 3760 2799">
    <p class='ocr_par' dir='ltr' id='par_1_72' title="bbox 2141 2719 3760 2799">
     <span class='ocr_line' id='line_1_72' title="bbox 2141 2719 3760 2799; baseline -0.004 -20"><span class='ocrx_word' id='word_1_492' title='bbox 2141 2724 2491 2799; x_wconf 88' lang='lat' dir='ltr'><strong>etcognatis,</strong></span> <span class='ocrx_word' id='word_1_493' title='bbox 2532 2729 2698 2794; x_wconf 91' lang='lat' dir='ltr'><strong>atque</strong></span> <span class='ocrx_word' id='word_1_494' title='bbox 2739 2722 2808 2776; x_wconf 91' lang='lat' dir='ltr'><strong>de</strong></span> <span class='ocrx_word' id='word_1_495' title='bbox 2847 2722 2969 2791; x_wconf 89' lang='lat' dir='ltr'><strong>ejus</strong></span> <span class='ocrx_word' id='word_1_496' title='bbox 3006 2720 3268 2791; x_wconf 89' lang='lat' dir='ltr'><strong>sospitate</strong></span> <span class='ocrx_word' id='word_1_497' title='bbox 3310 2719 3760 2791; x_wconf 82' lang='lat' dir='ltr'><strong>omnipotentem</strong></span> 
     </span>
    </p>
   </div>
   <div class='ocr_carea' id='block_1_73' title="bbox 2141 2804 2923 2869">
    <p class='ocr_par' dir='ltr' id='par_1_73' title="bbox 2141 2804 2923 2869">
     <span class='ocr_line' id='line_1_73' title="bbox 2141 2804 2923 2869; baseline -0.005 0"><span class='ocrx_word' id='word_1_498' title='bbox 2141 2804 2433 2869; x_wconf 63' lang='lat' dir='ltr'><strong>Doininum</strong></span> <span class='ocrx_word' id='word_1_499' title='bbox 2464 2811 2923 2868; x_wconf 90' lang='lat' dir='ltr'><strong>collaudantibus.</strong></span> 
     </span>
    </p>
   </div>
   <div class='ocr_carea' id='block_1_74' title="bbox 2201 2903 3763 2972">
    <p class='ocr_par' dir='ltr' id='par_1_74' title="bbox 2201 2903 3763 2972">
     <span class='ocr_line' id='line_1_74' title="bbox 2201 2903 3763 2972; baseline -0.005 -11"><span class='ocrx_word' id='word_1_500' title='bbox 2201 2906 2324 2961; x_wconf 78' lang='lat' dir='ltr'><strong>CAP.</strong></span> <span class='ocrx_word' id='word_1_501' title='bbox 2358 2906 2562 2962; x_wconf 80' lang='lat' dir='ltr'><strong>XXXJI.</strong></span> <span class='ocrx_word' id='word_1_502' title='bbox 2596 2936 2664 2945; x_wconf 94' lang='lat'><strong><em>—</em></strong></span> <span class='ocrx_word' id='word_1_503' title='bbox 2698 2905 3091 2958; x_wconf 81' lang='lat' dir='ltr'><strong>Translationis</strong></span> <span class='ocrx_word' id='word_1_504' title='bbox 3119 2904 3317 2971; x_wconf 84' lang='lat' dir='ltr'><strong>festum</strong></span> <span class='ocrx_word' id='word_1_505' title='bbox 3346 2903 3573 2957; x_wconf 70' lang='lat' dir='ltr'><strong>violens</strong></span> <span class='ocrx_word' id='word_1_506' title='bbox 3609 2904 3763 2972; x_wconf 78' lang='grc' dir='ltr'><strong>ιηιηί-</strong></span> 
     </span>
    </p>
   </div>
   <div class='ocr_carea' id='block_1_75' title="bbox 2142 2991 3766 3063">
    <p class='ocr_par' dir='ltr' id='par_1_75' title="bbox 2142 2991 3766 3063">
     <span class='ocr_line' id='line_1_75' title="bbox 2142 2991 3766 3063; baseline -0.004 -12"><span class='ocrx_word' id='word_1_507' title='bbox 2142 3001 2253 3051; x_wconf 84' lang='lat' dir='ltr'><strong>tur.</strong></span> <span class='ocrx_word' id='word_1_508' title='bbox 2296 2998 2458 3050; x_wconf 87' lang='lat' dir='ltr'><strong>Facto</strong></span> <span class='ocrx_word' id='word_1_509' title='bbox 2484 2999 2604 3050; x_wconf 82' lang='lat' dir='ltr'><strong>voto</strong></span> <span class='ocrx_word' id='word_1_510' title='bbox 2638 2995 2827 3049; x_wconf 83' lang='lat' dir='ltr'><strong>melius</strong></span> <span class='ocrx_word' id='word_1_511' title='bbox 2859 3008 2914 3048; x_wconf 89' lang='lat' dir='ltr'><strong>se</strong></span> <span class='ocrx_word' id='word_1_512' title='bbox 2942 2992 3116 3047; x_wconf 82' lang='lat' dir='ltr'><strong>habet.</strong></span> <span class='ocrx_word' id='word_1_513' title='bbox 3168 2991 3579 3047; x_wconf 79' lang='lat' dir='ltr'><strong>Bosonis-villa</strong></span> <span class='ocrx_word' id='word_1_514' title='bbox 3625 3008 3766 3063; x_wconf 60' lang='lat' dir='ltr'><strong>qua-</strong></span> 
     </span>
    </p>
   </div>
   <div class='ocr_carea' id='block_1_76' title="bbox 2142 3083 3761 3156">
    <p class='ocr_par' dir='ltr' id='par_1_76' title="bbox 2142 3083 3761 3156">
     <span class='ocr_line' id='line_1_76' title="bbox 2142 3083 3761 3156; baseline -0.004 -13"><span class='ocrx_word' id='word_1_515' title='bbox 2142 3089 2266 3143; x_wconf 88' lang='lat' dir='ltr'><strong>dam</strong></span> <span class='ocrx_word' id='word_1_516' title='bbox 2296 3087 2470 3142; x_wconf 88' lang='lat' dir='ltr'><strong>sancti</strong></span> <span class='ocrx_word' id='word_1_517' title='bbox 2500 3085 2674 3141; x_wconf 88' lang='lat' dir='ltr'><strong>Patris</strong></span> <span class='ocrx_word' id='word_1_518' title='bbox 2722 3084 2895 3141; x_wconf 90' lang='lat' dir='ltr'><strong>nostri</strong></span> <span class='ocrx_word' id='word_1_519' title='bbox 2927 3084 3121 3139; x_wconf 84' lang='lat' dir='ltr'><strong>dicitur</strong></span> <span class='ocrx_word' id='word_1_520' title='bbox 3152 3083 3461 3156; x_wconf 90' lang='lat' dir='ltr'><strong>possessio,</strong></span> <span class='ocrx_word' id='word_1_521' title='bbox 3482 3083 3643 3152; x_wconf 85' lang='lat' dir='ltr'><strong>juxta</strong></span> <span class='ocrx_word' id='word_1_522' title='bbox 3682 3099 3761 3137; x_wconf 83' lang='lat' dir='ltr'><strong>ea-</strong></span> 
     </span>
    </p>
   </div>
   <div class='ocr_carea' id='block_1_77' title="bbox 2138 3177 3756 3253">
    <p class='ocr_par' dir='ltr' id='par_1_77' title="bbox 2138 3177 3756 3253">
     <span class='ocr_line' id='line_1_77' title="bbox 2138 3177 3756 3253; baseline -0.006 -15"><span class='ocrx_word' id='word_1_523' title='bbox 2138 3191 2308 3238; x_wconf 88' lang='lat' dir='ltr'><strong>strum</strong></span> <span class='ocrx_word' id='word_1_524' title='bbox 2343 3182 2489 3253; x_wconf 91' lang='lat' dir='ltr'><strong>quod</strong></span> <span class='ocrx_word' id='word_1_525' title='bbox 2523 3180 2772 3235; x_wconf 79' lang='lat' dir='ltr'><strong>Petveris</strong></span> <span class='ocrx_word' id='word_1_526' title='bbox 2815 3179 3149 3250; x_wconf 78' lang='lat' dir='ltr'><strong>[Pithiviers,</strong></span> <span class='ocrx_word' id='word_1_527' title='bbox 3184 3178 3239 3231; x_wconf 90' lang='lat' dir='ltr'><strong>in</strong></span> <span class='ocrx_word' id='word_1_528' title='bbox 3270 3177 3474 3248; x_wconf 83' lang='lat' dir='ltr'><strong>Belsia]</strong></span> <span class='ocrx_word' id='word_1_529' title='bbox 3519 3186 3756 3239; x_wconf 82' lang='lat' dir='ltr'><strong>vocatur,</strong></span> 
     </span>
    </p>
   </div>
   <div class='ocr_carea' id='block_1_78' title="bbox 2139 3268 3754 3345">
    <p class='ocr_par' dir='ltr' id='par_1_78' title="bbox 2139 3268 3754 3345">
     <span class='ocr_line' id='line_1_78' title="bbox 2139 3268 3754 3345; baseline -0.005 -17"><span class='ocrx_word' id='word_1_530' title='bbox 2139 3274 2265 3341; x_wconf 89' lang='lat' dir='ltr'><strong>sita,</strong></span> <span class='ocrx_word' id='word_1_531' title='bbox 2291 3273 2347 3327; x_wconf 91' lang='lat' dir='ltr'><strong>in</strong></span> <span class='ocrx_word' id='word_1_532' title='bbox 2378 3289 2487 3345; x_wconf 89' lang='lat' dir='ltr'><strong>qua</strong></span> <span class='ocrx_word' id='word_1_533' title='bbox 2526 3273 2642 3327; x_wconf 87' lang='lat' dir='ltr'><strong>haec</strong></span> <span class='ocrx_word' id='word_1_534' title='bbox 2670 3271 2772 3326; x_wconf 88' lang='lat' dir='ltr'><strong>tria</strong></span> <span class='ocrx_word' id='word_1_535' title='bbox 2821 3286 2945 3342; x_wconf 76' lang='lat' dir='ltr'><strong>quae</strong></span> <span class='ocrx_word' id='word_1_536' title='bbox 3000 3268 3421 3325; x_wconf 87' lang='lat' dir='ltr'><strong>subnotavimus</strong></span> <span class='ocrx_word' id='word_1_537' title='bbox 3475 3268 3648 3340; x_wconf 83' lang='lat' dir='ltr'><strong>signa</strong></span> <span class='ocrx_word' id='word_1_538' title='bbox 3672 3284 3754 3338; x_wconf 84' lang='lat' dir='ltr'><strong>per</strong></span> 
     </span>
    </p>
   </div>
   <div class='ocr_carea' id='block_1_79' title="bbox 2138 3356 3751 3438">
    <p class='ocr_par' dir='ltr' id='par_1_79' title="bbox 2138 3356 3751 3438">
     <span class='ocr_line' id='line_1_79' title="bbox 2138 3356 3751 3438; baseline -0.005 -22"><span class='ocrx_word' id='word_1_539' title='bbox 2138 3364 2368 3438; x_wconf 83' lang='lat' dir='ltr'><strong>gratiam</strong></span> <span class='ocrx_word' id='word_1_540' title='bbox 2401 3378 2565 3434; x_wconf 89' lang='lat' dir='ltr'><strong>quam</strong></span> <span class='ocrx_word' id='word_1_541' title='bbox 2588 3378 2619 3417; x_wconf 79' lang='lat' dir='ltr'><strong>at</strong></span> <span class='ocrx_word' id='word_1_542' title='bbox 2642 3360 2874 3416; x_wconf 89' lang='lat' dir='ltr'><strong>Domino</strong></span> <span class='ocrx_word' id='word_1_543' title='bbox 2907 3359 3051 3414; x_wconf 91' lang='lat' dir='ltr'><strong>idem</strong></span> <span class='ocrx_word' id='word_1_544' title='bbox 3086 3360 3245 3414; x_wconf 89' lang='lat' dir='ltr'><strong>Pater</strong></span> <span class='ocrx_word' id='word_1_545' title='bbox 3271 3356 3611 3429; x_wconf 88' lang='lat' dir='ltr'><strong>promeruit,</strong></span> <span class='ocrx_word' id='word_1_546' title='bbox 3640 3362 3751 3411; x_wconf 90' lang='lat' dir='ltr'><strong>sunt</strong></span> 
     </span>
    </p>
   </div>
   <div class='ocr_carea' id='block_1_80' title="bbox 2135 3450 3749 3528">
    <p class='ocr_par' dir='ltr' id='par_1_80' title="bbox 2135 3450 3749 3528">
     <span class='ocr_line' id='line_1_80' title="bbox 2135 3450 3749 3528; baseline -0.006 -16"><span class='ocrx_word' id='word_1_547' title='bbox 2135 3463 2365 3528; x_wconf 86' lang='lat' dir='ltr'><strong>patrata,</strong></span> <span class='ocrx_word' id='word_1_548' title='bbox 2396 3456 2584 3510; x_wconf 89' lang='lat' dir='ltr'><strong>Mense</strong></span> <span class='ocrx_word' id='word_1_549' title='bbox 2616 3454 2762 3510; x_wconf 89' lang='lat' dir='ltr'><strong>Julio</strong></span> <span class='ocrx_word' id='word_1_550' title='bbox 2793 3453 3081 3508; x_wconf 82' lang='lat' dir='ltr'><strong>translatio</strong></span> <span class='ocrx_word' id='word_1_551' title='bbox 3104 3451 3352 3521; x_wconf 88' lang='lat' dir='ltr'><strong>ejusdem</strong></span> <span class='ocrx_word' id='word_1_552' title='bbox 3390 3450 3631 3522; x_wconf 82' lang='lat' dir='ltr'><strong>gloriosi</strong></span> <span class='ocrx_word' id='word_1_553' title='bbox 3662 3450 3749 3504; x_wconf 87' lang='lat' dir='ltr'><strong>Pa-</strong></span> 
     </span>
    </p>
   </div>
   <div class='ocr_carea' id='block_1_81' title="bbox 2133 3539 3748 3615">
    <p class='ocr_par' dir='ltr' id='par_1_81' title="bbox 2133 3539 3748 3615">
     <span class='ocr_line' id='line_1_81' title="bbox 2133 3539 3748 3615; baseline -0.004 -16"><span class='ocrx_word' id='word_1_554' title='bbox 2133 3545 2233 3600; x_wconf 87' lang='lat' dir='ltr'><strong>tris</strong></span> <span class='ocrx_word' id='word_1_555' title='bbox 2260 3561 2369 3601; x_wconf 89' lang='lat' dir='ltr'><strong>non</strong></span> <span class='ocrx_word' id='word_1_556' title='bbox 2412 3544 2577 3600; x_wconf 89' lang='lat' dir='ltr'><strong>modo</strong></span> <span class='ocrx_word' id='word_1_557' title='bbox 2627 3543 2772 3615; x_wconf 90' lang='lat' dir='ltr'><strong>apud</strong></span> <span class='ocrx_word' id='word_1_558' title='bbox 2822 3542 3026 3609; x_wconf 91' lang='lat' dir='ltr'><strong>Gallos,</strong></span> <span class='ocrx_word' id='word_1_559' title='bbox 3061 3540 3160 3595; x_wconf 89' lang='lat' dir='ltr'><strong>sed</strong></span> <span class='ocrx_word' id='word_1_560' title='bbox 3208 3540 3372 3595; x_wconf 85' lang='lat' dir='ltr'><strong>etiam</strong></span> <span class='ocrx_word' id='word_1_561' title='bbox 3413 3539 3571 3609; x_wconf 87' lang='lat' dir='ltr'><strong>apud</strong></span> <span class='ocrx_word' id='word_1_562' title='bbox 3615 3555 3748 3595; x_wconf 88' lang='lat' dir='ltr'><strong>com-</strong></span> 
     </span>
    </p>
   </div>
   <div class='ocr_carea' id='block_1_82' title="bbox 2139 3634 3747 3712">
    <p class='ocr_par' dir='ltr' id='par_1_82' title="bbox 2139 3634 3747 3712">
     <span class='ocr_line' id='line_1_82' title="bbox 2139 3634 3747 3712; baseline -0.004 -18"><span class='ocrx_word' id='word_1_563' title='bbox 2139 3641 2328 3712; x_wconf 89' lang='lat' dir='ltr'><strong>plures</strong></span> <span class='ocrx_word' id='word_1_564' title='bbox 2371 3640 2626 3695; x_wconf 87' lang='lat' dir='ltr'><strong>nationes</strong></span> <span class='ocrx_word' id='word_1_565' title='bbox 2655 3638 2950 3695; x_wconf 90' lang='lat' dir='ltr'><strong>celebriter</strong></span> <span class='ocrx_word' id='word_1_566' title='bbox 3000 3636 3278 3692; x_wconf 84' lang='lat' dir='ltr'><strong>recolttur.</strong></span> <span class='ocrx_word' id='word_1_567' title='bbox 3320 3634 3648 3690; x_wconf 79' lang='lat' dir='ltr'><strong>Morabatur</strong></span> <span class='ocrx_word' id='word_1_568' title='bbox 3671 3651 3747 3689; x_wconf 88' lang='lat' dir='ltr'><strong>au-</strong></span> 
     </span>
    </p>
   </div>
   <div class='ocr_carea' id='block_1_83' title="bbox 2138 3723 3746 3800">
    <p class='ocr_par' dir='ltr' id='par_1_83' title="bbox 2138 3723 3746 3800">
     <span class='ocr_line' id='line_1_83' title="bbox 2138 3723 3746 3800; baseline -0.006 -15"><span class='ocrx_word' id='word_1_569' title='bbox 2138 3737 2248 3785; x_wconf 88' lang='lat' dir='ltr'><strong>tem</strong></span> <span class='ocrx_word' id='word_1_570' title='bbox 2283 3730 2337 3784; x_wconf 92' lang='lat' dir='ltr'><strong>in</strong></span> <span class='ocrx_word' id='word_1_571' title='bbox 2369 3729 2683 3800; x_wconf 87' lang='lat' dir='ltr'><strong>supradicta</strong></span> <span class='ocrx_word' id='word_1_572' title='bbox 2714 3727 3066 3800; x_wconf 88' lang='lat' dir='ltr'><strong>possessione</strong></span> <span class='ocrx_word' id='word_1_573' title='bbox 3106 3724 3354 3797; x_wconf 80' lang='lat' dir='ltr'><strong>quaedam</strong></span> <span class='ocrx_word' id='word_1_574' title='bbox 3395 3723 3612 3794; x_wconf 87' lang='lat' dir='ltr'><strong>puella,</strong></span> <span class='ocrx_word' id='word_1_575' title='bbox 3639 3740 3746 3796; x_wconf 77' lang='lat' dir='ltr'><strong>quae</strong></span> 
     </span>
    </p>
   </div>
   <div class='ocr_carea' id='block_1_84' title="bbox 2138 3820 3746 3897">
    <p class='ocr_par' dir='ltr' id='par_1_84' title="bbox 2138 3820 3746 3897">
     <span class='ocr_line' id='line_1_84' title="bbox 2138 3820 3746 3897; baseline -0.005 -17"><span class='ocrx_word' id='word_1_576' title='bbox 2138 3825 2401 3897; x_wconf 88' lang='lat' dir='ltr'><strong>quoniam</strong></span> <span class='ocrx_word' id='word_1_577' title='bbox 2446 3824 2513 3878; x_wconf 91' lang='lat' dir='ltr'><strong>de</strong></span> <span class='ocrx_word' id='word_1_578' title='bbox 2546 3824 2719 3878; x_wconf 90' lang='lat' dir='ltr'><strong>Patris</strong></span> <span class='ocrx_word' id='word_1_579' title='bbox 2754 3823 2929 3893; x_wconf 87' lang='lat' dir='ltr'><strong>ipsius</strong></span> <span class='ocrx_word' id='word_1_580' title='bbox 2958 3821 3166 3876; x_wconf 85' lang='lat' dir='ltr'><strong>familia</strong></span> <span class='ocrx_word' id='word_1_581' title='bbox 3197 3820 3469 3895; x_wconf 86' lang='lat' dir='ltr'><strong>originem</strong></span> <span class='ocrx_word' id='word_1_582' title='bbox 3506 3834 3620 3874; x_wconf 89' lang='lat' dir='ltr'><strong>non</strong></span> <span class='ocrx_word' id='word_1_583' title='bbox 3654 3827 3746 3874; x_wconf 86' lang='lat' dir='ltr'><strong>tra-</strong></span> 
     </span>
    </p>
   </div>
   <div class='ocr_carea' id='block_1_85' title="bbox 2137 3912 3747 3989">
    <p class='ocr_par' dir='ltr' id='par_1_85' title="bbox 2137 3912 3747 3989">
     <span class='ocr_line' id='line_1_85' title="bbox 2137 3912 3747 3989; baseline -0.004 -17"><span class='ocrx_word' id='word_1_584' title='bbox 2137 3918 2323 3984; x_wconf 87' lang='lat' dir='ltr'><strong>hebat,</strong></span> <span class='ocrx_word' id='word_1_585' title='bbox 2355 3918 2583 3989; x_wconf 89' lang='lat' dir='ltr'><strong>impune</strong></span> <span class='ocrx_word' id='word_1_586' title='bbox 2628 3924 2828 3988; x_wconf 89' lang='lat' dir='ltr'><strong>putans</strong></span> <span class='ocrx_word' id='word_1_587' title='bbox 2875 3931 2932 3970; x_wconf 91' lang='lat' dir='ltr'><strong>se</strong></span> <span class='ocrx_word' id='word_1_588' title='bbox 2967 3920 3173 3969; x_wconf 87' lang='lat' dir='ltr'><strong>tantam</strong></span> <span class='ocrx_word' id='word_1_589' title='bbox 3223 3912 3636 3968; x_wconf 88' lang='lat' dir='ltr'><strong>solemnitatem</strong></span> <span class='ocrx_word' id='word_1_590' title='bbox 3672 3918 3747 3965; x_wconf 84' lang='lat' dir='ltr'><strong>te-</strong></span> 
     </span>
    </p>
   </div>
   <div class='ocr_carea' id='block_1_86' title="bbox 2127 3996 3738 4082">
    <p class='ocr_par' dir='ltr' id='par_1_86' title="bbox 2127 3996 3738 4082">
     <span class='ocr_line' id='line_1_86' title="bbox 2127 3996 3738 4082; baseline -0.006 -15"><span class='ocrx_word' id='word_1_591' title='bbox 2127 3996 2339 4067; x_wconf 87' lang='lat' dir='ltr'><strong>merare</strong></span> <span class='ocrx_word' id='word_1_592' title='bbox 2380 4025 2565 4082; x_wconf 89' lang='lat' dir='ltr'><strong>posse,</strong></span> <span class='ocrx_word' id='word_1_593' title='bbox 2606 4008 2843 4080; x_wconf 88' lang='lat' dir='ltr'><strong>sumpsit</strong></span> <span class='ocrx_word' id='word_1_594' title='bbox 2884 4007 3064 4063; x_wconf 90' lang='lat' dir='ltr'><strong>colum</strong></span> <span class='ocrx_word' id='word_1_595' title='bbox 3106 4021 3228 4060; x_wconf 93' lang='lat' dir='ltr'><strong>cum</strong></span> <span class='ocrx_word' id='word_1_596' title='bbox 3283 4003 3428 4070; x_wconf 86' lang='lat' dir='ltr'><strong>fuso,</strong></span> <span class='ocrx_word' id='word_1_597' title='bbox 3463 4004 3738 4075; x_wconf 57' lang='lat' dir='ltr'><strong>cepitque</strong></span> 
     </span>
    </p>
   </div>
   <div class='ocr_carea' id='block_1_87' title="bbox 2124 4095 3737 4174">
    <p class='ocr_par' dir='ltr' id='par_1_87' title="bbox 2124 4095 3737 4174">
     <span class='ocr_line' id='line_1_87' title="bbox 2124 4095 3737 4174; baseline -0.006 -16"><span class='ocrx_word' id='word_1_598' title='bbox 2124 4119 2225 4174; x_wconf 89' lang='lat' dir='ltr'><strong>per</strong></span> <span class='ocrx_word' id='word_1_599' title='bbox 2244 4103 2496 4158; x_wconf 89' lang='lat' dir='ltr'><strong>eamdem</strong></span> <span class='ocrx_word' id='word_1_600' title='bbox 2520 4100 2676 4173; x_wconf 87' lang='lat' dir='ltr'><strong>quasi</strong></span> <span class='ocrx_word' id='word_1_601' title='bbox 2709 4098 3119 4154; x_wconf 89' lang='lat' dir='ltr'><strong>deambulando</strong></span> <span class='ocrx_word' id='word_1_602' title='bbox 3149 4096 3330 4153; x_wconf 86' lang='lat' dir='ltr'><strong>villam</strong></span> <span class='ocrx_word' id='word_1_603' title='bbox 3354 4095 3498 4150; x_wconf 89' lang='lat' dir='ltr'><strong>ﬂens</strong></span> <span class='ocrx_word' id='word_1_604' title='bbox 3530 4095 3737 4150; x_wconf 90' lang='lat' dir='ltr'><strong>discur-</strong></span> 
     </span>
    </p>
   </div>
   <div class='ocr_carea' id='block_1_88' title="bbox 2123 4194 3740 4267">
    <p class='ocr_par' dir='ltr' id='par_1_88' title="bbox 2123 4194 3740 4267">
     <span class='ocr_line' id='line_1_88' title="bbox 2123 4194 3740 4267; baseline -0.004 -14"><span class='ocrx_word' id='word_1_605' title='bbox 2123 4214 2271 4255; x_wconf 92' lang='lat' dir='ltr'><strong>rere.</strong></span> <span class='ocrx_word' id='word_1_606' title='bbox 2313 4198 2612 4254; x_wconf 85' lang='lat' dir='ltr'><strong>Cernentes</strong></span> <span class='ocrx_word' id='word_1_607' title='bbox 2644 4197 2700 4251; x_wconf 91' lang='lat' dir='ltr'><strong>id</strong></span> <span class='ocrx_word' id='word_1_608' title='bbox 2743 4196 3005 4252; x_wconf 90' lang='lat' dir='ltr'><strong>mulieres</strong></span> <span class='ocrx_word' id='word_1_609' title='bbox 3043 4196 3185 4263; x_wconf 77' lang='lat' dir='ltr'><strong>aliae,</strong></span> <span class='ocrx_word' id='word_1_610' title='bbox 3219 4211 3344 4267; x_wconf 85' lang='lat' dir='ltr'><strong>quae</strong></span> <span class='ocrx_word' id='word_1_611' title='bbox 3385 4194 3561 4249; x_wconf 89' lang='lat' dir='ltr'><strong>Patris</strong></span> <span class='ocrx_word' id='word_1_612' title='bbox 3593 4205 3740 4249; x_wconf 89' lang='lat' dir='ltr'><strong>erant</strong></span> 
     </span>
    </p>
   </div>
   <div class='ocr_carea' id='block_1_89' title="bbox 2124 4282 3737 4362">
    <p class='ocr_par' dir='ltr' id='par_1_89' title="bbox 2124 4282 3737 4362">
     <span class='ocr_line' id='line_1_89' title="bbox 2124 4282 3737 4362; baseline -0.003 -21"><span class='ocrx_word' id='word_1_613' title='bbox 2124 4286 2367 4356; x_wconf 82' lang='lat' dir='ltr'><strong>familiae,</strong></span> <span class='ocrx_word' id='word_1_614' title='bbox 2418 4286 2727 4362; x_wconf 90' lang='lat' dir='ltr'><strong>arguebant</strong></span> <span class='ocrx_word' id='word_1_615' title='bbox 2774 4287 2975 4357; x_wconf 84' lang='lat' dir='ltr'><strong>ipsam,</strong></span> <span class='ocrx_word' id='word_1_616' title='bbox 3027 4284 3286 4357; x_wconf 89' lang='lat' dir='ltr'><strong>quoniam</strong></span> <span class='ocrx_word' id='word_1_617' title='bbox 3338 4298 3461 4337; x_wconf 89' lang='lat' dir='ltr'><strong>cum</strong></span> <span class='ocrx_word' id='word_1_618' title='bbox 3513 4282 3571 4336; x_wconf 90' lang='lat' dir='ltr'><strong>in</strong></span> <span class='ocrx_word' id='word_1_619' title='bbox 3624 4300 3737 4337; x_wconf 73' lang='lat' dir='ltr'><strong>rum</strong></span> 
     </span>
    </p>
   </div>
   <div class='ocr_carea' id='block_1_90' title="bbox 411 4369 3733 4462">
    <p class='ocr_par' dir='ltr' id='par_1_90' title="bbox 411 4369 3733 4462">
     <span class='ocr_line' id='line_1_90' title="bbox 411 4369 3733 4462; baseline -0 -36"><span class='ocrx_word' id='word_1_620' title='bbox 411 4379 550 4436; x_wconf 87' lang='lat' dir='ltr'><strong>erat,</strong></span> <span class='ocrx_word' id='word_1_621' title='bbox 598 4376 983 4442; x_wconf 89' lang='lat' dir='ltr'><strong>exspectantes</strong></span> <span class='ocrx_word' id='word_1_622' title='bbox 1026 4377 1135 4424; x_wconf 89' lang='lat' dir='ltr'><strong>tam</strong></span> <span class='ocrx_word' id='word_1_623' title='bbox 1192 4369 1375 4440; x_wconf 85' lang='lat' dir='ltr'><strong>ipsius</strong></span> <span class='ocrx_word' id='word_1_624' title='bbox 1428 4387 1589 4442; x_wconf 89' lang='lat' dir='ltr'><strong>quam</strong></span> <span class='ocrx_word' id='word_1_625' title='bbox 1635 4371 1804 4426; x_wconf 85' lang='lat' dir='ltr'><strong>Patris</strong></span> <span class='ocrx_word' id='word_1_626' title='bbox 1852 4373 2023 4428; x_wconf 90' lang='lat' dir='ltr'><strong>nostri</strong></span> <span class='ocrx_word' id='word_1_627' title='bbox 2049 4375 2305 4462; x_wconf 85' lang='lat' dir='ltr'><strong>Dipsius</strong></span> <span class='ocrx_word' id='word_1_628' title='bbox 2333 4383 2789 4444; x_wconf 87' lang='lat' dir='ltr'><strong>commoraretur,</strong></span> <span class='ocrx_word' id='word_1_629' title='bbox 2842 4374 3036 4430; x_wconf 90' lang='lat' dir='ltr'><strong>festum</strong></span> <span class='ocrx_word' id='word_1_630' title='bbox 3095 4374 3214 4442; x_wconf 90' lang='lat' dir='ltr'><strong>ejus</strong></span> <span class='ocrx_word' id='word_1_631' title='bbox 3244 4380 3353 4427; x_wconf 89' lang='lat' dir='ltr'><strong>tam</strong></span> <span class='ocrx_word' id='word_1_632' title='bbox 3401 4372 3733 4443; x_wconf 77' lang='lat' dir='ltr'><strong>praecipuum</strong></span> 
     </span>
    </p>
   </div>
   <div class='ocr_carea' id='block_1_91' title="bbox 411 4460 2024 4535">
    <p class='ocr_par' dir='ltr' id='par_1_91' title="bbox 411 4460 2024 4535">
     <span class='ocr_line' id='line_1_91' title="bbox 411 4460 2024 4535; baseline 0.002 -18"><span class='ocrx_word' id='word_1_633' title='bbox 411 4462 695 4518; x_wconf 79' lang='lat' dir='ltr'><strong>auxilium.</strong></span> <span class='ocrx_word' id='word_1_634' title='bbox 728 4462 837 4515; x_wconf 86' lang='lat' dir='ltr'><strong>Nec</strong></span> <span class='ocrx_word' id='word_1_635' title='bbox 868 4460 1087 4528; x_wconf 89' lang='lat' dir='ltr'><strong>frustra,</strong></span> <span class='ocrx_word' id='word_1_636' title='bbox 1119 4477 1318 4532; x_wconf 90' lang='lat' dir='ltr'><strong>nempe</strong></span> <span class='ocrx_word' id='word_1_637' title='bbox 1348 4468 1473 4533; x_wconf 92' lang='lat' dir='ltr'><strong>post</strong></span> <span class='ocrx_word' id='word_1_638' title='bbox 1497 4462 1778 4534; x_wconf 87' lang='lat' dir='ltr'><strong>aliquanta</strong></span> <span class='ocrx_word' id='word_1_639' title='bbox 1811 4471 2024 4535; x_wconf 89' lang='lat' dir='ltr'><strong>tempo-</strong></span> 
     </span>
    </p>
   </div>
   <div class='ocr_carea' id='block_1_92' title="bbox 411 4552 2027 4623">
    <p class='ocr_par' dir='ltr' id='par_1_92' title="bbox 411 4552 2027 4623">
     <span class='ocr_line' id='line_1_92' title="bbox 411 4552 2027 4623; baseline 0.002 -16"><span class='ocrx_word' id='word_1_640' title='bbox 411 4553 488 4608; x_wconf 90' lang='lat' dir='ltr'><strong>ris</strong></span> <span class='ocrx_word' id='word_1_641' title='bbox 540 4559 836 4615; x_wconf 90' lang='lat' dir='ltr'><strong>momenta,</strong></span> <span class='ocrx_word' id='word_1_642' title='bbox 899 4552 992 4623; x_wconf 93' lang='lat' dir='ltr'><strong>qui</strong></span> <span class='ocrx_word' id='word_1_643' title='bbox 1053 4552 1343 4623; x_wconf 90' lang='lat' dir='ltr'><strong>putabatur</strong></span> <span class='ocrx_word' id='word_1_644' title='bbox 1395 4570 1519 4609; x_wconf 91' lang='lat' dir='ltr'><strong>mox</strong></span> <span class='ocrx_word' id='word_1_645' title='bbox 1574 4555 1894 4619; x_wconf 88' lang='lat' dir='ltr'><strong>moriturus,</strong></span> <span class='ocrx_word' id='word_1_646' title='bbox 1942 4572 2027 4610; x_wconf 90' lang='lat' dir='ltr'><strong>re-</strong></span> 
     </span>
    </p>
   </div>
   <div class='ocr_carea' id='block_1_93' title="bbox 411 4643 2025 4718">
    <p class='ocr_par' dir='ltr' id='par_1_93' title="bbox 411 4643 2025 4718">
     <span class='ocr_line' id='line_1_93' title="bbox 411 4643 2025 4718; baseline 0.002 -20"><span class='ocrx_word' id='word_1_647' title='bbox 411 4652 631 4714; x_wconf 85' lang='lat' dir='ltr'><strong>sumpto</strong></span> <span class='ocrx_word' id='word_1_648' title='bbox 663 4644 882 4714; x_wconf 90' lang='lat' dir='ltr'><strong>spiritu,</strong></span> <span class='ocrx_word' id='word_1_649' title='bbox 935 4643 1112 4698; x_wconf 90' lang='lat' dir='ltr'><strong>oculis</strong></span> <span class='ocrx_word' id='word_1_650' title='bbox 1144 4643 1451 4714; x_wconf 87' lang='lat' dir='ltr'><strong>patefactis,</strong></span> <span class='ocrx_word' id='word_1_651' title='bbox 1485 4645 1653 4716; x_wconf 62' lang='lat' dir='ltr'><strong>carpit</strong></span> <span class='ocrx_word' id='word_1_652' title='bbox 1682 4646 1887 4718; x_wconf 89' lang='lat' dir='ltr'><strong>alloqui</strong></span> <span class='ocrx_word' id='word_1_653' title='bbox 1920 4647 2025 4701; x_wconf 91' lang='lat' dir='ltr'><strong>cir-</strong></span> 
     </span>
    </p>
   </div>
   <div class='ocr_carea' id='block_1_94' title="bbox 412 4730 2022 4807">
    <p class='ocr_par' dir='ltr' id='par_1_94' title="bbox 412 4730 2022 4807">
     <span class='ocr_line' id='line_1_94' title="bbox 412 4730 2022 4807; baseline 0.003 -23"><span class='ocrx_word' id='word_1_654' title='bbox 412 4738 767 4799; x_wconf 89' lang='lat' dir='ltr'><strong>cumstantes,</strong></span> <span class='ocrx_word' id='word_1_655' title='bbox 825 4739 879 4785; x_wconf 94' lang='lat' dir='ltr'><strong>et</strong></span> <span class='ocrx_word' id='word_1_656' title='bbox 927 4730 995 4785; x_wconf 91' lang='lat' dir='ltr'><strong>de</strong></span> <span class='ocrx_word' id='word_1_657' title='bbox 1053 4747 1153 4785; x_wconf 87' lang='lat' dir='ltr'><strong>sua</strong></span> <span class='ocrx_word' id='word_1_658' title='bbox 1186 4731 1495 4807; x_wconf 87' lang='lat' dir='ltr'><strong>integritate</strong></span> <span class='ocrx_word' id='word_1_659' title='bbox 1536 4741 1717 4789; x_wconf 87' lang='lat' dir='ltr'><strong>certos</strong></span> <span class='ocrx_word' id='word_1_660' title='bbox 1769 4734 2022 4789; x_wconf 87' lang='lat' dir='ltr'><strong>reddere.</strong></span> 
     </span>
    </p>
   </div>
   <div class='ocr_carea' id='block_1_95' title="bbox 409 4819 2026 4894">
    <p class='ocr_par' dir='ltr' id='par_1_95' title="bbox 409 4819 2026 4894">
     <span class='ocr_line' id='line_1_95' title="bbox 409 4819 2026 4894; baseline 0.002 -20"><span class='ocrx_word' id='word_1_661' title='bbox 409 4820 766 4891; x_wconf 88' lang='lat' dir='ltr'><strong>stupentibus</strong></span> <span class='ocrx_word' id='word_1_662' title='bbox 809 4819 919 4874; x_wconf 91' lang='lat' dir='ltr'><strong>illis</strong></span> <span class='ocrx_word' id='word_1_663' title='bbox 958 4826 1014 4874; x_wconf 90' lang='lat' dir='ltr'><strong>et</strong></span> <span class='ocrx_word' id='word_1_664' title='bbox 1044 4820 1335 4875; x_wconf 91' lang='lat' dir='ltr'><strong>Dominum</strong></span> <span class='ocrx_word' id='word_1_665' title='bbox 1389 4821 1847 4894; x_wconf 85' lang='lat' dir='ltr'><strong>glorificantibus.</strong></span> <span class='ocrx_word' id='word_1_666' title='bbox 1893 4823 2026 4878; x_wconf 89' lang='lat' dir='ltr'><strong>Hinc</strong></span> 
     </span>
    </p>
   </div>
   <div class='ocr_carea' id='block_1_96' title="bbox 410 4911 2022 4985">
    <p class='ocr_par' dir='ltr' id='par_1_96' title="bbox 410 4911 2022 4985">
     <span class='ocr_line' id='line_1_96' title="bbox 410 4911 2022 4985; baseline 0.002 -19"><span class='ocrx_word' id='word_1_667' title='bbox 410 4912 627 4967; x_wconf 90' lang='lat' dir='ltr'><strong>delatus</strong></span> <span class='ocrx_word' id='word_1_668' title='bbox 656 4912 725 4967; x_wconf 88' lang='lat' dir='ltr'><strong>ad</strong></span> <span class='ocrx_word' id='word_1_669' title='bbox 759 4912 1039 4983; x_wconf 88' lang='lat' dir='ltr'><strong>propriam</strong></span> <span class='ocrx_word' id='word_1_670' title='bbox 1069 4911 1315 4979; x_wconf 92' lang='lat' dir='ltr'><strong>domum,</strong></span> <span class='ocrx_word' id='word_1_671' title='bbox 1358 4928 1468 4969; x_wconf 93' lang='lat' dir='ltr'><strong>non</strong></span> <span class='ocrx_word' id='word_1_672' title='bbox 1500 4923 1625 4985; x_wconf 89' lang='lat' dir='ltr'><strong>post</strong></span> <span class='ocrx_word' id='word_1_673' title='bbox 1654 4916 1855 4971; x_wconf 91' lang='lat' dir='ltr'><strong>multos</strong></span> <span class='ocrx_word' id='word_1_674' title='bbox 1882 4915 2022 4982; x_wconf 92' lang='lat' dir='ltr'><strong>dies,</strong></span> 
     </span>
    </p>
   </div>
   <div class='ocr_carea' id='block_1_97' title="bbox 409 5001 2025 5076">
    <p class='ocr_par' dir='ltr' id='par_1_97' title="bbox 409 5001 2025 5076">
     <span class='ocr_line' id='line_1_97' title="bbox 409 5001 2025 5076; baseline 0.002 -20"><span class='ocrx_word' id='word_1_675' title='bbox 409 5002 637 5074; x_wconf 57' lang='lat' dir='ltr'><strong>integra</strong></span> <span class='ocrx_word' id='word_1_676' title='bbox 665 5001 917 5057; x_wconf 90' lang='lat' dir='ltr'><strong>redditus</strong></span> <span class='ocrx_word' id='word_1_677' title='bbox 940 5008 1026 5056; x_wconf 91' lang='lat' dir='ltr'><strong>est</strong></span> <span class='ocrx_word' id='word_1_678' title='bbox 1055 5002 1328 5072; x_wconf 89' lang='lat' dir='ltr'><strong>sospitati.</strong></span> <span class='ocrx_word' id='word_1_679' title='bbox 1360 5002 1460 5067; x_wconf 93' lang='lat' dir='ltr'><strong>Qui</strong></span> <span class='ocrx_word' id='word_1_680' title='bbox 1494 5003 1865 5076; x_wconf 86' lang='lat' dir='ltr'><strong>interrogatus</strong></span> <span class='ocrx_word' id='word_1_681' title='bbox 1892 5005 2025 5076; x_wconf 88' lang='lat' dir='ltr'><strong>quid</strong></span> 
     </span>
    </p>
   </div>
   <div class='ocr_carea' id='block_1_98' title="bbox 407 5096 2026 5172">
    <p class='ocr_par' dir='ltr' id='par_1_98' title="bbox 407 5096 2026 5172">
     <span class='ocr_line' id='line_1_98' title="bbox 407 5096 2026 5172; baseline 0.002 -21"><span class='ocrx_word' id='word_1_682' title='bbox 407 5096 518 5151; x_wconf 89' lang='lat' dir='ltr'><strong>sibi</strong></span> <span class='ocrx_word' id='word_1_683' title='bbox 545 5097 844 5163; x_wconf 87' lang='lat' dir='ltr'><strong>videretur,</strong></span> <span class='ocrx_word' id='word_1_684' title='bbox 878 5113 1000 5153; x_wconf 92' lang='lat' dir='ltr'><strong>cum</strong></span> <span class='ocrx_word' id='word_1_685' title='bbox 1042 5098 1111 5153; x_wconf 92' lang='lat' dir='ltr'><strong>de</strong></span> <span class='ocrx_word' id='word_1_686' title='bbox 1139 5105 1286 5152; x_wconf 89' lang='lat' dir='ltr'><strong>tanta</strong></span> <span class='ocrx_word' id='word_1_687' title='bbox 1316 5098 1612 5154; x_wconf 88' lang='lat' dir='ltr'><strong>altitudine</strong></span> <span class='ocrx_word' id='word_1_688' title='bbox 1649 5100 2026 5172; x_wconf 81' lang='lat' dir='ltr'><strong>praecipitatus</strong></span> 
     </span>
    </p>
   </div>
   <div class='ocr_carea' id='block_1_99' title="bbox 407 5190 2022 5265">
    <p class='ocr_par' dir='ltr' id='par_1_99' title="bbox 407 5190 2022 5265">
     <span class='ocr_line' id='line_1_99' title="bbox 407 5190 2022 5265; baseline 0.002 -21"><span class='ocrx_word' id='word_1_689' title='bbox 407 5199 710 5263; x_wconf 86' lang='lat' dir='ltr'><strong>corrueret,</strong></span> <span class='ocrx_word' id='word_1_690' title='bbox 744 5190 1105 5261; x_wconf 89' lang='lat' dir='ltr'><strong>responditse</strong></span> <span class='ocrx_word' id='word_1_691' title='bbox 1136 5192 1215 5245; x_wconf 91' lang='lat' dir='ltr'><strong>sic</strong></span> <span class='ocrx_word' id='word_1_692' title='bbox 1245 5193 1741 5263; x_wconf 79' lang='lat' dir='ltr'><strong>cxceptumtellure</strong></span> <span class='ocrx_word' id='word_1_693' title='bbox 1764 5199 2022 5265; x_wconf 88' lang='lat' dir='ltr'><strong>tanquam</strong></span> 
     </span>
    </p>
   </div>
   <div class='ocr_carea' id='block_1_100' title="bbox 406 5281 2024 5353">
    <p class='ocr_par' dir='ltr' id='par_1_100' title="bbox 406 5281 2024 5353">
     <span class='ocr_line' id='line_1_100' title="bbox 406 5281 2024 5353; baseline 0.001 -15"><span class='ocrx_word' id='word_1_694' title='bbox 406 5298 577 5353; x_wconf 89' lang='lat' dir='ltr'><strong>super</strong></span> <span class='ocrx_word' id='word_1_695' title='bbox 615 5281 817 5336; x_wconf 90' lang='lat' dir='ltr'><strong>multas</strong></span> <span class='ocrx_word' id='word_1_696' title='bbox 852 5282 1117 5337; x_wconf 91' lang='lat' dir='ltr'><strong>ceciderit</strong></span> <span class='ocrx_word' id='word_1_697' title='bbox 1148 5283 1424 5353; x_wconf 90' lang='lat' dir='ltr'><strong>culcitras,</strong></span> <span class='ocrx_word' id='word_1_698' title='bbox 1476 5299 1579 5340; x_wconf 91' lang='lat' dir='ltr'><strong>nec</strong></span> <span class='ocrx_word' id='word_1_699' title='bbox 1623 5285 1723 5340; x_wconf 90' lang='lat' dir='ltr'><strong>soli</strong></span> <span class='ocrx_word' id='word_1_700' title='bbox 1773 5284 2024 5340; x_wconf 87' lang='lat' dir='ltr'><strong>solidita-</strong></span> 
     </span>
    </p>
   </div>
   <div class='ocr_carea' id='block_1_101' title="bbox 408 5369 1178 5442">
    <p class='ocr_par' dir='ltr' id='par_1_101' title="bbox 408 5369 1178 5442">
     <span class='ocr_line' id='line_1_101' title="bbox 408 5369 1178 5442; baseline 0 -17"><span class='ocrx_word' id='word_1_701' title='bbox 408 5377 516 5425; x_wconf 88' lang='lat' dir='ltr'><strong>tem</strong></span> <span class='ocrx_word' id='word_1_702' title='bbox 547 5369 896 5442; x_wconf 89' lang='lat' dir='ltr'><strong>aliquatenus</strong></span> <span class='ocrx_word' id='word_1_703' title='bbox 919 5371 1178 5426; x_wconf 87' lang='lat' dir='ltr'><strong>sensisse.</strong></span> 
     </span>
    </p>
   </div>
   <div class='ocr_carea' id='block_1_102' title="bbox 394 5461 2028 5547">
    <p class='ocr_par' dir='ltr' id='par_1_102' title="bbox 394 5461 2028 5547">
     <span class='ocr_line' id='line_1_102' title="bbox 394 5461 2028 5547; baseline 0.004 -31"><span class='ocrx_word' id='word_1_704' title='bbox 394 5542 399 5547; x_wconf 19' lang='grc' dir='ltr'><em>μ</em></span> <span class='ocrx_word' id='word_1_705' title='bbox 477 5461 602 5518; x_wconf 76' lang='lat' dir='ltr'><strong>CAP.</strong></span> <span class='ocrx_word' id='word_1_706' title='bbox 650 5462 830 5517; x_wconf 85' lang='lat' dir='ltr'><strong>XXXI.</strong></span> <span class='ocrx_word' id='word_1_707' title='bbox 862 5494 930 5503; x_wconf 95' lang='lat'><strong>—</strong></span> <span class='ocrx_word' id='word_1_708' title='bbox 982 5466 1177 5519; x_wconf 83' lang='lat' dir='ltr'><strong>Mentis</strong></span> <span class='ocrx_word' id='word_1_709' title='bbox 1204 5467 1374 5534; x_wconf 80' lang='lat' dir='ltr'><strong>impos</strong></span> <span class='ocrx_word' id='word_1_710' title='bbox 1410 5467 1753 5522; x_wconf 72' lang='lat' dir='ltr'><strong>convalescit.</strong></span> <span class='ocrx_word' id='word_1_711' title='bbox 1793 5468 2028 5540; x_wconf 86' lang='lat' dir='ltr'><strong>Stepha-</strong></span> 
     </span>
    </p>
   </div>
   <div class='ocr_carea' id='block_1_103' title="bbox 405 5551 2025 5628">
    <p class='ocr_par' dir='ltr' id='par_1_103' title="bbox 405 5551 2025 5628">
     <span class='ocr_line' id='line_1_103' title="bbox 405 5551 2025 5628; baseline 0.008 -26"><span class='ocrx_word' id='word_1_712' title='bbox 405 5551 688 5605; x_wconf 89' lang='lat' dir='ltr'><strong>nusetiam</strong></span> <span class='ocrx_word' id='word_1_713' title='bbox 746 5567 889 5607; x_wconf 90' lang='lat' dir='ltr'><strong>unus</strong></span> <span class='ocrx_word' id='word_1_714' title='bbox 936 5553 1004 5607; x_wconf 87' lang='lat' dir='ltr'><strong>de</strong></span> <span class='ocrx_word' id='word_1_715' title='bbox 1051 5552 1280 5618; x_wconf 86' lang='lat' dir='ltr'><strong>familia,</strong></span> <span class='ocrx_word' id='word_1_716' title='bbox 1346 5557 1621 5626; x_wconf 89' lang='lat' dir='ltr'><strong>equestris</strong></span> <span class='ocrx_word' id='word_1_717' title='bbox 1675 5559 1887 5613; x_wconf 87' lang='lat' dir='ltr'><strong>ordinis</strong></span> <span class='ocrx_word' id='word_1_718' title='bbox 1924 5561 2025 5628; x_wconf 92' lang='lat' dir='ltr'><strong>vir,</strong></span> 
     </span>
    </p>
   </div>
   <div class='ocr_carea' id='block_1_104' title="bbox 405 5632 2029 5710">
    <p class='ocr_par' dir='ltr' id='par_1_104' title="bbox 405 5632 2029 5710">
     <span class='ocr_line' id='line_1_104' title="bbox 405 5632 2029 5710; baseline 0.01 -23"><span class='ocrx_word' id='word_1_719' title='bbox 405 5632 571 5705; x_wconf 84' lang='lat' dir='ltr'><strong>longa</strong></span> <span class='ocrx_word' id='word_1_720' title='bbox 603 5638 931 5708; x_wconf 59' lang='lat' dir='ltr'><strong>mgritudine</strong></span> <span class='ocrx_word' id='word_1_721' title='bbox 973 5650 1301 5710; x_wconf 87' lang='lat' dir='ltr'><strong>maceratus,</strong></span> <span class='ocrx_word' id='word_1_722' title='bbox 1359 5644 1424 5697; x_wconf 86' lang='lat' dir='ltr'><strong>ad</strong></span> <span class='ocrx_word' id='word_1_723' title='bbox 1467 5644 1717 5702; x_wconf 87' lang='lat' dir='ltr'><strong>ultimum</strong></span> <span class='ocrx_word' id='word_1_724' title='bbox 1783 5648 2029 5703; x_wconf 85' lang='lat' dir='ltr'><strong>funditus</strong></span> 
     </span>
    </p>
   </div>
   <div class='ocr_carea' id='block_1_105' title="bbox 2126 4462 3732 4537">
    <p class='ocr_par' dir='ltr' id='par_1_105' title="bbox 2126 4462 3732 4537">
     <span class='ocr_line' id='line_1_105' title="bbox 2126 4462 3732 4537; baseline -0.006 -15"><span class='ocrx_word' id='word_1_725' title='bbox 2126 4467 2333 4522; x_wconf 82' lang='lat' dir='ltr'><strong>violare</strong></span> <span class='ocrx_word' id='word_1_726' title='bbox 2382 4473 2757 4537; x_wconf 78' lang='lat' dir='ltr'><strong>praesumeret.</strong></span> <span class='ocrx_word' id='word_1_727' title='bbox 2807 4465 2903 4519; x_wconf 89' lang='lat' dir='ltr'><strong>llla</strong></span> <span class='ocrx_word' id='word_1_728' title='bbox 2940 4463 3337 4520; x_wconf 89' lang='lat' dir='ltr'><strong>stomachando</strong></span> <span class='ocrx_word' id='word_1_729' title='bbox 3379 4462 3568 4517; x_wconf 90' lang='lat' dir='ltr'><strong>intulit</strong></span> <span class='ocrx_word' id='word_1_730' title='bbox 3621 4464 3732 4517; x_wconf 89' lang='lat' dir='ltr'><strong>eis:</strong></span> 
     </span>
    </p>
   </div>
   <div class='ocr_carea' id='block_1_106' title="bbox 2135 4553 3729 4626">
    <p class='ocr_par' dir='ltr' id='par_1_106' title="bbox 2135 4553 3729 4626">
     <span class='ocr_line' id='line_1_106' title="bbox 2135 4553 3729 4626; baseline -0.004 -14"><span class='ocrx_word' id='word_1_731' title='bbox 2135 4558 2237 4612; x_wconf 87' lang='lat' dir='ltr'><strong>Vos</strong></span> <span class='ocrx_word' id='word_1_732' title='bbox 2262 4572 2383 4626; x_wconf 74' lang='lat' dir='ltr'><strong>qua:</strong></span> <span class='ocrx_word' id='word_1_733' title='bbox 2423 4558 2575 4611; x_wconf 82' lang='lat' dir='ltr'><strong>illius</strong></span> <span class='ocrx_word' id='word_1_734' title='bbox 2600 4558 2728 4611; x_wconf 84' lang='lat' dir='ltr'><strong>estis</strong></span> <span class='ocrx_word' id='word_1_735' title='bbox 2770 4555 3002 4620; x_wconf 70' lang='lat' dir='ltr'><strong>ancilla,</strong></span> <span class='ocrx_word' id='word_1_736' title='bbox 3052 4558 3213 4608; x_wconf 86' lang='lat' dir='ltr'><strong>estote</strong></span> <span class='ocrx_word' id='word_1_737' title='bbox 3240 4554 3475 4620; x_wconf 68' lang='lat' dir='ltr'><strong>feriatae,</strong></span> <span class='ocrx_word' id='word_1_738' title='bbox 3514 4557 3565 4607; x_wconf 84' lang='lat' dir='ltr'><strong>et</strong></span> <span class='ocrx_word' id='word_1_739' title='bbox 3615 4553 3729 4605; x_wconf 76' lang='lat' dir='ltr'><strong>cele-</strong></span> 
     </span>
    </p>
   </div>
   <div class='ocr_carea' id='block_1_107' title="bbox 2127 4651 3732 4716">
    <p class='ocr_par' dir='ltr' id='par_1_107' title="bbox 2127 4651 3732 4716">
     <span class='ocr_line' id='line_1_107' title="bbox 2127 4651 3732 4716; baseline -0.004 -10"><span class='ocrx_word' id='word_1_740' title='bbox 2127 4652 2374 4706; x_wconf 83' lang='lat' dir='ltr'><strong>britatem</strong></span> <span class='ocrx_word' id='word_1_741' title='bbox 2416 4653 2550 4706; x_wconf 79' lang='lat' dir='ltr'><strong>hanc</strong></span> <span class='ocrx_word' id='word_1_742' title='bbox 2588 4652 2825 4706; x_wconf 78' lang='lat' dir='ltr'><strong>studiose</strong></span> <span class='ocrx_word' id='word_1_743' title='bbox 2879 4652 3136 4716; x_wconf 68' lang='lat' dir='ltr'><strong>excolite;</strong></span> <span class='ocrx_word' id='word_1_744' title='bbox 3193 4664 3276 4702; x_wconf 88' lang='lat' dir='ltr'><strong>me</strong></span> <span class='ocrx_word' id='word_1_745' title='bbox 3311 4662 3437 4701; x_wconf 78' lang='lat' dir='ltr'><strong>vero</strong></span> <span class='ocrx_word' id='word_1_746' title='bbox 3490 4651 3732 4716; x_wconf 77' lang='lat' dir='ltr'><strong>qumtiam</strong></span> 
     </span>
    </p>
   </div>
   <div class='ocr_carea' id='block_1_108' title="bbox 2125 4740 3732 4811">
    <p class='ocr_par' dir='ltr' id='par_1_108' title="bbox 2125 4740 3732 4811">
     <span class='ocr_line' id='line_1_108' title="bbox 2125 4740 3732 4811; baseline -0.004 -16"><span class='ocrx_word' id='word_1_747' title='bbox 2125 4742 2237 4811; x_wconf 86' lang='lat' dir='ltr'><strong>ipsi</strong></span> <span class='ocrx_word' id='word_1_748' title='bbox 2281 4741 2430 4795; x_wconf 85' lang='lat' dir='ltr'><strong>nullo</strong></span> <span class='ocrx_word' id='word_1_749' title='bbox 2460 4756 2577 4795; x_wconf 86' lang='lat' dir='ltr'><strong>sum</strong></span> <span class='ocrx_word' id='word_1_750' title='bbox 2603 4742 2859 4806; x_wconf 76' lang='lat' dir='ltr'><strong>obnoan&#39;a,</strong></span> <span class='ocrx_word' id='word_1_751' title='bbox 2917 4753 3071 4809; x_wconf 86' lang='lat' dir='ltr'><strong>opere</strong></span> <span class='ocrx_word' id='word_1_752' title='bbox 3108 4752 3369 4793; x_wconf 81' lang='lat' dir='ltr'><strong>ntanuum</strong></span> <span class='ocrx_word' id='word_1_753' title='bbox 3394 4751 3640 4790; x_wconf 84' lang='lat' dir='ltr'><strong>mearum</strong></span> <span class='ocrx_word' id='word_1_754' title='bbox 3666 4740 3732 4791; x_wconf 76' lang='lat' dir='ltr'><strong>si-</strong></span> 
     </span>
    </p>
   </div>
   <div class='ocr_carea' id='block_1_109' title="bbox 2125 4828 3731 4900">
    <p class='ocr_par' dir='ltr' id='par_1_109' title="bbox 2125 4828 3731 4900">
     <span class='ocr_line' id='line_1_109' title="bbox 2125 4828 3731 4900; baseline -0.002 -17"><span class='ocrx_word' id='word_1_755' title='bbox 2125 4834 2236 4885; x_wconf 81' lang='lat' dir='ltr'><strong>nite</strong></span> <span class='ocrx_word' id='word_1_756' title='bbox 2268 4833 2478 4885; x_wconf 83' lang='lat' dir='ltr'><strong>lucrari</strong></span> <span class='ocrx_word' id='word_1_757' title='bbox 2515 4832 2693 4885; x_wconf 83' lang='lat' dir='ltr'><strong>cibum</strong></span> <span class='ocrx_word' id='word_1_758' title='bbox 2724 4846 2877 4900; x_wconf 87' lang='lat' dir='ltr'><strong>quem</strong></span> <span class='ocrx_word' id='word_1_759' title='bbox 2918 4830 3077 4884; x_wconf 83' lang='lat' dir='ltr'><strong>hodie</strong></span> <span class='ocrx_word' id='word_1_760' title='bbox 3112 4845 3229 4884; x_wconf 87' lang='lat' dir='ltr'><strong>sum</strong></span> <span class='ocrx_word' id='word_1_761' title='bbox 3271 4841 3593 4882; x_wconf 78' lang='lat' dir='ltr'><strong>comessura.</strong></span> <span class='ocrx_word' id='word_1_762' title='bbox 3638 4828 3731 4882; x_wconf 78' lang='lat' dir='ltr'><strong>Hoc</strong></span> 
     </span>
    </p>
   </div>
   <div class='ocr_carea' id='block_1_110' title="bbox 2125 4917 3732 4990">
    <p class='ocr_par' dir='ltr' id='par_1_110' title="bbox 2125 4917 3732 4990">
     <span class='ocr_line' id='line_1_110' title="bbox 2125 4917 3732 4990; baseline -0.002 -17"><span class='ocrx_word' id='word_1_763' title='bbox 2125 4919 2253 4975; x_wconf 89' lang='lat' dir='ltr'><strong>dato</strong></span> <span class='ocrx_word' id='word_1_764' title='bbox 2289 4934 2575 4990; x_wconf 88' lang='lat' dir='ltr'><strong>responso,</strong></span> <span class='ocrx_word' id='word_1_765' title='bbox 2605 4934 2727 4973; x_wconf 91' lang='lat' dir='ltr'><strong>cum</strong></span> <span class='ocrx_word' id='word_1_766' title='bbox 2755 4918 2948 4987; x_wconf 88' lang='lat' dir='ltr'><strong>majori</strong></span> <span class='ocrx_word' id='word_1_767' title='bbox 2986 4917 3291 4989; x_wconf 88' lang='lat' dir='ltr'><strong>pervicacia</strong></span> <span class='ocrx_word' id='word_1_768' title='bbox 3331 4923 3575 4986; x_wconf 88' lang='lat' dir='ltr'><strong>coeptum</strong></span> <span class='ocrx_word' id='word_1_769' title='bbox 3608 4931 3732 4986; x_wconf 84' lang='lat' dir='ltr'><strong>Opus</strong></span> 
     </span>
    </p>
   </div>
   <div class='ocr_carea' id='block_1_111' title="bbox 2125 5005 3730 5083">
    <p class='ocr_par' dir='ltr' id='par_1_111' title="bbox 2125 5005 3730 5083">
     <span class='ocr_line' id='line_1_111' title="bbox 2125 5005 3730 5083; baseline -0.002 -20"><span class='ocrx_word' id='word_1_770' title='bbox 2125 5007 2343 5083; x_wconf 88' lang='lat' dir='ltr'><strong>agebat.</strong></span> <span class='ocrx_word' id='word_1_771' title='bbox 2369 5008 2618 5079; x_wconf 77' lang='lat' dir='ltr'><strong>Repente</strong></span> <span class='ocrx_word' id='word_1_772' title='bbox 2650 5008 2836 5079; x_wconf 87' lang='lat' dir='ltr'><strong>itaque</strong></span> <span class='ocrx_word' id='word_1_773' title='bbox 2866 5006 3225 5063; x_wconf 89' lang='lat' dir='ltr'><strong>invisibiliter</strong></span> <span class='ocrx_word' id='word_1_774' title='bbox 3250 5005 3439 5060; x_wconf 81' lang='lat' dir='ltr'><strong>divina</strong></span> <span class='ocrx_word' id='word_1_775' title='bbox 3461 5019 3582 5058; x_wconf 89' lang='lat' dir='ltr'><strong>eam</strong></span> <span class='ocrx_word' id='word_1_776' title='bbox 3615 5020 3730 5076; x_wconf 78' lang='lat' dir='ltr'><strong>pro-</strong></span> 
     </span>
    </p>
   </div>
   <div class='ocr_carea' id='block_1_112' title="bbox 2125 5098 3729 5174">
    <p class='ocr_par' dir='ltr' id='par_1_112' title="bbox 2125 5098 3729 5174">
     <span class='ocr_line' id='line_1_112' title="bbox 2125 5098 3729 5174; baseline -0.003 -18"><span class='ocrx_word' id='word_1_777' title='bbox 2125 5107 2395 5174; x_wconf 83' lang='lat' dir='ltr'><strong>sequente</strong></span> <span class='ocrx_word' id='word_1_778' title='bbox 2440 5100 2671 5168; x_wconf 87' lang='lat' dir='ltr'><strong>ultione,</strong></span> <span class='ocrx_word' id='word_1_779' title='bbox 2705 5116 2963 5171; x_wconf 88' lang='lat' dir='ltr'><strong>percussa</strong></span> <span class='ocrx_word' id='word_1_780' title='bbox 3008 5101 3065 5154; x_wconf 89' lang='lat' dir='ltr'><strong>in</strong></span> <span class='ocrx_word' id='word_1_781' title='bbox 3103 5098 3402 5162; x_wconf 83' lang='lat' dir='ltr'><strong>maxillam,</strong></span> <span class='ocrx_word' id='word_1_782' title='bbox 3457 5107 3729 5152; x_wconf 86' lang='lat' dir='ltr'><strong>cruentum</strong></span> 
     </span>
    </p>
   </div>
   <div class='ocr_carea' id='block_1_113' title="bbox 2127 5189 3727 5264">
    <p class='ocr_par' dir='ltr' id='par_1_113' title="bbox 2127 5189 3727 5264">
     <span class='ocr_line' id='line_1_113' title="bbox 2127 5189 3727 5264; baseline -0.001 -17"><span class='ocrx_word' id='word_1_783' title='bbox 2127 5195 2341 5264; x_wconf 89' lang='lat' dir='ltr'><strong>accepit</strong></span> <span class='ocrx_word' id='word_1_784' title='bbox 2379 5194 2577 5248; x_wconf 89' lang='lat' dir='ltr'><strong>ictum:</strong></span> <span class='ocrx_word' id='word_1_785' title='bbox 2612 5199 2667 5247; x_wconf 93' lang='lat' dir='ltr'><strong>et</strong></span> <span class='ocrx_word' id='word_1_786' title='bbox 2689 5191 2997 5262; x_wconf 90' lang='lat' dir='ltr'><strong>proﬂuente</strong></span> <span class='ocrx_word' id='word_1_787' title='bbox 3030 5194 3099 5248; x_wconf 89' lang='lat' dir='ltr'><strong>de</strong></span> <span class='ocrx_word' id='word_1_788' title='bbox 3130 5191 3398 5247; x_wconf 89' lang='lat' dir='ltr'><strong>dentibus</strong></span> <span class='ocrx_word' id='word_1_789' title='bbox 3428 5189 3585 5262; x_wconf 81' lang='lat' dir='ltr'><strong>largo</strong></span> <span class='ocrx_word' id='word_1_790' title='bbox 3611 5207 3727 5246; x_wconf 90' lang='lat' dir='ltr'><strong>cru-</strong></span> 
     </span>
    </p>
   </div>
   <div class='ocr_carea' id='block_1_114' title="bbox 2125 5282 3731 5358">
    <p class='ocr_par' dir='ltr' id='par_1_114' title="bbox 2125 5282 3731 5358">
     <span class='ocr_line' id='line_1_114' title="bbox 2125 5282 3731 5358; baseline -0.003 -17"><span class='ocrx_word' id='word_1_791' title='bbox 2125 5301 2242 5354; x_wconf 92' lang='lat' dir='ltr'><strong>ore,</strong></span> <span class='ocrx_word' id='word_1_792' title='bbox 2284 5292 2390 5341; x_wconf 89' lang='lat' dir='ltr'><strong>tam</strong></span> <span class='ocrx_word' id='word_1_793' title='bbox 2426 5286 2616 5340; x_wconf 91' lang='lat' dir='ltr'><strong>dolore</strong></span> <span class='ocrx_word' id='word_1_794' title='bbox 2660 5285 3036 5356; x_wconf 89' lang='lat' dir='ltr'><strong>percussionis</strong></span> <span class='ocrx_word' id='word_1_795' title='bbox 3061 5302 3226 5358; x_wconf 90' lang='lat' dir='ltr'><strong>quam</strong></span> <span class='ocrx_word' id='word_1_796' title='bbox 3268 5282 3573 5338; x_wconf 88' lang='lat' dir='ltr'><strong>formidine</strong></span> <span class='ocrx_word' id='word_1_797' title='bbox 3616 5298 3731 5354; x_wconf 87' lang='lat' dir='ltr'><strong>per-</strong></span> 
     </span>
    </p>
   </div>
   <div class='ocr_carea' id='block_1_115' title="bbox 2127 5372 3726 5444">
    <p class='ocr_par' dir='ltr' id='par_1_115' title="bbox 2127 5372 3726 5444">
     <span class='ocr_line' id='line_1_115' title="bbox 2127 5372 3726 5444; baseline -0.004 -14"><span class='ocrx_word' id='word_1_798' title='bbox 2127 5375 2367 5430; x_wconf 90' lang='lat' dir='ltr'><strong>cussoris</strong></span> <span class='ocrx_word' id='word_1_799' title='bbox 2388 5374 2668 5443; x_wconf 86' lang='lat' dir='ltr'><strong>exterrita,</strong></span> <span class='ocrx_word' id='word_1_800' title='bbox 2699 5374 2767 5429; x_wconf 89' lang='lat' dir='ltr'><strong>ad</strong></span> <span class='ocrx_word' id='word_1_801' title='bbox 2797 5375 3087 5431; x_wconf 89' lang='lat' dir='ltr'><strong>ecclesiam</strong></span> <span class='ocrx_word' id='word_1_802' title='bbox 3113 5375 3262 5430; x_wconf 90' lang='lat' dir='ltr'><strong>illius</strong></span> <span class='ocrx_word' id='word_1_803' title='bbox 3292 5372 3439 5428; x_wconf 67' lang='lat' dir='ltr'><strong>villae</strong></span> <span class='ocrx_word' id='word_1_804' title='bbox 3482 5372 3726 5444; x_wconf 81' lang='lat' dir='ltr'><strong>profugit.</strong></span> 
     </span>
    </p>
   </div>
   <div class='ocr_carea' id='block_1_116' title="bbox 2129 5465 3729 5538">
    <p class='ocr_par' dir='ltr' id='par_1_116' title="bbox 2129 5465 3729 5538">
     <span class='ocr_line' id='line_1_116' title="bbox 2129 5465 3729 5538; baseline -0.002 -16"><span class='ocrx_word' id='word_1_805' title='bbox 2129 5467 2320 5523; x_wconf 89' lang='lat' dir='ltr'><strong>Factus</strong></span> <span class='ocrx_word' id='word_1_806' title='bbox 2341 5474 2424 5522; x_wconf 85' lang='lat' dir='ltr'><strong>est</strong></span> <span class='ocrx_word' id='word_1_807' title='bbox 2461 5476 2644 5523; x_wconf 87' lang='lat' dir='ltr'><strong>autem</strong></span> <span class='ocrx_word' id='word_1_808' title='bbox 2680 5482 2789 5522; x_wconf 91' lang='lat' dir='ltr'><strong>non</strong></span> <span class='ocrx_word' id='word_1_809' title='bbox 2840 5483 3042 5538; x_wconf 90' lang='lat' dir='ltr'><strong>parvus</strong></span> <span class='ocrx_word' id='word_1_810' title='bbox 3071 5473 3387 5525; x_wconf 84' lang='lat' dir='ltr'><strong>conventus</strong></span> <span class='ocrx_word' id='word_1_811' title='bbox 3420 5465 3729 5520; x_wconf 86' lang='lat' dir='ltr'><strong>rusticorum</strong></span> 
     </span>
    </p>
   </div>
   <div class='ocr_carea' id='block_1_117' title="bbox 2129 5557 3729 5631">
    <p class='ocr_par' dir='ltr' id='par_1_117' title="bbox 2129 5557 3729 5631">
     <span class='ocr_line' id='line_1_117' title="bbox 2129 5557 3729 5631; baseline 0.001 -18"><span class='ocrx_word' id='word_1_812' title='bbox 2129 5559 2185 5613; x_wconf 89' lang='lat' dir='ltr'><strong>in</strong></span> <span class='ocrx_word' id='word_1_813' title='bbox 2217 5560 2411 5615; x_wconf 90' lang='lat' dir='ltr'><strong>eadem</strong></span> <span class='ocrx_word' id='word_1_814' title='bbox 2440 5559 2699 5627; x_wconf 89' lang='lat' dir='ltr'><strong>ecclesia,</strong></span> <span class='ocrx_word' id='word_1_815' title='bbox 2728 5560 2823 5631; x_wconf 91' lang='lat' dir='ltr'><strong>qui</strong></span> <span class='ocrx_word' id='word_1_816' title='bbox 2848 5560 3012 5617; x_wconf 89' lang='lat' dir='ltr'><strong>exciti</strong></span> <span class='ocrx_word' id='word_1_817' title='bbox 3039 5560 3382 5617; x_wconf 85' lang='lat' dir='ltr'><strong>clamoribus</strong></span> <span class='ocrx_word' id='word_1_818' title='bbox 3412 5557 3729 5614; x_wconf 72' lang='lat' dir='ltr'><strong>mulierculae</strong></span> 
     </span>
    </p>
   </div>
   <div class='ocr_carea' id='block_1_118' title="bbox 2129 5647 3730 5713">
    <p class='ocr_par' dir='ltr' id='par_1_118' title="bbox 2129 5647 3730 5713">
     <span class='ocr_line' id='line_1_118' title="bbox 2129 5647 3730 5713; baseline -0.001 -11"><span class='ocrx_word' id='word_1_819' title='bbox 2129 5655 2183 5702; x_wconf 90' lang='lat' dir='ltr'><strong>et</strong></span> <span class='ocrx_word' id='word_1_820' title='bbox 2224 5647 2378 5705; x_wconf 85' lang='lat' dir='ltr'><strong>famae</strong></span> <span class='ocrx_word' id='word_1_821' title='bbox 2410 5657 2574 5706; x_wconf 72' lang='lat' dir='ltr'><strong>tanta:</strong></span> <span class='ocrx_word' id='word_1_822' title='bbox 2604 5649 2827 5706; x_wconf 77' lang='lat' dir='ltr'><strong>virtutis</strong></span> <span class='ocrx_word' id='word_1_823' title='bbox 2880 5650 3010 5706; x_wconf 92' lang='lat' dir='ltr'><strong>illuc</strong></span> <span class='ocrx_word' id='word_1_824' title='bbox 3071 5647 3478 5706; x_wconf 86' lang='lat' dir='ltr'><strong>conﬂuxerant.</strong></span> <span class='ocrx_word' id='word_1_825' title='bbox 3513 5648 3610 5713; x_wconf 88' lang='lat' dir='ltr'><strong>Qui</strong></span> <span class='ocrx_word' id='word_1_826' title='bbox 3651 5663 3730 5702; x_wconf 81' lang='lat' dir='ltr'><strong>sa-</strong></span> 
     </span>
    </p>
   </div>
  </div>
