3932 6040
227 273 358 329 1221

1389 250 1724 310 MIRACULA
1765 245 1994 304 SANCTI
2036 244 2408 302 BENEDICTI.

3424 247 3562 302 1222

221 398 382 454 lubre
413 393 704 452 consilium
739 389 922 446 eidem
962 390 1345 462 suggerentes,
1380 379 1581 438 hortati
1621 383 1749 432 sunt
1777 381 1839 432 ut
1859 379 1916 448 Α
1939 373 2280 430 mulierculae
2340 387 2506 427 manu
2535 377 2872 438 excusserat,
2918 383 3040 425 mox
3085 368 3322 426 arefacta
3350 378 3453 439 est,
3484 373 3561 430 ita

219 503 348 542 sese
380 483 620 540 traderet
648 481 702 535 in
727 479 984 534 ancillam
1015 480 1206 530 sancto
1246 471 1412 540 Patri,
1458 477 1513 524 et
1541 466 1840 539 sponderet
1941 475 2020 536 ut,
2072 468 2286 524 inutilis
2341 467 2580 534 reddita,
2639 467 2849 521 nullum
2889 481 3030 536 Opus
3069 463 3292 520 efficere
3323 466 3533 522 valeret

221 576 292 630 de
324 582 546 638 caetero,
575 584 768 627 omnes
792 565 1148 623 celebritates
1193 561 1390 632 ipsius,
1430 565 1490 613 ut
1527 555 1844 612 condecens

221 671 391 730 esset,
446 679 507 716 se
555 656 951 717 venerabiliter
1003 654 1440 709 observaturam.
1483 649 1612 712 Quae
1660 643 1843 718 dignae

229 752 576 832 suggestioni
631 751 884 812 credens,
947 742 1354 816 obtemperavit
1403 741 1552 810 justo
1599 738 1842 810 ipsorum

221 847 492 906 consilio:
534 853 590 901 et
626 842 917 898 confestim
946 847 1055 896 tam
1087 854 1118 892 a
1161 836 1354 892 dolore
1386 832 1636 888 dentium
1679 845 1844 901 quam

221 957 255 996 a
286 939 586 996 formidine
616 935 845 990 liberata
866 938 967 988 est.

303 1029 432 1085 CAP.
447 1023 962 1082 XXXlIl.—Simile.
984 1019 1380 1075 Tumulationis
1393 1015 1608 1082 festum.
1626 1012 1683 1066 In
1695 1009 1842 1064 idem

227 1138 322 1178 rus
344 1120 643 1176 advenerat
669 1117 842 1172 altera
871 1111 1218 1176 muliercula,
1237 1125 1359 1182 quae
1381 1106 1622 1164 textricis
1644 1103 1846 1177 funge-

227 1211 391 1265 batur
416 1207 622 1264 ofﬁcio.
659 1206 786 1260 Haec
801 1201 1058 1258 mercede
1088 1199 1361 1256 conducta
1381 1215 1413 1252 a
1441 1195 1684 1267 quodam
1704 1191 1842 1253 viro,

225 1297 454 1354 nomine
495 1294 756 1360 Rodulfo,
787 1299 954 1368 gente
1004 1289 1286 1349 Britanno,
1320 1284 1561 1340 habebat
1585 1296 1849 1368 coopera-

225 1387 417 1441 tricem
451 1399 574 1456 quae
599 1366 851 1452 ejusdem
885 1386 1004 1434 erat
1043 1373 1358 1442 ministerii,
1389 1373 1487 1428 sed
1527 1372 1647 1426 haec
1677 1385 1743 1424 ex
1771 1366 1852 1421 fa-

233 1477 388 1532 milia
420 1476 594 1532 Patris
621 1472 904 1530 Benedicti
939 1469 1230 1545 progenita
1273 1466 1471 1533 fuerat,
1512 1463 1684 1518 altera
1721 1476 1850 1517 vero

233 1569 485 1624 minime.
529 1567 822 1623 Britannus
846 1572 1028 1619 autem
1063 1563 1180 1633 ipse
1206 1559 1434 1614 liberam
1480 1564 1716 1612 traxerat
1753 1569 1852 1629 ge-

1945 557 2074 618 Cum
2107 563 2224 633 ipsa
2254 577 2479 633 quoque
2511 559 2766 615 ariditate
2797 557 2944 613 aliud
2977 557 3251 612 inusitatae
3283 557 3563 628 passionis

1945 651 2334 706 detrimentum
2365 648 2623 717 accrevit,
2669 646 2942 719 siquidem
2975 655 3236 718 tanquam
3264 653 3450 701 reatus
3474 648 3559 702 sui

1945 741 2184 813 quodam
2262 744 2588 812 argueretur
2636 736 2856 802 timore,
2909 733 3141 790 tremula
3189 735 3560 791 concussione

1945 832 2170 906 agitata,
2197 847 2308 886 uno
2341 829 2398 884 in
2447 829 2591 892 loco,
2623 826 2838 883 etiamsi
2872 825 3109 881 vinculis
3147 825 3564 902 constringere-

1945 931 2052 992 tur,
2077 925 2200 998 cogi
2232 939 2342 980 non
2383 929 2618 994 poterat,
2657 921 2755 976 sed
2789 919 3096 976 mobilitate
3121 919 3410 990 inexperta
3438 920 3566 974 abs-

1947 1032 2056 1088 que
2074 1015 2185 1070 ulla
2217 1014 2408 1086 quiete
2433 1011 2760 1067 dissiliebat.
2798 1010 3060 1066 Paulatim
3099 1009 3265 1066 etiam
3297 1027 3566 1084 augmen-

1946 1113 2056 1161 tata
2094 1106 2145 1162 vi
2178 1104 2548 1180 aegritudinis,
2581 1104 2820 1160 rusticus
2855 1103 2948 1158 ille
2998 1119 3296 1174 percussus
3329 1103 3448 1158 dira
3473 1121 3566 1174 pa-

1952 1192 2136 1265 ralysi,
2187 1193 2487 1248 medietate
2516 1193 2599 1246 sui
2647 1192 2939 1247 destitutus
2977 1197 3060 1246 est
3091 1189 3360 1260 corporis,
3397 1190 3470 1245 ita
3509 1198 3568 1246 ut

1953 1284 2020 1338 ad
2053 1299 2216 1340 omne
2253 1282 2544 1339 artiﬁcium
2577 1283 2892 1340 efﬁceretur
2932 1281 3164 1338 inutilis.
3190 1281 3356 1337 Miser
3383 1287 3565 1337 tamen

1953 1373 2098 1430 idem
2129 1381 2280 1428 tanta
2307 1373 2485 1428 fuerat
2523 1382 2718 1444 captus
2769 1371 3053 1426 dementia
3099 1379 3154 1428 et
3189 1371 3564 1428 obstinatione

1952 1465 2122 1520 animi
2166 1465 2454 1520 induratus
2483 1469 2544 1519 ut
2583 1479 2933 1535 nequaquam
2963 1462 3214 1519 conﬁteri
3238 1462 3563 1534 acquiesce-

1952 1563 2055 1620 ret,
2095 1553 2168 1609 ob
2198 1553 2566 1608 temeritatem
2625 1551 2826 1608 dictam
2886 1567 2948 1606 se
3001 1557 3209 1607 tantum
3242 1551 3562 1624 languorem

237 1662 500 1718 nituram.
541 1659 642 1722 Qui
674 1658 742 1712 de
770 1673 870 1712 sua
897 1653 1203 1710 adveniens
1250 1651 1498 1725 regione,
1543 1646 1718 1718 ipsius
1746 1642 1928 1756 Pa-'B
1953 1643 2272 1711 incurrisse,
2305 1642 2485 1698 donec
2509 1643 2810 1699 inveterata
2840 1643 3018 1698 morbi
3051 1643 3350 1698 acerbitate
3383 1657 3565 1698 mace-

286 1753 295 1756 -
517 1751 527 1756 -
645 1749 658 1756 -
701 1749 714 1756 -
860 1748 872 1756 .
934 1747 946 1756 .
1110 1745 1123 1756 «ι
1183 1744 1196 1756 ι
1225 1743 1256 1756 ι.
1304 1741 1334 1756 ,ο
1555 1738 1565 1748 ι
1592 1755 1599 1756 ,
1660 1755 1670 1756 κ
1692 1754 1708 1756 _
1732 1737 1840 1756 1-,“
1954 1743 2099 1756 __._--
2181 1734 2381 1756 !_-_!n--_
2447 1733 2676 1756 -----12A-_
2706 1733 2756 1756 ΞΛ
2802 1733 2904 1756 ,τις
2952 1733 3239 1756 ---ξΔξ---ι
3306 1750 3398 1756 ---_
3433 1746 3564 1756 -.-..-

229 1753 330 1808 tris
365 1768 460 1806 rus
516 1749 817 1814 incolebat,
860 1747 1072 1802 habens
1110 1741 1506 1798 habitationem
1552 1738 1610 1792 in
1649 1737 1848 1793 eodem

226 1859 388 1912 rure;
421 1850 648 1914 eratque
693 1841 864 1896 durus
893 1837 1160 1911 agricola,
1195 1835 1283 1892 cui
1316 1833 1483 1889 etiam
1514 1831 1660 1887 vires
1694 1831 1851 1885 labo-

228 1933 271 1986 ri
306 1931 596 1988 tolerando
645 1927 1016 1984 sufﬁciebant.
1068 1927 1128 1980 ln
1159 1923 1331 1979 Patris
1376 1921 1546 1996 igitur
1601 1918 1849 1974 tumula-

224 2025 403 2092 tione,
436 2039 559 2095 quae
588 2023 642 2076 in
672 2021 872 2076 diebus
901 2017 1172 2076 Dominici
1214 2017 1496 2072 Adventus
1527 2029 1628 2084 per
1657 2025 1852 2066 omnes

225 2115 428 2171 Gallias
465 2114 748 2170 annuatim
789 2129 913 2168 cum
974 2110 1281 2166 reverentia
1328 2107 1614 2172 excolitur,
1655 2103 1852 2158 mulier

225 2225 348 2282 quae
379 2209 614 2264 carnalis
642 2205 915 2262 libertatis
944 2203 1244 2276 supercilio
1286 2201 1557 2265 tumebat,
1593 2198 1774 2270 inquit
1798 2197 1849 2251 ei

224 2314 347 2370 quae
377 2313 445 2353 ex
479 2295 788 2352 famulabus
819 2293 992 2349 Patris
1013 2309 1074 2348 se
1099 2307 1322 2364 quoque
1362 2307 1486 2346 esse
1517 2288 1846 2360 plaudebat:

214 2393 390 2458 Veni,
437 2393 514 2445 mi
552 2371 742 2455 chara,
781 2401 1128 2458 properemus
1164 2387 1422 2456 perﬁcere
1459 2382 1607 2453 quod
1644 2383 1852 2450 pariter

223 2481 483 2549 capimus
531 2493 684 2548 opus.
743 2475 1114 2546 Susceperant
1169 2473 1316 2527 enim
1378 2481 1568 2527 texere
1621 2469 1849 2537 lineam,

226 2589 354 2645 quae
383 2571 558 2644 ipsius
588 2570 822 2626 Britonis
877 2575 994 2624 erat
1023 2568 1207 2623 telam.
1251 2565 1346 2621 Cui
1378 2565 1472 2620 illa
1520 2563 1844 2636 respondit:

217 2663 386 2718 Absit
414 2677 449 2715 α
474 2675 575 2728 me,
624 2661 702 2713 mi
725 2674 899 2726 soror,
952 2662 1014 2712 ut
1049 2673 1143 2724 ego
1172 2656 1332 2710 hodie
1355 2656 1592 2726 aliquem
1638 2669 1850 2724 praesu-

219 2767 362 2806 mam
399 2766 641 2805 cmercere
671 2749 927 2815 laborem,
957 2753 1008 2803 et
1035 2749 1246 2803 domini
1283 2749 1386 2800 mei
1414 2746 1572 2816 cujus
1602 2760 1725 2800 sum
1753 2760 1850 2799 an-

223 2841 374 2908 cilla,
401 2845 514 2895 tam
545 2839 842 2894 solemnem
881 2845 1140 2893 temerare
1169 2837 1548 2890 celebritatem.
1585 2834 1650 2888 At
1678 2833 1771 2886 illa
1818 2847 1849 2887 e

227 2936 450 2986 contra:
493 2931 590 2994 Tu,
631 2929 684 2983 si
709 2928 812 2982 tibi
850 2931 1026 2993 vacat,
1056 2927 1260 2994 feriata
1286 2929 1413 2990 esto,
1441 2938 1535 2993 ego
1575 2923 1717 2978 enim
1745 2937 1849 2992 quo

226 3025 392 3091 fruar
421 3022 554 3084 cibo,
591 3021 748 3078 hodie
767 3021 1088 3075 laboratura
1112 3033 1267 3073 sum:
1299 3020 1359 3072 tu
1377 3031 1501 3071 vero
1531 3016 1739 3070 domini
1767 3015 1850 3068 tui
1877 3053 1926 3123 Ο

231 3112 406 3166 excole
431 3112 651 3176 festum.
704 3109 838 3164 Huic
877 3105 1221 3163 altercationi
1266 3105 1560 3160 Britannus
1610 3103 1729 3175 ipse
1761 3102 1850 3156 in-

233 3199 500 3264 tervenit;
531 3199 625 3270 qui
683 3199 994 3254 sciscitatus
1023 3195 1332 3268 cujusmodi
1365 3195 1512 3249 inter
1550 3209 1610 3248 se
1641 3207 1847 3248 sermo-

236 3307 338 3346 nes
395 3297 662 3358 sererent,
711 3290 806 3344 ubi
848 3288 1080 3345 edidicit
1117 3303 1363 3351 causam,
1420 3284 1538 3340 suis
1585 3284 1852 3355 compulit

231 3383 712 3440 exhortationibus
740 3391 1029 3455 utramque
1075 3380 1304 3456 aggredi
1355 3381 1504 3452 quod
1534 3393 1848 3450 assumpse-

229 3483 312 3530 rat
358 3491 519 3544 opus.
575 3475 752 3546 Coepit
805 3474 991 3546 itaque
1022 3473 1228 3528 famula
1264 3471 1439 3526 Patris
1493 3469 1654 3525 anxie
1693 3470 1850 3526 valde

231 3571 354 3636 post
380 3563 540 3618 telam
574 3563 830 3618 residens
859 3571 1202 3634 exspectare,
1237 3559 1375 3632 quid
1400 3559 1520 3629 ejus
1559 3564 1747 3614 actura
1775 3558 1858 3614 fo-

231 3660 316 3708 ret
337 3653 517 3718 socia;
549 3668 672 3724 quae
720 3661 946 3706 tramam
981 3649 1431 3722 apprehendens,
1464 3649 1561 3704 ubi
1616 3649 1856 3722 primum

234 3759 334 3815 per
383 3753 597 3798 stamen
647 3743 804 3798 duxit
854 3742 1030 3811 ﬁlum,
1077 3746 1358 3812 assumpto
1390 3740 1610 3811 pectine
1649 3739 1858 3814 ligneo,

239 3833 552 3888 inculcabat
596 3833 742 3888 idem
802 3831 954 3888 ﬁlum
983 3830 1200 3902 reliquo
1253 3827 1617 3903 subtegmini,
1661 3845 1862 3899 percu-

240 3928 450 3986 tiendo.
473 3928 763 3999 Extemplo
787 3933 1163 4000 consequente
1174 3924 1309 3995 justi
1338 3922 1609 3979 examinis
1634 3921 1868 3978 ultione:

247 4032 446 4094 pecten
478 4024 666 4078 manui
709 4023 832 4094 ejus
859 4021 1119 4088 adhaesit;
1144 4019 1292 4093 quod
1323 4019 1444 4090 ipsa
1473 4018 1602 4072 dum
1637 4031 1868 4088 persen-

244 4111 336 4179 sit,
377 4111 630 4166 exterrita
677 4111 964 4166 vociferari
1021 4115 1360 4179 exorsaiest,
1422 4115 1700 4162 attentans
1741 4122 1862 4162 cre-

246 4199 368 4268 bro,
399 4201 442 4255 si
477 4216 508 4254 a
534 4216 698 4255 manu
724 4200 950 4272 pr0pria
975 4199 1251 4271 pectinem
1280 4197 1468 4270 aliquo
1499 4201 1660 4268 pacto
1696 4209 1863 4250 excu-

246 4298 359 4348 tere
383 4292 594 4364 quiret;
621 4293 722 4348 sed
751 4292 949 4349 videns
973 4293 1250 4348 incassum
1281 4306 1340 4346 se
1364 4290 1418 4344 id
1445 4288 1651 4358 facere,
1675 4286 1746 4342 ab
1768 4286 1862 4341 in-

245 4387 424 4452 εωριο
451 4380 680 4436 destitit.
723 4383 1086 4437 Accurrerunt
1125 4389 1312 4435 autem
1346 4376 1564 4450 plurimi
1621 4375 1724 4431 vici
1759 4373 1860 4429 ha-

247 4467 517 4524 bitatores
547 4469 710 4525 exciti
733 4468 1066 4525 clamoribus
1095 4467 1264 4535 illius,
1295 4467 1441 4521 inter
1477 4481 1616 4538 quos
1653 4470 1708 4519 et
1738 4463 1862 4518 Bri-

247 4567 303 4616 to
321 4560 514 4616 adfuit.
549 4562 648 4628 Qui
691 4577 1038 4634 nequaquam
1085 4559 1353 4616 reveritus
1392 4557 1700 4613 rectissima
1737 4555 1862 4612 Om-

245 4655 549 4728 nipotentis
567 4657 800 4727 judicia,
834 4674 957 4730 quae
999 4656 1100 4712 etsi
1133 4661 1262 4711 sunt
1287 4653 1502 4710 occulta
1539 4651 1862 4724 aliquando,

246 4764 468 4820 semper
507 4755 687 4805 tamen
710 4757 841 4806 sunt
862 4751 1032 4820 justa,
1051 4749 1457 4820 comprehensa
1487 4745 1713 4799 dextera
1743 4759 1865 4798 mu-

248 4839 398 4894 lieris
433 4839 521 4896 cui
553 4849 748 4910 pecten
773 4841 1088 4906 inhaeserat,
1122 4837 1392 4894 violenter
1417 4832 1759 4891 extrahendo
1778 4832 1866 4887 di-

247 4929 464 4985 scussit.

319 5023 446 5079 Car.
486 5025 710 5081 XXXIV.
746 5055 815 5065 ——
857 5025 1166 5080 Translatio
1217 5023 1366 5078 dicta
1415 5020 1722 5076 tumulatio.
1776 5018 1868 5070 Vo-

247 5122 361 5173 tum
390 5119 646 5173 candelae.
679 5117 848 5182 Quem
875 5117 1155 5173 Britonem
1184 5115 1334 5170 illico
1364 5113 1608 5170 vindicta
1638 5109 1862 5180 superni

247 5211 456 5268 Judicis
484 5229 582 5284 pro
613 5229 710 5268 sua
761 5212 1004 5284 superba
1045 5209 1354 5266 temeritate
1379 5207 1579 5264 merito
1607 5203 1864 5278 perculit.

249 5304 478 5360 Dextera
525 5306 768 5378 denique
799 5305 942 5375 ejus,
983 5321 1106 5378 quae
1137 5320 1262 5360 cum
1309 5300 1574 5359 violentia
1605 5306 1803 5371 pecten
1835 5313 1866 5351 a

322 5459 428 5540 (29)
461 5460 748 5540 Posennus
777 5469 1005 5540 vocatur
1043 5461 1097 5540 in
1140 5458 1416 5540 Andreani
1459 5453 1868 5540 libriyersipne

248 5526 476 5612 metrica
508 5547 606 5612 par
642 5532 973 5612 Tortarium,
1001 5532 1094 5604 qui
1146 5531 1310 5600 hujus
1335 5528 1510 5584 sancti
1543 5526 1864 5582 miraculum

249 5608 304 5656 et
337 5602 710 5658 inventionem
748 5605 830 5660 sic
853 5604 1022 5660 canit.

245 5677 493 5748 Corpore,
524 5675 1096 5748 Constantigdezsacro
1118 5675 1364 5748 Posenni.

317 5747 412 5801 Bis
435 5747 687 5814 monitus,
718 5746 909 5818 ﬂagris
939 5749 1096 5805 tertio
1122 5746 1433 5814 corriperis.

1953 1743 2122 1801 ratus,
2179 1734 2404 1801 invitus,
2441 1733 2676 1805 qualiter
2706 1733 2760 1788 id
2800 1733 2907 1788 sibi
2950 1733 3264 1802 accidisset,
3305 1750 3401 1789 sua
3433 1746 3565 1788 voce

1949 1824 2258 1897 protulerit.
2315 1821 2755 1878 Admonentibus
2783 1831 2967 1876 autem
3008 1821 3112 1877 vici
3168 1821 3416 1891 ejusdem
3471 1837 3567 1876 co-

1948 1914 2374 1981 babitatoribus,
2399 1913 2556 1984 petiit
2613 1912 2914 1968 Floriacum
2951 1911 3006 1966 in
3052 1912 3224 1968 Patris
3257 1911 3566 1968 translatio-

1951 2024 2042 2076 ne,
2073 2024 2182 2080 qua
2219 2006 2474 2062 Casinum
2510 2005 2776 2060 deserens
2811 2003 2979 2077 elegit
3012 2003 3184 2058 sacris
3219 2003 3336 2058 suis
3365 2003 3567 2078 pigno-

1950 2102 2104 2156 ribus
2129 2099 2483 2155 metationem
2518 2097 2854 2152 Gallicanam
2886 2095 3192 2170 regionem,
3214 2095 3566 2150 etservitium

1952 2195 2234 2268 professus
2275 2194 2380 2266 ipsi
2435 2195 2502 2247 de.
2562 2197 2760 2248 caetero
2817 2190 2984 2252 Petri,
3053 2189 3398 2262 pernoctavit
3443 2196 3568 2260 post

1951 2287 2126 2360 ipsius
2163 2287 2562 2342 sanctissimam
2611 2283 3038 2340 tumulationem
3101 2289 3260 2340 nocte
3289 2283 3402 2350 illa,
3435 2297 3566 2337 con-

1951 2378 2165 2433 tinuato
2206 2377 2297 2431 die
2328 2375 2452 2431 festi
2511 2374 2656 2432 nocti
2714 2375 2842 2446 ipsi,
2875 2375 3186 2446 deposcens
3230 2373 3406 2444 ipsius
3453 2373 3568 2428 cle—

1951 2469 2238 2537 mentiam,
2269 2469 2429 2537 cujus
2467 2467 2522 2522 iu
2551 2483 2613 2521 se
2645 2467 3018 2522 concitaverat
3056 2465 3376 2532 vindictam,
3419 2464 3567 2537 quod

1949 2570 2004 2617 et
2035 2561 2139 2630 ipsi
2172 2559 2572 2632 perspeximus.
2602 2558 2708 2613 Sed
2753 2558 3012 2630 quoniam
3058 2574 3124 2612 ex
3171 2557 3449 2629 superbia:
3485 2562 3567 2628 ty-

1951 2667 2020 2722 po
2055 2648 2262 2724 [typho]
2297 2649 2544 2717 ejusdem
2569 2648 2779 2703 crimen
2819 2647 3214 2713 descendebat,
3251 2646 3570 2702 nullatenus

1947 2737 2167 2792 veniam
2199 2737 2511 2808 impetravit
2541 2753 2706 2808 quam
2768 2736 3120 2808 implorabat,
3163 2737 3261 2790 sed
3294 2751 3468 2806 usque
3497 2733 3565 2788 ad

1947 2826 2242 2882 terminum
2285 2825 2433 2893 vitae,
2481 2825 2780 2880 comitante
2817 2841 2877 2879 se
2920 2827 3138 2880 occulto
3167 2821 3570 2894 Omnipotentis

1949 2916 2222 2977 examine.
2273 2915 2554 2972 incuratus
2585 2913 2976 2988 perseveravit.
3027 2913 3220 2969 Mulier
3249 2913 3419 2985 igitur
3447 2925 3568 2982 quae

1949 3006 2006 3061 in
2035 3022 2095 3061 se
2125 3013 2348 3077 experta
2376 3021 2618 3062 severam
2648 3003 2868 3059 Domini
2901 3002 3078 3058 fuerat
3107 3003 3402 3069 ultionem,
3437 3015 3568 3070 per-

1949 3095 2140 3152 territa
2167 3095 2334 3150 etiam
2364 3093 2552 3148 rustici
2581 3093 2729 3149 illius
2755 3092 2890 3148 diris
2915 3091 3292 3163 passionibus,
3326 3079 3565 3144 famula-

1953 3195 2067 3244 tum
2096 3187 2345 3260 professa
2385 3187 2530 3244 Patri
2565 3185 2895 3250 Benedicto,
2943 3183 3250 3256 spopondit
3301 3199 3361 3238 se
3391 3181 3448 3236 in
3475 3196 3570 3236 ea-

1951 3275 2077 3330 dem
2131 3274 2480 3330 solemnitate
2528 3274 2816 3330 candelam
2849 3271 3116 3327 omnibus
3171 3269 3332 3324 annis
3367 3268 3568 3340 quibus

1952 3365 2162 3420 viveret
2211 3363 2540 3430 oblaturam,
2595 3369 2650 3416 et
2682 3361 2855 3427 illam,
2886 3366 3226 3430 caeterasque
3270 3358 3391 3427 ejus
3413 3357 3566 3412 festi-

1949 3452 2148 3508 vitates
2185 3452 2372 3508 debita
2399 3468 2522 3507 cum
2545 3450 2839 3506 devotione
2862 3449 3302 3503 observaturum.

2029 3547 2158 3604 CAP.
2209 3545 2402 3600 XXXV.
2459 3576 2529 3584 —
2583 3544 2940 3599 Membrorum
3000 3543 3258 3610 impotens
3315 3543 3566 3593 sanatur.

1960 3644 2020 3698 In
2048 3641 2380 3698 Castellione
2410 3633 3031 3711 (Chatillon—sur-Loire)
3067 3632 3240 3686 Patris
3259 3630 3434 3702 ipsius
3459 3645 3570 3684 non

1959 3733 2157 3806 exigua
2206 3729 2581 3802 possessione,
2652 3725 2744 3780 ubi
2791 3725 2987 3780 beatus
3035 3719 3316 3778 confessor
3369 3719 3574 3774 Poscu-

1969 3840 2074 3879 nus
2100 3823 2208 3894 529)
2242 3819 2564 3892 requiescit,
2595 3817 2664 3872 de
2691 3831 2802 3889 quo
2841 3823 2896 3870 et
2931 3814 3178 3868 Andreas
3203 3812 3310 3883 (3ft)
3343 3809 3576 3881 plurima

1970 3920 2024 3975 in
2055 3919 2172 3974 suis
2203 3915 2388 3972 retulit
2409 3915 2593 3982 dictis,
2623 3911 2798 3967 multa
2845 3910 2912 3966 ad
2940 3909 3158 3964 laudem
3191 3907 3276 3962 sui
3317 3903 3578 3970 nominis,

1967 4027 2066 4084 per
2113 3998 2318 4066 merita.
2359 4007 2644 4078 utriusque
2697 4003 2866 4058 Patris
2923 4000 3127 4072 saepius
3175 3994 3584 4067 Omnipotentis

1965 4101 2260 4158 clementia
2307 4101 2646 4155 demonstrat
2690 4092 2986 4169 magnalia,
3019 4091 3088 4146 de
3141 4088 3344 4163 quibus
3384 4091 3437 4140 et
3480 4097 3584 4140 nos

1965 4193 2162 4251 dicturi
2191 4209 2382 4248 sumus
2419 4191 2622 4262 aliqua.
2665 4185 2970 4243 Homuncio
3009 4182 3256 4254 quidem,
3291 4176 3586 4232 llerbertus

1966 4285 2216 4351 nomine,
2240 4279 2627 4356 aegritudinem
2671 4275 2870 4331 incidit
2899 4273 3036 4327 adeo
3059 4284 3279 4343 gravem
3317 4273 3397 4331 ut,
3427 4279 3583 4320 reso-

1967 4378 2095 4432 lutis
2135 4355 2394 4432 omnibus
2423 4369 2708 4433 membris,
2736 4365 2945 4421 nullius
2997 4377 3186 4417 eorum
3217 4365 3467 4414 uteretur
3492 4355 3584 4412 of-

1887 4423 1944 4493 D
1969 4466 2116 4530 ﬁcio,
2140 4471 2336 4538 praeter
2363 4462 2607 4536 linguam
2643 4423 2788 4530 quae,
2831 4455 2960 4509 licet
3009 4450 3145 4506 satis
3187 4447 3410 4512 exilem,
3449 4445 3582 4500 reti-

1965 4558 2132 4614 nebat
2165 4569 2384 4611 sonum.
2415 4550 2584 4620 Hujus
2623 4545 2810 4618 inopia
2839 4541 3257 4599 sustentabatur
3299 4538 3586 4593 timoralo-

1968 4665 2084 4704 rum
2129 4643 2390 4700 alimonia
2434 4641 2699 4702 virorum,
2767 4635 2860 4708 qui
2913 4634 3080 4690 etiam
3123 4628 3461 4708 tuguriolum
3517 4627 3574 4682 in

1967 4738 2180 4812 porticu
2211 4732 2460 4788 basilicae
2487 4729 2594 4786 loci
2619 4727 2796 4800 ipsius
2827 4723 2932 4782 sibi
2981 4729 3437 4788 construxerant;
3483 4718 3581 4774 ubi

1967 4810 2023 4886 et
2057 4846 2156 4902 per
2180 4839 2474 4882 numerosa
2504 4837 2778 4877 annorum
2819 4817 3092 4874 curricula
3131 4815 3302 4870 instar
3322 4810 3587 4888 glomeris

1967 4919 2248 4975 involutus
2291 4912 2578 4980 decubuit,
2632 4910 2717 4965 vix
2760 4907 2926 4964 etiam
2987 4905 3229 4978 liquidas
3284 4901 3587 4958 sorbitiun-

1967 5012 2119 5068 culas
2167 5025 2266 5066 ore
2298 5007 2488 5062 valens
2522 5003 2770 5080 ligurire,
2822 4999 3156 5056 necessitate
3196 5009 3419 5069 quoque
3449 4992 3590 5048 rele-

1967 5103 2130 5160 vandi
2162 5101 2289 5167 alvi,
2325 5115 2355 5153 a
2394 5097 2516 5153 loco
2557 5096 2613 5150 in
2642 5095 2822 5150 locum
2855 5091 3073 5168 digredi
3102 5101 3455 5160 nequaquam
3485 5098 3588 5154 po-

1967 5207 2109 5255 tens.
2141 5196 2434 5250 Miserante
2488 5191 2654 5264 igitur
2683 5185 3091 5264 omnipotentis
3129 5180 3422 5239 clementis
3474 5177 3588 5232 Sal-

1967 5288 2192 5354 vatoris,
2225 5263 2652 5358 suffragantibus
2700 5294 2832 5335 vero
2870 5263 3046 5333 Patris
3099 5273 3272 5331 nostri
3323 5269 3588 5342 beatique

1974 5451 2125 5507 Visio
2164 5442 2309 5515 quod
2335 5441 2536 5506 docuit,
2565 5437 2868 5515 compulsus
2898 5433 3156 5515 pandere,
3187 5429 3392 5501 pandis
3415 5445 3432 5480 :

2038 5505 2315 5576 Inventum
2344 5527 2498 5567 sacro
2520 5505 2777 5565 Conditur
2805 5509 2864 5561 in
2893 5505 3142 5576 tumulo‘j

2041 5569 2154 5648 ifilli
2186 5569 2440 5641 andreas
2475 5581 2776 5636 monachus
2815 5573 3179 5648 Floriacensis
3209 5571 3416 5648 librum
3449 5569 3585 5648 scri-

1967 5639 2722 5736 psit'llemiraculissancti
2755 5647 3058 5736 Benednircti,
3093 5661 3158 5701 ex
3197 5643 3362 5700 dictis
3383 5641 3440 5696 in
3467 5639 3583 5696 0b-

1967 5717 2338 5793 servationum
2369 5723 2697 5798 praeviarum
2730 5737 2880 5778 num.
2921 5717 3011 5776 20.
