3892 6048
364 202 508 257 1223
1372 196 1656 253 RADULFI
1698 194 2004 253 TORTARII

2121 196 2342 256 )NACHI
2382 198 2681 257 FLORIAC.
3646 199 3799 255 1124

367 329 700 388 confessoris
723 327 919 383 Christi
946 327 1184 385 Posenni
1218 328 1495 400 precibus,
1521 327 1783 399 paulatim
1807 341 1984 381 mem—
2011 329 2060 398 Α
2085 335 2378 385 cernentes
2404 328 2735 385 exstinctum
2775 325 2975 395 ﬁlium,
3009 326 3067 381 in
3108 342 3218 399 quo
3256 333 3371 384 tota
3398 341 3588 398 spes
3622 342 3790 396 pen-

363 421 482 476 bris
525 418 849 489 sospitatcm
903 418 1159 473 amissam
1193 418 1609 489 recipientibus,
1668 417 1843 473 factus
1897 423 1986 471 est
2087 420 2255 478 debat
2298 424 2536 490 illorum,
2577 422 2843 495 quoniam
2886 423 3038 477 hunc
3086 423 3264 479 solum
3320 420 3787 495 possidebant,

366 514 681 580 incolumis,
726 522 909 586 grates
940 513 1184 569 referens
1213 513 1447 570 Domino
1481 512 1611 568 Jesu
1651 512 1860 568 Christo
1889 526 1984 567 se-
2088 529 2200 570 non
2220 521 2302 571 est
2324 514 2485 572 facile
2502 515 2689 571 dicere
2720 530 2859 586 quos
2888 514 3172 570 ediderint
3191 515 3469 590 gemitus,
3508 520 3785 585 quantas

366 606 609 662 cundum
642 621 752 660 suae
776 604 1025 660 scientiae
1065 605 1375 672 modulum,
1404 612 1458 659 et
1487 605 1611 674 ejus
1641 604 1891 675 utrisque
1922 602 1989 656 fi-
2088 605 2329 663 fuderint
2356 608 2645 679 lacrymas,
2693 605 3080 662 inconsolabili
3114 608 3368 682 lugentes
3429 603 3781 667 maestitia,

369 697 608 754 delibus.
646 695 956 751 Permansit
985 702 1168 751 autem
1213 696 1267 750 in
1301 696 1494 752 eodem
1536 696 1658 752 loco
1688 711 1788 766 per
1814 695 1988 749 multa
2088 715 2250 770 quem
2308 698 2787 771 amplectebantur
2825 697 3125 753 dilectione
3178 698 3364 754 unica.
3409 696 3777 751 Metuentes

369 793 641 857 tempora,
698 784 950 839 ecclesia}
982 784 1208 840 servitio
1241 784 1607 856 mancipatus,
1652 799 1870 855 aquam,
1900 783 1991 838 lu-
2089 802 2219 843 vero
2251 786 2485 843 futuram
2542 786 2944 844 discussionem
2973 786 3109 855 justi
3143 786 3349 856 judicis
3399 785 3516 841 Dei
3576 785 3777 854 (erant

374 894 523 945 men,
568 884 624 935 et
657 893 889 949 quaeque
928 877 998 932 ad
1060 877 1430 933 ministerium
1459 878 1646 933 altaris
1676 885 1833 933 erant
1862 876 1988 932 ido-
2089 875 2241 930 enim
2272 876 2558 947 timorati),
2597 875 2861 948 quoniam
2885 891 3015 947 spes
3040 875 3223 931 omnis
3245 874 3446 930 debita
3482 872 3772 943 corporis

375 987 501 1036 nea,
525 970 918 1042 suppeditans;
951 986 1115 1041 quem
1148 986 1249 1026 nos
1278 970 1441 1024 etiam
1476 969 1728 1041 pluribus
1752 968 1913 1024 annis
1934 968 1987 1023 id
2089 967 2308 1024 sublata
2387 969 2585 1037 fuerat,
2635 970 2943 1026 tractabant
2990 970 3227 1042 qualiter
3282 970 3504 1025 animae
3572 968 3771 1038 ipsius

375 1061 627 1117 officiose
660 1067 1014 1134 peragentem
1048 1061 1454 1132 perspeximus.
2087 1059 2458 1128 consulerent,
2510 1066 2787 1131 quatenus
2842 1059 3243 1134 indulgentiam
3295 1059 3614 1115 inveniret
3664 1057 3763 1128 qui

447 1155 570 1211 CAP.
600 1156 818 1210 XXXVI.
853 1186 922 1195 —
941 1158 1141 1226 Rapaa:
1168 1160 1337 1211 morte
1361 1157 1608 1225 punitus.
1642 1156 1919 1210 Damnum
1953 1169 1988 1208 a
2088 1157 2332 1207 extrema
2360 1168 2461 1207 sua
2491 1158 2599 1206 tam
2652 1151 2893 1222 pessime
2925 1151 3392 1223 praecipitaverat.
3424 1151 3766 1220 Assumpto

371 1246 694 1316 parentibus
737 1248 1063 1299 restitutum.
1111 1245 1271 1300 Calia:
1308 1260 1501 1299 aureus
1526 1261 1693 1299 manu
1744 1245 1990 1312 defuncti
2090 1241 2260 1318 igitur
2290 1244 2757 1301 Antissiodorensi
2805 1244 3077 1310 antistite,
3118 1243 3429 1302 venerabili
3460 1259 3637 1299 sane
3676 1243 3759 1296 vi-

374 1335 603 1389 oblatus.
639 1334 698 1387 ln
740 1333 1017 1389 territorio
1049 1333 1371 1388 Nivernensi
1423 1332 1702 1404 quoddam
1762 1332 1994 1387 habetur
2093 1350 2174 1402 ro,
2235 1349 2359 1390 cum
2403 1336 2599 1410 grandi
2648 1341 2915 1407 apparatu
2967 1336 3377 1408 exsequiarum,
3422 1342 3484 1391 et
3543 1335 3760 1390 exani-

375 1433 635 1488 castrum,
661 1426 849 1480 Haben
878 1434 1278 1496 nuncupatum,
1318 1426 1372 1479 in
1406 1424 1670 1497 praerupti
1704 1424 1991 1492 cujusdam
2093 1435 2241 1483 mato
2275 1425 2373 1482 ﬁlii
2407 1428 2493 1483 sui
2546 1444 2779 1500 corpore
2820 1428 3121 1484 Floriacum
3172 1435 3511 1500 properant.
3565 1427 3760 1483 Advo-

377 1518 535 1574 collis
585 1518 894 1575 cacumine.
955 1518 1126 1587 Hujus
1175 1519 1435 1574 dominus
1477 1518 1630 1591 Hugo
1685 1517 1992 1585 dicebatur,
2094 1519 2193 1575 luti
2224 1527 2406 1575 autem
2451 1520 2685 1593 genibus
2723 1521 2970 1596 Hugonis
2999 1522 3093 1593 (γ.
3126 1537 3297 1591 supra
3326 1537 3457 1593 cap.
3509 1521 3609 1593 5),
3660 1521 3754 1593 qui

380 1617 655 1682 provectae
694 1610 875 1666 artatis
907 1611 1008 1666 vir.
1047 1611 1142 1666 Hic
1171 1610 1343 1666 ﬁlium
1376 1616 1666 1684 genuerat,
1725 1609 1992 1665 vocabulo
2022 1651 2074 1719 Β
2099 1614 2227 1664 tunc
2255 1608 2310 1663 in
2342 1609 2537 1665 eodem
2570 1611 2691 1666 loco
2713 1609 2933 1665 abbatis
2951 1609 3287 1684 fungebatur
3311 1609 3548 1677 ofﬁcio,
3576 1618 3645 1666 et
3671 1620 3755 1665 to-

378 1703 718 1770 Gauterium,
754 1703 847 1775 qui
876 1703 1139 1770 juvenilis
1183 1704 1283 1759 aevi
1324 1704 1501 1759 elatus
1529 1701 1851 1773 supercilio,
1891 1702 1996 1757 mi-
2025 1700 2203 1756 "tius
2260 1702 2725 1776 congregationis,
2785 1703 3085 1774 implorant
3118 1702 3338 1759 vincula
3375 1712 3595 1759 reatus
3654 1703 3756 1757 dc-

380 1810 483 1848 nus
511 1794 580 1848 de
613 1795 1015 1866 omnipotentis
1063 1796 1157 1849 Dei
1208 1802 1552 1866 pertractans
1581 1794 1878 1861 mandatis,
1908 1808 1998 1848 res

379 1881 741 1937 ecclesiarum
774 1890 828 1937 et
868 1899 1178 1953 pauperum
1214 1883 1424 1954 rapinis
1470 1884 1690 1938 inhians
1731 1882 1996 1953 diripere,

380 1978 434 2026 et
457 1971 572 2025 suis
605 1971 657 2025 in
685 1971 1442 2042 necessitatibusexpendere
1469 1972 1718 2027 ardebat.
1739 1970 1889 2025 Unde
1912 1985 2001 2023 ar-

380 2059 613 2114 bitratus
634 2060 873 2131 Opimam
915 2060 984 2115 de
1011 2060 1122 2128 jam
1150 2067 1452 2116 memorata
1474 2060 1822 2131 possessione
1848 2074 1998 2129 pra:-

380 2156 505 2209 dam
553 2170 612 2209 se
662 2168 822 2225 posse
862 2153 1160 2219 abducere,
1216 2160 1441 2224 propter
1475 2152 1883 2208 multitudinem
1916 2149 2002 2204 di-

380 2258 665 2298 versorum
706 2241 1047 2309 animalium,
1081 2258 1205 2314 quae
1237 2242 1292 2295 in
1329 2242 1528 2297 eodem
1561 2248 1719 2296 erant
1750 2240 1873 2297 loco
1903 2243 2005 2303 (est

383 2334 533 2388 enim
565 2333 891 2388 alendorum
935 2332 1255 2387 animalium
1314 2338 1661 2402 opportunus
1707 2331 1778 2386 ob
1816 2328 2005 2384 fertili-

382 2433 547 2481 tatem
595 2424 971 2497 pabulorum),
1028 2424 1324 2495 assumptis
1380 2422 1701 2479 cohortibus
1754 2421 2004 2493 equitum

381 2532 479 2571 seu
513 2515 759 2586 peditum
801 2514 1028 2568 devenit
1060 2513 1212 2580 illuc,
1243 2527 1424 2584 neque
1457 2511 1554 2567 Dei
1584 2510 1792 2567 veritus
1824 2508 2004 2566 offen-

381 2622 520 2674 sam,
580 2621 762 2677 neque
818 2605 994 2661 Patris
1048 2605 1221 2660 nostri
1276 2604 1558 2659 meritum.
1597 2603 1764 2658 Porro
1803 2600 2005 2657 accolae

380 2698 486 2753 loci
527 2697 701 2768 ipsius
754 2705 809 2752 et
837 2697 983 2752 circa
1037 2696 1205 2768 positi
1266 2695 1409 2749 ruris
1438 2693 1847 2765 comperientes
1886 2693 2007 2761 ejus

386 2787 637 2841 insanam
699 2786 1042 2857 cupidinem,
1098 2794 1155 2840 et
1204 2785 1666 2856 pertimescentes
1717 2781 2003 2851 copiosum

382 2878 708 2949 praedonum
751 2892 1065 2942 numerum,
1111 2876 1427 2930 asciverunt
1476 2874 1531 2928 in
1577 2872 1842 2928 auxilium
1898 2871 2005 2926 sibi

386 2969 673 3023 dominum
733 2968 921 3036 castri,
962 2968 1109 3039 quod
1159 2967 1361 3022 dicitur
1408 2965 1592 3020 Sancti
1625 2964 1842 3032 Briccii,
1872 2963 2002 3019 Rot-

384 3059 601 3114 bcrtum
637 3058 885 3125 nomine,
932 3066 1217 3113 strenuum
1272 3073 1407 3112 sane
1462 3063 1571 3110 tam
1613 3055 1781 3111 armis
1835 3070 2001 3126 quam

384 3147 635 3202 consiliis
700 3146 900 3202 virum.
981 3146 1082 3211 Qui
1159 3145 1388 3203 vallatus
1462 3160 1686 3200 suorum
1768 3159 1948 3200 cuneo
1989 3188 2003 3212 ,

385 3247 640 3311 prompto
670 3238 904 3295 accurrit
933 3238 1142 3307 animo,
1191 3244 1414 3310 paratus
1468 3253 1593 3293 cum
1624 3237 1727 3305 eis,
1777 3237 1824 3291 si
1855 3236 2003 3308 quod

388 3328 725 3399 immineret,
766 3327 957 3383 subire
999 3327 1354 3399 dispendium
1407 3342 1507 3399 pro
1562 3326 1734 3381 Patris
1780 3341 2005 3397 prome-

388 3420 561 3475 rendo
602 3418 885 3493 suffragio,
933 3427 988 3475 et
1039 3419 1347 3475 vicinorum
1388 3422 1481 3491 qui
1528 3434 1588 3474 se
1639 3418 2005 3490 expetierant,

390 3512 717 3568 commodis.
751 3512 1039 3567 Gauterius
1065 3512 1251 3583 itaque
1281 3527 1574 3587 aggressus
1604 3509 2007 3565 Castellionen-

386 3621 497 3673 ses,
538 3605 825 3678 satagebat
858 3620 1028 3677 opere
1074 3604 1343 3676 perficere
1396 3603 1544 3676 quod
1596 3609 1781 3658 mente
1807 3616 2009 3657 conce-

390 3705 564 3769 perat,
597 3698 864 3754 ruricolas
909 3698 1167 3754 videlicet
1206 3713 1513 3769 eorumque
1540 3712 1742 3769 pecora
1773 3703 1828 3750 et
1878 3708 2010 3764 spo-

388 3792 461 3846 lia
487 3807 673 3847 secum
704 3791 999 3847 abducere.
1027 3791 1321 3847 Rotbcrtus
1337 3798 1519 3845 autem
1551 3790 1607 3845 ei
1632 3788 1851 3844 obviam
1884 3801 2011 3858 pro-

389 3899 610 3957 gressus
638 3899 762 3938 cum
802 3883 937 3951 suis,
980 3882 1295 3953 conjunctis
1335 3897 1560 3954 quoque
1616 3880 1721 3936 sibi
1764 3880 2011 3936 locorum

391 3977 797 4050 contiguorum
827 3975 1063 4044 colonis,
1111 3974 1365 4031 conferre
1398 3991 1520 4030 cum
1552 3990 1619 4031 eo
1658 3990 1769 4030 non
1795 3972 2014 4041 valens,

393 4064 515 4132 ejus
547 4064 798 4118 timendo
846 4064 1054 4133 cepias,
1114 4070 1267 4137 terga
1315 4065 1493 4119 vertit.
1556 4065 1843 4120 Gauterius
1881 4079 2015 4136 ergo

392 4173 523 4213 suos
552 4158 740 4212 multis
768 4158 1107 4214 clamoribus
1136 4159 1478 4225 adhortatus,
1519 4175 1775 4231 equoque
1805 4159 1893 4215 cui
1927 4159 2014 4213 in-

393 4249 614 4305 sidebat
665 4251 971 4307 calcaribus
1026 4250 1254 4308 incitato
1314 4252 1492 4323 ipsum
1530 4252 1830 4323 perniciter
1868 4252 2021 4307 inse—

2098 1792 2270 1849 functi
2319 1794 2579 1866 precibus
2635 1810 2825 1850 eorum
2874 1795 3033 1863 solvi,
3094 1802 3301 1850 certum
3341 1803 3659 1860 tenentes,
3701 1795 3752 1849 in

2097 1890 2401 1954 conspectu
2434 1884 2636 1939 summi
2666 1884 2876 1941 Judicis
2926 1884 3100 1956 ipsius
3121 1885 3422 1940 laxandum
3483 1885 3749 1947 crimen,

2099 1972 2143 2026 si
2173 1973 2377 2044 quibus
2405 1972 2553 2028 illata
2593 1973 2794 2043 injuria
2840 1973 3042 2043 fuerat,
3075 1974 3132 2028 in
3160 1975 3429 2046 praesenti
3462 1981 3598 2031 toto
3627 1975 3751 2029 ani-

2100 2079 2191 2120 mo
2233 2064 2408 2136 ipsam
2439 2065 2594 2136 prius
2617 2065 2984 2122 remitterent.
3036 2066 3193 2122 Unde
3237 2073 3293 2122 et
3340 2067 3589 2123 calicem
3647 2084 3745 2139 pn-

2104 2151 2309 2206 rissimi
2340 2153 2460 2208 auri
2493 2153 2686 2210 libram
2717 2156 3016 2212 habentem
3037 2156 3095 2211 in
3118 2156 3346 2212 dextera
3375 2156 3483 2211 ﬁlii
3519 2157 3619 2212 sui
3653 2174 3745 2228 po-

2103 2249 2263 2310 nunt,
2323 2250 2378 2299 et
2425 2244 2577 2300 illum
2620 2261 2720 2317 pro
2767 2246 3085 2303 vadimonio
3134 2245 3397 2314 offerunt,
3455 2254 3742 2318 quatenus

2105 2332 2497 2403 promptiorem
2530 2334 2749 2390 veniam
2801 2335 2989 2391 delicti
3019 2336 3104 2391 sui
3145 2336 3366 2408 assequi
3400 2344 3737 2400 mereretur,

2105 2422 2151 2477 si
2183 2422 2424 2493 aliquam
2455 2424 3031 2495 recompensationem
3065 2439 3164 2495 pro
3197 2425 3522 2480 temeritate
3566 2425 3739 2497 ipsius

2107 2512 2477 2578 exsolverent,
2530 2514 2826 2569 credentes
2888 2514 3105 2586 quoties
3170 2515 3224 2568 in
3270 2529 3339 2571 eo
3392 2514 3737 2570 sacriﬁcium

2106 2624 2335 2664 summm
2383 2608 2659 2664 divinitati
2707 2608 3018 2676 offerretur,
3074 2625 3433 2681 nequaquam
3487 2610 3742 2679 ejusdem

2106 2701 2362 2759 sacriﬁcii
2395 2703 2579 2775 ipsum
2632 2718 2756 2759 esse
2811 2710 3104 2758 exsortem.
3148 2702 3363 2758 Fratres
3410 2703 3615 2775 itaque
3656 2704 3736 2774 pia

2107 2795 2468 2851 miseratione
2502 2795 2762 2866 permoti,
2797 2794 3138 2869 generaliter
3168 2810 3269 2866 pro
3298 2810 3367 2849 eo
3398 2794 3739 2851 sacriﬁcium

2108 2884 2477 2955 omnipotenti
2509 2883 2745 2940 Domino
2777 2883 3120 2950 obtulerunt,
3178 2883 3387 2939 absolvi
3439 2891 3737 2955 poscentes

2105 2974 2279 3045 ipsius
2316 2973 2574 3042 offensas,
2623 2981 2678 3029 et
2717 2973 2847 3044 ipsi,
2882 2974 3186 3029 secundum
3244 2974 3681 3043 possibilitatem
3709 2991 3737 3029 a

2107 3062 2320 3119 Christo
2361 3063 2624 3119 ﬁdelibus
2654 3063 2769 3118 suis
2801 3078 3143 3129 concessam,
3184 3062 3333 3134 quod
3383 3062 3445 3117 in
3476 3078 3577 3119 eos
3608 3063 3738 3118 deli-

2106 3163 2301 3225 querat
2356 3153 2743 3220 remittentes;
2809 3151 3159 3223 expletisquc
3238 3151 3457 3206 funeris
3518 3154 3734 3209 honore

2108 3261 2352 3321 congruo
2372 3245 2592 3316 ofﬁciis,
2627 3245 2908 3318 genitores
2937 3261 3060 3301 cum
3112 3244 3399 3302 nobilibus
3425 3245 3566 3301 viris
3603 3263 3733 3318 quos

2109 3342 2165 3397 in
2212 3356 2314 3397 suo
2361 3341 2669 3397 asciverant
2703 3340 2989 3408 comitatu,
3051 3340 3119 3395 ad
3167 3339 3389 3412 propria
3438 3339 3727 3405 dimisere,

2111 3447 2221 3488 non
2246 3432 2583 3489 mediocrem
2632 3430 3071 3487 consolationem
3093 3430 3162 3486 de
3196 3431 3373 3486 salute
3395 3428 3499 3485 ﬁlii
3529 3431 3625 3486 sui
3652 3447 3732 3485 re-

2110 3528 2413 3594 portantes.

2181 3616 2311 3673 Cxp.
2354 3617 2605 3673 XXXVII.
2651 3649 2715 3658 --
2772 3616 3054 3672 Prwdones
3109 3617 3314 3685 Ligeris
3349 3616 3504 3672 unda
3556 3619 3730 3672 mersi.

2112 3708 2425 3777 Interjectis
2455 3708 2755 3780 aliquantis
2786 3723 3058 3764 annorum
3090 3706 3401 3773 curriculis,
3445 3706 3730 3761 confoede-

2113 3798 2213 3852 rati
2247 3798 2316 3852 de
2340 3796 2537 3853 vicina:
2566 3796 2817 3868 partibus
2844 3795 3173 3872 Burgundize
3205 3795 3475 3850 adversus
3504 3795 3731 3850 eosdem

2116 3890 2599 3957 Castellion‘enses,
2659 3890 2884 3962 quidam
2940 3889 3231 3961 praedones
3284 3888 3735 3961 glomeraverunt

2116 3995 2229 4035 non
2260 3979 2536 4034 inﬁrmam
2569 3994 2797 4035 manum
2849 3978 3171 4046 satellitum,
3201 3977 3446 4049 equitum
3488 3983 3543 4031 et
3576 3977 3733 4047 pedi-

2115 4082 2251 4131 tum.
2290 4074 2538 4130 Transito
2567 4080 2749 4130 autem
2776 4089 2941 4128 amne
2972 4072 3243 4147 Ligerico,
3293 4069 3639 4127 diffuderunt
3675 4087 3732 4126 se

2125 4180 2226 4237 per
2254 4180 2381 4220 rura
2407 4164 2475 4218 ad
2507 4163 2687 4234 ipsum
2726 4162 2996 4234 praedium
3025 4161 3376 4233 pertinentia.
3408 4160 3581 4215 Tanta
3610 4176 3732 4216 vero

2123 4264 2242 4313 erat
2272 4256 2380 4311 illis
2399 4254 2667 4311 securitas
2694 4254 3103 4310 conﬁdentibus
3130 4254 3184 4308 in
3216 4270 3316 4309 sua
3356 4252 3729 4319 multitudine,

394 4343 604 4415 quitur.
638 4342 807 4407 Quem
838 4343 1139 4400 Rotbertus
1165 4344 1507 4417 jamjamque
1536 4343 1646 4400 sibi
1676 4344 2011 4415 apprOpian-
2036 4328 2096 4399 Ι)
2118 4354 2173 4402 et
2195 4353 2345 4402 tanta
2373 4344 2685 4419 arrogantia
2713 4344 2784 4399 de
2814 4342 3016 4399 robore
3064 4351 3117 4397 et
3146 4341 3459 4413 aptitudine
3487 4357 3606 4396 suae
3645 4342 3729 4410 ju-

392 4440 502 4488 tem
548 4448 807 4503 cernens,
854 4440 1050 4505 utputa
1100 4434 1270 4490 moris
1322 4441 1407 4490 est
1463 4433 1822 4507 fugientium,
1856 4433 2014 4489 hasta

396 4539 565 4596 super
593 4525 885 4580 humerum
915 4526 1143 4597 rejecta,
1175 4524 1381 4581 ferrum
1414 4525 1583 4581 hastae
1612 4523 1867 4596 sequenti
1918 4539 2013 4595 0p-

391 4619 597 4690 posuit.
624 4620 689 4674 At
710 4620 804 4676 ille
833 4627 1065 4677 conatus
1092 4620 1268 4677 hostis
1294 4636 1645 4693 nequaquam
1672 4617 2004 4691 praevidens,

393 4711 523 4767 dum
553 4712 830 4768 incautius
860 4714 1128 4787 attingere
1173 4730 1302 4769 eum
1333 4729 1478 4786 equo
1523 4714 1780 4779 ardescit,
1810 4714 1866 4768 in
1893 4713 2011 4768 fer-

394 4820 512 4859 rum
545 4805 684 4873 ruit;
741 4805 892 4878 quod
941 4806 1146 4881 gutturi
1204 4806 1350 4861 illius
1399 4806 1743 4871 immersum,
1799 4806 2012 4878 absque

394 4896 662 4954 dilatione
690 4897 801 4954 vita
834 4899 1087 4970 privavit.
1119 4899 1382 4955 Videntes
1422 4914 1550 4955 vero
1586 4898 1853 4954 satellites
1891 4898 2013 4967 ejus

394 4986 680 5043 dominum
721 5004 880 5042 suum
915 4988 1309 5056 exanimatum,
1340 4986 1641 5043 ululatibus
1681 5003 1888 5056 acrem,
1929 4989 2012 5043 la-

392 5079 597 5151 crymis
636 5095 811 5154 genas
842 5081 1154 5152 opplentes,
1188 5080 1436 5135 humeris
1475 5095 1676 5150 corpus
1714 5079 2013 5151 imponen-

392 5183 477 5226 tes
506 5171 661 5227 abire
695 5178 990 5227 maturant.
1038 5171 1332 5227 Miserante
1368 5171 1492 5241 ipso
1535 5169 1693 5239 cujus
1731 5170 2018 5226 interierat

394 5262 560 5323 ferro.
596 5262 709 5316 illis
737 5278 958 5333 quoque
988 5278 1129 5334 quos
1173 5263 1474 5333 praedatum
1534 5270 1783 5326 venerat,
1818 5277 2015 5318 conce-

394 5350 660 5405 dentibus
700 5351 932 5406 liberam
970 5352 1222 5425 fugiendi
1267 5352 1505 5424 c0piam,
1548 5352 1851 5425 laudesque
1894 5368 2018 5424 pro-

394 5441 764 5497 clamantibus
803 5443 1172 5515 omnipotenti
1229 5444 1361 5510 Deo,
1396 5450 1580 5518 grates
1615 5444 1757 5499 Patri
1789 5445 2018 5500 Benedi-

394 5534 505 5592 cto,
538 5535 844 5600 sanctoque
876 5532 1182 5588 confessori
1211 5532 1468 5587 Posenno
1494 5531 1564 5586 de
1591 5538 1702 5587 tam
1725 5532 1892 5588 celeri
1916 5532 2018 5589 ho-

394 5613 495 5668 stis
509 5615 594 5669 sui
606 5616 954 5677 multatione.
972 5621 1196 5679 Genitor
1207 5628 1390 5678 autem
1404 5621 1752 5694 genitrixque
1769 5622 2018 5680 defuncti

2113 4435 2377 4503 ventutis,
2402 4440 2462 4489 ut
2496 4449 2741 4489 scurram
2773 4448 2832 4487 se
2864 4430 3177 4502 praecedere
3196 4429 3463 4498 facerent,
3495 4429 3591 4500 qui
3615 4446 3728 4483 mu-

2113 4524 2228 4580 sico
2253 4523 2622 4579 instrumento
2667 4537 2755 4577 res
2784 4520 3001 4577 fortiter
3030 4526 3212 4595 gestas
3234 4526 3290 4574 et
3314 4519 3564 4590 priorum
3592 4519 3727 4575 bella

2113 4617 2465 4690 praecineret,
2498 4623 2771 4688 quatenus
2798 4614 2885 4669 bis
2915 4609 3095 4668 acrius
3140 4611 3508 4668 incitarentur
3550 4613 3619 4667 ad
3667 4629 3726 4667 ea

2115 4709 2454 4784 peragenda,
2491 4724 2616 4781 quae
2648 4707 2892 4782 maligno
2935 4712 3308 4778 conceperant
3342 4704 3559 4760 animo.
3610 4705 3721 4760 Erat

2113 4810 2296 4858 autem
2328 4801 2657 4874 prapositus
2717 4800 2893 4872 ipsius
2931 4798 3301 4871 possessionis
3332 4797 3663 4853 constitutus
3696 4815 3722 4851 a

2113 4889 2377 4946 fratribus
2417 4905 2483 4945 eo
2513 4898 2759 4960 tempore
2790 4887 3014 4960 quidam
3038 4887 3120 4942 vir
3168 4885 3395 4957 probus,
3429 4885 3722 4942 Aimericus

2116 4983 2405 5051 vocabulo,
2439 4981 2556 5054 qui,
2582 4980 2775 5036 mundi
2808 4980 3015 5036 relictis
3045 4978 3280 5051 pompis,
3318 4985 3604 5049 assumpto
3642 4979 3723 5033 ha-

2118 5075 2235 5133 bitu
2262 5074 2608 5139 monachico,
2645 5072 3015 5144 omnipotenti
3052 5071 3287 5128 Domino
3328 5069 3481 5124 ﬁdeli
3511 5069 3723 5125 famulo-

2118 5171 2278 5225 batur
2309 5168 2601 5240 obsequio,
2634 5167 2773 5222 Patri
2823 5165 3124 5222 Benedicto
3166 5166 3221 5220 in
3270 5163 3379 5219 sibi
3424 5164 3723 5219 commissis

2118 5262 2362 5317 existens
2388 5258 2595 5332 jugiter
2622 5256 2822 5311 ﬁdelis.
2869 5255 2982 5325 llic,
3016 5265 3310 5326 antequam
3358 5259 3566 5309 vestem
3607 5270 3721 5310 mu-

2119 5358 2309 5418 tasset,
2342 5348 2645 5406 sacerdotis
2685 5346 3022 5422 fungebatur
3057 5345 3282 5414 ofﬁcio;
3337 5345 3426 5401 cui
3473 5346 3635 5400 vicini
3671 5356 3720 5400 et

2118 5442 2210 5515 qui
2245 5457 2369 5497 eum
2411 5444 2677 5497 noverant
2714 5438 3091 5495 testimonium
3124 5435 3452 5492 deferebant
3489 5435 3720 5510 legitime

2117 5537 2525 5599 conversatum,
2578 5528 2825 5600 quandiu
2890 5529 2946 5583 in
3007 5526 3296 5583 clericatus
3349 5532 3715 5597 permanserat

2118 5633 2284 5684 sorte.
2324 5625 2534 5695 Itaque,
2593 5621 2898 5695 phalanges
2950 5619 3229 5692 rapacium
3284 5616 3526 5676 effractis
3560 5618 3719 5679 domi-
