3932 6040
173 250 317 307 I225

1339 255 1674 311 MIRACULA
1714 257 1940 312 SANC’I‘I
1981 259 2342 316 BENEDICTI.

3363 227 3503 326 1‘226

171 379 278 434 bus
327 380 709 450 ruricolarum,
751 391 1117 440 oneraverunt
1172 401 1232 440 se
1288 387 1500 458 spoliis,
1553 397 1783 462 agentes
1808 392 1859 461 Α
1885 391 1978 462 qui
2021 393 2424 449 contumaciam
2459 393 2679 451 illorum
2721 395 2947 468 dejecit,
2984 405 3039 454 et
3079 398 3246 455 robur
3278 402 3502 456 commi-

171 487 285 540 prze
323 487 383 526 se
412 488 610 548 greges
641 486 926 544 pecorum,
985 490 1126 547 quos
1158 475 1214 530 in
1263 477 1542 551 contiguis
1574 487 1784 534 torren-

167 567 282 614 tum
325 563 517 632 pratis,
559 581 656 620 seu
704 565 759 620 in
789 565 976 620 littore
1007 565 1213 636 Ligeris
1241 576 1562 637 repererant
1609 569 1782 640 depa—

162 656 401 708 scentes.
453 652 752 709 Plurimam
818 654 1089 726 siquidem
1132 671 1323 710 eorum
1371 656 1779 712 multitudinem

166 738 355 794 rustici
384 742 477 812 qui
510 743 828 812 praedonum
854 744 1216 814 praascierant
1251 745 1567 813 adventum,
1604 747 1657 800 in
1686 748 1782 800 sil-

160 831 244 886 vis
273 841 327 888 et
353 833 407 888 in
427 834 766 908 confragosis
796 836 1130 892 abdiderant
1151 838 1387 892 vallibus
1439 839 1612 911 Igitur
1639 855 1781 910 prie-

158 929 327 978 eunte
349 932 592 989 cantore,
627 933 817 998 utpote
846 927 985 981 nihil
1018 927 1331 982 formidinis
1372 927 1669 992 habentes,
1715 929 1783 983 ad

157 1019 312 1076 littus
339 1028 637 1093 properant
669 1023 866 1089 amnis,
896 1022 989 1078 ubi
1023 1023 1212 1094 plures
1243 1038 1468 1077 suorum
1502 1023 1569 1076 ad
1606 1033 1784 1078 custo-

155 1111 300 1166 diam
335 1114 551 1168 navium
582 1115 1006 1179 collocaverant,
1049 1115 1251 1186 quibus
1291 1114 1550 1169 eumdem
1595 1121 1775 1170 trans-

155 1206 546 1278 navigaverant
575 1206 824 1262 ﬂuvium.
860 1209 1024 1263 Porro
1064 1207 1246 1263 coloni
1287 1209 1401 1279 jam
1443 1209 1603 1263 dictae
1651 1224 1776 1279 pos-

151 1295 418 1350 sessionis
460 1296 514 1350 in
554 1313 726 1351 unum
751 1296 863 1366 jam
899 1296 1299 1363 conﬂuxerant,
1351 1304 1649 1368 sequentes
1681 1312 1776 1352 eos

151 1402 182 1439 a
235 1387 426 1461 longe;
470 1404 822 1460 nequaquam
883 1389 1031 1443 enim
1084 1389 1415 1460 appropiare
1473 1388 1770 1443 audebant.

147 1477 265 1530 Jam
324 1478 503 1533 dictus
555 1489 737 1534 autem
793 1480 1144 1551 praepositus,
1199 1496 1307 1535 non
1368 1480 1658 1534 minimum
1713 1480 1769 1534 in

147 1569 316 1624 corde
341 1571 664 1643 concipiens
702 1572 975 1638 dolorem,
1006 1573 1329 1627 anxiabatur
1376 1573 1556 1639 valde,
1609 1572 1769 1644 igno-

143 1681 272 1719 rans
311 1666 443 1736 quid
476 1667 822 1737 potissimum
857 1684 1021 1739 agere
1053 1668 1312 1736 deberet;
1371 1684 1552 1740 neque
1619 1668 1767 1723 enim

144 1754 251 1809 sibi
271 1757 356 1810 vel
386 1756 503 1810 suis
534 1763 711 1810 tutum
742 1756 855 1812 fore
885 1756 1206 1811 advertebat
1235 1757 1290 1809 in
1321 1757 1508 1812 hostes
1529 1756 1766 1821 irruere,

143 1863 325 1919 neque
366 1847 612 1919 ipsorum
667 1849 944 1924 navigium
979 1864 1388 1920 praroccupare,
1422 1864 1546 1902 cum
1581 1848 1633 1902 hi
1674 1849 1768 1920 qui

143 1936 210 1989 ad
243 1953 365 1990 eum
409 1945 808 2004 convenerant,
840 1937 998 2007 pauci
1030 1944 1218 1992 essent
1250 1953 1505 2004 numero,
1545 1953 1649 1992 nec
1680 1954 1768 1992 sa-

146 2027 215 2081 tis
258 2028 445 2083 animo
497 2035 835 2084 constantes.
889 2029 1180 2083 Enimvero
1219 2030 1478 2100 quoniam
1535 2029 1766 2084 deerant

142 2118 290 2174 vires
343 2120 648 2183 hominum,
692 2127 748 2175 et
787 2120 988 2176 robore
1047 2120 1450 2176 destituebatur
1497 2121 1763 2189 humano,

143 2214 271 2270 totis
312 2215 570 2270 medullis
609 2216 945 2272 convertitur
983 2217 1052 2271 ad
1104 2216 1349 2271 divinum
1409 2215 1762 2291 suffragium,

144 2310 370 2375 totoque
400 2303 454 2358 in
501 2312 703 2360 terram
758 2312 1064 2376 prostratus
1105 2322 1358 2377 corpore,
1391 2307 1609 2362 caelitus
1648 2307 1764 2361 suis

143 2395 404 2450 exorabat
433 2394 708 2450 auxiliari.
756 2395 818 2450 Et
847 2412 1036 2450 versus
1067 2395 1133 2450 ad
1169 2397 1372 2463 hostes,
1429 2397 1485 2450 in
1536 2396 1761 2451 nomine

144 2485 358 2540 Domini
399 2485 685 2541 maledixit
738 2486 866 2554 illis,
899 2487 1128 2558 suisque
1180 2485 1464 2557 praecepit,
1494 2503 1616 2540 cum
1648 2487 1761 2540 cla-

145 2593 295 2633 more
327 2578 584 2647 maximo,
629 2585 782 2652 terga
821 2579 1193 2655 malignorum
1223 2597 1254 2635 a
1285 2580 1452 2653 longe
1494 2580 1756 2652 insequi;

141 2668 236 2740 qui
264 2669 374 2738 jam
407 2687 506 2741 per
546 2671 703 2727 collis
740 2670 1015 2727 declivum
1040 2671 1464 2738 descendentes,
1527 2671 1760 2727 festina-

142 2759 275 2814 bant
302 2759 548 2815 ascensis
578 2760 812 2816 navibus
841 2761 909 2815 ad
940 2778 1037 2816 sua
1064 2762 1303 2833 regredi,
1335 2763 1613 2816 neminem
1645 2762 1762 2816 suis

143 2850 371 2906 obviare
409 2852 635 2908 ausibus
687 2852 892 2907 audere
949 2853 1318 2923 suspicantes.
1364 2851 1578 2907 Auditis
1629 2868 1760 2927 ergo

145 2953 269 3017 post
286 2963 386 3002 sua
411 2948 639 3021 vestigia
686 2947 1111 3004 vociferantium
1156 2948 1505 3015 tumultibus,
1557 2955 1610 3003 et
1641 2951 1756 3004 cla-

145 3060 302 3101 more
356 3052 614 3116 tanquam
660 3062 782 3102 sese
813 3046 1052 3103 invicem
1112 3047 1537 3112 exhortantium,
1577 3053 1762 3102 tantus

1886 485 2023 541 nuit.

1957 576 2080 634 Car.
2114 579 2387 636 XXXVIII.
2433 611 2501 621 —
2532 583 2731 638 Amans
2759 585 2949 652 recipit
2998 587 3249 639 mentem.
3282 584 3406 640 Erat
3444 587 3501 640 in

1883 668 2143 737 superius
2182 669 2328 725 dicta
2359 671 2496 726 curti
2538 671 2943 728 Matriniacensi
2983 674 3206 744 quidam
3251 673 3386 730 ﬂore
3412 675 3502 746 ju-

1882 761 2091 832 venilis."
2119 763 2298 818 elatus
2341 763 2514 818 aetatis
2563 765 2786 820 nomine
2827 765 3043 834 Waldo,
3101 767 3192 838 qui
3228 768 3497 838 pruritum

1882 866 1996 905 sua:
2045 867 2155 907 non
2191 851 2372 906 ferens
2400 853 2600 919 carnis,
2634 855 3092 910 consuetudinem
3145 857 3322 926 stupri
3373 873 3496 912 cum

1885 943 2067 1015 aliqua
2107 945 2310 1001 fecerat
2335 947 2678 1003 muliercula.
2709 949 2806 1004 Hic
2834 950 2902 1003 ab
2930 950 3120 1006 amicis
3147 951 3349 1022 saepius
3374 967 3499 1008 cor-

1885 1043 2091 1108 reptus,
2132 1037 2226 1093 illa
2265 1039 2468 1107 rejecta
2497 1041 2652 1096 duxit
2680 1057 2928 1096 uxorem.
2963 1043 3028 1098 At
3057 1043 3150 1098 illa
3187 1044 3406 1112 dolens,
3443 1054 3498 1101 et

1879 1128 2068 1184 ulcisci
2093 1146 2215 1185 sese
2250 1139 2362 1187 toto
2390 1131 2652 1188 affectans
2673 1134 2880 1201 animo,
2916 1135 3211 1210 investigat
3240 1155 3348 1209 qua
3379 1146 3496 1194 arte

1878 1236 2032 1276 suam
2097 1224 2268 1293 possit
2320 1224 2604 1280 vindicare
2654 1225 2933 1292 injuriam.
2997 1228 3154 1283 Unde
3207 1229 3495 1286 maleﬁciis

1878 1328 2170 1384 operosam
2204 1315 2533 1386 impendens
2582 1334 2793 1383 curam,
2827 1319 2967 1374 adeo
3007 1321 3292 1390 praevaluit
3320 1329 3380 1378 ut
3404 1323 3494 1394 ju-

1874 1407 2031 1460 venis
2062 1414 2304 1463 mentem
2337 1409 2626 1477 alienaret,
2661 1412 2791 1466 etin
2819 1428 2884 1468 eo
2915 1412 3164 1469 funditus
3189 1415 3304 1471 suis
3326 1432 3494 1471 vene-

1874 1498 2014 1554 ﬁciis
2033 1500 2141 1554 vim
2167 1501 2399 1557 rationis
2415 1505 2809 1579 exstingueret.
2837 1505 2936 1570 Qui
2958 1515 3143 1562 mente
3167 1507 3438 1578 perditus,
3464 1525 3494 1562 a

1873 1603 1972 1644 suo
1986 1588 2268 1645 domicilio
2288 1606 2568 1666 egressus,
2591 1593 3114 1669 propriaignorante
3140 1595 3344 1651 familia
3361 1597 3493 1668 quid

1874 1695 2037 1754 agere
2068 1680 2389 1749 destinaret,
2441 1700 2570 1740 arcu
2613 1692 2895 1757 assumpto
2941 1703 3065 1742 cum
3097 1687 3310 1760 sagittis
3347 1688 3495 1754 (huic

1801 1745 1846 1812 Β
1873 1745 2021 1824 enim
2051 1771 2151 1826 arti
2192 1745 2442 1838 vacabat)
2475 1774 2640 1829 silvas
2682 1745 2844 1844 petiit
2873 1745 3284 1842 Calvi-montis,
3342 1745 3490 1830 deli-

1869 1863 2378 1920 tescensincibatus
2399 1865 2609 1937 aliquot
2629 1866 2751 1922 dies
2783 1867 2839 1920 in
2871 1867 3000 1922 illis.
3032 1867 3238 1932 Quibus
3269 1867 3489 1922 tandem

1870 1955 2078 2011 relictis
2108 1957 2411 2012 Floriaeum
2454 1958 2700 2026 devenit,
2735 1959 2790 2012 in
2834 1959 3024 2031 vigilia
3057 1958 3202 2014 beati
3232 1959 3491 2030 Baptistae

1866 2044 2127 2113 Joannis;
2174 2047 2556 2118 majoremque
2587 2047 2876 2104 ecclesiam
2939 2054 3156 2119 petens,
3187 2063 3369 2104 coram
3411 2048 3492 2102 al-

1869 2137 1992 2204 tari,
2036 2139 2184 2210 quod
2216 2140 2516 2215 imaginem
2548 2147 2866 2216 argenteam
2898 2141 3200 2198 Dominicaa
3229 2141 3490 2196 recorda-

1867 2229 2033 2283 tionis
2073 2245 2219 2300 pone
2277 2230 2464 2298 habet,
2521 2231 2791 2302 constitit,
2828 2231 3088 2287 fratribus
3129 2231 3363 2288 Domino
3394 2246 3488 2286 so-

1865 2319 2034 2376 lemni
2067 2337 2218 2378 more
2275 2323 2510 2394 hymnos
2551 2324 2957 2381 resonantibus.
3016 2324 3115 2380 Ubi
3157 2323 3286 2378 dum
3350 2323 3490 2378 inter

1864 2412 2200 2469 candelabra
2255 2415 2510 2486 stupidus
2553 2417 2657 2473 hac
2692 2417 2767 2484 Yet
2823 2417 2951 2472 illac
3007 2416 3216 2472 lumina
3264 2423 3488 2472 contor-

1863 2520 2041 2576 quens
2069 2512 2122 2560 et
2163 2507 2438 2564 calcaneis
2467 2509 2646 2564 solum
2690 2509 2990 2581 pavimenti
3034 2515 3276 2565 atterens
3305 2507 3488 2580 persi—

1861 2600 2052 2659 steret,
2085 2597 2376 2666 suspensis
2407 2595 2688 2664 fratribus,
2733 2598 2824 2670 qui
2867 2614 2994 2653 eum
3034 2604 3321 2666 noverant,
3355 2595 3486 2668 quid

1863 2701 2028 2758 agere
2057 2685 2435 2752 deliberaret;
2496 2689 2720 2744 tandem
2775 2698 3061 2761 comperto
3089 2690 3238 2762 quod
3300 2696 3488 2745 mente

1862 2775 2210 2843 excessisset,
2241 2777 2504 2848 expulsus
2546 2784 2627 2833 est
2658 2795 2688 2832 a
2735 2779 2855 2835 loco
2883 2779 3169 2835 stationis:
3217 2779 3363 2834 illius
3393 2779 3489 2850 qui

1861 2879 1984 2918 sese
2017 2865 2229 2934 pernici
2280 2883 2471 2940 gressu
2505 2882 2851 2938 promovens,
2887 2874 3014 2923 ante
3073 2884 3222 2923 aram
3253 2867 3348 2922 Dei
3381 2867 3487 2923 Ge-

1863 2953 2079 3008 nitricis
2118 2956 2377 3019 contulit,
2431 2964 2486 3011 et
2528 2956 2664 3010 inibi
2699 2963 2868 3014 totam
2918 2957 3068 3012 illam
3099 2962 3315 3013 noctem
3348 2955 3490 3012 infa-

1864 3043 2106 3115 tigabilis
2132 3045 2456 3117 pervigilem
2489 3045 2720 3110 ducens,
2749 3045 2965 3101 visione
2999 3044 3229 3110 salubri,
3262 3051 3324 3100 ut
3366 3043 3486 3115 ipse

147 3137 313 3192 corda
342 3137 584 3207 ipsorum
619 3137 797 3193 induit
834 3145 1014 3194 metus
1066 3146 1128 3194 ut
1178 3139 1447 3210 prmcipiti
1480 3154 1676 3194 omnes
1702 3153 1761 3193 se
1789 3120 1838 3190 C
1864 3133 2116 3203 pluribus
2172 3135 2522 3204 postmodum
2590 3134 2877 3191 confessus
2926 3145 3030 3202 est,
3084 3134 3140 3190 in
3201 3134 3488 3206 pristinam

148 3227 430 3282 traderent
473 3227 637 3298 fugae,
681 3234 733 3281 et
771 3227 1020 3282 certatim
1064 3243 1232 3282 cursu
1266 3228 1476 3298 pernici
1518 3228 1765 3298 pervola-

147 3323 269 3372 rent
297 3316 363 3370 ad
398 3316 626 3383 ﬂumen,
656 3315 952 3387 nullusque
979 3316 1240 3386 cssetqui
1273 3331 1368 3370 eos
1391 3332 1421 3370 a
1453 3315 1580 3388 fuga
1612 3316 1768 3370 cohi-

145 3409 279 3464 bere
324 3407 738 3483 aggrederetur,
779 3416 839 3462 ut
890 3408 943 3461 in
975 3407 1068 3462 tali
1099 3407 1325 3481 negotio
1358 3406 1477 3462 fieri
1529 3407 1790 3473 assolet;

150 3499 245 3571 qui
278 3500 427 3554 enim
447 3500 615 3554 duces
642 3499 856 3554 fuerant
883 3500 937 3553 in
961 3500 1196 3566 scelere,
1220 3499 1381 3569 primi
1416 3506 1576 3554 erant
1607 3499 1769 3572 fugae.

154 3594 307 3648 Tunc
337 3593 470 3647 illud
499 3593 642 3649 beati
675 3593 776 3649 Job
809 3593 1038 3661 dictum,
1072 3609 1389 3666 quanquam
1419 3593 1520 3648 sub
1550 3593 1660 3650 alio
1684 3594 1774 3648 in-

157 3681 400 3750 tellectu,
428 3683 645 3739 videres
675 3683 997 3755 impletum:
1055 3686 1221 3740 Versa
1253 3691 1330 3739 est
1360 3687 1423 3740 in
1461 3684 1661 3738 luctum
1703 3701 1775 3738 cz-

156 3779 324 3832 thara
365 3783 415 3833 et
461 3795 724 3847 organum
763 3781 825 3834 in
863 3795 1038 3835 vocem
1082 3782 1324 3847 ﬂentium
1364 3780 1501 3849 (Job.
1544 3795 1622 3846 III,
1665 3779 1775 3850 3'I).

159 3868 347 3938 Itaque
387 3868 796 3938 praecipitanter
835 3868 891 3921 in
945 3869 1179 3939 scaphas
1209 3867 1466 3940 ingressi,
1510 3867 1640 3920 dum
1684 3881 1778 3922 eo-

159 3974 278 4013 rum
318 3960 698 4030 unusquisque
723 3960 995 4016 transvehi
1053 3961 1281 4016 ﬂumine
1309 3961 1597 4026 accelerat,
1632 3974 1774 4029 pon-

164 4048 296 4102 dere
324 4047 695 4102 multitudinis
731 4055 1060 4122 aggravatze,
1107 4066 1231 4104 cum
1282 4048 1690 4120 processissent
1720 4047 1773 4100 in

167 4137 358 4204 altum,
390 4137 694 4192 submersae
735 4137 1047 4192 dehiscunt.
1081 4138 1435 4194 Resonabant
1475 4137 1658 4192 littora
1687 4151 1778 4209 ge-

169 4229 305 4285 mitu
344 4246 408 4286 ac
437 4229 674 4286 clamore
705 4228 1029 4284 miserorum
1064 4239 1117 4284 et
1148 4231 1506 4287 morientium
1559 4229 1781 4284 ululati-

169 4326 294 4392 bus,
327 4341 564 4382 concava
589 4327 810 4383 vallium
843 4337 898 4384 et
920 4342 1205 4382 nemorum
1247 4327 1528 4382 condensa
1561 4340 1784 4395 reSpon-

169 4420 392 4476 debant.
444 4419 670 4476 Videres
713 4420 922 4496 Ligeris
957 4421 1116 4475 alveo
1159 4434 1318 4474 arcus
1369 4434 1492 4473 cum
1547 4416 1780 4489 sagittis,

1865 3224 2187 3294 sospitatem
2226 3229 2308 3280 est
2359 3226 2663 3281 restitutus.
2699 3225 2930 3280 Videbat
2961 3241 3200 3297 namque
3241 3224 3335 3278 Dei
3382 3223 3489 3279 Ge-

1867 3314 2149 3382 nitricem,
2183 3315 2395 3371 Patrem
2422 3316 2775 3372 Benedictum
2803 3322 3162 3388 sanctumque
3195 3321 3487 3386 martyrem

1876 3407 2120 3462 Maurum
2153 3424 2336 3464 coram
2370 3408 2650 3464 assistere.
2673 3409 2748 3463 De
2775 3408 2980 3480 quibus
3012 3409 3226 3480 primus
3264 3413 3490 3463 sanctus

1878 3507 2082 3573 martyr
2117 3501 2186 3556 ad
2221 3501 2434 3557 Patrem
2486 3502 2847 3558 Benedictum
2888 3502 3097 3558 aiebat:
3130 3503 3324 3558 Libera
3355 3501 3494 3556 hunc

1878 3591 2148 3656 famulum
2169 3595 2340 3646 tuum.

1954 3679 2058 3734 Car
2111 3679 2332 3734 XXXIX.
2384 3711 2452 3720 -—-
2491 3681 2761 3736 Miracula
2812 3681 2960 3737 edita
3007 3681 3319 3737 Patriciaci.
3360 3685 3498 3736 Con-

1883 3776 2083 3827 tractus
2123 3776 2412 3839 vegetatus.
2447 3771 2806 3844 Consequens
2843 3773 3059 3829 videtur
3098 3780 3158 3828 ut
3188 3773 3352 3828 etiam
3393 3773 3496 3828 ali-

1883 3880 1992 3934 qua
2025 3880 2090 3919 ex
2143 3864 2228 3918 his
2266 3864 2616 3930 adnotemus,
2667 3881 2789 3936 quae
2838 3865 3190 3935 omnipotens
3238 3865 3499 3920 Dominus

1877 3951 2016 4006 mira
2043 3957 2307 4022 operatur
2335 3969 2434 4024 per
2482 3954 2740 4012 eumdem
2783 3954 2993 4009 Patrem
3055 3953 3202 4024 apud
3241 3954 3500 4008 Patricia-

1877 4053 2024 4104 cum,
2053 4053 2152 4094 seu
2193 4039 2250 4094 in
2280 4040 2418 4097 locis
2452 4042 2557 4096 sibi
2592 4042 2853 4098 subditis.
2891 4043 3078 4114 Neque
3111 4042 3255 4097 enim
3299 4041 3501 4098 minori

1879 4130 2265 4187 miraculorum
2296 4134 2456 4205 cepia
2496 4135 2550 4189 in
2581 4136 2778 4190 eodem
2823 4150 3114 4191 coruscare
3153 4134 3502 4209 dignoscitur

1883 4222 2002 4280 Ioco
2045 4241 2207 4295 quam
2240 4227 2384 4297 apud
2448 4227 2775 4296 Floriacum,
2826 4227 2923 4282 ubi
2965 4242 3196 4298 corpore
3244 4227 3499 4297 quiescit.

1887 4313 2039 4369 Unde
2062 4315 2209 4370 idem
2241 4317 2395 4372 locus
2427 4317 2483 4371 in
2532 4318 2769 4373 maximo
2801 4335 2832 4372 a
2877 4318 2993 4372 suis
3023 4319 3233 4373 honore
3270 4317 3507 4373 habetur

1885 4402 2104 4472 vicinis,
2138 4411 2192 4459 et
2213 4407 2507 4460 multorum
2532 4405 2840 4477 frequentia
2860 4405 3244 4476 frequentatur
3265 4405 3506 4476 populo-

774 4477 807 4496 υ
1612 4477 1644 4489 σι
1770 4477 1775 4479 »

173 4517 357 4572 hastas
407 4517 569 4572 etiam
607 4534 730 4573 cum
780 4517 992 4588 clypcis
1041 4515 1360 4582 subnalare,
1412 4531 1536 4586 qum
1587 4477 1862 4569 ﬂuviusb
1889 4512 2032 4563 rum,
2065 4503 2180 4552 tum
2221 4499 2274 4552 in
2312 4498 2762 4554 solemnitatibus
2793 4497 2955 4567 hujus
2995 4497 3170 4553 Patris
3211 4513 3505 4552 accurren-

177 4607 457 4662 celeritate
522 4623 631 4677 qua
697 4605 960 4673 decurrit,
1025 4604 1255 4661 inferius
1312 4604 1640 4659 devehebat.
1692 4603 1792 4657 Fe-

178 4705 306 4753 runt
355 4706 538 4752 autem
594 4714 692 4754 eos
728 4699 824 4770 qui
871 4700 929 4753 in
985 4698 1162 4753 amnis
1218 4697 1393 4768 ipsius
1447 4694 1609 4750 caecis
1661 4694 1794 4749 sub-

181 4789 346 4843 mersi
390 4789 701 4863 gurgitibus
759 4787 1006 4845 suﬁocati
1049 4788 1353 4860 perierunt,
1402 4802 1516 4842 non
1591 4799 1796 4856 paucos

182 4879 368 4934 fuisse.
405 4878 568 4949 Capta
613 4887 695 4935 est
747 4895 878 4936 vero
927 4894 1038 4935 non
1083 4879 1311 4933 minima
1367 4875 1658 4931 multitudo
1700 4889 1795 4930 eo-

179 4987 322 5038 rum,
363 4971 456 5042 qui
501 4987 851 5043 nequaquam
891 4971 960 5026 ad
1010 4969 1292 5042 navigium
1336 4969 1652 5041 pertingere
1686 4981 1794 5038 po-

183 5074 419 5131 tuerant,
471 5065 554 5120 vel
607 5065 904 5120 formidine
963 5064 1210 5119 ﬂuminis
1261 5061 1508 5117 exterriti
1563 5061 1619 5116 in
1678 5060 1798 5131 ripa

183 5159 514 5215 restiterant.
587 5160 685 5225 Qui
734 5175 929 5215 omnes
979 5165 1256 5230 praecepto
1318 5156 1529 5212 abbatis
1577 5161 1631 5210 et
1680 5153 1802 5209 reli-

186 5270 418 5325 quorum
460 5255 705 5310 Fratrum
738 5253 988 5322 relaxati,
1039 5253 1292 5309 virtutem
1337 5250 1512 5305 Patris
1563 5249 1801 5305 circum-

188 5363 404 5418 quaque
464 5347 832 5422 divulgarunt.
885 5347 990 5402 Per
1025 5343 1216 5401 omnia
1273 5343 1603 5399 benedictus
1636 5341 1798 5407 Deus,

257 5533 368 5599 (31)
402 5533 544 5605 Lege
574 5533 625 5587 S'
663 5535 818 5589 Grati
855 5534 920 5588 de
969 5533 1173 5605 Paredo
1214 5532 1389 5605 vulgo
1438 5534 1570 5584 Paré
1608 5531 1666 5583 te
1697 5532 1807 5605 Mo-

183 5605 320 5670 m'al,
349 5601 606 5660 dimcesis
661 5605 952 5660 {Eduensis
996 5604 1063 5658 ad
1106 5601 1429 5658 Brebinc’am
1478 5617 1720 5668 amnem,
1753 5601 1809 5654 in

188 5675 424 5750 Ligerim
458 5676 623 5748 paulo
672 5676 819 5732 infra
849 5675 1172 5732 inﬂuentem
1213 5673 1365 5740 Quod
1407 5673 1809 5730 monasterium

528 5843 823 5904 PATROL.
881 5841 1076 5904 CLX.

1893 4590 2026 4646 tium
2061 4609 2222 4663 quam
2251 4609 2346 4662 pro
2378 4593 2612 4649 diversis
2639 4592 3069 4658 calamitatibus,
3103 4593 3147 4647 si
3181 4593 3404 4664 quando
3435 4592 3510 4648 af-

1895 4685 2023 4740 ﬂicti
2067 4685 2291 4753 fuerint,
2334 4686 2788 4757 supplicantium.
2852 4686 2962 4742 Nos
3019 4701 3149 4741 vero
3189 4685 3276 4740 vix
3333 4701 3510 4756 pauca

1897 4793 2086 4832 eorum
2130 4794 2251 4848 quae
2294 4776 2430 4831 inibi
2471 4777 2746 4849 gloriosus
2797 4778 2956 4832 Pater
3012 4777 3182 4851 gessit
3229 4776 3511 4853 attigimus

1897 4888 2150 4944 operum,
2185 4873 2380 4942 partim
2419 4873 2528 4928 illis
2574 4873 2942 4928 habitatorum
2996 4872 3210 4927 incuria
3245 4871 3513 4927 oblivioni

1896 4965 2112 5022 traditis
2154 4965 2351 5036 partim
2409 4965 2652 5036 priorum
2679 4964 3021 5040 negligentia
3049 4973 3384 5028 nostrorum,
3418 4962 3511 5034 qui

1901 5075 2021 5115 cum
2042 5056 2242 5129 peritia
2256 5056 2534 5112 scribendi
2553 5056 2863 5123 callucrint,
2885 5072 2950 5112 ea
2980 5055 3226 5111 scribere
3257 5054 3512 5126 neglexe-

1902 5157 2048 5203 runt.
2082 5147 2252 5221 Igitur
2297 5145 2537 5201 rusticus
2595 5145 2840 5216 quidam,
2878 5145 3146 5201 vocabqu
3205 5142 3515 5210 Durandus,

1901 5257 2091 5299 servus
2119 5241 2172 5295 S.
2221 5238 2383 5293 Gradi
2418 5237 2487 5293 de
2519 5237 2726 5293 Paredo
2767 5236 2901 5308 (31),
2942 5235 3377 5292 contractionem
3433 5234 3520 5288 in-

1903 5336 2165 5391 feriorum
2210 5332 2516 5388 incurrerat
2557 5329 2955 5396 membrorum,
2997 5327 3263 5384 femorum
3323 5326 3522 5382 videli-

1914 5525 2232 5581 l.ambertus
2306 5538 2491 5577 comes
2563 5520 2945 5576 (labilononsis
3001 5517 3312 5583 aedificavit,
3372 5515 3524 5583 Ilugo

1913 5597 2060 5653 ﬂlius
2082 5597 2221 5663 ejus,
2247 5593 2742 5648 Antissiodorensis
2767 5593 3084 5663 episcopus,
3105 5589 3362 5663 Cluniaco
3391 5589 3526 5642 sub-

1908 5671 2040 5738 jecit
2071 5659 2216 5723 anno
2233 5664 2697 5731 undemillesimo,
2723 5659 2983 5719 Rotberto
3010 5677 3138 5736 rege
3155 5659 3524 5732 approbante.

3032 5824 3110 5887 39
