3892 6048
465 291 602 348 1297
1466 287 1744 342 RABULFI
1782 286 2090 342 TORTARll
2131 283 2426 340 MONACHI
2469 285 2760 341 FLORlAt).

465 422 573 479 cet,
616 412 872 467 tibiarum
913 413 968 466 et
1001 410 1226 480 pedum.
1261 410 1384 476 Qui,
1424 410 1686 482 quoniam
1720 409 1867 464 unde
1899 409 2078 464 victus
2105 414 2152 480 Α
2181 408 2305 462 dem
2347 409 2702 465 Patriciacum
2743 410 3006 466 advectus
3034 417 3136 467 est.
3181 412 3256 467 lbi
3292 429 3556 485 quoque
3598 411 3775 466 velut
3813 415 3844 466 i:

466 506 552 560 sui
592 503 838 575 inopiam
861 503 1145 573 suppleret
1176 502 1480 557 debilitatis
1512 518 1622 558 non
1645 503 1875 558 haberet
1912 517 2080 556 mem-
2182 500 2326 566 aliis,
2350 501 2404 555 in
2439 502 2642 572 quibus
2671 503 2958 577 deguerat,
2990 503 3128 559 locis
3158 506 3587 575 quotidianam
3628 505 3845 558 mendi-

468 596 602 662 bris,
640 595 843 649 fecerat
873 593 980 648 sibi
1012 591 1131 646 fieri
1177 592 1532 666 gestatorium
1566 593 1845 659 locellum,
1875 594 1929 646 in
1973 608 2082 662 quo
2184 609 2315 646 cans
2353 593 2634 664 aliquanto
2686 603 2935 666 tempore
2982 605 3312 652 consecutus
3366 606 3461 654 est
3526 613 3842 652 annonam.

469 689 789 762 deportatus
823 706 922 760 per
960 688 1204 742 ﬁdelium
1263 689 1502 744 virorum
1557 690 1772 755 domos,
1805 688 2088 760 quotidia-

2232 680 2430 734 udiens
2481 691 2662 736 autem
2707 681 2916 738 Patrem
2976 684 3357 753 Benedictum,
3436 703 3646 742 suum
3694 689 3841 741 etiam

471 797 596 836 nam
638 780 837 850 stipem
895 794 992 850 pro
1024 793 1214 834 eorum
1253 778 1600 834 absolutione
1658 779 1964 833 facinorum
2017 777 2085 832 ab
2189 770 2482 825 carnaliter
2510 771 2818 838 dominum,
2879 775 3046 829 multa
3077 776 3296 832 ueteris
3345 786 3666 848 praestare
3715 780 3843 831 sani-

473 872 610 944 ipsis
642 872 887 941 recipere
918 877 1244 925 mereretur.
1269 870 1471 924 Vicinis
1492 877 1674 925 autem
1708 869 1855 925 illius
1889 877 2092 925 etcon-
2192 872 2367 919 latum
2390 865 2680 932 beneﬁcia,
2713 867 2882 938 ccepit
2902 868 2956 922 in
2985 869 3102 924 suis
3129 870 3458 939 hujusmodi
3494 870 3838 927 conﬂictum

473 969 792 1044 sanguineis
821 968 1044 1023 assidua
1075 968 1336 1042 egestatis
1370 968 1516 1022 illius
1561 968 1962 1024 sustentatione
2002 985 2090 1022 us-
2195 961 2400 1015 habere
2422 963 2964 1038 cogitationibUS=Si
2987 965 3178 1021 alienis
3207 982 3354 1022 meus
3384 971 3512 1021 tam
3551 970 3834 1034 magm'ﬁﬁ

475 1074 810 1131 quequaque
862 1056 1123 1132 fatigatis,
1171 1057 1408 1130 contigit
1434 1065 1706 1129 quatenus
1741 1058 1855 1112 suis
1885 1058 2090 1112 relictis
2191 1054 2538 1122 suffragatur
2558 1055 2807 1111 dominus
2833 1061 2894 1111 ut
2908 1073 3012 1124 eos,
3036 1061 3286 1128 quamvis
3316 1061 3782 1123 remotissimus,
3811 1075 3841 1110 se

477 1149 837 1203 Patriciacum
880 1147 933 1200 in
989 1161 1089 1201 suo
1121 1147 1506 1217 deportaretur
1562 1147 1810 1219 grabato,
1868 1146 1963 1201 ubi
1995 1163 2092 1217 per
2191 1146 2368 1212 ipsum
2396 1150 2569 1198 mente
2597 1147 2833 1216 supplici
2860 1147 3204 1203 advenientes
3225 1150 3627 1219 exposcerint,
3653 1148 3729 1202 ab
3748 1165 3838 1201 om-

479 1244 704 1316 aliquod
744 1242 1009 1314 temporis
1038 1243 1296 1314 spatium,
1344 1242 1714 1297 mendicando
1767 1257 1797 1295 a
1846 1241 1951 1294 sibi
1995 1241 2094 1294 im-
2193 1238 2402 1304 nigenis
2441 1242 2586 1291 curet
2630 1240 3065 1307 inﬁrmitatibus,
3105 1245 3312 1310 quanto
3339 1244 3540 1309 magis
3599 1244 3750 1295 meis
3781 1258 3839 1294 se

480 1337 856 1410 pendentibus
884 1352 1113 1411 agapem
1149 1335 1474 1406 promeruit.
1519 1337 1576 1389 In
1617 1335 1850 1390 solemni
1908 1342 2090 1389 autem

2229 1329 2444 1394 pitatem
2472 1329 2841 1395 redintegrare
2873 1329 3024 1384 debet
3050 1330 3321 1396 membris,
3369 1331 3546 1386 illius
3583 1333 3835 1385 servituri

481 1431 572 1485 die
604 1428 980 1485 translationis
1010 1427 1299 1482 memorati
1330 1427 1526 1490 Patris,
1573 1443 1697 1497 qua:
1727 1443 1922 1481 mense
1946 1426 2094 1481 Julio

2229 1417 2479 1484 bnoaiiis;
2513 1421 2608 1488 qui
2662 1435 2784 1474 cum
2813 1421 2930 1490 ejus
2968 1423 3070 1476 sim
3123 1437 3341 1492 corpore
3377 1438 3621 1488 servus,
3687 1431 3835 1475 numir

484 1523 693 1576 ibidem
716 1519 994 1576 celebrius
1022 1518 1305 1585 recolitur,
1329 1517 1756 1573 advenientibus
1785 1532 1893 1572 non
1913 1516 2093 1571 solum
2196 1511 2354 1562 etiam
2377 1524 2495 1563 sum
2521 1510 2608 1562 illi
2635 1510 3012 1566 devotissimus
3032 1510 3061 1564 ?
3091 1512 3216 1568 Haec
3242 1520 3296 1568 et
3327 1513 3419 1568 his
3449 1513 3692 1568 similia
3715 1515 3834 1584 apud

485 1617 833 1689 plebeiorum
867 1614 1079 1679 turmis,
1133 1612 1228 1666 sed
1264 1613 1427 1667 etiam
1473 1611 1800 1667 clericorum
1853 1617 1907 1665 et
1937 1610 2101 1666 nobi-
2204 1619 2264 1659 se
2291 1611 2614 1672 retractans,
2645 1613 2834 1662 exorat
2863 1605 3066 1662 deferri
3098 1625 3159 1664 se
3176 1609 3243 1664 ad
3271 1611 3738 1674 monasterium,
3765 1611 3835 1663 ubi

484 1705 619 1760 lium
653 1703 899 1758 honestis
941 1701 1212 1773 personis,
1255 1700 1517 1756 fratribus
1556 1707 1853 1756 nocturnas
1892 1700 2107 1772 agenti-
2135 1755 2178 1773 η
2208 1712 2318 1751 non
2355 1696 2544 1751 multis
2592 1697 2828 1754 evolutis
2880 1699 3101 1768 diebus,
3141 1703 3453 1758 secundum
3490 1701 3690 1757 ﬁdem
3724 1718 3834 1772 pro-

487 1795 593 1849 bus
637 1793 872 1867 vigilias,
921 1791 1131 1865 rogavit
1178 1806 1238 1844 se
1304 1789 1509 1844 deferri
1572 1790 1640 1844 ad
1679 1789 2102 1856 monasterium,
2133 1786 2182 1824 ι)
2208 1786 2404 1856 priam,
2435 1786 2666 1841 salutem
2715 1788 2926 1860 recepit
2955 1788 3386 1862 integerrimam,
3412 1791 3739 1846 ‘omnibus
3767 1808 3835 1844 re-

489 1885 741 1954 ejusdem
773 1885 1044 1939 interesse
1075 1882 1312 1953 cupiens
1327 1881 1565 1954 vigiliis:
1595 1882 1742 1953 quod
1765 1888 1819 1936 et
1839 1881 2102 1937 obtinuit.
2205 1878 2483 1948 cuperatis
2513 1878 2796 1935 membris.
2831 1881 2984 1936 Unde
3032 1881 3328 1952 plurimum
3382 1884 3694 1958 gaudens,
3728 1900 3836 1954 per-

491 1981 660 2036 Porro
693 1979 821 2033 dum
885 1984 1138 2049 quartum
1182 1976 1398 2032 canitur
1453 1977 1889 2047 responsorium,
1932 1974 2107 2046 inSpi-
2207 1971 2493 2027 severabat
2533 1971 2587 2026 in
2611 1972 2806 2028 eodem
2839 1974 2983 2041 loco,
3007 1974 3260 2030 noctibus
3302 1975 3635 2048 quiescens
3665 1977 3723 2030 in
3753 1987 3834 2030 sta-

493 2076 669 2136 rante,
712 2075 771 2123 ut
801 2083 947 2134 reor,
990 2067 1174 2121 divina
1197 2066 1513 2132 clementia,
1547 2081 1670 2137 qua:
1701 2065 1805 2120 sibi
1838 2081 1940 2136 per
1979 2065 2107 2135 glo-
2211 2064 2363 2130 bulo,
2389 2065 2537 2136 quod
2563 2066 3023 2137 superestdomui
3053 2067 3332 2139 hospitum
3361 2068 3480 2124 illic
3515 2080 3834 2140 praeparate

495 2159 628 2216 riosi
677 2157 852 2214 Patris
881 2157 1084 2212 merita
1120 2156 1374 2211 misereri
1427 2156 1770 2223 decreverat,
1805 2154 2119 2226 postulabat
2217 2155 2500 2210 adventui.
2545 2154 2825 2226 Reputans
2868 2171 2999 2212 vero
3040 2155 3208 2212 licere
3255 2157 3368 2226 jam
3421 2158 3541 2213 sibi
3579 2160 3828 2231 quidqui!

495 2255 699 2311 obnixe
746 2261 807 2308 ut
856 2251 1261 2307 transvehendo
1307 2250 1641 2306 subderetur
1679 2267 1857 2321 capsae
1897 2251 1953 2304 in
2011 2267 2120 2322 qua
2217 2255 2382 2314 agere
2406 2241 2588 2310 vellet,
2620 2259 2730 2298 una
2760 2244 3027 2310 noctium,
3052 2245 3232 2300 victus
3257 2246 3342 2300 sui
3372 2249 3830 2319 concupiscentia

497 2342 934 2400 continebantur
988 2341 1258 2412 reliquiae.
1320 2339 1659 2410 Arripientes
1711 2355 1842 2412 ergo
1891 2340 2001 2394 duo
2049 2339 2120 2394 de
2219 2333 2423 2401 cordis,
2455 2341 2703 2390 tentante
2735 2352 2795 2391 se
2833 2337 3028 2408 spiritu
3061 2354 3320 2410 nequam,
3355 2338 3572 2395 incidit
3607 2341 3668 2394 in
3693 2339 3831 2396 femi-

499 2433 702 2504 pOpulo
725 2431 1013 2505 grabatum
1045 2430 1186 2500 ejus,
1229 2428 1285 2483 in
1319 2444 1430 2500 quo
1469 2429 1669 2502 gestari
1707 2429 1944 2494 solebat,
1977 2427 2117 2482 sub-
2219 2423 2514 2479 cationem.
2551 2423 2722 2488 Quam
2756 2441 2868 2480 rem
2911 2425 3107 2482 beatus
3138 2427 3296 2484 Pater
3329 2444 3445 2485 non
3498 2429 3713 2486 leviter
3737 2430 3830 2484 tuli:

500 2525 772 2580 duxerunt
802 2539 927 2578 eum
971 2537 1070 2593 per
1090 2521 1268 2576 locum
1301 2520 1372 2575 de
1402 2536 1511 2592 quo
1542 2521 1798 2592 petierat.
1829 2519 2114 2575 Translato
2218 2515 2303 2569 vel
2326 2515 2458 2586 quia
2485 2522 2707 2586 recepta
2727 2516 2961 2572 sanitate
2987 2517 3328 2573 castimoniae
3351 2519 3619 2593 vigorem
3639 2536 3826 2575 servare

502 2617 688 2687 itaque
718 2630 806 2679 eo,
857 2629 983 2668 mox
1023 2612 1209 2668 nervis
1261 2627 1383 2668 sese
1432 2611 1881 2679 extendentibus,
1924 2611 2116 2666 laxatis
2217 2604 2429 2671 debUil.
2458 2605 2542 2661 vel
2574 2607 2703 2678 quia
2728 2607 2783 2661 ίῐι
2819 2607 2955 2663 Ῐοοὶε
3000 2608 3209 2662 sanetis
3241 2615 3458 2664 tantum
3495 2609 3722 2666 facinus
3747 2611 3825 2663 ad-

503 2709 666 2765 nodis
719 2707 921 2779 quibus
961 2705 1300 2762 tenebantur
1347 2705 1574 2772 astricti,
1628 2705 1876 2762 omnium
1905 2705 2117 2776 recepit
2218 2699 2436 2754 mittere
2493 2715 2602 2755 non
2643 2700 2932 2756 dubitavit.
2990 2702 3062 2756 Ea
3099 2703 3304 2758 etenim
3345 2703 3586 2770 domus,
3641 2705 3696 2760 in

501 2800 832 2856 solutionem
873 2797 1274 2864 membrorum,
1312 2793 1599 2868 linquente
1653 2796 1843 2852 dolore
1885 2795 2118 2867 pristino
2220 2803 2638 2866 perpetraverat
2667 2803 2939 2867 stuprum,
2988 2805 3114 2852 ante
3153 2797 3379 2866 januam
3446 2799 3700 2856 habetur
3730 2815 3826 2854 mo-

502 2906 662 2946 crura
700 2888 870 2956 illius,
920 2902 1076 2942 suras
1130 2891 1185 2940 et
1224 2885 1438 2956 reliqua
1476 2901 1599 2956 qua:
1657 2885 1752 2940 diu
1801 2885 2122 2940 obtinuerat
2222 2888 2469 2942 nasterii.
2522 2888 2691 2960 Igitur
2719 2889 2981 2960 quoniam
3023 2889 3165 2960 turpi
3213 2898 3523 2962 prostratus
3573 2894 3828 2963 voluptati-

503 2979 772 3034 membra.
829 2976 1050 3032 Solutus
1099 2974 1343 3045 denique
1396 2974 1546 3029 omni
1615 2975 1893 3046 angustia,
1951 2975 2122 3046 cmpit
2224 2975 2422 3032 animae
2468 2985 2748 3048 spreverat
2788 2978 3044 3045 salutem,
3105 2995 3269 3051 quam
3300 2988 3702 3051 promeruerat
3731 2996 3827 3036 mox

503 3071 751 3128 omnium
785 3066 1051 3122 Salvatori
1093 3068 1204 3121 Deo
1261 3066 1457 3120 multas
1493 3065 1648 3133 juxta
1696 3065 1978 3120 modulum
2010 3082 2122 3121 suae
2162 3130 2200 3144 Α
2225 3071 2466 3144 perdidit
2490 3075 2738 3144 corporis
2761 3075 3074 3130 sanitatem.
3107 3074 3214 3131 Sed
3250 3077 3438 3132 denuo
3479 3077 3619 3132 dum
3654 3078 3827 3132 dolori-

505 3158 750 3215 scientize
784 3155 1100 3228 persolvere
1143 3163 1348 3230 grates,
1395 3155 1724 3225 Patremque
1765 3155 2121 3212 Benedictum
2155 3155 2330 3220 lJbus
2383 3181 2446 3220 os
2485 3181 2644 3220 suum
2701 3165 3017 3233 afﬂictatur,
3070 3167 3240 3224 corde
3276 3176 3684 3238 compunctus,
3736 3177 3828 3225 orat

506 3247 725 3322 magnis
763 3245 1024 3302 extollere
1057 3245 1336 3313 laudibus,
1387 3259 1485 3316 per
1513 3259 1678 3317 quem
1727 3245 1960 3299 salutem
1996 3261 2124 3316 pro-

2229 3255 2436 3310 Patrem
2490 3255 2662 3327 pium,
2714 3263 2773 3312 ut
2828 3257 2932 3312 sibi
2961 3267 3228 3329 parceret.
3283 3258 3415 3314 Pius
3457 3266 3656 3315 autem
3705 3261 3832 3314 Pater

506 3347 802 3396 meruerat.
851 3337 1007 3402 QUOd
1053 3344 1347 3393 cernentes
1386 3336 1603 3403 fratres,
1660 3343 1768 3390 tam
1958 3353 2122 3408 quam
2225 3350 2346 3419 ejus
2377 3367 2745 3406 grumnarum
2775 3351 3054 3420 misertus,
3087 3353 3285 3408 iterum
3320 3353 3607 3429 integram
3757 3372 3831 3408 re-

509 3434 767 3492 ῑοῑυείηθ
799 3432 932 3504 ειυίά
964 3431 1031 3486 ad
1060 3430 1258 3486 festum
1300 3436 1616 3486 occurrerat
1643 3429 1900 3500 l'OPUIUS,
1943 3430 2012 3484 ad
2045 3429 2124 3484 εί-
2227 3440 2481 3496 formavit
2518 3445 2859 3513 sospitatem.
2915 3445 3039 3515 Ipse
3099 3451 3279 3500 autem
3321 3445 3668 3517 aliquandiu
3711 3455 3830 3500 metu

508 3525 639 3579 mile
685 3539 824 3594 Opus
853 3537 912 3576 se
945 3526 1275 3592 przeparant,
1333 3519 1388 3573 in
1420 3517 1676 3572 laudibus
1727 3517 2126 3589 Omnipotentis

2233 3533 2457 3604 quidem
2490 3533 2724 3604 periculi
2757 3536 3067 3607 superioris
3091 3552 3215 3592 sese
3244 3535 3551 3599 continuit.
3583 3539 3686 3594 sed
3717 3554 3827 3610 quo-

509 3618 604 3672 diu
647 3615 945 3681 immorati,
976 3613 1066 3686 qui
1103 3629 1202 3684 per
1240 3612 1434 3667 merita
1472 3611 1584 3680 jam
1627 3610 1759 3666 dicti
1791 3610 1964 3666 Patris
2011 3611 2126 3666 suis

2233 3621 2378 3676 niam
2421 3619 2642 3678 fervens
2670 3621 2902 3678 libidine
2943 3623 3211 3695 pruritum
3249 3640 3364 3680 suae
3399 3625 3600 3680 carnis
3653 3643 3826 3698 nequa-

509 3711 779 3768 beneficia
809 3709 1036 3784 largitur
1068 3707 1309 3762 famulis.
2229 3730 2395 3784 quam
2416 3715 2644 3800 domare
2665 3715 2896 3783 curavit,
2925 3733 3112 3772 rursus
3131 3717 3375 3773 illicitam
3403 3718 3680 3783 incurrit,
3707 3735 3826 3774 com-

3741 288 3846 342 1⁸ὲέ

582 3801 707 3856 CAP.
743 3800 846 3854 XL.
879 3828 948 3838 —
978 3798 1181 3854 Simile.
1234 3799 1550 3852 Fornicator
1577 3798 1820 3866 punitus.
1865 3797 2130 3864 Questura

509 3910 610 3964 pro
640 3894 842 3961 egenis.
878 3890 1024 3945 Alter
1055 3890 1242 3956 etiam,
1273 3889 1496 3944 Belinus
1535 3888 1780 3954 nomine,
1815 3889 1883 3943 de
1925 3888 2129 3943 familia

513 3982 761 4051 ejusdem
813 3979 1007 4045 Patris,
1055 3985 1108 4033 et
1165 3977 1284 4048 ipse
1317 3993 1462 4032 unus
1520 3977 1590 4032 de
1620 3977 1763 4032 ruris
1801 3977 2125 4044 cultoribus,

515 4073 685 4127 nimia
741 4071 1109 4126 membrorum
1152 4069 1439 4123 vexatione
1493 4069 1769 4141 fatigatus,
1832 4069 1884 4122 in
1927 4070 2126 4124 lectum

515 4161 742 4217 decidit.
771 4161 829 4213 ln
856 4174 964 4230 quo
988 4158 1300 4228 prolixioris
1328 4157 1597 4212 recubans
1635 4159 1814 4228 spatio
1841 4159 2126 4229 temporis,

518 4251 689 4308 nimia
747 4249 797 4304 vi
870 4247 1211 4321 aegritudinis
1268 4248 1489 4303 arctatis
1543 4248 1720 4315 venis,
1775 4255 2129 4320 meatumque

515 4363 675 4403 suum
707 4343 975 4420 sanguine
1008 4343 1300 4414 perdente,
1333 4343 1593 4399 exsiccati
1632 4351 1760 4398 sunt
1792 4344 1946 4400 nervi
1985 4345 2128 4414 ejus,

2229 3803 2570 3872 mistionem,
2594 3804 2689 3859 uni
2714 3804 2961 3876 turpium
2993 3806 3316 3862 commistus
3347 3807 3685 3880 mulierum,
3715 3809 3822 3865 obii-

2231 3899 2318 3948 tus
2355 3894 2577 3965 penitus
2607 3895 2809 3966 prioris
2841 3895 3194 3952 discriminis.
3227 3896 3590 3969 Quapropter
3622 3902 3826 3970 probro-

2230 3999 2350 4041 sum
2383 3988 2506 4056 ejus
2553 3987 2849 4042 admissum
2898 3988 3056 4045 velox
3107 3997 3405 4045 consecuta
3460 3997 3551 4046 est
3591 3992 3827 4052 vindicta.

2230 4079 2498 4135 redeunte
2537 4096 2701 4152 quam
2741 4080 2854 4150 jam
2886 4080 2974 4135 bis
3027 4087 3292 4147 evaserat,
3326 4081 3607 4137 damnosa
3635 4086 3829 4158 aegritu-

2229 4172 2378 4228 dine.
2405 4173 2556 4228 ldem
2583 4189 2715 4229 vero
2746 4173 2813 4228 ad
2843 4173 2948 4228 sibi
2971 4173 3084 4244 jam
3110 4173 3198 4228 bis
3225 4182 3512 4245 expertam
3557 4192 3824 4232 recurrens

2232 4263 2524 4319 medicinae
2563 4262 2864 4332 officinam,
2893 4263 3086 4320 orabat
3113 4280 3235 4320 cum
3277 4264 3493 4339 gemitu
3525 4268 3705 4323 multo
3743 4269 3820 4322 sibi

2231 4356 2512 4413 subveniri
2543 4357 2746 4412 denuo.
2780 4357 2886 4412 Sed
2930 4357 3086 4413 Pater
3134 4356 3470 4413 Benedictus
3499 4358 3702 4415 volens
3731 4361 3818 4429 ejus

521 4439 806 4494 Ῡιυῐῐιοτιιῐη
863 4433 1186 4506 ίΓΓίὲζθῑίοῐιθ
1241 4435 1460 4490 amissa-
1511 4435 1632 4502 Qni,
1698 4435 1958 4506 quoniam
2015 4436 2537 4552 SUiSDreprimer‘e
2562 4447 3277 4514 stoliditatem,nullatenus
3313 4447 3578 4521 integr-te,
3597 4460 3659 4506 ut
3686 4467 3819 4523 sape.

526 4549 577 4552 ,ρ
602 4531 734 4552 -..-..ἷ
772 4531 1025 4552 μΑΑμξι---
1060 4546 1406 4552 ___-_-_--__
1443 4537 1656 4552 ..Αι-..-ι
1705 4528 1851 4552 -..ιλιι
1892 4528 1994 4552 ,ξιξ
2045 4529 2093 4552 --ἶ
2263 4540 2274 4551 ο
2411 4539 2422 4550 ο
2707 4539 2760 4552 -ο-
2813 4540 2843 4552 ο.
2885 4539 2895 4550 υ
3017 4540 3028 4552 ι
3133 4539 3166 4552 ο-
3212 4540 3246 4552 ,α
3394 4539 3407 4552 ι
3680 4551 3687 4552 ,

474 4546 476 4548 '
518 4531 736 4604 Operari
772 4531 1029 4586 manibus
1060 4546 1409 4602 nequaquam
1443 4537 1656 4600 poterat
1705 4528 1853 4582 unde
1892 4528 1996 4583 sibi
2045 4529 2130 4586 vi-

518 4630 664 4679 ctum
688 4623 1018 4694 acquireret,
1058 4621 1227 4692 coepit
1269 4637 1379 4677 non
1404 4621 1674 4676 modicam
1705 4635 1887 4675 rerum
1937 4637 2132 4677 neces-

519 4714 785 4769 sariarum
845 4713 956 4784 pati
1009 4712 1320 4784 penuriam.
1372 4711 1738 4776 Quamobrem
1795 4712 1972 4783 aptari
2024 4712 2130 4766 sibi

520 4808 649 4864 fecit
676 4808 960 4883 grabatum
1003 4808 1072 4862 ad
1105 4807 1524 4863 similitudinem
1574 4807 1722 4861 illius
1754 4806 2127 4874 instrumenti,

518 4915 628 4973 quo
668 4907 909 4954 stercora
933 4900 1208 4969 'pecorum
1240 4897 1309 4952 de
1358 4896 1590 4952 stabulis
1625 4895 1947 4965 efferuntur,
1998 4897 2127 4951 dum

517 4992 873 5053 mundantur,
917 4997 1192 5061 quatenus
1223 4989 1276 5043 in
1305 5005 1372 5044 eo
1404 5005 1500 5059 per
1525 4989 1677 5045 vicos
1706 4996 1762 5044 et
1801 5005 1928 5044 rura
1957 5004 1986 5043 a
2017 4987 2130 5043 suis

515 5081 778 5135 devectus
816 5077 1169 5148 prepinquis,
1219 5077 1534 5132 alimoniam
1576 5094 1606 5132 a
1653 5077 1786 5132 viris
1823 5077 2130 5148 susciperet

513 5166 989 5224 misericordibus.
1037 5166 1172 5221 Dum
1219 5181 1352 5239 ergo
1392 5182 1570 5234 suam,
1616 5167 1870 5238 quamvis
1905 5167 2126 5235 misere,

512 5262 879 5321 sustentando
909 5262 1098 5332 vitam,
1130 5262 1347 5319 diversa
1378 5262 1780 5334 frequentasset
1807 5263 1946 5326 loca,
1997 5269 2126 5318 tan-

513 5459 691 5516 Beatae
720 5458 901 5514 Mariae
928 5463 982 5513 et
1010 5464 1200 5515 sancto
1237 5457 1435 5516 Joanni
1467 5459 1723 5531 Baptistre
1747 5458 2001 5531 primitus
2029 5473 2123 5531 sa-

513 5549 665 5587 crum
717 5531 886 5603 fuisse
939 5531 1252 5588 caenobium
1311 5533 1511 5603 legitur
1546 5528 1613 5584 in
1645 5528 1843 5603 litteris
1885 5528 2126 5603 Hugonis

515 5601 1085 5673 episcOpi/Eduensis
1114 5605 1261 5673 apud
1307 5600 1603 5656 Perardum
1673 5601 1727 5654 in
1759 5600 2126 5673 Monutn'eutis

515 5671 902 5750 Burguntlicis,
931 5691 1063 5750 pag...
1070 5671 1210 5750 _167,
1250 5673 1342 5750 ubi
1379 5673 1553 5750 Vallis
1586 5685 1752 5750 aurea
1783 5672 2119 5750 nominatur.

519 5739 583 5792 At
621 5739 678 5791 in
729 5741 850 5805 ejus
878 5739 981 5795 loci
1005 5739 1329 5807 "Cliartario,
1367 5743 1524 5809 cujus
1566 5741 1778 5810 capiam
1828 5743 1961 5796 mihi
1994 5741 2123 5798 fecit

2232 4540 2367 4608 rius,
2409 4539 2587 4612 ipsum
2614 4539 2850 4594 restituit
2882 4539 3271 4604 incolumitati,
3311 4539 3410 4594 sed
3458 4555 3527 4595 ex
3571 4551 3725 4612 parte
3756 4558 3815 4596 sa-

2233 4635 2382 4694 nato,
2417 4629 2611 4699 partim
2636 4628 2876 4683 debilem
2909 4643 3032 4683 esse
3061 4627 3324 4697 permisit,
3357 4634 3415 4682 ut
3446 4628 3537 4682 vel
3563 4630 3645 4685 sic
3671 4633 3812 4685 carus

2231 4715 2468 4772 afﬂictus
2496 4717 2745 4779 verbere,
2777 4715 3096 4788 vigilantius
3124 4715 3425 4770 custodiam
3467 4732 3590 4772 suae
3621 4718 3811 4773 adhibe-

2232 4817 2315 4863 ret
2345 4807 2564 4862 animae.
2595 4807 2902 4862 Permansit
2933 4807 3119 4879 itaque
3149 4805 3219 4862 de
3259 4812 3460 4863 caetero
3492 4807 3553 4863 in
3591 4825 3657 4865 ea
3685 4826 3808 4882 quam

2232 4901 2506 4971 posterius
2527 4899 2832 4970 promeruit
2861 4900 3152 4971 sospitate,
3175 4899 3390 4955 bacillis
3421 4899 3650 4958 duobus
3671 4904 3810 4956 mina

2230 4992 2411 5047 valida
2441 4991 2763 5047 suﬂ‘ulciens
2790 4991 3058 5060 membra,
3089 5000 3145 5047 et
3199 4991 3331 5064 quia
3385 5007 3609 5064 egenus
3636 5006 3758 5058 erat,
3774 5007 3807 5047 et

2230 5081 2544 5136 necessaria
2603 5081 2710 5136 sibi
2751 5096 3048 5152 procurare
3105 5095 3215 5137 non
3261 5080 3502 5148 valebat,
3546 5089 3808 5154 posuerunt

2228 5185 2353 5226 eum
2397 5169 2594 5225 fratres
2618 5185 2789 5225 unum
2821 5168 3063 5236 illorum,
3095 5185 3204 5242 quo
3233 5170 3617 5242 quotidianam
3647 5175 3808 5246 stipem

2229 5262 2439 5318 ibidem
2466 5261 2802 5334 suscipiunt,
2826 5277 2928 5334 pro
2965 5261 3143 5318 salute
3173 5261 3576 5320 benevolorum
3599 5266 3812 5338 ejusdem

2229 5458 2287 5515 V.
2326 5457 2379 5513 Cl
2436 5458 2709 5515 Antonius
2737 5457 3102 5531 Herovallius,
3134 5457 3190 5513 S.
3225 5456 3650 5531 Gratumiunum
3684 5476 3713 5516 e
3741 5476 3815 5531 pa-

2228 5533 2400 5586 tronis
2422 5531 2590 5586 fuisse
2618 5537 2853 5586 constat.
2893 5530 3045 5586 Nunc
3093 5531 3396 5586 decanatus
3437 5530 3698 5587 Clunian
3727 5530 3816 5585 uni-

2229 5610 2334 5658 tus.
2367 5603 2562 5658 Paredi
2595 5602 2656 5657 fit
2686 5603 2892 5658 mentio
2924 5603 2979 5658 in
3013 5603 3129 5658 Vita
3159 5602 3334 5657 sancti
3357 5601 3612 5673 Hugonis
3639 5603 3816 5657 abbatis

2228 5674 2623 5740 Cluniacensis,
2665 5673 2719 5728 in
2781 5674 3014 5730 Historia
3067 5673 3453 5744 episcoporum
3515 5675 3817 5730 Antissiode

2225 5761 2397 5815 rens,
2429 5763 2550 5819 cap.
2582 5746 2673 5813 49,
2705 5751 2761 5801 et
2789 5743 2934 5816 apud
2966 5743 3218 5801 Glabrum
3253 5743 3348 5798 lib.
3377 5760 3462 5810 ιιι,
3493 5759 3619 5817 cap.
3653 5745 3704 5800 2.
