3892 6048
164 299 313 353 ’1229

1332 288 1667 345 MIRACULA
1710 286 1938 342 SANCTI
1980 285 2346 341 BENEDICTI.

3362 291 3498 348 1230

164 429 274 483 loci
331 427 494 482 Porro
531 423 819 497 grabatum
866 421 1016 476 illius
1055 420 1108 473 in
1156 419 1291 474 turri
1339 419 1542 492 lignea,
1589 417 1642 470 in
1677 432 1784 487 qua
1812 419 1863 485 Α
1889 413 1983 484 qui
2024 412 2304 483 precibus,
2337 411 2444 465 nisi
2476 410 2692 482 aliquos
2734 408 2979 463 fidelium
3011 409 3186 480 ipsius
3217 411 3500 470 internun-

163 515 491 586 dependeut
521 512 698 585 signa,
743 509 1170 580 suspenderunt,
1230 507 1323 561 ubi
1375 524 1472 578 per
1513 508 1674 580 longa
1728 505 1784 558 in

163 609 588 660 monumentum
621 600 750 654 tanti
787 598 1022 670 prodigii
1057 597 1322 668 pependit
1356 603 1622 665 tempora.

241 694 362 748 CAP.
392 695 518 748 XLI.
551 723 622 732 —
651 693 800 746 Muto
830 706 934 744 rom
965 689 1202 742 reddita.
1239 687 1356 741 Alio
1397 701 1622 757 quoque
1654 691 1787 739 tem-

169 803 306 858 pore
335 786 558 857 quidam
584 782 830 852 juvenis,
864 781 958 852 qui
1017 796 1112 850 per
1166 779 1394 833 multum
1429 788 1647 847 tempus
1677 776 1785 829 lin-

166 897 291 954 guae
321 879 581 933 amiserat
611 875 878 940 officium,
921 889 1254 944 permanens
1302 877 1484 924 mutus
1529 869 1786 923 Patricia-

164 988 291 1026 cum
350 969 593 1036 advenit,
643 967 876 1036 cupiens
914 965 1027 1020 oris
1057 964 1239 1019 soluto
1289 963 1531 1026 vinculo,
1583 961 1785 1033 linguae

165 1080 284 1117 sum
311 1062 597 1132 plectrum,
623 1059 882 1113 amissum
918 1071 1200 1111 resumere
1229 1053 1473 1110 officium
1550 1053 1643 1108 Hic
1680 1069 1788 1132 una

164 1151 405 1215 dierum,
458 1149 587 1203 dum
629 1147 843 1212 fratres,
890 1147 1025 1200 hora
1075 1144 1341 1198 invitante
1374 1158 1542 1208 nona,
1577 1126 1785 1211 persol-

166 1250 362 1296 vercut
417 1237 787 1308 omnipotenti
855 1236 1088 1290 Domino
1141 1233 1474 1304 psalmorum
1526 1247 1784 1302 pensum,

165 1333 344 1388 adfuit
375 1332 517 1386 inter
564 1346 659 1384 eos
699 1329 756 1383 in
787 1329 956 1384 choro
988 1326 1098 1380 illis
1137 1325 1530 1397 psallentibus;
1583 1340 1612 1378 a
1659 1323 1786 1394 qui-

167 1429 275 1483 bus
305 1429 373 1482 ad
401 1443 546 1481 aram
589 1441 767 1496 usque
802 1423 896 1478 Dei
928 1422 1220 1478 Gcnitricis
1265 1421 1586 1493 perductus,
1619 1419 1790 1474 astitit

164 1534 372 1573 coram.
435 1516 689 1571 Fundens
743 1515 929 1585 itaque
967 1512 1230 1568 attentius
1279 1511 1468 1577 corde,
1526 1509 1788 1582 quoniam

166 1607 485 1662 nullatenus
525 1612 741 1676 poterat
793 1620 909 1667 ore,
964 1619 1188 1674 precum
1246 1617 1467 1656 suarum
1523 1598 1789 1654 Salvatori

165 1697 400 1753 Domino
426 1703 570 1760 vota,
628 1694 958 1766 precabatur
1012 1693 1118 1748 sibi
1177 1689 1431 1746 misereri
1484 1705 1584 1760 per
1619 1688 1791 1743 Patris

171 1789 458 1844 Benedicti
497 1787 713 1853 merita,
768 1785 1014 1860 allegans
1062 1784 1164 1855 ipsi
1220 1783 1450 1838 Domino
1480 1797 1634 1835 suam
1667 1795 1788 1835 ora-

170 1880 381 1934 tionem
423 1894 521 1949 per
549 1877 804 1932 eumdem
845 1876 1084 1942 Patrem,
1131 1890 1294 1945 quem
1347 1869 1642 1942 ex0ptabat
1672 1867 1790 1924 fieri

173 1987 273 2043 pro
329 1987 388 2026 se
445 1970 892 2035 intercessorem,
939 1967 1098 2036 cujus
1146 1982 1308 2037 quam
1356 1963 1621 2019 citissime
1663 1977 1794 2032 per-

170 2059 352 2116 sensit
379 2075 541 2130 quam
567 2057 802 2112 fideliter
829 2056 1132 2126 expetierat
1163 2069 1346 2124 opem.
1375 2051 1622 2124 Denique
1644 2051 1791 2106 clau-

173 2153 303 2207 stris
332 2151 443 2208 oris
469 2150 588 2221 ejus
617 2148 924 2220 patefactis,
953 2153 1224 2202 attentare
1254 2144 1422 2216 ccepit
1454 2145 1576 2214 ejus
1608 2143 1796 2215 lingua

174 2263 274 2318 per
299 2245 476 2301 flexus
496 2245 679 2301 varios
709 2243 1036 2317 recolligere
1059 2241 1352 2312 pcrplexos
1383 2238 1648 2310 loquendi
1670 2252 1794 2292 mo-

175 2338 299 2404 dos,
357 2343 412 2391 et
466 2351 588 2407 qua
619 2332 931 2388 diutissime
977 2331 1032 2385 in
1073 2329 1321 2385 dentium
1360 2328 1616 2398 sepulcro
1646 2325 1797 2381 velut

179 2433 433 2483 emortua
473 2426 742 2497 jacuerat,
805 2422 1050 2478 redivivo
1101 2434 1358 2476 sermone
1399 2418 1556 2490 quasi
1613 2416 1794 2488 pullu-

178 2519 352 2574 lantia
406 2517 646 2589 primum
702 2514 974 2589 germina,
1017 2513 1192 2584 prima
1242 2510 1412 2566 verba
1464 2507 1796 2581 proferendo

182 2609 536 2682 personabat.
573 2609 818 2663 incertus
848 2605 937 2660 hic
959 2604 1223 2659 nimirum
1256 2602 1468 2673 aliquot
1501 2599 1798 2656 momentis

183 2701 397 2758 exstitit
426 2708 608 2756 utrum
640 2713 873 2753 munere
913 2697 1017 2751 sibi
1070 2695 1388 2766 nuperrime
1442 2693 1708 2748 attributo
1740 2692 1802 2746 li-

185 2801 338 2850 ceret
367 2792 470 2848 frui
513 2790 756 2858 assiduo,
789 2789 967 2845 donec
998 2788 1115 2859 ipsa
1156 2785 1498 2857 experientia
1536 2783 1804 2839 addidicit

188 2901 310 2940 sese
362 2883 606 2956 perfecte
655 2897 816 2936 usum
864 2879 1098 2952 loquelae
1138 2878 1434 2949 recepisse.
1477 2876 1810 2947 Tripudians

189 2983 373 3029 autem
407 2973 477 3028 de
521 2980 629 3028 tam
664 2972 812 3043 large
843 2969 898 3024 in
951 2985 1010 3023 se
1043 2975 1267 3023 ostensa
1326 2966 1496 3022 Patris
1526 2963 1809 3020 Benedicti

198 3066 603 3135 munificentia,
637 3065 896 3120 talionem
937 3080 1103 3135 quem
1142 3062 1310 3117 valuit
1349 3066 1627 3136 gratanter
1656 3058 1810 3114 retri-

195 3159 364 3213 buere
392 3156 623 3210 minime
654 3153 884 3208 distulit.
919 3152 1171 3223 Quipppe
1189 3158 1471 3206 corruerat
1495 3165 1620 3220 pars
1645 3147 1816 3202 maxi-

196 3262 286 3301 ma
329 3244 623 3300 testudinis
653 3242 883 3312 lapideae
915 3240 1088 3311 ipsius
1114 3239 1364 3294 ecclesiae
1397 3254 1428 3292 a
1458 3245 1613 3308 parte
1656 3235 1817 3308 aqui-

199 3337 392 3403 lonali,
425 3336 582 3406 cujus
619 3333 1002 3400 fundamento,
1067 3331 1329 3402 quoniam
1381 3330 1568 3384 minus
1602 3327 1819 3384 roboris

203 3428 494 3492 habuerat,
539 3425 757 3498 penitus
790 3429 966 3489 eruto,
1001 3430 1322 3478 construere
1356 3420 1570 3476 firmius
1601 3419 1812 3481 fratres,

205 3527 264 3577 ut
310 3520 502 3575 eadem
533 3517 751 3573 testudo
783 3515 1084 3572 robustiori
1122 3513 1474 3585 superposita
1519 3510 1825 3566 fundamini

1819 1743 1869 1811 B

1891 508 1994 563 tios
2013 507 2261 572 haberet,
2287 505 2378 576 qui
2411 521 2564 560 suam
2588 503 2913 575 petitionem
2937 504 3221 575 acceptius
3250 523 3499 577 praesen-

1890 605 2087 663 tarent,
2121 595 2445 652 circumibat
2482 596 2778 650 multorum
2817 595 3110 649 memorias
3154 605 3495 664 sanctorum,

1889 697 1946 743 et
2003 702 2143 758 quos
2208 685 2632 756 prepinquiores
2681 685 2784 755 ipsi
2842 683 3208 754 omnipotenti
3265 686 3497 742 Domino

1890 775 2215 831 clarioribus
2269 774 2386 829 fore
2437 774 2690 829 audierat
2751 774 2984 840 meritis,
3035 775 3330 830 advocatos
3389 776 3495 830 sibi

1887 870 2230 937 adsciscens,
2287 868 2532 923 crebrius
2573 867 2901 922 nominatim
2950 869 3064 923 suis
3114 869 3500 941 interpellabat

1888 964 2389 1020 obsecrationibus.
2435 963 2693 1018 Pluribus
2724 963 2890 1036 igitur
2926 965 3170 1019 excursis
3202 965 3357 1031 locis,
3399 968 3497 1022 sed

1887 1051 2115 1106 minime
2159 1054 2334 1123 iquem
2379 1058 2754 1122 exeptaverat,
2784 1052 3138 1108 miseratione
3187 1062 3496 1110 sanctorum

1887 1161 2026 1215 quos
2066 1145 2391 1214 expetierat,
2434 1144 2700 1216 fulgorem
2729 1144 3015 1198 oculorum
3046 1145 3274 1213 lucrata,
3307 1147 3502 1202 adiens

1889 1235 2268 1299 Patriciacum,
2318 1235 2474 1306 petiit
2505 1237 2717 1289 Patrem
2765 1242 3033 1299 sanctum,
3087 1253 3250 1308 quem
3310 1238 3501 1294 auditu

1888 1340 2225 1406 cognoverat
2263 1331 2547 1386 clarificari
2581 1331 2902 1387 assiduitate
2952 1332 3359 1388 miraculorum.
3397 1334 3502 1390 Cu-

1885 1424 1976 1492 jus
2007 1439 2313 1494 exposcens
2346 1424 2738 1494 patrocinium,
2787 1425 2926 1479 dum-
2962 1424 3019 1479 in
3070 1426 3189 1495 ejus
3228 1428 3507 1484 assisteret

1890 1516 2156 1583 oratorio,
2187 1516 2576 1587 interpellabat
2605 1516 2784 1586 ipsum
2815 1517 2982 1573 corde
3013 1519 3212 1575 devoto
3231 1527 3506 1591 quatenus

1891 1604 2012 1673 ejus
2062 1604 2377 1659 interventu
2420 1605 2711 1660 reaccendi
2752 1614 3102 1662 mererentur
3150 1608 3358 1664 lumina
3387 1625 3508 1679 ejus

1893 1713 2123 1752 munere
2151 1696 2360 1753 divino.
2399 1697 2652 1752 Pulsatus
2695 1714 2826 1770 ergo
2857 1700 3120 1755 Dominus
3157 1702 3510 1772 omnipotens

1895 1787 2073 1857 ipsius
2156 1786 2328 1842 Patris
2401 1786 2662 1856 precibus
2737 1789 3017 1845 exaudivit
3078 1792 3507 1860 postulationem

1893 1877 2268 1948 pauperculae,
2325 1876 2636 1932 accendens
2690 1877 2810 1945 ejus
2847 1879 3088 1948 pupillas
3126 1880 3372 1936 redivivo
3421 1880 3508 1936 lu-

1894 1967 2066 2034 mine,
2108 1966 2464 2038 expulsisque
2507 1966 2772 2022 cazcitatis
2821 1966 3056 2034 umbris,
3089 1969 3366 2024 concessit
3399 1970 3506 2024 sibi

1897 2061 2098 2117 intueri
2145 2061 2290 2116 clare
2352 2059 2621 2134 fulgorem
2666 2060 2940 2116 rutilantis
2986 2060 3196 2117 Phoebi.
3234 2061 3363 2125 Quae
3395 2063 3505 2117 im-

1896 2151 2124 2221 pensius
2154 2149 2453 2205 exhilarata
2485 2149 2554 2204 de
2583 2149 2685 2203 sibi
2721 2149 2988 2205 restitutis
3023 2150 3331 2219 obtutibus,
3363 2151 3508 2206 haud

1897 2241 2055 2297 facile
2085 2249 2169 2297 est
2221 2241 2514 2312 explanare
2554 2248 2759 2312 quanta
2789 2241 2958 2296 animi
3007 2241 3289 2298 alacritate
3323 2259 3504 2298 rerum

1896 2335 2140 2390 omnium
2209 2333 2486 2390 Conditori
2553 2334 2744 2388 laudes
2787 2333 3107 2388 laetabunda
3159 2334 3508 2405 persolverit.

1897 2424 2072 2479 Patris
2105 2433 2288 2478 autem
2320 2423 2640 2491 Benedicto,
2675 2439 2774 2493 per
2811 2439 2972 2493 quem
3009 2428 3156 2478 tanta
3190 2439 3512 2494 promerue-

1901 2524 1982 2572 rat
2012 2515 2308 2583 beneficia,
2340 2515 2537 2571 diebus
2565 2516 2690 2571 vitae
2721 2532 2833 2572 suae
2855 2516 3118 2574 omnibus
3138 2519 3346 2576 exstitit
3376 2517 3512 2573 fide-

1901 2608 1968 2663 lis
2002 2607 2226 2663 famula.
2364 2671 2369 2675 .

1977 2696 2099 2752 CAP.
2129 2697 2307 2751 XLlll.
2365 2727 2432 2736 —
2461 2699 2655 2752 Mentis
2698 2701 2854 2768 inops
2908 2705 3147 2754 curatus.
3208 2702 3347 2756 Vino
3399 2703 3518 2757 lota

1907 2793 2172 2862 reliquiae.
2234 2790 2463 2856 Quidam
2523 2791 2790 2846 nobilium
2821 2833 2836 2857 ,
2888 2792 3191 2848 Gaufredus
3242 2795 3471 2850 nomine
3503 2837 3518 2862 ,

1910 2894 2224 2958 praepotens
2248 2886 2348 2953 vir,
2391 2886 2650 2941 dominus
2684 2887 2847 2942 castri
2881 2889 3027 2959 quod
3061 2888 3389 2946 Sinemurus
3413 2891 3523 2962 (32)

1911 2982 2152 3042 vocatur,
2191 2975 2359 3029 nimia
2394 2975 2589 3046 capitis
2629 2975 2944 3032 infirmitate
2975 2993 3294 3048 Oppressus,
3321 2981 3525 3035 mentis

1921 3067 2081 3136 inops
2107 3063 2354 3130 effectus,
2406 3070 2572 3120 totam
2605 3063 2850 3120 funditus
2887 3067 3129 3137 perdidit
3176 3069 3519 3124 memoriam.

1922 3156 2076 3212 Unde
2127 3155 2309 3211 omnis
2339 3155 2460 3223 ejus
2487 3155 2765 3222 clientela,
2807 3171 2930 3227 quae
2962 3157 3018 3210 in
3069 3156 3340 3229 obsequio
3383 3158 3531 3214 illius

1918 3263 2028 3302 non
2072 3261 2245 3316 pauca
2297 3245 2667 3315 deserviebat,
2711 3253 2896 3300 mente
2959 3253 3308 3302 consternata
3362 3265 3533 3318 super
3613 3297 3622 3302 .

1920 3357 2021 3396 suo
2062 3340 2310 3406 domino,
2346 3339 2638 3410 questibus
2681 3347 2735 3394 et
2771 3340 3026 3396 lamentis
3064 3358 3263 3414 expers
3291 3345 3534 3412 consilii,

1923 3444 2141 3486 omnem
2160 3445 2312 3484 suam
2345 3428 2700 3498 impendebat
2724 3444 2968 3499 operam.
3003 3430 3217 3503 Quique
3245 3433 3409 3489 etiam
3432 3433 3534 3489 viri

1930 3519 2194 3585 illustres,
2227 3515 2322 3588 qui
2366 3533 2465 3571 seu
2506 3515 2797 3583 affinitate,
2839 3534 2938 3572 seu
2983 3519 3244 3587 amicitia,
3293 3539 3391 3577 seu
3444 3522 3540 3578 be-

211 3609 420 3664 firmior
479 3607 638 3671 foret,
692 3605 1068 3658 instituerunt.
1128 3604 1184 3657 ln
1242 3603 1400 3670 cujus
1451 3600 1670 3656 aedificii
1704 3615 1832 3656 con-

211 3701 515 3757 structione
548 3699 694 3753 idcm
722 3695 944 3765 juvenis
970 3703 1231 3750 strenuus
1259 3694 1486 3750 sedulus
1514 3709 1833 3765 persevera-

211 3792 288 3847 vit
325 3789 637 3860 Operarius,
671 3785 919 3857 quandiu
960 3783 1028 3839 ad
1078 3786 1304 3855 plenum
1333 3792 1832 3840 consummaretur.

215 3883 346 3937 Nam
376 3878 728 3951 postmodum
759 3876 1054 3950 gratiarum
1097 3877 1314 3932 actione
1347 3876 1491 3930 Patri
1540 3875 1834 3931 Benedicto

220 3969 434 4027 reddita
494 3976 549 4022 et
601 3983 631 4020 a
671 3965 930 4020 fratribus
980 3964 1201 4020 licentia
1252 3973 1499 4036 accepta,
1555 3961 1839 4035 repedavit

223 4079 396 4121 ovans
421 4062 489 4117 ad
522 4060 764 4133 prepria.

298 4155 421 4209 CAP.
456 4153 613 4207 XLII.
642 4181 711 4190 —
746 4152 906 4206 Caeca:
944 4151 1045 4204 tua:
1078 4149 1318 4204 reddita.
1355 4148 1612 4213 Quaedam
1641 4146 1841 4219 puella,

231 4249 478 4304 habitum
518 4246 823 4318 privatione
849 4243 1200 4310 cxcludente,
1233 4243 1443 4299 orbatis
1474 4243 1726 4313 utrisque
1763 4240 1848 4294 lu-

231 4337 472 4393 minibus
501 4351 645 4392 cacca
676 4334 816 4389 facta
871 4331 1067 4398 fuerat,
1099 4338 1152 4386 et
1199 4340 1258 4386 ut
1315 4339 1397 4386 est
1429 4327 1848 4386 consuetudinis
1948 4347 2232 4406 statutum,
2292 4355 2413 4394 cum
2473 4353 2674 4412 magno
2725 4346 2989 4408 apparatu
3047 4338 3294 4393 certatim
3341 4338 3560 4409 explere

233 4429 439 4484 lumine
461 4427 594 4483 solis
617 4426 782 4495 hujus
823 4424 1049 4496 privatis
1089 4423 1380 4478 vivacioris
1420 4421 1628 4494 ingenii
1664 4421 1846 4474 lumen
1879 4478 1925 4497 ἢ
1951 4429 2274 4486 adoriuntur
2312 4426 2501 4480 famuli
2541 4426 2710 4480 illius,
2763 4426 3013 4497 Denique
3053 4427 3200 4480 haud
3225 4426 3563 4496 contempti-

237 4528 448 4577 menies
478 4535 668 4574 eorum
724 4517 925 4572 clarius
953 4514 1240 4581 "radiare,
1282 4531 1404 4586 qua?
1448 4514 1630 4568 minus
1680 4511 1748 4566 de
1785 4510 1850 4566 ιί·
1877 4478 1930 4546 D
1951 4520 2047 4575 bili
2087 4517 2516 4589 obsequentium
2570 4515 2862 4570 comitatus
2913 4514 3205 4582 famulitio,
3256 4514 3566 4589 peragravit

1933 3609 2133 3666 neficio
2164 3609 2272 3664 sibi
2318 3608 2563 3677 adjuncti
2611 3609 2960 3674 videbantur,
3023 3627 3190 3682 super
3220 3613 3324 3668 hoc
3363 3613 3541 3683 ipsius

1937 3701 2245 3758 infortunio
2300 3700 2456 3755 valde
2488 3699 2702 3768 afﬂicti,
2753 3716 2861 3756 non
2892 3702 3122 3757 minima
3153 3703 3547 3758 detinebantur

1939 3794 2122 3851 cordis
2167 3793 2441 3868 angustia.
2518 3793 2804 3848 Communi
2860 3793 3027 3866 igitur
3093 3796 3324 3851 consilio
3383 3797 3546 3864 inito,

1935 3889 2241 3938 statuerunt
2293 3881 2500 3936 debere
2544 3898 2670 3936 eum
2715 3881 2956 3937 invisere
2999 3884 3398 3954 praecipuorum
3432 3901 3552 3939 me-

1944 3971 2146 4028 morias
2184 3977 2519 4035 sanctorum,
2576 3972 2810 4041 apostoli
2861 3971 3119 4028 videlicet
3150 3973 3294 4028 Petri
3333 3974 3388 4028 in
3430 3973 3553 4030 Clu-

1947 4063 2108 4119 niaco
2138 4061 2414 4126 coenobio,
2447 4060 2593 4116 beati
2623 4061 2862 4118 Filiberti
2909 4063 3057 4133 apud
3083 4064 3394 4120 Turnucum
3419 4063 3552 4135 (33),

1951 4166 2007 4216 et
2072 4158 2302 4214 aliorum
2347 4164 2685 4225 sanctorum,
2741 4173 2974 4229 quorum
3029 4159 3255 4214 nomina
3293 4159 3556 4214 latissime

1948 4248 2289 4321 fulgentibus
2321 4247 2675 4319 divulgantur
2697 4248 2906 4302 meritis
2933 4249 2989 4302 in
3018 4248 3109 4302 illa
3135 4248 3375 4322 regione.
3404 4248 3558 4310 Quod

240 4628 392 4669 more
442 4609 838 4681 omnipotentis
868 4607 1084 4663 Domini
1129 4613 1301 4672 recto,
1339 4605 1518 4659 aetatis
1546 4602 1846 4659 mediocri-

241 4712 350 4759 tate
387 4702 726 4774 impcdiente
763 4699 1051 4766 habuerat,
1083 4698 1253 4768 cmpit
1286 4712 1406 4751 esse
1440 4695 1695 4750 timorata
1725 4710 1850 4749 am-

242 4793 408 4863 plius,
443 4798 496 4846 et
551 4791 606 4845 in
641 4789 815 4860 ipsius
843 4803 1028 4843 amore
1082 4786 1296 4842 Domini
1336 4783 1653 4851 ferventior,
1711 4789 1858 4838 etut

244 4889 422 4944 solent
446 4889 696 4958 corporis
751 4884 957 4960 gravati
1003 4883 1288 4938 debilitate
1346 4879 1682 4936 robustiores
1739 4876 1857 4932 fore

246 4989 448 5036 mente.
486 4979 785 5034 Sollicitior
815 4978 954 5032 facta
982 4975 1051 5030 ad
1092 4973 1300 5031 Domini
1329 4971 1559 5035 cultum,
1594 4970 1827 5040 frequen
1847 4999 1859 5009 ο

250 5077 396 5130 tabat
425 5073 738 5138 ecclesiam,
763 5078 961 5143 petens
981 5071 1102 5141 ejus
1129 5067 1466 5122 indefessam
1486 5062 1862 5129 clementiam,

253 5176 526 5241 quatenus
564 5169 740 5239 ipsius
775 5181 1046 5222 aerumnas
1076 5163 1322 5219 relevare
1354 5163 1696 5234 dignaretur.
1738 5157 1868 5212 Per-

257 5262 508 5334 pendens
529 5276 658 5317 vero
689 5259 882 5316 seseid
910 5258 1228 5314 nullatenus
1256 5271 1417 5327 posse
1449 5253 1691 5326 prepriis
1719 5265 1868 5306 asse-

329 5457 440 5525 (32)
471 5457 679 5524 Duplex
701 5460 784 5510 est
803 5469 870 5509 eo
898 5453 1123 5509 nomine
1141 5456 1380 5525 castrum
1409 5464 1505 5525 seu
1530 5444 1866 5525 Oppidumin

262 5522 596 5598 Burgundia.
632 5527 804 5580 Unum
857 5526 913 5598 in
952 5541 1091 5597 pago
1113 5523 1358 5598 #Alsensi.
1389 5522 1550 5598 vulgo
1582 5522 1771 5598 Scmar
1807 5533 1869 5598 ea

262 5587 508 5664 Aus'sois,
551 5598 617 5650 ad
657 5587 1066 5652 Armentioneiii
1105 5594 1409 5649 fluviolum.
1446 5587 1686 5664 Alterum
1721 5587 1868 5664 haud

267 5670 454 5742 procul
497 5661 540 5723 'a
582 5669 758 5738 Ligeri
796 5684 962 5742 supra
995 5667 1377 5742 Patriciacum,
1405 5661 1727 5742 _vernacule
1779 5661 1873 5742 ξς)-

267 5730 388 5799 inu-r
415 5757 480 5796 cn
511 5730 814 5806 Βήρὶίηοίε,
849 5730 917 5795 de
957 5754 1067 5810 quo
1097 5734 1492 5810 intelligendus
1542 5734 1757 5788 videtur
1787 5730 1874 5783 hic

1951 4627 2274 4687 magnorum
2305 4611 2426 4664 loca
2449 4614 2782 4664 sanctorum.
2819 4607 2921 4671 Qui
2943 4608 3046 4662 hoc
3077 4622 3220 4678 opus
3248 4607 3567 4662 venerando

1954 4711 2302 4764 reservantes
2341 4703 2505 4765 Patri,
2538 4703 2853 4758 nullatenus
2900 4703 3193 4758 voluerunt
3223 4717 3348 4757 eum
3381 4701 3571 4772 pristi-

1958 4812 2042 4852 na“:
2069 4794 2359 4849 restituere
2391 4791 2662 4862 sospitati.
2699 4791 2836 4866 Ergo
2883 4791 3105 4846 tandem
3135 4789 3429 4857 recordati,
3475 4789 3571 4862 qui

1961 4901 2086 4941 eum
2127 4881 2448 4947 ductabant,
2490 4896 2751 4954 magnum
2784 4879 2994 4934 Patrem
3044 4895 3242 4952 magna
3271 4879 3420 4950 apud
3466 4879 3573 4934 Pa-

1965 4973 2248 5029 triciacum
2315 4970 2494 5025 solere
2547 4969 2788 5041 operari,
2840 4969 2971 5024 illuc
3012 4985 3261 5042 gressum
3308 4968 3576 5043 dirigunt.

1968 5065 2116 5130 Quos
2139 5063 2502 5118 adventantes
2527 5078 2654 5118 cum
2682 5076 2784 5117 suo
2816 5061 3062 5129 domino,
3106 5061 3160 5115 in
3190 5061 3355 5116 domo
3387 5061 3581 5131 hospi-

1970 5164 2083 5210 tum
2142 5152 2451 5222 suscipiunt
2486 5150 2702 5217 fratres,
2759 5156 2814 5204 et
2876 5157 2937 5204 ut
2994 5149 3141 5204 idem
3190 5148 3353 5204 Pater
3406 5148 3587 5220 inquit

1971 5248 2122 5315 (Reg.
2151 5244 2209 5301 S.
2242 5243 2433 5298 Bened.
2465 5259 2585 5314 cap.
2629 5242 2760 5312 53);
2802 5255 2930 5295 nam
2970 5239 3204 5298 divitum
3247 5247 3425 5298 terror
3470 5241 3589 5312 ipse

1973 5441 2147 5495 locus.

2044 5512 2161 5580 (33)
2204 5510 2516 5563 Turnucum
2571 5522 2668 5580 seu
2725 5505 3076 5580 Tornutium,
3134 5505 3387 5580 ΔΤοῳέηιι.
3456 5501 3597 5557 Dur-

1973 5575 2216 5655 gu‘ndi’ze
2243 5582 2534 5655 Oppidum_
2565 5575 3185 5655 ad___Arar_im,_abbatia
3241 5575 3599 5655 illus-tratum2

1976 5645 2108 5734 auo.
2134 5645 2335 5734 delatae
2349 5649 2538 5733 sancti
2584 5649 2831 5734 Filiberti
2869 5648 3116 5720 reliquiae
3173 5647 3332 5715 cujus
3366 5645 3608 5717 translai

1978 5721 2145 5782 tionis
2170 5722 2398 5782 historia
2432 5721 2694 5791 superius
2715 5721 2891 5790 edita;
