3892 6048
393 288 528 344 1231

1398 285 1680 341 RADU|.Fl
1720 283 2032 341 TORTARII
2074 282 2365 339 MONACHI
2405 283 2706 340 FLORIAC.

3585 290 3754 347 1232

392 421 497 477 sibi
526 419 699 494 exigit
728 419 1016 475 honorem.
1048 415 1356 473 Honorifice
1381 434 1481 489 per
1502 426 1610 472 trcs
1635 415 1747 472 fere
1778 415 2002 472 bebdo-
2032 419 2081 485 Α
2111 418 2434 483 occupatus,
2489 410 2648 466 aliter
2702 411 2920 485 agebat.
2967 412 3225 482 Lychnus
3277 430 3409 489 ergo
3440 414 3537 470 ille
3563 430 3761 487 quem

392 498 583 565 madas
622 507 825 581 quibus
854 507 1002 579 apud
1049 522 1147 562 eos
1200 506 1421 573 mansit,
1464 522 1587 561 cum
1629 506 1745 560 suis
1792 506 2005 560 cstha-
2100 499 2256 567 juxta
2299 516 2448 554 aram
2513 500 2606 553 Dei
2671 498 2959 575 Genitricis
3010 502 3252 572 positum
3298 501 3415 558 fore
3464 502 3759 569 diximus,

392 603 560 658 bitus.
619 601 904 673 Siquidem
957 608 1070 656 toto
1102 599 1196 655 illo
1227 616 1339 671 quo
1380 614 1500 653 cum
1536 600 1617 652 eis
1647 599 1839 673 deguit
1865 606 2005 653 tem-

393 707 552 764 pore,
609 690 861 746 oratione
917 705 1015 760 pro
1054 705 1122 743 eo
1168 689 1375 744 directa
1416 689 1481 743 ad
1535 705 1696 743 aures
1746 688 1999 759 omnipo-

391 784 562 841 tentis
616 782 858 844 Domini.
918 781 1199 853 sacrisque
1260 781 1589 857 pignoribus
1641 781 1769 836 lotis
1829 797 2001 847 mero,

393 878 614 951 sibique
652 878 709 933 in
749 886 880 950 potu
913 877 1063 943 dato,
1095 876 1339 932 obtinuit
1368 875 1602 931 salutem
1631 891 1793 947 quam
1827 891 2004 945 expe-

393 968 574 1023 tierat.
625 968 739 1033 Qua
766 966 835 1022 de
875 982 933 1021 re
977 965 1185 1040 gratias
1223 980 1395 1038 agens
1446 964 1691 1020 omnium
1726 963 2006 1019 Conditori

393 1057 649 1129 Patrique
680 1056 999 1123 Benedicto,
1041 1071 1141 1127 per
1178 1070 1342 1127 quem
1373 1063 1649 1108 meruerat
1670 1053 1872 1118 sanari,
1911 1069 2004 1107 re-

391 1166 587 1206 versus
620 1156 703 1205 est
745 1164 916 1205 ovans
939 1149 1007 1204 ad
1037 1164 1155 1214 sua,
1212 1147 1728 1222 congratulantibus
1758 1145 1864 1201 sibi
1894 1145 2009 1199 suis

392 1239 653 1296 omnibus
674 1238 983 1294 benevolis.

461 1329 586 1385 CAP.
612 1329 785 1384 XLIV.
808 1359 880 1369 -
903 1329 1298 1383 Translationis
1319 1328 1617 1381 celebritas.
1652 1327 1799 1382 Cerei
1813 1325 2001 1380 oblati.

392 1420 721 1476 Ornamenta
754 1419 986 1488 ﬂammis
1022 1419 1247 1472 intacta.
1297 1414 1600 1470 Translatio
1630 1413 1805 1468 Patris
1854 1414 2004 1482 ejus-

391 1512 518 1567 dem
550 1510 833 1583 agebatur,
888 1526 1011 1582 quze
1058 1509 1261 1565 aestatis
1305 1516 1577 1578 tempore,
1631 1523 1730 1577 per
1782 1521 2003 1561 omnem

392 1603 617 1659 Galliam
660 1603 895 1679 singulis
923 1601 1237 1657 celebratur
1265 1601 1442 1655 annis.
1494 1600 1588 1654 Est
1624 1606 1805 1654 autem
1840 1598 2008 1654 moris

391 1711 605 1761 eorum,
647 1696 743 1766 qui
773 1695 844 1750 de
875 1694 1082 1749 familia
1109 1694 1281 1748 Patris
1306 1692 1623 1767 progeniem
1656 1707 1778 1746 sese
1801 1691 2005 1746 ducere

388 1785 755 1858 gratulantur,
791 1799 1196 1856 quemcumque
1224 1783 1403 1839 locum
1440 1781 1738 1837 Patriciaco
1760 1780 2003 1835 vicinum

390 1877 653 1943 incolant,
709 1876 778 1931 ad
818 1876 965 1931 idem
1026 1874 1219 1930 festum
1289 1890 1600 1936 occurrere,
1670 1878 1725 1927 et
1772 1873 2002 1944 lychnos

389 1983 530 2039 quos
548 1983 732 2023 coram
785 1967 939 2021 altari
972 1967 1058 2021 sui
1099 1966 1405 2021 accendant
1445 1964 1678 2032 domini,
1718 1964 1790 2019 ob
1830 1965 2001 2019 devo-

392 2064 595 2119 tionem
627 2062 841 2118 afferre.
879 2063 1027 2118 [nter
1052 2062 1295 2133 reliquos
1328 2061 1515 2135 igitur,
1542 2061 1763 2133 quidam
1786 2076 2003 2125 eorum,

391 2156 691 2211 Rotbertus
746 2154 991 2221 nomine,
1048 2153 1227 2209 incola
1303 2153 1466 2208 castri
1534 2153 1685 2225 quod
1739 2152 2004 2207 Luciacus

388 2254 636 2317 vocatur,
665 2247 856 2303 venire
913 2245 1199 2312 festinans,
1260 2245 1407 2301 haud
1458 2245 1784 2316 spernendae
1829 2261 2005 2316 quan-

389 2342 559 2397 titatis
587 2341 871 2414 lychnum,
925 2340 1010 2396 sui
1061 2339 1313 2397 affectum
1360 2340 1531 2396 animi
1584 2356 1713 2415 erga
1745 2340 2001 2395 eumdem

388 2436 602 2492 Patrem
630 2436 940 2507 declamas,
979 2436 1197 2493 obtulit.
1222 2437 1392 2501 Quam
1431 2436 1484 2491 in
1513 2435 1703 2509 vigilia
1732 2434 2001 2491 solemni-

386 2532 515 2587 tatis
544 2532 848 2588 accendere
874 2532 1100 2600 faciens,
1161 2531 1372 2607 rogavit
1410 2532 1645 2588 aedituos
1685 2547 1853 2587 sacrae
1892 2530 1998 2586 ba-

386 2624 576 2691 silicis,
617 2631 892 2697 quatenus
943 2641 1043 2697 per
1096 2631 1270 2681 totum
1321 2624 1441 2680 festi
1499 2624 1646 2679 diem
1694 2640 1827 2679 suus
1891 2639 2002 2679 non

384 2713 830 2789 exstingueretur
876 2714 1131 2786 lychnus,
1184 2714 1305 2782 sed,
1378 2713 1796 2783 coruscantibus
1852 2712 2006 2767 ﬂam-

386 2802 512 2869 mis,
553 2803 609 2857 in
638 2818 882 2875 sequens
917 2803 1239 2874 perduraret
1264 2818 1447 2859 mane.
1482 2802 1633 2868 Quod
1667 2802 1882 2874 absque
1903 2801 2003 2856 dit-

384 2889 627 2947 ficultate
656 2892 804 2963 apud
833 2908 931 2948 eos
965 2892 1226 2948 obtinuit.
1259 2893 1399 2966 Ergo
1430 2908 1695 2947 accensus
1724 2906 1847 2946 cum
1875 2889 2000 2945 aliis

340 2977 354 2995 '
383 2981 807 3052 quampluribus
835 2998 864 3036 a
895 2981 1099 3037 diversi
1138 2997 1302 3037 sexus
1332 2981 1584 3053 personis
1615 2980 1802 3035 itidem
1833 2979 1997 3035 obla-

2104 606 2272 661 super
2302 591 2554 645 eamdem
2598 591 2841 646 concidit
2868 608 3043 660 aram,
3086 593 3292 649 aestatis
3323 602 3575 666 tempore
3611 610 3761 649 cera

2103 684 2385 750 emollita;
2418 701 2511 740 ara
2540 692 2727 740 autem
2752 685 2888 757 ipsa.
2926 687 2996 742 ob
3026 687 3172 743 diem
3205 688 3507 744 solemnem
3531 688 3761 744 cultio-

2106 772 2261 828 ribus
2310 775 2448 829 velis
2480 775 2663 829 velata
2691 781 2826 830 erat.
2881 775 3071 848 Itaque
3129 776 3225 832 illo
3281 784 3396 833 toto
3448 793 3757 833 morarum

2107 867 2310 937 spatio,
2356 883 2465 940 quo
2526 868 2724 923 fratres
2787 868 2856 923 ad
2924 871 3311 941 prandendum
3378 872 3755 939 resederunt,

2108 960 2343 1031 lychnus
2375 962 2470 1017 ille
2502 963 2927 1019 coruscantibus
2954 964 3190 1020 ﬂammis
3208 982 3377 1037 super
3394 982 3545 1022 aram
3579 968 3754 1034 arsit,

2112 1054 2573 1123 permanentibus
2629 1055 2817 1110 illaesis
2846 1055 3049 1127 quibus
3073 1058 3339 1128 adoperta
3383 1057 3563 1115 fuerat
3601 1075 3755 1131 ope-

2108 1147 2378 1215 rimentis,
2432 1150 2683 1223 vestigiis
2737 1149 3003 1205 duntaxat
3058 1152 3455 1223 apparentibus
3501 1153 3752 1209 cineris.

2109 1235 2280 1309 Igitur
2304 1238 2487 1307 pransi
2520 1236 2715 1293 fratres
2744 1238 3036 1294 ecclesiam
3084 1248 3280 1311 petunt
3331 1242 3465 1312 (35),
3527 1243 3752 1317 gratia-

2108 1346 2225 1385 rum
2248 1332 2494 1387 actiones
2518 1332 2883 1404 omnipotenti
2908 1333 3141 1390 Domino
3162 1335 3564 1406 persolventes.
3600 1336 3750 1391 Cer-

2109 1425 2302 1473 nentes
2332 1435 2462 1475 vero
2485 1420 2742 1491 lychnum
2789 1420 2843 1475 in
2871 1420 3049 1487 altari,
3083 1430 3396 1490 accurrunt,
3433 1424 3751 1494 opinantes

2108 1508 2294 1562 omnia
2340 1507 2511 1563 lintea
2552 1508 2699 1563 illius
2746 1508 2878 1579 igne
2917 1518 3264 1580 consumpta.
3312 1510 3748 1582 Comperientes

2108 1606 2291 1653 autem
2323 1598 2442 1654 fore
2474 1599 2634 1671 [esse]
2670 1616 2734 1655 ea
2776 1600 2965 1665 illaesa,
3011 1601 3214 1675 gratias
3258 1601 3509 1658 referunt
3546 1604 3747 1659 omni-

2109 1690 2319 1759 potenti
2362 1691 2625 1757 Domino,
2657 1691 2752 1762 qui
2784 1699 2935 1746 tanta
2962 1692 3045 1746 eis
3084 1692 3356 1748 beneficia
3396 1694 3747 1766 dignabatur

2106 1778 2404 1833 ostendere
2437 1795 2540 1850 per
2567 1779 2739 1834 Patris
2764 1794 2957 1836 eorum
2986 1781 3205 1837 merita.

2175 1870 2297 1924 Cap.
2331 1870 2477 1924 XLV.
2511 1900 2580 1910 —
2614 1872 2726 1925 Fur
2771 1873 2829 1927 in
2875 1873 3165 1942 suspendio
3194 1875 3482 1929 incolumis
3541 1892 3741 1931 serva-

2102 1965 2205 2016 tus.
2243 1962 2500 2026 Qumdam
2536 1978 2675 2017 anus
2699 1962 2767 2018 de
2797 1979 2964 2034 supra
2989 1964 3281 2019 memorati
3308 1965 3483 2021 Patris
3499 1964 3741 2035 familia,

2106 2042 2453 2111 necessariis.
2482 2057 2741 2111 omnibus
2790 2057 3002 2132 indiga,
3059 2059 3237 2119 solum
3289 2076 3404 2115 sum
3446 2060 3743 2117 viduitatis

2103 2150 2158 2199 et
2194 2146 2494 2201 senectutis
2547 2147 2801 2203 baculum
2859 2148 3097 2205 habebat
3152 2149 3351 2205 ﬁlium.
3402 2152 3499 2208 llic
3544 2163 3738 2209 autem

2106 2250 2213 2290 non
2245 2236 2457 2291 habens
2486 2236 2637 2291 unde
2680 2238 2871 2293 matris
2911 2238 3156 2310 inepiam
3213 2247 3571 2310 sustentaret,
3609 2260 3737 2298 cum

2099 2322 2288 2380 labore
2318 2341 2543 2381 suarum
2562 2342 2826 2382 manuum
2857 2328 3033 2384 victus
3054 2336 3110 2384 et
3139 2329 3370 2385 vestitus
3400 2332 3731 2387 necessaria

2102 2415 2153 2470 ei
2202 2416 2421 2488 sibique
2475 2432 2825 2489 nequaquam
2880 2403 3241 2491 suppeditare
3291 2423 3521 2487 valeret,
3574 2423 3737 2478 furtis

2106 2508 2210 2563 hoc
2243 2509 2504 2580 supplere
2542 2509 2806 2566 decrevit.
2841 2511 3110 2567 Insistens
3143 2512 3313 2587 igitur
3341 2513 3581 2582 nefario,
3626 2515 3734 2569 mi-

2106 2598 2255 2653 nima
2275 2614 2512 2671 quaeque
2541 2601 2692 2672 prius
2731 2602 3064 2674 subripiens,
3113 2598 3375 2674 paulatim
3407 2606 3478 2661 ad
3520 2608 3736 2676 majora

2104 2688 2360 2744 audenda
2399 2690 2670 2762 prorupit.
2704 2692 2899 2747 Omnia
2937 2708 3066 2748 vero
3096 2710 3223 2765 quae
3267 2693 3575 2763 iurabatur,
3612 2713 3735 2751 ma-

2104 2781 2168 2835 tri
2196 2780 2477 2849 defcrens,
2506 2799 2625 2838 eam
2687 2784 2889 2840 exinde
2924 2784 3129 2852 alebat,
3169 2786 3461 2855 vestiebat,
3506 2795 3562 2842 et
3610 2804 3731 2845 om-

2103 2892 2230 2931 nem
2260 2876 2410 2932 illius
2439 2878 2784 2935 sustentabat
2843 2886 3166 2954 egestatem.
3217 2881 3352 2936 Dum
3398 2890 3588 2937 autem
3638 2899 3736 2954 per

2101 2968 2443 3039 aliquantum
2529 2972 2813 3043 temporis,
2881 2972 3137 3043 copulato
3196 2973 3303 3028 sibi
3369 2973 3548 3041 socio,
3632 2975 3734 3031 hoc

383 3068 455 3123 tis
498 3069 631 3124 arsit
660 3086 757 3140 per
808 3076 975 3125 totam
1012 3070 1158 3124 illam
1204 3086 1414 3124 sacram
1465 3076 1684 3125 noctem
1734 3069 1997 3140 diemque
2029 3063 2426 3163 Cexsecrabili
2459 3064 2591 3120 vitio
2623 3065 2839 3122 illectus
2865 3066 3028 3135 foret,
3059 3068 3232 3124 multa
3269 3069 3387 3124 suis
3419 3068 3734 3139 importans

381 3155 605 3226 festum,
660 3157 839 3213 donec
876 3157 1139 3213 solemnis
1193 3158 1373 3213 missae
1404 3165 1880 3214 consummaretur
1905 3173 1998 3213 ce-
2039 3155 2300 3213 'damna
2370 3159 2569 3214 vicinis
2597 3202 2612 3225 ,

380 3247 636 3304 lebratio.
696 3248 808 3313 Qua
874 3250 1115 3320 expleta,
1183 3248 1377 3305 fratres
1432 3248 1575 3305 fessa
1631 3249 1896 3325 vigilandi
1943 3256 1999 3306 et

380 3342 652 3412 psallendi
694 3342 881 3400 labore
910 3358 1141 3415 corpora
1180 3343 1344 3400 solito
1375 3343 1656 3416 c0piosius
1681 3345 1993 3409 relevaturi,

378 3433 603 3490 domum
627 3434 946 3492 refectionis
963 3435 1257 3492 intrarunt.
1275 3437 1443 3492 Porro
1474 3436 1863 3507 apocrisiarius
1885 3437 1993 3509 (34)

378 3525 555 3597 ipsius
587 3527 728 3583 sacri
769 3527 897 3595 loci,
939 3544 1073 3584 sane
1103 3529 1186 3583 vir
1220 3528 1528 3597 modestus,
1570 3529 1765 3585 lterius
1808 3529 1994 3585 nomi-

377 3629 470 3680 ne,
503 3614 643 3671 laico
688 3616 929 3685 cuidam,
970 3617 1065 3689 qui
1105 3617 1209 3672 sub
1249 3633 1316 3673 eo
1346 3617 1519 3689 ipsius
1556 3617 1800 3673 basilicae
1831 3633 1996 3673 excu-

377 3705 498 3761 bias
541 3707 839 3763 observare
887 3708 1124 3775 solebat,
1176 3709 1484 3784 Dagoberto
1541 3709 1788 3777 nomine,
1836 3709 1990 3764 intit:

375 3800 454 3853 Mi
464 3799 663 3866 frater,
695 3802 955 3870 quoniam
979 3817 1102 3857 cum
1118 3805 1322 3857 caeteris
1346 3805 1639 3872 pransuris
1677 3807 1727 3857 et
1751 3818 1846 3870 ego
1876 3802 1993 3857 dis—

368 3896 532 3963 posui
552 3894 854 3965 prandere,
886 3899 946 3950 tu
983 3900 1158 3951 custos
1208 3898 1464 3967 pervigil,
1495 3912 1621 3951 cave
1656 3912 1722 3951 ne
1750 3898 1993 3967 aliquam

377 3983 439 4037 in
467 3983 562 4037 hoc
592 3988 769 4052 spatio
809 3988 1155 4041 incurramus
1198 3988 1607 4054 negligentiam,
1633 3988 1901 4053 investiga
1930 4002 1995 4040 ne

375 4072 565 4140 aliqua
592 4073 851 4139 malignae
877 4075 1172 4129 voluntatis
1200 4090 1432 4145 persona
1458 4077 1595 4130 hanc
1615 4076 1895 4131 basilicam
1921 4078 1995 4130 sit

372 4160 638 4225 ingressa,
678 4162 903 4229 cupiens
933 4161 1157 4230 aliquod
1184 4163 1333 4217 nobis
1364 4164 1565 4229 inferre
1590 4164 1987 4227 detrimentum,

374 4248 638 4303 custodito
664 4264 730 4303 ne
752 4251 956 4320 aliquis
982 4266 1049 4305 ea:
1069 4251 1475 4318 fulgora-ritibus
1498 4252 1708 4320 lychnis
1738 4256 1797 4307 in
1821 4254 1993 4307 altari

373 4336 623 4393 decidens
672 4338 877 4394 damna
920 4340 1120 4407 inferat
1159 4340 1242 4393 vel
1268 4340 1501 4407 modica,
1542 4345 1589 4394 et
1629 4345 1689 4395 ut
1740 4344 1988 4396 certiores

375 4430 564 4495 simus,
615 4432 1113 4501 circumspiciamus
1165 4432 1393 4501 eosdem,
1448 4434 1683 4502 qualiter
1731 4433 1987 4488 candela-

379 4520 491 4575 bris
524 4522 692 4592 afﬁwi
728 4528 875 4590 sunt,
905 4524 1146 4592 lychnos.
1182 4524 1273 4578 His
1304 4524 1593 4595 peroratis,
1635 4539 1757 4595 quae
1790 4539 1992 4594 propo-

376 4620 623 4679 suerant,
650 4621 961 4687 peragunt;
1003 4615 1265 4686 lychnum
1327 4623 1511 4672 autem
1545 4615 1721 4680 illum,
1782 4615 1851 4670 de
1881 4630 1991 4686 quo

378 4702 550 4775 coepit
577 4718 743 4775 agere
774 4718 977 4767 sermo,
1016 4711 1242 4775 propter
1279 4719 1427 4759 aram
1458 4704 1716 4776 gloriosae
1756 4704 1850 4759 Dei
1895 4703 1994 4759 Ge-

378 4797 613 4866 nitricis,
640 4814 764 4870 qua;
794 4798 849 4852 in
877 4798 1071 4853 eadem
1117 4798 1353 4853 ecclesia
1394 4798 1631 4868 primum
1663 4798 1880 4854 obtinet
1908 4797 1992 4853 lo-

374 4905 520 4958 cum,
548 4896 817 4959 statuunt,
871 4890 1123 4946 mucroni
1174 4890 1379 4946 arctius
1417 4890 1802 4961 imprimentes
1857 4904 1990 4945 can-

374 4981 606 5050 delabri,
638 4982 708 5038 de
734 4982 855 5054 ejus
883 4980 1077 5038 conﬁsi
1127 4981 1516 5037 crassitudine.
1564 4981 1774 5047 Quibus
1800 4990 1986 5053 patra-

371 5074 461 5143 tis,
516 5073 684 5130 frater
725 5074 1077 5146 supradictus
1128 5074 1197 5129 ad
1251 5073 1544 5146 prandium
1601 5074 1814 5130 accedit
1862 5090 1984 5130 cum

369 5168 586 5225 caeteris
616 5169 942 5226 refecturus.
979 5167 1079 5234 Qui
1108 5183 1240 5225 vero
1294 5168 1362 5223 ad
1404 5168 1712 5224 custodiam
1763 5168 1987 5225 relictus

2695 3162 3100 3233 comperieutes
3158 3162 3236 3218 illi
3303 3162 3727 3220 adolescentem

2098 3246 2301 3318 ipsum,
2341 3247 2521 3303 viduae
2559 3248 2709 3303 illius
2742 3266 2857 3305 suae
2895 3250 3095 3307 vicinze
3133 3250 3329 3320 filium,
3363 3269 3589 3308 suarum
3642 3270 3728 3309 re-

2098 3353 2215 3392 rum
2245 3343 2454 3393 tantam
2484 3338 2589 3393 sibi
2625 3339 2804 3395 facere
2858 3340 3328 3409 imminutionem,
3362 3344 3605 3414 quadam
3641 3344 3727 3400 die

2097 3427 2227 3482 dum
2266 3428 2431 3483 solito
2486 3443 2641 3484 more
2670 3427 2970 3498 furaretur,
3003 3429 3372 3502 interceptum
3404 3446 3530 3487 cum
3553 3433 3731 3488 sodali

2096 3525 2495 3589 praesentarunt
2544 3519 2852 3588 judiciarire
2907 3521 3188 3592 potestati,
3238 3522 3575 3591 objicientes
3602 3540 3725 3595 qua;

2094 3612 2485 3669 commiserant
2529 3613 2794 3670 facinora.
2846 3616 3092 3673 Convicti
3149 3632 3282 3691 ergo
3314 3617 3723 3685 adolescentes,

2087 3693 2333 3773 'adjucati
2393 3708 2524 3758 sunt
2562 3703 2867 3775 suspendio
2916 3705 3097 3775 perire
3157 3705 3383 3761 debere.
3427 3706 3725 3763 Enimvero

2091 3812 2232 3851 anus
2275 3796 2388 3864 illa,
2440 3814 2604 3869 quam
2643 3805 2873 3854 matrem
2929 3799 3301 3855 adolescentis
3338 3799 3508 3855 unius
3551 3800 3723 3856 fuisse

2091 3892 2350 3962 diximus,
2390 3893 2626 3949 audiens
2666 3893 2837 3949 filium
2878 3912 3040 3951 suum
3079 3896 3204 3951 duci
3245 3896 3315 3951 ad
3348 3896 3721 3965 suspendium

2091 3985 2292 4041 anhelo
2331 4002 2491 4042 cursu
2524 3985 2748 4042 festinat
2778 3987 2847 4042 ad
2879 3989 3301 4054 monasterium,
3348 3995 3404 4043 et
3436 3989 3712 4063 ingressa,

2094 4076 2178 4131 his
2207 4077 2433 4133 vocibus
2472 4077 2683 4133 Patrem
2721 4078 3019 4149 compellat
3068 4078 3459 4134 Benedictum:
3492 4080 3726 4143 Domine

2091 4176 2189 4240 mi,
2226 4173 2427 4247 inquit,
2470 4175 2766 4241 Benedicta,
2825 4174 2960 4244 quid
2978 4177 3149 4242 faciet
3205 4176 3313 4229 hac
3376 4179 3473 4229 tua
3511 4177 3719 4230 misera

2090 4265 2310 4333 ancilla,
2354 4281 2472 4335 qua:
2523 4267 2732 4321 nullum
2759 4267 2933 4331 aliud,
2968 4271 3031 4322 ut
3080 4271 3140 4321 tu
3169 4267 3360 4321 melius
3396 4269 3547 4321 nosti
3574 4308 3590 4331 ,
3629 4268 3701 4321 ha

2091 4358 2275 4413 bebam
2312 4358 2639 4427 suffragium
2704 4363 2902 4429 praeter
2942 4360 3080 4414 hunc
3128 4375 3301 4414 meum
3360 4362 3580 4425 natum,
3623 4362 3726 4430 qui

2022 4447 2241 4540 Dmodo
2286 4448 2502 4502 ducitur
2531 4448 2606 4502 ad
2636 4449 3018 4540 supplicium?
3059 4450 3137 4502 Tu
3169 4450 3296 4540 scis,
3332 4448 3570 4512 domine,
3600 4464 3723 4540 quo-

2091 4538 2242 4590 niam
2300 4540 2613 4591 necessitate
2664 4543 2898 4603 coactus,
2948 4539 3107 4605 furta
3170 4537 3279 4592 hac
3334 4538 3718 4592 committebat.

2092 4628 2291 4695 Redde,
2332 4630 2411 4683 mi
2438 4629 2672 4694 domine,
2726 4630 2863 4684 mihi
2912 4629 3087 4698 ﬁlium
3123 4644 3317 4691 meum,
3352 4629 3455 4683 tibi
3510 4645 3719 4684 senum

2092 4722 2241 4773 tuum
2291 4718 2414 4788 jam
2454 4719 2520 4772 de
2554 4720 2763 4789 reliquo
2818 4723 3140 4788 correptum,
3180 4719 3277 4787 qui
3328 4733 3476 4772 meas
3519 4720 3720 4775 soletur

2091 4822 2378 4875 (erumnas,
2409 4823 2475 4862 ne
2500 4808 2664 4875 famis
2693 4808 2877 4863 inedia
2904 4807 3183 4877 dispereat
3220 4807 3329 4862 haec
3362 4810 3459 4861 tua
3488 4808 3713 4864 ancilla.

2091 4896 2321 4951 Ostende
2372 4900 2523 4951 tuam
2565 4896 2779 4951 solitam
2821 4897 3079 4966 pietatem
3127 4898 3189 4951 in
3228 4912 3310 4951 me
3353 4898 3712 4968 paupercula,

2088 4990 2279 5055 tangat
2305 5002 2424 5041 mea
2474 4988 2810 5057 querimonia
2848 4990 2944 5041 tua
2968 4988 3068 5058 pia
3097 4989 3323 5043 viscera.
3360 4986 3453 5043 llis
3505 4996 3562 5043 et
3594 4989 3712 5043 aliis

2088 5075 2398 5148 querulosis
2425 5075 2723 5147 gemitibus
2747 5074 2970 5147 perfusa
2995 5092 3169 5151 genas
3202 5075 3483 5149 lacrymis,
3516 5095 3710 5149 preces

2086 5166 2373 5224 fundebat.
2424 5165 2620 5222 Flexus
2648 5167 2718 5222 ad
2774 5168 3210 5226 misericordiam
3242 5168 3404 5225 Pater
3442 5170 3574 5241 pius
3608 5172 3706 5226 mi-

316 5255 319 5258 ’
370 5266 454 5316 est
504 5259 696 5330 laicus,
742 5260 799 5316 in
836 5259 1132 5335 assignatis
1160 5259 1267 5315 sibi
1305 5258 1490 5315 minus
1518 5275 1682 5333 quam
1718 5259 1987 5316 debuerat
2085 5255 2309 5314 serabili
2340 5256 2505 5328 hujus
2540 5255 2773 5314 aniculae
2822 5266 3044 5331 questu,
3090 5259 3342 5315 exhibuit
3381 5259 3705 5337 prodigium

440 5464 550 5539 (34)
579 5464 978 5535 Apocrisiarius
1008 5465 1062 5539 in
1086 5466 1587 5539 monasteriiserat
1616 5466 1851 5539 rediturus
1882 5467 1981 5539 ba-
2081 5482 2140 5539 se
2166 5465 2312 5537 apud
2350 5465 2591 5539 majores
2629 5470 2850 5539 nostros
2877 5469 2936 5519 ut
2988 5463 3190 5539 gratias
3210 5462 3433 5539 _acturi_
3468 5472 3601 5539 post
3637 5465 3714 5521 ci-

369 5534 563 5608 _s_i.lirae,
600 5534 661 5589 ut
716 5541 977 5608 patetcx
1026 5537 1128 5593 hoc
1188 5539 1331 5595 loco.
1389 5537 1512 5593 aliis
1572 5538 1866 5592 Archarius
1922 5538 1977 5592 in
2082 5534 2214 5592 bum
2248 5537 2538 5593 ecclesiam
2579 5538 2818 5601 adirent,
2875 5534 3339 5608 nonveapitulum.
3403 5535 3592 5608 Quod»
3627 5553 3713 5608 pa.

368 5602 510 5658 libro
541 5606 616 5658 De
665 5602 946 5662 miraculis
980 5608 1032 5662 S.
1078 5608 1248 5664 Mauri
1300 5609 1538 5676 abbatis,
1579 5626 1731 5664 num.
1765 5610 1857 5677 22,
1886 5625 1978 5664 su-

218 5698 225 5703 ο
303 5661 337 5674 ’³
371 5686 487 5739 pra.

446 5739 550 5807 (35)
588 5741 657 5793 Ex
691 5741 795 5796 hoc
844 5744 966 5801 loco
999 5756 1054 5802 et
1089 5749 1273 5804 multis
1310 5749 1430 5803 aliis
1461 5755 1607 5818 patet
1637 5750 1807 5804 moris
1850 5750 1985 5805 fuis-

2081 5615 2159 5664 tet
2188 5626 2253 5665 ex
2288 5608 2545 5680 capitulis
2580 5610 2635 5665 S.
2680 5609 2814 5665 Galli
2863 5607 3284 5675 monachorum,
3347 5621 3475 5677 cap.
3528 5606 3639 5676 22,—
3663 5616 3713 5663 et

2085 5680 2228 5736 aliis.
