3932 6040
289 128 431 186 1233

1459 128 1800 187 MIRACULA
1839 128 2064 186 SANCTI
2105 129 2233 185 BEN
2243 128 2452 185 EDICTI
2461 169 2476 185 .

3463 165 3468 170 ς
3493 129 3645 228 1234.

280 261 492 318 nostris
521 259 870 332 temporibus
895 259 1226 318 inauditum.
1254 261 1506 334 Denique
1531 263 1713 320 dictus
1742 269 1898 320 uter-
1925 267 1978 336 Α
1998 262 2147 334 quod
2174 268 2418 334 coeperat
2463 261 2591 330 iter,
2619 261 2852 318 ulterius
2887 261 3114 318 adoriri.
3151 261 3429 319 Reversus
3475 277 3629 338 ergo,

282 369 396 428 que
428 353 700 423 juvenum
741 351 810 408 ad
848 352 1030 409 locum
1072 354 1394 424 hujusmodi
1423 355 1698 428 supplicio
1728 355 1900 412 desti-

279 460 474 507 natum
526 449 695 506 furcis
735 449 965 522 appensi
1015 457 1164 506 sunt.
1221 451 1374 506 Unus
1430 451 1600 528 igitur
1655 451 1894 522 illorum,

281 539 497 595 sodalis
551 537 810 594 videlicet
863 535 962 592 ﬁlii
991 538 1194 606 viduae,
1248 539 1526 612 extemplo
1571 540 1738 596 vitam
1781 539 1902 597 ﬁni-

284 633 387 690 vit.
421 633 552 706 Ipse
591 640 797 697 autem,
855 633 924 689 ab
955 639 1148 690 exortu
1204 633 1340 690 solis
1370 650 1547 708 usque
1582 635 1640 690 in
1684 637 1899 692 tertiam

282 729 480 786 horam
521 745 846 801 suSpensus,
906 728 1167 800 precibus
1217 729 1406 786 matris
1437 729 1558 799 ejus
1587 730 1906 788 obsistenti-

285 821 396 876 bus
433 837 786 893 nequaquam
816 820 956 876 mori
982 820 1182 892 potuit.
1215 820 1470 878 Pastores
1513 821 1724 894 quippe
1752 839 1907 880 more

283 925 392 966 suo
417 911 791 966 accelerantes
839 908 1027 965 videre
1077 926 1400 982 suspensos,
1433 912 1565 968 dum
1605 911 1675 968 ad
1723 912 1904 969 locum

283 999 596 1068 venissent,
629 1007 864 1056 cernunt
899 1001 1133 1058 alterum
1186 1002 1351 1059 vitam
1399 1001 1632 1074 ﬁniissc,
1675 1005 1910 1061 alterum

291 1087 498 1146 vivere.
561 1089 1029 1162 Obstupescentes
1073 1093 1258 1164 itaque
1309 1093 1368 1148 in
1411 1102 1561 1150 tanto
1623 1095 1908 1161 miraculo,

288 1179 462 1235 celeri
493 1196 658 1236 cursu
679 1181 928 1238 indicare
959 1191 1068 1239 tam
1100 1183 1370 1240 militibus
1399 1200 1565 1256 quam
1597 1185 1912 1256 promiscuo

285 1268 482 1340 vulgo,
539 1285 666 1341 quae
731 1270 1004 1339 viderant,
1057 1271 1339 1330 festinant.
1397 1272 1497 1338 Qui
1564 1291 1912 1348 nequaquam

285 1356 477 1413 verbis
506 1373 698 1414 eorum
751 1361 984 1428 creduli,
1013 1361 1259 1436 dirigunt
1296 1363 1392 1434 qui
1436 1363 1544 1418 sibi
1571 1363 1910 1430 renuntient,

286 1451 472 1502 utrum
513 1465 728 1519 verum,
761 1467 830 1506 an
863 1453 1059 1508 falsum
1091 1453 1164 1508 sit
1193 1455 1342 1526 quod
1383 1454 1706 1510 audiebant.
1737 1457 1803 1510 At
1832 1455 1911 1510 illi

287 1537 386 1608 qui
415 1538 570 1594 missi
599 1538 840 1608 fuerant,
861 1541 931 1596 ad
979 1541 1162 1598 locum
1205 1543 1494 1614 suSpendii
1520 1553 1904 1616 properantes,

281 1625 362 1680 ita
417 1642 538 1682 esse
587 1627 668 1683 uti
725 1637 976 1700 pastores
1021 1630 1275 1686 dixerant
1339 1640 1764 1706 cognoscentes,
1825 1635 1909 1693 eis

283 1721 383 1792 qui
415 1737 476 1778 se
505 1723 774 1779 miserant
813 1725 1082 1783 referunt.
1119 1727 1386 1784 Admirati
1415 1743 1632 1798 omnes,
1682 1730 1908 1790 mittunt

279 1815 378 1887 qui
415 1817 826 1874 adolescentem
871 1819 1104 1887 solvant,
1137 1829 1193 1876 et
1229 1821 1336 1877 sibi
1365 1829 1735 1894 praesentem;
1787 1841 1904 1882 rem

283 1906 355 1961 ab
395 1921 463 1962 eo
501 1922 720 1964 omnem
764 1907 986 1980 plenius
1043 1911 1316 1967 rescituri.
1374 1911 1725 1988 Cognoscunt
1767 1929 1903 1991 ergo

280 2000 464 2057 viduae
504 2001 652 2057 illius
698 2001 954 2074 lacrymis
984 2009 1040 2058 et
1069 2004 1350 2076 precibus,
1404 2023 1571 2078 quam
1611 2007 1901 2062 ecclesiam

281 2096 501 2152 concito
537 2112 698 2152 cursu
731 2097 956 2168 petiisse
1007 2097 1287 2170 perfusam
1346 2099 1602 2172 lacrymis
1629 2101 1903 2168 viderant,

285 2190 726 2261 omnipotentem
756 2191 1047 2248 Dominum
1078 2193 1246 2248 vitam
1289 2192 1402 2249 filio
1433 2194 1554 2263 ejus
1581 2210 1681 2266 per
1709 2196 1905 2252 merita

282 2281 460 2337 Patris
484 2283 788 2349 Benedicti,
831 2300 996 2356 quem
1051 2285 1308 2342 devotius
1349 2293 1690 2353 exoraverat,
1717 2304 1901 2344 reser-

278 2385 436 2424 vasse
495 2385 663 2442 super
716 2370 822 2427 hoc
867 2371 1012 2428 facto
1065 2373 1486 2449 magnificantes
1541 2374 1718 2447 ipsius
1760 2376 1900 2448 {cle-

276 2463 541 2520 mentiam
591 2463 1012 2536 Omnipotentis.
1059 2468 1307 2540 Denique
1365 2470 1736 2544 interrogatus
1763 2473 1901 2530 ado-

281 2553 521 2619 lescens,
557 2554 841 2625 professus
871 2562 956 2611 est
989 2571 1049 2612 se
1077 2556 1282 2613 nullam
1325 2557 1612 2616 laisionem
1661 2562 1902 2618 sensisse

274 2657 376 2713 per
413 2647 588 2697 totum
629 2659 746 2698 suae
785 2645 1172 2716 suspensionis
1201 2645 1462 2717 Spatium.
1507 2647 1660 2703 Unde
1691 2649 1893 2718 conjici

275 2736 437 2792 datur
462 2737 637 2813 magis
658 2754 785 2794 cum
810 2754 911 2810 per
940 2739 1301 2815 indigentiam
1326 2759 1488 2812 quam
1507 2759 1608 2813 per
1632 2743 1895 2798 malitiam

274 2831 618 2888 commisisse
647 2832 870 2890 furtum.

349 2919 473 2975 CAP.
533 2921 706 2976 XLVI.
759 2925 1229 2980 —Dcemoniacus
1277 2925 1550 2980 liberatus.
1612 2925 1898 2982 Gauterius

276 3017 344 3070 de
380 3015 642 3088 Capriaco
679 3017 924 3090 quadam
959 3025 1124 3076 nocte
1165 3036 1289 3092 quae
1319 3019 1615 3075 Sabbatum
1647 3021 1894 3092 praeibat,

277 3114 344 3168 ad
391 3121 652 3182 castrum,
713 3115 862 3186 quod
916 3116 1071 3173 Mons
1115 3117 1299 3172 Sancti
1357 3117 1630 3172 Vincentii
1665 3119 1898 3186 {nuncu-

271 3218 452 3281 patur,
509 3207 798 3276 festinans,
859 3211 1158 3282 ex0ptabat
1207 3212 1398 3269 adfore
1427 3213 1716 3269 hominum
1749 3230 1892 3270 con-

271 3303 572 3372 venticulo,
603 3303 751 3376 quod
777 3318 876 3374 pro
903 3304 1181 3360 mercibus
1207 3305 1576 3378 congerendis
1591 3304 1712 3361 fieri
1735 3320 1892 3362 asso-

271 3391 369 3449 let.
389 3392 544 3448 Unde
568 3401 676 3448 tam
702 3391 821 3464 ipse
837 3393 1210 3448 eonventiculi
1235 3392 1388 3449 locus
1419 3410 1582 3466 quam
1605 3393 1890 3468 negotium

272 3485 347 3540 ibi
389 3485 636 3540 habitum
678 3491 979 3542 mercatum
1029 3485 1196 3560 vulgo
1235 3485 1450 3540 dicitur.
1515 3485 1595 3540 Fit
1649 3501 1778 3542 vero
1835 3486 1892 3541 in

270 3576 468 3632 eodem
493 3575 618 3633 loco
638 3576 696 3631 in
719 3576 969 3632 sabbato.
994 3574 1349 3646 ltaque,dum
1373 3572 1430 3628 in
1450 3572 1573 3630 loco
1594 3573 1888 3628 Planchia-

273 3667 546 3722 Guillelmi
603 3666 751 3721 dicto
819 3665 1235 3737 praeterlegeret
1324 3663 1608 3720 fluviolum
1675 3663 1894 3718 Wldra—

270 3770 386 3810 cam
415 3755 548 3826 (36),
581 3753 678 3826 qui
711 3753 1038 3809 Patriciacos
1076 3752 1381 3825 pmterluit
1427 3768 1590 3828 agros
1629 3767 1772 3825 equo
1803 3768 1892 3807 re-

269 3845 477 3912 sidens,
495 3845 824 3918 nullumque
847 3845 1064 3900 habens
1089 3845 1372 3911 comitem,
1402 3843 1619 3919 ingenti
1653 3843 1890 3914 primum

269 3938 620 3995 tremefactus
641 3946 811 4006 metu,
844 3939 1327 4010 persensitadcsse
1345 3937 1650 4005 dmmones,
1665 3943 1720 3992 et
1743 3935 1888 3992 obli-

272 4035 356 4082 tus
385 4027 490 4082 sibi
522 4027 741 4100 signum
786 4026 1074 4096 imponere
1105 4026 1306 4092 crucis,
1347 4023 1791 4080 circumvallatur
1816 4023 1886 4078 ab

269 4117 370 4183 eis,
401 4117 552 4173 nullo
581 4116 824 4171 munitus
863 4114 1130 4171 subsidio.
1191 4114 1312 4181 Qui,
1359 4113 1508 4170 illum
1552 4129 1676 4168 cum
1738 4129 1884 4186 equo

271 4207 354 4261 cui
385 4206 664 4262 insidebat
694 4204 1027 4276 arripientes
1055 4212 1109 4259 et
1136 4220 1236 4275 per
1273 4220 1395 4259 aera
1427 4203 1781 4270 vectitantes,
1815 4203 1884 4257 ad

1999 352 2071 410 ob
2106 352 2458 409 formidinem
2493 352 2909 436 nimiam'quam
2936 351 3043 408 sibi
3069 351 3354 408 daemones
3383 353 3634 408 incusse-

2002 449 2148 511 rant,
2189 441 2458 498 memoria
2489 441 2748 498 excessit.
2789 443 2833 496 Α
2889 442 3008 498 suis
3044 457 3176 498 vero
3229 441 3286 496 in
3326 442 3631 499 crastinum

2001 535 2073 593 ad
2129 535 2536 592 monasterium
2565 535 2862 603 adductus,
2924 543 2980 592 et
3037 535 3244 591 ibidem
3286 535 3630 608 aliquantum

2003 635 2332 697 remoratus,
2376 643 2476 698 pro
2507 643 2575 684 eo
2609 628 2984 700 omnipotenti
3013 627 3246 684 Domino
3285 626 3424 684 fusis
3451 629 3633 701 preci-

2007 723 2132 793 bus,
2157 724 2385 800 integrae
2417 724 2622 780 mentis
2676 723 2889 795 recepit
2912 723 3267 780 sobrietatem
3307 724 3522 780 meritis
3549 724 3632 796 ip-

2006 819 2122 876 sius
2153 835 2316 892 quem
2349 821 2701 876 invocaverat
2731 820 2924 876 Patris.

2079 909 2202 966 CAP.
2236 911 2432 968 XLVII.
2466 944 2538 955 ——
2563 915 2761 970 Servus
2787 913 3122 970 vindicatus.
3165 913 3340 988 Ilugo,
3380 912 3631 970 Bidulfus

2012 1005 2368 1078 cognomine,
2408 1021 2554 1062 unus
2590 1006 2828 1062 militum
2896 1005 3258 1062 Patriciacum
3312 1005 3630 1062 inhabitan-

2011 1093 2170 1158 tium,
2213 1109 2336 1149 cum
2378 1094 2435 1149 in
2467 1095 2591 1150 aliis
2622 1095 3045 1168 quampluribus
3071 1097 3254 1152 eidem
3280 1097 3402 1153 loco
3431 1097 3630 1154 adver-

2014 1191 2248 1252 saretur,
2303 1185 2589 1255 cujusdam
2635 1187 2926 1244 seditionis
2974 1189 3030 1243 in
3079 1188 3276 1244 eadem
3329 1187 3458 1242 villa
3483 1187 3630 1244 inter

2014 1276 2233 1348 equites
2281 1284 2484 1333 exortae
2551 1279 2864 1348 occasione,
2909 1296 3017 1336 una
3071 1281 3282 1336 dierum
3335 1295 3629 1355 aggressus

2015 1365 2309 1434 quemdam
2346 1365 2637 1434 rusticum,
2679 1366 2979 1424 Guarinum
3018 1369 3266 1436 nomine,
3318 1385 3349 1424 a
3402 1369 3526 1424 loco
3557 1369 3627 1424 de

2013 1459 2237 1515 Cumbis
2269 1463 2744 1535 cognominatum,
2805 1471 2861 1519 et
2914 1465 3094 1536 ipsum
3125 1465 3193 1520 de
3224 1464 3432 1520 familia
3454 1464 3629 1521 Patris

2011 1550 2382 1624 progenitum,
2425 1552 2575 1608 nulla
2622 1552 2785 1622 justas
2835 1553 3077 1626 querela:
3115 1553 3387 1610 existente
3437 1569 3625 1622 causa,

2009 1653 2115 1700 tam
2147 1645 2448 1702 crudeliter
2469 1646 2782 1704 verberavit
2801 1655 2860 1704 ut
2887 1649 2937 1704 ei
2965 1648 3248 1704 brachium
3281 1648 3622 1705 contriverit.

2009 1733 2264 1790 Rusticus
2291 1750 2422 1791 vero
2477 1736 2626 1792 idem
2677 1737 2955 1792 neminem
3016 1753 3242 1793 suarum
3295 1737 3623 1809 injuriarum

2006 1825 2290 1898 reperiens
2319 1827 2577 1895 ultorem,
2611 1828 2739 1883 dum
2769 1843 2880 1884 non
2912 1829 3159 1889 haberet.
3201 1843 3368 1900 quem
3401 1828 3628 1900 potissi-

2005 1935 2152 1974 mum
2184 1935 2298 1975 suae
2337 1919 2577 1992 querelae
2620 1920 2949 1976 advocatum
3006 1919 3214 1976 faceret
3268 1919 3500 1992 (quippe
3539 1920 3626 1976 vir

2006 2011 2282 2082 superbus
2307 2018 2447 2080 erat,
2481 2012 2574 2085 qui
2607 2027 2734 2068 eum
2774 2011 3072 2076 ceciderat,
3113 2018 3170 2067 et
3197 2010 3337 2066 nulli
3353 2026 3620 2068 reveren-

2007 2103 2136 2158 tiam
2179 2103 2506 2173 deferebat),
2557 2105 2754 2160 anxius
2785 2104 2966 2173 valde,
3007 2103 3075 2158 ad
3116 2102 3202 2158 sui
3235 2102 3445 2158 domini
3465 2103 3620 2158 auxi-

2006 2193 2139 2248 lium
2179 2192 2428 2267 confugit
2457 2193 2762 2250 Benedicti.
2791 2195 3079 2268 Ingressus
3109 2193 3296 2264 itaque
3325 2192 3616 2248 ecclesiam

2003 2278 2250 2346 ejusdem
2283 2281 2453 2352 patris
2482 2283 2832 2354 appropiavit
2871 2281 3047 2350 altari,
3095 2289 3149 2336 et
3173 2297 3340 2353 super
3379 2297 3447 2337 eo
3481 2297 3618 2338 con-

2001 2371 2188 2426 tritum
2221 2372 2514 2444 imponens
2551 2373 2861 2440 brachium,
2909 2375 3026 2430 haec
3062 2374 3230 2430 verba
3273 2388 3398 2428 cum
3443 2372 3618 2429 multo

2001 2463 2210 2538 gemitu
2243 2469 2426 2519 mente
2466 2465 2711 2536 profudit
2731 2463 3000 2520 contrita:
3033 2466 3248 2532 Sancte,
3280 2463 3482 2537 inquit,
3513 2465 3618 2520 Be-

1999 2557 2227 2623 nedicte,
2254 2559 2334 2611 mi
2361 2557 2596 2624 domine,
2637 2559 2791 2612 tuum
2812 2573 2896 2612 me
2925 2560 3187 2628 proﬁteor
3222 2571 3452 2626 servum,
3482 2560 3534 2612 et
3569 2561 3620 2612 te

1995 2663 2173 2702 meum
2184 2649 2316 2718 jure
2337 2649 2634 2703 dominum.
2669 2650 2852 2706 Cernis
2867 2649 2963 2704 hoc
2982 2653 3274 2706 contritum
3291 2651 3576 2707 brachium
3599 2667 3615 2718 ;

1997 2745 2151 2795 tuum
2178 2744 2316 2806 erat,
2361 2744 2411 2795 et
2435 2745 2636 2810 prater
2671 2744 2721 2794 te
2751 2757 2902 2796 mmo
2931 2743 3074 2798 alius
3119 2745 3184 2798 in
3211 2759 3268 2798 eo
3291 2743 3619 2800 dominatio-

1996 2850 2116 2890 nem
2143 2850 2389 2890 emercere
2416 2835 2691 2890 debuerat.
2729 2837 2793 2892 Si
2819 2841 2880 2892 tu
2924 2838 3066 2892 illud
3105 2841 3477 2908 confregisses,
3517 2839 3620 2892 ad-

1923 2925 1980 3020 C
1996 2942 2184 2982 versus
2223 2931 2272 2982 te
2295 2927 2503 2981 nullam
2533 2927 2783 2982 haberem
2825 2933 3194 3000 qucestionem,
3243 2933 3502 3001 quoniam
3540 2937 3620 2988 est

1997 3021 2080 3074 tui
2102 3019 2275 3088 juris.
2317 3019 2444 3084 Sed,
2474 3021 2554 3074 mi
2577 3019 2810 3088 domine,
2843 3037 3013 3092 quare
3036 3023 3338 3092 permisisti
3373 3025 3436 3076 ut
3461 3022 3618 3092 Hugo

1994 3112 2274 3179 Bidulfus,
2306 3114 2396 3166 cui
2417 3114 2478 3167 in
2499 3113 2650 3168 nullo
2673 3113 2969 3168 obnoxium
2989 3117 3088 3181 est,
3109 3113 3253 3168 illud
3277 3118 3564 3170 contereret
3591 3119 3620 3171 ?

1993 3204 2220 3261 Noreris
2250 3218 2330 3258 me
2359 3204 2427 3258 ab
2449 3203 2550 3258 hac
2577 3204 2666 3259 die
2695 3205 2824 3271 tuis,
2856 3205 2940 3260 vel
2957 3205 3061 3260 tibi
3088 3205 3236 3260 nullo
3251 3206 3408 3260 modo
3431 3203 3620 3273 famu-

1997 3296 2127 3362 lari,
2167 3296 2280 3350 nisi
2324 3295 2390 3349 de
2415 3297 2588 3365 ipsius
2616 3295 2836 3350 brachio
2885 3299 2937 3351 et
2961 3311 3182 3367 corpore
3215 3296 3425 3367 justam
3451 3299 3616 3352 ultio-

1991 3403 2113 3444 nem
2143 3389 2400 3456 exegeris.
2453 3387 2545 3442 His
2584 3393 2641 3442 et
2678 3387 2998 3456 hujusmodi
3020 3387 3272 3456 {vocibus
3299 3387 3496 3444 fratres
3517 3389 3612 3462 qui

1993 3477 2224 3532 aderant
2263 3482 2318 3532 et
2373 3478 2492 3533 hate
2521 3475 2844 3543 audiebant,
2886 3477 2956 3532 ad
3002 3476 3274 3550 lacrymas
3303 3478 3610 3550 provocati,

1995 3568 2204 3640 pariter
2231 3567 2460 3635 ﬂebant,
2493 3573 2548 3622 et
2576 3567 2696 3636 ejus
2721 3566 2900 3639 juncti
2927 3568 3252 3644 gemitibus,
3283 3569 3480 3626 eadem
3520 3585 3614 3627 ex-

1994 3663 2316 3733 poscebant.
2394 3659 2606 3725 Quibus
2681 3661 2996 3733 peroratis,
3071 3663 3308 3718 rusticus
3380 3663 3615 3719 ecclesia

1993 3763 2249 3822 egressus
2299 3749 2586 3823 aegerrime
2616 3749 2685 3805 ad
2717 3767 2878 3806 suum
2918 3751 3184 3807 remeavit
3213 3751 3611 3810 habitaculum.

1992 3840 2163 3897 Porro
2197 3841 2354 3899 Pater
2382 3849 2605 3898 sanctus
2631 3843 2948 3898 nullatenus
2971 3843 3441 3916 querimoniarum
3463 3843 3614 3900 illius

1993 3929 2221 3998 oblitus,
2260 3931 2316 3986 in
2345 3931 2646 4008 malignum
2675 3931 3038 4000 justissimam
3071 3932 3318 3988 exercuit
3342 3931 3608 3988 ultionem

1988 4023 2190 4079 virum.
2220 4025 2506 4081 Brachium
2535 4025 2681 4080 enim
2713 4025 2886 4097 ipsius
2919 4026 3169 4096 ejusdem
3211 4026 3419 4094 lateris,
3453 4027 3612 4096 cujus

1986 4122 2042 4169 et
2079 4115 2267 4170 rustici
2297 4115 2582 4169 brachium
2611 4116 2846 4171 verbere
2893 4116 3194 4173 demolitus
3247 4117 3448 4185 fuerat,
3485 4134 3608 4174 cum

1988 4212 2099 4261 toto
2139 4207 2370 4260 humero
2403 4210 2551 4260 tanta
2603 4203 2657 4259 vi
2689 4205 3036 4280 aegritudinis
3089 4222 3376 4276 pervasum
3437 4213 3520 4262 est
3549 4213 3611 4262 ut

272 4305 608 4372 postremum
631 4298 688 4352 in
717 4297 994 4372 gurgitem
1017 4295 1306 4352 tentabant
1327 4297 1674 4372 demergere.
1699 4297 1765 4351 At
1793 4294 1885 4350 ille
1905 4275 1963 4344 D
1987 4296 2215 4350 omnino
2249 4295 2444 4350 iuutile
2493 4294 2718 4362 factum,
2740 4275 2822 4350 “ad
2863 4294 3070 4350 nullum
3090 4275 3327 4366 penitus
3366 4297 3610 4352 necessi-

271 4395 378 4449 Deo
411 4393 518 4448 sibi
549 4392 793 4464 propitio
823 4392 892 4446 ad
919 4391 1249 4446 memoriam
1284 4391 1499 4446 reduxit
1527 4390 1754 4465 gloriosi
1785 4405 1885 4446 no-

273 4501 398 4539 men
429 4484 717 4540 Benedicti
743 4483 934 4550 Patris,
969 4491 1023 4538 et
1055 4499 1179 4538 cum
1219 4482 1336 4552 jam
1365 4498 1540 4554 prope
1565 4489 1735 4550 esset,
1767 4488 1827 4538 ut
1855 4498 1886 4537 a

271 4575 618 4632 daemonibus
669 4576 725 4630 in
773 4575 954 4630 amnis
1003 4575 1154 4630 illius
1205 4573 1482 4646 profunda
1519 4581 1882 4646 mergeretur,

269 4677 456 4720 sancte
513 4664 835 4733 Benedicte,
893 4673 1082 4720 sancte
1135 4663 1452 4733 Benedicte,
1502 4678 1626 4717 cum
1693 4663 1887 4737 grandi

268 4757 502 4813 clamore
542 4757 712 4828 cmpit
763 4757 1015 4812 crebrius
1044 4757 1266 4813 iterare.
1301 4754 1551 4810 Exterriti
1586 4753 1752 4828 igitur
1780 4754 1889 4810 da:-

267 4863 457 4903 mones
480 4847 548 4902 ad
589 4847 829 4903 nominis
875 4846 1038 4916 hujus
1067 4845 1498 4911 invocationem,
1527 4845 1715 4900 statim
1753 4860 1881 4900 eum

269 4935 602 5008 linquentes,
643 4950 794 4991 more
837 4935 946 4990 sibi
979 4941 1246 4990 consueto
1287 4940 1656 4990 evanuerunt.
1716 4933 1886 4989 Porro

271 5027 358 5083 ille
389 5027 587 5083 virtute
609 5027 774 5098 hujus
799 5026 1041 5083 nominis
1071 5042 1195 5082 sese
1225 5042 1462 5082 cernens
1489 5032 1763 5096 ereptum,
1789 5040 1883 5080 re-

273 5123 524 5198 trogrado
549 5123 686 5180 calle
718 5122 1076 5180 Patriciacum
1109 5122 1292 5186 rediit,
1324 5122 1476 5178 nullo
1509 5122 1674 5180 modo
1697 5137 1881 5190 ausus,

335 5315 459 5390 (36l_
490 5315 742 5390 Wldraca
781 5331 882 5390 seu
939 5316 1189 5390 Wldraga
1218 5323 1448 5390 vocatur
1498 5317 1555 5390 in
1601 5316 1883 5390 Chartario

273 5387 672 5471 Eatriciacens'i,
729 5388 899 5471 vulgo
941 5387 1218 5454 l’Oudrac,
1251 5389 1345 5471 qui
1396 5389 1449 5470 in
1505 5389 1881 5471 l.igerim__in-

275 5457 387 5529 fluit
429 5474 595 5528 supra
620 5457 932 5514 Burbonem
965 5467 1042 5519 tut
1070 5457 1282 5529 vocant}
1315 5459 1540 5515 Ancium
1569 5457 1632 5514 in
1678 5459 1886 5516 finibus

273 5528 908 5602 .Eiluorum.APat_riciaci
945 5531 1109 5586 situm
1163 5528 1356 5586 definit
1392 5532 1662 5586 Eccardus
1701 5547 1888 5587 comes

274 5601 324 5655 in
353 5601 541 5657 charta
585 5600 620 5656 6
650 5600 732 5657 his
765 5601 976 5658 verbis:
1035 5603 1136 5659 Hic
1165 5617 1290 5671 ergo
1329 5603 1472 5660 locus
1509 5605 1566 5658 in
1615 5605 1889 5672 Augusto-

1989 4383 2114 4438 tatis
2143 4400 2300 4439 usum
2350 4383 2692 4439 inveniretur
2721 4384 3008 4440 idoneum.
3045 4384 3162 4448 Quo
3221 4384 3412 4442 dolore
3441 4385 3608 4442 miser

1987 4478 2301 4534 diutissime
2331 4486 2580 4545 vexatus,
2613 4495 2642 4534 a
2675 4479 2828 4536 nullo
2869 4495 3093 4551 prorsus
3123 4480 3465 4536 medicorum
3502 4497 3604 4536 cu-

1987 4568 2094 4623 rari
2129 4568 2331 4632 valuit;
2364 4567 2460 4622 sed
2493 4574 2846 4643 augmentata
2876 4568 3150 4641 angustia,
3177 4570 3376 4626 eodem
3409 4570 3605 4627 morbo

1989 4661 2174 4716 omnia
2213 4660 2386 4732 ipsius
2426 4661 2676 4716 membra
2715 4667 3095 4732 percurrente,
3140 4659 3425 4736 fatigatum
3467 4661 3604 4718 diris

1989 4753 2275 4810 doloribus
2339 4753 2589 4825 spiritum
2659 4752 3006 4808 miserabilis
3075 4753 3465 4810 miserabiliter
3523 4753 3603 4810 cf-

1989 4843 2148 4900 fudit.

2059 4937 2187 4992 CAP.
2235 4936 2456 4992 XLVIII.
2487 4967 2555 4977 —
2587 4937 2866 4994 Contracti
2920 4936 3027 4991 duo
3064 4936 3246 4991 erecti.
3280 4935 3396 4990 Duo
3436 4935 3602 4992 etiam

1984 5029 2108 5097 viri,
2141 5043 2374 5100 quorum
2433 5034 2670 5100 uterque
2721 5043 2788 5082 ex
2825 5026 3024 5102 agresti
3084 5025 3368 5082 hominum
3399 5043 3607 5104 genere

1985 5120 2226 5178 ducebat
2257 5119 2456 5188 natale,
2489 5119 2732 5174 damnati
2763 5117 3050 5187 membris,
3082 5134 3292 5174 annosa
3310 5134 3603 5176 nervorum

1984 5319 2218 5374 dunensi
2237 5333 2384 5390 pago
2411 5321 2641 5389 positus,
2673 5318 2771 5390 his
2789 5318 2858 5374 ab
2882 5319 3084 5372 oriente
3100 5319 3338 5390 ﬂuentis,
3370 5317 3605 5373 Parrula

1983 5389 2249 5446 videlicet
2276 5398 2327 5445 et
2380 5391 2686 5444 Burbuncia
2738 5389 3032 5456 dividitur,
3087 5389 3277 5443 deinde
3305 5405 3340 5444 a
3380 5390 3605 5445 meridie

1987 5463 2168 5535 eadem
2203 5463 2502 5517 Burbuncia
2532 5461 2883 5535 descendente
2910 5463 2969 5516 in
2986 5463 3162 5516 Isrum
3179 5463 3404 5533 ﬂuvium
3433 5474 3604 5535 usque

1988 5533 2062 5588 ad
2099 5535 2282 5590 Sancti
2306 5535 2528 5592 Joannis
2567 5534 2864 5600 ecclesiam,
2905 5539 3010 5590 etc.
