3892 6048
333 162 475 219 1235
1349 164 1631 220 RADULFI
1671 164 1981 220 TORTARII
2025 161 2316 220 MONACHI
2356 160 2651 217 FLORIAC.
3540 160 3725 215 1236

332 295 713 352 contractione
763 310 861 350 eos
890 295 1179 365 perdente,
1212 295 1527 352 diutisSime
1568 297 1625 351 in
1664 296 1801 363 suis,
1840 296 1944 352 hoc
1971 302 2020 368 Α
2045 293 2171 359 dus,
2205 292 2538 366 cognomine
2579 290 2770 360 Albus,
2829 291 2914 348 vir
2953 295 3173 363 potens,
3222 306 3335 347 non
3393 291 3601 346 solum
3653 289 3724 344 in

333 393 569 462 cogente
616 386 828 454 morbo,
887 387 1099 442 resides
1149 387 1373 456 jacuere
1418 387 1679 463 grabatis.
1738 387 1941 442 Horum
2047 383 2314 438 ruricolas
2382 380 2572 453 praedii
2637 380 2787 435 illius
2820 422 2834 447 ,
2900 395 3091 435 verum
3160 380 3324 434 etiam
3405 381 3463 434 in
3552 396 3727 435 con-

332 489 477 528 unus
506 472 690 528 incola
718 473 891 538 villa;
941 490 1064 545 quae
1092 483 1318 531 sanctus
1348 477 1575 532 Bonitus
1604 477 1672 531 de
1727 477 1945 531 Vetula-
2048 472 2251 544 tiguos,
2324 471 2481 526 avitae
2564 469 2962 525 dominationis
3046 468 3345 524 exercebat
3394 469 3516 538 jus.
3591 468 3724 523 Cu-

332 559 494 614 vinea
524 560 755 626 dicitur;
798 561 936 617 alter
968 578 1095 618 vero
1143 579 1209 619 ex
1238 566 1367 620 villa
1407 566 1683 640 Palingias
1712 565 1947 621 vocitata
2042 564 2135 632 jus
2194 578 2331 618 uxor
2381 562 2513 617 dum
2563 561 2858 617 occasione
2922 560 3100 631 turpis
3180 568 3425 632 quaestus
3496 560 3721 615 vicina

333 654 610 710 exstitisse
641 657 985 726 perhibetur.
1032 657 1133 721 Qui
1177 657 1481 729 primordio
1511 675 1624 713 suae
1674 658 1944 712 inva‘etu-
2047 662 2371 728 peragraret
2400 672 2550 722 rura,
2581 653 2806 709 devenit
2837 654 2904 708 ad
2955 669 3121 723 supra
3159 658 3535 708 memoratum
3563 669 3715 707 cum

333 741 503 811 diuis,
534 745 772 817 amplius
820 747 968 816 justo
1011 747 1250 803 anilibus
1294 748 1503 802 creduli
1551 747 1772 814 fabulis,
1834 761 1945 802 non
2045 748 2289 819 superbo
2320 748 2582 803 comitatu
2600 748 2807 812 locum,
2832 747 2911 802 uti
2941 747 3259 816 hujusmodi
3289 747 3566 802 incedere
3609 764 3718 801 as-

334 837 525 907 paucis
563 837 784 906 diebus,
804 838 953 894 falsis
981 839 1425 895 muliercularum
1457 840 1794 895 carminibus
1822 854 1944 893 sese
2044 837 2230 892 solent
2285 846 2575 893 matronae.
2641 837 2766 892 Erat
2821 845 3003 892 autem
3058 836 3377 892 autumnale
3430 845 3714 907 tempus,

334 929 515 1001 decipi
545 930 914 1000 pertulerunt,
938 932 1165 987 animati
1195 932 1342 987 falsis
1370 933 1594 1003 spebus.
1627 932 1734 988 Sed
1768 939 1821 987 et
1845 947 1945 1003 po-

336 1018 611 1090 pularium
666 1021 1004 1077 medicorum
1058 1022 1306 1077 insanam
1354 1023 1565 1094 experti
1614 1039 1798 1094 opem,
1850 1022 1946 1094 qui

335 1108 653 1177 artemisize,
709 1126 981 1178 vervenze,
1037 1112 1306 1179 betarum,
1386 1127 1484 1166 seu
1543 1112 1773 1167 aliarum
1826 1128 1950 1183 quae

340 1199 538 1270 passim
562 1200 723 1255 tellus
752 1202 917 1257 edere
948 1203 1239 1259 consuevit
1265 1204 1449 1258 succis
1498 1204 1812 1266 herbarum,
1847 1219 1947 1258 seu

335 1291 680 1348 diversorum
709 1294 1029 1350 animalium
1061 1295 1338 1367 adipibus,
1361 1296 1454 1352 vili
1486 1296 1789 1366 plebeculae
1818 1297 1948 1350 illu-

339 1383 473 1438 dere
503 1384 704 1453 solent,
738 1386 818 1440 nil
859 1387 1088 1443 omnino
1144 1387 1517 1458 profecerunt.
1564 1387 1713 1442 Unde
1766 1389 1951 1443 animo

340 1473 578 1540 dimissi,
622 1475 856 1531 ulterius
899 1477 1173 1532 medelam
1232 1492 1292 1531 se
1334 1477 1567 1548 adipisci
1625 1478 1955 1533 destiterunt

339 1578 586 1632 sperare,
627 1580 792 1636 quam
848 1581 1187 1637 magnOpere
1239 1581 1360 1620 sese
1391 1566 1686 1637 expetiisse
1716 1566 1952 1621 arbitra-

340 1649 565 1707 bantur.
621 1653 684 1706 In
738 1670 847 1725 qua
903 1654 1296 1725 desperatione
1352 1655 1447 1709 diu
1510 1663 1951 1726 perseverantes,

342 1741 484 1795 nihil
511 1743 580 1798 de
609 1759 707 1799 sua
736 1745 912 1800 salute
940 1746 1278 1820 cogitabant.
1310 1747 1584 1801 lmmensa
1616 1762 1746 1802 vero
1776 1745 1960 1802 omni-

343 1828 586 1899 potentis
624 1831 840 1886 Domini
887 1832 1205 1902 clementia,
1254 1850 1378 1905 quae
1439 1835 1656 1889 illorum
1711 1834 1960 1889 misereri

344 1923 687 1993 decreverat,
740 1926 967 1983 immisit
1016 1929 1171 1984 cordi
1202 1945 1418 1997 eorum,
1460 1939 1735 2002 quatenus
1785 1930 1961 1984 Patri-

346 2019 557 2076 ciacum
605 2021 885 2093 deportari
939 2039 1000 2078 se
1029 2023 1302 2091 facerent,
1338 2025 1670 2097 Patremque
1722 2025 1964 2080 Benedi-

346 2124 493 2172 ctum
543 2121 605 2167 ut
633 2128 732 2183 pro
763 2127 956 2167 eorum
1004 2112 1179 2168 salute
1231 2114 1577 2169 intercedere
1619 2115 1960 2187 dignaretur,

348 2209 654 2259 exorarent.
694 2201 963 2257 Fecerunt
1006 2210 1189 2257 autem
1218 2202 1320 2269 sic,
1356 2218 1465 2258 non
1498 2202 1725 2274 quidem
1761 2202 1958 2257 eodem

346 2306 619 2367 tempore,
659 2295 757 2350 sed
806 2294 1037 2349 diversis
1077 2295 1441 2366 temporibus.
1499 2295 1670 2369 Igitur
1698 2296 1828 2349 dum
1860 2295 1964 2349 ali-

350 2396 486 2460 quot
534 2387 732 2443 diebus
781 2388 836 2442 in
879 2387 1212 2443 monasterio
1271 2387 1520 2457 ejusdem
1562 2387 1668 2442 loci
1709 2387 1963 2458 precibus

351 2478 672 2534 insistentes
720 2483 1158 2549 pernoctassent,
1191 2477 1510 2547 sospitatem
1551 2476 1963 2549 integerrimam

352 2577 705 2642 receperunt.
735 2572 1090 2627 Laetabundis
1113 2571 1298 2641 itaque
1329 2569 1550 2634 animis,
1592 2576 1778 2640 grates
1819 2568 1962 2622 Patri

351 2667 542 2717 sancto
574 2659 904 2727 tribuentes,
950 2666 1301 2716 revertuntur
1322 2658 1389 2712 ad
1419 2658 1666 2729 prOpria,
1709 2656 1968 2712 omnibus

354 2749 706 2821 prOpalantes
762 2749 1163 2820 omnipotentis
1218 2746 1435 2803 Domini
1494 2747 1550 2801 in
1616 2763 1675 2801 se
1746 2754 1969 2802 ostensa

352 2844 649 2917 magnalia.

428 2936 552 2991 CAP.
570 2936 743 2991 XLIX.
767 2966 839 2976 —
862 2939 972 2990 Fur
990 2937 1217 3005 punitus
1238 2936 1299 2989 in
1317 2936 1450 3004 ﬁlio.
1482 2936 1747 2988 Pwnitens
1764 2937 1971 3002 ﬁlu‘sa-

353 3028 574 3081 nitatem
602 3026 823 3079 obtinet.
866 3024 1121 3088 Quaedam
1177 3023 1453 3093 possessio
1495 3023 1638 3077 dicta
1670 3022 1967 3078 Sulmeria-

275 3158 290 3174 κ
354 3136 452 3176 cus
496 3119 607 3190 (37)
640 3117 1118 3173 Patriciacensium
1148 3117 1395 3186 subjacet
1430 3116 1651 3184 ditioni,
1677 3133 1800 3188 quae
1833 3117 1969 3189 ipsis

354 3229 467 3271 non
508 3212 917 3269 contemnenda
936 3209 1255 3267 v’ictualium
1278 3211 1574 3283 quotannis
1591 3226 1771 3265 rerum
1804 3211 1970 3268 infert

353 3305 622 3362 subsidia.
638 3304 733 3360 Cui
748 3304 1064 3376 nuperrime
1078 3304 1438 3375 praefecerant
1458 3304 1752 3375 quemdam
1769 3321 1833 3359 ex
1855 3306 1970 3360 suis

353 3398 572 3466 fratres,
614 3397 791 3472 gratia
823 3396 1079 3452 tuitionis
1108 3397 1214 3453 loci
1258 3402 1313 3452 et
1353 3397 1716 3452 arcendorum
1761 3398 1971 3467 praedo-

353 3503 506 3555 num,
535 3494 590 3543 et
621 3486 1059 3560 colligendorum
1090 3484 1373 3540 annuatim
1397 3485 1572 3540 solitae
1603 3496 1970 3556 repraesenta—

355 3578 521 3635 tionis
542 3578 840 3634 fructuum.
873 3578 1007 3633 Huic
1027 3577 1354 3634 vocabulum
1373 3577 1551 3633 inerat
1572 3577 1717 3643 Odo;
1743 3594 1852 3649 quo
1880 3596 1969 3634 re-

353 3670 588 3739 ferente,
612 3686 677 3726 ea
706 3687 829 3743 qua;
855 3670 1037 3727 scribo
1064 3670 1315 3746 cognovi.
1348 3669 1580 3734 Quidam
1612 3671 1970 3726 Archembal-

425 3830 533 3902 (37)
586 3829 724 3884 Villa
753 3829 896 3902 haec
934 3829 1201 3902 sitaierat
1251 3828 1501 3902 inpage
1554 3829 1965 3902 Matisconensi,

352 3900 601 3960 Fleriaco
640 3901 902 3955 attributa
944 3918 975 3956 a
1005 3900 1299 3955 Winiterio
1333 3901 1554 3955 Eccardi
1613 3901 1831 3956 comitis
1858 3916 1963 3955 ne-

354 3984 507 4047 pote,
538 3991 604 4047 ex
633 3972 838 4027 chartis
864 3974 935 4047 2t)
974 3980 1030 4027 et
1054 3973 1124 4025 22
1151 3972 1357 4047 codicis
1388 3971 1823 4047 Patriciacensis.

428 4045 535 4113 (38)
560 4044 678 4098 Non
702 4045 954 4114 pervenit
982 4051 1174 4098 auctor
1199 4043 1266 4096 ad
1298 4058 1501 4097 annum
1543 4044 1702 4107 1107,
1737 4058 1846 4114 quo
1877 4058 1968 4095 re-

354 4116 650 4187 liquiarum
692 4115 867 4187 sancti
900 4114 1072 4169 Patris
1126 4114 1409 4187 Benedicti
1452 4114 1734 4187 translatio
1784 4115 1975 4187 inno-

355 4184 474 4243 vam
510 4188 722 4242 thecam
775 4185 921 4241 facta
959 4192 1044 4240 est
1074 4202 1149 4240 xu
1198 4185 1313 4241 Kal.
1345 4186 1567 4257 Aprilis,
1609 4184 1976 4256 praesentibus

2048 926 2273 997 quando
2307 926 2512 996 pressis
2571 925 2833 981 torculari
2880 925 3047 993 vinis,
3106 925 3295 980 vinum
3339 926 3509 981 condi
3549 926 3717 981 solet

2052 1018 2107 1071 in
2139 1020 2460 1090 praeparatis
2499 1019 2894 1091 promptuariis
2934 1020 3002 1074 ad
3030 1021 3362 1075 servandum
3397 1021 3454 1075 in
3487 1029 3714 1091 poste-

2052 1126 2211 1175 rum;
2269 1111 2427 1179 cujus
2464 1126 2577 1166 non
2643 1112 2861 1168 modica
2903 1112 3184 1184 quantitas
3231 1119 3363 1167 tunc
3400 1113 3715 1184 {temporis

2052 1202 2261 1257 ibidem
2292 1202 2620 1258 habebatur.
2645 1204 2864 1259 Mandat
2894 1219 3026 1277 ergo
3050 1203 3247 1259 eadem
3285 1213 3545 1259 matrona
3579 1219 3715 1259 mo-

2049 1298 2228 1353 nacho
2257 1304 2314 1352 ut
2341 1297 2450 1352 sibi
2469 1305 2523 1353 et
2543 1299 2657 1354 suis
2673 1299 3039 1355 acceleratum
3069 1299 3330 1355 exhibeat
3357 1300 3705 1371 prandium.

2054 1389 2152 1454 Qui
2185 1389 2419 1444 audiens
2445 1406 2566 1461 qum
2587 1390 2949 1459 jubebantur,
3004 1390 3177 1446 nimia
3206 1392 3374 1446 animi
3418 1391 3704 1466 indigna-

2056 1478 2207 1533 tione
2246 1486 2574 1541 commotus,
2617 1487 2678 1534 ut
2720 1487 2839 1535 erat
2885 1480 3189 1547 animosus,
3231 1482 3529 1553 respondit
3582 1497 3703 1535 ne-

2056 1587 2333 1644 quaquam
2366 1587 2425 1625 se
2465 1571 2762 1639 directum,
2814 1578 3091 1642 quatenus
3138 1571 3506 1627 substantiam
3541 1574 3709 1628 ruris

2064 1662 2236 1733 ipsius
2256 1662 2309 1715 in
2338 1662 2607 1717 conviviis
2631 1663 2924 1718 mulierum
2950 1663 3313 1733 expenderet,
3332 1663 3431 1717 sed
3460 1672 3522 1718 ut
3550 1662 3709 1718 ﬁde-

2062 1751 2190 1806 liter
2228 1750 2513 1805 collectam
2558 1751 2640 1805 eis
2669 1751 2767 1822 qui
2812 1766 2872 1805 se
2924 1751 3191 1805 miserant
3243 1751 3537 1825 dirigeret,
3591 1768 3703 1806 nec

2060 1840 2522 1895 consuetudinem
2566 1838 2852 1909 imponere
2911 1838 3032 1894 loco
3066 1837 3204 1893 velle
3255 1854 3421 1910 quam
3455 1854 3577 1894 non
3609 1838 3700 1894 in-

2061 1932 2325 1988 venisset.
2348 1931 2463 1996 Qua
2494 1930 2861 2000 responsione
2891 1929 3174 1985 contemni
3198 1945 3322 1984 sese
3355 1930 3564 1984 mulier
3595 1947 3699 1985 au-

2063 2030 2302 2091 tumans,
2333 2023 2631 2078 furibunda
2688 2022 2937 2077 recessit.
2975 2022 3211 2092 Imperat
3257 2037 3390 2095 ergo
3419 2022 3704 2095 Ansegiso

2066 2114 2290 2170 Brutnio
2330 2115 2423 2186 qui
2456 2129 2652 2169 eorum
2686 2113 2932 2169 locorum
2982 2112 3052 2167 ab
3092 2112 3214 2183 ipsa
3244 2112 3697 2168 dominationem

2064 2215 2371 2278 acceperat,
2421 2213 2697 2278 quatenus
2727 2204 2998 2277 quidquid
3050 2204 3167 2259 vini
3196 2204 3301 2259 sub
3334 2204 3462 2273 jure
3494 2220 3701 2259 mona-

2065 2299 2293 2354 chorum
2351 2298 2669 2369 reperisset,
2718 2296 2983 2367 plaustris
3026 2295 3322 2367 imponens
3360 2296 3699 2361 deveheret,

2065 2394 2120 2444 et
2157 2404 2257 2444 suo
2311 2387 2533 2443 cellario
2584 2387 2929 2442 reconderet.
2989 2386 3087 2441 Hic
3118 2386 3410 2456 praeceptis
3440 2385 3693 2440 dominae

2064 2477 2331 2533 velociter
2356 2476 2665 2532 obaudiens
2691 2475 2960 2531 vehiculis
2982 2474 3168 2529 vinum
3205 2474 3464 2545 imponit,
3498 2482 3557 2529 et
3584 2474 3702 2529 suis

2068 2565 2274 2620 inferre
2306 2574 2563 2635 preperat
2601 2562 2911 2634 apothecis.
2960 2564 3024 2618 At
3064 2578 3409 2634 nequaquam
3444 2562 3544 2617 diu
3582 2579 3687 2637 ga-

2067 2658 2214 2712 visus
2235 2665 2337 2711 est.
2361 2656 2608 2726 Denique
2625 2654 2776 2710 ﬁlius
2797 2655 2919 2726 ejus
2937 2654 3238 2710 admodum
3265 2669 3491 2724 parvus,
3519 2669 3694 2721 quem

2067 2747 2230 2801 unice
2285 2745 2572 2820 diligebat,
2622 2760 2746 2799 mox
2803 2750 2862 2798 ut
2901 2743 3145 2814 plaustra
3189 2741 3333 2796 fores
3382 2742 3697 2814 attigerunt

2072 2836 2291 2903 domus,
2336 2843 2445 2890 tam
2488 2834 2685 2889 validis
2729 2832 2978 2888 febribus
3008 2832 3193 2904 urgeri
3235 2831 3402 2902 ccepit
3461 2839 3522 2886 ut
3554 2848 3697 2902 pene

2071 2928 2309 2983 animam
2342 2927 2644 2982 exhalaret.
2680 2928 2744 2981 At
2800 2926 2883 2979 vir
2912 2924 3007 2978 ille
3039 2940 3387 2996 nequaquam
3436 2924 3702 2978 haesitans

2071 3021 2176 3075 hoc
2207 3017 2564 3074 infortunium
2625 3017 2732 3070 sibi
2776 3014 3052 3082 accidere,
3114 3030 3181 3070 eo
3242 3013 3393 3086 quod
3441 3012 3702 3067 nefandis

2070 3112 2307 3168 dominae
2324 3109 2493 3181 jussis
2514 3107 3173 3180 obtemperasset,vinum
3204 3105 3472 3170 reddidit,
3490 3113 3544 3159 et
3567 3105 3701 3176 quia

2068 3208 2232 3263 stulte
2261 3206 2465 3281 egisset
2494 3219 2913 3276 recognoscens.
2952 3217 3051 3273 pro
3091 3216 3192 3256 suo
3226 3201 3429 3255 delicto
3461 3199 3693 3254 satisfe-

2070 3296 2165 3351 cit.
2194 3296 2521 3366 Patremque
2559 3291 2922 3348 Benedictum
2955 3307 3055 3363 pro
3088 3290 3246 3362 pueri
3284 3289 3465 3344 salute
3493 3289 3693 3343 oravit.

2073 3388 2241 3452 Quem
2273 3387 2396 3458 pius
2412 3387 2571 3440 Pater
2591 3384 2973 3456 pwnitentiam
3004 3383 3177 3455 ipsius
3203 3389 3502 3452 acceptans
3515 3396 3690 3436 exau-

2069 3476 2244 3543 divit,
2296 3483 2351 3531 et
2408 3491 2637 3546 puerum
2705 3474 2760 3529 in
2824 3473 3112 3544 pristinam
3174 3471 3462 3526 sanitatem
3524 3470 3691 3525 resti-

2071 3572 2171 3627 tuit
2202 3571 2357 3643 (38)..

2067 3825 2342 3898 Ludovico
2394 3839 2543 3898 rege,
2594 3822 2806 3898 Joanne
2827 3820 3245 3898 Aurelianensi,
3287 3825 3343 3873 et
3382 3819 3685 3898 Humbaldo

2068 3892 2537 3952 Antissiodoreﬁsi
2592 3893 2898 3965 episc0pis;
2954 3892 3263 3965 Christiano
3304 3892 3687 3965 quoqueiejus

2068 3969 2175 4025 loci
2229 3967 2522 4034 monacho,
2582 3963 2677 4037 qui
2735 3981 2849 4037 rem
2908 3963 3105 4037 litteris
3161 3964 3466 4037 mandavit,
3509 3964 3691 4033 aitque

2070 4040 2265 4096 factam
2299 4055 2423 4094 esse
2458 4045 2570 4092 tum
2601 4033 2947 4091 electionem
2981 4033 3216 4090 Bosonis
3248 4034 3464 4088 abbatis
3491 4049 3558 4089 eo
3586 4049 3686 4089 no-

2077 4112 2223 4165 mine
2279 4110 2512 4165 secundi
2556 4109 2612 4163 in
2665 4109 2848 4164 locum
2883 4106 3143 4175 Simonis,
3182 4105 3275 4178 qui
3321 4106 3515 4176 paucis
3566 4113 3687 4160 ante

2076 4183 2272 4238 diebus
2300 4182 2529 4237 obierat.

358 4330 3670 4364 ___——_____._——_____—__———.——I———_———

1686 4528 2373 4632 APPENDIX

1119 4703 1168 4759 A
1198 4703 1576 4759 Bollandz'am's
1602 4703 1788 4771 fusior
1816 4702 2016 4758 addita
2042 4718 2110 4758 ea:
2137 4719 2238 4758 ms.
2280 4701 2458 4758 codice
2487 4700 2896 4757 Patriciacensi.

432 4906 482 4958 1.
535 4902 801 4973 Tempore
832 4900 1079 4957 Gauzlini
1119 4901 1505 4974 gloriosissimi
1536 4900 1707 4956 Patris
1734 4917 1799 4956 ac
1826 4902 1973 4956 Bitu-
1997 4903 2056 4972 ι)
2077 4901 2180 4957 bus
2206 4900 2413 4974 perfrui
2443 4899 2599 4969 cujus
2629 4904 2785 4954 erant
2814 4895 3066 4953 doctrina
3095 4899 3149 4948 et
3171 4889 3491 4965 magisterio
3519 4889 3687 4946 infor-

359 4993 658 5072 ricensium
707 4992 1142 5063 archiprzesulis,
1182 4992 1337 5047 multi
1379 4991 1645 5047 nobilium
1675 4990 1974 5045 mundialis

358 5085 481 5142 vitae
521 5084 683 5157 nugis
707 5084 1020 5160 abnegatis,
1077 5084 1133 5138 in
1184 5084 1431 5154 palaestra
1459 5083 1624 5151 hujus
1650 5082 1756 5138 loci
1792 5081 1886 5137 Dei
1920 5091 1974 5137 et

359 5177 577 5234 Domini
602 5176 773 5233 nostri
799 5192 859 5231 se
889 5176 1095 5231 dedere
1121 5175 1316 5232 ditioni
1339 5176 1443 5230 sub
1465 5175 1749 5246 preposito
1771 5181 1972 5229 sancta:

360 5271 665 5347 religionis.
724 5271 835 5326 Nec
885 5271 1068 5325 minus
1106 5270 1271 5325 etiam
1325 5269 1392 5324 ab
1423 5268 1638 5325 extimis
1697 5267 1971 5339 Hispanias

360 5363 697 5431 secessibus,
726 5363 819 5417 alii
861 5379 892 5417 a
922 5378 1094 5433 puero
1126 5362 1181 5416 in
1213 5362 1401 5417 divina
1433 5361 1818 5417 observatione
1844 5374 1971 5414 enu-

362 5457 496 5525 triti,
561 5456 655 5512 alii
708 5456 864 5526 apice
918 5454 1210 5526 pastoralis
1264 5470 1411 5510 curse
1457 5453 1760 5519 sublimati,
1804 5450 1978 5523 patria

363 5546 646 5615 rebusque
671 5545 963 5612 abdicatis,
996 5544 1345 5615 praesentiam
1379 5545 1594 5615 petiere
1623 5543 1786 5612 hujus
1818 5541 1974 5612 prin-

364 5634 505 5708 cipis
533 5634 651 5700 Dei,
681 5636 866 5708 magni
894 5636 1293 5702 existimantes,
1322 5636 1369 5690 si
1418 5635 1609 5691 liceret
1653 5632 1968 5705 conspecti.

2077 4994 2227 5049 mati.
2290 4993 2519 5048 Videres
2572 4989 2969 5046 conﬂuentium
3031 4984 3253 5060 agmina
3319 4981 3684 5052 undecunque

2075 5103 2427 5152 concurrere,
2480 5091 2535 5139 et
2563 5092 2822 5154 tanquam
2863 5095 2976 5135 uno
3006 5093 3100 5134 ore
3131 5076 3480 5148 proclamare
3529 5074 3678 5129 illlud

2075 5176 2265 5232 nobile
2295 5174 2612 5230 vaticinium
2646 5172 2829 5227 Isaiae:
2884 5175 2923 5223 A
2956 5169 3158 5239 ﬁnibus
3182 5171 3347 5221 terrae
3375 5164 3684 5219 audivimus

2074 5267 2281 5329 laudes,
2309 5266 2537 5332 gloriam
2568 5264 2709 5333 justi
2737 5262 2888 5332 (Isai.
2920 5275 3070 5321 xxrv,
3109 5256 3218 5327 16).
3252 5254 3315 5308 Et
3344 5251 3680 5307 Psalmistaa:

2079 5355 2295 5411 Etenim
2326 5353 2736 5407 benedictionem
2767 5348 2920 5402 dabit
2947 5345 3224 5414 legislator
3261 5341 3430 5413 (Psal.
3474 5356 3686 5412 LXXXI",

2077 5445 2155 5516 8).
2200 5441 2362 5511 Cujus
2412 5438 2819 5495 benedictionis
2847 5442 2905 5489 ut
2952 5433 3303 5507 participium
3349 5436 3688 5486 mererentur

2077 5535 2300 5606 quidam
2330 5533 2439 5588 duo
2469 5529 2744 5607 germani,
2781 5533 3001 5582 nectare
3043 5524 3171 5581 tacti
3221 5538 3478 5594 superna:
3524 5522 3685 5593 inspi-

2076 5630 2303 5687 rationis
2332 5645 2362 5683 a
2394 5626 2700 5684 Barcinona
2731 5624 2866 5679 urbe
2898 5620 3151 5694 profecti,
3206 5616 3527 5675 communis
3561 5632 3680 5689 pro-
