3932 6040
195 110 223 165 1
236 108 350 167 237

1368 114 1706 171 MIRACULA
1745 116 1972 173 SANCTI
2014 117 2381 175 BENEDICTI.

3402 120 3545 177 1238

197 240 437 298 tectoris
464 241 639 298 nostri
665 246 1078 300 sacrosanctum
1106 244 1357 300 unanimi
1386 253 1514 302 voto
1544 247 1827 318 expetiere
1854 252 1905 319 Α
1933 250 2184 308 ecclesiae
2211 250 2369 323 equis
2397 266 2429 307 a
2453 248 2587 306 foris
2607 247 2852 322 frelictis,
2883 249 3105 318 dicens;
3137 250 3337 308 Sancte
3365 252 3542 309 Bene-

199 329 504 385 tumulum.
541 329 783 396 Quorum
814 346 985 400 unus,
1036 331 1263 389 nomine
1305 333 1570 403 Joannes,
1610 336 1666 389 in
1709 350 1832 392 mo-

199 421 457 477 nasterio
514 421 727 478 Sancta:
757 422 855 478 Dei
903 422 1212 494 Genitricis,
1264 435 1634 500 cognomento
1674 428 1832 483 Rivi-

202 514 484 587 pollensis
543 514 668 585 (39),
710 530 744 570 a
808 515 1045 588 pueritia
1099 517 1272 573 sacris
1331 518 1574 575 imbutus
1614 520 1834 589 litteris,

206 612 420 684 pedum
439 619 817 684 promeruerat
837 628 982 670 cura:
1014 615 1326 686 pastoralis,
1359 616 1573 673 scilicet
1598 617 1837 674 abbatiaa

205 701 432 757 Sanctae
485 700 713 756 Caecilia;
766 702 999 778 virginis
1038 710 1094 759 et
1149 705 1424 777 martyris,
1474 706 1595 761 sitae
1632 706 1692 761 in
1740 721 1836 762 cu-

199 793 432 862 jusdam
454 793 661 851 vertice
686 794 923 862 montis;
956 795 1097 851 alter
1117 812 1274 866 vero,
1303 797 1574 855 vocabulo
1602 799 1838 855 Bernar-

206 884 341 951 dus,
402 900 434 939 a
471 883 787 957 quibusque
840 884 1114 941 nobilium
1159 886 1262 942 sub
1315 886 1575 943 tirocinio
1626 888 1836 944 militiae

206 973 498 1029 saecularis
528 981 615 1030 est
647 974 970 1042 instructus,
997 975 1118 1044 sed,
1164 977 1347 1048 quoad
1376 977 1640 1048 possibile
1668 977 1830 1045 laico,

208 1066 331 1121 Deo
361 1065 636 1122 subditus.
671 1065 773 1133 Qui
810 1066 1061 1123 ﬂorentis
1090 1067 1302 1123 militiae
1334 1069 1566 1141 abjectis
1592 1069 1831 1139 deliciis,

209 1156 485 1228 quodque
527 1156 824 1214 mirificum
878 1167 982 1225 est,
1024 1157 1183 1214 taedis
1214 1158 1563 1230 nuptialibus
1607 1160 1831 1231 Spretis,

210 1247 493 1320 ignesque
523 1245 691 1301 animi
724 1247 852 1321 igne
889 1262 1161 1319 superans
1200 1263 1454 1319 supernae
1484 1249 1830 1321 contempla-

210 1338 409 1407 tionis,
461 1354 586 1395 cum
628 1339 855 1411 proprio
882 1355 1147 1412 germano
1186 1328 1487 1397 Floriacum
1528 1357 1706 1413 usque
1754 1341 1837 1396 lo-

214 1443 370 1493 cum,
402 1437 463 1485 ut
502 1429 847 1502 praelibatum
896 1437 1001 1497 est,
1056 1430 1302 1500 devenit,
1360 1431 1548 1504 ibique
1588 1432 1834 1488 habitum

212 1528 426 1579 sanctae
469 1524 759 1599 religionis
787 1524 1073 1580 humiliter
1111 1526 1387 1598 quaesivit.
1434 1536 1491 1582 et
1521 1536 1837 1583 reverenter

214 1616 492 1689 suscepit.
514 1617 629 1682 Quo
654 1633 752 1688 pro
779 1623 930 1674 certo
947 1617 1220 1674 referente
1242 1618 1623 1694 cognovimus,
1646 1620 1831 1691 quod-
1860 1659 1909 1727 Β

222 1707 342 1727 λῳ
390 1706 698 1727 ,μμιςημ
735 1706 925 1727 LL“:
966 1707 1016 1727 εμ

215 1707 346 1761 dam
383 1706 701 1762 coenobium
735 1706 927 1762 haberi
965 1707 1022 1761 in
1061 1708 1309 1779 partibus
1340 1708 1472 1778 illis,
1504 1709 1745 1764 dicatum
1777 1709 1834 1763 in

215 1796 433 1851 honore
463 1796 626 1866 hujus
656 1795 820 1852 amici
858 1795 978 1864 Dei,
1011 1813 1041 1852 a
1079 1806 1383 1853 memorata
1413 1797 1552 1852 urbe
1578 1798 1686 1853 iter
1707 1814 1834 1870 pro-

215 1891 446 1946 trahens
492 1890 659 1945 unius
693 1889 848 1958 -diei;
911 1890 963 1945 in
1008 1906 1117 1963 quo
1183 1891 1305 1947 loco
1358 1892 1646 1947 innumera
1698 1890 1838 1947 ﬁunt

219 1979 491 2035 miracula
521 1981 590 2034 ad
620 1979 842 2035 laudem
871 1979 1089 2036 Domini
1122 1980 1293 2036 nostri
1327 1980 1458 2035 Jesu
1501 1979 1697 2035 Christi
1737 1996 1838 2051 per

216 2072 418 2128 merita
445 2072 746 2127 beatissimi
775 2071 951 2127 Patris
987 2072 1163 2129 nostri
1200 2072 1505 2136 Benedicti,
1539 2088 1606 2128 ex
1633 2072 1838 2145 quibus

225 2161 423 2233 [pauca
453 2160 591 2234 haec]
628 2161 1000 2237 perstringere
1032 2162 1211 2217 libuit.

291 2257 346 2311 2.
392 2257 563 2332 Igitur
619 2258 843 2330 quidam
873 2234 1159 2330 'praaclare
1222 2258 1425 2315 indolis
1454 2234 1833 2328 ~adolescens,

218 2364 385 2404 secus
411 2348 695 2420 praefatam
728 2349 1009 2405 basilicam
1046 2341 1150 2405 iter
1169 2350 1399 2420 faciens,
1430 2351 1604 2425 gratia
1641 2351 1835 2407 orandi

218 2456 347 2497 cum
386 2440 612 2512 proprio
657 2441 931 2517 armigero
980 2442 1234 2498 devertit.
1280 2442 1451 2499 Porro
1491 2458 1637 2514 pone
1685 2442 1835 2499 fores

294 2626 404 2702 (_39)_
434 2627 709 2702 Hactenus
757 2634 964 2702 perstat
1019 2629 1414 2702 monasterium
1460 2629 1832 2702 Rivipollense

222 2700 324 2755 ord
351 2699 439 2753 nis
500 2699 555 2753 S.
602 2699 889 2755 Benedicti
922 2700 978 2755 in
1032 2700 1328 2769 Catalania,
1390 2702 1547 2769 cujus
1581 2699 1690 2757 loci
1735 2701 1835 2757 fuit

223 2771 448 2825 Enneco
478 2770 657 2848 abbas
674 2771 979 2848 imperante
1020 2772 1296 2848 Ludovico
1318 2775 1583 2848 Augusto,
1612 2780 1670 2828 ut
1695 2789 1831 2828 con-

223 2849 334 2897 stat
386 2858 449 2897 ex
491 2842 692 2898 litteris
718 2844 844 2898 Avae
898 2844 1195 2899 comitissze
1226 2845 1281 2899 in
1330 2842 1447 2899 hch
1473 2845 1668 2899 verba:
1720 2848 1835 2911 Ego

225 2916 341 2968 Ava
397 2916 676 2969 cometissa
729 2919 781 2970 et
828 2916 929 2984 ﬁlii
972 2919 1097 2983 mei,
1164 2919 1229 2972 id
1289 2925 1370 2972 est
1449 2916 1831 2979 Juniofrecus;

224 3000 417 3051 comes,
451 2991 500 3039 et
541 2986 818 3040 Wifredus
846 3003 1036 3055 romes,
1075 2994 1122 3043 el
1155 2988 1347 3044 Ooliba
1391 3003 1578 3055 comes,
1620 2992 1669 3042 et
1699 2986 1833 3041 Miro

223 3058 408 3125 levita,
446 3059 609 3112 simul
637 3058 920 3115 donatores
957 3060 1173 3117 domum
1203 3062 1412 3117 Sanctae
1439 3062 1636 3115 Mariae
1668 3061 1836 3115 silum

1935 339 2106 407 dicte,
2138 339 2239 396 hos
2260 339 2479 395 interim
2508 345 2615 395 tum
2645 341 2930 398 committo
2947 340 3231 404 custodiae,
3256 340 3391 396 sein
3422 356 3547 398 ora-

1934 428 2146 485 tionem
2175 436 2303 484 ante
2352 443 2569 483 sacrum
2615 427 2770 484 dedit
2821 431 3013 486 altare.
3047 431 3299 504 Dumque
3338 430 3549 487 crebris

1935 518 2274 593 singultibus
2305 533 2499 590 preces
2536 516 2719 574 fundit
2759 520 3044 589 attentius,
3087 520 3319 597 contigit
3348 535 3549 593 quem-

1938 612 2063 667 dam
2105 610 2391 667 transitum
2450 609 2667 668 habere
2721 614 2842 683 pari
2906 614 3132 686 quidem
3177 614 3397 681 itinere,
3451 614 3547 670 sed

1939 701 2148 773 dispari
2176 703 2519 774 Operatione.
2549 706 2689 781 Ergo
2718 705 2909 770 miser,
2935 704 3031 760 ubi
3058 704 3337 760 neminem
3369 713 3550 760 custo-

1937 793 2066 849 dum
2101 794 2326 864 reperit,
2364 794 2473 849 vim
2500 794 2710 851 faciens
2745 795 2952 869 aurigae
3006 794 3294 861 invisibili,
3337 794 3549 850 anima-

1937 883 2083 938 libus
2139 899 2264 940 cum
2321 884 2487 939 armis
2540 884 2770 952 invasis,
2823 884 3110 956 cujusdam
3168 884 3400 952 ﬂuvioli,
3458 884 3548 939 cui

1937 988 2141 1029 nomen
2208 973 2559 1049 Lubrigatus,
2610 974 2812 1030 vadum
2880 974 3129 1045 adusque
3187 972 3380 1027 tendit.
3441 972 3547 1027 Sed

1935 1064 2169 1121 demens
2196 1074 2432 1121 caecatus
2461 1065 2708 1137 perﬁdiae
2731 1082 2844 1122 suae
2867 1066 3131 1130 tenebris,
3149 1065 3279 1119 dum
3303 1065 3548 1120 medium

1934 1161 2166 1210 conatur
2194 1170 2328 1210 nare
2384 1156 2638 1229 gurgitis,
2680 1171 2927 1226 praeceps
2967 1171 3135 1210 ruens
3182 1155 3368 1223 undis,
3412 1155 3546 1210 nulli

1934 1245 2075 1301 ultra
2105 1247 2433 1317 comparuit.
2490 1247 2718 1302 Juvenis
2748 1262 2880 1302 vero
2938 1263 2969 1301 a
2997 1247 3202 1317 templo
3232 1247 3546 1321 egrediens,

1937 1338 2066 1392 dum
2100 1337 2206 1391 huc
2232 1336 2470 1408 illucque
2487 1336 2947 1392 oculorumvertit
2972 1336 3169 1402 aciem,
3200 1335 3548 1391 damnihaud

1935 1428 2138 1484 frustra
2187 1427 2505 1499 impatiens,
2557 1443 2682 1483 mox
2738 1434 2797 1482 ut
2834 1427 3223 1482 animadvertit
3251 1427 3550 1483 adversarii

1934 1522 2210 1588 fraudem,
2259 1522 2511 1578 concitus
2549 1522 2746 1594 irrupit
2784 1521 2892 1576 sibi
2944 1520 3213 1577 debitoris
3242 1521 3549 1589 basilicam,

1935 1616 2065 1672 talia
2101 1631 2238 1672 voce
2268 1615 2502 1688 querula
2540 1615 2915 1686 proclamans:
2950 1617 3077 1686 Eia,
3108 1614 3388 1686 inquiens,
3418 1631 3551 1671 san-

1932 1710 2166 1765 ctissime
2199 1708 2501 1775 Benedicte,
2533 1722 2767 1777 quonam
2781 1711 2943 1777 pacto
2970 1722 3150 1777 preces
3207 1712 3255 1760 te
3301 1711 3550 1775 rogantis

1934 1801 2006 1854 ad
2035 1801 2307 1858 Christum
2332 1799 2619 1867 allegabis,
2650 1802 2747 1868 qui
2782 1800 2946 1853 unius
2976 1799 3346 1868 quadrupedis
3373 1803 3550 1854 custos

1936 1909 2047 1949 esse
2074 1894 2362 1964 nequisti?
2401 1890 2643 1947 Obtestor
2706 1906 2813 1946 non
2866 1906 2948 1946 me
2986 1892 3110 1945 hinc
3162 1891 3546 1954 discessurum,

1935 2000 2211 2056 usquequo
2237 1987 2493 2040 restituas
2517 1982 2663 2054 quod
2698 1985 2823 2039 novi
2847 1984 3104 2038 amissum
3134 1986 3233 2038 tua
3273 1985 3551 2051 negligen-

1937 2081 2034 2135 tia.
2080 2078 2203 2133 Haec
2237 2083 2293 2132 et
2323 2077 2407 2131 his
2453 2075 2659 2130 similia
2689 2076 2817 2130 (lum
2849 2074 3100 2147 queritur
3146 2089 3280 2130 voce
3333 2075 3547 2142 sedula,

1938 2169 2213 2241 extemplo
2244 2170 2534 2225 revertitur
2554 2167 2790 2237 raptoris
2819 2166 3034 2237 rapina,
3068 2172 3122 2222 et
3151 2165 3362 2239 absque
3381 2167 3548 2225 ullius

1937 2262 2183 2336 regentis
2224 2261 2447 2317 solertia
2488 2262 2611 2316 loco
2659 2258 2926 2326 constitit,
2959 2274 3070 2331 quo
3126 2257 3328 2328 injuste
3368 2258 3549 2315 fuerat

1935 2353 2135 2408 ablata.
2185 2350 2268 2407 Fit
2308 2351 2568 2407 continuo
2615 2363 2920 2406 concursus
2953 2347 3308 2420 populorum,
3353 2348 3549 2425 ingens

1934 2443 2114 2516 agitur
2137 2441 2423 2516 gaudium,
2455 2447 2558 2496 etc.

1933 2632 1993 2685 in
2020 2633 2278 2685 comitatu
2303 2631 2547 2696 Ausona,
2574 2630 2636 2684 in
2665 2630 2839 2684 locum
2874 2643 3029 2698 quem
3055 2631 3247 2682 vocant
3275 2629 3548 2697 Riopullo,

1934 2702 2009 2755 ad
2048 2703 2361 2771 pradictum
2405 2701 2647 2767 domum,
2689 2702 2787 2770 qui
2833 2702 2911 2755 est
2944 2698 3210 2771 fundatus
3246 2700 3308 2752 in
3355 2700 3551 2756 honore

1934 2770 2132 2827 sancta:
2152 2776 2251 2828 Dei
2275 2775 2532 2841 genitrice
2563 2773 2753 2828 Maria:
2780 2775 3040 2841 perpetua
3078 2770 3322 2837 Virgine,
3354 2772 3437 2825 vel
3476 2772 3552 2826 ad

1935 2845 2124 2899 abbate
2152 2847 2458 2912 Ennegone,
2497 2845 2580 2897 vel
2621 2844 2697 2898 ad
2742 2842 3039 2906 monachis,
3070 2842 3166 2909 qui
3192 2841 3393 2896 ibidem
3447 2845 3550 2898 Deo

1936 2919 2199 2981 Serviunt,
2238 2921 2335 2970 elc.
2387 2916 2665 2984 Scriptum
2706 2931 2782 2969 xu
2821 2914 2942 2970 Kal.
2998 2912 3155 2979 Julii,
3209 2927 3351 2969 anno
3398 2918 3550 2969 sexto

1934 2992 2193 3055 regnante
2217 2988 2485 3043 Ludovico
2514 3001 2636 3056 rege
2648 2987 2763 3058 ﬁlio
2786 2984 2991 3044 Caroli.

772 3436 1685 3566 MIRACULA
1789 3437 1935 3564 S.
2051 3431 2929 3562 BENEDICT
2940 3434 2996 3558 Ι

599 3674 684 3729 EX
735 3673 1021 3730 ANDRE/E
1073 3671 1366 3728 MONACHI
1424 3670 1732 3726 HISTORIA
1784 3669 2070 3726 METRICE
2131 3671 2173 3724 A
2228 3668 2531 3725 RODULFO
2583 3666 2916 3725 TORTABIO
2972 3667 3179 3724 EDITA.

985 3843 1282 3915 (BOLLAND.
1317 3843 1461 3898 Acta
1489 3840 1613 3910 SS.,
1645 3840 1781 3896 Mart
1834 3839 1926 3896 die
1955 3838 2047 3907 21,
2080 3854 2146 3895 ex
2177 3855 2283 3894 ms.
2313 3837 2514 3911 reginae
2544 3838 2795 3908 Suecim)

1417 4381 1421 4384 η
1517 4230 2235 4332 MONITUM

302 4488 640 4560 sequentem
695 4489 1079 4546 Miraculorum
1124 4490 1325 4545 librum
1371 4489 1613 4560 appellat
1650 4489 1865 4560 Boscus
1900 4506 1943 4560 «Α
1966 4483 2227 4560 anonymi
2256 4481 2479 4560 veteris,
2511 4476 2754 4535 auctoris
2788 4476 3011 4560 eruditi,
3037 4474 3311 4558 .monaclti
3344 4473 3550 4560 Floria-

235 4549 445 4634 censis;
484 4581 510 4607 ιι
541 4576 707 4634 quem
732 4560 1069 4634 librumgsine
1092 4562 1334 4634 auctoris
1349 4549 1575 4617 nomine
1591 4560 1647 4634 _i_n
1666 4549 2246 4634 vetustissimocodice
2270 4553 2624 4634 membranae
2643 4550 2888 4634 cinnpbii
2912 4549 3276 4634 Flo‘riacensis
3298 4549 3511 4634 invenit
3524 4561 3544 4634 ξ

237 4631 386 4686 addit
415 4615 601 4687 tamen
634 4615 701 4686 ad
730 4615 1445 4704 captiti?Iibririialiquos
1464 4631 1757 4704 conjicere
1785 4629 2097 4704 Aimojnum
2130 4642 2251 4683 esse
2282 4626 2444 4704 etiam
2462 4624 2711 4704 ejusdem
2742 4621 2868 4704 libri
2898 4625 3204 4704 auctorem:
3233 4616 3379 4704 quod
3401 4615 3549 4704 nullo

235 4704 395 4777 modo
421 4710 605 4777 potest
643 4696 963 4777 subsistere,
990 4705 1121 4777 quia
1150 4720 1281 4777 num
1323 4696 1409 4758 ’22
1443 4696 1598 4757 ἁίοιῖ
1624 4702 1750 4777 libri
1780 4718 1832 4777 iv
1864 4700 2099 4777 refertur
2127 4697 2404 4777 expeditio
2462 4696 2954 4777 Hierpnsqumitana
2983 4696 3203 4777 comitis
3240 4696 3550 4777 Pictavlen:

236 4774 396 4834 sium,
422 4764 571 4830 facta
616 4790 763 4831 anno
796 4764 959 4842 “Ol,
988 4764 1043 4832 et
1068 4792 1220 4831 num.
1253 4776 1319 4831 27
1363 4783 1613 4830 narratur
1659 4773 2007 4829 Floriacense
2052 4764 2368 4825 incendium
2400 4766 2534 4821 anni
2575 4764 2732 4842 1095,
2764 4780 2888 4842 gum
2916 4764 3026 4842 jam
3064 4764 3417 4842 septuaginta
3438 4764 3552 4842 iiut

237 4828 775 4924 octogintaannise
801 4828 958 4924 vivis,
986 4828 1317 4924 éic'é'séisgét
1342 4828 2096 4924 Aimoinus._At_libri_hujus
2116 4846 2411 4924 auctorem
2444 4855 2504 4893 se
2546 4828 2734 4924 prodit
2764 4828 3097 4924 Bodulphus
3122 4828 3553 4924 Toftéﬁg§‘_F|0-

236 4906 494 4973 riacéhsis
535 4919 837 4975 monachus
858 4918 915 4974 in
946 4926 1201 4993 poemate
1229 4918 1304 4974 De
1334 4916 1616 4973 miraculis
1644 4917 1699 4972 S.
1740 4906 2045 4981 Benedicti,
2078 4912 2171 4968 ubi
2200 4911 2394 4966 eadem
2430 4906 2615 4966 omnia
2646 4908 2813 4964 habet
2843 4922 2966 4961 cum
2995 4906 3102 4960 hoc
3132 4906 3440 4975 prooemio‘:

1083 5025 1203 5087 Quae
1230 5036 1403 5091 nuper
1426 5033 1617 5090 prosa,
1649 5020 1833 5091 digere
1870 5016 2117 5091 carmine
2122 5015 2294 5091 gesta,

1160 5086 1631 5149 Claruerifnoster
1658 5105 1774 5160 quae
1800 5086 2051 5156 faciendo
2082 5087 2262 5141 Pater.

304 5193 629 5266 Reperimus
648 5196 756 5251 hoc
780 5209 980 5266 poema
1009 5192 1225 5272 aliaque
1256 5192 1377 5272 ejus
1391 5206 1566 5272 ppera
1591 5187 1740 5272 varia
1761 5187 1817 5242 in
1834 5187 2029 5272 codice
2050 5190 2365 5272 perire-tuam
2396 5182 2602 5258 reginae
2632 5179 2875 5272 Succiae3
2890 5190 3121 5272 nurnepo

241 5246 1577 5337 prb'liaééiiaﬁidi'iiﬁr'iabite};"Jé‘miiabitibug,
1601 5260 1811 5337 aliquot
1839 5246 2106 5337 millibus,
2132 5246 2491 5337 distichorum
2523 5251 2818 5337 conscripti
2845 5251 2915 5306 de
2939 5246 3558 5337 regnistbellii,l‘rjtl‘l'tl-

240 5315 1081 5410 bilisr,'§é'e}?£1bi.§
1106 5315 1177 5393 £6
1211 5315 1496 5400 vitiorum,
1532 5315 1601 5387 de
1620 5315 1922 5403 prudenter
1946 5315 2110 5384 dictis
2146 5336 2202 5383 et
2228 5327 2387 5382 factis
2416 5342 2479 5382 ac
2507 5315 2808 5392 similibus,
2837 5315 3069 5394 quorum
3101 5317 3347 5375 omnium
3370 5315 3558 5388 prolo-

239 5424 360 5483 gum
392 5408 588 5466 damus
612 5427 626 5465 :

1090 5511 1223 5564 Dum
1238 5509 1416 5569 uacat,
1440 5508 1490 5558 et
1518 5504 1662 5557 curis
1691 5516 1835 5557 mens
1862 5487 1969 5556 non
1997 5501 2243 5568 agitatur
2266 5499 2473 5564 avaris,

1160 5580 1294 5634 Dum
1328 5577 1486 5632 lentis
1513 5576 1726 5630 animus
1756 5572 2006 5642 ﬂuctibus
2033 5569 2388 5629 abstrahitur,
