1946 3024
200 75 269 103 1239
703 72 843 100 RADULFI
864 72 968 100 TORTA

1119 72 1186 99 \CH'I
1208 72 1355 100 FLORIAC.
1813 72 1887 99 1240

627 137 714 164 Flores
730 136 762 163 de
780 144 869 164 emus
883 138 992 164 metrico
1005 137 1144 171 decerpere
1157 138 1256 171 pratis.

660 172 758 199 Pollice
772 172 995 205 decrevi,,noster
1008 174 1094 199 amice
1109 173 1169 199 tibi.

625 208 676 235 Hic
691 210 814 242 portento
828 209 885 237 (ibi.
896 210 1036 238 miracula,
1051 210 1154 234 sonmiu
1166 209 1274 242 scripsi,

662 245 767 277 Scripsi
786 244 817 269 (Ιιι
832 245 907 270 rebus
923 245 964 270 hic
984 244 1199 271 memombilibus

625 281 711 310 Recir',
727 287 857 313 ptrrru‘se,
882 283 985 306 versute
1000 281 1072 306 diem
1093 281 1133 306 rel
1146 281 1207 306 acta

661 316 737 347 Diri,
753 324 810 349 quzc
829 317 901 348 furto
915 317 1073 348 contigerint
1092 317 1174 342 rario.

627 352 709 383 Ut'yrs
723 351 759 377 (ul
774 352 887 383 fumum,
905 352 971 384 ()lio,
989 359 1047 385 v/Il'}:
1060 352 1151 385 prium
1166 353 1282 385 poetam,

659 387 743 413 Adsis
756 388 905 421 principiis
922 395 954 413 (ire
970 388 1092 413 Πρω-01η]
1107 388 1180 414 meis.

234 438 428 475 Sequebantur
443 437 567 473 epistolm
583 436 709 464 undecim
724 436 758 463 ad
772 436 870 469 varios,
888 444 1003 472 quorum
1020 437 1108 472 prima
1127 436 1161 463 ad
1177 436 1358 463 Guarnerium
1378 436 1535 464 Burdonem
1546 436 1584 464 sic
1599 436 1718 472 incipit:

623 488 721 521 Accipe
735 487 907 521 descriptam,
923 486 1056 514 Guarncri
1070 487 1171 520 Burdo,
1188 487 1312 520 salutem,

658 524 781 557 Dirigita
797 525 868 550 torta
882 530 963 557 quam
973 523 1024 550 tibi
1039 531 1134 550 nomen
1149 523 1259 550 habens.

197 574 325 602 Secunda
341 577 382 601 est
400 573 434 600 ad
450 573 616 601 Bernardum
628 573 680 600 hoc
695 573 823 601 exordio:

622 626 673 652 P-ro
692 625 804 655 meritis,
817 623 964 656 Bcrnarde,
977 625 1030 650 tuis
1041 624 1090 650 tibi
1109 623 1190 650 verba
1204 623 1303 650 salutis

642 660 761 687 Paucum
773 659 929 694 Rodulphus
949 660 1062 686 adnotat
1074 661 1126 694 ipse
1142 661 1215 686 tuus.

196 712 288 739 Tertio
305 711 365 739 loco
388 710 636 747 lcgebanturiacta
651 709 712 736 Vllit‘
739 709 908 747 etmartyris
923 709 950 736 S.
969 709 1053 747 Mauri
1069 708 1198 747 Africani,
1221 716 1337 747 quorum
1359 708 1481 747 ultimam
1502 708 1663 747 partenrilc
1680 708 1879 747 translatione

196 747 318 782 corporis
333 747 366 774 ad
379 744 535 773 cmiiobium
552 746 723 773 Floriacensc
736 745 823 772 edidit
838 745 939 772 Boscus
954 753 969 771 a
984 745 1084 782 pagina
1097 744 1148 772 3H)
1160 753 1220 772 cum
1245 745 1294 772 hac
1308 744 1431 772 clausula
1447 752 1549 771 annum
1571 744 1650 777 tll7,
1668 752 1723 780 quo
1756 745 1871 779 scripta

198 781 256 811 hinc
271 783 336 815 sint,
353 781 523 818 signiﬁcante
537 790 543 808 :

604 818 698 845 Mauro
711 824 794 849 sacer,
806 817 909 843 meritis
923 817 1022 843 exaudi
1033 818 1092 843 vota
1109 817 1258 850 precantis,

605 853 682 886 Quod
694 852 767 879 dedit
781 853 896 886 exiguus
913 853 1055 879 Torturius
1070 853 1162 886 acoz‘pc
1177 859 1281 882 munus.

606 889 680 915 Mille
699 889 744 914 sui
756 895 857 920 versus,
872 895 921 914 sua
935 888 1042 915 demant
1058 889 1177 915 crimina
1195 888 1268 915 mille
1282 896 1289 914 :

606 924 707 958 Septies
723 925 747 950 et
761 923 885 950 denicum
900 926 1001 951 centum
1017 926 1113 951 caetera
1128 926 1241 958 tergent.

232 979 389 1007 Addebatur
402 979 520 1014 hymnus
537 978 649 1013 saphico
664 978 785 1005 carmine
805 978 839 1005 de
856 979 952 1005 eodem
965 982 1059 1006 sancto
1072 978 1164 1005 Mauro
1181 986 1262 1013 quem
1278 978 1304 1005 in
1321 977 1416 1005 codice
1434 977 1599 1014 Floriaccnsi
1622 985 1671 1012 pro
1685 977 1869 1014 membrana-

198 1024 257 1043 rum
274 1015 411 1043 tenuitate
423 1013 452 1041 et
467 1018 603 1041 vetustate
618 1022 647 1041 sc
673 1022 729 1041 non
749 1014 870 1049 potuisse
895 1014 985 1049 legere
1005 1014 1107 1041 fatetur
1121 1014 1223 1041 Boseus
1247 1022 1308 1050 pag.
1337 1013 1398 1046 352‘},
1420 1013 1467 1050 ubi
1489 1017 1637 1050 auctorem
1668 1013 1765 1050 hymni
1799 1013 1866 1040 facit

200 1051 375 1086 llodulphum
404 1050 618 1077 Floriacenscm:
633 1058 648 1076 a
667 1058 721 1086 quo
738 1058 881 1085 perperam
896 1050 1034 1076 diversum
1051 1050 1199 1076 arbitratus
1212 1053 1253 1076 est
1268 1058 1282 1076 a
1297 1050 1386 1086 Torta,
1411 1049 1470 1075 sive
1488 1049 1621 1086 Tortario,
1639 1049 1691 1086 sub
1718 1049 1801 1086 cujus
1819 1056 1870 1086 no~

195 1088 269 1114 mine
284 1085 372 1114 edidit
387 1086 442 1121 jam
460 1086 561 1113 diutam
574 1086 600 1112 S.
612 1085 696 1112 lllauri
709 1086 927 1112 translationem.
940 1085 1037 1113 Ultimo
1053 1085 1174 1120 denique
1187 1086 1247 1112 loco
1261 1085 1435 1112 habebantur
1448 1088 1519 1116 acta,
1530 1085 1705 1121 translatioet
1716 1085 1867 1111 miracula-

196 1124 222 1150 S.
245 1120 397 1156 Benedicti,
412 1129 528 1157 quorum
545 1121 632 1149 moles
649 1121 731 1148 nimia
752 1121 877 1156 impedit,
893 1129 949 1156 quo
962 1121 1053 1148 minus
1067 1121 1111 1148 hic
1124 1121 1232 1148 demus.
1251 1121 1351 1148 ltorum
1367 1121 1497 1158 prologus
1513 1120 1549 1147 ita
1566 1120 1677 1156 incipit:

604 1170 713 1205 Accipe,
729 1171 766 1196 mt'
787 1170 873 1202 Iv'ulco,
887 1170 938 1197 tibi
951 1177 1010 1204 qum
1026 1170 1185 1197 tetrasticha
1199 1171 1295 1202 mitto;

641 1206 816 1238 Legtslatoris
824 1207 929 1240 perlege
944 1208 1019 1239 gesta
1033 1207 1133 1233 Patris.

604 1242 666 1269 Haec
680 1242 730 1269 tibi
736 1242 857 1276 jucunda
867 1243 965 1276 scripsi
974 1242 1132 1276 Rodulphus
1147 1242 1241 1268 amico.

643 1279 676 1305 Ut
695 1280 743 1305 tua
756 1278 790 1305 sit
804 1279 903 1305 nostris
917 1279 1015 1305 mentio
1027 1279 1103 1311 facta
1116 1278 1204 1304 libris.

231 1328 267 1354 Ex
282 1327 335 1355 hoc
347 1330 475 1362 poemate
491 1327 588 1354 damus
602 1327 701 1354 librum
714 1331 838 1362 quartum
854 1327 1048 1354 miraculorum
1070 1335 1140 1359 xui,
1158 1335 1219 1362 quae
1231 1330 1311 1354 antea
1325 1326 1446 1353 Andreas
1458 1327 1610 1354 monachus
1626 1326 1718 1354 soluto
1734 1334 1864 1356 sermone

194 1367 401 1399 composuerat;
416 1367 443 1390 et
455 1363 588 1390 hactenus
605 1371 738 1398 nusquam
753 1363 916 1397 reperimus.
938 1363 1105 1390 Mentioncm
1122 1364 1204 1398 hujus
1223 1363 1339 1390 Andreae
1359 1362 1424 1399 facit
1438 1362 1599 1397 Rodulphus
1611 1363 1755 1389 Tortarius
1773 1362 1821 1389 lib.
1836 1375 1862 1398 γ,

196 1398 263 1435 cap.
275 1399 320 1432 35,
337 1399 379 1426 his
394 1399 502 1436 verbis:
521 1410 533 1436 ᾳ
558 1399 586 1436 ln
601 1399 771 1436 castellionis
784 1398 886 1436 Patris
898 1399 984 1436 ipsius
1008 1407 1063 1436 non
1078 1399 1176 1436 exigua
1194 1399 1331 1436 portione,
1356 1398 1403 1436 ubi
1418 1398 1516 1436 beatus
1529 1398 1679 1436 confessor
1706 1398 1864 1427 Possennus

194 1434 240 1471 (de
257 1443 311 1470 quo
327 1439 354 1462 et
369 1435 492 1462 Andreas
506 1435 623 1470 plurima
640 1434 666 1461 in
681 1434 737 1461 suis
753 1434 846 1471 retulit
861 1434 951 1471 dictis)
976 1434 1348 1471 multa....7.'70mnipotentis
1367 1434 1505 1469 clcmquia
1520 1434 1691 1461 demonstrat
1714 1435 1861 1464 miiacula.

194 1469 324 1499 Succedit
344 1471 445 1498 deinde
461 1469 574 1507 quintus
585 1471 655 1497 liber
668 1470 873 1503 miraculorum,
890 1470 924 1497 ab
940 1469 1037 1497 eodem
1057 1469 1203 1505 ttodulpho
1219 1470 1403 1505 conscriptus.
1426 1480 1438 1495 η

593 1605 956 1654 MIRACULA
997 1606 1046 1655 S.
1092 1606 1220 1656 BEN
1234 1606 1460 1655 EDICTI

192 1717 256 1749 Quae
273 1716 369 1743 tibide
380 1716 465 1752 gestis
476 1716 621 1752 scripsisse
637 1716 774 1752 stupenda
789 1716 911 1752 paternis
1010 1719 1034 1752 Α
1084 1717 1115 1743 Et
1135 1716 1196 1743 vita:
1213 1715 1296 1743 finem
1317 1715 1496 1751 consequeris
1512 1715 1641 1743 celerem.

228 1761 331 1788 Dicitur
350 1761 481 1794 Andreas,
500 1761 590 1788 listula
605 1766 698 1788 nostra
713 1765 798 1789 notat.
1048 1763 1109 1796 Cur,
1127 1762 1244 1795 Giralde,
1267 1762 1351 1797 patris
1367 1762 1461 1789 hostes
1476 1769 1525 1797 per
1549 1762 1624 1789 lucra
1640 1762 1725 1789 tueris
1738 1761 1752 1788 ?

190 1806 223 1834 At
242 1806 369 1833 Lemovix
383 1806 502 1841 populus
518 1806 633 1834 feriente
649 1807 703 1835 Deo
715 1810 855 1842 pateretur
1084 1809 1128 1836 Est
1141 1813 1289 1844 conspecta
1303 1809 1352 1836 tibi
1366 1808 1443 1844 virgo
1460 1808 1507 1836 Dei
1525 1808 1661 1845 genitrix:

227 1853 320 1889 Ignem
337 1852 402 1879 dum
418 1861 535 1886 sacrum,
552 1853 598 1880 dat
617 1853 669 1880 sibi
685 1853 844 1887 consilium,
1048 1855 1143 1890 Arguit
1157 1855 1226 1890 ipsa,
1242 1862 1307 1881 suos
1323 1853 1424 1881 tuearis
1438 1862 1486 1881 cur
1499 1854 1638 1887 inimicos,

190 1898 278 1925 Patris
294 1898 425 1934 reliquias
441 1898 500 1925 urbi
521 1904 628 1935 gestare
643 1900 779 1926 verendas
793 1908 800 1932 ;
1084 1902 1154 1929 Uxor
1167 1910 1228 1929 cum
1243 1902 1313 1929 natis
1328 1901 1429 1929 occidit
1442 1901 1495 1928 Eva
1511 1901 1576 1929 tuis.

226 1945 304 1977 Quod
320 1949 465 1980 postquam
483 1944 557 1979 fecit,
574 1945 658 1981 pestis
672 1945 765 1981 iniqua
780 1946 859 1981 perit.
1048 1947 1093 1973 Est
1104 1945 1202 1973 domus
1214 1946 1305 1981 ampla
1319 1946 1387 1981 patri
1400 1946 1452 1973 sita
1468 1954 1539 1982 pago
1556 1947 1769 1978 Barcinonensi,

189 1991 261 2018 Vidit
277 1991 341 2017 dum
358 1990 487 2017 feretrum
505 1991 568 2018 ferri
582 1991 744 2018 muliercula
757 2000 876 2025 sacrum,
1083 1991 1162 2026 Saepe
1179 1993 1291 2018 vocatus
1307 1990 1354 2018 ubi
1373 1990 1450 2026 plura
1465 1990 1604 2026 stupentia
1620 1990 1693 2018 facit.

225 2035 289 2066 Quae
305 2038 445 2062 contracto
458 2035 592 2069 pedesire
608 2035 740 2071 nequibat
755 2035 815 2069 iter,
1047 2036 1076 2063 In
1087 2044 1141 2071 qua
1163 2040 1250 2063 turma
1267 2035 1320 2062 Deo
1332 2035 1478 2062 famulatur
1493 2035 1590 2062 sedula
1605 2035 1724 2067 Christo,

189 2081 265 2109 Infit:
281 2081 379 2109 Sancte
393 2081 481 2114 Pater,
498 2081 520 2108 si
533 2089 654 2117 possem,
671 2085 696 2109 te
712 2081 869 2115 comitarer,
1080 2081 1185 2109 Gaudet
1201 2081 1330 2116 praesidio
1347 2084 1403 2115 tua,
1422 2083 1548 2116 patrone,
1567 2085 1630 2114 tuo;

223 2128 255 2156 Et
268 2127 342 2163 quod
355 2127 479 2163 deposcit
492 2135 603 2162 prorsus
618 2127 645 2154 id
658 2127 788 2155 obtinuit.
1046 2129 1101 2156 [lue
1120 2132 1246 2157 oraturus
1260 2128 1394 2156 successit
1409 2128 1488 2155 miles
1503 2128 1616 2161 amicus,

187 2173 284 2201 Mentis
298 2181 385 2209 eques
398 2181 489 2209 pravae
504 2173 555 2200 zeli
569 2173 746 2200 succenditur
761 2173 838 2209 igne:
1080 2176 1158 2202 Extra
1172 2174 1303 2209 dimissis,
1318 2175 1408 2202 donec
1423 2174 1520 2208 abiret,
1537 2174 1625 2209 cquis.

222 2220 345 2255 Namque
359 2228 437 2247 suum
454 2219 566 2246 fratrum
582 2227 631 2254 per
645 2225 704 2246 sala
719 2219 791 2246 laxat
801 2227 920 2255 equum:
1045 2223 1096 2250 Fur
1109 2223 1180 2257 rapit
1195 2223 1245 2249 hos
1258 2222 1355 2249 avide:
1381 2221 1471 2249 vicino
1487 2220 1621 2257 mergitur
1632 2228 1730 2254 amne;

186 2265 530 2301 Dumquesecusstagnum
539 2267 679 2299 properat,
692 2263 886 2291 submersusin
897 2272 992 2297 unum,
1080 2267 1198 2294 Perdere
1212 2274 1281 2302 quos
1297 2266 1395 2298 timuit,
1408 2265 1489 2293 miles
1503 2273 1590 2301 equos
1605 2265 1715 2301 recipit.

221 2314 270 2341 Vix
283 2322 369 2350 eques
385 2314 482 2347 evasit,
497 2317 524 2340 at
540 2313 653 2348 sonipes
670 2313 761 2348 periit.
1045 2315 1183 2343 Classibus
1198 2314 1304 2343 advecti
1319 2317 1470 2349 properant
1489 2313 1554 2340 illuc
1568 2313 1696 2350 Agareni,

187 2360 314 2392 Quaedam
325 2360 435 2396 spiritui
451 2360 540 2388 fuerat
559 2368 691 2387 concessa
707 2360 828 2395 procaci,
1003 2360 1028 2393 Β
1076 2360 1215 2392 Quatenus
1232 2359 1295 2396 igne
1311 2361 1445 2391 crement,
1464 2358 1548 2385 rebus
1561 2361 1589 2385 et
1608 2357 1789 2393 exspolient:

221 2407 306 2434 lllatis
317 2407 385 2443 patri
402 2406 519 2443 perfurit
533 2406 579 2433 ille
595 2406 711 2441 probris.
1043 2405 1168 2433 Fundere
1180 2405 1243 2432 vina
1258 2406 1363 2438 volunt,
1376 2404 1478 2439 glacies
1491 2403 1568 2439 quasi
1584 2403 1651 2430 dura
1666 2403 1813 2440 rigescunt
1831 2414 1837 2432 :

185 2453 303 2487 Dejerat,
319 2454 433 2481 obsessa
448 2461 477 2481 se
498 2461 553 2481 non
567 2453 641 2480 exire
658 2453 759 2488 puella.
1079 2450 1153 2487 Ignis
1163 2453 1190 2477 et
1205 2450 1321 2484 injectus
1336 2451 1434 2484 sponte
1450 2456 1499 2475 sua
1512 2447 1636 2475 moritur.

221 2498 278 2525 Sed
291 2498 423 2536 fugiendo
438 2498 533 2535 gemit,
550 2501 631 2533 atque
644 2497 781 2535 gemendo
799 2497 879 2535 fugit.
1044 2496 1207 2523 lndicathos
1223 2494 1320 2521 molles
1329 2497 1356 2521 et
1371 2493 1454 2521 mittit
1466 2496 1521 2520 tres
1535 2492 1682 2525 truciores,

185 2545 347 2580 Hanulphus
363 2544 475 2572 crebras
491 2544 615 2571 inhiabat
629 2544 766 2579 prendere
782 2544 899 2580 priedas,
1078 2543 1188 2570 Miratur
1198 2549 1282 2577 quare
1298 2540 1344 2568 ﬁat
1360 2544 1387 2568 et
1402 2540 1446 2567 his
1462 2539 1570 2566 simile:

220 2591 346 2623 Quodam
360 2591 406 2618 die
420 2599 485 2619 vero
505 2590 569 2618 fecit
587 2594 616 2618 ut
630 2591 756 2618 assidue:
1040 2587 1114 2615 Unus
1127 2587 1174 2623 qui
1185 2594 1290 2613 sacram
1306 2585 1434 2613 demoliri
1449 2584 1524 2620 cupit
1540 2591 1625 2617 aram,

183 2638 301 2666 Prandia
316 2638 351 2665 de
368 2638 494 2673 lacrymis
510 2637 652 2665 viduarum
665 2638 739 2674 larga
755 2638 867 2673 paravit,
1074 2635 1159 2662 Ictum
1173 2634 1238 2661 dum
1254 2633 1346 2667 librat,
1356 2641 1385 2659 se
1402 2631 1528 2659 feriendo
1545 2634 1636 2658 necat.

219 2685 310 2712 Prima
323 2685 376 2712 sibi
388 2685 481 2712 fauces
495 2684 613 2712 obstruit
627 2683 679 2712 otl‘a
695 2687 795 2711 truces.
1044 2681 1164 2708 Clericus
1174 2684 1284 2707 erectus
1299 2687 1348 2706 sua
1359 2678 1432 2706 domi
1450 2686 1533 2713 prava
1544 2681 1683 2713 precatur,

183 2731 299 2764 Praedia,
316 2731 437 2764 Gauteri,
459 2730 523 2766 quia
538 2731 621 2763 tollis,
633 2730 767 2758 dremonis
783 2730 832 2757 atri
1078 2726 1145 2753 Dum
1162 2733 1246 2760 super
1260 2725 1335 2751 hunc
1352 2724 1445 2751 volitat
1460 2730 1564 2758 passer,
1580 2722 1607 2749 in
1628 2730 1675 2749 ore
1692 2725 1781 2749 cacat.

218 2774 323 2801 Turbas
334 2775 472 2810 exsequiis
491 2775 582 2802 cernis
598 2775 692 2802 adesse
714 2774 777 2802 tuis.
1042 2774 1119 2802 Jurat
1139 2773 1183 2800 hic
1196 2773 1295 2799 iratum
1311 2780 1340 2799 se
1361 2771 1443 2807 patri,
1458 2770 1516 2797 sitit
1530 2769 1663 2797 inultum:

184 2819 333 2847 Monachus
344 2828 374 2847 es
390 2820 489 2853 factus,
504 2821 608 2848 dudum
622 2821 788 2857 cognomine
804 2821 903 2854 dictus,
1078 2819 1235 2847 Visceribus
1250 2818 1354 2852 multis,
1367 2826 1429 2845 mox
1445 2816 1502 2845 avis
1513 2816 1560 2844 illa
1576 2816 1638 2844 ruit.
