3932 6040
297 188 426 243 1241

291 314 349 366 In
382 321 437 364 te
464 305 769 363 veridicum
810 299 1136 370 completur,
1166 297 1398 358 Alarice,
1440 291 1728 362 scriptum,

362 402 478 458 Non
510 396 816 470 impunitus
849 393 1004 448 testis
1031 391 1137 446 erit
1169 389 1460 460 reprobus.

293 491 428 544 Dum
462 493 514 542 te
544 492 682 542 teste
711 499 863 538 suam
897 495 1083 536 comes
1115 477 1351 533 afﬁrmat
1390 474 1506 532 fore
1533 473 1726 529 silvam

370 576 632 633 Effossum
657 587 868 645 querno
901 569 1001 624 ﬂes
1030 568 1252 624 oculum
1284 565 1535 636 scopulo.

301 673 560 741 Corpore,
591 663 887 728 Constanti,
921 662 989 716 de
1031 676 1186 716 sacro
1217 659 1391 729 prode
1424 656 1694 723 Posenni;

366 763 454 816 Bis
483 760 745 823 monitus,
778 756 964 830 ﬂagris
983 754 1141 809 tertio
1167 750 1480 822 corriperis.

294 853 440 906 Visio
471 849 617 921 quod
647 846 858 910 docuit,
890 842 1208 915 compulsus
1241 842 1487 912 pandere
1515 839 1731 912 pandis,

368 944 654 995 Inventum
681 951 834 990 sacro
853 933 1112 989 conditur
1141 932 1194 985 in
1224 930 1457 986 tumulo.

291 1031 473 1087 Pulvis
493 1038 548 1086 tu
583 1028 779 1085 tumuli
807 1027 997 1092 donat,
1033 1023 1322 1097 Tetberga,
1365 1021 1561 1088 saluti;

361 1124 600 1196 Urgebat
621 1120 776 1177 duris
805 1118 1030 1189 Spiritus
1058 1117 1198 1171 hanc
1237 1114 1499 1170 stimulis.

291 1213 495 1278 Pulvis,
527 1220 585 1266 ut
617 1216 699 1265 est
728 1208 962 1274 bibitus,
1006 1205 1320 1260 detruditur
1351 1202 1558 1272 hospes
1588 1199 1833 1273 iniquus,

366 1307 598 1362 Sanctus
619 1303 785 1360 habet
813 1301 1096 1373 preprium
1120 1298 1358 1370 Spiritus
1383 1290 1706 1367 hospitium.

296 1399 505 1470 Templi
529 1413 628 1469 pro
658 1392 1062 1464 foribusjacuit
1091 1407 1190 1462 per
1221 1406 1334 1445 non
1363 1389 1531 1444 breve
1561 1396 1800 1461 tempus,

369 1493 547 1546 Altera
575 1488 874 1546 contractis
904 1501 1076 1558 prona
1106 1484 1317 1539 cubans
1340 1482 1602 1557 genibus:

295 1591 430 1644 Dum
457 1589 680 1643 missam
706 1588 947 1650 caneret,
982 1581 1181 1636 fratres
1212 1595 1371 1636 orare
1404 1589 1676 1645 moneret,

364 1677 675 1747 Presbyter,
716 1673 820 1728 hac
848 1673 984 1727 hora
1013 1687 1144 1725 sana
1174 1668 1232 1723 ﬁt
1261 1668 1473 1740 absque
1496 1684 1669 1724 mora.

291 1766 552 1820 Causatur
581 1767 801 1817 sanctos
845 1759 1006 1815 miles
1045 1759 1161 1814 fore
1193 1758 1619 1824 somniculosos,

366 1855 457 1909 llis
481 1853 600 1908 sine
626 1852 839 1921 jactura
868 1865 926 1904 se
955 1849 1205 1918 rapuisse
1226 1864 1353 1902 sua:

290 1947 549 2003 Traditur
579 1944 670 1999 hic
710 1943 948 2005 Satanae,
981 1940 1041 1996 fit
1079 1957 1272 1994 servus
1301 1939 1444 1994 liber
1472 1937 1540 1994 ab
1571 1939 1764 2008 hoste;

364 2039 603 2094 Stertere
633 2035 916 2100 credebat,
949 2049 1088 2104 quos
1107 2032 1338 2104 vigilare
1367 2032 1582 2102 probat.

294 2135 427 2188 Dum
463 2139 513 2187 te
553 2130 893 2201 mancipium
927 2145 1036 2184 non
1070 2144 1189 2183 esse
1213 2127 1398 2182 fateris
1429 2127 1653 2181 avitum.

364 2222 640 2287 Alberice,
675 2219 840 2274 minis
866 2218 1083 2274 cmlitus
1112 2216 1380 2288 argueris.

290 2315 461 2384 Inque
493 2312 670 2367 volam
713 2309 901 2383 digitis
926 2324 1049 2364 cum
1083 2307 1275 2361 dextro
1307 2305 1508 2376 pollice
1533 2303 1674 2371 ﬁxis,

363 2405 552 2461 Placas
583 2401 846 2459 offensam
872 2403 998 2472 jure
1028 2398 1312 2470 professus
1341 2399 1560 2452 herum.

289 2496 492 2551 Cuncta
521 2497 750 2549 vorante
774 2489 916 2557 foco,
943 2488 1138 2544 Christi
1169 2485 1452 2560 genitricis
1487 2486 1689 2559 imago,

354 2585 527 2659 Ligno
559 2581 774 2652 sculpta
812 2580 958 2645 licet,
981 2579 1306 2632 intemerata
1339 2581 1543 2630 manet.
1699 2639 1707 2645 ‘

281 2675 379 2740 Qui
419 2690 576 2728 sacra
607 2671 924 2736 sustollunt,
957 2684 1014 2722 se
1048 2683 1241 2739 passos
1281 2665 1484 2740 frigora
1516 2666 1810 2740 plangunt,

356 2763 537 2835 Peplis
565 2761 750 2816 illaesis
779 2759 1016 2815 cultibus
1056 2764 1109 2812 et
1140 2757 1322 2811 variis.

289 2856 530 2920 Rustice,
557 2855 686 2909 dum
717 2853 1020 2924 plaustrum
1052 2848 1198 2904 foeno
1225 2847 1456 2902 deducis
1478 2853 1758 2913 onustum,

361 2943 458 2997 Pro
487 2942 664 2997 nihilo
694 2940 971 2996 celebrem
1002 2936 1169 3008 patris
1195 2934 1452 2990 habendo
1484 2936 1653 3003 diem,

288 3036 437 3108 ignis
469 3034 524 3089 in
554 3035 780 3107 exiguas
804 3031 1004 3104 redigit
1028 3037 1119 3084 tua
1152 3029 1397 3100 plaustra
1415 3027 1647 3096 favillas,

356 3127 684 3198 Amittisque
711 3126 903 3196 pedes,
937 3131 1108 3194 tuque
1129 3121 1321 3192 tuique
1352 3120 1541 3176 boves.

285 3217 401 3271 Non
433 3231 574 3286 opus
604 3214 777 3287 ignito
809 3228 997 3268 verum
1037 3211 1357 3264 discernere
1389 3207 1554 3275 ferro,

356 3305 660 3371 Constanti,
695 3304 864 3359 falsus
895 3302 1051 3357 testis
1082 3301 1214 3356 ades
1246 3300 1489 3371 penitus.

283 3400 489 3456 Vesica}
512 3396 777 3467 strepitus
816 3394 1059 3465 disploso
1090 3399 1280 3448 ventre
1301 3391 1616 3463 pudendus,

352 3489 696 3546 Testificatur
732 3504 850 3543 eam
884 3485 1099 3561 legiferi
1127 3484 1419 3540 decimam.

285 3584 419 3637 Dum
453 3588 637 3636 votum
669 3577 899 3648 rumpis,
934 3577 1131 3631 iterato
1163 3575 1372 3630 lumina
1411 3574 1624 3645 perdis,

356 3673 558 3729 Vovisti
599 3687 811 3727 servam
841 3685 967 3742 qua:
1010 3668 1122 3725 fore
1158 3675 1519 3739 perpetuam:

288 3765 476 3818 Denuo
509 3762 606 3818 sed
629 3761 852 3832 recipis,
877 3775 982 3814 nec
1011 3768 1205 3830 postea
1235 3758 1438 3812 lumina
1473 3757 1683 3828 perdis,

360 3852 722 3917 Conscrvans,
745 3857 956 3914 votum,
988 3863 1146 3902 serva
1165 3846 1444 3901 manendo
1475 3854 1650 3901 tuum.

292 3944 548 3997 Imminet
579 3959 607 3995 a
638 3948 793 4014 tergo
826 3938 1124 3993 Landricus
1147 3937 1200 3990 in
1234 3937 1454 4011 agmine
1486 3952 1687 4012 magno

363 4034 530 4086 Intrat
568 4046 667 4102 pro
697 4036 876 4084 castro
905 4043 1028 4080 rura
1070 4027 1238 4098 patris
1255 4026 1437 4081 Geilo:

288 4121 504 4175 Mandat
543 4128 601 4174 ut
643 4119 696 4173 in
729 4119 945 4193 signum
989 4119 1182 4174 reboet
1212 4117 1371 4172 miles
1401 4117 1783 4187 Benedictum,

359 4209 513 4280 Cepit
552 4208 899 4275 Landricum,
925 4208 1168 4278 perdidit
1198 4214 1250 4262 et
1282 4223 1538 4263 cuneum.

287 4299 511 4354 Callaici
536 4297 720 4368 neptis
735 4313 890 4352 sacra
921 4297 1168 4369 praeripit
1199 4298 1335 4352 atria
1365 4297 1559 4368 patris,

357 4389 818 4455 Quz‘cfamulando
847 4407 979 4445 suus
1011 4390 1251 4445 obtinuit
1283 4396 1538 4459 patruus:

288 4487 441 4542 Unde
474 4486 562 4540 die
603 4492 750 4540 certa
775 4485 873 4540 fuit
903 4486 1187 4540 altercatio
1216 4484 1406 4550 multa,

359 4574 597 4646 Paralysi
628 4575 730 4629 sub
761 4591 870 4646 qua
902 4574 1207 4645 percutitur
1228 4575 1449 4628 misera.

288 4671 587 4735 Ingenuum
628 4666 824 4721 clamat
857 4682 935 4732 se,
967 4666 1370 4737 Servitiumque
1403 4674 1637 4732 recusat,

356 4746 577 4810 Stabilis
606 4757 714 4810 hoc
736 4764 893 4810 scuto
927 4754 1160 4825 prodere
1188 4771 1310 4809 eum
1340 4754 1557 4822 baculo,

289 4849 602 4904 l-lumanicis
617 4848 837 4904 obolum
863 4848 1077 4922 religat,
1093 4846 1466 4919 capitisjquasi
1496 4863 1754 4902 censum:

360 4943 568 4999 Excidit
598 4943 1031 4999 enormisinstar
1070 4943 1280 4997 habens
1312 4941 1514 5012 clypci.

286 5035 506 5089 Daemon
548 5031 799 5097 suﬂ’ocat,
835 5031 1031 5100 primo,
1068 5031 1343 5098 Rotberte,
1370 5032 1648 5102 replerat;

353 5124 428 5178 Te
470 5123 632 5178 tellus
663 5120 832 5176 abicit
863 5130 915 5175 et
947 5127 1030 5175 ter
1058 5120 1204 5174 idem
1238 5120 1466 5192 peragit.

289 5214 532 5268 Floriaco
574 5213 756 5267 missu:
777 5211 952 5284 patuit
982 5211 1153 5266 virtus
1176 5210 1253 5264 ibi
1281 5210 1504 5278 chartae,

354 5302 632 5358 Continuit
668 5302 831 5357 tellus
864 5311 915 5355 te
946 5318 1112 5370 super
1142 5301 1244 5355 hac
1271 5299 1450 5370 posita

284 5393 567 5448 Abstraliis
589 5394 826 5449 ecclesia
849 5393 1132 5448 Benedicti
1167 5391 1391 5447 nomine
1426 5407 1578 5447 sacra

358 5482 600 5548 Hostem,
633 5483 850 5538 Gauteri
881 5483 1270 5554 daemonioque
1302 5481 1469 5536 daris.

284 5573 474 5627 Denuo
506 5572 759 5645 purgaris
787 5573 856 5626 de
889 5571 1143 5637 crimine,
1179 5572 1306 5626 dum
1330 5570 1644 5642 resipiscis:

1458 163 1796 223 MIRACULA
1837 159 2064 217 SANCTI
2110 153 2476 213 BENEDICTI.

3491 152 3515 205 1
3525 150 3632 206 242

1933 287 1985 355 Α
2083 281 2216 338 Nam
2244 279 2414 346 laxas,
2438 284 2682 348 captum,
2720 275 2818 330 das
2857 289 3077 348 quoque
3100 275 3447 345 praediolum.

2011 371 2351 448 Mergetibus
2371 386 2586 426 carrum
2615 368 2766 424 ducit
2798 367 3123 422 Guisbertus
3152 373 3433 432 onustum,

2082 464 2273 536 Raptis
2304 479 2336 517 a
2375 469 2538 526 terra,
2567 461 2696 528 dux,
2730 458 3188 526 Benedicte,tua.

2009 554 2127 609 Non
2157 552 2324 608 sentit
2351 549 2624 616 stimulos,
2657 564 2770 604 non
2808 546 3062 613 verbera,
3096 561 3207 602 non
3239 545 3456 601 sonitus
3497 545 3629 601 bos:

2085 647 2220 700 Ante
2252 643 2466 715 nequit,
2494 649 2639 696 retro
2681 641 2846 705 cedit,
2888 654 3030 694 onus
3057 637 3268 694 revehit

2012 735 2302 806 Presbyter
2333 731 2580 787 ecclesiae
2611 729 2863 804 bijugum
2889 728 3042 784 ducit
3066 732 3417 782 memoratae:

2084 824 2295 879 Adsunt
2333 838 2456 877 cum
2491 820 2750 892 plaustris
2777 819 3086 888 etjuvenes
3112 817 3343 881 tumidi;

2014 912 2345 969 Proturbant
2373 911 2663 982 bijugum:
2706 924 2865 963 sacer
2887 915 3074 963 exorat
3104 905 3484 961 Benedictum.

2082 1007 2280 1062 Horum
2315 1019 2441 1059 mox
2472 1003 2776 1074 plaustrum
2808 1006 2912 1055 stat
2941 999 3097 1072 quasi
3130 1015 3290 1053 mons
3318 998 3556 1070 rigidum

2012 1097 2170 1164 Dum,
2204 1092 2426 1160 scribis,
2457 1107 2647 1146 eorum
2690 1089 2846 1145 dcles
2876 1097 2935 1144 ut
2964 1090 3070 1144 vile
3103 1095 3414 1160 paternum,

2084 1188 2254 1242 Littus
2295 1185 2348 1239 in
2390 1185 2682 1239 adversum
2706 1189 2757 1238 te
2789 1182 2979 1238 tremis
3011 1181 3343 1252 expositum.

2008 1277 2340 1336 Damonicis
2359 1275 2546 1350 ﬂagris
2577 1274 2851 1346 torqueris
2882 1273 3110 1328 traditus
3144 1272 3276 1336 illis,

2079 1368 2366 1438 Nunquam
2400 1365 2608 1420 curaris
2634 1363 2836 1418 mentis
2857 1363 3038 1434 inops,
3064 1362 3161 1416 sed
3189 1360 3331 1416 obis.

2014 1463 2255 1520 lncurris
2275 1460 2552 1524 morbum,
2574 1459 2813 1522 Gauteri,
2846 1458 3239 1529 perniciosum,

2083 1556 2265 1611 Audes
2295 1553 2620 1610 commissas
2647 1552 2776 1606 dum
2806 1551 2934 1605 dare
2967 1547 3282 1620 relliquias;

2016 1647 2214 1702 Fassus
2254 1646 2518 1700 delictum
2559 1643 2792 1709 sanaris,
2836 1656 2946 1695 non
2974 1649 3154 1694 tamen
3194 1653 3397 1691 annum

2082 1741 2264 1811 Ipsum
2301 1736 2639 1809 pertransis;
2672 1740 2757 1789 ast
2785 1733 2840 1788 in
2875 1748 2940 1788 eo
2971 1731 3204 1787 moreris

2011 1837 2223 1891 Patrem
2253 1834 2585 1893 subsannas.
2618 1846 2862 1886 messem
2893 1844 3164 1895 resecare,
3193 1825 3449 1881 laboras:

2082 1927 2256 1982 Cazdis
2276 1942 2374 1996 per
2404 1924 2671 1989 medium,
2705 1920 2929 1985 rustice,
2963 1918 3101 1974 falce
3131 1932 3378 1972 manum.

2010 2024 2175 2078 Aiunt
2206 2022 2463 2093 illapsum
2495 2024 2746 2086 cunctos,
2776 2014 3056 2078 animalia,
3099 2013 3424 2083 plaustrum,

2084 2113 2505 2184 Consumpsisse
2545 2111 2724 2167 focum
2756 2117 2956 2165 caetera
2981 2150 2995 2174 ,
3022 2120 3198 2160 necne
3226 2103 3483 2166 domum;

2009 2209 2070 2261 At
2101 2222 2203 2261 nec
2220 2201 2506 2258 dissimilis
2535 2201 2803 2256 Gaulerus
2842 2198 3080 2252 habetur
3105 2196 3159 2250 in
3190 2194 3339 2248 istis:

2082 2296 2228 2350 Visio
2257 2309 2421 2366 quem
2453 2291 2667 2346 monuit
2699 2290 2972 2360 linquere,
3006 2301 3128 2357 quae
3171 2281 3405 2355 peragit,

2009 2383 2240 2456 Vapulat
2275 2379 2580 2446 immensis,
2616 2394 2727 2434 non
2757 2376 2925 2431 sentit
2952 2375 3099 2447 quia,
3132 2371 3346 2444 ﬂagris;

2077 2477 2251 2534 Vicini
2286 2475 2510 2549 proprio
2540 2490 2702 2546 quem
2738 2471 2984 2527 referunt
3012 2468 3080 2523 ab
3105 2483 3260 2540 agro.

2005 2571 2135 2627 Oras
2163 2572 2295 2624 dum
2335 2566 2513 2639 stagni
2544 2564 2694 2619 videt
2715 2561 2952 2633 armiger
2971 2573 3170 2614 ansere
3191 2555 3360 2627 pasci,

2077 2658 2356 2713 Accelerat
2397 2654 2630 2717 frustra;
2673 2651 2990 2706 stimulante
3019 2647 3166 2722 gula,

2008 2751 2171 2820 Urget
2197 2747 2557 2818 cornipedem
2593 2759 2842 2815 prarceps
2875 2739 3178 2796 calcaribus
3195 2751 3398 2790 acrem.

2079 2839 2139 2892 Et
2161 2838 2480 2892 submersus
2507 2834 2665 2905 aquis
2689 2829 3054 2887 intumulatur
3075 2828 3173 2882 eis.

2003 2929 2290 2987 Subtrahis
2336 2925 2580 2982 oblatum
2616 2923 2824 2989 furtim,
2854 2922 3005 2985 dum,
3041 2917 3312 2974 monache
3343 2915 3626 2986 lychnum,

2074 3021 2132 3074 In
2166 3017 2376 3075 somnis
2399 3015 2662 3080 monitus,
2694 3011 2938 3067 restituis
2971 3009 3240 3080 trepidus.

2005 3111 2168 3167 Porro
2197 3110 2315 3164 dies
2339 3123 2437 3178 per
2467 3113 2578 3160 tres
2609 3103 2813 3174 pateris
2840 3117 2938 3173 pro
2971 3099 3200 3156 crimine
3235 3097 3442 3164 febres,

2075 3198 2394 3255 Committas
2423 3211 2556 3250 sane
2585 3211 2654 3248 ne
2695 3200 2887 3264 postea
2910 3188 3108 3245 simile.

2001 3293 2137 3349 Dum
2167 3291 2370 3348 residet
2401 3289 2631 3354 mensis,
2660 3288 2887 3357 inopum
2927 3284 3180 3355 lacrymis
3210 3282 3314 3336 sibi
3349 3280 3544 3352 partis,

2072 3388 2291 3443 Excitur
2313 3401 2525 3441 resonae
2555 3398 2688 3439 voce
2707 3388 2938 3453 repente
2969 3379 3140 3435 tubae.

1999 3479 2246 3536 Accurrit
2285 3476 2457 3548 raptis
2479 3475 2628 3530 celer
2660 3471 3092 3529 Archembaldus
3122 3469 3177 3524 in
3209 3467 3398 3532 armis,

2070 3570 2376 3627 Percutitur
2407 3567 2515 3623 telo
2547 3573 2794 3637 tempora
2820 3563 3128 3620 mortifero.

2003 3665 2109 3720 Res
2126 3679 2291 3719 nova:
2337 3657 2649 3732 percrebris
2678 3657 2952 3712 terebrato
2976 3671 3104 3710 vase
3125 3653 3396 3716 cavernis,

2071 3757 2154 3812 Nil
2183 3755 2297 3810 vini
2330 3759 2536 3819 manat,
2567 3751 2770 3828 frigore
2802 3767 2902 3806 seu
2924 3751 3121 3824 rigeat,

2003 3849 2170 3904 Ardet
2199 3855 2254 3903 et
2285 3845 2473 3920 ignitis
2503 3844 2746 3900 verubus
2780 3843 2921 3898 forat
2953 3842 3158 3913 impius
3183 3839 3378 3904 hostis,

2075 3939 2228 4006 Quod
2249 3938 2500 4010 quamvis
2532 3937 2666 4012 egit,
2701 3935 2774 3989 nil
2809 3941 2992 3989 tamen
3019 3931 3228 3987 elicuit.

2003 4029 2128 4084 Visa
2151 4043 2286 4099 puer
2316 4026 2521 4093 retulit,
2553 4025 2833 4099 genitores
2871 4022 3096 4078 credere
3127 4019 3325 4091 poscit,

2075 4123 2229 4176 lllum
2265 4119 2628 4185 subsannant,
2665 4115 2881 4173 somnia
2910 4114 3044 4170 falsa
3077 4118 3288 4184 putant.

2003 4211 2067 4265 At
2097 4226 2238 4282 puer
2275 4210 2509 4264 assuetis
2533 4222 2738 4278 pronus
2779 4205 3046 4275 reptando
3073 4200 3371 4265 seamellis,

1925 4334 1983 4401 D
2075 4299 2376 4355 Floriacum
2404 4297 2582 4368 petiit,
2613 4309 2807 4364 sospes
2831 4302 2886 4348 et
2916 4292 3044 4346 hinc
3075 4290 3260 4344 rediit.

2001 4396 2148 4451 Alter
2171 4395 2358 4450 adest:
2389 4393 2547 4465 agilis
2574 4406 2810 4462 poscens
2833 4386 3209 4444 modulamina
3229 4384 3400 4448 vocis,

2074 4487 2175 4551 Qui
2206 4486 2383 4541 fuerat
2408 4491 2614 4549 mutus,
2647 4482 2838 4537 matris
2863 4482 2931 4535 ab
2963 4477 3254 4536 uberibus:

2002 4575 2207 4646 Aspicit
2237 4574 2326 4628 hic
2353 4573 2565 4627 niveam
2597 4587 2658 4626 se
2699 4569 3035 4642 compellare
3067 4566 3379 4623 columbam
3406 4583 3420 4631 ;

2074 4664 2210 4730 Quid
2237 4661 2367 4718 velit
2397 4661 2489 4717 ille
2520 4662 2692 4733 loqui,
2727 4661 2860 4715 dicit
2884 4667 2940 4715 et
2966 4657 3218 4714 emeruit.

2000 4753 2212 4808 Tertius
2241 4749 2451 4806 audivit
2479 4750 2604 4804 dum
2633 4749 2818 4820 pusio,
2860 4748 3006 4820 quod
3044 4747 3154 4801 duo
3185 4745 3362 4818 gessit

2071 4841 2204 4895 Mira
2235 4847 2413 4912 pater,
2443 4853 2647 4910 pueros
2674 4835 3029 4892 salviticando
3057 4835 3219 4897 duos,

2001 4931 2267 4986 Parvulas
2306 4930 2395 4985 hic
2419 4927 2538 4998 eius
2564 4927 2890 4983 vernaculus
2918 4933 2976 4982 ut
2998 4925 3104 4981 sibi
3128 4938 3352 4998 gressus

2073 5020 2372 5086 Reddatur,
2405 5018 2605 5088 poscit,
2628 5032 2756 5072 mox
2783 5015 2926 5086 et|id
2959 5014 3217 5071 obtinuit.

2000 5113 2210 5169 Disesia
2229 5111 2474 5184 genitum
2506 5109 2721 5165 monuit
2746 5124 2846 5163 vox
2883 5115 3044 5164 nocte
3069 5105 3441 5177 Radulpbum,

2074 5206 2139 5261 Ut
2168 5221 2336 5260 sanus
2358 5202 2535 5269 ﬁeret,
2577 5202 2886 5258 Floriacum
2919 5208 3150 5274 peteret.

2001 5297 2266 5353 Credulus
2304 5296 2394 5352 hic
2424 5294 2584 5352 dictis
2616 5310 2744 5350 sese
2772 5296 2940 5351 trahit
2978 5295 3068 5349 ille
3100 5288 3382 5366 genuclis;

2074 5391 2187 5455 Qua
2211 5388 2454 5445 Christus
2475 5388 2693 5444 scandit
2721 5387 2865 5453 luce,
2886 5387 3057 5457 pedes
3085 5383 3300 5454 recipit.

2002 5481 2135 5534 Dum
2163 5478 2361 5554 figulus
2393 5478 2600 5548 palmas
2620 5475 2941 5530 Gnillclmus
2970 5474 3198 5546 porrigit
3227 5472 3438 5528 ambas.

2071 5570 2270 5625 Jurans
2291 5577 2598 5639 patronum,
2621 5581 2820 5638 quassa
2846 5563 3145 5637 loquendo,
3167 5563 3352 5635 pium:
