4470 6452
450 427 520 494 ιι
1685 424 1989 484 CONTRA
2032 419 2454 482 EPHESIUM.
3638 415 3708 476 Η

440 543 833 615 Πεντηκοστὴν
873 544 1017 614 λόγῳ
1045 542 1229 612 φησίν·
1269 561 1287 592 ι
1347 541 1490 594 Ὅσα
1523 539 1580 594 δὲ
1612 538 1891 594 κάνταῦθα
1936 538 2019 590 λέ-
2050 543 2096 599 Α
2124 552 2205 605 (μιι

1942 539 2019 590 λέ-
2050 543 2096 599 Α
2124 550 2234 605 quo
2272 536 2402 598 sint,
2441 549 2575 591 neve
2608 533 2708 590 tria
2747 533 3012 603 principia
3051 529 3519 602 'polytheistarum
3553 544 3707 583 more

441 650 602 700 γεται
627 632 1037 701 ταπεινότερον,
1073 630 1133 682 τὸ
1160 628 1421 695 δίδοσθαι,
1474 629 1534 680 τὸ
1567 627 2017 691 ἀποστέλλεσθαι,

438 726 503 778 τὸ
536 723 879 794 μερίζεσθαι,
907 724 969 775 τδ
1003 724 1276 793 χάρισμα,
1317 722 1379 773 τὸ
1401 720 1728 791 ἐμφύσημα,
1784 719 1816 788 ἡ
1850 719 2019 785 ἑπαγ-

438 811 621 879 γελία,
664 812 698 880 ἡ
729 809 975 873 ἔντευξις
1032 812 1144 861 εῐτε
1183 825 1236 861 τι
1295 806 1425 860 ἄλλο
1464 806 1728 866 τοιοῦτον,
1793 805 1878 856 ἵνα
1945 803 2018 871 μὴ

447 901 516 953 τὰ
577 899 703 952 καθ’
726 899 962 951 ’ἕκαστον
1015 897 1186 961 λέγω,
1246 895 1340 948 ἐπὶ
1401 893 1503 962 τὴν
1563 891 1790 962 πρώτην
1844 889 2022 941 αἰτίαν

444 990 734 1054 ἀνακτέον,
763 992 852 1045 ἵνα
873 989 935 1043 τὺ
965 991 1025 1055 ἐξ
1062 988 1122 1042 οῦ
1166 987 1354 1056 δειχθῇ
1417 987 1514 1038 καὶ
1549 986 1625 1054 μὴ
1671 985 1820 1053 τρεῖς
1852 980 2022 1050 ἀρχαὶ

444 1083 727 1146 πολυθέως
754 1082 1160 1153 παραδεχθῶσι.
1202 1099 1219 1132 ι
1260 1078 1417 1133 Οὕτω
1456 1076 1532 1148 (l)
1566 1080 1655 1131 καὶ
1697 1075 1904 1136 πάντες
1969 1074 2019 1125 οἱ

443 1177 551 1228 ὑπὸ
595 1175 831 1245 Χριστὸν
894 1171 1220 1242 τεταγμένοι
1276 1173 1344 1225 τὰ
1397 1172 1492 1223 τοῦ
1544 1167 1885 1236 Μονογενοῦς
1941 1165 2021 1227 εις

441 1267 536 1321 τὸν
568 1268 786 1339 Πατέρα
812 1267 1172 1337 ἀναφέρουσι,
1199 1267 1293 1320 καὶ
1316 1263 1487 1333 αὐτῆς
1508 1263 1606 1327 τῆς
1631 1260 2019 1330 δημιουργίας,

441 1354 513 1431 ἧς
543 1359 634 1415 καὶ
664 1362 692 1414 6
724 1359 854 1423 Υίὸς
875 1359 1047 1422 αἴτιός
1083 1359 1252 1420 ἐστιν,
1278 1356 1374 1410 ἐπὶ
1406 1356 1499 1408 τὸν
1552 1355 1773 1421 Πατέρα
1820 1355 2024 1421 ἀναφέ-

446 1467 607 1521 ρουσι
639 1448 744 1520 (2),
779 1450 854 1513 ὡς
875 1452 903 1503 6
933 1448 1144 1511 κλεινὸς
1203 1448 1486 1510 Βασίλειος
1533 1445 1590 1498 ιν
1622 1444 1700 1514 τῷ
1729 1444 1863 1514 πρὸς
1889 1443 2024 1511 ’Δμ-

442 1543 692 1612 φιλόχιον
720 1542 893 1611 ὀγδόῳ
920 1540 1088 1612 φησίν
1153 1541 1254 1610 (5)·
1303 1558 1323 1591 ι
1352 1536 1432 1593 Τὰ
1500 1537 1614 1607 ἐμὰ
1675 1536 1874 1592 πάντα
1939 1535 2024 1590 σά

443 1635 638 1698 ἐστιν,
669 1636 744 1697 ὡς
775 1634 862 1687 ἐπ’
894 1633 1060 1687 αὐτὸν
1093 1632 1192 1702 τῆς
1234 1631 1412 1702 ἀρχῆς
1460 1630 1570 1685 τῶν
1598 1629 2024 1700 δημιουργημὰ-

441 1740 554 1775 των
585 1725 935 1793 ἀναγομένης
977 1723 1076 1775 καὶ
1124 1721 1197 1774 τὰ
1231 1721 1314 1774 σὰ
1345 1720 1477 1788 ἐμά,
1526 1718 1601 1780 ὡς
1630 1721 1837 1772 ἐκεῖθεν
1875 1718 2027 1788 αὺτῷ

443 1817 544 1883 τῆς
572 1816 754 1875 αἰτίας
788 1816 885 1868 τοῦ
915 1815 1279 1884 δημιουργεῖν
1309 1810 1663 1880 καθηκούσης
1699 1811 1831 1879 (4).ι
1861 1812 2024 1879 Ὅρα,

2130 636 2465 683 statuantur.
2507 645 2526 677 ›
2561 627 2653 682 Sic
2704 635 2757 682 ct
2803 640 2994 680 omnes
3037 623 3264 678 Christo
3312 621 3545 692 subjecti
3588 635 3708 691 quae

2128 729 2256 774 Sunt
2286 718 2558 790 Uttigcniti
2608 721 2674 775 ad
2709 720 2928 775 Patrem
2956 717 3228 783 referunt,
3262 728 3318 772 et
3351 718 3522 786 ipsius
3554 729 3708 770 crea-

2130 813 2318 877 tionis,
2353 815 2510 884 cujus
2560 822 2615 868 et
2665 811 2839 867 Filius
2886 825 3055 866 causa
3105 820 3209 876 est,
3242 811 3306 863 ad
3352 809 3566 863 Patrem
3616 821 3707 861 re-

2129 905 2339 959 ducunt
2391 920 2613 959 causam
2639 943 2655 970 ,
2687 902 3157 975 quemadmodum
3202 901 3438 972 inclytus
3479 899 3711 955 Basilius

2129 997 2196 1051 ad
2221 997 2665 1066 Amphilochium
2699 997 2875 1067 capite
2911 1006 3106 1050 octavo
3140 995 3216 1049 ait
3255 1013 3269 1050 :
3307 1012 3325 1045 ι
3371 993 3487 1046 Mea
3527 996 3708 1046 omnia

2133 1098 2226 1142 tua
2255 1098 2376 1142 sunt
2427 1089 2534 1157 (ait
2570 1089 2902 1154 Dominus),
2935 1097 3195 1152 tanquam
3245 1085 3311 1139 ad
3360 1085 3535 1154 ipsum
3565 1084 3583 1154 (
3609 1084 3712 1136 Pa-

2131 1182 2307 1248 trem)
2341 1181 2495 1251 origo
2528 1195 2709 1236 rerum
2746 1188 3060 1236 creatarum
3087 1180 3374 1234 referenda
3412 1181 3504 1241 sit,
3534 1188 3583 1231 et
3620 1189 3714 1232 tua

2133 1287 2272 1335 mea,
2305 1270 2450 1341 quod
2488 1270 2590 1340 ipsi
2615 1286 2642 1322 a
2672 1269 2833 1326 Patre
2857 1271 3176 1341 provenerit
3207 1270 3478 1324 condendi
3519 1279 3713 1322 attcto-

2131 1363 2268 1417 ritas
2319 1373 2374 1419 et
2429 1365 2628 1419 causa!
2682 1382 2700 1415 ι
2743 1361 2910 1427 Vide,
2967 1377 3206 1431 quonam
3266 1373 3422 1431 pacto
3468 1375 3709 1416 consona

2132 1451 2341 1505 sanctis
2376 1450 2620 1506 dicentes
2650 1465 2841 1505 corum
2874 1452 3350 1506 accuratissimam
3381 1452 3707 1521 theologiam

2134 1542 2438 1610 sequimur.
2473 1540 2540 1595 Et
2581 1555 2826 1608 causam,
2859 1551 2916 1597 ut
2949 1543 3005 1597 hi
3034 1542 3248 1606 dicunt,
3287 1543 3351 1596 ad
3393 1544 3570 1612 ipsum
3605 1546 3711 1596 Pa—

2137 1642 2274 1686 trem
2309 1631 2588 1698 referunt;
2622 1643 2676 1688 et
2711 1632 2758 1687 si
2791 1649 2890 1703 per
2927 1633 3128 1688 Filium
3161 1637 3346 1689 omnia
3393 1635 3536 1690 facta
3585 1643 3716 1689 sunt

2132 1735 2189 1777 et
2239 1722 2415 1781 Filius
2462 1741 2627 1780 causa
2692 1735 2807 1790 est,
2861 1735 3102 1782 attamen
3155 1742 3325 1780 unum
3381 1729 3712 1796 principium

2134 1816 2434 1871 creationis
2469 1816 2895 1870 conﬁtebantur.
2947 1815 3054 1872 Iste
3085 1833 3216 1872 vero
3258 1817 3513 1889 (Marcus
3543 1817 3722 1888 Ephe-

442 1909 591 1969 ὅπως
619 1907 1042 1976 συμφωνοῦντες
1071 1908 1185 1970 τοῖς
1240 1906 1420 1973 ἁγίοις
1457 1902 1927 1970 ἐξακολουθοῦμεν
1961 1904 2026 1972 τῇ
2061 1905 2104 1959 Β
2133 1909 2207 1964 sit:

1961 1904 2026 1972 τῇ
2061 1905 2104 1959 Β
2133 1909 2312 1975 sius),
2339 1909 2639 1966 artiﬁciose
2683 1909 2988 1964 obtrudens
3019 1909 3459 1979 praepositionem
3501 1926 3592 1976 per
3620 1926 3717 1980 pro

447 1997 824 2068 ἀκριϐεστάτη
857 1996 1108 2067 θεολογίᾳ
1144 1994 1376 2049 τούτων.
1431 1995 1537 2047 Καὶ
1565 1994 1663 2063 τὴν
1696 1993 1897 2059 αἰτίαν,
1949 1993 2025 2057 ὥς

445 2107 613 2157 φασιν
653 2083 824 2154 οὗτοι,
860 2091 957 2143 καὶ
985 2090 1078 2141 ἐπὶ
1110 2088 1199 2143 τὸν
1228 2085 1449 2158 Πατέρα
1510 2085 1904 2156 ἀναφέρουσιν·
1971 2086 2021 2138 εἰ

445 2184 542 2235 καὶ
571 2183 639 2237 δι’
667 2182 796 2236 Υἱοῦ
829 2181 900 2235 τὰ
939 2182 1120 2236 πάντα
1166 2185 1386 2248 γέγονε,
1432 2179 1528 2230 καὶ
1581 2177 1756 2239 αἴτιός
1813 2179 1964 2230 ἐστιν
1991 2181 2018 2232 ό

450 2273 602 2340 Υἱὸς,
634 2274 763 2329 ἀλλ’
792 2273 886 2328 οῦν
936 2274 994 2325 ἓν
1019 2275 1191 2327 αἴτιον
1236 2270 1552 2341 ὡμολόγουν
1611 2269 1707 2337 τῆς
1763 2271 2016 2333 κτίσεως.

2136 2017 2256 2055 cum
2309 2001 2462 2071 poni,
2515 2003 2644 2057 Ario
2696 2004 3167 2084 patrocinabitur.
3213 2001 3307 2071 qui
3351 2003 3557 2057 auditis
3613 2004 3720 2057 illis

2134 2092 2336 2158 verbis,
2375 2096 2558 2149 omnia
2605 2095 2747 2150 facta
2802 2111 2924 2150 esse
2970 2111 3065 2164 per
3106 2093 3327 2158 Filium,
3379 2098 3544 2149 etiam
3596 2113 3717 2150 cum

2130 2181 2276 2237 Filio
2326 2188 2414 2246 (et
2463 2196 2582 2254 post
2632 2186 2870 2256 Filium)
2922 2196 3122 2242 cuncta
3175 2203 3298 2244 esse
3348 2187 3489 2242 facta
3534 2191 3725 2245 existi-

2128 2277 2330 2331 Inabat.

457 2371 521 2424 .0
542 2371 598 2423 δὲ
626 2369 964 2440 τεχοο).ογῶν
991 2369 1090 2438 τὴν
1123 2368 1221 2422 διὰ
1263 2369 1382 2422 ἀντὶ
1416 2369 1513 2437 τῆς
1562 2365 1715 2435 μετὰ
1743 2366 1835 2417 καὶ
1865 2365 2008 2431 σὺν,
2051 2366 2126 2437 τῷ
2157 2369 2357 2442 Ἀρείῳ
2380 2378 2652 2448 συνηγορή
2666 2395 2742 2431 σει
2773 2379 3031 2434 ἀκούοντι
3061 2399 3074 2443 ;
3126 2379 3208 2432 Δι’
3246 2381 3380 2434 Υἱοῦ
3413 2383 3485 2435 τὰ
3515 2383 3715 2438 πάντα

444 2462 708 2532 ἐγένετο,
734 2463 830 2515 καὶ
855 2459 994 2530 μετὰ
1026 2459 1121 2512 τοῦ
1157 2458 1288 2511 Υίοῦ
1340 2462 1407 2512 τὰ
1451 2459 1631 2512 πάντα
1681 2454 2014 2524 γεγενῆσθαι
2050 2461 2349 2528 νομίζοντι.

1110 2550 1392 2604 ΕΦΕΣΟΥ.

536 2649 596 2702 ’ῡ
619 2646 698 2711 δὲ,
741 2646 822 2700 ὃτι
871 2665 888 2697 ι
931 2644 1091 2714 μόνος
1141 2644 1315 2703 αἴτιος
1340 2644 1368 2695 6
1399 2641 1611 2711 Πατὴρ,
1652 2660 1669 2692 ι
1716 2642 1810 2694 καὶ
1839 2643 1898 2693 ἐν
1930 2640 2028 2694 ἆλ-

451 2738 588 2802 λοις·
635 2756 654 2790 ι
693 2738 799 2791 Τὸν
834 2737 964 2791 Υίδν
1008 2739 1070 2788 οὐ
1107 2734 1336 2803 λέγομεν
1364 2733 1561 2795 αἴτιον,
1597 2733 1718 2785 οὐδὲ
1751 2732 2023 2800 Πατέρα·›

447 2831 548 2884 καὶ
599 2833 657 2883 ἑν
702 2829 905 2890 ἄλλοις·
939 2846 958 2879 ι
995 2819 1138 2881 Ὅσα
1180 2825 1414 2894 ἁρμόζει
1468 2826 1618 2894 πηγῇ
1649 2863 1666 2887 ,
1702 2825 1874 2892 αἰτίᾳ,
1909 2840 2036 2891 γεν-

449 2925 666 2993 νήτορι,
708 2921 786 2991 τῷ
828 2923 1004 2991 lla-cpi.
1033 2923 1181 2989 μόνῳ
1208 2920 1657 2988 προσαρμοστέα.
1696 2935 1713 2966 ι
1755 2917 1868 2968 Οὐκ
1910 2916 1976 2969 ἂν
2007 2919 2033 2968 ὁ

452 3013 918 3080 θεολογικώτατος
970 3011 1125 3073 οὗτος
1185 3008 1552 3079 Δαμασκηνὸς
1597 3009 1698 3076 τὴν
1729 3005 1828 3059 διὰ
1860 3007 2034 3068 τιθεὶς

452 3104 552 3158 ἐπὶ
583 3102 676 3155 τοῦ
729 3103 862 3156 Υἱοῦ
929 3103 1029 3172 τὴν
1086 3102 1155 3154 ἐκ
1215 3100 1630 3168 ἀπηγόρευσεν·
1681 3098 1738 3150 ὲν
1802 3099 1899 3164 μὲν
1960 3099 2037 3167 τῷ

459 3196 633 3266 ὀγδόῳ
689 3194 800 3248 τῶν
825 3191 1172 3262 Θεολογικῶν
1220 3193 1424 3257 λέγων·
1461 3207 1478 3240 ι
1534 3188 1627 3242 Ἐκ
1670 3188 1763 3241 τοῦ
1797 3189 1927 3242 Υίοῦ
1979 3191 2038 3241 τὸ

459 3286 690 3358 Πνεῦμα
749 3287 810 3341 οὐ
857 3288 1131 3356 λέγομεν,
1199 3283 1424 3351 Πνεῦμα
1472 3283 1530 3335 δὲ
1586 3283 1716 3335 Υἱοῦ
1778 3281 2039 3351 ὀνομάζο-

2724 2561 2962 2618 El‘llES.
3007 2567 3086 2634 (γ
3109 2571 3147 2635 ),

2205 2645 2359 2702 Alius
2379 2663 2507 2702 vero
2533 2650 2706 2705 dicit:
2739 2672 2758 2705 ι
2792 2654 2956 2710 Solus
2983 2673 3145 2712 causa
3177 2660 3367 2726 l'ater;
3401 2676 3417 2711 ι
3466 2673 3517 2716 et
3544 2662 3672 2716 alibi
3705 2682 3716 2715 :

2141 2753 2160 2788 ι
2193 2737 2545 2811 Ωυτεσυηηυε
2599 2747 2938 2801 conveniunt
2988 2749 3145 2813 l'onti,
3199 2767 3401 2816 causm,
3459 2755 3717 2822 genitori,

2137 2842 2200 2882 ea
2240 2832 2345 2885 soli
2393 2831 2540 2886 Patri
2593 2837 2826 2905 aptanda
2881 2851 3035 2895 sunt.
3075 2859 3094 2892 ι
3133 2842 3317 2912 Neque
3367 2851 3497 2900 tunc
3528 2848 3631 2915 (η),
3667 2849 3720 2900 in

2145 2921 2419 2993 theologia
2451 2928 2808 2984 acutissimus
2841 2931 2930 2985 hic
2966 2933 3339 2990 Damascenus
3388 2941 3721 3007 ρι-ιιιρηδίιὶολ

2146 3028 2268 3067 nem
2315 3031 2408 3081 per
2451 3029 2694 3085 poneret,
2735 3021 2863 3075 dum
2906 3023 2973 3077 de
3017 3023 3157 3078 Filio
3203 3028 3334 3094 agit,
3363 3037 3416 3082 et
3463 3031 3722 3098 prtt‘pOsi-

2147 3108 2347 3165 tionem
2396 3127 2460 3164 ea:
2504 3113 2775 3181 rejiceret.
2827 3114 3036 3171 Octavo
3067 3119 3212 3173 enim
3256 3121 3715 3192 Thcologicorum

2145 3200 2382 3266 capitum
2419 3201 2542 3256 ait:
2593 3221 2610 3254 ι
2662 3204 2739 3256 Ex
2787 3204 2927 3261 Filio
2980 3206 3244 3276 Spiritum
3302 3227 3410 3264 non
3460 3214 3715 3277 dicimus,

2149 3287 2409 3356 Spiritmu
2439 3306 2568 3346 vero
2593 3293 2714 3348 Filii
2753 3298 3126 3363 nominamus,
3159 3309 3210 3353 et
3242 3315 3338 3368 per
3370 3301 3565 3357 Filiqu
3603 3319 3718 3358 ma-

463 3397 591 3452 μεν,
637 3381 731 3434 καὶ
774 3378 843 3435 δι’
902 3379 1034 3432 Υίοῦ
1075 3373 1441 3446 φανεροῦσθαι
1500 3378 1593 3428 καὶ
1667 3373 2046 3444 μεταδίδοσθαι
2074 3389 2117 3448 C
2153 3378 2228 3432 nil

1959 3373 2117 3448 Batc
2153 3378 2401 3434 nifestari
2463 3384 2730 3452 nobisque
2776 3389 3110 3456 suppeditari
3173 3391 3521 3446 conﬁtemur.
3578 3415 3595 3446 ι
3654 3396 3721 3449 Ει

455 3475 593 3541 ἡμῖν
646 3469 1022 3541 ὁμολογοῦμεν
1058 3469 1173 3538 (5)·
1227 3471 1284 3520 ὲν
1342 3469 1400 3522 δὲ
1462 3467 1540 3536 τῷ
1600 3466 2039 3536 τρισκαιδεκάτῳ

458 3566 625 3620 πάλιν
664 3568 692 3618 ὁ
743 3564 905 3627 αὑτός
935 3578 949 3592 ·
1009 3581 1028 3614 ι
1089 3561 1316 3631 Πνεῦμα
1385 3559 1516 3613 Υίοῦ
1566 3561 1664 3628 οὐχ
1711 3560 1784 3620 ὼς
1824 3558 1882 3622 ἐξ
1944 3560 2042 3611 αῦ-

460 3661 580 3723 τοῦ,
630 3659 744 3714 ἀλλ’
799 3659 876 3720 ὼς
925 3656 994 3709 δι’
1024 3655 1190 3707 αὑτοῦ
1242 3657 1305 3706 ἐκ
1357 3652 1454 3705 τοῦ
1489 3652 1700 3722 Πατρὸς
1744 3650 2040 3718 ἐκπορευό-

465 3769 648 3822 μενον·
686 3752 847 3823 μόνος
894 3752 1003 3819 γὰρ
1052 3751 1225 3811 αἴτιος
1266 3750 1294 3800 6
1331 3747 1524 3816 Πατήρ
1562 3747 1638 3814 (6)
1669 3760 1684 3774 ·
1723 3763 1742 3797 ι
1795 3745 1854 3795 ὲν
1891 3745 1947 3796 δὲ
1973 3748 2038 3814 τῇ

462 3847 602 3916 πρὸς
646 3846 918 3915 Ἰορδάνην
951 3842 1210 3913 ἐπιστολῇ
1252 3840 1388 3912 πρὸς
1419 3840 1498 3907 τῷ
1537 3840 1717 3892 τέλει·
1759 3856 1779 3889 ι
1815 3837 2042 3906 Πνεῦμα

461 3943 832 3993 ὲνυπόστατον
860 3937 1184 4006 ἐκπόρευμα
1217 3937 1310 3987 καὶ
1358 3934 1678 4004 πρόϐλημα,
1721 3932 1790 3985 δι’
1825 3932 1954 3984 Υίοῦ
1985 3932 2040 3984 δὲ

463 4034 562 4086 καὶ
587 4033 686 4085 οὐκ
722 4032 780 4097 ἐξ
814 4031 966 4090 Υἱοῦ,
1008 4031 1082 4091 ὡς
1119 4029 1342 4096 Πνεῦμα
1371 4028 1644 4096 στόματος
1680 4026 1816 4079 Θεοῦ
1857 4025 2039 4093 Λόγου

463 4121 979 4190 ὲξαγγελτικόνσ).
1027 4138 1046 4170 ι
1100 4118 1189 4171 Ἐν
1242 4119 1296 4170 δὲ
1352 4118 1429 4186 τῷ
1477 4119 1559 4180 εἰς
1615 4120 1713 4185 τὴν
1764 4115 2042 4184 Θεόσωμον

464 4219 646 4286 ταφὴν
702 4214 796 4268 τοῦ
859 4215 1069 4284 Κυρίου
1107 4213 1251 4282 λόγῳ
1285 4211 1360 4279 (8)
1390 4228 1405 4243 ·
1448 4230 1466 4262 ι
1498 4211 1720 4279 Πνεῦμα
1756 4209 1914 4277 ἆγιον
1949 4208 2042 4260 τοῦ

467 4308 607 4359 θεοῦ
633 4309 728 4359 καὶ
754 4307 865 4358 [latr
879 4307 990 4377 ρδς,
1020 4306 1094 4367 ὼς
1133 4305 1189 4372 ἐξ
1219 4303 1385 4356 αὑτοῦ
1417 4303 1878 4371 ἐκπορευόμενον·
1907 4301 2045 4369 ὅπερ

469 4403 565 4454 καὶ
599 4400 697 4452 τοῦ
737 4399 858 4450 Υἱοῦ
898 4394 1040 4450 εἶναι
1076 4395 1321 4462 λέγεται,
1360 4395 1435 4457 ὼς
1463 4395 1533 4446 δι’
1576 4391 1747 4445 αὑτοῦ
1775 4390 2043 4461 χορηγού-

473 4511 639 4563 μενον
667 4534 681 4556 ,
713 4493 810 4544 καὶ
855 4495 922 4560 τῇ
956 4491 1131 4543 κτίσει
1178 4482 1598 4559 μεταδιδόμενον
1623 4528 1638 4552 ,
1683 4486 1798 4540 ἀλλ’
1838 4485 1937 4537 οὐκ
1987 4481 2047 4545 ἐξ

471 4585 640 4638 αὶτοῦ
686 4586 812 4653 ἔχον
838 4583 937 4652 τὴν
975 4581 1233 4651 ὓπαρξιν.
1278 4600 1296 4631 ι

1079 4673 1445 4726 ΛΠΟΛΟΙἸΛ.

547 4771 742 4832 Καλῶς
775 4771 802 4822 6
830 4769 1009 4838 τίμιος
1048 4765 1205 4828 οὗτος
1229 4768 1321 4819 καὶ
1347 4767 1624 4834 αἰδέσιμος
1663 4767 1731 4816 τὰ
1763 4762 1860 4815 τοῦ
1899 4762 2046 4816 θείου

473 4861 838 4932 Δαμασκηνοῦ
894 4860 1118 4929 συνῆψε.
1170 4861 1281 4912 Καὶ
1339 4859 1466 4926 περὶ
1522 4859 1618 4925 μὲν
1671 4857 1762 4907 τοῦ
1817 4875 1834 4906 ι
1886 4855 2048 4924 μόνος

476 4958 650 5017 αἴτιος
688 4958 714 5007 6
742 4954 984 5023 Πατήρ,»
1025 4956 1147 5005 ὅσον
1175 4953 1240 5004 ἂν
1273 4954 1301 5003 ὁ
1331 4950 1462 5013 Θεὸς
1495 4951 1627 5018 ἡμῖν
1679 4949 2044 5018 ἐχορήγησεν,

475 5051 726 5114 εἴπομεν·
770 5045 896 5106 ἴσω,
950 5045 1007 5097 δὲ
1068 5044 1165 5096 καὶ
1220 5043 1383 5096 πάλιν
1437 5041 1671 5112 ἐροῦμεν
1717 5039 1855 5092 Θεοῦ
1885 5040 2049 5092 αὑτοῦ

554 5210 630 5278 (1)
658 5211 794 5266 Cod.
826 5210 993 5273 Mum,
1033 5209 1070 5264 f.
1108 5207 1209 5262 122
1236 5203 1484 5269 ι),τοῦτο.

552 5284 629 5362 (ξ.)
665 5286 799 5362 μού.
834 5285 928 5362 cit.
956 5281 1326 5362 ᾁναςρέριυσιν.
1364 5345 1402 5362 ﬁ
1446 5348 1456 5358 _

553 5345 630 5475 (ἃ)
665 5353 1045 5475 Ιιιὲἓ¹οἰιιιιυτ
1069 5345 1307 5403 ἱιιΒθεοί
1364 5345 1547 5417 Epigr.
1579 5347 1643 5401 l5
1670 5346 1848 5402 Graec.
1908 5346 2054 5398 orth.

483 5437 524 5481 ι.
595 5440 705 5488 ην.
847 5462 861 5475 .

557 5495 632 5559 tl)
664 5491 835 5552 Mora,
866 5491 1223 5558 καθικοῦσης.

557 5567 631 5643 t5)
667 5565 986 5643 Datttascctt.
1019 5563 1088 5615 de
1120 5563 1224 5614 lide
1255 5559 1475 5614 OtilIOJ.
1523 5560 1558 5612 l.
1593 5576 1632 5622 t,
1661 5575 1711 5613 c.
1745 5559 1799 5624 8,
1849 5576 1900 5628 p.
1942 5557 2063 5618 ιιι,

483 5632 588 5693 142
615 5635 704 5690 ed.
750 5632 822 5686 Le
849 5634 1049 5698 Quicn.

559 5710 633 5780 t6)
661 5704 798 5761 Ibid.
831 5706 867 5758 l.
907 5723 944 5769 ι,
971 5721 1024 5756 c.
1052 5703 1140 5762 15.
1165 5718 1219 5772 p.
1260 5702 1360 5756 148
1383 5703 1435 5753 in
1464 5701 1589 5754 ﬁne.

2148 3487 2342 3527 rursus
2371 3474 2509 3527 idem
2545 3478 2725 3546 capite
2748 3478 2960 3533 decimo
2989 3481 3148 3534 tertio
3183 3499 3197 3534 :
3235 3501 3252 3532 ι
3298 3484 3536 3552 Spiritus
3567 3485 3712 3550 Filii,

2147 3580 2254 3618 non
2296 3575 2354 3620 ut
2383 3584 2446 3621 ex
2487 3570 2626 3636 ipso,
2672 3569 2769 3625 sed
2800 3580 2859 3625 ut
2893 3587 2987 3642 per
3017 3573 3192 3643 ipsum
3228 3590 3292 3629 ex
3329 3574 3489 3632 Patre
3517 3594 3714 3648 proce-

2144 3658 2313 3723 dens;
2358 3661 2509 3716 solus
2544 3662 2690 3716 enim
2728 3677 2890 3718 causa
2920 3665 3100 3720 Pater.
3136 3685 3154 3716 ι
3201 3665 3262 3720 Et
3296 3667 3349 3720 in
3383 3668 3611 3736 epistola
3650 3673 3716 3726 ad

2145 3752 2436 3807 Iordanem
2494 3769 2660 3824 prope
2703 3755 2862 3810 ﬁnem
2917 3773 2929 3808 :
2998 3775 3016 3808 ι
3076 3757 3313 3826 Spiritus
3354 3763 3719 3830 personaliter

2148 3844 2454 3900 subsistens
2505 3848 2836 3916 spiraculum
2884 3857 2935 3902 et
2983 3851 3329 3918 productum,
3383 3870 3476 3922 per
3518 3855 3713 3909 Filium

2148 3953 2278 3992 vero
2325 3946 2379 3992 et
2420 3954 2527 3993 non
2575 3957 2640 3995 ex
2689 3939 2863 4007 Filio,
2899 3952 2958 3996 ut
2994 3944 3231 4012 Spiritus
3279 3947 3391 4000 oris
3430 3948 3518 4001 Dei
3557 3946 3719 4002 Verbi

2150 4031 2464 4086 enuntiatus.
2507 4050 2525 4084 ι
2551 4030 2606 4085 ln
2627 4033 2874 4089 oratione
2894 4045 3076 4091 autem
3103 4039 3156 4090 in
3183 4038 3448 4092 Dominici
3477 4044 3724 4108 corporis

2149 4126 2484 4192 sepulturam
2519 4125 2594 4179 ait
2627 4143 2639 4179 :
2681 4145 2698 4178 ι
2736 4127 2974 4196 Spiritus
3009 4139 3234 4185 sanctas
3277 4133 3366 4188 Dei
3409 4144 3465 4188 et
3507 4133 3715 4194 Patris.

2152 4228 2210 4272 ut
2240 4234 2304 4272 ex
2349 4220 2465 4288 ipso
2496 4219 2828 4288 procedens;
2879 4223 2973 4291 qui
3007 4235 3061 4278 et
3091 4221 3213 4278 Filii
3256 4241 3382 4281 esse
3425 4227 3625 4282 dicitur
3667 4239 3728 4283 ut

2151 4326 2248 4379 per
2289 4312 2438 4365 illum
2471 4313 2852 4383 suppeditatus
2880 4325 2934 4371 et
2962 4319 3231 4372 creaturis
3263 4326 3729 4388 counnunicatus,

2152 4407 2247 4463 sed
2277 4424 2383 4462 nou
2427 4418 2484 4462 ut
2509 4427 2574 4464 ex
2602 4411 2718 4479 ipso
2744 4413 3124 4468 cxsistcntiam
3154 4415 3379 4470 habens.
3432 4433 3447 4463 ι

2787 4676 3116 4733 IlESPONS.

2234 4772 2398 4825 Recte
2436 4771 2774 4825 honorabilis
2822 4784 2876 4825 et
2922 4774 3264 4827 venerandus
3314 4773 3416 4827 iste
3443 4774 3524 4826 vir
3575 4773 3738 4827 verba

2157 4862 2267 4915 diti
2308 4861 2625 4915 Damasccni
2662 4863 2968 4929 conjntuit.
3006 4867 3082 4917 Ac
3123 4864 3301 4933 primo
3349 4865 3493 4931 quod
3542 4866 3738 4917 allittct

2160 4955 2224 5007 ad
2263 4955 2426 5007 illud:
2469 4973 2485 5005 ι
2526 4955 2686 5009 Solus
2720 4973 2885 5009 causa
2936 4955 3120 5015 Pater,
3160 4976 3176 5006 ι
3222 4971 3563 5025 quacunque
3597 4956 3738 5012 Deus

2163 5046 2316 5100 nobis
2350 5047 2575 5115 largitus
2623 5059 2727 5111 est,
2774 5049 2882 5116 iam
2917 5047 3190 5114 dixunus;
3229 5049 3477 5103 dicemus
3524 5057 3648 5103 vero
3684 5061 3736 5105 ct

2231 5206 2306 5274 (7)
2346 5207 2442 5270 Ep.
2469 5209 2534 5258 ad
2558 5203 2712 5258 Jord.
2750 5206 2819 5260 tlc
2861 5205 3171 5275 Trisltagio,
3203 5219 3254 5259 c.
3289 5205 3380 5269 9.8,
3411 5222 3462 5276 p.
3503 5206 3606 5260 497
3643 5209 3729 5264 etl.

2163 5277 2234 5330 Le
2265 5279 2466 5341 Quieti.

2235 5348 2311 5416 (8)
2348 5346 2497 5399 Hanc
2520 5347 2826 5401 orationem
2884 5355 3032 5399 tonio
3073 5347 3115 5404 ll
3157 5347 3230 5401 Le
3264 5349 3481 5411 Quicuii
3508 5362 3736 5404 conterr-

2167 5432 2269 5472 tam
2291 5419 2530 5484 spur-iatn
2554 5432 2674 5470 esse
2698 5420 2941 5486 plerique
2958 5431 3220 5480 censent;
3253 5421 3365 5486 μω
3397 5417 3549 5486 llago
3576 5421 3732 5473 lithe-

2170 5493 2355 5542 rianus
2384 5499 2562 5541 textus
2593 5489 2934 5540 atttlteutiant
2978 5489 3032 5539 in
3076 5489 3300 5541 dubium
3334 5506 3555 5542 vocasse
3618 5507 3738 5543 cer-

2171 5572 2335 5610 nttur.
2367 5559 2497 5611 thc
2524 5561 2591 5610 dc
2619 5560 2717 5610 huc
2774 5575 2828 5611 re
2869 5558 2942 5611 Lc
2978 5557 3171 5623 Quicni
3223 5571 3406 5611 nota...
3443 5563 3506 5612 aJ
3544 5559 3579 5611 I.
3622 5580 3634 5615 ι
3667 5561 3737 5614 ιίιι

2177 5628 2344 5692 [³.οη
2378 5643 2426 5682 c.
2462 5629 2597 5697 8,p.
2636 5629 2754 5682 Hi.

563 5871 640 5943 (ιι)
668 5868 790 5924 [Luc
811 5885 934 5924 cum
970 5869 1035 5921 iis
1086 5865 1488 5926 connectcuda,
1535 5878 1654 5932 qum
1687 5878 1877 5933 supra,
1925 5876 2044 5930 cap.
2090 5858 2142 5925 ὖ,
2182 5857 2420 5913 Marcum
2458 5868 2803 5927 perorantem
2849 5857 3178 5912 audivimus.

796 5971 1064 6026 l‘nuoc.
1095 5965 1210 6022 Ott.
1249 5960 1424 6022 CLX.

3348 5953 3382 6012 2
