4470 6452
501 397 566 460 ει
1738 395 2042 457 CONTRA
2076 397 2266 457 EPIIE

2001 401 2042 455 Α
2076 397 2502 462 ΕΡΠΕΞΙΗΜ.
3691 394 3763 458 62

498 511 796 565 ἀνελάϐετο
849 510 908 560 τ),
940 511 1211 579 ἡμέτερον
1256 511 1440 579 σῶμα.
1489 531 1505 563 ι
1562 513 1672 566 Καὶ
1726 516 1754 566 ὁ
1806 514 2064 582 Νύσσης·
2100 520 2142 572 Λ
2180 533 2195 565 t
2237 519 2263 570 Α

2003 530 2064 576 ς’
2100 520 2142 572 Λ
2180 533 2195 565 ι
2237 518 2396 571 Aliud
2425 518 2569 572 enim
2595 527 2684 572 est
2712 517 2958 588 proxime
2977 532 3041 570 ex
3075 515 3270 585 primo,
3312 513 3459 569 aliud
3501 528 3630 567 vero
3659 529 3761 580 per

503 624 525 656 ι
557 605 632 658 Τὸ
661 605 758 672 μὲν
785 603 893 672 γὰρ
927 603 1212 672 προσεχώς
1243 605 1306 656 ὲκ
1333 603 1422 656 τοῦ
1451 605 1667 674 πρώτου
1695 607 1795 675 (l).
1824 607 1884 658 τίι
1909 607 1966 660 δὲ
1991 605 2082 659 διὰ

495 695 594 748 τοῦ
631 697 917 766 προσεχῶς
959 699 1024 748 ἐκ
1052 695 1146 748 τοῦ
1178 696 1399 764 πρώτου
1432 712 1447 728 ·
1485 697 1628 750 ὥστε
1665 700 1757 751 καὶ
1812 699 1870 752 τὸ
1920 716 2079 768 μονο-

497 790 654 853 γενὲς
680 789 1053 855 ἁναμφέὀτιλον
1092 788 1184 840 ἐπὶ
1212 787 1306 840 τοῦ
1341 788 1472 840 Υίοῦ
1516 790 1724 856 μένειν,
1769 792 1866 842 καὶ
1921 791 1982 844 τὸ
2016 794 2080 845 ὲκ

497 880 596 931 τοῦ
634 880 844 946 Πατρὸς
876 876 1019 932 εἶναι
1065 881 1125 933 τὸ
1169 881 1393 949 Πνεῦμα
1450 881 1526 951 μὴ
1561 883 1946 950 ἀμφιϐάλλειν,
1983 885 2082 949 τῆς

497 972 593 1025 τοῦ
631 973 758 1024 Υἰοῦ
793 975 1072 1041 μεσιτείας
1108 976 1210 1027 καὶ
1254 975 1438 1044 ἑαυτῷ
1465 976 1526 1028 τὸ
1565 977 1847 1043 μονογενὲς
1877 977 2081 1039 (point-

501 1065 726 1131 τοὺσης,
789 1066 884 1116 καὶ
922 1065 1021 1127 τῆς
1079 1067 1317 1132 φυσικῆς
1359 1068 1494 1137 πρὸς
1546 1067 1638 1119 τὸν
1677 1069 1891 1137 Πατέρα
1962 1071 2081 1135 σχὲ-

501 1172 645 1216 σεως
706 1157 786 1220 (τὸ
850 1156 1074 1224 Πνεῦμα
1116 1157 1232 1224 (2))
1279 1158 1353 1224 μὴ
1407 1159 1800 1228 ἀπειργούσης.
1857 1180 1878 1210 ι
1912 1161 2081 1228 Δῆλον

495 1245 613 1308 οὖν,
651 1250 732 1300 ὅτι
755 1252 786 1308 ὴ
814 1250 882 1301 ἐκ.
917 1252 1016 1301 οὐκ
1046 1250 1448 1317 ἀπηγόρευται,
1483 1253 1558 1313 ὼς
1593 1253 1759 1315 αὑτός
1795 1271 1948 1318 φησι,
1991 1254 2079 1305 καὶ

500 1341 783 1410 μεσιτείαν
816 1341 1055 1394 ἐνταῦθα
1094 1342 1301 1411 δηλοῖή
1336 1343 1466 1396 διά·
1527 1344 1600 1405 ὡς
1647 1344 1758 1411 γὰρ
1812 1343 1909 1397 διὰ
1973 1345 2080 1398 τοῦ

497 1430 814 1499 προσεχῶς
841 1431 1097 1498 λέγοντος
1128 1432 1198 1486 ἐκ
1226 1432 1336 1486 τοῦ
1359 1434 1620 1500 πρώτου.
1663 1435 1724 1487 El
1755 1435 1809 1487 δὲ
1855 1436 1882 1488 6
1937 1435 2078 1498 Θεῖος

497 1525 866 1592 Δαμασκηνὸς
893 1523 992 1594 τὴν
1024 1525 1094 1578 ἐκ
1131 1525 1476 1595 ἀπαγορεύει
1517 1527 1607 1580 διὰ
1650 1528 1779 1586 τοὺς
1819 1544 2080 1597 προειρη-

500 1615 700 1681 μένους
734 1615 951 1682 λόγους,
1002 1616 1122 1670 ἀλλ’
1177 1618 1456 1686 ἑπομένως
1510 1617 1609 1688 τὴν
1663 1616 1761 1671 διὰ
1801 1619 2076 1688 ἐπιφέρει,

494 1707 597 1773 τὴν
656 1706 750 1759 τοῦ
803 1707 1104 1774 Νεστορίου
1142 1711 1237 1762 καὶ
1285 1711 1554 1778 Εὐνομὶου
1614 1709 1935 1772 κακοδοξίαν
1987 1715 2072 1762 ὲκ.

496 1799 863 1864 τρεπόμενος.
894 1800 1025 1852 ἔνθα
1059 1801 1164 1869 γὰρ
1199 1801 1298 1870 τὴν
1330 1801 1398 1854 ἐκ
1435 1801 1788 1870 ἀπαγορεύει,

507 1890 650 1944 Υίοῦ
682 1892 855 1958 λέγων
886 1895 958 1948 οὐ
978 1895 1255 1963 λέγομεν.
1291 1896 1427 1949 ἀλλὰ
1460 1895 1556 1948 διὰ
1616 1897 1724 1949 τοῦ
1778 1897 1912 1950 Υίοῦ
1944 1899 2080 1964 ὀμο-

494 1983 804 2052 λοτοῦμεν
844 1987 1120 2054 ἐπιφέρει.
1179 1987 1239 2039 Ei
1292 1988 1348 2039 δὲ
1395 1989 1453 2041 τὸ
1513 1988 1610 2043 διὰ
1658 1988 1766 2042 τοῦ
1831 1989 1967 2042 Υἱοῦ
2020 1988 2078 2040 τὸ

437 2126 447 2132 _
490 2074 651 2139 μετὰ
691 2075 802 2129 τοῦ
850 2075 986 2129 ΥΙοῦ
1018 2078 1270 2130 ἐϐούλετο
1302 2079 1331 2130 6
1387 2079 1560 2143 ἅγιος,
1593 2079 1831 2146 οὐδαμοῦ
1864 2079 1920 2130 δὲ
1972 2080 2078 2130 τῶν

497 2164 700 2218 ἑαυτοῦ
733 2166 911 2233 λόγων
937 2169 1097 2222 τοῦτο
1151 2171 1386 2231 τέθεικε,
1447 2173 1591 2225 πάνυ
1646 2172 1959 2242 Θαυμαστόν
2014 2191 2075 2239 γε

494 2257 649 2310 δοκεῖ
684 2261 778 2312 καὶ
810 2262 1138 2330 παράδοξον,
1167 2281 1258 2315 και
1289 2265 1462 2317 ταῦτα
1503 2266 1763 2329 πολλάκις
1785 2270 1850 2336 τῇ
1875 2268 1972 2320 διὰ
1999 2268 2078 2336 τῷ

497 2352 763 2420 πτωτικῷ
792 2353 967 2423 τούτῳ
1001 2356 1211 2423 ῥήματι
1243 2356 1528 2425 χρώμενος
1551 2374 1564 2388 ⁸
1599 2357 1731 2411 ἀλλὰ
1763 2363 1857 2411 καὶ
1915 2361 2078 2412 πλέον

500 2445 706 2511 μᾶλλον
738 2448 995 2515 σοφιστοῦ
1027 2449 1060 2518 ἦ
1099 2450 1302 2511 ἀσόφου
1328 2452 1504 2502 ἐποίει
1543 2446 1700 2512 οὗτος
1727 2455 1752 2504 6
1802 2454 1978 2519 ἅγιος,
2028 2455 2077 2505 εί

492 2539 597 2606 τὴν
629 2539 773 2605 μετὰ
827 2540 1090 2608 πρόθεσιν
1153 2541 1292 2593 νοῶν
1331 2543 1431 2610 τὴν
1489 2543 1587 2596 διὰ
1641 2545 1824 2597 ἐτίθει.
1865 2546 1930 2597 Οί
1979 2547 2076 2614 μὲν

493 2635 606 2698 γὰρ
642 2632 892 2698 σοφισταὶ
921 2632 1251 2700 ὁμωνύμους
1283 2635 1468 2701 φωνὰς
1500 2636 1766 2699 τιθέασιν,
1823 2638 1908 2689 ἵνα
1941 2656 2071 2704 συμ-

490 2723 814 2789 περὰνωσιν
844 2723 945 2774 οὐκ
972 2725 1273 2789 ἀναγκαῖα,
1314 2727 1446 2778 ἀ).λᾶ
1498 2728 1639 2780 κατὰ
1693 2727 1952 2797 βούλησιν
1986 2747 1999 2761 ⁸
2026 2729 2073 2780 οί

487 2815 548 2865 δὲ
613 2813 807 2878 ἄσοφοι
872 2816 1037 2878 ἄλλας
1077 2817 1198 2868 κατ’
1231 2819 1410 2872 ἀὶὶωκι
1451 2819 1624 2893 λέξεις
1681 2822 2074 2890 προφέρουσιν.

499 2910 562 2957 Ὁ
597 2906 654 2958 δὲ
687 2909 842 2973 ἅγιος
866 2903 1022 2970 οὗτος
1054 2909 1149 2960 καὶ
1205 2910 1368 2977 σοφδς
1392 2909 1468 2962 ὢν
1517 2913 1610 2962 καὶ
1655 2911 1926 2978 θεολόγος,
1983 2913 2077 2965 καὶ

488 3001 560 3050 τὰ
599 2999 862 3067 Εὑνομίου
898 3000 995 3054 καὶ
1031 3001 1330 3068 Νεπορίου
1398 3004 1495 3055 καὶ
1547 3003 1898 3072 Θεοδωρήτου
1947 3005 2075 3058 ἀνα-

489 3089 678 3152 γνοὺς,
714 3091 806 3141 καὶ
841 3091 977 3158 μήτε
1038 3091 1100 3141 ἐκ
1140 3091 1301 3158 μόνου
1349 3095 1443 3144 τοῦ
1483 3094 1610 3145 Υίοῦ
1671 3095 1958 3162 δεχόμενος
2017 3097 2076 3148 τὸ

1847 1803 1914 1854 ἐκ
1974 1803 2077 1856 τοῦ

2186 611 2236 664 id
2271 611 2414 678 quod
2459 611 2704 680 proxime
2727 607 3017 676 exprimo';
3056 609 3191 662 adeo
3219 616 3278 660 ιιι
3307 607 3578 678 Unigeniti
3623 609 3764 661 ratio

2185 704 2390 772 absque
2417 703 2659 756 duhioin
2697 702 2834 758 Filio
2871 709 3194 769 permaneat
3225 706 3279 752 et
3323 714 3387 753 ex
3426 698 3589 753 Patre
3639 713 3766 752 esse

2187 795 2454 862 Spiritum
2483 795 2694 847 nemini
2728 793 2801 848 sit
2853 791 3109 856 dubium,
3160 792 3284 845 Filii
3347 791 3676 846 meditatione
3709 800 3763 845 et

2185 887 2286 953 ipsi
2341 883 2622 952 Uoigeniti
2668 885 2939 938 rationem
2993 891 3359 938 conservante
3405 891 3462 936 et
3497 881 3764 951 Spiritum

2183 993 2214 1031 a
2246 979 2482 1030 naturali
2513 979 2583 1030 ad
2609 976 2825 1032 Patrem
2856 978 3177 1031 habitudine
3216 977 3439 1030 minime
3469 987 3711 1029 arcente.
3739 995 3758 1027 ι

2185 1071 2371 1138 Itaque
2445 1071 2797 1125 manifestum
2866 1079 2951 1125 est
3019 1070 3470 1138 praepositionem
3535 1084 3600 1122 ea:
3657 1081 3764 1120 non

2184 1161 2423 1214 amoveri
2454 1167 2504 1220 (a
2532 1159 2721 1228 Filio),
2765 1160 3249 1230 quemadmodmn
3292 1161 3406 1228 ipse
3459 1159 3760 1220 contendit.

2183 1262 2347 1320 atque
2413 1252 2795 1306 mediationem
2851 1253 2938 1305 hic
2989 1251 3251 1305 denotare
3313 1251 3761 1320 prwpositionem

2182 1360 2291 1411 per,
2325 1357 2446 1395 cum
2492 1342 2639 1396 dicat
2696 1359 2788 1412 per
2821 1343 2877 1394 id
2907 1341 3045 1411 quod
3095 1342 3334 1407 proxime
3377 1356 3443 1394 ea:
3471 1341 3661 1409 primo.
3708 1338 3766 1392 Si

2183 1451 2311 1488 vero
2348 1434 2506 1486 divus
2541 1433 2914 1486 Damascenus
2939 1432 3381 1500 pra'positionem
3417 1446 3483 1484 ea:
3521 1438 3767 1484 removet

2182 1537 2403 1596 propter
2433 1542 2547 1589 eas,
2585 1541 2723 1594 quas
2751 1536 2908 1579 antea
2935 1525 3196 1588 diximus,
3217 1525 3495 1586 rationes,
3523 1532 3762 1576 attamen

2183 1628 2585 1686 consequenter
2637 1616 3078 1686 pra-positionem
3130 1631 3220 1683 per
3264 1614 3448 1675 infert.
3509 1621 3764 1666 evertens

2183 1711 2378 1762 malam
2438 1707 2677 1762 Nestorii
2731 1724 2894 1776 atque
2935 1706 3187 1759 Euuotuii
3255 1706 3605 1772 opinionem;
3668 1703 3760 1757 ubi

2183 1801 2323 1851 enim
2384 1797 2828 1862 praepositionem
2887 1813 2952 1850 ea:
3011 1805 3251 1850 removet
3295 1798 3360 1852 iis
3402 1797 3580 1849 verbis
3623 1813 3638 1849 :
3684 1794 3766 1849 Ea:

2186 1890 2330 1943 Filio
2360 1889 2620 1959 Spiritum
2647 1905 2748 1943 non
2784 1890 3031 1952 dicimus,
3090 1888 3254 1942 infert
3286 1898 3464 1942 tamen
3503 1907 3516 1942 :
3549 1905 3640 1956 per
3673 1886 3767 1940 Fi-

2184 1985 2311 2038 lium
2345 2000 2462 2036 eum
2517 1984 2852 2051 conﬁtemur.
2891 1982 3043 2047 Quod
3079 1985 3121 2036 si
3167 1991 3345 2035 autem
3383 1983 3470 2035 hic
3527 1980 3763 2037 Sanctus
3855 1995 3858 2000 '

2181 2094 2272 2146 per
2326 2075 2519 2129 Filium
2581 2076 2722 2128 idem
2750 2090 2872 2128 esse
2919 2091 2980 2127 ac
3011 2091 3130 2127 cum
3165 2073 3305 2126 Filio
3347 2074 3536 2135 voluit,
3567 2074 3761 2128 null‘bi

2183 2183 2310 2223 vero
2343 2169 2395 2220 in
2425 2168 2542 2222 suis
2569 2167 2794 2236 scriptis
2835 2167 2935 2219 hoc
2981 2169 3187 2232 posuit,
3241 2166 3398 2222 Valde
3449 2166 3761 2220 mirandum

2181 2262 2230 2314 id
2269 2260 2478 2313 videtur
2505 2270 2668 2330 atque
2702 2261 3072 2328 peregrinum,
3110 2263 3410 2327 prmsertitn
3457 2277 3581 2316 cum
3620 2277 3766 2330 szrpe

2182 2363 2368 2408 utatur
2437 2355 2837 2424 prmpositione
2897 2371 2988 2422 per
3060 2355 3248 2406 eadem
3318 2368 3482 2407 casus
3554 2352 3761 2418 forma;

2183 2462 2366 2499 verum
2401 2453 2456 2498 et
2490 2448 2663 2499 multo
2690 2446 2930 2513 amplius
2985 2461 3148 2514 quam
3199 2445 3445 2513 s0phista
3482 2443 3562 2495 vel
3625 2443 3762 2496 insi-

2179 2539 2334 2606 piens
2367 2539 2528 2590 homo
2557 2538 2780 2592 fecisset
2809 2540 2910 2591 iste
2941 2547 3189 2599 sanctus,
3239 2540 3280 2589 si
3319 2536 3762 2606 praepositionem

2179 2649 2296 2684 cum
2350 2631 2675 2699 intelligens,
2723 2643 2902 2685 tamen
2938 2648 3030 2699 per
3072 2632 3367 2699 posuiSSi-t.
3405 2628 3613 2682 Etenim
3663 2629 3764 2680 So-

2180 2724 2376 2794 phistae
2403 2725 2716 2792 aequivocas
2782 2739 2945 2777 voces
2973 2735 3202 2792 ponunt,
3241 2733 3299 2774 ut
3355 2723 3486 2776 inde
3540 2718 3766 2774 conclu-

2180 2819 2307 2871 dere
2334 2818 2547 2885 possiut
2585 2832 2692 2869 non
2758 2818 3087 2870 necessitate
3116 2817 3289 2882 logica
3321 2816 3629 2884 Sequenda,
3664 2811 3759 2867 sed

2179 2925 2292 2962 sum
2327 2909 2596 2962 voluntati
2629 2909 3014 2976 respondentia
3043 2925 3060 2973 ;
3125 2909 3448 2976 insipientes
3473 2924 3600 2961 Vero
3629 2909 3770 2961 alias

2179 3014 2280 3066 pro
2311 2999 2433 3052 aliis
2485 2999 2822 3053 dictionibus
2870 2998 3180 3067 proferunt.
3249 2999 3316 3052 At
3374 3000 3477 3052 iste
3517 3009 3762 3061 sanetus,

2181 3089 2272 3157 qui
2305 3099 2359 3144 et
2386 3090 2609 3158 sapiens
2671 3099 2724 3144 et
2778 3090 3070 3158 theologus
3106 3101 3224 3142 erat
3259 3100 3422 3159 atque
3481 3091 3760 3154 Eunoniii,

493 3178 724 3248 Πνεῦμα
750 3182 809 3232 τὸ
835 3181 1011 3248 ἅγιον,
1042 3183 1227 3246 καθὼς
1259 3184 1286 3235 ὁ
1314 3185 1392 3251 (5)
1430 3186 1692 3252 Εὑνόμιος
1721 3187 1874 3255 ἔλεγε
1937 3190 2072 3258 μήτε
2103 3187 2146 3245 C
2182 3179 2254 3233 ΝΘ

1997 3191 2072 3258 ᾖτε
2103 3187 2146 3245 c
2182 3179 2415 3234 Nestorii
2466 3188 2518 3234 et
2568 3178 2901 3233 Theodoreti
2964 3180 3167 3248 scripta
3219 3183 3444 3248 ii'gcral,
3499 3194 3652 3248 a‘que
3697 3193 3762 3232 ex

488 3276 558 3323 ἐκ
593 3273 757 3339 μόνου
791 3274 883 3326 τοῦ
918 3275 1152 3342 Πατρδς.
1193 3277 1378 3338 καθὼς
1429 3279 1456 3328 6
1500 3278 1799 3348 Νεστόριος
1855 3281 2075 3348 ἐφρόνει

489 3365 589 3416 καὶ
623 3364 994 3435 Θεοδώρητος,
1021 3365 1117 3418 κιιὶ
1153 3369 1216 3418 ὲκ
1267 3369 1479 3436 Πατρός
1528 3369 1595 3422 δι’
1647 3371 1776 3422 Υἰοῦ
1811 3372 2077 3438 θεοὶογῶν

492 3459 556 3510 τὸ
587 3459 743 3524 ἆγιον
775 3459 999 3529 Πνεῦμα
1049 3463 1471 3531 ἐκπορεύεσθαι,
1520 3466 1568 3516 εί
1608 3465 1707 3532 τὴν
1761 3465 1860 3518 ὃιὰ
1907 3468 2079 3529 τιθεὶς

490 3551 614 3601 ἀντὶ
648 3550 748 3619 τῆς
772 3552 927 3617 μετά
955 3553 1050 3606 καὶ
1081 3552 1204 3606 σὺν
1230 3553 1426 3616 ἐννόει,
1483 3556 1577 3606 καὶ
1615 3557 1781 3607 πλέον
1817 3559 2076 3623 σοφιστοῦ

496 3645 710 3695 ἐποίει·
769 3645 796 3695 ὃ
856 3645 1046 3714 πνερῤω
1081 3644 1181 3710 τῆς
1232 3645 1397 3711 ἁγίας
1452 3648 1548 3698 καὶ
1616 3650 1983 3719 ἀνεπιλήπτου
2022 3655 2076 3701 ἐν

493 3735 633 3784 πᾶσι
657 3732 837 3801 ψυχῆς
864 3735 1097 3786 ἐκείνου.
1152 3735 1314 3788 Ἀλλὰ
1358 3738 1452 3787 καὶ
1505 3736 1540 3789 ἃ
1577 3740 1842 3805 προφέρει
1877 3741 1902 3791 6
1937 3741 2077 3792 αἰδέ-

495 3843 656 3892 σιμος
695 3826 923 3892 Ἐφέσου
970 3826 1333 3894 συμϐιὸάζων
1352 3828 1440 3881 διὰ
1495 3830 1974 3898 παραδειγμάτων,
2001 3832 2075 3894 ὡς

495 3914 931 3982 ἰσοδυναμοῦσαν
963 3921 1030 3986 τῇ
1059 3917 1158 3970 διὰ
1198 3918 1298 3985 τὴν
1327 3919 1419 3979 ἐκ,
1447 3920 1650 3988 μᾶλλον
1682 3925 1813 3989 ἡμῖν
1847 3940 2076 3990 συμφωο

491 4006 632 4074 νεῖῆ
668 4007 818 4076 αὐτῷ
851 4008 1141 4075 φρονοῦντι
1174 4010 1274 4077 τὴν
1309 4009 1407 4062 διὰ
1465 4011 1587 4078 ἀντὶ
1634 4013 1732 4079 τῆς
1777 4015 1930 4080 μετὰ
1983 4015 2076 4066 καὶ

491 4098 643 4163 σὺν,
671 4101 808 4170 ὅπερ
844 4102 1018 4163 οὐδεὶς
1045 4101 1158 4154 τῶν
1191 4103 1363 4166 ἁγίων
1406 4105 1629 4174 εἴρηκεν
1657 4105 1832 4166 οὕτως
1856 4108 1943 4158 ἐπὶ
1975 4107 2076 4174 τῆς

494 4191 887 4257 ἑκπορεύσεως
919 4193 1016 4263 τοῦ
1044 4192 1203 4260 ἁγίου
1266 4194 1582 4263 Πνεύματος
1607 4209 1622 4226 ·
1682 4195 1774 4248 καὶ
1825 4197 1889 4263 ἢν
1927 4213 2077 4247 συνε-

494 4284 824 4352 πτυγμένην
843 4284 1131 4352 θεολογεαν
1158 4281 1294 4337 εἶναι
1318 4285 1538 4352 φάσκει,
1566 4286 1626 4338 τὸ
1655 4286 1720 4337 δι’
1754 4288 1882 4340 Tia-3
1913 4266 2076 4340 éxno;

495 4376 784 4443 ρεύεσΘαι,
821 4376 1069 4445 δηλονότι
1099 4377 1161 4428 τὸ
1194 4377 1262 4429 δι’
1298 4377 1427 4429 Υἱοῦ
1459 4378 1830 4446 φανεροῦσθαι
1868 4382 1898 4449 ἢ
1936 4398 2073 4446 γνω-

493 4466 749 4536 ρέζεσ.6αι
780 4467 812 4538 ἢ
849 4469 1160 4537 ἐκλάμπειν
1211 4471 1244 4540 ἢ
1283 4471 1605 4537 πεφηνέναι,
1661 4472 1820 4524 τοῦτο
1855 4474 1886 4542 ἡ
1955 4475 2076 4526 Ἑκ-

493 4560 698 4627 κλησῐα
726 4561 787 4612 οὐ
827 4559 1110 4629 κηρύττει.
1156 4561 1213 4612 El
1249 4562 1356 4628 γὰρ
1392 4562 1490 4627 τὴν
1515 4563 1593 4624 είς
1622 4562 1712 4612 τὸν
1739 4562 1945 4627 κόσμον
1977 4567 2068 4616 καὶ
2110 4536 2149 4587 D

493 4654 662 4720 μόνον
690 4651 1010 4721 ψανέρωσιν
1041 4652 1210 4721 δηλοῖ,
1240 4653 1335 4704 καὶ
1377 4654 1437 4704 οὐ
1466 4652 1535 4705 δι’
1581 4653 1794 4706 ἐκείνου
1846 4654 1962 4708 ἔστι
2014 4657 2073 4708 τὸ

491 4745 721 4814 Πνεῦμα
752 4747 812 4798 τὸ
845 4747 1020 4814 ἇγιον,
1057 4748 1265 4816 πέφηνε
1298 4748 1353 4798 δὲ
1415 4747 1547 4798 αὐτὸ
1584 4749 1680 4799 καὶ
1725 4750 1789 4800 ὲκ
1833 4747 1928 4800 τοῦ
1967 4750 2075 4801 Πα-

492 4840 649 4905 τρὸς,
693 4837 769 4906 μὴ
801 4837 1044 4903 λεγέσθω
1081 4837 1158 4904 (ri)
1191 4837 1285 4888 καὶ
1311 4838 1372 4888 ὲκ
1403 4835 1498 4888 τοῦ
1546 4835 1757 4904 Πατρός
1783 4834 1940 4888 εἶναι.
1985 4836 2075 4889 Ἐν

494 4931 619 4998 γὰρ,
654 4929 732 4998 τῷ
767 4929 896 4998 περὶ
935 4929 1030 4981 τοῦ
1087 4929 1408 4998 Πνεύματος
1457 4928 1597 4996 λόγῳ
1628 4929 1656 4980 6
1703 4928 1875 4998 μέγας
1910 4927 2073 4982 Βασί-

495 5021 644 5083 λειός
668 5035 826 5090 φησι⁸
866 5039 884 5072 ι
917 5020 990 5073 Τὸ
1023 5018 1250 5088 Πνεῦμα
1310 5020 1370 5072 τὸ
1399 5021 1555 5088 ἆγιον
1585 5019 1736 5071 οὐδὲν
1788 5017 1913 5089 ἔχον
1947 5021 2070 5073 ὲπί-

489 5127 694 5180 κτητον
719 5113 774 5163 ἐν
809 5110 1008 5179 ἐαυτῷ,
1034 5110 1150 5162 ἀλλ’
1169 5111 1357 5174 ἁῖδίως
1378 5111 1557 5163 πάντα
1579 5111 1720 5180 ἔχον,
1753 5112 1828 5176 ὡς
1850 5111 2074 5182 Πνεῦμα

488 5206 628 5261 Θεοῦ
669 5209 760 5258 καὶ
802 5206 862 5269 ἐξ
883 5205 1050 5260 αὐτοῦ
1085 5207 1327 5275 πεφηνὸς
1360 5205 1463 5276 (5).-
1503 5224 1522 5257 ι
1566 5205 1642 5259 Τὸ
1679 5207 1734 5260 δὲ
1771 5209 1894 5261 Οὐκ
1909 5207 2071 5275 ἄλλη

486 5317 581 5362 τις
623 5297 847 5364 ἰδιότης
881 5297 987 5357 τοῦ
1012 5298 1366 5366 Πνεύματος
1421 5299 1572 5367 πρὸς
1621 5299 1728 5352 τὸν
1770 5301 1906 5354 Υιιτν
1935 5299 1970 5367 ἢ
2010 5304 2074 5353 τὸ

481 5391 614 5458 μετ’
662 5387 852 5440 αὐτοῦ
901 5386 1283 5456 γνωρίζεσθαι
1307 5385 1405 5454 οὐχ
1429 5386 1503 5448 ὡς
1542 5389 1567 5437 6
1600 5387 1770 5455 μέγας
1803 5387 2077 5450 Bacticis;

485 5477 658 5546 λέγει,
679 5477 853 5537 οὕτως
885 5475 1102 5560 ἐξέθετο
1132 5475 1228 5528 καὶ
1261 5473 1427 5538 αὐτός
1464 5487 1477 5501 ’
1515 5477 1543 5528 6
1570 5473 1680 5542 γὰρ
1710 5475 1852 5538 θεῖος
1906 5477 2066 5530 Βασί-
2096 5537 2102 5542 η

562 5633 637 5701 (l)
666 5633 774 5685 lloc
802 5641 951 5687 textu
983 5631 1092 5700 jam
1127 5632 1192 5684 ad
1227 5647 1347 5701 cap.
1385 5633 1404 5684 l
1455 5647 1588 5685 usus
1629 5631 1804 5686 fuerat
1836 5630 2050 5686 Noster.

511 5719 518 5725 λ
560 5707 640 5775 ('2)
672 5706 744 5775 Τὸ
769 5704 992 5773 Πνεῦμα
1017 5706 1170 5758 deest
1200 5704 1252 5756 in
1273 5703 1422 5768 cod.,
1455 5711 1635 5756 tamen
1652 5705 1958 5758 necessario
1976 5715 2058 5758 est

484 5774 819 5847 ponendunn

560 5845 710 5918 (εγω
739 5845 902 5902 habet
926 5845 1115 5912 Maro,
1151 5844 1186 5901 f.
1220 5843 1324 5900 218
1348 5845 1600 5913 h,omitt.
1636 5843 1780 5901 Men.
1817 5845 1854 5900 f.
1889 5846 1984 5901 19.9
2007 5861 2056 5899 a.

2181 3273 2297 3326 solo
2327 3271 2464 3326 Filio
2498 3272 2792 3339 procedere
2827 3269 3091 3339 Spiritum
3148 3283 3424 3334 sanctum,
3486 3272 3753 3341 quemad-

2183 3365 2405 3418 modum
2452 3365 2756 3418 liunomius
2800 3365 3040 3426 dicebat,
3092 3381 3267 3433 neque
3321 3380 3383 3418 es
3428 3366 3544 3419 solo
3579 3363 3763 3429 Patre,

2181 3454 2640 3525 quemadmodum
2676 3454 2970 3510 Nestorius
3005 3466 3166 3524 atque
3218 3456 3599 3510 Thcodoretus
3632 3471 3763 3510 sen-

2183 3551 2414 3612 tiebant,
2449 3548 2767 3610 admittens,
2800 3547 2894 3602 sed
2941 3565 3004 3601 ex
3035 3547 3195 3601 Patre
3227 3565 3324 3617 per
3347 3548 3542 3602 Filium
3576 3564 3768 3618 proceo.

2181 3644 2309 3695 dere
2352 3643 2656 3711 theologica
2695 3644 2947 3696 oratione
2976 3643 3300 3710 praedicans,
3342 3643 3386 3697 si
3425 3645 3765 3712 pra‘positio-

2182 3750 2302 3786 netu
2335 3750 2426 3801 per
2457 3749 2664 3802 p0nens
2718 3750 2836 3788 eam
2883 3751 2982 3803 pro
3026 3751 3142 3788 cum
3178 3735 3554 3798 intellexisset,
3590 3736 3764 3787 multo

2183 3827 2331 3894 plura
2372 3841 2538 3894 quam
2566 3828 2815 3894 s0phista
2849 3827 3108 3884 fecisset;
3141 3828 3289 3894 quod
3324 3827 3482 3897 longe
3505 3844 3534 3880 a
3570 3837 3762 3882 sancta

2179 3927 2344 3983 atque
2371 3915 2426 3968 in
2458 3916 2717 3969 omnibus
2750 3917 3223 3984 irreprehensibili
3255 3917 3402 3970 illius
3427 3919 3608 3978 anima
3632 3918 3764 3971 alie-

2182 4022 2309 4058 num
2356 4017 2456 4060 est.
2506 4007 2613 4060 Sed
2658 4008 2822 4061 etiam
2865 4023 2928 4061 ea
3003 4024 3124 4076 qua:
3178 4009 3385 4076 profert
3433 4011 3761 4064 venerabilis

2181 4099 2400 4166 Ephesi,
2433 4099 2712 4155 deducens
2767 4115 2862 4168 per
2919 4103 3167 4171 exempla
3225 4104 3657 4171 propositionem
3697 4119 3762 4158 ea:

2178 4191 2546 4259 praepositioni
2597 4206 2688 4260 per
2716 4192 3074 4260 :equivalere,
3113 4194 3287 4260 magis
3329 4195 3491 4249 nobis
3528 4209 3762 4248 concor-

2177 4285 2326 4344 dant,
2360 4298 2524 4352 quant
2554 4283 2658 4352 ipsi
2690 4284 2930 4338 sumenti
2967 4299 3057 4350 per
3089 4285 3210 4338 loco
3240 4301 3384 4348 cum,
3421 4285 3569 4354 quod
3599 4301 3760 4339 nemo

2180 4385 2493 4430 sanctorum
2525 4375 2600 4428 ita
2629 4375 2768 4430 dixit
2801 4375 2869 4430 de
2923 4377 3100 4430 sanc'i
3135 4377 3372 4443 Spiritus
3411 4379 3762 4445 processione

2179 4478 2231 4522 et
2253 4481 2415 4537 quam
2443 4468 2766 4536 theologiam
2795 4469 3122 4536 implicitum
3157 4485 3278 4524 esse
3303 4470 3399 4532 ait,
3436 4485 3531 4537 per
3556 4469 3758 4523 Filium

2179 4560 2476 4629 procedere
2534 4559 2676 4621 idem
2730 4575 2854 4615 esse
2900 4575 2962 4615 ac
3021 4579 3117 4630 per
3151 4562 3351 4615 Filium
3409 4562 3754 4617 manifestari

2179 4652 2259 4706 vel
2287 4652 2543 4720 cognosci
2594 4652 2677 4706 vel
2711 4651 2972 4722 eﬂulgere
3003 4655 3088 4706 vel
3123 4669 3405 4722 apparere,
3440 4655 3541 4708 hoc
3574 4653 3758 4709 Eccle-

2180 4745 2260 4800 sia
2290 4744 2513 4797 minime
2543 4743 2819 4812 praedicat.
2861 4744 2919 4798 Si
2968 4745 3114 4798 enim
3149 4747 3198 4798 id
3236 4747 3462 4799 denotat
3507 4747 3561 4798 in
3593 4762 3756 4798 mune

2179 4836 2306 4889 dum
2341 4834 2424 4889 vel
2464 4835 2639 4890 solum
2679 4835 3208 4900 manifestatiouem,
3243 4846 3298 4890 et
3346 4835 3593 4905 Spiritus
3630 4854 3758 4890 sau-

2180 4935 2300 4982 ctus
2325 4941 2432 4980 non
2463 4937 2548 4982 est
2570 4942 2666 4995 per
2698 4926 2920 4993 Filium,
2947 4927 3204 4998 apparuit
3230 4937 3410 4982 autem
3444 4929 3560 4997 ipse
3587 4930 3751 4982 etiam

2179 5035 2245 5075 ex
2274 5019 2458 5083 Patre,
2481 5035 2588 5074 non
2615 5019 2904 5076 dicendum
2935 5021 3040 5075 erit
3067 5035 3285 5090 quoquo
3326 5035 3451 5074 eum
3501 5037 3568 5074 ex
3596 5019 3754 5073 Patre

2181 5126 2324 5165 esse.
2377 5109 2511 5164 Nam
2563 5111 2618 5166 iu
2679 5111 2821 5166 libro
2875 5110 2946 5164 De
2998 5110 3206 5177 Spiritu
3254 5120 3475 5176 sancto,
3524 5125 3754 5174 maguus

2182 5201 2394 5255 Basilus
2427 5201 2540 5254 ait:
2573 5219 2591 5252 ι
2628 5199 2869 5269 Spiritus
2913 5209 3138 5254 sanctus
3180 5200 3314 5253 nihil
3377 5201 3430 5252 in
3483 5213 3541 5252 se
3593 5197 3755 5249 habet

2183 5294 2501 5358 ascititium,
2531 5295 2624 5348 sed
2659 5294 2728 5347 ab
2758 5301 2967 5348 aeterno
2996 5293 3184 5348 omnia
3229 5291 3573 5358 possidet..uti
3633 5288 3754 5357 Spi-

2183 5387 2320 5441 ritus
2354 5385 2444 5440 Dei
2502 5395 2555 5439 et
2588 5400 2654 5440 ex
2686 5400 2752 5439 eo
2802 5400 3093 5455 apparens.
3137 5404 3156 5438 ι
3195 5385 3352 5450 Quod
3415 5399 3542 5438 vero
3577 5383 3641 5436 ad
3689 5398 3749 5435 ca

2176 5478 2336 5534 verba
2366 5485 2605 5548 Spectat,
2684 5496 2703 5530 ι
2743 5477 2863 5533 Non
2898 5478 3004 5532 alia
3043 5477 3289 5546 quaedam
3327 5478 3633 5550 proprietas
3668 5484 3752 5528 est

2241 5634 2313 5701 (ιι
2343 5635 2506 5701 Mon.,
2537 5635 2572 5689 f.
2610 5636 2710 5689 19.9
2745 5636 2796 5702 Ι),
2826 5635 2897 5705 μὴ
2927 5635 3200 5703 λέγεσθαι.

2243 5708 2322 5774 (εί)
2356 5707 2553 5761 Eadem
2587 5707 2768 5778 Basilii
2814 5703 2977 5762 verba
3009 5706 3153 5778 apud
3206 5707 3437 5762 Beccuzn
3468 5703 3647 5774 Epigr.
3688 5703 3758 5759 15

2175 5777 2286 5841 (Gr.
2320 5779 2487 5840 ot'tlt.,
2517 5786 2551 5832 t.
2594 5775 2656 5844 ll,
2693 5794 2742 5846 p.
2769 5777 2916 5847 (550).
