4470 6452
773 406 842 473 ’11
1695 401 2079 462 GREGORII
2119 399 2422 460 ΜᾹΜΜᾸΞ
2461 398 2538 457 CF

2284 399 2422 460 ΜΕ
2461 398 2574 457 CP.
2619 391 3129 458 PATRIARCHE
3979 388 4049 454 72

772 518 1090 576 testimonia
1114 516 1415 583 Ambrosii,
1447 517 1665 582 Hilarii,
1701 516 1900 573 Leonis
1928 527 1983 572 et
2040 519 2356 588 Augustini,
2386 528 2432 588 Α
2471 519 2531 571 ’Δ

2287 520 2356 582 ni,
2386 528 2432 588 Α
2471 518 2806 588 ’Δμϐροσίου
2853 517 2945 568 καὶ
2986 512 3224 584 Ἰλαρίου
3278 511 3374 567 καὶ
3431 511 3657 574 Λέοντος
3701 508 3798 563 καὶ
3843 507 4052 576 Αὐγου-

770 622 826 666 ct
859 626 1021 664 nemo
1057 612 1108 662 in
1139 620 1343 662 tantam
1375 608 1666 662 audaciam
1695 609 1965 678 prorupit,
1996 619 2055 663 ut
2091 609 2361 677 ejusmodi

773 705 903 772 quid
929 709 1226 757 eructaret.
1255 700 1398 767 Quid
1432 715 1564 755 vero
1597 700 1814 756 videtur
1869 702 1972 770 ipsi
2026 703 2202 755 sancti
2251 699 2366 753 Ma-

775 795 908 846 ximi
965 792 1196 862 Cpi>lOla
1259 793 1472 853 dicens,
1519 790 1897 845 Occidentales
1954 791 2144 847 Patres
2180 791 2367 846 dicere

774 885 945 938 ctiam
972 899 1040 939 ex
1073 885 1208 940 Filio
1229 887 1526 955 procedere
1587 885 1851 955 Spiritum
1884 900 2161 952 sanctum,
2198 902 2363 957 quam

778 977 894 1043 ipse
926 978 1091 1044 paulo
1122 987 1249 1030 ante
1301 977 1529 1046 protulit
1561 977 1665 1045 (a),
1699 987 1758 1032 ut
1808 979 2113 1032 declararet
2161 993 2260 1033 eos
2307 993 2367 1031 se

777 1082 887 1120 non
918 1067 1114 1121 Filium
1146 1083 1370 1122 causam
1400 1069 1662 1124 facientes
1680 1069 2006 1124 ostendisse.
2035 1069 2175 1135 Quid
2200 1068 2367 1123 vero?

777 1153 972 1210 Nonne
1031 1157 1382 1226 amplectitur
1432 1157 1686 1213 Ph0tium
1735 1158 2106 1226 patriarcham
2161 1159 2253 1227 qui
2310 1157 2365 1212 id

778 1246 1073 1299 conﬁtetur
1106 1247 1129 1299 ?
1157 1247 1392 1302 Causam
1428 1263 1558 1303 vero
1589 1247 1815 1302 Latinos
1844 1263 2042 1316 negare
2094 1249 2226 1304 dicit
2286 1250 2368 1304 di-

782 1353 885 1390 vus
934 1336 1249 1406 Maximus;
1301 1339 1483 1409 potius
1542 1341 1699 1394 divus
1760 1339 1995 1394 Basilius
2049 1339 2163 1409 jam
2203 1350 2366 1394 antea

783 1428 924 1482 hanc
951 1438 1133 1498 negat,
1156 1440 1215 1484 ut
1248 1431 1303 1483 in
1325 1431 1704 1501 superioribus
1760 1435 2194 1487 demonstratum
2258 1443 2365 1486 est.

783 1519 1030 1589 Namque
1056 1537 1400 1590 quaecunque
1429 1522 1599 1577 Filius
1633 1525 1815 1587 habet,
1871 1525 1986 1577 hinc
2032 1540 2137 1577 non
2190 1541 2257 1578 ex
2310 1541 2369 1579 se

785 1611 905 1679 ipso
932 1614 1113 1675 habet,
1144 1628 1320 1680 neque
1353 1627 1496 1675 esse,
1523 1614 1614 1666 sed
1648 1630 1714 1668 ex
1752 1615 1915 1668 Patre
1948 1624 2061 1666 tum
2097 1629 2220 1668 esse
2248 1625 2360 1667 tum

784 1703 966 1756 omnia
994 1704 1272 1770 possidere
1294 1705 1481 1768 habet,
1511 1714 1566 1758 ut
1601 1705 1740 1774 ipse,
1767 1709 1858 1775 qui
1889 1715 1972 1759 est
1998 1706 2114 1775 ipsa
2143 1706 2365 1770 veritas,

787 1793 905 1844 ait:
967 1793 1173 1847 Omnia
1244 1811 1564 1863 quwcunque
1621 1797 1773 1849 habet
1827 1796 2011 1861 Pater,
2058 1814 2172 1850 mea
2223 1808 2364 1850 sunt.

2477 612 2684 673 στίνου,
2716 612 2811 662 καὶ
2837 609 3012 669 οὐδεὶς
3036 609 3115 670 είς
3141 605 3300 658 τοῦτο
3323 603 3602 674 τολμήσας
3630 599 3813 674 ἦλθεν,
3833 605 3910 666 ὡς
3939 621 4054 654 τοι-

2472 701 2628 753 οῦτόν
2671 718 2722 752 τι
2769 697 3125 769 ὲρεύξασθαι.
3159 697 3225 750 Τί
3255 697 3310 749 δὲ
3348 695 3673 764 δοκεῖαύτῷ
3705 696 3736 763 ή
3770 694 3861 747 τοῦ
3896 693 4053 760 ἁγίο)

2472 790 2726 859 Μαξίμου
2760 788 3024 856 ἐπιστολὴ
3058 787 3318 855 λέγουσα,
3350 788 3479 850 τοὺς
3512 787 3774 847 Δυτικοὺς
3803 786 4054 853 Πατέρας

2473 882 2652 949 λέγειν
2689 880 2796 934 κάκ
2832 879 2929 933 τοῦ
2971 879 3099 932 Υίοῦ
3154 879 3552 949 ἐκπορεύεσθαι
3608 877 3667 931 τὸ
3717 876 3946 945 Πνεῦμα
3993 877 4053 929 τὸ

2475 977 2655 1042 ἅγιον,
2688 974 2755 1043 ἢν
2792 972 2986 1042 μικρὸν
3033 971 3274 1040 πρόσθεν
3311 971 3628 1040 προῠθῳιεν
3660 971 3726 1023 ἵν’
3750 971 4052 1042 ὲμφανίσῃ,

2474 1067 2550 1128 ὡς
2577 1067 2676 1118 οὐκ
2709 1065 2888 1117 αἰτίαν
2917 1064 3006 1115 τὸν
3039 1063 3166 1115 Υιὺν
3195 1061 3485 1124 ποιοῦντας
3516 1064 3655 1128 σφᾶς
3687 1062 3885 1125 αὐτοὺς
3919 1059 4053 1113 ἀπέ-

2472 1155 2687 1221 δειξαν;
2713 1157 2776 1208 Τί
2800 1156 2845 1209 6‘
2863 1157 2920 1208 οὑ
2949 1156 3165 1225 στέργει
3187 1155 3394 1207 Φώτιον
3417 1156 3508 1208 τὸν
3534 1155 3876 1223 πατριάρχην
3895 1154 4054 1205 τοῦτο

2473 1250 2882 1319 όμο).ογοῦντα;
2919 1249 3032 1318 Τὴν
3061 1249 3103 1301 δ’
3131 1247 3308 1301 αἰτίαν
3338 1248 3367 1299 6
3397 1247 3538 1310 θεῖος
3583 1246 3835 1312 Μάξιμος
3867 1247 4050 1315 ἀρνεῖ-

2477 1341 2601 1393 σΘαί
2628 1357 2761 1410 φησι
2791 1341 2916 1402 τοὺς
2964 1341 3230 1401 Λατίνους
3252 1355 3267 1370 ⁸
3304 1339 3509 1409 μᾶλλον
3539 1340 3568 1391 6
3601 1338 3743 1400 θεῖος
3776 1339 4055 1398 Βασίλειος

2475 1434 2743 1504 πρότερον
2769 1433 2980 1501 ταύτην
3011 1434 3286 1502 ἀρνεῖται,
3314 1433 3388 1494 ὼς
3414 1430 3923 1502 προαποὸἐδεικται.
3947 1431 4058 1484 Καὶ

2474 1528 2582 1592 γὰρ
2612 1524 2713 1576 ὅσα
2743 1524 2770 1575 6
2801 1523 2930 1584 Υἱὸς
2959 1523 3096 1592 ἔχει,
3131 1523 3229 1576 οὐκ
3261 1523 3319 1587 ἐξ
3351 1522 3546 1575 ἑαυτοῦ
3574 1521 3728 1576 ταῦτ’
3760 1523 3895 1592 ἔχει,
3932 1522 4055 1573 οὐδὲ

2474 1615 2535 1666 τὸ
2580 1609 2741 1678 εἶναι,
2775 1614 2889 1666 ἀλλ’
2917 1615 2983 1667 ὲκ
3032 1615 3124 1666 τοῦ
3159 1615 3372 1682 Πατρὸς
3416 1616 3511 1666 καὶ
3561 1614 3622 1666 τὸ
3673 1611 3814 1666 εἶναι
3867 1613 3961 1666 καὶ
3998 1612 4056 1664 τὸ

2477 1705 2656 1756 πάντα
2679 1703 2844 1772 ἔχειν,
2879 1706 2953 1766 ὡς
2995 1704 3155 1765 αὐτὸς
3183 1705 3553 1773 αὑτοαλὴθεια
3586 1704 3661 1756 ὦν
3686 1703 3818 1773 ἔφη,
3853 1706 4055 1758 Πάντα

2478 1793 2596 1850 ὅσα
2619 1795 2743 1862 ἔχει
2770 1797 2803 1847 ό
2834 1794 3059 1862 Πατὴρ,
3089 1793 3202 1862 ἐμά
3226 1795 3380 1847 ἐστι·
3412 1794 3508 1847 διὰ
3535 1795 3712 1848 τοῦτο
3744 1792 3938 1857 εἷπον,
3970 1795 4057 1848 ὅτι

790 1879 1080 1950 Propterea
1107 1883 1245 1944 dixi.
1278 1884 1406 1951 quia
1447 1885 1517 1938 de
1550 1900 1670 1938 meo
1696 1887 1926 1953 accipiet
1949 1897 2004 1940 ct
2025 1887 2375 1940 aununtiabit
2408 1887 2447 1940 Β
2475 1890 2545 1940 ἐκ

2297 1888 2375 1940 bit
2408 1887 2447 1940 Β
2475 1890 2545 1940 ἐκ
2582 1888 2686 1941 τοῦ
2716 1888 2862 1955 ἐμοῦ
2880 1887 3143 1955 λήψεται
3162 1888 3258 1941 καὶ
3285 1887 3610 1956 ἀναγγελεῖ
3635 1887 3797 1956 ὑμῖν.
3827 1889 4006 1957 ὀπερ
4031 1890 4056 1938 6

788 1974 960 2026 vobis.
993 1972 1152 2038 Quod
1185 1975 1491 2043 explanatis
1523 1974 1687 2028 divus
1710 1976 2140 2046 Chrysostomus
2185 1976 2320 2030 dicit
2348 1993 2362 2029 :

793 2081 812 2115 ι
852 2063 924 2118 De
960 2080 1077 2117 utea
1113 2065 1341 2119 scientia
1371 2067 1624 2136 accipiet,
1665 2069 1731 2120 de
1767 2069 1831 2121 iis
1886 2085 2007 2136 qua:
2042 2082 2141 2138 ego
2177 2069 2311 2122 scio.
2346 2088 2362 2118 ο

788 2155 945 2210 Patet
976 2157 1158 2224 igitur,
1194 2171 1259 2211 ex
1293 2156 1428 2212 Filio
1477 2159 1720 2227 accipere
1772 2159 2036 2226 Spiritum
2093 2169 2365 2213 sanctum.

792 2246 910 2302 Non
943 2256 1029 2303 est
1058 2264 1190 2316 ergo
1217 2247 1324 2301 alia
1349 2264 1436 2303 res
1465 2248 1588 2301 Filii
1631 2249 1860 2302 scientia
1885 2259 1940 2302 et
1968 2251 2111 2304 alius
2180 2249 2368 2314 Filius,

795 2348 853 2392 ιιι
884 2340 1044 2393 divus
1067 2339 1304 2407 Cyrillus
1363 2343 1415 2394 in
1465 2341 1762 2397 'l‘hesauris
1791 2341 1956 2395 tradit
1994 2362 2006 2396 :
2043 2340 2289 2412 Simplex
2312 2356 2367 2397 et

795 2429 1200 2498 compositionis
1253 2445 1447 2498 expers
1507 2429 1644 2485 Deus
1707 2431 1851 2499 apud
1919 2447 2113 2486 omnes
2164 2433 2371 2501 gloriti-

795 2523 1028 2577 cabitur.
1062 2542 1080 2574 ι
1121 2521 1360 2575 Proinde
1387 2523 1684 2576 absurdum
1735 2536 1818 2578 cst
1860 2525 1926 2577 de
1991 2527 2108 2593 ipso
2162 2525 2369 2588 dcere,

796 2633 921 2670 cum
945 2619 1103 2670 talem
1139 2616 1338 2670 habere
1373 2617 1684 2680 Scientiam,
1709 2621 1922 2685 qualem
1954 2619 2218 2684 habemus
2247 2635 2368 2671 nos.

797 2708 852 2761 St
881 2710 1022 2760 enim
1067 2709 1178 2776 ipse
1205 2708 1420 2777 quidem
1455 2707 1602 2760 aliud
1631 2709 1929 2777 quidquam
1960 2697 2074 2771 est,
2095 2708 2200 2762 alia
2239 2724 2366 2762 vero

798 2809 996 2866 praeter
1022 2799 1198 2866 ipsum
1232 2797 1483 2860 scientia,
1515 2813 1631 2866 quae
1663 2803 1716 2851 in
1770 2816 1833 2851 co
1865 2809 1972 2862 est,
2029 2799 2369 2866 compositus

797 2891 896 2942 crit
936 2901 990 2942 ct
1019 2905 1125 2942 tum
1153 2889 1402 2958 simplex.
1443 2889 1711 2953 Qniritium
1746 2906 1870 2943 vero
1900 2891 2132 2958 simplex
2185 2902 2268 2944 est
2303 2905 2371 2944 ex

794 2980 1069 3042 confesso,
1097 2997 1203 3033 non
1233 2980 1381 3033 aliud
1410 2981 1708 3050 quidquam
1740 2991 1933 3048 praeter
1960 2981 2134 3048 ipsum
2159 2981 2373 3035 exsistit

797 3075 1048 3141 scientia,
1085 3092 1205 3144 qum-
1223 3085 1306 3131 est
1345 3075 1397 3129 in
1435 3079 1572 3146 ipso.
1603 3075 1713 3130 Nos
1744 3092 1872 3130 vero
1905 3092 2010 3128 l|0.l
2050 3077 2143 3130 ita.
2167 3079 2371 3131 Sumus

2472 1977 2612 2039 Οεῖος
2629 1976 3106 2047 Χρυσόστομοςῌ)
3123 1978 3487 2046 ἐξηγούμενος
3510 1977 3666 2046 ἔφη-ι
3691 1978 3785 2029 Ἐκ
3806 1978 3902 2045 τῆς
3921 1979 4058 2046 ἐμῆς

2471 2070 2747 2136 γνώσεως,
2780 2070 2837 2134 ἐξ
2866 2062 2941 2122 ὧν
2973 2069 3084 2136 ἐγὼ
3117 2071 3281 2132 αὐτὸς
3307 2066 3447 2122 οἶδα.
3483 2089 3501 2120 ι
3541 2071 3710 2137 Δῆλον
3741 2065 3856 2130 οὖν,
3886 2070 3964 2121 ὅτι
3997 2073 4057 2120 ὲκ

2471 2162 2566 2215 τοῦ
2600 2163 2730 2214 Υίυῦ
2766 2163 3041 2231 λαμϐάνει
3092 2163 3153 2214 τὸ
3204 2162 3432 2230 Πνεῦμα
3476 2164 3534 2215 τὸ
3572 2162 3751 2228 ἅγιον.
3782 2162 3894 2214 Οὐκ
3944 2162 4058 2214 ἔστι

2471 2253 2654 2306 τοίνυν
2685 2255 2717 2323 ἡ
2748 2254 2952 2320 γνῶσις
2982 2253 3076 2306 τοῦ
3107 2253 3233 2304 Υἱοῦ
3263 2252 3397 2321 ἄλλη
3443 2252 3537 2306 καὶ
3568 2252 3726 2313 ἄλλος
3754 2253 3781 2302 ό
3814 2252 3959 2314 Υἱὸς,
3985 2251 4059 2314 ὡς

2471 2347 2500 2398 6
2527 2346 2667 2407 Θείος
2693 2345 2964 2415 Κύριλλος
2993 2347 3050 2397 ἐν
3078 2350 3192 2409 τοῖς
3219 2346 3532 2413 Θησαυροῖς
3555 2359 3739 2412 φησιν·
3773 2361 3791 2393 ι
3827 2342 4060 2408 Ἀπλοῦς

2474 2439 2568 2490 καὶ
2598 2437 2893 2501 ἀσύνθετος
2921 2436 2998 2491 ὢν
3026 2440 3054 2491 6
3081 2438 3212 2499 Θεὸς
3241 2437 3376 2506 πρὸς
3407 2438 3484 2507 (‘2')
3514 2440 3768 2493 ἁπάντων
3796 2439 4060 2508 ὁμολογη-

2475 2529 2724 2597 θήσιται.
2761 2547 2779 2581 ι
2814 2528 3023 2583 Οὐκοῦν
3052 2528 3254 2581 ἄτοπον
3275 2528 3336 2579 τὸ
3368 2529 3547 2594 λέγειν
3584 2531 3707 2599 περὶ
3736 2527 3922 2592 αὑτοῦ,
3949 2545 4059 2580 τοι-

2473 2620 2645 2688 αύτην
2672 2619 2816 2688 ἔχειν
2840 2619 3001 2671 αὑτὸν
3027 2619 3123 2688 τὴν
3158 2620 3384 2686 γνῶσιν,
3413 2619 3608 2671 ὁποίαν
3637 2621 3700 2673 ἂν
3732 2621 3825 2672 καὶ
3863 2621 4048 2688 ἡμεῖς.

2474 2713 2537 2765 ΕΞ
2567 2713 2675 2781 γὰρ
2699 2712 2862 2774 αὐτὸς
2897 2712 2995 2780 μὲν
3017 2712 3210 2781 ἕτερόν
3239 2713 3293 2764 τί
3322 2712 3492 2774 ἐστιν,
3524 2710 3700 2781 ἑτέρα
3729 2711 3785 2763 δέ
3813 2731 3891 2772 τις
3927 2712 4056 2779 παρ’

2476 2802 2641 2856 αὑτὸν
2689 2804 2720 2870 ἡ
2773 2803 2829 2854 ἐν
2876 2801 3027 2869 αὑτῷ
3081 2801 3305 2868 γνῶσις,
3349 2799 3604 2864 σύνθετός
3650 2805 3767 2854 ἐστι
3820 2803 3915 2853 καὶ
3958 2803 4055 2870 οὐχ

2476 2892 2704 2956 ἁπλοῦςο
2734 2895 2856 2946 ἐπεὶ
2880 2893 2935 2946 δὲ
2962 2893 3168 2956 ἁπλοῦς
3195 2893 3644 2962 ὁμολογουμένως
3668 2895 3762 2963 οὐχ
3793 2893 3978 2963 ἕτερόν
4005 2913 4054 2946 τι

2481 2986 2607 3056 παρ’
2633 2985 2796 3038 αὑτὸν
2834 2987 2866 3052 ἠ
2899 2988 2959 3038 ὲν
2987 2985 3137 3053 αὐτῷ
3171 2984 3390 3050 γνῶσις.
3427 2985 3619 3055 Ἡμεῖς
3651 2985 3705 3038 δὲ
3728 2988 3826 3055 οὐχ
3861 2986 4053 3047 οὕτως

2477 3077 2646 3146 ἐσμὲν
2677 3077 2784 3147 γάρ
2818 3094 2869 3129 τι
2903 3076 3024 3130 κατ’
3061 3077 3272 3141 οὐσίαν,
3307 3077 3364 3130 ἑν
3399 3076 3456 3130 δὲ
3489 3080 3554 3147 τῇ
3597 3078 3753 3148 οὐσίᾳ
3799 3079 4056 3147 κειμένην

794 3166 940 3218 enim
969 3166 1172 3234 aliquid
1208 3167 1509 3221 secundum
1540 3167 1856 3228 essentiam,
1895 3181 1946 3217 ιιι
1979 3168 2216 3219 essentia
2241 3180 2371 3219 vero
2403 3210 2445 3266 ο
2480 3169 2559 3239 εχι

2288 3180 2371 3219 :ro
2403 3210 2445 3266 ο
2480 3169 2678 3239 ἔχομεν
2721 3170 2820 3240 τὴν
2860 3169 3086 3237 γνῶσιν.
3133 3169 3242 3222 Καὶ
3271 3169 3300 3220 6
3349 3169 3492 3232 Θεῖος
3535 3169 3852 3232 Ἀθανάσιος
3890 3171 3945 3221 ὲν
3980 3170 4053 3238 τῷ

797 3256 1029 3323 positum
1061 3255 1329 3309 habemus
1357 3256 1641 3309 scientiam
1680 3255 1774 3323 (ιι).
1821 3252 1885 3306 Ει
1920 3254 2077 3308 ditus
2136 3256 2377 3308 Athana-

797 3349 944 3410 sius,
971 3347 1218 3401 oratione
1247 3347 1402 3400 tertia
1426 3354 1615 3399 contra
1651 3347 1884 3399 Arianos
1920 3364 1931 3399 :
1979 3347 2142 3399 Clam
2163 3358 2215 3400 et
2241 3346 2379 3416 ipse,

798 3437 998 3505 inquit,
1027 3436 1102 3490 uti
1128 3438 1335 3489 dictum
1384 3444 1486 3495 est.
1521 3434 1785 3503 Spiritum
1815 3437 1909 3488 dat
1937 3445 1990 3489 ct
2038 3451 2379 3504 quaecunque

799 3531 959 3583 habet
995 3528 1257 3598 Spiritus,
1290 3545 1353 3583 ea
1390 3545 1418 3583 a
1459 3527 1631 3582 Verbo
1657 3529 1838 3582 habet.
1873 3547 1890 3579 ι
1925 3527 2043 3581 Non
2070 3529 2224 3582 aliter
2246 3544 2378 3598 ergo

800 3622 962 3674 habet
991 3623 1104 3674 lucc
1141 3635 1204 3674 ex
1233 3618 1369 3674 Filio
1401 3630 1452 3675 et
1486 3621 1646 3674 aliter
1699 3636 1764 3674 ex
1817 3620 1983 3673 Patre
2014 3637 2028 3683 ;
2100 3620 2176 3672 uti
2229 3621 2373 3673 enim

799 3715 998 3781 sacpius
1027 3714 1234 3768 dietunt
1258 3725 1360 3778 est,
1395 3715 1576 3767 omnia
1609 3730 1674 3768 ex
1704 3714 1868 3766 Patre
1903 3718 2084 3774 habet,
2117 3714 2260 3782 quod
2286 3728 2374 3781 pa-

801 3817 880 3860 tet
903 3823 964 3859 ex
991 3808 1058 3860 iis
1092 3822 1212 3876 qua:
1242 3807 1445 3875 pluries
1469 3805 1614 3859 dicta
1646 3819 1771 3860 sunt
1803 3807 1817 3859 ι
1864 3807 2015 3860 l‘atet
2069 3820 2287 3875 quoque
2308 3821 2374 3858 ex

799 3897 911 3950 divi
947 3894 1129 3948 Basilii
1189 3896 1369 3949 verbis
1403 3893 1459 3949 in
1523 3897 1753 3966 cpistola
1807 3896 1873 3948 ad
1928 3895 2371 3962 Amphilochium

802 3989 874 4040 ita
906 3987 1147 4041 d.ccntes
1179 4005 1193 4042 :
1233 4005 1250 4038 ι
1281 3987 1503 4042 Sextum
1537 3989 1691 4041 illum
1725 3989 1867 4056 apud
1902 3987 2236 4052 Matth-amnt,
2271 3986 2376 4039 Pa-

802 4089 886 4135 ter
924 4080 1077 4134 solus
1099 4079 1249 4133 novit
1284 4080 1427 4134 diem
1472 4081 1617 4146 linis,
1649 4091 1703 4134 et
1753 4081 1894 4148 apud
1926 4078 2188 4144 Marcum,
2231 4092 2370 4146 quo-

805 4177 951 4231 niam
988 4175 1197 4229 ridetur
1228 4178 1517 4245 perspicue
1539 4175 1703 4228 etiam
1745 4173 1947 4227 Filium
2000 4173 2246 4227 disidere
2303 4172 2372 4225 ab

805 4268 909 4322 hac
939 4265 1189 4331 scientia,
1219 4266 1293 4318 ita
1327 4264 1679 4331 intelligimus
1713 4278 1725 4314 :
1771 4262 1943 4316 Nemo
1975 4271 2149 4323 norit,
2197 4276 2375 4330 neque

802 4359 981 4427 angeli
1021 4357 1138 4423 Dei,
1167 4359 1263 4411 sed
1295 4371 1470 4426 neque
1495 4354 1670 4408 Filius
1701 4353 2070 4422 cognovisset,
2105 4355 2214 4407 nisi
2247 4369 2376 4406 nos-

2482 3263 2626 3314 κατὰ
2689 3259 2988 3329 Ἀρειανῶν
3042 3261 3213 3330 τρίτῳ
3266 3261 3452 3329 φησιν·
3503 3281 3524 3314 ι
3559 3263 3669 3316 Καὶ
3717 3262 3878 3324 αὐτὸς
3926 3260 4053 3328 γὰρ.

2482 3352 2671 3420 ὥσπερ
2701 3353 2939 3421 εἴρηται,
2969 3351 3029 3403 τὸ
3077 3350 3301 3421 Πνεῦμα
3345 3352 3552 3418 δίδωσι,
3587 3353 3678 3404 καὶ
3705 3353 3804 3404 ὃσα
3853 3350 3965 3419 ἔχει
3997 3370 4056 3402 τι

2485 3444 2732 3513 Πνεῦμα,
2776 3444 2950 3495 ταῦτα
3006 3444 3159 3512 παρὰ
3216 3443 3312 3496 τοῦ
3364 3444 3541 3511 Λόγου
3591 3445 3700 3512 ἔχει
3737 3444 3835 3514 (5).
3871 3461 3890 3494 ι
3943 3444 4056 3495 Οὐκ

2482 3537 2661 3599 ἄλλως
2690 3536 2782 3589 οὖν
2813 3536 2924 3605 ἔχει
2957 3535 3132 3590 ταῦτα
3166 3539 3229 3589 ἐκ
3260 3536 3354 3589 τοῦ
3382 3537 3512 3590 Υίοῦ
3543 3538 3638 3588 καὶ
3665 3537 3842 3599 ἄλλως
3868 3538 3930 3587 ὲκ
3959 3537 4054 3588 τοῦ

2434 3654 2456 3670 ο
2485 3630 2720 3699 Πατρός·
2768 3629 2845 3690 ὡς
2895 3629 3004 3697 γὰρ
3054 3628 3313 3690 πολλάκις
3365 3629 3603 3697 εἴρηται,
3639 3627 3816 3680 πάντα
3856 3629 3919 3679 ὲκ
3962 3628 4053 3680 τοῦ

2482 3720 2693 3788 [ἰατρὸς
2722 3720 2856 3789 ἔχει·
2891 3720 2983 3772 καὶ
3010 3719 3172 3788 δῆλον
3200 3720 3265 3771 ὲκ
3294 3719 3400 3773 τῶν
3436 3717 3695 3781 πολλάκις
3728 3719 4054 3787 είρημένων,

2483 3811 2618 3864 ἀλλὰ
2647 3810 2709 3880 δὴ
2740 3811 2834 3862 καὶ
2864 3813 2926 3863 ὲκ
2953 3811 3063 3864 τῶν
3095 3809 3187 3863 τοῦ
3214 3809 3363 3863 θείου
3393 3809 3679 3862 Βασιλείου
3721 3813 3779 3863 ἐν
3811 3813 3877 3880 τῇ
3920 3811 4056 3878 πρὸς

2493 3903 2844 3972 ’Λμφιλόχιον
2891 3901 3036 3956 οὕτω
3081 3903 3404 3971 φάσκοντοςο
3447 3922 3466 3955 ι
3497 3903 3572 3957 Tb
3605 3903 3755 3972 παρὰ
3796 3906 3871 3972 τῷ
3902 3907 4056 3958 Ματ-

2482 3993 2620 4063 θαὶῳ
2650 3995 2920 4063 κείμενον·
2968 3993 3030 4046 Ὀ
3065 3994 3267 4062 Πατὴρ
3291 3993 3480 4063 μόνος
3506 3991 3632 4048 οἶδε
3661 3994 3778 4062 τὴν
3829 3996 4056 4064 ἡμέραν

2479 4085 2584 4138 τοῦ
2610 4086 2824 4150 τέλους
2965 4084 3059 4138 τοῦ
3083 4086 3138 4138 δὲ
3157 4086 3447 4156 Μάρκου...
3473 4087 3571 4156 (5),
3600 4087 3788 4156 ἐπειδὴ
3810 4089 4054 4157 φανερῶς

2478 4175 2624 4227 δοκεῖ
2656 4177 2748 4228 καὶ
2795 4179 2885 4229 τὸν
2926 4177 3054 4229 Υῑὸν
3084 4178 3444 4247 ἀπομερίζειν
3473 4180 3572 4246 τῆς
3606 4180 3884 4245 γνώσεως,
3914 4181 4054 4231 οὕτω

2481 4269 2735 4337 νοοῦμεν,
2769 4271 2851 4321 ὅτι
2876 4269 3052 4333 οὐδεὶς
3082 4265 3246 4334 οἶδεν,
3278 4271 3399 4323 οὐδὲ
3426 4271 3480 4322 ὀἱ
3514 4271 3739 4337 ἄγγελοι
3771 4265 3864 4324 τοῦ
3895 4272 4053 4333 Θεοῦ,

2481 4361 2594 4412 ἀλλ’
2621 4361 2730 4412 οὐδ’
2761 4360 2827 4412 ἂν
2853 4363 2881 4413 6
2906 4361 3035 4422 Υἱὸς
3080 4361 3242 4428 ἔγνω,
3277 4363 3326 4414 εἰ
3354 4361 3428 4430 μὴ
3456 4363 3486 4413 6
3522 4362 3735 4431 Πατὴρ,
3774 4364 4055 4414 τουτέστιν

801 4458 888 4507 sct
917 4448 1096 4512 Pater,
1126 4452 1229 4503 hoc
1261 4459 1386 4504 est:
1418 4462 1582 4502 causa
1613 4446 1758 4516 quod
1792 4445 1961 4500 Filius
2005 4448 2131 4508 scit,
2156 4463 2186 4499 a
2216 4445 2376 4501 Patre
2410 4457 2451 4510 υ
2483 4452 2516 4519 ὴ
2549 4469 2566 4501 ε

2296 4457 2376 4501 tre
2410 4457 2451 4510 υ
2483 4452 2516 4519 ὴ
2549 4452 2696 4503 αἰτία
2736 4451 2831 4503 τοῦ
2867 4453 3068 4505 εἰδέναι
3108 4454 3198 4505 τὸν
3237 4453 3366 4505 Υἰὸν
3397 4455 3550 4521 παρὰ
3575 4454 3668 4506 τοῦ
3698 4456 3930 4523 ιΙατρόςο
3961 4457 4053 4506 καὶ

805 4553 912 4606 est,
937 4552 989 4595 ct
1025 4541 1248 4594 minime
1276 4539 1507 4593 violenta
1539 4547 1592 4592 et
1619 4547 1870 4592 contorta
1894 4546 1978 4591 est
2011 4535 2126 4590 haec
2155 4537 2373 4605 expOsi-

803 4637 881 4690 tio
908 4635 982 4697 ci,
1017 4633 1109 4702 qui
1149 4640 1295 4686 recta
1325 4641 1379 4685 et
1407 4645 1559 4699 aqua
1592 4640 1770 4685 mente
1793 4631 1966 4684 audit.
2029 4628 2096 4682 Et
2124 4638 2242 4696 post
2275 4628 2376 4682 ali-

878 4873 956 4942 (1)
994 4869 1191 4939 Chrys.
1218 4867 1463 4942 hom.__78
1493 4869 1547 4922 in
1575 4868 1728 4922 Joan.

880 4938 958 5012 ('2)
996 4938 1138 5010 Πρός
1179 4944 1337 4993 habet
1361 4938 1532 5012 Motu,
1567 4943 1718 5012 deest
1752 4940 1804 4994 itt
1847 4939 2014 4993 Marc.

877 5010 956 5081 (ὅ)
985 5011 1488 5081 ltsdemAthauasii
1517 5011 1698 5081 verbis
1758 5012 1854 5080 (al.
1907 5023 2052 5066 urat.
2092 5010 2372 5081 4)_utitur

806 5076 1105 5153 Gregorius
1135 5093 1337 5153 noster_
1353 5081 1417 5132 ad
1444 5080 1576 5153 Imp.
1603 5076 1858 5149 Trapez.,
1891 5096 1941 5153 c_.
1970 5083 2024 5153 4.
2055 5091 2108 5135 et
2130 5076 2367 5153 'lfiiceplt.

807 5149 1125 5218 Ulctittuida,
1147 5160 1288 5207 orat.
1310 5149 1365 5214 ἓ,
1387 5163 1437 5203 C.
1459 5150 1491 5202 6
1511 5150 1628 5220 (Gr.
1652 5154 1828 5216 orth.,
1852 5161 1893 5205 ῑ.
1920 5149 1959 5218 Ι,
1987 5152 2112 5216 ιῖι,
2141 5151 2229 5218 44,
2254 5149 2368 5221 45).

880 5352 955 5423 (ιι)
988 5351 1124 5407 Vide
1161 5369 1321 5424 supra
1357 5370 1476 5424 cap.
1509 5355 1563 5410 4.

877 5429 951 5493 rb)
991 5424 1157 5477 liecte
1180 5427 1386 5478 Natalis
1448 5426 1779 5493 Alexander,
1827 5427 1967 5482 Hist.
2024 5430 2181 5493 eccl.,
2246 5443 2373 5484 διες.

807 5513 860 5549 ιι
889 5508 942 5548 et
972 5512 1023 5552 ι.
1054 5494 1279 5566 dissert.
1313 5499 1402 5555 18,
1446 5513 1603 5566 prop.
1665 5500 1684 5550 1
1724 5516 1738 5563 ;
1778 5520 1794 5551 ι
1857 5500 2096 5566 Spiritus
2151 5512 2374 5554 sanctus

807 5568 1008 5634 accipit
1040 5583 1067 5638 a
1107 5565 1241 5638 Filio
1275 5583 1377 5618 nun
1404 5565 1609 5635 aliquid
1644 5565 1914 5631 creatum,
1946 5581 2004 5622 ut
2036 5588 2132 5622 nus
2163 5574 2374 5638 accipi-

808 5637 1071 5698 “105,80”
1121 5636 1364 5708 divinum
1418 5654 1560 5708 esse,
1624 5655 1744 5690 cum
1813 5641 1944 5692 nihil
2001 5641 2148 5692 aliud
2201 5636 2374 5708 possit

809 5711 1053 5773 accipere
1087 5721 1112 5756 ει
1156 5705 1290 5757 Fiiio
1320 5708 1371 5757 in
1405 5707 1670 5760 'l’rtuitate
1722 5710 1846 5773 .58.;
1887 5727 2008 5761 natu
2035 5705 2374 5776 utimean

808 5777 1015 5843 accepit
1045 5789 1098 5828 et
1133 5779 1330 5842 accipit
1359 5791 1411 5830 et
1445 5783 1694 5842 accipiet,
1744 5783 1792 5832 id
1824 5781 2153 5834 aeternaltter
2182 5785 2364 5833 habet.

810 5845 876 5898 Et
907 5849 1047 5915 quod
1080 5846 1250 5901 Filius
1272 5864 1301 5898 ιι
1333 5846 1490 5902 Putre
1523 5858 1693 5915 ιιιιιιιι,
1725 5856 1862 5904 idem
1899 5861 1982 5905 est
2017 5853 2159 5920 quod
2192 5857 2363 5905 sciens

2486 4543 2746 4605 ἁῦίαστός
2777 4545 2892 4595 ἐστι
2930 4544 3007 4613 τῷ
3035 4544 3398 4612 εὐγνωμόνως
3428 4545 3684 4598 ἀκούοντι
3725 4546 3756 4614 ἡ
3799 4547 4056 4616 ἐξήγησις

2487 4636 2624 4705 αῦτη
2657 4634 2755 4706 (6).
2784 4655 2802 4687 ι
2835 4637 2945 4690 Καὶ
2995 4637 3132 4704 μετά
3173 4651 3316 4689 τινα·
3355 4655 3374 4689 ι
3404 4636 3595 4699 Οὐδεὶς
3642 4633 3808 4704 οἶδεν,
3845 4640 3967 4692 οὐδὲ
4007 4640 4058 4691 οἱ

2553 4870 2630 4941 (1)
2667 4869 2883 4936 Matth.,
2917 4885 3072 4936 xxiv,
3099 4869 3190 4925 36.

2555 4937 2632 5008 {5)
2669 4941 2828 4994 Deest
2871 4943 3098 5010 aliquid,
3135 4944 3372 4994 fortasse
3401 4937 3567 4991 Marc.
3597 4953 3714 4998 χιιι.
3747 4939 3837 4994 52.

2553 5015 2630 5082 (b')
2663 5013 2908 5066 Breviter
2932 5012 3113 5066 Basilii
3154 5010 3683 5082 textumadumbrat
3731 5011 3934 5066 Beccus
3983 5015 4050 5067 dc

2480 5078 2720 5220 procegs).
2753 5083 2950 5149 Spirit.
2983 5090 3160 5136 sanct.
3192 5095 3314 5149 cap.
3351 5079 3418 5131 12
3447 5095 3501 5132 ιι.
3531 5081 3594 5134 18
3620 5078 3736 5148 (Gr.
3768 5083 3912 5136 ortlt.
3942 5094 3979 5138 t.
4010 5083 4053 5147 Ι,

2481 5168 2533 5220 p.
2570 5169 2636 5208 ou
2680 5192 2691 5203 .
3296 5179 3300 5185 ι

2481 5168 2533 5221 p.
2570 5168 2717 5220 ouo.)
3296 5179 3300 5185 ι

2481 5358 2552 5410 tia
2580 5373 2594 5421 ;
2633 5358 2860 5430 scientia
2883 5373 3009 5412 vero
3036 5359 3089 5411 in
3117 5359 3321 5415 divinis
3350 5362 3490 5416 idem
3523 5371 3606 5417 est
3634 5361 3780 5430 quod
3814 5376 3937 5418 esse
3961 5381 3972 5417 :
3995 5372 4050 5418 et

2479 5433 2676 5499 audire
2710 5445 2739 5480 a
2782 5429 2963 5499 l’utre.
2997 5431 3152 5496 juxta
3187 5434 3585 5499 expo~itinuem
3623 5432 3936 5487 Graecorum
3986 5449 4050 5486 ac

2481 5496 2799 5551 Latinorum
2854 5497 3117 5570 Patrum,
3175 5496 3272 5553 est
3326 5506 3578 5570 accipere
3644 5504 3940 5558 essentiam
3995 5517 4051 5558 et

2480 5571 2848 5642 scientiam_a
2906 5569 3115 5622 Patre:
3175 5581 3341 5638 atque
3391 5569 3462 5623 ita
3525 5574 3764 5642 Spiritus
3819 5575 4051 5630 audiens

2480 5641 2678 5704 accipit
2705 5655 2732 5690 a
2773 5639 2934 5698 Filio,
2991 5649 3044 5690 et
3088 5643 3298 5692 auditio
3331 5639 3581 5694 scientia
3610 5653 3714 5704 cst,
3745 5653 3799 5695 et
3844 5659 3965 5697 esse
3997 5657 4050 5698 ct

2480 5713 2662 5761 divina
2696 5711 2959 5769 essentia,
2995 5725 3114 5776 qua:
3143 5713 3323 5763 omnia
3368 5710 3603 5777 Spiritus
3647 5730 3673 5765 a
3707 5714 3842 5765 Filio
3900 5731 4049 5767 arci-

2482 5783 2612 5846 pit.»
2656 5779 2889 5830 Uberius
2915 5780 3054 5831 Idem
3086 5791 3471 5848 argumentum
3509 5785 3747 5837 illustrat
3773 5786 4047 5849 i'ctavuts,

2474 5862 2540 5903 de
2572 5850 2854 5913 'l'rtnitate,
2889 5854 2925 5905 I.
2961 5865 3053 5912 v.t,
3077 5859 3138 5903 ιε.
3171 5853 3221 5915 5,
3258 5867 3310 5903 ιι.
3348 5852 3371 5903 1
3411 5866 3528 5921 seq.
