4470 6452
732 369 802 426 75
1649 366 2023 429 nneoomt
2073 365 2377 427 initiis
2420 366 2524 423 (ιν,
2573 361 3085 422 ΡΑΤΙΠΑΗΟΗῈ

732 484 784 535 in
821 483 1006 535 multis
1035 481 1422 549 congressibus
1451 480 1732 536 NiCarnum
1766 484 2096 552 symbolum,
2153 480 2314 545 idque
2344 484 2389 537 Α
2422 481 2478 528 ἐν

2230 496 2314 545 lue
2344 484 2389 537 Α
2422 481 2478 528 ἐν
2510 477 2735 544 Νικαία,
2770 477 2864 527 καὶ
2900 475 3062 540 μόνον
3103 471 3443 537 ἀνέγνωσαν,
3485 469 3606 537 μηδ’
3639 469 3772 529 ὅλως
3809 467 3995 534 μνείαν

738 575 916 626 solum
955 574 1222 637 legerunt,
1252 572 1400 625 nulla
1442 589 1670 642 prorsus
1704 573 2306 640 Constantinopolitani

740 664 1012 714 mentione
1037 662 1199 726 facta,
1230 671 1287 716 ut
1324 663 1648 730 procedente
1685 664 1933 716 oratione
1967 664 2088 717 loco
2117 678 2308 717 conve-

735 753 901 807 nienti
946 754 1293 808 manifestum
1327 753 1640 808 reddemus.

1215 841 1452 896 EPIIES.
1491 843 1666 914 (CAP.
1705 844 1797 914 χ).

807 933 1003 988 Verum
1032 952 1206 1005 neque
1239 937 1515 989 contraria
1568 938 1939 991 mcumemcis
1996 936 2226 1006 synodis
2259 945 2313 988 et

730 1029 1115 1082 communibus
1161 1029 1476 1082 earumdem
1566 1030 1935 1097 dogmatihus,
1983 1029 2077 1084 sed
2140 1044 2315 1098 neque

736 1137 955 1188 prorsus
981 1137 1085 1174 non
1131 1137 1337 1175 consen
1356 1122 1543 1175 tientia
1579 1122 1940 1176 orientalibus
1994 1123 2314 1177 doctoribus

733 1216 1074 1281 scripserunt
1109 1214 1298 1268 Patres
1326 1215 1428 1276 illi,
1459 1227 1633 1281 neque
1669 1214 1736 1270 iis
1795 1229 1899 1266 non
1959 1216 2313 1277 cohaerentia,

732 1308 875 1360 sicut
939 1321 1031 1374 per
1079 1306 1180 1360 alia
1243 1305 1410 1359 multa
1467 1307 1686 1360 illorum
1770 1306 1911 1360 dicta
1971 1305 2314 1361 deinOnstra-

736 1407 840 1450 tur.

1313 1487 1680 1543 APOLOGIA.

810 1578 1058 1632 Mirabile
1083 1578 1212 1647 quid
1250 1587 1301 1631 et
1339 1581 1685 1646 peregrinum
1708 1578 1949 1644 loquitur
1971 1582 2313 1635 venerandus

740 1671 1099 1736 Ephesiorum
1134 1674 1391 1726 antistes.
1418 1672 1650 1727 Ubinam
1701 1674 1845 1724 enim
1901 1687 2127 1738 prorsns
2191 1687 2312 1732 per-

735 1763 982 1826 spicuum
1031 1760 1262 1814 reddere
1295 1769 1494 1827 potest,
1566 1760 1937 1813 (ecumenicas
1981 1757 2222 1827 synodos
2247 1772 2311 1810 ex

735 1854 853 1905 solo
882 1852 1038 1905 Patre
1058 1852 1321 1920 Spiritum
1350 1860 1602 1903 sanctum
1642 1851 1942 1918 procedere
1967 1850 2314 1917 praedicasse,

735 1960 798 1995 ex
833 1958 942 2010 quo
978 1959 1069 2008 per
1102 1943 1552 2015 contrarietatem
1603 1949 1655 1992 et
1698 1940 2203 1992 contradictionem
2235 1955 2318 1992 se-

737 2036 923 2100 quitur
958 2043 1009 2085 et
1040 2033 1353 2085 necessario
1384 2030 1752 2084 concluditur.
1775 2045 1840 2082 ex
1879 2027 2014 2080 Filio
2049 2044 2172 2080 eum
2215 2044 2318 2081 non

737 2127 1033 2195 procedere
1063 2125 1376 2178 ?Existimo
1416 2125 1559 2177 enim
1611 2140 1759 2186 eum,
1783 2123 2033 2190 quamvis
2089 2122 2319 2175 multum

741 2223 950 2275 laboret
982 2228 1034 2273 et
1093 2219 1401 2272 sexcenties
1448 2220 1912 2273 (ecumenicarum
1984 2218 2320 2286 synodormn

737 2312 1067 2382 exemplaria
1105 2311 1398 2378 pervolvai,
1435 2303 1626 2363 nullihi
1691 2323 1920 2377 prorsus
1971 2318 2320 2378 reperturum

738 2407 966 2465 dictum,
986 2419 1049 2456 ex
1085 2402 1203 2456 solo
1227 2404 1383 2455 Patre
1413 2402 1705 2469 procedere
1725 2401 1989 2467 Spiritum
2027 2411 2278 2455 sanetum
2306 2419 2319 2464 ;

743 2500 869 2550 item
917 2497 970 2550 id
1012 2512 1188 2562 neque
1216 2496 1267 2547 in
1289 2495 1516 2560 reliquis
1549 2495 1870 2547 doctoribus
1917 2505 2078 2560 atque
2110 2496 2322 2547 theolo-

740 2591 820 2655 gis
846 2589 1100 2655 reperiet.
1139 2585 1294 2650 Quod
1326 2587 1368 2639 si
1399 2584 1625 2636 Photius
1659 2586 1973 2652 patriarcha
2030 2585 2186 2641 dixit,
2226 2586 2318 2636 sed

740 2678 1184 2741 animadvertito,
1225 2679 1480 2730 Pliotium
1505 2693 1615 2729 non
1646 2692 1765 2730 esse
1790 2678 1842 2728 in
1877 2687 2191 2728 sanctorum
2226 2693 2327 2728 nu-

743 2788 893 2826 mero
922 2773 1271 2833 collocatum,
1301 2771 1427 2823 licet
1448 2784 1551 2821 una
1590 2771 1749 2823 simul
1777 2779 1826 2821 et
1861 2769 2049 2820 eodem
2075 2779 2324 2835 tempore

742 2865 977 2918 \ixeriut
1015 2865 1240 2917 PliOtiiIs
1265 2873 1314 2915 el
1341 2862 1605 2929 lgnatius.
1647 2860 1750 2913 Sed
1791 2862 1876 2913 hic
1923 2862 2141 2928 quidem
2174 2863 2317 2912 inter

741 2964 961 3008 sanctos
994 2954 1382 3006 adnumeratur
1401 2961 1456 3005 et
1486 2950 1574 3003 die
1594 2951 1858 3003 vicesimo
1880 2951 2043 3005 tertio
2065 2951 2322 3004 Octobris

741 3048 793 3100 in
829 3044 1135 3115 synaxariis
1173 3044 1347 3097 locum
1385 3043 1568 3095 habet.
1592 3040 1818 3094 Photius
1859 3060 1984 3094 vero
2022 3045 2169 3094 nullo
2200 3058 2320 3096 uio-

2418 568 2512 619 τοῦ
2543 569 2600 618 ἐν
2628 563 3202 619 Κωνσταντινουπόλει
3238 562 3576 630 ποιούμενοι,
3612 559 3685 620 ὡς
3715 558 3998 626 προϊόντος

2419 659 2514 710 τοῦ
2548 659 2707 722 λόγου
2734 660 2792 710 ἐν
2827 659 2904 724 τῷ
2937 657 3276 726 προσήκοντι
3310 655 3463 722 τόπερ
3510 651 3746 719 φανερὸν
3779 651 4000 716 ποιήσο-

2423 767 2522 817 μεν
2560 749 2658 817 (ί)-

3011 839 3354 900 ,ι-κΕΦΕΣΟΥ.

2504 934 2643 986 Ἀλλ’
2679 935 2789 985 οὐδ’
2814 932 3033 986 ἐναντία
3055 936 3175 994 ταῖς
3208 931 3619 998 οίκουμενικαίς
3643 925 3884 984 συνόδοις
3909 923 4002 975 καὶ

2415 1031 2528 1088 τοῖς
2555 1029 2760 1089 κοινοῖς
2780 1025 2960 1079 αὐτῶν
2981 1025 3272 1092 δόγμασιν,
3299 1022 3416 1074 ἀλλ’
3441 1021 3550 1073 οὐδ’
3574 1020 3639 1071 διν
3661 1018 3798 1078 ὅλως
3824 1016 4004 1081 ἀσύμ-

2421 1138 2574 1187 φωνα
2599 1121 2713 1180 τοῖς
2747 1120 3094 1180 ἀνατολικοῖς
3142 1118 3488 1176 διδασκάλοις
3521 1113 3770 1182 ἔγραψαν
3808 1113 3855 1164 οί
3901 1106 4007 1162 Πα-

2418 1216 2577 1282 τέρες
2626 1215 2850 1277 ἐκεῖνοι,
2884 1213 3003 1265 οὐδὲ
3036 1212 3222 1272 αὐτοῖς
3254 1207 3615 1279 ἀνακόλουθα,
3651 1204 3905 1271 καθάπερ
3938 1198 4005 1253 δι’

2419 1307 2595 1361 ἄλλων
2629 1306 2845 1360 πολλῶν
2875 1307 3106 1359 ἐκείνων
3143 1305 3325 1374 ῥητῶν
3357 1301 3763 1356 ἀποδείκνυται.

3037 1485 3404 1540 ΑΠΟΛΟΓΙΑ.

2487 1581 2810 1633 Θαυιιάσιόν
2844 1599 2896 1633 τι
2936 1583 3030 1631 καί
3064 1579 3369 1647 παράδοξον
3400 1581 3427 1630 ὁ
3453 1579 3730 1645 αἰδέσιμος
3777 1575 4005 1642 Ἐφέσου

2418 1673 2587 1738 λέγει.
2624 1673 2732 1724 Ποῦ
2767 1672 2876 1739 γὰρ
2920 1672 3057 1732 ὅλως
3096 1672 3404 1739 ἐμφανίσαι
3437 1671 3573 1736 ἔχει,
3613 1671 3688 1731 ὡς
3721 1669 3776 1719 αι
3822 1669 4006 1719 οἰκου-

2427 1766 2647 1834 μενικαὶ
2681 1765 2892 1817 σύνοδοι
2932 1764 2994 1816 ἐκ
3044 1763 3210 1830 μόνου
3244 1763 3340 1814 τοῦ
3390 1761 3604 1829 Πατρὸς
3638 1757 3917 1828 ἐκήρυξαν
3945 1758 4008 1809 τὸ

2432 1858 2654 1924 Πνεῦμα
2688 1859 2749 1908 τὸ
2780 1857 2939 1923 ἅγιον
2985 1855 3408 1922 ἐκπορεύεσθαι,
3440 1848 3593 1920 ᾧπερ
3628 1853 3816 1905 ἕπεται
3852 1853 4006 1903 ἐναν-

2427 1954 2554 2011 τίως
2588 1951 2681 2002 καὶ
2715 1949 3093 2016 ἀντιφατικῶς
3123 1947 3183 1999 τὸ
3228 1949 3290 1999 ἐκ
3325 1947 3417 2000 τοῦ
3455 1945 3592 2001 Υίοῦ
3629 1945 3703 2014 μὴ
3735 1944 3811 2012 (‘3)
3843 1944 4006 1996 ἐκπο-

2431 2043 2710 2112 ρεύεσθαι,
2758 2043 2849 2093 καί
2903 2043 3052 2093 ἐστιν
3102 2041 3420 2106 ἀναγκαίως
3473 2038 3803 2101 ἀκόλουθον;
3843 2034 4008 2104 Οἶμαι

2424 2138 2552 2205 γὰρ,
2609 2136 2684 2198 ὡς
2734 2135 2906 2186 πολλὰ
2962 2135 3206 2201 μογήσας
3261 2135 3354 2185 καί
3415 2133 3678 2201 μυριάκις
3739 2131 3839 2189 τὰς
3899 2128 4009 2179 τῶν

2425 2227 2822 2295 οίκουμενικῶν
2857 2225 3093 2278 συνόῖων
3121 2226 3503 2285 ὑποτυπιῖισεις
3529 2223 3776 2283 διελθὼν,
3799 2221 4010 2289 οὐδαμῆ

2425 2320 2678 2387 οὐδαμῶς
2708 2319 2931 2387 εὑρήσει
2967 2319 3028 2370 τὸ
3062 2319 3126 2370 ἐκ
3164 2319 3325 2386 μόνου
3372 2317 3464 2370 τοῦ
3503 2316 3715 2385 Πατρδς
3739 2316 4010 2384 ἐκπορεύ-

2426 2413 2583 2465 εσθαι
2620 2412 2680 2463 τὸ
2714 2412 2871 2478 ἅγιον
2911 2409 3160 2477 Πνεῦμα·
3199 2409 3464 2470 ὡσαύτως
3517 2409 3611 2460 καὶ
3655 2407 3765 2460 τῶν
3806 2406 4014 2458 λοιπῶν

2426 2506 2771 2561 διδασκάλοιν
2802 2507 2896 2558 καὶ
2931 2505 3223 2571 θεολόγων.
3264 2507 3322 2557 ΕΞ
3360 2504 3403 2556 δ’
3439 2506 3466 2555 ὁ
3495 2502 3699 2565 Φὼτιος
3733 2500 4011 2569 πατριάρ-

2427 2613 2527 2663 γης
2567 2592 2742 2657 εἶπεν,
2777 2597 2891 2649 ἀλλ’
2925 2595 3048 2663 ὅρα,
3086 2596 3168 2646 ὅτι
3220 2598 3278 2646 ἐν
3313 2594 3493 2660 ἁγίοις
3528 2596 3587 2645 ού
3628 2592 4009 2644 συντέτακται·

2428 2687 2604 2737 καίτοι
2656 2702 2719 2750 γε
2776 2687 2835 2738 ἐν
2887 2685 2965 2754 τῷ
3020 2687 3171 2752 αὐτῷ
3225 2703 3279 2737 τε
3344 2689 3437 2738 καὶ
3475 2686 3553 2736 ἐνὶ
3599 2681 3777 2752 καιρῷ
3808 2682 4014 2743 Φώτιος

2428 2781 2520 2829 καὶ
2555 2779 2632 2843 (5)
2694 2777 2974 2844 Ἰγνάτιος·
3010 2778 3125 2829 ἀλλ’
3155 2779 3181 2828 ό
3233 2778 3331 2846 μὲν
3382 2779 3479 2830 σὺν
3528 2778 3702 2842 ἁγίοις
3753 2777 4012 2826 τέτακται

2434 2873 2530 2924 καὶ
2581 2874 2639 2921 ἐν
2687 2874 2753 2939 τῇ
2808 2871 3032 2936 είκοσ-τῇ
3082 2868 3242 2937 τρίτῃ
3293 2868 3385 2919 τοῦ
3433 2867 3767 2935 Ὀκτωϐρίου
3815 2869 3872 2916 ἐν
3903 2867 4016 2925 τοῖς

2433 2962 2786 3029 συναξαρίοις
2824 2963 2964 3028 μετὰ
2995 2961 3104 3011 τῶν
3137 2962 3311 3024 ἁγίων
3344 2961 3723 3012 συντάττεται⁸
3758 2959 3784 3009 ὁ
3819 2957 3873 3010 δὲ
3898 2957 4017 3009 Φώ-

2427 3068 2540 3114 τιος
2562 3052 2815 3120 οὐδαμῶς
2839 3054 2949 3112 τοῖς
2969 3052 3141 3117 ἁγίοις
3166 3051 3596 3118 συνηρίθμηται,
3620 3053 3667 3100 εί
3693 3051 3786 3102 καὶ
3810 3050 4020 3101 δίκαιον

740 3141 811 3191 do
846 3137 1154 3192 sanctitatis
1191 3151 1390 3188 nomen
1444 3145 1777 3188 consecutus
1823 3145 1927 3197 est,
1965 3135 2088 3188 licet
2143 3151 2322 3203 opt-ra:
2361 3164 2406 3224 ρ
2438 3147 2505 3197 τὰ

2256 3153 2322 3188 Γίι)
2361 3164 2406 3224 C
2438 3147 2505 3197 τὰ
2537 3147 2656 3197 κατ’
2688 3145 2851 3196 αὑτὸν
2902 3145 3292 3214 παραδραμεῖν
3326 3143 3414 3194 διὰ
3451 3144 3509 3193 τὸ
3542 3142 3630 3194 ἐπ’
3665 3140 3921 3208 ἇμὸωνος
3954 3144 4021 3192 τὰ

742 3231 975 3298 pretium
1030 3229 1212 3288 fuerit,
1247 3228 1396 3279 illius
1433 3236 1587 3294 gesta
1621 3227 1842 3279 silentio
1888 3228 2195 3293 praeterire,
2262 3243 2326 3280 eo

741 3328 886 3390 quod
907 3323 958 3374 in
980 3319 1217 3372 amhone
1234 3319 1571 3371 anathemati
1591 3319 1986 3387 subjiciuntur,
2003 3335 2123 3387 qua:
2142 3322 2331 3372 advcr~

741 3431 834 3467 sus
861 3425 1108 3468 sanctum
1134 3413 1407 3481 lgnatium
1439 3412 1799 3479 Photiumque
1831 3413 2035 3477 scripta
2061 3422 2191 3464 sunt
2224 3415 2326 3479 (ai.

743 3506 798 3558 Si
848 3520 976 3557 vero
1021 3505 1145 3572 quis
1204 3503 1762 3558 Thessalonicensem
1815 3503 2214 3572 objiciat'voce
2268 3523 2331 3558 er.

742 3599 853 3650 solo
887 3596 1090 3664 (Patre)
1129 3606 1398 3659 utentem,
1433 3605 1485 3648 at
1512 3612 1636 3650 vero
1662 3596 1751 3649 hic
1773 3611 1994 3663 quoque
2028 3597 2078 3649 in
2107 3602 2330 3666 propria

743 3691 1109 3753 confessione,
1130 3705 1293 3759 quam
1321 3688 1577 3742 Ecclesiae
1594 3689 1796 3742 Christi
1834 3688 1982 3742 dedit
2004 3693 2328 3754 ostendens,

743 3785 956 3850 qualem
981 3784 1180 3836 habeat
1199 3782 1530 3835 sententiain
1559 3781 1706 3834 circa
1724 3795 2079 3836 sacresancta
2105 3784 2329 3849 dogma-

2441 3241 2577 3289 κατὰ
2613 3238 2706 3288 τοῦ
2739 3239 2797 3288 ἐν
2844 3237 3022 3303 ἁγίοις
3060 3238 3325 3303 Ἰγνατίου
3356 3237 3449 3287 καὶ
3483 3234 3648 3286 αὑτοῦ
3689 3234 3782 3284 τοῦ
3813 3233 4020 3284 Φωτίου

2439 3330 2944 3398 ἁναθεματίζεσθαι
2983 3330 3090 3395 (4).
3131 3329 3188 3380 Εἰ
3229 3330 3283 3380 δὲ
3318 3329 3408 3378 τὸν
3439 3325 3842 3390 Θεσσαλονίκης
3879 3324 4023 3375 εἴποι

2438 3436 2522 3482 τις
2555 3403 2732 3474 ἰδ’ἐκ
2762 3422 2956 3490 μόνου
3015 3420 3268 3486 λέγοντα,
3317 3419 3453 3470 ἀλλὰ
3500 3420 3594 3470 καὶ
3652 3418 3809 3479 οὗτος
3855 3419 3915 3469 ἐν
3957 3418 4024 3483 τῇ

2441 3514 2621 3581 οίκείᾳ.
2654 3512 2942 3579 ὁμολογία,
2985 3513 3053 3576 ἣν
3093 3511 3296 3562 δέδωκε
3336 3512 3402 3578 τῇ
3443 3509 3748 3578 Ἐκκλησία
3785 3507 4026 3578 Χριστοῦ

2440 3604 2679 3669 δεικνὺς,
2711 3604 2906 3656 ὁποίαν
2933 3603 3047 3671 ἔχει
3074 3603 3175 3672 τὴν
3201 3603 3361 3666 δόξαν
3391 3603 3522 3670 περὶ
3547 3603 3611 3653 τὰ
3639 3601 3760 3670 ιερὰ
3788 3602 3881 3652 καὶ
3911 3602 4029 3654 θεῖα

2443 3695 2717 3760 δόγματα,
2769 3697 2829 3747 οὑ
2870 3695 3133 3757 συνέταξε
3179 3695 3359 3746 τοῦτο.
3409 3695 3620 3746 Οὐκοῦν
3665 3693 3888 3746 ἐναντία
3937 3693 4030 3744 καὶ

2444 3787 2789 3840 ἀνακόλουθα
2821 3790 2880 3840 οὐ
2907 3789 3180 3854 λέγουσιν,
3208 3787 3283 3848 ὡς
3324 3787 3489 3847 αὐτὸς
3521 3787 3548 3836 ὁ
3581 3787 3760 3852 τίμιος
3786 3786 3956 3849 λέγει.

745 3889 820 3938 ia,
858 3876 1000 3930 istud
1035 3889 1141 3926 non
1173 3872 1446 3942 adjuuxit.
1485 3871 1627 3942 Ergo
1673 3877 1953 3927 contraria
2016 3883 2070 3928 et
2105 3877 2330 3930 minime
2367 3879 2704 3932 cohaerentia
2739 3873 2846 3933 non
2877 3880 3087 3943 dicunt,
3116 3890 3174 3933 ut
3209 3879 3326 3947 ipse
3384 3879 3472 3932 hic
3530 3878 3882 3932 venerandus
3948 3878 4030 3934 vir

749 3984 842 4027 ait.

1246 4071 1870 4143 ernes.(csr.xn.

817 4164 1110 4232 Propterea
1141 4165 1412 4234 ejusmodi
1452 4167 1806 4234 periculosas
1857 4182 2018 4220 voces
2055 4169 2121 4219 de
2153 4165 2333 4220 sancti

748 4257 985 4324 Spiritus
1013 4258 1368 4326 processione
1405 4258 1618 4324 rejicio.

1357 4346 1723 4401 APOLOGIA.

817 4436 1019 4499 Quales
1046 4452 1208 4491 voces
1234 4437 1412 4505 rejieit
1439 4441 1521 4492 vir
1557 4440 1658 4492 lSle
1690 4440 2078 4493 honorabilis?
2111 4441 2192 4492 An
2221 4453 2332 4500 eas,

746 4543 866 4592 qum
902 4527 1168 4598 Spiritum
1204 4530 1394 4583 dicunt
1419 4534 1693 4598 proprium
1741 4534 1932 4598 ipsius,
1990 4531 2106 4586 Filii
2171 4533 2346 4588 nimi-

749 4633 910 4682 rum,
944 4629 997 4672 et
1053 4636 1117 4672 ea:
1173 4620 1329 4687 ipso?
1389 4623 1454 4672 At
1526 4633 1684 4674 antea
1751 4623 2184 4677 demonstratum
2239 4635 2346 4689 est,

749 4727 997 4768 sanctam
1056 4717 1277 4769 tertiam
1321 4716 1593 4784 synodum
1639 4731 1746 4767 uua
1785 4732 1908 4768 eum
1960 4719 2086 4771 divo
2136 4719 2341 4788 Cyrillo

748 4819 927 4872 potius
965 4809 1166 4861 dicere.
1207 4812 1284 4860 An
1326 4824 1419 4862 cas
1447 4824 1567 4877 qua:
1603 4809 1792 4860 dicunt
1819 4824 1883 4860 ea:
1915 4807 2076 4862 Patre
2118 4827 2209 4879 per
2251 4811 2341 4864 Fi-

748 4902 875 4953 lium
901 4903 922 4954 ?
947 4903 1012 4954 At
1045 4911 1096 4954 et
1155 4902 1287 4954 istas
1331 4911 1522 4954 sancta
1576 4902 1916 4954 teeumenica
1979 4907 2209 4971 septima
2245 4921 2337 4974 sy-

750 4997 923 5050 nodus
958 5012 1083 5050 cum
1123 4998 1425 5051 Athanasio
1461 5007 1513 5049 et
1567 4998 1769 5052 Basilio
1818 4999 2052 5066 aliisque
2094 5001 2328 5063 sanctis,

746 5091 836 5157 qui
868 5100 997 5143 ante
1033 5090 1206 5158 ipsam
1239 5091 1476 5144 ﬂoruere
1503 5129 1516 5150 ,
1577 5091 1930 5158 tlepreedicat,
1977 5101 2027 5142 et
2089 5102 2331 5159 postmo-

746 5186 871 5233 dum
904 5183 1067 5235 divus
1108 5181 1506 5237 Dauiaseenus.
1574 5185 1655 5235 Au
1699 5199 1793 5235 eas
1849 5199 1970 5252 qum
2024 5182 2216 5237 dicunt
2268 5200 2333 5236 et;

749 5273 906 5327 Patre
935 5285 979 5328 ct
1007 5290 1068 5328 ea:
1097 5273 1237 5328 Filio
1262 5277 1283 5327 ?
1311 5276 1374 5328 At
1407 5276 1698 5328 admodum
1737 5275 1882 5329 clare
1926 5291 2017 5341 per
2047 5278 2333 5329 sanctissi-

815 5477 890 5540 (l)
923 5475 1042 5527 Men
1098 5474 1134 5526 ί.
1178 5475 1276 5528 155
1305 5492 1358 5532 :t,
1383 5475 1726 5544 ποιήσωμεν.

817 5549 891 5608 (:2)
924 5545 1013 5612 Μὴ
1047 5545 1199 5599 deest
1230 5548 1278 5598 iu
1313 5545 1550 5608 Monam;
1578 5560 1775 5600 sensus
1802 5555 1984 5596 tamen
2015 5545 2064 5597 id
2132 5545 2332 5610 poscit.

818 5617 891 5684 (5)
935 5619 991 5669 ὐ
1033 5617 1180 5669 addit
1214 5616 1463 5682 Allatius,
1499 5619 1588 5686 qui
1621 5634 1645 5668 ξι
1684 5619 1862 5670 verbis
1911 5618 1966 5668 Εἰ
1997 5616 2043 5667 δ’
2071 5618 2098 5668 ό
2129 5615 2335 5680 Φώτιος

818 5818 892 5886 (α)
922 5814 1041 5872 llaec
1071 5818 1324 5890 periciipe
1361 5832 1414 5870 t.‘.\
1451 5815 1633 5868 .Ululll
1672 5817 1923 5870 versione
1951 5813 2107 5867 data.

3107 4069 3392 4124 ΕΦΕΣΟΥ.

2517 4164 2614 4217 Διὰ
2637 4163 2796 4217 τοῦτο
2828 4164 2925 4225 τὰς
2946 4165 3201 4225 τοιαύτας
3236 4161 3613 4220 ἐπικινδύνους
3668 4165 3852 4230 φωνὰς
3903 4165 4034 4234 περὶ

2445 4258 2541 4324 τῆς
2569 4257 2664 4310 τοῦ
2697 4257 2854 4326 ἁγίου
2890 4256 3209 4326 Πνεύματος
3243 4253 3626 4324 ἐκπορεύσεως
3652 4254 3857 4308 ἀθετῶ.

3066 4351 3431 4403 ΔΠΟΛΟΓΙΑ.

2516 4445 2682 4505 Ποίας
2713 4445 2898 4510 φωνὰς
2927 4439 3111 4495 ἀθετεῖ
3146 4445 3173 4495 ό
3223 4443 3406 4509 τίμιος
3453 4441 3608 4504 οὗτος
3643 4459 3656 4506 ;
3698 4442 3796 4504 τὰς
3848 4442 4036 4506 λεγοῦ-

2453 4553 2548 4599 σας
2577 4537 2731 4589 ἴδιον
2757 4539 2966 4600 αὑτοῦ,
2996 4536 3089 4587 τοῦ
3123 4535 3251 4587 Υίοῦ
3277 4537 3541 4604 δηλονότι,
3581 4539 3675 4588 καὶ
3702 4535 3769 4599 ἐξ
3804 4535 3992 4587 αὐτοῦ
4017 4553 4034 4599 ;

2464 4630 2625 4684 Ἀλλὰ
2649 4631 2809 4683 τοῦτο
2847 4631 3335 4700 προαποδέδεικται
3367 4630 3439 4690 ὡς
3469 4632 3502 4698 ἡ
3544 4629 3674 4696 ἁγία
3707 4629 3867 4697 τρίτη
3906 4629 4036 4680 σύν-

2450 4722 2566 4783 οδος
2607 4725 2745 4789 μετά
2779 4723 2872 4773 καὶ
2913 4721 3007 4772 τοῦ
3043 4721 3336 4772 θεσπεσίου
3398 4721 3667 4789 Κυρί).λου
3710 4722 3912 4786 μᾶλλον
3953 4721 4038 4769 λέ-

2446 4831 2552 4880 γει.
2595 4814 2758 4866 Ἀλλὰ
2813 4814 2910 4875 τὰς
2969 4813 3037 4865 ἐκ
3095 4816 3323 4878 Πατρός
3377 4810 3450 4863 δι’
3517 4812 3699 4874 Υιοῡ;
3737 4810 3897 4861 Ἀ).λὰ
3945 4809 4039 4859 καὶ

2447 4906 2652 4968 ταύτας
2689 4908 2720 4974 ἡ
2757 4906 2887 4972 ἁγία
2942 4906 3301 4973 οίκουμενικὴ
3365 4904 3568 4973 ἑὸδόμη
3626 4902 3838 4963 σύνοδος
3902 4902 4039 4970 μετὰ

2453 4998 2771 5050 ’Λθανασίου
2820 5002 2912 5048 καὶ
2983 4998 3267 5048 Βασιλείου
3329 4998 3423 5048 καὶ
3484 4997 3657 5045 ἄλλων
3716 4997 3884 5059 ἁγίων
3935 4995 4041 5042 τῶν

2445 5092 2553 5160 πρὸ
2591 5091 2793 5158 ταύτης
2827 5089 3074 5157 θεολογεῖ
3106 5091 3198 5142 καὶ
3229 5094 3284 5152 ἐς
3329 5090 3559 5158 ὓστερον
3591 5090 3617 5139 ὁ
3655 5089 3797 5149 θεῖος
3855 5089 4041 5155 Δαμαο

2443 5183 2662 5250 σκηνός.
2710 5181 2870 5234 Ἀλλὰ
2900 5182 2994 5234 τὰς
3030 5183 3097 5234 ἐκ
3128 5183 3232 5233 τοῦ
3262 5184 3493 5248 Ματρὸς
3523 5180 3701 5232 καίὲκ
3734 5179 3839 5232 τοῦ
3864 5179 4041 5238 Υίοῦῖ

2445 5274 2555 5327 Καὶ
2593 5273 2739 5342 μάλα
2778 5272 2992 5341 τρανῶς
3017 5274 3107 5326 διὰ
3140 5273 3231 5325 τοῦ
3279 5273 3426 5344 ίεροῦ
3464 5274 3557 5324 καὶ
3597 5272 3740 5325 θείου
3784 5270 4040 5339 Μεξίμου

2454 5475 2555 5529 ista
2587 5476 2812 5548 adducit
2844 5485 3037 5532 contra
3071 5477 3407 5548 Creyghton.
3452 5491 3504 5545 p.
3544 5474 3673 5530 509.

2525 5548 2599 5617 (4)
2628 5546 2924 5618 llucusque
2944 5549 3127 5604 Allatii
3157 5546 3438 5620 adlegatio,
3467 5550 3501 5602 l.
3539 5564 3588 5601 c.
