4470 6452
715 387 792 452 79
1634 385 2021 446 GREGORll
2080 386 2380 448 ΜΑΜΜΑΞ
2424 385 2532 445 CP.
2573 386 3094 447 PATIlIARClI/E
3915 388 4008 451 '8‘)

723 503 1127 557 concordamus
1185 503 1415 571 ejusque
1490 501 1818 573 theologiam
1898 507 2488 574 aniplect'rmur.Acpw

2239 521 2304 558 tr.
2333 507 2381 565 Α
2410 505 2698 571 φρονοῦμεν
2734 507 2790 556 ὲν
2817 507 2995 558 ἅπασι
3025 507 3119 558 καὶ
3143 507 3242 576 τὴν
3271 507 3435 559 αὐτοῦ
3465 508 3751 573 θεολογίαν
3792 511 4001 579 ὲνστερ-

724 595 800 646 Ex
838 592 976 647 Filio
1004 595 1151 645 enim
1194 592 1460 660 Spiritum
1493 594 1790 660 procedere
1839 610 2015 664 neque
2046 597 2305 653 dicimus,

729 701 910 755 neque
946 701 1192 753 unquam
1223 687 1497 748 dicemus.
1525 688 1618 740 sed
1657 703 1720 738 ex
1765 687 1924 740 Patre
1959 696 2014 740 ct
2055 702 2119 739 ex
2147 687 2305 749 Filio,

716 786 882 844 atque
915 791 979 828 ex
1035 776 1198 829 Patre
1240 791 1336 843 per
1372 776 1593 828 Filium.
1630 777 1841 829 Etenim
1898 775 2081 828 dicere
2132 777 2306 843 Spiri-

724 877 838 919 tum
873 879 1125 920 sanctuni
1158 882 1224 919 ex
1254 865 1415 927 Filio,
1463 879 1515 919 et
1573 881 1679 918 non
1732 867 2066 933 prannitlere
2111 865 2308 917 dictio-

724 974 844 1010 nem
903 974 968 1011 ea:
1002 957 1183 1024 Patre,
1238 973 1465 1012 causam
1516 959 1878 1026 principalem
1926 970 2050 1009 esse
2106 953 2302 1006 Filium

711 1050 1072 1110 subindicat,
1128 1052 1275 1119 quod
1325 1049 1628 1102 Eunomius
1689 1049 2064 1117 praedicabat,
2132 1045 2298 1098 sicuti

710 1141 1006 1193 dictiOnem
1059 1156 1122 1193 ex
1176 1141 1293 1193 solo
1359 1140 1522 1193 Patre
1582 1138 1892 1191 Nestorius.
1952 1137 2051 1190 llic
2115 1145 2298 1188 autem

708 1243 936 1287 sanctus
981 1250 1076 1303 per
1127 1234 1368 1287 medium
1417 1237 1615 1286 harum
1672 1233 1906 1285 duarum
1964 1233 2302 1301 suppositio-

708 1341 838 1377 num
870 1325 1137 1378 incedens
1168 1339 1350 1393 neque
1379 1340 1443 1377 ex
1482 1323 1622 1376 Filio
1659 1323 1823 1385 dicit,
1858 1339 2035 1392 neque
2075 1339 2141 1376 ex
2176 1324 2296 1377 solo

707 1413 892 1477 Patre,
960 1415 1052 1468 sed
1098 1429 1162 1468 ex
1219 1412 1380 1466 Patre
1437 1428 1532 1481 per
1593 1412 1817 1466 Filium.
1874 1416 2052 1482 Atque
2102 1429 2166 1467 ex
2197 1414 2300 1467 hoc

710 1506 1000 1574 utriusque
1036 1517 1207 1574 partis
1257 1507 1548 1559 sententiae
1588 1514 1978 1565 conteruntur,
2035 1504 2300 1573 quemad-

710 1598 934 1651 modum
997 1599 1050 1650 in
1109 1597 1494 1666 superioribus
1555 1595 1810 1650 diﬂusius
1875 1595 2295 1662 explicavimus,

705 1701 882 1752 neque
911 1700 1053 1738 nunc
1077 1695 1295 1754 oportet
1329 1684 1523 1739 eadem
1560 1694 1828 1753 repetere.
1880 1682 2013 1736 Nam
2051 1682 2293 1736 formula

2414 595 2696 662 νιζόμεθα.
2744 597 2836 647 Ἐκ
2869 597 2965 648 τοῦ
3002 597 3133 648 Υἱοῦ
3160 599 3268 666 γὰρ
3311 599 3370 648 τὸ
3418 600 3646 666 Πνεῦμα
3699 603 4002 669 ἐκπορεύεο

2415 683 2937 752 σοαιοετ⁹εῐττομεν
2963 686 3085 737 οὕτε
3140 687 3248 753 μὴν
3308 688 3566 755 ἐροῦμεν,
3619 690 3735 740 ἀλλ’
3792 693 3857 741 ὲκ
3908 692 4005 742 τοῦ

2413 773 2625 840 Πατρὸς
2656 775 2748 824 καὶ
2781 779 2841 825 ὲκ
2872 775 2964 826 τοῦ
2999 775 3120 826 Υίοῦ
3161 779 3261 842 (Ι),
3298 781 3390 828 καὶ
3422 781 3483 829 ἐκ
3514 779 3609 830 τοῦ
3661 781 3868 845 Πατρὶς
3921 783 4005 832 διὶ

2410 867 2505 916 τοῦ
2531 866 2680 917 Υίοῦ.
2715 867 2788 918 Τὸ
2823 868 2929 935 γὰρ
2976 869 3157 933 λέγειν
3191 870 3250 919 τὸ
3299 870 3523 938 Πνεῦμα
3583 873 3646 922 ἐκ
3698 872 3792 923 τοῦ
3855 874 4004 935 Υίοῦ,

2412 957 2504 1008 καὶ
2541 956 2614 1024 μὴ
2649 962 3068 1025 προηγούμενον
3102 961 3248 1027 ἔχειν
3275 962 3334 1012 τὸ
3364 962 3432 1014 ἐκ
3459 964 3566 1015 τοῦ
3620 967 3872 1029 Πατρθς,
3908 968 4005 1033 ἀρ-

2413 1047 2568 1114 χικὸν
2601 1047 2774 1098 αἴτιον
2798 1049 2888 1098 τὸν
2937 1049 3066 1101 Υίὸν
3115 1054 3511 1118 παρεμφαίνει,
3545 1054 3682 1122 ὅπερ
3739 1055 4005 1121 Εὐνόμιος

2409 1135 2730 1204 ἐκήρυττεν,
2767 1138 2957 1206 ὥσπερ
2989 1140 3047 1189 τὸ
3070 1140 3139 1191 ἐκ
3167 1143 3364 1208 μόνου
3397 1143 3505 1194 τοῦ
3541 1146 3769 1210 Πατρύς
3803 1145 4002 1196 Νεστό-

2408 1242 2542 1292 ριος.
2599 1226 2654 1278 ’0
2677 1228 2731 1278 δὲ
2781 1229 2937 1293 ἅγιος
2987 1231 3075 1282 διὰ
3137 1236 3303 1298 μέσου
3366 1235 3472 1284 τῶν
3529 1235 3622 1286 δύο
3680 1236 4004 1303 omnese»;

2408 1318 2601 1386 χωρῶν
2628 1318 2850 1386 (9)0515
2878 1321 2940 1370 ὲκ
2967 1320 3060 1371 τοῦ
3096 1321 3223 1372 Υίοῦ
3257 1323 3428 1386 λέγει,
3471 1323 3592 1375 οὔτε
3626 1326 3685 1375 ὲκ
3718 1327 3879 1392 μόνου
3911 1327 4003 1377 τοῦ

2408 1410 2648 1478 Πατρὸς,
2682 1410 2799 1462 ἀλλ’
2831 1413 2892 1462 ἐκ
2937 1413 3146 1478 Πατρδς
3180 1414 3248 1466 δι’
3305 1414 3434 1467 Υίοῦ
3481 1431 3492 1444 ο
3530 1416 3625 1466 καὶ⁷
3684 1419 3747 1468 ὲκ
3803 1418 3998 1469 τούτου

2404 1500 2732 1568 ἀμφοτέρων
2761 1502 2815 1552 αἱ
2868 1501 3017 1565 δόξαι
3084 1505 3484 1574 συντρίϐονται,
3547 1506 3728 1570 καθὼς
3779 1510 3834 1558 ἐν
3888 1511 3996 1570 τοῖς

2402 1590 2716 1657 ἔμπροσθεν
2748 1591 3092 1661 πλατύτερον
3120 1595 3554 1665 διεσαφήσαμεν,
3589 1599 3684 1649 καὶ
3729 1600 3788 1651 ού
3821 1601 3902 1652 δεῖ
3931 1603 3999 1653 τὰ

2403 1681 2542 1734 αὐτὰ
2577 1683 2926 1737 ἀνακυκλεῖν.
2960 1686 3034 1738 Τὸ
3083 1691 3192 1754 γὰρ
3245 1689 3314 1740 ἐκ
3379 1689 3485 1741 τοῦ
3546 1690 3684 1743 Υίοῦ
3737 1691 3998 1757 Εὑνὸμιος

704 1794 767 1831 ea:
797 1775 941 1829 Filio
973 1777 1234 1829 utebatur
1270 1775 1600 1836 Eunomius,
1645 1789 1914 1842 scparans
1961 1773 2087 1827 inde
2119 1772 2297 1842 Spiri-
2333 1775 2370 1827 Β
2404 1773 2469 1823 έλι

2231 1776 2297 1826 ri-
2333 1775 2370 1827 Β
2404 1773 2612 1838 ἔλεγεν.
2651 1775 2906 1842 ἀφαιρῶν
2931 1777 3089 1829 τοῦτο
3127 1779 3236 1830 ἀπὸ
3269 1779 3364 1831 τοῦ
3405 1781 3641 1848 Πατρδς,
3677 1784 3754 1844 ὡς
3789 1783 3817 1832 6
3855 1783 3996 1844 Οεῖος

705 1875 820 1919 tum
861 1881 888 1917 a
919 1866 1099 1929 Patre,
1141 1873 1199 1918 ut
1229 1865 1393 1919 divus
1436 1865 1672 1919 Basilius
1713 1865 1908 1934 probat
1961 1864 2116 1920 libris
2178 1866 2294 1919 suis

704 1969 898 2010 tUIlll‘tl
929 1957 1224 2022 eumdem;
1259 1957 1556 2010 dictionem
1592 1970 1722 2009 vero
1746 1972 1809 2008 ea:
1845 1955 2008 2008 Patre
2063 1972 2157 2022 per
2196 1954 2294 2006 Fi-

702 2052 832 2102 lium
870 2058 923 2103 et
956 2065 1019 2101 ex:
1061 2047 1222 2100 Patre
1263 2056 1310 2100 et
1349 2045 1494 2100 Filio
1526 2062 1650 2100 cum
1687 2047 1998 2115 c0pulativa
2059 2047 2294 2114 conjun-

703 2145 887 2195 ctione
921 2151 968 2194 et
1010 2143 1144 2194 bene
1188 2155 1250 2192 ac
1293 2152 1441 2192 recte
1482 2137 1759 2207 explanat.
1791 2138 1884 2206 qui
1921 2138 1970 2190 id
2011 2137 2167 2200 dicit,
2203 2153 2298 2207 pa-

701 2244 912 2288 ternam
958 2231 1309 2302 hypostasim
1349 2231 1552 2284 fontem
1588 2244 1709 2282 esse
1766 2230 1940 2283 sancti
2004 2228 2243 2298 Spiritus
2274 2270 2288 2294 ,

699 2337 753 2382 et
789 2343 853 2382 ex
896 2328 997 2381 hoc
1031 2328 1180 2379 fonte
1213 2339 1335 2379 esse
1365 2324 1559 2377 Filium
1593 2325 1768 2376 sancti
1789 2323 2031 2392 Spiritus
2062 2323 2291 2388 fontem,

700 2423 844 2474 sicut
900 2436 1134 2488 magnus
1181 2420 1528 2473 Athanasius
1587 2417 1732 2470 libro
1790 2417 1857 2469 de
1909 2415 2296 2470 incarnatione

703 2511 866 2566 Verbi
895 2515 1003 2565 ait:
1043 2531 1058 2562 ι
1095 2511 1259 2564 Novit
1321 2509 1593 2577 siquidem
1639 2508 1779 2577 apud
1815 2507 2032 2561 Patrem
2085 2507 2283 2561 Filium

700 2621 822 2660 esse
860 2605 1066 2657 fontem
1105 2605 1349 2670 Spiritus
1382 2603 1580 2656 sancti.
1626 2619 1643 2651 ι
1684 2600 1759 2654 Ac
1785 2601 2086 2669 Gregorius
2113 2598 2294 2654 Theo—

701 2699 858 2766 logus
892 2701 1143 2751 oratione
1188 2699 1255 2751 de
1309 2696 1520 2765 Spiritu
1572 2706 1764 2750 sancto
1820 2695 2002 2758 docet,
2069 2693 2290 2747 Patrem

697 2791 880 2853 oculo,
922 2790 1118 2843 Filium
1157 2789 1323 2851 fonti,
1353 2797 1608 2842 sanctum
1645 2802 1776 2866 vero
1818 2785 2085 2854 Spiritum
2125 2785 2293 2838 ﬂuvio

693 2883 1002 2951 comparari
1033 2898 1094 2935 ac
1113 2879 1364 2935 similiter
1387 2896 1445 2934 se
1473 2881 1696 2932 habere.
1721 2880 1808 2932 Ait
1837 2880 1984 2932 enim
2009 2896 2022 2932 :
2057 2895 2071 2928 ι
2101 2876 2292 2930 Enim-

702 2991 833 3028 vero
873 2991 996 3028 cum
1034 2975 1235 3028 mentis
1283 2973 1605 3026 curiositate
1655 2972 1886 3024 multum
1939 2970 2142 3039 diuque
2181 2985 2295 3024 me-

692 3085 817 3120 cum
851 3068 1296 3120 considerassem
1345 3075 1512 3131 atque
1551 3065 1862 3117 orationem
1919 3065 2292 3133 undequaque

2409 1864 2692 1928 Βασίλειος
2743 1868 3131 1922 ἀποδείκνυσιν
3172 1873 3231 1924 ἐν
3268 1874 3381 1936 τοῖς
3443 1875 3902 1944 Ἀντιρρητικοίςο
3935 1878 3996 1926 τὸ

2404 1958 2543 2010 δὲέκ
2578 1959 2683 2010 τοῦ
2715 1961 2942 2026 Πατρός
2980 1962 3077 2014 διὰ
3109 1963 3218 2014 τοῦ
3253 1962 3390 2017 Υίοῦ
3428 1968 3521 2015 καὶ
3545 1965 3611 2016 ἐκ
3639 1964 3745 2016 τοῦ
3764 1965 3993 2032 Ιιατρι¹ς

2405 2050 2637 2102 καὶτοῦ
2688 2052 2824 2104 Υὶοῦ
2856 2054 2992 2122 μετά
3019 2055 3112 2104 τοῦ
3174 2055 3268 2106 καί
3339 2055 3744 2122 συμπλεκτικοῦ
3807 2057 3994 2108 συνδέ-

2408 2156 2546 2207 σμου
2601 2142 2746 2209 μάλα
2793 2143 2974 2205 καλῶς
3026 2143 3282 2212 διασαφεῖ
3318 2147 3345 2196 6
3396 2146 3556 2197 τοῦτο
3614 2146 3806 2214 λέγων,
3845 2147 3919 2208 ὡς
3961 2149 3992 2214 ἡ

2408 2233 2648 2300 πατρικὴ
2672 2232 2968 2296 ὑπόστασις
3003 2238 3154 2304 πηγή
3182 2238 3296 2288 ἐστι
3345 2237 3436 2287 τοῦ
3462 2238 3618 2303 ἁγίου
3652 2237 3991 2305 Πνεύματος,

2405 2323 2579 2375 καὶὲκ
2605 2324 2814 2392 ταύτης
2871 2327 2968 2394 τῆς
3019 2329 3204 2396 πηγῆς
3249 2327 3397 2379 ἐστιν
3443 2332 3470 2380 6
3521 2330 3644 2391 Υἱὸς
3692 2329 3846 2400 πηγὴ
3900 2328 3992 2380 τοῦ

2404 2414 2562 2481 ἁγίου
2595 2415 2937 2484 Πνεύματος,
2975 2419 3050 2480 ὡς
3083 2421 3109 2470 6
3154 2420 3469 2481 Ἀθανάσιος
3527 2422 3554 2473 6
3600 2421 3771 2488 μέγας
3804 2423 3861 2472 ὲν
3917 2422 3995 2486 τῷ

2405 2509 2540 2574 Περὶ
2570 2508 2668 2574 τῆς
2710 2510 2977 2577 ὲνσάρκου
3017 2512 3331 2580 οἰκονομίας
3357 2529 3370 2542 ο
3418 2531 3434 2563 ι
3468 2510 3588 2565 Οἵδε
3651 2515 3779 2583 γὰρ.
3835 2515 3992 2581 φησι,

2405 2599 2553 2668 παρὰ
2603 2599 2721 2667 Θεῷ
2762 2603 2938 2670 lla.th
2977 2603 3067 2654 τὸν
3125 2603 3253 2654 Υίὸν
3309 2605 3407 2672 τὴν
3460 2606 3641 2673 πηγὴν
3693 2605 3788 2656 τοῦ
3835 2607 3992 2672 ἁγίου

2407 2690 2722 2758 Πνεύματος
2747 2691 2845 2758 (5).
2887 2710 2904 2742 ›
2948 2693 3060 2745 Καὶ
3110 2695 3411 2766 Γρηγόριος
3443 2700 3470 2748 6
3516 2697 3776 2762 Θεολόγος
3807 2699 3862 2748 ὲν
3917 2699 3994 2766 τῷ

2404 2782 2531 2848 περὶ
2564 2781 2657 2832 τοῦ
2688 2783 2845 2848 ἁγίου
2893 2783 3214 2852 Πνεύματος
3276 2787 3420 2855 λόγῳ
3459 2790 3551 2838 τὸν
3610 2789 3711 2856 μὲν
3771 2789 3990 2856 Πατέρα

2401 2871 2684 2941 ὀφθαλμῷ,
2708 2874 2799 2924 τὸν
2829 2873 2884 2925 δὲ
2942 2875 3067 2926 Υίὸν
3097 2880 3270 2946 πηγῇ,
3326 2881 3386 2928 τὸ
3445 2879 3500 2930 δὲ
3560 2879 3716 2945 ἀγιον
3764 2879 3986 2947 Πνεῦμα

2402 2964 2638 3032 ποταμῷ
2671 2964 2949 3032 ἀναλόγως
2972 2966 3118 3035 ἔχειν
3145 2983 3156 2994 ·
3188 2969 3324 3034 φησὶ
3355 2969 3463 3037 γάρ
3493 2969 3596 3037 (ιγ
3628 2988 3645 3018 ι
3693 2969 3780 3030 Ὠς
3816 2971 3990 3037 ἔγωγε

2402 3059 2570 3110 πολὶὰ
2599 3058 3039 3126 διασκεψάμενος
3073 3060 3211 3128 πρὸς
3237 3061 3474 3128 ἐμαυτὸν
3508 3065 3574 3130 τῇ
3608 3062 3991 3132 φιλοπραγμο-

692 3161 1065 3228 explorarent,
1101 3158 1175 3211 rei
1231 3165 1394 3209 tanta:
1427 3156 1726 3222 imaginem
1761 3153 2061 3222 quamdam
2096 3152 2296 3222 exqui-
2322 3130 2369 3193 (ἶ
2405 3150 2457 3202 σε

2224 3152 2296 3206 ii-
2322 3130 2369 3193 Ο
2405 3149 2541 3222 σύνῃ
2563 3149 2662 3202 τοῦ
2692 3149 2789 3201 νοῦ
2828 3152 2922 3202 καὶ
2949 3152 3292 3220 πανταχόθεν
3314 3154 3408 3205 τὸν
3444 3154 3604 3221 λόγον
3637 3130 3868 3217 εὐθύνας
3898 3130 3989 3205 καὶ

693 3267 842 3314 rens,
867 3253 951 3303 cui
986 3249 1206 3302 tandem
1253 3264 1437 3302 rerum
1466 3247 1791 3300 inferiorum
1821 3245 2009 3299 divina
2053 3245 2144 3298 illa
2194 3259 2292 3298 na-

689 3351 811 3394 tura
855 3343 1221 3408 comparanda
1267 3340 1358 3402 sit,
1407 3341 1648 3409 reperire
1677 3355 1785 3392 non
1822 3340 1999 3408 potui.
2029 3338 2293 3403 Quamvis

689 3433 837 3484 enim
889 3434 1144 3500 exiguam
1194 3433 1434 3500 aliquam
1467 3430 1891 3484 similitudinem
1951 3430 2288 3492 invenerim,

693 3525 870 3594 major
923 3535 1106 3577 tamen
1153 3539 1279 3592 pars
1336 3537 1419 3575 nze
1469 3521 1648 3591 fugit,
1697 3523 2095 3592 liumiquevme
2162 3537 2290 3575 cum

693 3631 817 3669 meo
850 3616 1104 3684 exemplo
1134 3614 1380 3683 reliquit.
1406 3613 1639 3668 Oculum
1677 3614 1970 3683 quemdam
1999 3626 2054 3670 et
2079 3614 2284 3669 fontem

689 3726 755 3764 ac
789 3709 1016 3761 ﬂuvium
1049 3707 1183 3761 mihi
1220 3710 1507 3778 proposui,
1537 3710 2004 3778 quemadmodum
2030 3712 2120 3763 alii
2146 3728 2286 3782 quo-

693 3819 818 3871 quc,
861 3812 917 3855 ut
953 3803 1217 3865 viderem,
1253 3819 1382 3856 num
1410 3801 1572 3856 Pater
1594 3819 1720 3856 cum
1747 3804 1929 3866 oculo,
1957 3802 2127 3858 Filius
2156 3819 2281 3857 cum

692 3902 864 3959 l'onte,
925 3888 1169 3965 spiritus
1221 3906 1448 3951 sanctus
1504 3912 1630 3950 eum
1694 3895 1859 3949 ﬂuvio
1921 3898 2282 3965 proportiOne

689 3990 928 4057 quadam
957 3989 1303 4044 conveniret.
1360 3989 1487 4044 lla:c
1542 3989 1691 4043 enim
1745 4003 1846 4044 nec
1888 3997 2135 4058 tempore
2168 3990 2282 4044 dis-

687 4093 1041 4146 cernuntur,
1098 4099 1197 4138 nec
1230 4084 1300 4137 ob
1351 4083 1771 4137 contiuuitatem
1828 4098 1855 4135 a
1917 4098 1974 4136 se
2043 4084 2277 4136 invicem

2400 3242 2589 3311 ζητῶν
2631 3241 2817 3295 είκόνα
2856 3243 2980 3296 τινὰ
3013 3244 3108 3297 τοῦ
3168 3246 3427 3298 τοσούτου
3492 3247 3840 3315 πράγματος,
3889 3252 3989 3299 οὐκ

2399 3337 2579 3404 ἔσχον,
2607 3329 2650 3401 ᾧ
2675 3353 2783 3388 τινι
2814 3337 2921 3406 χρὴ
2955 3337 3064 3389 τῶν
3099 3340 3252 3391 κάτω
3279 3339 3378 3407 τὴν
3411 3339 3566 3390 Θείαν
3597 3339 3761 3408 φύσιν
3805 3356 3989 3408 παραυ

2398 3425 2617 3479 ϐάλλειν
2643 3427 2746 3496 (5)·
2815 3428 2918 3478 κᾶν
2959 3429 3066 3496 γάρ
3101 3431 3275 3500 μικρά
3334 3447 3418 3489 τις
3455 3431 3717 3500 ὁμοίωσις
3765 3432 3988 3501 εὑρεθῇ,

2397 3524 2590 3591 φεύγει
2625 3526 2686 3576 τὸ
2723 3526 2930 3590 πλεῖον,
2967 3526 3105 3594 ἀφέν
3144 3544 3213 3594 με
3247 3527 3399 3580 κάτω
3444 3529 3582 3596 μετά
3621 3527 3716 3579 τοῦ
3777 3527 3987 3579 ὑποδείη

2397 3630 2609 3686 γματος
2641 3633 2655 3648 ’
2687 3617 2968 3687 ὀφθαλμόν
2989 3637 3111 3672 τινα
3147 3618 3242 3673 καὶ
3268 3620 3452 3690 πηγὴν
3479 3622 3572 3673 καὶ
3597 3622 3842 3689 ποταμὸν
3872 3622 3986 3672 ἑνε-

2394 3713 2562 3780 νὸησα
2591 3713 2709 3778 (καὶ
2758 3711 2867 3781 γὰρ
2893 3713 2986 3763 καὶ
3018 3711 3189 3778 ἄλλοι)
3221 3713 3296 3781 μὴ
3321 3713 3400 3782 τῷ
3447 3714 3545 3781 μὲν
3567 3716 3596 3766 6
3643 3714 3854 3783 Πατὴρ,
3905 3712 3983 3779 τῷ

2391 3804 2447 3857 δὲ
2480 3807 2508 3858 6
2530 3805 2676 3869 Υἱὸς,
2709 3805 2787 3875 τῷ
2815 3805 2871 3858 δὲ
2895 3805 2957 3857 τὸ
2987 3805 3143 3872 ἀγιον
3177 3806 3402 3876 Πνεῦμα
3454 3808 3734 3876 ἀναλόγως
3760 3808 3860 3876 ἔχῃ
3886 3805 3983 3874 (6).

2392 3899 2582 3952 Ταῦτα
2627 3899 2737 3970 γάρ
2799 3898 2925 3953 οὔτε
2971 3900 3152 3970 χρόνῳ
3199 3899 3513 3969 διέστηκεν,
3556 3901 3680 3956 οὔτε
3730 3902 3983 3970 ἀλλήλων

2390 3990 2740 4060 ἀπέρρηκται
2778 3994 2844 4061 τῇ
2877 3994 3158 4062 συνεχείᾳ,
3189 3995 3283 4046 καὶ
3317 3995 3398 4064 (7)
3427 3995 3577 4047 δοκεί
3636 4012 3749 4057 πως
3801 3995 3984 4064 τρισὶν

2389 4082 2618 4150 ἰδιότησι
2644 4084 2998 4152 τέμνεσθαι,›
3036 4087 3130 4136 καὶ
3161 4086 3229 4137 τὰ
3258 4085 3408 4155 ἑξῆς.

685 4182 1124 4248 abrumpuntur,
1176 4193 1241 4232 ac
1297 4179 1480 4234 tribus
1541 4180 1776 4247 insuper
1841 4180 2278 4248 proprietatibus
2356 4179 2771 4248 quodammodo
2828 4180 3006 4236 scindi
3066 4181 3345 4250 videntur,
3388 4201 3406 4234 ι
3481 4193 3535 4237 et
3579 4199 3700 4253 qua:
3743 4200 3983 4255 sequun-

684 4285 795 4327 tur.

1157 4363 1402 4420 EPllES.
1443 4365 1639 4434 (CAP.
1673 4366 1841 4437 xm).

751 4458 942 4528 Neque
975 4457 1098 4511 dico
1121 4457 1320 4511 Filium
1353 4457 1597 4525 Spiritus
1639 4459 1816 4513 sancti
1839 4474 2060 4514 causam
2101 4474 2277 4527 neque

682 4553 1095 4618 proluctorem,
1127 4565 1196 4603 ne
1223 4548 1531 4604 secundum
1569 4549 1901 4618 principium
1928 4554 1978 4604 in
2009 4548 2280 4602 Trinitate

681 4654 734 4696 αι
761 4646 960 4697 exinde
996 4645 1117 4696 dua:
1146 4658 1328 4695 causa!
1353 4645 1574 4710 duoque
1600 4642 1867 4710 principia
1889 4644 2282 4711 intelligantur.

1286 4758 1327 4809 Λ
1339 4755 1636 4811 POLOGIA
1649 4797 1662 4809 .

755 4855 958 4908 Paulus
992 4852 1276 4921 apostolus
1308 4862 1476 4921 atque
1505 4852 1746 4920 inclytus
1779 4851 2122 4904 Athanasius
2175 4866 2270 4902 ra-

677 4951 887 5003 tionem
940 4947 1198 5008 reddent,
1262 4945 1352 4998 ille
1413 4945 1464 4996 in
1505 4943 1740 5012 cpistola
1783 4941 1851 4994 ad
1918 4942 2271 4997 Thessaloni-

676 5056 892 5102 censes,
934 5041 1018 5091 hic
1057 5040 1108 5089 in
1150 5037 1271 5105 ejus
1303 5035 1695 5103 explanatione
1728 5035 1979 5087 oratione
2026 5035 2266 5087 secunda

679 5143 870 5186 rontra
903 5132 1161 5184 Arianos.
1200 5129 1408 5181 Paulus
1453 5127 1678 5196 quidem
1747 5127 1826 5178 ait
1868 5142 1880 5177 :
1917 5122 2040 5190 Ipse
2093 5136 2267 5178 autem

744 5274 820 5341 (1)
859 5267 1110 5331 Mott.°27,
1143 5267 1179 5321 ι’.
1211 5267 1364 5319 151a
1408 5265 1616 5319 omittit
1645 5265 1805 5318 Verba
1835 5266 1897 5315 ὲκ
1932 5262 2025 5315 τοῦ
2056 5262 2271 5333 Πιτρδς

672 5347 784 5395 καί.

745 5415 819 5478 t2)
859 5412 1001 5463 Mori.
1029 5414 1124 5466 cit.
1153 5411 1352 5479 χορῶν.

747 5475 824 5549 (ὅ)
859 5483 987 5535 Levi
1025 5475 1316 5534 vcrlairuin
1367 5475 1690 5530 discrimine
1721 5476 1860 5549 idem
1906 5484 2090 5549 textus
2138 5475 2270 5549 alle-

672 5547 835 5618 gatut'
873 5574 900 5606 υ
943 5553 1118 5605 Becco
1147 5556 1197 5605 in
1233 5555 1444 5602 (thinat.
1508 5548 1798 5600 Aniltiatlv.
1835 5563 1884 5599 c.
1925 5547 1979 5610 8,
2014 5559 2064 5600 et
2130 5547 2274 5600 Con-

671 5638 914 5679 slaltllllt)
967 5627 1318 5682 llic-Iucunda,
1374 5630 1518 5674 orat.
1553 5620 1586 5671 ‘2
1625 5636 1678 5672 ιι.
1731 5619 1797 5671 57
1849 5618 1964 5688 (Gr.
2027 5619 2174 5672 orlh.
2230 5627 2268 5670 t.

671 5702 727 5763 ll,
778 5715 830 5763 Γ.
871 5698 998 5760 504,
1031 5696 1157 5758 305,
1191 5695 1344 5760 ΊΠ),
1377 5702 1428 5745 et
1462 5694 1602 5745 alias
1635 5691 1862 5757 passim.

739 5757 816 5837 vi)
859 5757 1020 5835 (πρέ.
1059 5757 1190 5821 Νη.
1218 5757 1360 5818 urat.
1400 5763 1491 5829 57,
1519 5781 1598 5837 ἰ».
1635 5763 1851 5837 ﬁlled.
1887 5761 2050 5825 Bulii,
2110 5775 2258 5837 nunc

667 5831 809 5897 erat.
845 5843 932 5895 51.
969 5831 1041 5895 ΕΟ
1081 5845 1199 5895 loco
1239 5846 1471 5891 utuntur
1519 5832 1688 5888 Isaias
1714 5834 1876 5902 tlypr.
1933 5849 2018 5902 cp.
2059 5837 2121 5887 ad
2159 5831 2256 5886 Ni-

2301 4717 2352 4777 D

3030 4368 3250 4423 ΕΦΕΣο
3261 4370 3320 4421 Υ.

2457 4456 2597 4510 Οὔτε
2619 4458 2764 4526 λέγω
2792 4459 2884 4511 τὸν
2917 4459 3042 4512 Υεὸν
3073 4462 3167 4513 τοῦ
3201 4461 3519 4526 Πνεύματος
3543 4465 3718 4517 αἴτιον
3750 4467 3869 4519 οὐδὲ
3897 4467 3976 4538 (8)

2389 4549 2686 4619 προϐολέα,
2717 4551 2801 4604 ῐνα
2839 4553 2914 4622 μὴ
2945 4552 3198 4622 δεύτερος
3221 4557 3391 4618 αἴτιος
3432 4557 3490 4608 ἐν
3515 4560 3579 4628 τῇ
3611 4557 3978 4628 Τριάδι,κάνο

2389 4643 2583 4695 τεῦθεν
2611 4644 2704 4695 δύο
2735 4642 2902 4697 αῐτιοι
2932 4644 3023 4694 καὶ
3054 4642 3148 4695 δύο
3177 4645 3348 4714 ἀρχαὶ
3379 4647 3752 4714 γνωρισθὼσι.

2987 4759 3360 4813 ΑΠΟΛΟΓΙΑ.

2458 4851 2725 4913 Παῦλοςό
2781 4853 3079 4914 ἀπόστολος
3139 4855 3236 4905 σὺν
3277 4853 3355 4923 τῷ
3404 4855 3602 4924 κλεινῷ
3670 4856 3976 4928 Ἀθανασίῳ

2383 4942 2476 4994 τὸν
2505 4944 2664 5010 λόγον
2697 4945 3097 5010 ἀποδώσουσιν,
3139 4945 3168 4996 6
3202 4945 3302 5014 μὲν
3338 4948 3395 4998 ἑν
3430 4949 3495 5016 τῇ
3530 4947 3665 5013 πρὸς
3694 4947 3973 4999 Θεσσαλο⁴

2379 5039 2548 5098 νικεῖς
2592 5037 2907 5106 Ἐπιστολῇ,
2941 5039 2967 5088 6
2996 5036 3052 5088 δὲ
3109 5036 3314 5104 ταύτην
3360 5037 3729 5106 ἐξηγούμενος
3783 5042 3840 5090 ἐν
3897 5042 3973 5107 τῷ

2377 5127 2519 5178 κατὰ
2565 5127 2861 5196 Ἀρειανιῖιν
2887 5129 3124 5198 δευτέρῳ
3155 5144 3167 5155 ·
3204 5125 3278 5181 ὧν
3322 5132 3349 5182 6
3382 5132 3483 5198 μέν
3542 5147 3706 5198 φησιν
3736 5147 3748 5160 ⁸
3785 5131 3974 5196 Αὐτὸς

2373 5266 2478 5339 col.
2517 5265 3030 5339 Scleg.;Constant.
3057 5266 3296 5339 Meliten.
3327 5268 3514 5321 oratJ
3555 5269 3736 5335 n.29;
3770 5270 3968 5339 Georg.

2376 5337 2612 5392 Metoch.
2657 5357 2704 5391 c.
2743 5339 2883 5392 Max.
2918 5336 3150 5392 Planud.
3182 5337 3299 5405 (Gr.
3351 5341 3573 5393 ortliod.
3611 5351 3650 5394 ι.
3686 5341 3722 5401 l,
3753 5359 3805 5409 p.
3837 5336 3964 5404 597,

2376 5407 2518 5463 598:
2553 5421 2592 5463 ι.
2619 5410 2681 5463 ΙΙ.
2715 5426 2766 5463 D.
2803 5409 2923 5463 706.
2951 5409 3076 5463 707.
3109 5410 3257 5463 9M).
3314 5406 3325 5422 ’

2715 5426 2766 5478 p.
2803 5409 3076 5472 706,707,
3109 5410 3257 5476 9M).
3314 5406 3325 5422 '

2447 5480 2522 5547 (5)
2561 5483 2909 5551 Ιιαραὸαλεῖν
2951 5485 3004 5533 in
3038 5481 3124 5534 ed.
3162 5479 3326 5550 (ἓως.

2448 5555 2525 5616 (6)
2559 5555 2692 5604 (Iud.
2731 5552 2873 5605 Mon.
2913 5553 3076 5620 ἔχειν.

2449 5625 2527 5691 (7)
2565 5622 2686 5675 Hall.
2723 5626 2841 5676 κᾶν.

2447 5699 2522 5756 (λ)
2559 5697 2774 5750 Monac.
2797 5695 2926 5757 256,
2965 5694 2999 5746 l.
3041 5696 3140 5749 ίΞΙι
3173 5695 3205 5750 b
3231 5695 3566 5752 onntt.duas
3596 5710 3760 5751 voces
3793 5695 3968 5750 αἴτιον
