4470 6452
764 393 834 452 95
1646 392 2027 453 GREGORII
2072 391 2376 452 MAMM/E
2409 389 2516 452 CP.
2563 392 3071 452 PATRIARCHxE
3938 399 4007 462 95

768 516 948 557 aeaut.
986 503 1250 556 Similiter
1276 503 1440 556 etiam
1482 504 1866 558 sanctissimus
1893 522 2032 576 papa
2051 505 2157 561 Leo
2177 506 2229 558 in
2247 519 2342 559 eo-
2373 502 2420 558 A
2460 505 2533 558 'E1

2247 519 2342 559 eo-
2373 502 2420 558 A
2460 505 2681 575 Ἐπειδὴ
2710 507 2991 569 πολλάκις,
3015 510 3125 561 εἴτε
3153 509 3245 560 ὑπ’
3266 508 3531 577 ἀνάγκης,
3554 511 3661 563 εἴτε
3689 511 3863 577 άλλως
3891 532 4004 577 πως

766 599 885 650 dem
916 597 1106 662 spiritu
1131 597 1370 662 praecipit
1393 595 1578 650 dicens
1612 614 1624 649 :
1671 597 1770 651 Ubi
1798 598 1879 649 vis
1922 613 2026 649 non
2055 598 2333 666 pt‘azcedit,

770 688 1070 742 immobilia
1115 699 1468 756 permaneant
1503 697 1816 742 sanctorum
1843 689 2063 743 Patrum
2099 697 2331 753 statuta;

774 779 897 831 ubis
921 794 1047 831 vero
1079 781 1379 834 necessitas
1403 787 1456 832 et
1483 780 1564 832 vis
1586 781 1872 848 reperitur,
1903 781 1974 833 ibi
2007 780 2060 833 id
2093 780 2159 833 ad
2191 778 2336 848 quod

771 871 990 940 prodest
1029 869 1283 935 Ecclesiae
1302 870 1520 931 Dei,i|le
1561 873 1651 938 qui
1713 881 2036 940 potestatem
2079 871 2340 926 habetdi-

771 971 1012 1030 spenset.
1044 964 1119 1016 Et
1142 964 1470 1017 necessitate
1504 967 1816 1035 enimjuxta
1839 968 2084 1020 divinum
2109 968 2342 1036 Aposto-

773 1055 885 1112 lutn
905 1056 1066 1108 etiam
1086 1055 1216 1123 legis
1239 1054 1293 1107 fit
1318 1058 1587 1111 traslatio.
1604 1057 1749 1111 Felix
1774 1068 2029 1126 praeterea
2058 1075 2189 1128 papa
2210 1075 2341 1111 con-

775 1161 906 1199 sona
945 1147 1108 1199 etiam
1144 1147 1305 1200 habet
1344 1147 1535 1202 dicens
1583 1169 1595 1202 :
1645 1150 1719 1202 De
1762 1151 1863 1203 hoc
1911 1160 2123 1218 oportet
2165 1150 2343 1203 anim-

775 1237 1078 1300 advertere,
1102 1249 1156 1291 ut
1184 1240 1269 1292 ubi
1298 1243 1595 1294 necessitas
1643 1242 2344 1310 contigerit,sa‘penumero

775 1328 936 1381 etiam
1011 1329 1428 1386 constitutiones
1488 1329 1709 1385 Patrum
1791 1333 2094 1402 transgredi
2161 1333 2342 1385 liceat.

778 1413 981 1468 Sancta
1012 1417 1176 1470 etiam
1210 1418 1450 1487 synodus
1477 1421 1926 1490 Carthaginensis
1956 1423 2030 1475 ait
2067 1423 2344 1476 tricesimo

775 1505 966 1571 quinto
1022 1509 1258 1573 capitulo
1309 1527 1322 1562 :
1360 1509 1697 1572 Mandamus,
1724 1521 1781 1564 ut
1811 1511 2210 1564 Donatistarum
2235 1511 2347 1563 cle-

779 1595 872 1645 rici
923 1596 1116 1646 iterum
1163 1602 1224 1648 ad
1283 1597 1573 1652 Ecclesiaui
1631 1612 1996 1664 revertantur,
2022 1603 2151 1656 licet
2183 1603 2345 1656 etiam

779 1698 806 1734 a
839 1687 1047 1754 synodo
1081 1687 1284 1740 fuerint
1326 1689 1866 1760 damnati.Synodus
1912 1708 2129 1760 quoque
2185 1708 2350 1763 syno-

779 1778 907 1831 dum
944 1782 1236 1849 abrogasse
1290 1785 1536 1838 cernitur
1574 1797 1794 1855 propter
1834 1789 2094 1842 unionem
2129 1802 2182 1843 et
2213 1805 2346 1843 con-

779 1873 1024 1924 cordiam
1084 1872 1359 1928 Ecclesia.
1393 1875 1455 1928 Et
1516 1879 1865 1931 Innocentius
1918 1895 2052 1947 papa
2101 1883 2195 1943 ait,
2255 1896 2344 1934 ca-

784 1964 892 2029 pite
951 1965 1141 2032 quinto
1183 1984 1195 2019 :
1243 1967 1338 2019 Isti
1386 1982 1414 2018 a
1467 1967 1679 2022 Bonoso
1719 1972 1974 2026 haeretici»
1997 1974 2232 2027 ordinati
2265 1990 2348 2028 re-

783 2053 1078 2120 cipiantur,
1127 2072 1192 2109 ne
1231 2058 1426 2109 iterum
1461 2059 1717 2112 scandala
1756 2062 1809 2113 in
1841 2062 2082 2118 Ecclesia
2116 2064 2207 2117 Dei
2241 2067 2350 2120 ori-

783 2155 962 2197 antur.
1033 2146 1217 2214 Neque
1281 2148 1556 2206 damnatis
1620 2153 1792 2206 solum
1879 2154 2029 2219 istis,
2096 2157 2219 2210 licet
2276 2168 2352 2210 ta-

785 2233 862 2286 les
897 2246 1101 2298 essent,
1133 2245 1185 2288 et
1220 2252 1285 2289 ex
1332 2239 1570 2303 ipsorum
1612 2244 1998 2310 promptuariis
2034 2247 2350 2299 exsistenti-

786 2325 886 2376 bus
927 2323 1028 2392 (α),
1063 2326 1176 2379 hzec
1202 2330 1500 2395 apostolica
1545 2333 1704 2386 sedes
1751 2335 2140 2390 ecelesiasricae
2203 2339 2351 2406 pacis

784 2431 971 2466 curaui
1007 2433 1202 2483 gerens
1228 2422 1626 2475 auxiliatricem
1663 2439 1881 2477 manum
1919 2429 2162 2493 porrexit
2204 2447 2214 2491 ;
2264 2445 2354 2484 ve-

787 2522 902 2556 rum
931 2509 1094 2561 etiam
1129 2513 1451 2566 orthodoxis
1487 2515 1764 2582 episcopis
1818 2526 1869 2568 et
1898 2521 2226 2584 patriarcbis
2282 2522 2346 2572 ad

786 2598 961 2666 ipsum
1019 2601 1488 2670 confugientibus.
1529 2604 1587 2656 Et
1617 2607 1805 2672 paucis
1837 2609 2180 2675 interjectis:
2219 2611 2350 2664 Cum

786 2689 928 2739 enim
988 2693 1150 2742 semel
1215 2693 1327 2746 haec
1387 2697 1686 2762 apostolica
1750 2699 1908 2752 sedes
1965 2699 2147 2754 claves
2198 2716 2355 2756 acce-

792 2781 959 2844 pisset
1030 2787 1173 2849 regni
1228 2786 1490 2839 etelorum
1543 2803 1571 2840 a
1621 2791 1794 2857 primo
1827 2801 1878 2844 et
1927 2809 2122 2860 magno
2170 2796 2352 2863 ponti-

793 2878 889 2924 tice
921 2873 1046 2926 Jcsu
1081 2877 1303 2928 Christo
1345 2894 1440 2946 per
1482 2882 1789 2949 principem
1824 2885 2194 2951 aposwlorum
2255 2886 2356 2939 Pe-

791 2977 957 3024 trum,
984 2983 1106 3019 cum
1144 2969 1215 3021 illi
1243 2971 1505 3025 dixisset:
1534 2973 1646 3025 Tibi
1671 2975 1806 3026 dabo
1837 2976 2006 3029 claves
2038 2980 2357 3048 regnicazio-

2443 599 2820 667 ἐπειγομένων
2869 600 2978 652 τῶν
3032 598 3341 668 ἀνθρώπων
3393 601 3824 668 παραδαίνεσθαι
3881 605 4010 667 τοὺς·

2441 688 2935 766 ἐκκλησιαστικοὺς
2975 690 3207 752 κανόνας
3256 690 3564 757 συμσαίνει.
3601 692 3720 744 Ἔτι
3763 692 3820 744 δὲ
3865 693 4007 746 καὶὸ

2445 783 2678 843 πάππας
2701 783 2958 846 Γελάσιος
2989 785 3119 853 περὶ
3152 783 3244 836 τοῦ
3283 785 3449 837 αὑτοῦ
3496 785 3663 851 λέγει,
3701 787 3784 838 ὅτι
3829 785 4007 839 Ὅπου

2445 873 2536 942 βία
2565 874 2625 925 ού
2659 874 2970 942 πρόκειται,
3005 875 3415 944 ἀμετάτρεπτοι
3455 877 3765 940 μενέτωσαν
3795 877 3844 930 oi
3899 877 4009 928 τῶν

2446 964 2619 1030 ἁγίων
2663 967 2922 1035 Πατέρων
2958 965 3172 1034 θεσμοί.
3222 967 3496 1028 Ὡσαύτως
3527 968 3620 1020 καὶ
3648 967 3674 1018 ὸ
3706 967 4010 1031 ἀγιώτατος

2444 1056 2678 1117 πάππας
2722 1056 2876 1109 Λέων
2900 1057 2957 1108 έν
2995 1056 3073 1124 τῷ
3101 1057 3252 1125 αύτῷ
3313 1058 3684 1110 διακελεύεται
3734 1058 4008 1124 πνεύματι

2444 1144 2618 1212 λέγων
2657 1161 2672 1176 ’
2707 1148 2883 1199 Ὅπου
2914 1147 2975 1200 ού
3007 1149 3291 1217 πρόκειται
3324 1147 3434 1215 βία,
3483 1148 3765 1200 ἀσάλευτοι
3821 1147 4011 1214 διαμεο

2444 1231 2686 1289 νέτωσαν
2718 1236 2766 1288 oi
2811 1237 3009 1304 θεσμοὶ⁸
3073 1238 3185 1290 τῶν
3237 1238 3407 1303 ἀγίων
3461 1236 3756 1304 Πατέρων⁶
3788 1237 3921 1288 ὅπου
3953 1237 4009 1288 δὲ

2447 1327 2661 1394 ἀνάγκη
2689 1327 2781 1379 καὶ
2816 1327 2906 1395 βία
2938 1326 3275 1394 εὑρίσκεται,
3310 1329 3426 1379 ὲκεί
3460 1329 3596 1395 πρὸς
3637 1325 3697 1377 τὸ
3732 1325 4012 1394 συμφέρον

2456 1419 2557 1483 τῆς
2604 1419 2931 1484 Ἐκκλησίας
2962 1418 3095 1471 Θεοῦ
3138 1421 3165 1469 ό
3197 1419 3294 1482 τὴν
3350 1418 3594 1482 ἐξουσίαν
3627 1418 3765 1486 ἔχων
3808 1420 4012 1468 οἰκονο-

2451 1510 2639 1578 μείτω.
2676 1508 2766 1571 Ἐξ
2796 1509 3040 1575 ἀνάγκης
3070 1510 3176 1576 γὰρ
3200 1510 3340 1562 κατά
3378 1510 3470 1560 τὸν
3507 1509 3648 1560 θεῖον
3692 1506 4013 1559 Ἀπόστολον

2448 1601 2541 1651 καὶ
2565 1600 2730 1667 νόμου
2763 1599 3051 1665 μετάθεσις
3100 1599 3330 1665 γίνεται.
3390 1599 3498 1650 Καὶ
3555 1596 3719 1664 Φῆλιξ
3773 1597 3848 1661 ii)
3895 1596 3953 1647 δὲ
3986 1596 4014 1644 ό

2451 1693 2680 1750 πάπποις
2708 1690 2920 1751 τούτοις
2948 1692 3246 1758 συνηγορεί
3276 1689 3480 1753 λέγων·
3522 1689 3629 1739 Kal.
3668 1687 3798 1754 περὶ
3822 1685 4013 1737 τούτου

2455 1783 2558 1849 χρὴ
2598 1780 2925 1846 σκέψασθαι.
2987 1781 3074 1834 ἵνα
3112 1781 3244 1832 ὅπου
3291 1780 3577 1847 ἀπαντήσῃ
3616 1779 3854 1844 ἀνάγκη,
3887 1774 4014 1827 πυλ-

2455 1872 2610 1932 λάκις
2644 1873 2699 1922 αί
2737 1872 3025 1932 συστάσεις
3078 1870 3186 1923 τῶν
3241 1871 3505 1941 Πατέρων
3565 1867 4012 1936 παραϐαίνονται.

2451 1959 2662 2012 Οὐκοῦν
2695 1959 2831 2011 ἀλλὰ
2870 1960 2963 2010 καὶ
2992 1959 3070 2024 (2)
3114 1959 3146 2026 ἡ
3183 1960 3312 2025 ἁγία
3342 1958 3560 2018 σύνοδος
3599 1959 3631 2025 ὴ
3680 1960 3737 2009 ὲν
3798 1956 4021 2023 Καρθα-

2451 2056 2582 2120 γένῃ
2626 2052 2683 2103 ἐν
2723 2048 2796 2103 λε’
2857 2052 3142 2120 κεφαλαίῳ
3192 2051 3374 2117 λέγει·
3439 2051 3774 2119 Κελεύομεν,
3831 2049 3917 2101 ἵνα
3969 2048 4020 2100 oi

2452 2143 2710 2210 κληρικοὶ
2785 2143 2953 2195 πάλιν
2991 2143 3098 2195 τῶν
3149 2142 3485 2194 Δονατιστῶν
3541 2143 3619 2202 εἰς
3650 2141 3748 2208 τὴν
3795 2138 4023 2204 Ἐκκλη-

2454 2235 2575 2285 σίαν
2607 2235 3035 2302 ἀνακάμψωσιν,
3074 2235 3277 2303 καίπερ
3320 2234 3414 2285 καὶ
3446 2235 3640 2302 πρώην
3669 2233 3772 2283 ὑπὸ
3797 2231 4020 2282 συνόδου

2453 2326 2869 2395 καθαιρεθέντες
2893 2344 2906 2358 ο
2940 2327 3035 2380 καὶ
3093 2326 3313 2388 σύνοδος
3345 2326 3537 2394 όρᾶται
3571 2323 3788 2375 σύνοδον
3822 2320 4023 2373 λύουσα

2452 2419 2538 2471 διὰ
2569 2419 2666 2488 τὴν
2697 2419 2892 2471 ἕνωσιν
2933 2419 3025 2473 καὶ
3055 2420 3311 2487 ὁμόνοιαν
3341 2418 3440 2486 τῆς
3503 2416 3856 2482 Ἐκκλησίας.
3911 2412 4024 2463 Καὶ

2467 2510 2814 2570 Ἰννοκέντιος
2849 2510 2905 2561 δὲ
2944 2511 2971 2566 ό
3009 2511 3240 2572 πάππας
3273 2509 3424 2574 λέγει
3475 2508 3532 2559 ὲν
3564 2506 3641 2574 τῷ
3675 2506 3908 2573 πέμπτῳ
3936 2520 4026 2555 κε-

2457 2604 2695 2672 φαλαίῳ·
2729 2603 2891 2656 Οὗτοι
2925 2605 2974 2656 oi
3015 2603 3489 2672 χειροτονηθέντες
3530 2601 3635 2653 ὑπὸ
3687 2601 3916 2652 Βονόσου
3948 2599 4024 2666 (5)

2456 2697 2550 2747 τοῦ
2577 2696 2861 2764 αίρετικοῦ
2892 2695 3263 2764 δεχέσθωσαν,
3308 2695 3395 2746 ἵνα
3429 2692 3503 2761 μὴ
3557 2691 3720 2743 πάλιν
3755 2689 4026 2742 σκάνδαλα

2459 2789 2516 2838 ὲν
2550 2791 2615 2856 τῇ
2653 2789 2950 2858 Ἐκκλησία
3002 2789 3097 2838 τοῦ
3158 2787 3293 2839 Θεοῦ
3330 2787 3569 2852 ἀναφυῇ.
3604 2784 3714 2836 Καὶ
3765 2783 3824 2833 ού
3865 2782 4026 2849 μόνον

2458 2880 2692 2943 τούτοις,
2725 2881 2925 2948 καίπερ
2948 2879 3066 2933 οὖσι
3099 2882 3388 2939 τοιούτοις,
3429 2878 3525 2929 καὶ
3554 2874 3614 2938 ἐξ
3663 2873 3842 2925 αὐτῶν
3869 2869 4022 2925 οὖσιν

2460 2972 2790 3040 ἐξαιρέσεως
2828 2973 2926 3041 (4),
2962 2974 2992 3040 ἡ
3024 2970 3362 3041 ἀποστολικὴ
3402 2970 3539 3036 α’ύτη
3567 2968 3804 3035 καθέδρα
3832 2967 4027 3020 καθαι-

790 3075 924 3120 nun,
954 3071 995 3109 et
1027 3077 1343 3128 quacunque
1376 3063 1616 3130 ligaveris
1650 3083 1804 3132 super
1864 3078 2081 3134 (errant,
2116 3082 2266 3122 erunt
2290 3072 2353 3123 li-
2382 3090 2424 3145 ο
2468 3067 2555 3134 ρεο

2262 3072 2353 3123 τιξ-
2382 3090 2424 3145 C
2468 3067 2672 3134 ρεθεῖσι
2698 3067 2794 3131 τῆς
2819 3063 3282 3130 ἐκκλησιαστικῆς
3303 3062 3527 3129 εἰρήνης
3561 3059 3820 3126 φροντίδα
3841 3075 4027 3110 ποιου-

787 3168 852 3218 ga
894 3151 945 3202 iu
979 3153 1162 3217 cwlis;
1205 3166 1250 3206 et
1284 3173 1604 3225 quicunque
1661 3160 1879 3212 solveris
1934 3179 2092 3229 nuper
2133 3174 2352 3233 terram,

790 3242 1211 3295 eruntsolutain
1238 3245 1376 3296 caelis
1417 3263 1427 3296 :
1469 3248 1628 3299 habet
1696 3248 2005 3303 facultatem
2063 3253 2355 3310 universim

796 3335 996 3403 ligandi
1032 3342 1194 3402 atque
1218 3338 1457 3390 solvendi
1501 3348 1552 3391 et
1583 3339 1880 3391 secundum
1914 3343 2235 3410 prOphetam
2270 3346 2360 3400 Je-

798 3429 1024 3480 remiam
1061 3431 1323 3481 evellendi
1353 3445 1512 3496 atque
1538 3435 1843 3499 plantandi.
1906 3435 2018 3490 "ac
2063 3438 2127 3490 de
2195 3453 2360 3491 causa

798 3533 894 3569 nos
914 3520 1236 3572 auctoritate
1260 3521 1337 3574 usi
1363 3523 1620 3590 prin-ipis
1675 3526 2049 3592 apostolorum
2080 3527 2361 3582 Petrienm

801 3608 1077 3671 universa,
1104 3624 1222 3676 quae
1250 3616 1388 3677 apud
1428 3630 1525 3664 nos
1561 3623 1666 3676 est,
1726 3616 2072 3668 sanctissima
2129 3616 2365 3671 Ecclesia

795 3717 1191 3763 asseveramus,
1214 3703 1357 3770 quod
1381 3705 1669 3770 recipimus
1694 3707 1961 3758 Photium.
1983 3724 2002 3759 ι
2032 3707 2167 3770 Quid
2187 3710 2368 3775 itaque

799 3797 849 3846 iu
871 3795 951 3846 his
971 3803 1070 3856 est,
1091 3795 1234 3860 quod
1257 3809 1353 3848 nos
1371 3795 1632 3847 debemus
1650 3797 1955 3850 addiscere?
1986 3799 2223 3851 Primum
2240 3801 2332 3866 qui
2347 3825 2365 3837 -

795 3887 942 3945 dem,
997 3887 1262 3955 synodum
1327 3903 1355 3939 a
1404 3889 1615 3956 synodo
1674 3889 1743 3941 ob
1776 3890 2065 3943 utilitatem
2118 3891 2364 3944 dissolvi.

801 3979 1006 4031 Deinde
1051 3980 1403 4033 conﬁrmatur
1455 3992 1680 4049 urgente
1743 3984 2070 4037 necessitate
2129 3999 2370 4038 canones

802 4076 928 4125 item
963 4076 1179 4128 uniouis
1214 4091 1374 4128 causa
1396 4087 1446 4129 et.
1482 4077 1795 4130 educerdia:
1821 4077 2075 4132 Ecclesiae
2111 4080 2370 4141 relaxari,

803 4177 855 4218 et
891 4168 1250 4229 apostolicum
1277 4167 1530 4219 thronum
1555 4168 1830 4234 possidere
1867 4169 2045 4221 claves
2088 4171 2234 4234 regni
2265 4186 2379 4222 ca:-

805 4257 1006 4318 lorum,
1035 4257 1231 4323 ligandi
1253 4267 1411 4325 atque
1430 4258 1694 4320 solvendi,
1716 4257 2026 4311 eradicandi
2043 4267 2201 4324 atque
2221 4259 2376 4326 plan-

807 4351 973 4403 tandi.
994 4350 1049 4402 Si
1074 4352 1251 4416 itaque
1287 4350 1425 4402 hanc
1448 4351 1709 4418 synodum
1745 4350 1820 4402 uti
1845 4350 2235 4403 aecumenicam
2259 4367 2377 4402 am-

2466 3159 2599 3225 μένη
2627 3159 2786 3224 χεῖρα
2821 3155 3074 3224 βοηθείας
3107 3152 3312 3220 ὤρεξεν
3361 3154 3461 3220 (5).
3498 3151 3632 3203 ἀλλὰ
3684 3153 3780 3203 καὶ
3813 3149 4030 3217 όρθοδόε-

2467 3252 2577 3313 ξοις
2614 3250 2898 3315 ίεράρχαις
2939 3247 3030 3297 καὶ
3073 3244 3443 3312 πατριάρχαις
3477 3246 3555 3303 είς
3589 3240 3755 3310 αὐτὴν
3789 3256 4029 3307 καταφυ-

2464 3341 2672 3407 γοῦσιν.
2697 3340 2800 3389 Καὶ
2836 3339 2972 3406 μετά
2995 3354 3118 3388 τινα
3141 3351 3154 3366 ⁶
3183 3334 3457 3396 Καθάπαξ
3482 3336 3587 3402 γὰρ
3619 3333 3646 3383 ὁ
3676 3331 4033 3391 ἀποστολικὸς

2466 3431 2622 3494 οὗτος
2655 3432 2845 3498 θρόνος
2893 3429 3078 3481 λαῦὼν
3108 3429 3206 3490 τὰς
3245 3426 3395 3488 κλεῖς
3440 3426 3541 3492 τῆς
3595 3424 3869 3492 βασιλείας
3924 3423 4032 3475 τῶν

2468 3527 2714 3593 οὐρανῶν
2757 3526 2908 3594 παρὰ
2933 3523 3027 3574 τοῦ
3068 3521 3290 3589 πρώτου
3329 3522 3421 3573 καί⁵
3467 3517 3701 3588 μεγάλου
3733 3517 4033 3586 ἀρχιερέως

2479 3617 2655 3686 Ἰησοῦ
2687 3615 2931 3686 Χριστοῦ
2959 3615 3047 3667 διὰ
3083 3614 3177 3667 τοῦ
3241 3613 3542 3681 κορυφαίου
3579 3610 3688 3662 τῶν
3724 3610 4034 3664 ἀποστόλων

2473 3714 2705 3780 Πέτρου,
2731 3709 2982 3767 εἰπόντος
3016 3706 3150 3775 πρὸς
3177 3704 3339 3756 αὐτόν
3361 3720 3373 3733 ·
3408 3703 3503 3756 Σοὶ
3553 3701 3723 3754 δώσω
3747 3700 3855 3764 τὰς
3875 3698 4038 3763 κλεῖς

2470 3801 2582 3866 τῆς
2603 3798 2931 3862 βασιλείας
2971 3794 3091 3846 τῶν
3148 3790 3458 3856 οὐρανῶν·
3492 3791 3590 3843 καί
3618 3791 3648 3843 ὃ
3692 3789 3802 3842 ἐὰν
3843 3787 4042 3854 δήσῃ(

2471 3893 2566 3946 ἐπί
2597 3890 2707 3957 τῆς
2732 3888 2862 3956 γῆς,
2883 3887 3055 3940 ἔσται
3086 3884 3417 3953 δεδεμένον
3443 3885 3511 3935 ἐν
3540 3883 3666 3945 τοῖς
3717 3879 3996 3947 οὐρανοῖς
4025 3897 4040 3911 ο

2474 3983 2572 4035 καί
2602 3981 2632 4034 ὃ
2673 3981 2781 4034 ἐὰν
2820 3981 3021 4048 λύσῃς
3050 3977 3148 4030 ἐπὶ
3184 3976 3296 4040 τῆς
3327 3976 3460 4043 γῆς,
3490 3976 3658 4028 ἔσται
3708 3973 4044 4041 λελυμένον

2475 4076 2544 4126 ἐν
2582 4073 2704 4138 τοῖς
2740 4071 3021 4138 οὐρανοῖς
3072 4069 3169 4137 (6).
3209 4069 3322 4136 ἔχει
3361 4067 3609 4132 ἐξουσίαν
3663 4065 3892 4117 καθόλου
3920 4064 4042 4113 δεσ-

2479 4168 2600 4235 μεῖν
2632 4182 2690 4216 τε
2719 4166 2815 4215 καὶ
2847 4162 2996 4213 λύειν
3032 4163 3125 4213 καὶ
3151 4160 3292 4212 κατά
3319 4159 3411 4211 τὸν
3442 4159 3731 4227 προφήτην
3772 4153 4044 4221 Ἰερεμίαν

2477 4255 2728 4322 έκριζοῦν
2758 4257 2851 4308 καὶ
2880 4252 3280 4318 καταφυτεύειν
3310 4251 3394 4320 (7)
3429 4267 3441 4278 ·
3471 4249 3560 4300 διὰ
3587 4247 3744 4300 τοῦτο
3777 4247 4044 4312 καὶήμεῐς

2480 4353 2546 4418 τῇ
2577 4348 2835 4415 αύθεντία
2862 4345 2955 4397 τοῦ
3004 4342 3306 4412 κορυφαίου
3358 4340 3466 4391 τῶν
3499 4339 3810 4392 ἀποστόλων
3840 4338 4044 4403 Πέτρου

806 4443 1078 4508 plectitur,
1099 4450 1150 4493 ct
1175 4442 1481 4494 testimonia
1499 4458 1560 4494 ex
1597 4442 1708 4508 ipsa
1733 4442 1954 4509 profert,
2000 4441 2129 4510 quid
2175 4457 2370 4493 novum
2407 4427 2450 4477 Ῑ)
2480 4456 2568 4507 χρ(

2284 4457 2370 4493 um
2407 4427 2450 4477 D
2480 4437 2757 4507 χρώμενοι
2823 4434 2962 4503 μετὰ
2996 4434 3178 4502 πάσης
3221 4433 3318 4500 τῆς
3377 4429 3500 4481 καθ’
3544 4430 3687 4497 ἡμᾶς
3735 4427 4043 4492 ἁγιωτάτης

805 4541 898 4585 aut
948 4544 1142 4602 pragter
1190 4535 1652 4599 exspectationem
1697 4535 1896 4586 factum
1922 4533 2088 4587 fuisse
2124 4535 2378 4602 Opinatur
2484 4531 2570 4582 Ἐκ

2277 4545 2378 4586 dur
2484 4528 2816 4594 Ἐκκλησίας
2857 4523 3304 4596 παρεγγυώμεθα
3350 4521 3603 4586 δέξασθαι
3642 4520 3731 4572 τὸν
3762 4520 3984 4570 Φὼτιον.
4025 4534 4042 4567 ι

805 4626 872 4678 ab
898 4627 1011 4692 ipsa
1038 4627 1266 4691 synodo,
1295 4641 1414 4678 cum
1465 4641 1570 4678 una
1594 4641 1717 4677 cum
1746 4626 1920 4693 primo
1957 4626 2183 4691 praesule
2218 4626 2374 4676 talem
2481 4622 2545 4673 Ti

2281 4626 2374 4676 lem
2481 4622 2545 4673 Τί
2574 4620 2665 4672 οὖν
2697 4622 2780 4686 (8)
2821 4617 2968 4669 ἔστιν
3005 4618 3062 4668 έν
3113 4615 3322 4676 τούτοις
3361 4614 3585 4682 μαθεῖν;
3649 4611 3866 4679 Πρῶτον
3927 4608 4046 4668 μὲν,

806 4715 907 4768 s.bi
933 4718 1308 4767 auctoritatem
1327 4725 1603 4767 asserente
1622 4725 1674 4766 et
1699 4717 1748 4766 in
1777 4715 1868 4766 tali
1896 4714 2078 4781 agnito
2099 4715 2165 4766 ab
2187 4723 2378 4766 octava
2482 4715 2566 4766 ὅτι

2286 4729 2378 4766 ava
2482 4715 2566 4766 ὅτι
2605 4712 2822 4771 σύνοδος
2859 4709 3078 4762 σύνοδον
3108 4707 3224 4758 λύει
3259 4705 3327 4756 δι’
3370 4705 3672 4771 ὠφέλειανο
3724 4698 3844 4752 εἶτα
3900 4697 4051 4749 συνί-

807 4808 1023 4874 Synudo
1040 4809 1392 4871 concesserit,
1417 4808 1578 4859 etiam
1604 4823 1746 4859 nunc
1769 4821 1890 4859 cant
1914 4822 2129 4860 sacrum
2150 4807 2381 4874 Symbo-

813 4898 1066 4951 huncum
1096 4899 1238 4951 dicta
1272 4901 1607 4966 expositione
1645 4885 1696 4951 in
1746 4897 1988 4952 Romana
2016 4898 2278 4960 Ecclesia,
2320 4902 2372 4952 in
2485 4911 2573 4955 νες

807 4988 1065 5041 Orii-trali
1094 5005 1241 5050 vero,
1265 5000 1424 5057 prout
1448 5005 1475 5042 a
1522 4990 1788 5058 principio
1813 4998 2124 5043 contextum
2150 4991 2272 5042 est?
2484 4986 2567 5038 ὅτι

2484 4986 2567 5038 ὅτι
2596 4985 2622 5035 ό
2650 4980 3008 5040 ἀποστολικὸς
3037 4978 3224 5046 θρόνος
3260 4976 3372 5044 ἔχει
3423 4976 3522 5034 τὰς
3581 4973 3728 5034 κλεῖς
3779 4976 3874 5041 τῆς
3906 4972 4056 5040 βασι-

805 5083 952 5145 λείας
984 5082 1058 5149 (9)
1089 5083 1194 5132 τῶν
1259 5083 1531 5150 οὐρανῶν,
1603 5083 1694 5134 τοῦ
1746 5084 1967 5152 δεσμεῖν
2005 5101 2062 5134 τε
2110 5083 2204 5133 καὶ
2237 5081 2387 5133 λύειν
2429 5080 2523 5133 καὶ
2560 5073 2813 5145 ἐκριζοῦν
2881 5072 2975 5124 καὶ
2997 5067 3394 5136 καταφυτεύειν
3430 5065 3566 5134 (10).
3600 5066 3662 5117 Ei
3714 5063 3810 5116 οὖν
3853 5065 4053 5133 ταύτην

2500 4821 2714 4866 σταται,
2741 4803 2823 4854 ὅτι
2847 4798 3093 4865 ἀνάγκης
3123 4794 3478 4862 ἐπικειμένης
3500 4792 3869 4860 παραλύονται
3896 4789 4056 4841 κανό-

2638 4893 2702 4944 δι’
2736 4891 2931 4944 ἕνωσιν
2972 4888 3069 4941 καὶ
3119 4886 3371 4954 ὁμόνοιαν
3405 4885 3503 4953 τῆς
3542 4881 3870 4949 Ἐκκλησίας
3894 4894 3909 4909 ⁸
3961 4879 4056 4931 καὶ

881 5293 1109 5356 (ilCod.
1140 5291 1279 5343 Mon.
1312 5292 1400 5354 ΞΠ,
1422 5291 1456 5343 f.
1499 5292 1592 5344 1³59
1625 5308 1671 5348 :I.
2071 5354 2080 5361 _
2248 5351 2279 5361 η

883 5351 959 5427 Θ)
990 5362 1175 5415 Melior
1198 5351 1470 5414 lectiorino
1502 5362 1611 5427 μὴν
1637 5361 1688 5409 8‘s
1714 5357 1848 5408 α).λά
1908 5354 2178 5427 reperitur
2215 5351 2372 5407 alias.

887 5426 962 5500 (ὃ)
994 5432 1125 5484 Cod.
1155 5430 1274 5484 Mon
1308 5473 1321 5493 ,
1353 5426 1593 5500 Βινόσου.
1619 5429 1710 5480 Sic
1732 5435 1784 5478 et
1814 5426 2118 5500 Bevereg.‘l.
2148 5443 2195 5476 c.

883 5494 960 5565 (ii
986 5500 1125 5559 Mon.
1149 5502 1205 5559 ἐξ
1236 5504 1525 5568 αἰρὴσεως.
1550 5498 1735 5554 liever.
1767 5496 1955 5550 eadem
1993 5494 2171 5548 habet.

880 5576 958 5640 (ὅ)
995 5570 1136 5623 Moti.
1185 5570 1410 5635 ὤρυξεν.

885 5648 961 5710 (6)
990 5641 1174 5694 Matth.
1213 5656 1321 5703 xw,
1378 5640 1462 5693 19.

2555 5281 2631 5345 (7)
2667 5279 2868 5333 Jerem.
2889 5293 2928 5336 ι,
2981 5272 3068 5326 10.

2557 5336 2631 5419 (8)
2658 5349 2780 5419 Haec
2802 5359 2990 5419 usque
3018 5342 3085 5396 ad
3108 5341 3270 5396 tinem
3299 5352 3422 5409 cap.
3449 5352 3666 5392 rursum
3699 5337 3860 5393 habet
3887 5336 4048 5390 Allat.

2488 5422 2524 5474 ι’
2551 5415 3100 5558 ἷὸ›⁹ἦ’ξῗ9ραᾳιλείας
3123 5480 3301 5558 οςιιίιι.
3335 5476 3591 5541 Mon.27,
3626 5476 3664 5534 r.
3697 5477 3800 5534 159
3833 5475 3886 5530 b.

2565 5548 2676 5626 (10)
2709 5548 2852 5610 Mori.
2873 5554 2990 5616 cit.,
3010 5548 3282 5618 φυτεύειν.

899 5825 974 5895 (a)
1009 5824 1158 5896 Apud
1204 5824 1400 5878 Bainn.
1437 5822 1470 5874 l.
1500 5838 1546 5876 ς.
1575 5837 1628 5874 ιι.
1667 5817 1773 5873 9.3;
1810 5837 1824 5869 ι
1858 5816 2011 5872 Licet
2042 5813 2178 5869 tales
2214 5817 2424 5875 essent,
2467 5817 2524 5865 ut
2553 5825 2618 5864 ex
2646 5807 2751 5863 illis
2780 5805 3017 5863 fuissent
3052 5811 3108 5860 ut
3132 5802 3373 5861 haeretici
3403 5798 3664 5857 damnati.
3700 5815 3722 5854 ι
