4470 6452
743 395 815 458 99
1659 393 2036 452 fillEthRll
2081 391 2384 451 MAMMIE
2427 390 2538 450 Ci‘.
2577 385 3106 449 PATRIARCHE

3919 381 4020 445 100

745 511 1215 580 propugnaculum
1244 510 1602 564 Athanasium
1644 511 1987 576 protulerunt
2013 507 2282 560 dicentem
2315 523 2329 559 :
2365 511 2407 567 Α
2442 504 2510 556 σίι

2251 523 2282 558 ιι
2315 523 2329 559 :
2365 511 2407 567 Α
2442 504 2564 566 σίας
2599 503 2925 567 ἐρείσματος
2944 498 3259 553 Ἀθανασῑου
3287 499 3615 566 προέτεινον,
3643 516 3659 546 ι
3695 493 3762 549 Εἴ
3781 513 3862 558 τις
3899 499 4016 549 ἐπί-

750 619 768 650 ε
802 600 1029 667 Siquis
1074 601 1364 669 episcopus
1396 600 1476 651 vel
1513 599 1792 668 presbyter
1828 599 1971 664 juste
2000 607 2095 650 aut
2131 598 2332 664 injuste

743 690 1027 757 depositus
1060 691 1124 743 ad
1160 705 1291 744 suas
1323 689 1636 743 functiones
1663 698 1973 741 revertatur
2004 689 2210 755 absque
2245 703 2332 756 sy-

745 782 889 834 nodo
938 781 1314 834 ecclesiastica
1343 821 1356 841 ,
1403 795 1512 832 non
1567 781 1801 848 amplius
1837 779 1927 830 tali
1991 780 2170 832 locum
2209 777 2329 830 dari

742 871 1088 925 defensionis
1118 872 1217 938 (η).
1257 889 1274 920 ι
1324 871 1440 923 Non
1487 886 1619 939 ergo
1659 871 1970 922 mirandum
2009 879 2113 929 est.
2141 871 2182 920 si
2218 878 2329 922 tres

744 963 833 1014 isti
866 961 1041 1014 Pitotii
1095 977 1333 1014 canones
1395 962 1450 1013 in
1489 960 1776 1014 codicibus
1808 959 2328 1028 rcperiuutur.QtIin

736 1053 851 1107 imo
884 1063 937 1106 et
963 1070 1025 1108 ex
1067 1054 1151 1106 his
1188 1071 1356 1107 unum
1391 1055 1464 1122 (ιι)
1513 1054 1884 1115 resolvernnt,
1926 1068 2048 1106 eum
2113 1053 2330 1107 Mauro-

741 1146 970 1198 blachim
1009 1145 1253 1198 Anthinti
1295 1146 1442 1199 illitis
1473 1133 1778 1214 .ncgotiuut
1826 1153 2176 1198 tractaretur.
2228 1145 2329 1198 Hic

733 1242 1002 1307 siquidem
1049 1254 1174 1292 cum
1226 1239 1533 1308 angelicum
1583 1239 1996 1307 (monasticum)
2076 1238 2320 1292 habitum

735 1333 1040 1394 induis~et,
1095 1345 1289 1383 rursus
1346 1330 1675 1383 adhortante
1722 1329 1934 1397 synodo
1983 1329 2318 1397 pontificalia

734 1437 961 1476 munera
999 1432 1294 1476 exsecutus
1324 1430 1441 1473 erat
1482 1420 1578 1488 (ε).
1623 1419 1686 1472 Et
1723 1419 1936 1473 Gothiae
1969 1420 2048 1486 (d)
2082 1417 2325 1473 llolobo-

733 1518 818 1569 lus
846 1527 973 1569 ante
999 1531 1156 1569 Suum
1191 1531 1255 1569 ex
1283 1515 1385 1566 bac
1420 1515 1529 1566 vita
1563 1513 1772 1566 exitum
1807 1528 1932 1565 cum
1971 1512 2111 1566 idem
2156 1513 2326 1566 fecis-

731 1615 837 1669 sel,
861 1614 919 1657 nt
949 1607 1145 1674 [δι-ωειλ)
1172 1605 1454 1670 judicatus
1486 1613 1540 1658 et
1573 1612 1630 1656 ut
1662 1603 1862 1672 prtesul
1896 1603 1948 1653 in
1984 1603 2326 1657 monasterio

727 1695 937 1750 Christi
964 1697 1338 1764 philanthropi
1369 1697 1630 1748 humatus
1658 1703 1762 1759 est,
1789 1693 2087 1746 venerabili
2115 1705 2167 1746 et
2194 1708 2325 1747 san-

731 1788 982 1840 ctissimo
1005 1787 1316 1856 patriarcha
1360 1785 1612 1838 Matthaeo
1639 1785 1708 1852 (e)
1737 1785 1958 1848 necfnon
2006 1782 2324 1846 Serrarum,

2441 612 2668 658 σκοπος,
2701 596 2958 660 λέγοντα,
2983 593 3015 661 ἢ
3045 590 3320 660 πρισὸύτε
3335 607 3425 656 ρος
3470 591 3700 650 δικαίως
3732 591 3764 656 ἢ
3819 590 4021 650 ἀδίκως

2438 683 2789 752 καθαιρεθεὶς
2822 682 2913 733 ἐπ’
2945 681 3097 748 αὐτῷ
3127 680 3416 733 ἐπανέλθοι
3484 678 3706 730 συνόδου
3754 679 3878 744 δίχα
3924 679 4020 744 τῆς

2449 773 2802 841 Ἐκκλησίας,
2826 771 2906 841 τῷ
2939 773 3133 839 τοιῷδε
3174 770 3378 837 μηκέτι
3402 767 3642 820 δίδοσθαι
3675 768 3861 836 χώραν
3883 769 4018 818 ἀπο-

2435 864 2642 928 λογίας.
2696 882 2713 913 ι
2742 864 2816 914 Οὐ
2851 861 3173 930 θαυμαστὸν
3202 860 3316 922 οὖν,
3348 861 3394 910 εί
3421 859 3498 927 (1)
3532 860 3626 910 καὶ
3670 858 3721 907 ot
3743 847 4018 926 τρείς’τοῦ

2433 958 2643 1007 Φωτίου
2708 957 2928 1016 κανόνες
2968 956 3025 1004 ἐν
3056 955 3168 1014 τοῖς
3216 952 3448 1021 βιϐλίοις
3503 949 3854 1017 εὑρίσκονται
3916 945 4017 1013 (2)·

2437 1048 2640 1115 μᾶλλον
2671 1048 2728 1098 δὲ
2763 1050 2857 1100 καὶ
2890 1047 2980 1097 τὸν
3007 1046 3103 1097 ἕνα
3155 1044 3473 1113 παρέλυσαν
3526 1043 3617 1092 ἐπὶ
3659 1039 3755 1090 τοῦ
3802 1038 4022 1102 Μαυρο-

2432 1138 2665 1206 maxim;
2721 1138 2978 1206 Ἀνθίμου
3033 1138 3270 1189 ἐκείνου.
3305 1129 3479 1196 Οὗτος
3537 1135 3646 1204 γὰρ
3690 1133 3771 1193 είς
3824 1132 4019 1183 ἑαυτὸν

2431 1231 2490 1281 τὸ
2521 1230 2814 1296 ἀγγελικὸν
2846 1229 3033 1297 σχῆμα
3086 1227 3514 1295 ἀναπληρώσα·,
3553 1225 3717 1275 πάλιν
3749 1223 3856 1274 ὑπὸ
3897 1239 4016 1273 συν-

2431 1325 2554 1374 όδου
2590 1326 2932 1391 προτραπεὶς
2968 1322 3034 1372 τὰ
3071 1320 3448 1389 ἀρχιερατικὰ
3480 1319 3724 1388 ἐνήργει.
3763 1317 3870 1368 Kal
3896 1316 4023 1366 Γοτ-

2431 1416 2550 1474 Θίας
2581 1415 2658 1482 (3)
2686 1414 2739 1464 δὲ
2768 1415 2794 1465 ὁ
2844 1413 3164 1474 Ὀλώσωλος
3207 1413 3285 1482 (ι.)
3340 1414 3408 1464 τὰ
3469 1413 3634 1480 ὅμοια
3677 1410 3908 1475 ποιήσας
3943 1406 4021 1471 (5)

2432 1509 2488 1558 ἐν
2527 1506 2603 1573 τῷ
2635 1507 2782 1556 τέλει
2814 1505 2982 1555 αὐτοῦ
3023 1505 3096 1565 ὡς
3124 1503 3420 1572 ἀρχιερεὺς
3452 1500 3783 1568 ἐκρίθη,καὶ
3818 1499 3893 1558 ὼς
3926 1500 4021 1565 ἀρ-

2431 1599 2648 1665 χιερεὺς
2712 1595 2990 1665 ἐκηδεύθη
3037 1598 3094 1647 ἐν
3155 1597 3218 1663 τῇ
3285 1595 3421 1662 μονῇ
3470 1591 3567 1644 τοῦ
3629 1588 4020 1658 φιλανθρώπου

2431 1690 2696 1758 Χριστοῦ,
2741 1690 3015 1757 παρόντος
3071 1688 3163 1738 καὶ
3195 1687 3291 1738 τοῦ
3313 1685 3567 1753 ἀοιδίμου
3594 1683 3688 1734 καὶ
3712 1679 4020 1746 ἀγιωτάτου

2434 1783 2780 1850 πατριάρχου
2816 1781 3012 1845 κυρίου
3069 1779 3144 1847 (6)
3205 1777 3490 1830 ΜατΟαίου
3527 1779 3622 1827 καὶ
3666 1773 3762 1824 τοῦ
3801 1770 4022 1842 Σερῤὤν

735 1877 1016 1930 Βεττῑιαξαι
1046 1889 1095 1927 et
1132 1876 1254 1928 aliis
1291 1873 1656 1944 metropolitis
1676 1873 2054 1941 prtesentibns.
2079 1871 2142 1925 Et
2176 1886 2327 1940 pror-
2362 1856 2402 1910 Β
2433 1894 2498 1927 κα

2257 1886 2327 1923 )ι¹·
2362 1856 2402 1910 Β
2433 1879 2526 1929 καὶ
2560 1875 2654 1927 τοῦ
2685 1875 2952 1943 Βερροίας
2985 1876 3080 1924 καὶ
3129 1872 3239 1923 τῶν
3296 1870 3500 1922 λοιπῶν
3550 1869 3875 1937 ἀρχιερέων.
3913 1863 4022 1916 Καὶ

732 1985 829 2024 sus
856 1984 1030 2022 canon
1064 1968 1165 2022 iste
1201 1968 1353 2021 nullo
1390 1977 1510 2020 erat
1542 1969 1593 2020 in
1625 1982 1762 2030 usu;
1806 1968 1937 2035 quin
1969 1974 2023 2019 et
2053 1966 2327 2032 reperitur

732 2063 852 2128 ejus
891 2075 1022 2114 usus
1055 2060 1364 2126 prohibitus
1395 2074 1424 2112 a
1449 2067 1639 2112 sancto
1665 2056 1962 2112 Theodoro
1991 2057 2207 2110 Studita
2237 2057 2323 2125 (Γ),

737 2161 796 2205 ut
833 2155 884 2205 in
919 2154 1037 2220 cjns
1068 2152 1602 2222 lnterrogatiooibus
1649 2163 1700 2206 et
1733 2150 2203 2220 Responsiouibus
2250 2150 2324 2202 le-

730 2249 897 2312 gitur.
938 2246 1136 2319 Verum
1186 2263 1289 2301 nos
1324 2258 1378 2300 et
1419 2250 1560 2301 hanc
1603 2247 1942 2314 recipimus,
1981 2246 2147 2298 sicuti
2185 2260 2326 2313 pra:—

728 2342 996 2403 dixitnns,
1031 2349 1083 2393 et
1127 2355 1266 2407 quos
1304 2341 1418 2391 haec.
1451 2341 1706 2407 sustripit,
1745 2349 1801 2391 et
1831 2354 1929 2390 nos
1965 2338 2321 2405 StlSCipilnlIS.

730 2431 976 2499 Namque
1009 2433 1151 2500 ipsa,
1190 2443 1247 2483 nt
1273 2431 1415 2484 beati
1449 2431 1681 2484 Joannis
1712 2443 1860 2497 papa
1893 2431 2125 2497 epistola
2157 2437 2326 2481 testa-

732 2535 844 2589 tur,
885 2540 979 2578 cos
1010 2527 1100 2592 qui
1145 2541 1266 2578 cum
1302 2525 1677 2577 additamento
1732 2539 1946 2576 sacrum
2003 2523 2322 2594 Symbolum

729 2627 956 2678 canunt,
1010 2619 1062 2669 in
1112 2621 1497 2672 communione
1531 2617 1721 2670 habuit
1750 2618 1846 2686 (ς).
1887 2616 1997 2671 Nos
2033 2633 2158 2670 vero
2196 2632 2323 2669 cum

722 2713 935 2782 judicio
979 2722 1030 2765 et
1077 2713 1352 2766 sententia
1393 2714 1666 2766 universze
1717 2712 2076 2765 meumenicze
2132 2712 2324 2780 synodi

727 2819 875 2866 eam,
909 2819 1030 2871 quae
1065 2805 1116 2855 in
1153 2804 1410 2858 confesso
1453 2813 1559 2865 est,
1602 2804 2025 2872 explicationem
2057 2814 2109 2857 et
2143 2805 2327 2873 expla-

733 2898 1044 2959 nationem,
1076 2912 1183 2948 nou
1227 2897 1690 2964 complementum
1724 2894 1842 2962 ejus
1884 2896 2031 2958 quod
2068 2895 2323 2959 deficiat,

732 2990 1055 3057 recipimus.
1092 3001 1145 3043 et
1183 2989 1420 3041 maxime
1451 2990 1675 3057 quidem
1705 2989 1774 3041 ob
1813 2989 2074 3058 prtedicta
2119 2997 2326 3042 sancta:

727 3080 893 3149 hujus
931 3081 1129 3151 synodi
1165 3084 1356 3144 verba,
1393 3096 1557 3149 quam
1593 3080 1804 3150 profert
1839 3080 2040 3148 Ephesi
2067 3083 2320 3137 antistes.

1160 3263 1404 3320 EPllES.
1447 3264 1625 3321 (cap.
1658 3264 1865 3335 xvut).

801 3357 868 3409 Et
899 3358 1058 3409 divus
1102 3359 1536 3426 Cbrysostomus
1565 3361 1869 3429 explunans
1900 3358 2053 3412 Pauli
2101 3360 2264 3414 verba
2304 3377 2318 3414 :

725 3450 787 3503 Si
839 3453 956 3520 quis
995 3455 1318 3523 era-tgelizet
1373 3453 1515 3507 vobis
1549 3466 1738 3523 prrrter
1766 3456 1818 3508 id
1847 3456 1986 3524 quod
2021 3456 2322 3520 accepistis,

725 3541 1010 3592 anathema
1039 3543 1132 3602 ait.
1173 3560 1189 3590 ι
1230 3542 1343 3597 Non
1373 3545 1530 3604 dixit,
1570 3546 1769 3612 inquit,
1815 3545 1861 3597 si
1891 3547 2167 3598 contraria
2228 3561 2323 3596 au-

725 3635 987 3686 nuutient
1017 3635 1096 3685 vel
1129 3645 1303 3692 to‘um
1341 3645 1616 3697 evertant,
1653 3636 1749 3691 sed
1777 3646 1829 3690 et
1858 3637 1904 3690 si
1935 3653 2162 3706 parvum
2192 3638 2323 3705 quid

721 3727 1096 3797 evangelizenl
1138 3737 1334 3794 praeter
1375 3729 1427 3780 id
1499 3729 1648 3796 quod
1708 3730 2024 3797 accepistis,
2060 3731 2103 3783 si
2136 3731 2314 3797 quod-

720 3836 941 3888 cunque
976 3820 1042 3873 de
1082 3819 1205 3873 loco
1241 3829 1516 3879 moveant.
1539 3824 1612 3874 sit
1647 3820 1994 3874 anathema.»
2038 3822 2098 3874 Et
2128 3838 2320 3875 rursus

723 3913 864 3965 idem
903 3929 914 3963 :
961 3930 978 3961 ‹
1020 3912 1442 3982 DiSpensatioue
1470 3914 1757 3980 utendum,
1790 3915 1880 3968 ubi
1908 3931 2014 3968 non
2060 3917 2320 3985 praevari-

795 4113 871 4181 (l)
907 4114 1340 4169 Eietnitt..\lon.
1374 4115 1467 4178 9.7,
1502 4116 1537 4168 f.
1601 4116 1701 4170 MO
1746 4118 1816 4180 b;
1883 4115 2049 4170 habet
2097 4117 2329 4172 Allatius

722 4184 955 4255 quiista
1024 4187 1157 4238 citat
1193 4198 1383 4239 contra
1415 4190 1671 4254 (lt'eygbt.
1697 4227 1709 4247 ,
1752 4203 1802 4255 p.
1835 4186 1962 4240 285.

795 4254 870 4321 (2)
899 4255 1061 4309 Allat.
1091 4257 1127 4307 Ι.
1162 4272 1210 4309 c.
1246 4273 1297 4323 p.
1333 4256 1439 4309 286
1466 4258 1651 4315 vertit,
1687 4276 1703 4306 ι
1735 4254 1883 4310 Licet
1914 4258 1965 4308 lti
2000 4265 2112 4309 tres
2148 4255 2321 4310 Pholii

717 4339 965 4380 canones
1000 4327 1310 4378 habeantur
1368 4326 1420 4378 in
1502 4328 1810 4390 codicibus,
1863 4329 1916 4379 in
1963 4327 2321 4379 observatione

717 4412 823 4446 non
845 4412 978 4450 esse.
996 4418 1014 4448 ι
1048 4396 1168 4449 ΙΙιει·
1196 4399 1503 4466 posteriora
1530 4408 1714 4449 tamen
1743 4399 1796 4451 in
1822 4397 2013 4451 Graeco
2035 4408 2185 4452 textu
2211 4412 2318 4452 non

719 4467 906 4522 habet.
944 4469 1087 4520 sicut
1117 4483 1215 4519 nec
1241 4467 1462 4520 cedit-cs
1504 4469 1704 4521 nostri.

793 4537 870 4677 (5)
897 4537 1042 4589 Mon.
1084 4537 1173 4589 27.
1219 4538 1498 4599 Γοτυείας.

793 4609 846 4674 (4
895 4609 975 4661 Ita
999 4608 1167 4661 Marc.
1217 4619 1270 4661 et
1325 4608 1470 4661 Mou.

790 4608 975 4674 (una
999 4608 1167 4661 Marc.
1217 4619 1270 4661 et
1325 4608 1470 4661 Mou.
1535 4608 1828 4662 21mm.
1890 4609 2212 4671 Ὀλόῦωλος.
2245 4608 2319 4662 Le.

2435 1970 2597 2037 μέχρι
2621 1970 2824 2027 παντὸς
2850 1970 2877 2019 ὁ
2914 1969 3094 2018 κανὼν
3146 1962 3305 2027 οὗτος
3355 1965 3457 2017 οὐκ
3511 1965 3826 2032 ἐστέργετο,
3863 1961 3910 2012 εἰ
3947 1958 4022 2026 μὴ

2430 2063 2510 2112 ὅτι
2540 2061 2741 2128 εὑρέθη
2799 2059 3190 2124 κεκωλυμένος
3250 2058 3356 2109 ὑπὸ
3392 2056 3490 2109 τοῦ
3543 2056 3703 2121 ἁγίου
3740 2054 4021 2120 Θεοδώρου

2430 2153 2525 2204 τοῦ
2560 2153 2872 2212 Στουδίτου,
2931 2154 3114 2215 καθὼς
3173 2152 3488 2220 περιέχεται
3529 2151 3586 2200 ἐν
3622 2151 3741 2210 ταῖς
3791 2150 4026 2215 ἐρωτοαο

2431 2242 2755 2312 ποκρίσεσιν
2784 2243 2956 2296 αὑτοῦ
2992 2244 3092 2312 (7).
3140 2245 3281 2294 Ἀλλ’
3306 2246 3469 2311 ἡμεῖς
3501 2243 3592 2293 κα).
3623 2241 3829 2308 ταύτην
3866 2241 4024 2306 στέρ-

2431 2354 2622 2406 γομεν,
2659 2336 2734 2397 ὡς
2767 2337 3206 2407 προειρήκαμεν,
3249 2339 3344 2390 καὶ
3381 2335 3475 2398 οὓς
3504 2335 3644 2404 αὕτη
3670 2334 4019 2403 ἀποδέχεται,

2430 2433 2526 2482 καὶ
2550 2432 2714 2499 ἡμεῖς
2738 2431 3149 2500 ἀποδεχόμεθα.
3196 2430 3297 2482 Kal
3341 2430 3451 2499 γὰρ
3493 2429 3622 2490 τοὺς
3671 2428 3811 2497 μετά
3852 2443 4022 2491 προσ-

2429 2524 2607 2593 Θὴκης
2641 2527 2700 2575 τὸ
2739 2526 2886 2594 ἱερὸν
2922 2523 3190 2591 aspectat
3222 2523 3553 2591 ψάλλοντας,
3581 2522 3654 2585 ὡς
3694 2525 3723 2591 ἡ
3763 2520 4022 2588 ἐπιστολὴ

2428 2618 2529 2669 τοῦ
2564 2620 2840 2686 μακαρίου
2888 2620 3142 2670 Ἰωάννου
3165 2621 3367 2671 πάππα
3403 2618 3697 2686 μαρτυρεῖ,
3733 2616 4024 2675 κοινωνοὺς

2435 2710 2604 2780 εἶχεν.
2653 2713 2854 2781 Ἡμεῖς
2887 2713 2944 2765 δὲ
2981 2714 3121 2781 μετά
3159 2715 3397 2780 κρίσεως
3427 2711 3503 2779 (8)
3565 2713 3658 2764 καὶ
3695 2710 4022 2774 διακρίσεως

2431 2807 2652 2874 ἀπάσης
2678 2807 2780 2875 τῆς
2831 2807 3226 2874 οἰκουμενικῆς
3261 2806 3481 2858 συνόδου
3527 2806 3626 2872 τὴν
3667 2803 4017 2870 ὁμολογηθεῖ-

2432 2919 2533 2953 σαν
2561 2899 2869 2963 ἀνάπτυξιν
2903 2900 2998 2952 καὶ
3033 2902 3355 2966 σαφήνειαν,
3403 2900 3498 2951 καὶ
3539 2898 3598 2949 οὑ
3626 2898 3725 2965 τὴν
3781 2896 4021 2964 ἀναπλή-

2435 3011 2607 3062 ρωσιν
2633 2993 2728 3045 τοῦ
2757 2993 3125 3054 ἐλλείποντος,
3150 2992 3443 3061 δεχόμεθα,
3477 2992 3571 3043 καὶ
3597 2991 3832 3055 μάλιστά
3857 3007 3916 3055 γε
3936 2989 4024 3041 διὰ

2430 3087 2498 3138 τά
2537 3086 2925 3154 προειρημένα
2959 3086 3060 3150 τῆς
3079 3085 3242 3150 ἁγίας
3275 3082 3496 3135 συνόδου
3534 3086 3763 3149 ταύτης,
3797 3083 3861 3149 ἢν
3890 3096 4023 3151 προ-

2351 3199 2394 3255 C
2430 3180 2645 3250 κομίζει
2681 3181 2706 3231 ὁ
2742 3178 3003 3245 Ἐφέσου.

3081 3271 3364 3325 ΕΦΕΣΗΥ.

2505 3368 2613 3418 Καὶ
2643 3369 2670 3419 ὁ
2708 3366 2850 3429 θεῖος
2883 3367 3268 3434 Χρυσὸστομος
3304 3366 3670 3433 ἐξηγούμενος
3702 3368 3760 3415 τό
3788 3380 3799 3392 ·
3837 3364 3907 3414 Εἴ
3941 3379 4023 3424 τις

2429 3455 2869 3525 εὐαγγελίζεται
2941 3455 3085 3523 ὑμῖν
3145 3456 3337 3522 πηρ“ὂ
3376 3454 3766 3522 παρελάϐετε,
3816 3454 4021 3507 ἀνάθε-

2428 3565 2512 3618 μα
2536 3549 2637 3622 (9)·
2661 3567 2677 3597 ι
2703 3551 2815 3600 (lux
2837 3543 2978 3606 εἶπε.
3006 3550 3190 3616 φησιν,
3213 3551 3308 3600 ὲάν
3333 3549 3550 3601 ἐναντία
3580 3550 4026 3614 καταγγέλλιυσιν

2440 3641 2552 3709 lito
2583 3642 2692 3693 πᾶν
2727 3641 3133 3706 ἀνατρέπωσιν,
3161 3642 3300 3694 ἀλλά
3332 3645 3436 3694 κᾶν
3490 3644 3685 3712 μικρόν
3718 3660 3768 3693 τι
3795 3644 4024 3708 εὐαγγε-

2430 3732 2688 3796 Αῐζωνται
2725 3733 2857 3802 παρ’
2891 3733 2919 3785 ὃ
2958 3735 3299 3802 παρελάϐετε
3328 3779 3341 3800 ,
3380 3736 3483 3790 κᾶν
3522 3738 3578 3787 τὸ
3626 3737 3792 3803 τυχὸν
3843 3753 4022 3803 παρα-

2431 3827 2752 3894 κινήσωσιν,
2788 3827 3040 3895 ἀνάθεμα
3068 3828 3341 3882 ἔστωσαν,
3384 3851 3400 3880 ι
3443 3831 3550 3882 Καὶ
3583 3831 3610 3881 ὁ
3634 3831 3796 3888 αὐτὸς
3827 3826 4017 3889 αῧυις·

2435 3937 2453 3969 ι
2494 3919 2918 3988 Οἰκονομητέον,
2959 3920 3088 3972 ἔνθα
3148 3925 3224 3991 μὴ
3279 3923 3726 3990 παρανομητέον.
3774 3943 3788 3970 ι
3851 3923 3953 3973 Kal
4000 3924 4027 3971 ὁ

2432 4119 2656 4243 ῼῶἰὲἓ,)
2687 4124 2780 4190 qui
2811 4123 2925 4177 haec
2957 4123 3163 4178 citatin
3188 4114 3412 4178 Oriente
3447 4125 3677 4188 Christ.,
3717 4134 3753 4175 t.
3783 4122 3819 4187 l,
3849 4138 3897 4189 p.
3926 4124 4026 4176 124

2527 4228 2535 4241 .
2607 4210 2633 4243 o
2656 4208 2748 4243 .o:.

2527 4208 2748 4253 .οοο).ο;.

2503 4263 2580 4330 (5)
2624 4261 2698 4314 Le
2729 4264 2900 4329 Quien
2935 4263 3084 4324 l.'c.,
3122 4263 3434 4332 τετίμηται.

2501 4333 2576 4398 (6)
2614 4334 2774 4395 Allat,
2834 4333 3026 4403 κυροῦ.

2524 4403 2577 4469 7)
2615 4403 2905 4472 Hucusque
2941 4404 3174 4458 Allatius
3213 4404 3246 4457 l.
3290 4420 3337 4458 e.

2498 4405 2577 4539 (7)
2615 4405 2905 4472 Hucusque
2941 4405 3174 4458 Allatius
3213 4405 3222 4454 Ι

2523 4475 2575 4545 8)
2620 4473 2764 4545 Men.
2788 4476 3222 4545 ,μετακρίσεως.

2501 4544 2578 4611 (9)
2606 4543 2724 4598 Gal.
2753 4561 2788 4608 I,
2829 4544 2876 4597 9.

788 4790 866 4859 (η)
920 4790 1131 4844 Conril.
1175 4791 1433 4845 Antioch.
1468 4805 1495 4842 a
1536 4789 1686 4865 54f,_
1710 4788 1935 4865 carni.
1964 4788 2047 4865 Cf.
2083 4805 2224 4865 can.)
2249 4791 2317 4843 12
2347 4791 2403 4854 1)
2430 4791 2551 4846 vide
2588 4792 2664 4845 Le
2694 4789 2866 4865 Quien
2896 4792 2998 4844 l.c.
3042 4799 3078 4844 t.
3121 4789 3161 4854 l,
3193 4807 3243 4860 p.
3270 4792 3394 4865 505.
3438 4792 3621 4865 cuper
3648 4793 3699 4846 in
3729 4796 3894 4865 Serie
3932 4802 4027 4865 pa-

715 4863 963 4932 ejusdem
1016 4865 1207 4932 synodi
1259 4873 1312 4915 et
1339 4878 1464 4915 can.
1492 4876 1579 4929 ap.
1617 4861 1686 4913 27
1727 4861 1821 4925 (al.
1853 4862 1966 4930 29).
1995 4864 2084 4932 De,
2114 4863 2318 4928 quibus

718 4929 831 4999 agit
853 4929 1112 4984 Hefele'tn
1139 4933 1375 4986 Historia
1407 4932 2006 4998 conciliortttn,1.l.p.
2028 4931 2153 4994 489,
2182 4932 2317 4996 495ς

719 5013 760 5053 t.
784 5003 850 5066 l|-,
881 5021 932 5072 μ.
956 5005 1044 5057 84.
1069 5009 1200 5068 Qua:
1221 5006 1283 5056 ad
1309 5004 1770 5072 Cttrysnstomunt
1802 5003 1904 5053 hoc
1947 5003 2108 5055 titulo
2147 5002 2320 5069 depo-

723 5071 894 5126 situni
923 5084 1195 5142 spectant,
1233 5082 1422 5127 narrat
1446 5071 1732 5126 Palladius
1761 5072 1815 5125 in
1842 5072 1959 5140 ejus
2014 5073 2155 5135 Vita,
2186 5087 2236 5124 c.
2266 5072 2319 5125 9.

794 5146 868 5214 (ὁ)
895 5143 1170 5199 Nimirum
1205 5145 1385 5197 Photii
1421 5159 1689 5197 canonent
1724 5144 2061 5207 secundum,
2087 5145 2179 5212 qui
2211 5151 2324 5196 sta-

722 5219 932 5279 tuit,nt
969 5219 1014 5271 si
1065 5220 1190 5285 quis
1242 5218 1536 5285 episcopus
1602 5214 1668 5267 ad
1728 5215 1893 5266 vitam
1955 5218 2319 5268 monasticam

717 5290 1058 5342 descendere
1085 5299 1139 5341 et
1171 5288 1509 5356 pwnitentiaa
1547 5291 1724 5340 locum
1766 5285 1997 5352 implere
2042 5286 2319 5349 voluerit,

721 5361 988 5412 antistitis
1019 5361 1346 5429 dignitatem
1388 5375 1494 5410 non
1527 5357 1767 5426 amplius
1792 5359 2052 5429 retineat.

794 5433 864 5500 (r)
895 5430 1021 5485 Haec
1047 5426 1273 5485 adducit
1307 5431 1381 5483 Le
1412 5429 1614 5494 Quien,
1654 5431 1751 5481 0r.
1802 5426 2011 5482 Christ.
2074 5437 2112 5480 t.
2171 5427 2209 5490 Ι,
2269 5443 2325 5497 p.

723 5502 884 5555 12υ1.

794 5574 868 5640 ((1)
895 5571 1097 5627 Gotliia
1127 5581 1208 5626 est
1233 5575 1588 5643 episeopatus
1646 5573 1699 5624 itt
1762 5571 2070 5643 provincia
2119 5569 2325 5643 Momm

722 5643 1024 5697 inferioris.
1069 5643 1199 5697 Vide
1235 5641 1532 5710 LieQmeu,
1566 5646 1599 5696 Ι.
1631 5659 1678 5697 c.
1721 5653 1757 5697 t.
1808 5643 1848 5708 ι,
1911 5658 1964 5714 p.
2016 5641 2178 5710 1246,
2237 5647 2324 5695 ubi

723 5720 835 5769 luce
873 5731 1094 5784 quoque
1131 5720 1293 5768 verba
1342 5719 1671 5784 allegantut'.

793 5788 863 5856 (e)
909 5786 1233 5840 Mattltaausl
1287 5787 1958 5856 Constantinepolitanam
1999 5784 2186 5841 sedem
2247 5796 2323 5838 tc-

724 5872 841 5914 nun
875 5862 944 5913 ab
970 5874 1114 5912 anno
1149 5860 1280 5912 1591
1316 5876 1488 5926 nsque
1527 5861 1593 5913 ad
1648 5874 1853 5913 auunut
1887 5859 2040 5912 till).
2111 5859 2181 5912 De
2215 5875 2324 5924 quo

2430 4866 2793 4935 triarcharutn
2830 4861 3255 4935 Byaantiuornm
3299 4864 3450 4931 (Acta
3487 4863 3610 4924 SS.,
3657 4878 3694 4915 t.
3725 4864 3738 4915 I
3768 4861 4021 4935 Aug.,_n.

2431 4932 2763 4991 llUG-IIOO,
2811 4932 3338 5006 p._‘_l§3,178_4_)7eju5
3373 4935 3805 5002 patriarehatunt
3858 4932 4028 5006 'ponit

2433 5007 2575 5057 inter
2611 5019 2786 5056 annos
2829 5002 2962 5056 I398
2991 5013 3043 5053 et
3074 5003 3229 5056 1407.

2499 5074 2572 5142 (Ῑ)
2605 5075 2772 5141 Atqui
2828 5074 3157 5128 Theodorus
3195 5075 3412 5130 Studita
3447 5076 3652 5144 jamdiu
3710 5087 3836 5131 ante
3883 5078 4026 5133 ltanc

2431 5144 2612 5198 Pnotii
2641 5147 2938 5214 synodum,
2968 5144 3060 5197 ubi
3087 5161 3265 5201 canon
3335 5147 3425 5200 ille
3472 5149 3852 5216 promulgatus
3899 5150 4023 5212 fuit,

2433 5218 2579 5270 diem
2612 5217 2828 5269 obierat
2860 5230 3204 5284 supremum.
3255 5217 3488 5270 Allatius
3517 5220 3568 5270 itt
3613 5235 3711 5270 sua
3750 5220 4024 5274 versione.

2432 5290 2467 5342 I.
2493 5303 2541 5342 c.
2573 5304 2622 5356 p.
2650 5289 2774 5350 286,
2800 5302 2913 5340 rem
2944 5300 3012 5339 na
3040 5288 3266 5342 inﬂectit
3293 5308 3304 5340 :
3331 5307 3347 5337 ι
3374 5290 3514 5354 Quin
3535 5290 3806 5358 ejusdem,
3829 5302 3886 5343 ut
3912 5294 3961 5345 in
3991 5293 4028 5345 S

2436 5359 2737 5412 Theodorii
2766 5357 3001 5411 Studitaa
3042 5357 3577 5428 lutei-rogationibus
3609 5368 3662 5411 et
3692 5360 4029 5429 Responsio-

2435 5434 2597 5483 ntbus
2626 5434 2938 5492 adnotatur,
2967 5445 3101 5483 usus
3141 5434 3484 5498 prohibetur.
3527 5450 3544 5481 ι

2506 5503 2580 5571 (g)
2613 5500 2797 5556 Fallax
2819 5517 2882 5555 ea
2912 5512 2995 5555 est
3019 5504 3326 5572 conclusio.
3370 5501 3596 5558 Joannis
3651 5502 3766 5558 VIII
3842 5507 4026 5572 spuria

2435 5574 2522 5627 illa
2555 5577 2787 5643 cpistqu
2815 5586 2914 5626 nec
2945 5574 3098 5628 Actis
3140 5571 3422 5628 Phottanze
3451 5579 3644 5638 synodi
3686 5586 3769 5630 est
3824 5571 4027 5630 inserta

2437 5649 2612 5698 necin
2649 5663 2708 5698 ea
2759 5657 3232 5710 commemorata;
3304 5646 3358 5698 in
3411 5646 3688 5712 plurimis,
3741 5664 3880 5714 quos
3929 5665 4029 5710 ego

2437 5718 2561 5778 vidi,
2600 5718 2907 5778 codicibus,
2938 5719 3168 5769 omnino
3201 5717 3430 5770 seorsiut
3457 5719 3524 5769 ab
3543 5733 3606 5770 ea
3657 5719 3866 5787 synodo
3892 5719 4030 5787 legi-

2439 5799 2552 5852 tur,
2582 5797 2632 5838 ct
2668 5793 2823 5842 ntultt
2856 5790 3100 5849 ιευιίιευδ,
3128 5790 3300 5853 quiea
3340 5798 3459 5841 acta
3499 5789 3720 5852 habent,
3763 5808 3828 5843 ne
3862 5793 4030 5843 vesti-

2440 5862 2585 5923 gium
2627 5862 2846 5917 untdent
2875 5858 3123 5922 ejusdem
3160 5860 3406 5914 epistol-.e
3435 5861 3814 5924 suppeditant.
