  <div class='ocr_page' id='page_1' title='image "/cluster/home/n/w/nwhite01/storage/ocr_20150623/160/nnc1.0046980687/062.png"; bbox 0 0 4470 6452; ppageno 0'>
   <div class='ocr_carea' id='block_1_1' title="bbox 507 377 602 437">
    <p class='ocr_par' dir='ltr' id='par_1_1' title="bbox 507 377 602 437">
     <span class='ocr_line' id='line_1_1' title="bbox 507 377 602 437; baseline -0.011 -2"><span class='ocrx_word' id='word_1_1' title='bbox 507 377 602 437; x_wconf 73' lang='grc' dir='ltr'><strong>ί(ν5</strong></span> 
     </span>
    </p>
   </div>
   <div class='ocr_carea' id='block_1_2' title="bbox 498 582 2066 656">
    <p class='ocr_par' dir='ltr' id='par_1_2' title="bbox 498 582 2066 656">
     <span class='ocr_line' id='line_1_2' title="bbox 498 582 2066 656; baseline 0.002 -21"><span class='ocrx_word' id='word_1_2' title='bbox 498 583 565 635; x_wconf 77' lang='grc' dir='ltr'><strong>δι’</strong></span> <span class='ocrx_word' id='word_1_3' title='bbox 593 582 773 634; x_wconf 74' lang='grc' dir='ltr'>αὐτῶν</span> <span class='ocrx_word' id='word_1_4' title='bbox 805 583 1079 653; x_wconf 77' lang='grc' dir='ltr'>ἀπελέγξῃ</span> <span class='ocrx_word' id='word_1_5' title='bbox 1123 584 1324 653; x_wconf 78' lang='grc' dir='ltr'>μᾶλλον</span> <span class='ocrx_word' id='word_1_6' title='bbox 1355 586 1445 638; x_wconf 79' lang='grc' dir='ltr'><strong>τὸν</strong></span> <span class='ocrx_word' id='word_1_7' title='bbox 1479 588 1553 656; x_wconf 82' lang='grc' dir='ltr'>μὴ</span> <span class='ocrx_word' id='word_1_8' title='bbox 1587 586 1767 649; x_wconf 73' lang='grc' dir='ltr'>καλῶς</span> <span class='ocrx_word' id='word_1_9' title='bbox 1805 589 2028 651; x_wconf 80' lang='grc' dir='ltr'>λέγοντα</span> <span class='ocrx_word' id='word_1_10' title='bbox 2054 605 2066 650; x_wconf 91' lang='grc'>;</span> 
     </span>
    </p>
   </div>
   <div class='ocr_carea' id='block_1_3' title="bbox 501 672 2074 747">
    <p class='ocr_par' dir='ltr' id='par_1_3' title="bbox 501 672 2074 747">
     <span class='ocr_line' id='line_1_3' title="bbox 501 672 2074 747; baseline 0.003 -22"><span class='ocrx_word' id='word_1_11' title='bbox 501 672 805 741; x_wconf 76' lang='grc' dir='ltr'>Οὐδαμῶς·</span> <span class='ocrx_word' id='word_1_12' title='bbox 838 673 947 727; x_wconf 84' lang='grc' dir='ltr'>οἶδε</span> <span class='ocrx_word' id='word_1_13' title='bbox 991 676 1099 742; x_wconf 74' lang='grc' dir='ltr'><strong>γὰρ</strong></span> <span class='ocrx_word' id='word_1_14' title='bbox 1146 675 1237 728; x_wconf 71' lang='grc' dir='ltr'><strong>καὶ</strong></span> <span class='ocrx_word' id='word_1_15' title='bbox 1294 676 1455 739; x_wconf 78' lang='grc' dir='ltr'>αὐτὸς</span> <span class='ocrx_word' id='word_1_16' title='bbox 1503 678 1602 747; x_wconf 82' lang='grc' dir='ltr'><strong>τὴν</strong></span> <span class='ocrx_word' id='word_1_17' title='bbox 1655 679 1929 745; x_wconf 75' lang='grc' dir='ltr'>ἀπόφασιν</span> <span class='ocrx_word' id='word_1_18' title='bbox 1975 678 2074 744; x_wconf 76' lang='grc' dir='ltr'>τῆς</span> 
     </span>
    </p>
   </div>
   <div class='ocr_carea' id='block_1_4' title="bbox 506 766 2075 838">
    <p class='ocr_par' dir='ltr' id='par_1_4' title="bbox 506 766 2075 838">
     <span class='ocr_line' id='line_1_4' title="bbox 506 766 2075 838; baseline 0.001 -21"><span class='ocrx_word' id='word_1_19' title='bbox 506 768 656 835; x_wconf 77' lang='grc' dir='ltr'>ἱερᾶς</span> <span class='ocrx_word' id='word_1_20' title='bbox 688 766 782 819; x_wconf 65' lang='grc' dir='ltr'><strong>καὶ</strong></span> <span class='ocrx_word' id='word_1_21' title='bbox 808 766 969 833; x_wconf 79' lang='grc' dir='ltr'>ἁγίας</span> <span class='ocrx_word' id='word_1_22' title='bbox 1017 767 1289 835; x_wconf 82' lang='grc' dir='ltr'><strong>τετάρτης</strong></span> <span class='ocrx_word' id='word_1_23' title='bbox 1328 768 1570 833; x_wconf 81' lang='grc' dir='ltr'><strong>συνόδου,</strong></span> <span class='ocrx_word' id='word_1_24' title='bbox 1600 769 1781 831; x_wconf 84' lang='grc' dir='ltr'>καθὼς</span> <span class='ocrx_word' id='word_1_25' title='bbox 1817 768 2075 838; x_wconf 79' lang='grc' dir='ltr'>περιέχε-</span> 
     </span>
    </p>
   </div>
   <div class='ocr_carea' id='block_1_5' title="bbox 504 855 2075 929">
    <p class='ocr_par' dir='ltr' id='par_1_5' title="bbox 504 855 2075 929">
     <span class='ocr_line' id='line_1_5' title="bbox 504 855 2075 929; baseline 0.003 -23"><span class='ocrx_word' id='word_1_26' title='bbox 504 872 594 907; x_wconf 89' lang='grc' dir='ltr'><strong>ται</strong></span> <span class='ocrx_word' id='word_1_27' title='bbox 623 857 680 907; x_wconf 80' lang='grc' dir='ltr'>ὲν</span> <span class='ocrx_word' id='word_1_28' title='bbox 710 855 787 923; x_wconf 86' lang='grc' dir='ltr'>τῷ</span> <span class='ocrx_word' id='word_1_29' title='bbox 822 855 1263 925; x_wconf 71' lang='grc' dir='ltr'>προσφωνητικῷ</span> <span class='ocrx_word' id='word_1_30' title='bbox 1292 855 1369 923; x_wconf 83' lang='grc' dir='ltr'><strong>τῷ</strong></span> <span class='ocrx_word' id='word_1_31' title='bbox 1396 857 1532 925; x_wconf 72' lang='grc' dir='ltr'>πρὸς</span> <span class='ocrx_word' id='word_1_32' title='bbox 1578 860 1668 910; x_wconf 79' lang='grc' dir='ltr'>τὸν</span> <span class='ocrx_word' id='word_1_33' title='bbox 1717 858 1941 927; x_wconf 71' lang='grc' dir='ltr'>βασιλέα</span> <span class='ocrx_word' id='word_1_34' title='bbox 1978 861 2075 929; x_wconf 81' lang='lat' dir='ltr'><strong>(l),</strong></span> 
     </span>
    </p>
   </div>
   <div class='ocr_carea' id='block_1_6' title="bbox 506 945 2079 1018">
    <p class='ocr_par' dir='ltr' id='par_1_6' title="bbox 506 945 2079 1018">
     <span class='ocr_line' id='line_1_6' title="bbox 506 945 2079 1018; baseline 0.004 -22"><span class='ocrx_word' id='word_1_35' title='bbox 506 945 649 997; x_wconf 73' lang='grc' dir='ltr'>οὕτω</span> <span class='ocrx_word' id='word_1_36' title='bbox 680 945 1076 1009; x_wconf 77' lang='grc' dir='ltr'>θεσπίζουσαν·</span> <span class='ocrx_word' id='word_1_37' title='bbox 1118 965 1136 999; x_wconf 75' lang='grc' dir='ltr'><strong>ι</strong></span> <span class='ocrx_word' id='word_1_38' title='bbox 1179 947 1240 999; x_wconf 86' lang='grc' dir='ltr'><strong>Εἰ</strong></span> <span class='ocrx_word' id='word_1_39' title='bbox 1275 948 1333 999; x_wconf 83' lang='grc' dir='ltr'><em>δέ</em></span> <span class='ocrx_word' id='word_1_40' title='bbox 1366 966 1448 1008; x_wconf 85' lang='grc' dir='ltr'><strong>τις</strong></span> <span class='ocrx_word' id='word_1_41' title='bbox 1492 948 1657 1017; x_wconf 78' lang='grc' dir='ltr'>μέχρι</span> <span class='ocrx_word' id='word_1_42' title='bbox 1708 950 1896 1003; x_wconf 83' lang='grc' dir='ltr'>τούτου</span> <span class='ocrx_word' id='word_1_43' title='bbox 1949 953 2079 1018; x_wconf 82' lang='grc' dir='ltr'>στῆ-</span> 
     </span>
    </p>
   </div>
   <div class='ocr_carea' id='block_1_7' title="bbox 507 1037 2082 1109">
    <p class='ocr_par' dir='ltr' id='par_1_7' title="bbox 507 1037 2082 1109">
     <span class='ocr_line' id='line_1_7' title="bbox 507 1037 2082 1109; baseline 0.003 -21"><span class='ocrx_word' id='word_1_44' title='bbox 507 1054 595 1088; x_wconf 91' lang='grc' dir='ltr'><strong>ναι</strong></span> <span class='ocrx_word' id='word_1_45' title='bbox 643 1039 756 1099; x_wconf 84' lang='grc' dir='ltr'>τοῖς</span> <span class='ocrx_word' id='word_1_46' title='bbox 805 1037 881 1106; x_wconf 78' lang='lat'><strong>(‘2)</strong></span> <span class='ocrx_word' id='word_1_47' title='bbox 923 1039 1101 1091; x_wconf 88' lang='grc' dir='ltr'>πίστει</span> <span class='ocrx_word' id='word_1_48' title='bbox 1138 1040 1457 1107; x_wconf 77' lang='grc' dir='ltr'><strong>συνηγορεῖν</strong></span> <span class='ocrx_word' id='word_1_49' title='bbox 1506 1038 1854 1107; x_wconf 79' lang='grc' dir='ltr'><strong>βουλομένοις</strong></span> <span class='ocrx_word' id='word_1_50' title='bbox 1910 1057 2082 1109; x_wconf 86' lang='grc' dir='ltr'>προσ-</span> 
     </span>
    </p>
   </div>
   <div class='ocr_carea' id='block_1_8' title="bbox 507 1126 2082 1198">
    <p class='ocr_par' dir='ltr' id='par_1_8' title="bbox 507 1126 2082 1198">
     <span class='ocr_line' id='line_1_8' title="bbox 507 1126 2082 1198; baseline 0.003 -21"><span class='ocrx_word' id='word_1_51' title='bbox 507 1126 692 1178; x_wconf 79' lang='grc' dir='ltr'><strong>τάττει</strong></span> <span class='ocrx_word' id='word_1_52' title='bbox 732 1130 829 1196; x_wconf 82' lang='grc' dir='ltr'>τὴν</span> <span class='ocrx_word' id='word_1_53' title='bbox 886 1129 1108 1192; x_wconf 82' lang='grc' dir='ltr'>ἄδειαν,</span> <span class='ocrx_word' id='word_1_54' title='bbox 1176 1130 1412 1197; x_wconf 84' lang='grc' dir='ltr'>μάλιστα</span> <span class='ocrx_word' id='word_1_55' title='bbox 1473 1130 1569 1198; x_wconf 84' lang='grc' dir='ltr'><strong>μὲν</strong></span> <span class='ocrx_word' id='word_1_56' title='bbox 1622 1131 1735 1193; x_wconf 85' lang='grc' dir='ltr'>τοῖς</span> <span class='ocrx_word' id='word_1_57' title='bbox 1787 1132 2082 1197; x_wconf 79' lang='grc' dir='ltr'>αίρετικοίς</span> 
     </span>
    </p>
   </div>
   <div class='ocr_carea' id='block_1_9' title="bbox 506 1218 2082 1290">
    <p class='ocr_par' dir='ltr' id='par_1_9' title="bbox 506 1218 2082 1290">
     <span class='ocr_line' id='line_1_9' title="bbox 506 1218 2082 1290; baseline 0.001 -21"><span class='ocrx_word' id='word_1_58' title='bbox 506 1218 666 1271; x_wconf 87' lang='grc' dir='ltr'>τοῦτο</span> <span class='ocrx_word' id='word_1_59' title='bbox 718 1219 1082 1288; x_wconf 85' lang='grc' dir='ltr'>νομοθετείτω</span> <span class='ocrx_word' id='word_1_60' title='bbox 1110 1219 1171 1271; x_wconf 84' lang='grc' dir='ltr'>τὸ</span> <span class='ocrx_word' id='word_1_61' title='bbox 1222 1221 1590 1289; x_wconf 83' lang='grc' dir='ltr'>πρόσταγμα’</span> <span class='ocrx_word' id='word_1_62' title='bbox 1622 1220 1866 1280; x_wconf 75' lang='grc' dir='ltr'>ἐκείνους</span> <span class='ocrx_word' id='word_1_63' title='bbox 1900 1221 2082 1290; x_wconf 81' lang='grc' dir='ltr'>παύσῃ</span> 
     </span>
    </p>
   </div>
   <div class='ocr_carea' id='block_1_10' title="bbox 508 1310 2082 1382">
    <p class='ocr_par' dir='ltr' id='par_1_10' title="bbox 508 1310 2082 1382">
     <span class='ocr_line' id='line_1_10' title="bbox 508 1310 2082 1382; baseline 0.001 -21"><span class='ocrx_word' id='word_1_64' title='bbox 508 1310 609 1377; x_wconf 77' lang='grc' dir='ltr'><strong>τῆς</strong></span> <span class='ocrx_word' id='word_1_65' title='bbox 660 1313 901 1375; x_wconf 83' lang='grc' dir='ltr'>ἀδικίας,</span> <span class='ocrx_word' id='word_1_66' title='bbox 948 1313 1021 1382; x_wconf 89' lang='grc' dir='ltr'>μὴ</span> <span class='ocrx_word' id='word_1_67' title='bbox 1073 1314 1200 1375; x_wconf 78' lang='grc' dir='ltr'>τοὺς</span> <span class='ocrx_word' id='word_1_68' title='bbox 1257 1314 1524 1380; x_wconf 75' lang='grc' dir='ltr'><strong>ποιμένας</strong></span> <span class='ocrx_word' id='word_1_69' title='bbox 1581 1313 1675 1381; x_wconf 76' lang='grc' dir='ltr'><strong>τῆς</strong></span> <span class='ocrx_word' id='word_1_70' title='bbox 1724 1312 2082 1379; x_wconf 67' lang='grc' dir='ltr'><strong>ἀντιλήψεως.</strong></span> 
     </span>
    </p>
   </div>
   <div class='ocr_carea' id='block_1_11' title="bbox 514 1400 2086 1472">
    <p class='ocr_par' dir='ltr' id='par_1_11' title="bbox 514 1400 2086 1472">
     <span class='ocr_line' id='line_1_11' title="bbox 514 1400 2086 1472; baseline -0.001 -20"><span class='ocrx_word' id='word_1_71' title='bbox 514 1400 628 1462; x_wconf 78' lang='grc' dir='ltr'><strong>Πᾶς</strong></span> <span class='ocrx_word' id='word_1_72' title='bbox 656 1401 760 1471; x_wconf 81' lang='grc' dir='ltr'>γὰρ</span> <span class='ocrx_word' id='word_1_73' title='bbox 790 1402 955 1468; x_wconf 83' lang='grc' dir='ltr'>νόμος</span> <span class='ocrx_word' id='word_1_74' title='bbox 987 1403 1100 1463; x_wconf 87' lang='grc' dir='ltr'>τοῖς</span> <span class='ocrx_word' id='word_1_75' title='bbox 1131 1405 1387 1472; x_wconf 79' lang='grc' dir='ltr'>πονηροῖς</span> <span class='ocrx_word' id='word_1_76' title='bbox 1414 1403 1747 1472; x_wconf 79' lang='grc' dir='ltr'>ἀπαγορεύει</span> <span class='ocrx_word' id='word_1_77' title='bbox 1782 1402 1879 1470; x_wconf 81' lang='grc' dir='ltr'><strong>τὴν</strong></span> <span class='ocrx_word' id='word_1_78' title='bbox 1908 1403 2086 1470; x_wconf 82' lang='grc' dir='ltr'>ἁμαρ-</span> 
     </span>
    </p>
   </div>
   <div class='ocr_carea' id='block_1_12' title="bbox 511 1492 2087 1563">
    <p class='ocr_par' dir='ltr' id='par_1_12' title="bbox 511 1492 2087 1563">
     <span class='ocr_line' id='line_1_12' title="bbox 511 1492 2087 1563; baseline -0.001 -20"><span class='ocrx_word' id='word_1_79' title='bbox 511 1492 657 1555; x_wconf 85' lang='grc' dir='ltr'>τίαν,</span> <span class='ocrx_word' id='word_1_80' title='bbox 693 1494 753 1543; x_wconf 79' lang='grc' dir='ltr'><strong>οὐ</strong></span> <span class='ocrx_word' id='word_1_81' title='bbox 791 1495 915 1555; x_wconf 76' lang='grc' dir='ltr'>τοὺς</span> <span class='ocrx_word' id='word_1_82' title='bbox 954 1493 1147 1561; x_wconf 84' lang='grc' dir='ltr'>κριτὰς</span> <span class='ocrx_word' id='word_1_83' title='bbox 1198 1494 1452 1563; x_wconf 79' lang='grc' dir='ltr'>ἀπείργει</span> <span class='ocrx_word' id='word_1_84' title='bbox 1504 1494 1601 1562; x_wconf 85' lang='grc' dir='ltr'>τῆς</span> <span class='ocrx_word' id='word_1_85' title='bbox 1652 1492 1922 1558; x_wconf 78' lang='grc' dir='ltr'>ἐξουσίας.</span> <span class='ocrx_word' id='word_1_86' title='bbox 1958 1493 2087 1545; x_wconf 71' lang='lat' dir='ltr'><strong>&quot;Ait-</strong></span> 
     </span>
    </p>
   </div>
   <div class='ocr_carea' id='block_1_13' title="bbox 512 1580 2089 1649">
    <p class='ocr_par' dir='ltr' id='par_1_13' title="bbox 512 1580 2089 1649">
     <span class='ocr_line' id='line_1_13' title="bbox 512 1580 2089 1649; baseline 0.002 -20"><span class='ocrx_word' id='word_1_87' title='bbox 512 1580 619 1640; x_wconf 86' lang='grc' dir='ltr'><strong>λως</strong></span> <span class='ocrx_word' id='word_1_88' title='bbox 651 1597 708 1632; x_wconf 87' lang='grc' dir='ltr'><strong>τε</strong></span> <span class='ocrx_word' id='word_1_89' title='bbox 744 1581 1189 1649; x_wconf 80' lang='grc' dir='ltr'><strong>μανθανέτωσαν,</strong></span> <span class='ocrx_word' id='word_1_90' title='bbox 1211 1582 1285 1644; x_wconf 86' lang='grc' dir='ltr'>ὼς</span> <span class='ocrx_word' id='word_1_91' title='bbox 1316 1584 1409 1635; x_wconf 76' lang='grc' dir='ltr'><strong>καὶ</strong></span> <span class='ocrx_word' id='word_1_92' title='bbox 1440 1583 1531 1635; x_wconf 77' lang='grc' dir='ltr'><strong>νῦν</strong></span> <span class='ocrx_word' id='word_1_93' title='bbox 1565 1582 1773 1648; x_wconf 79' lang='grc' dir='ltr'>ἔξεστιν</span> <span class='ocrx_word' id='word_1_94' title='bbox 1804 1581 2089 1649; x_wconf 77' lang='grc' dir='ltr'>ἁμφισόη-</span> 
     </span>
    </p>
   </div>
   <div class='ocr_carea' id='block_1_14' title="bbox 515 1671 2092 1743">
    <p class='ocr_par' dir='ltr' id='par_1_14' title="bbox 515 1671 2092 1743">
     <span class='ocr_line' id='line_1_14' title="bbox 515 1671 2092 1743; baseline 0.001 -22"><span class='ocrx_word' id='word_1_95' title='bbox 515 1671 728 1739; x_wconf 83' lang='grc' dir='ltr'>τήσεως</span> <span class='ocrx_word' id='word_1_96' title='bbox 780 1673 1116 1741; x_wconf 83' lang='grc' dir='ltr'>ἁναφυείσης</span> <span class='ocrx_word' id='word_1_97' title='bbox 1158 1675 1277 1735; x_wconf 84' lang='grc' dir='ltr'>ταῖς</span> <span class='ocrx_word' id='word_1_98' title='bbox 1324 1672 1432 1725; x_wconf 81' lang='grc' dir='ltr'>τῶν</span> <span class='ocrx_word' id='word_1_99' title='bbox 1469 1673 1728 1742; x_wconf 79' lang='grc' dir='ltr'>Πατερων</span> <span class='ocrx_word' id='word_1_100' title='bbox 1776 1673 2092 1743; x_wconf 75' lang='grc' dir='ltr'>ἑρμηνείαις</span> 
     </span>
    </p>
   </div>
   <div class='ocr_carea' id='block_1_15' title="bbox 517 1762 2093 1831">
    <p class='ocr_par' dir='ltr' id='par_1_15' title="bbox 517 1762 2093 1831">
     <span class='ocr_line' id='line_1_15' title="bbox 517 1762 2093 1831; baseline 0.001 -19"><span class='ocrx_word' id='word_1_101' title='bbox 517 1762 618 1828; x_wconf 77' lang='grc' dir='ltr'>τὴν</span> <span class='ocrx_word' id='word_1_102' title='bbox 674 1763 955 1831; x_wconf 70' lang='grc' dir='ltr'>ἡμετέραν</span> <span class='ocrx_word' id='word_1_103' title='bbox 1010 1762 1405 1815; x_wconf 72' lang='grc' dir='ltr'>ἐπισυνάπτειν</span> <span class='ocrx_word' id='word_1_104' title='bbox 1475 1762 1802 1831; x_wconf 71' lang='grc' dir='ltr'>ὁμολογίαν,</span> <span class='ocrx_word' id='word_1_105' title='bbox 1864 1764 1937 1821; x_wconf 78' lang='grc' dir='ltr'><strong>ὡς</strong></span> <span class='ocrx_word' id='word_1_106' title='bbox 1993 1762 2093 1813; x_wconf 78' lang='grc' dir='ltr'>οὐκ</span> 
     </span>
    </p>
   </div>
   <div class='ocr_carea' id='block_1_16' title="bbox 1770 374 2531 436">
    <p class='ocr_par' dir='ltr' id='par_1_16' title="bbox 1770 374 2531 436">
     <span class='ocr_line' id='line_1_16' title="bbox 1770 374 2531 436; baseline -0.007 0"><span class='ocrx_word' id='word_1_107' title='bbox 1770 374 2069 436; x_wconf 78' lang='lat' dir='ltr'><strong>CONTRA</strong></span> <span class='ocrx_word' id='word_1_108' title='bbox 2111 374 2531 436; x_wconf 74' lang='lat' dir='ltr'><strong>EPHESIUM.</strong></span> 
     </span>
    </p>
   </div>
   <div class='ocr_carea' id='block_1_17' title="bbox 504 490 2269 563">
    <p class='ocr_par' dir='ltr' id='par_1_17' title="bbox 504 490 2268 563">
     <span class='ocr_line' id='line_1_17' title="bbox 504 490 2268 563; baseline 0.004 -23"><span class='ocrx_word' id='word_1_109' title='bbox 504 492 718 558; x_wconf 77' lang='grc' dir='ltr'>μένοις;</span> <span class='ocrx_word' id='word_1_110' title='bbox 764 490 1059 561; x_wconf 83' lang='grc' dir='ltr'>Ἦγνὸησεν</span> <span class='ocrx_word' id='word_1_111' title='bbox 1089 493 1118 545; x_wconf 81' lang='grc' dir='ltr'>ὁ</span> <span class='ocrx_word' id='word_1_112' title='bbox 1150 492 1291 555; x_wconf 80' lang='grc' dir='ltr'>θεῖος</span> <span class='ocrx_word' id='word_1_113' title='bbox 1317 494 1569 563; x_wconf 78' lang='grc' dir='ltr'>Μάξιμος</span> <span class='ocrx_word' id='word_1_114' title='bbox 1604 494 1730 557; x_wconf 75' lang='grc' dir='ltr'>τοὺς</span> <span class='ocrx_word' id='word_1_115' title='bbox 1766 496 1947 563; x_wconf 84' lang='grc' dir='ltr'>ὄρους,</span> <span class='ocrx_word' id='word_1_116' title='bbox 1981 496 2067 548; x_wconf 84' lang='grc' dir='ltr'><strong>ἴνα</strong></span> <span class='ocrx_word' id='word_1_117' title='bbox 2098 502 2139 557; x_wconf 76' lang='grc' dir='ltr'><strong>Α</strong></span> <span class='ocrx_word' id='word_1_118' title='bbox 2176 516 2192 547; x_wconf 82' lang='grc' dir='ltr'><strong>ι</strong></span> <span class='ocrx_word' id='word_1_119' title='bbox 2232 496 2268 547; x_wconf 79' lang='grc' dir='ltr'><strong>Α</strong></span> 
     </span>
    </p>
   </div>
   <div class='ocr_carea' id='block_1_18' title="bbox 1704 490 3469 563">
    <p class='ocr_par' dir='ltr' id='par_1_18' title="bbox 1706 490 3469 563">
     <span class='ocr_line' id='line_1_18' title="bbox 1706 490 3469 563; baseline -0.003 -16"><span class='ocrx_word' id='word_1_120' title='bbox 1706 512 1730 557; x_wconf 89' lang='grc' dir='ltr'><strong>ς</strong></span> <span class='ocrx_word' id='word_1_121' title='bbox 1766 496 1947 563; x_wconf 84' lang='grc' dir='ltr'>ὄρους,</span> <span class='ocrx_word' id='word_1_122' title='bbox 1981 496 2067 548; x_wconf 84' lang='grc' dir='ltr'><strong>ἴνα</strong></span> <span class='ocrx_word' id='word_1_123' title='bbox 2098 502 2139 557; x_wconf 76' lang='grc' dir='ltr'><strong>Α</strong></span> <span class='ocrx_word' id='word_1_124' title='bbox 2176 516 2192 547; x_wconf 82' lang='grc' dir='ltr'><strong>ι</strong></span> <span class='ocrx_word' id='word_1_125' title='bbox 2232 496 2483 548; x_wconf 80' lang='lat' dir='ltr'><strong>Attamen</strong></span> <span class='ocrx_word' id='word_1_126' title='bbox 2543 491 2765 546; x_wconf 79' lang='lat' dir='ltr'><strong>Omnino</strong></span> <span class='ocrx_word' id='word_1_127' title='bbox 2820 490 3129 545; x_wconf 71' lang='lat' dir='ltr'><strong>addidistis.</strong></span> <span class='ocrx_word' id='word_1_128' title='bbox 3175 510 3191 542; x_wconf 71' lang='grc' dir='ltr'><strong>ι</strong></span> <span class='ocrx_word' id='word_1_129' title='bbox 3244 491 3469 546; x_wconf 82' lang='lat' dir='ltr'><strong>Ortltod.</strong></span> 
     </span>
    </p>
   </div>
   <div class='ocr_carea' id='block_1_19' title="bbox 3639 379 3737 443">
    <p class='ocr_par' dir='ltr' id='par_1_19' title="bbox 3639 379 3737 443">
     <span class='ocr_line' id='line_1_19' title="bbox 3639 379 3737 443; baseline 0.02 -2"><span class='ocrx_word' id='word_1_130' title='bbox 3639 379 3737 443; x_wconf 71' lang='lat'><strong>105</strong></span> 
     </span>
    </p>
   </div>
   <div class='ocr_carea' id='block_1_20' title="bbox 3528 495 3736 545">
    <p class='ocr_par' dir='ltr' id='par_1_20' title="bbox 3528 495 3736 545">
     <span class='ocr_line' id='line_1_20' title="bbox 3528 495 3736 545; baseline 0 0"><span class='ocrx_word' id='word_1_131' title='bbox 3528 495 3736 545; x_wconf 69' lang='lat' dir='ltr'><strong>:tEu</strong></span> 
     </span>
    </p>
   </div>
   <div class='ocr_carea' id='block_1_21' title="bbox 2177 584 3741 655">
    <p class='ocr_par' dir='ltr' id='par_1_21' title="bbox 2177 584 3741 655">
     <span class='ocr_line' id='line_1_21' title="bbox 2177 584 3741 655; baseline -0.003 -15"><span class='ocrx_word' id='word_1_132' title='bbox 2177 602 2297 655; x_wconf 73' lang='lat' dir='ltr'><strong>quae</strong></span> <span class='ocrx_word' id='word_1_133' title='bbox 2322 594 2453 639; x_wconf 89' lang='lat' dir='ltr'><strong>tunc</strong></span> <span class='ocrx_word' id='word_1_134' title='bbox 2480 599 2585 638; x_wconf 90' lang='lat' dir='ltr'><strong>non</strong></span> <span class='ocrx_word' id='word_1_135' title='bbox 2644 584 2696 637; x_wconf 87' lang='lat' dir='ltr'><strong>itt</strong></span> <span class='ocrx_word' id='word_1_136' title='bbox 2758 584 3117 651; x_wconf 70' lang='lat' dir='ltr'><strong>qttmstiottem</strong></span> <span class='ocrx_word' id='word_1_137' title='bbox 3172 592 3454 645; x_wconf 70' lang='lat' dir='ltr'><strong>venerant,</strong></span> <span class='ocrx_word' id='word_1_138' title='bbox 3498 598 3560 637; x_wconf 87' lang='lat' dir='ltr'><strong>ea</strong></span> <span class='ocrx_word' id='word_1_139' title='bbox 3596 600 3741 637; x_wconf 81' lang='lat' dir='ltr'><strong>nunc.</strong></span> 
     </span>
    </p>
   </div>
   <div class='ocr_carea' id='block_1_22' title="bbox 2177 674 3743 744">
    <p class='ocr_par' dir='ltr' id='par_1_22' title="bbox 2177 674 3743 744">
     <span class='ocr_line' id='line_1_22' title="bbox 2177 674 3743 744; baseline -0.003 -12"><span class='ocrx_word' id='word_1_140' title='bbox 2177 678 2367 732; x_wconf 85' lang='lat' dir='ltr'><strong>Patres</strong></span> <span class='ocrx_word' id='word_1_141' title='bbox 2426 678 2510 744; x_wconf 87' lang='lat' dir='ltr'><strong>pie</strong></span> <span class='ocrx_word' id='word_1_142' title='bbox 2567 677 3023 744; x_wconf 80' lang='lat' dir='ltr'><strong>explanaverunt.</strong></span> <span class='ocrx_word' id='word_1_143' title='bbox 3061 692 3078 724; x_wconf 73' lang='grc' dir='ltr'><strong>ι</strong></span> <span class='ocrx_word' id='word_1_144' title='bbox 3118 674 3257 738; x_wconf 85' lang='lat' dir='ltr'><strong>Quid</strong></span> <span class='ocrx_word' id='word_1_145' title='bbox 3310 675 3473 743; x_wconf 74' lang='lat' dir='ltr'><strong>igitur</strong></span> <span class='ocrx_word' id='word_1_146' title='bbox 3502 675 3645 729; x_wconf 81' lang='lat' dir='ltr'><strong>dicet</strong></span> <span class='ocrx_word' id='word_1_147' title='bbox 3677 678 3743 727; x_wconf 83' lang='lat' dir='ltr'><strong>de</strong></span> 
     </span>
    </p>
   </div>
   <div class='ocr_carea' id='block_1_23' title="bbox 2181 765 3742 833">
    <p class='ocr_par' dir='ltr' id='par_1_23' title="bbox 2181 765 3742 833">
     <span class='ocr_line' id='line_1_23' title="bbox 2181 765 3742 833; baseline -0.003 -12"><span class='ocrx_word' id='word_1_148' title='bbox 2181 769 2264 822; x_wconf 86' lang='lat' dir='ltr'><strong>his</strong></span> <span class='ocrx_word' id='word_1_149' title='bbox 2291 766 2490 822; x_wconf 88' lang='lat' dir='ltr'><strong>dictis?</strong></span> <span class='ocrx_word' id='word_1_150' title='bbox 2521 766 2602 819; x_wconf 84' lang='lat' dir='ltr'><strong>An</strong></span> <span class='ocrx_word' id='word_1_151' title='bbox 2638 768 2907 833; x_wconf 82' lang='lat' dir='ltr'><strong>ignoravit</strong></span> <span class='ocrx_word' id='word_1_152' title='bbox 2953 766 3114 819; x_wconf 85' lang='lat' dir='ltr'><strong>divus</strong></span> <span class='ocrx_word' id='word_1_153' title='bbox 3172 765 3437 818; x_wconf 77' lang='lat' dir='ltr'><strong>Maximus</strong></span> <span class='ocrx_word' id='word_1_154' title='bbox 3470 766 3742 819; x_wconf 83' lang='lat' dir='ltr'><strong>definitio-</strong></span> 
     </span>
    </p>
   </div>
   <div class='ocr_carea' id='block_1_24' title="bbox 2183 857 3749 925">
    <p class='ocr_par' dir='ltr' id='par_1_24' title="bbox 2183 857 3749 925">
     <span class='ocr_line' id='line_1_24' title="bbox 2183 857 3749 925; baseline -0.004 -13"><span class='ocrx_word' id='word_1_155' title='bbox 2183 873 2302 919; x_wconf 80' lang='lat' dir='ltr'><strong>nes,</strong></span> <span class='ocrx_word' id='word_1_156' title='bbox 2336 866 2393 910; x_wconf 92' lang='lat' dir='ltr'><strong>ttt</strong></span> <span class='ocrx_word' id='word_1_157' title='bbox 2422 857 2619 910; x_wconf 79' lang='lat' dir='ltr'><strong>exinde</strong></span> <span class='ocrx_word' id='word_1_158' title='bbox 2657 857 2826 925; x_wconf 74' lang='lat' dir='ltr'><strong>magis</strong></span> <span class='ocrx_word' id='word_1_159' title='bbox 2880 858 3142 911; x_wconf 76' lang='lat' dir='ltr'><strong>refutaret</strong></span> <span class='ocrx_word' id='word_1_160' title='bbox 3184 872 3306 910; x_wconf 88' lang='lat' dir='ltr'><strong>cum</strong></span> <span class='ocrx_word' id='word_1_161' title='bbox 3344 857 3432 925; x_wconf 91' lang='lat' dir='ltr'><strong>qui</strong></span> <span class='ocrx_word' id='word_1_162' title='bbox 3474 873 3578 909; x_wconf 83' lang='lat' dir='ltr'><strong>non</strong></span> <span class='ocrx_word' id='word_1_163' title='bbox 3612 858 3749 908; x_wconf 83' lang='lat' dir='ltr'><strong>bene</strong></span> 
     </span>
    </p>
   </div>
   <div class='ocr_carea' id='block_1_25' title="bbox 2186 949 3748 1020">
    <p class='ocr_par' dir='ltr' id='par_1_25' title="bbox 2186 949 3748 1020">
     <span class='ocr_line' id='line_1_25' title="bbox 2186 949 3748 1020; baseline -0.004 -15"><span class='ocrx_word' id='word_1_164' title='bbox 2186 951 2550 1020; x_wconf 60' lang='lat' dir='ltr'><strong>loquebatur?</strong></span> <span class='ocrx_word' id='word_1_165' title='bbox 2587 949 2743 1003; x_wconf 75' lang='lat' dir='ltr'><strong>Nullo</strong></span> <span class='ocrx_word' id='word_1_166' title='bbox 2790 950 2969 1002; x_wconf 91' lang='lat' dir='ltr'><strong>modo.</strong></span> <span class='ocrx_word' id='word_1_167' title='bbox 3006 949 3166 1003; x_wconf 71' lang='lat' dir='ltr'><strong>Novit</strong></span> <span class='ocrx_word' id='word_1_168' title='bbox 3197 950 3343 1002; x_wconf 81' lang='lat' dir='ltr'><strong>enim</strong></span> <span class='ocrx_word' id='word_1_169' title='bbox 3378 956 3430 1001; x_wconf 90' lang='lat' dir='ltr'><strong>ct</strong></span> <span class='ocrx_word' id='word_1_170' title='bbox 3464 949 3579 1015; x_wconf 84' lang='lat' dir='ltr'><strong>ipse</strong></span> <span class='ocrx_word' id='word_1_171' title='bbox 3612 963 3748 1015; x_wconf 56' lang='lat' dir='ltr'><strong>prte-</strong></span> 
     </span>
    </p>
   </div>
   <div class='ocr_carea' id='block_1_26' title="bbox 2185 1040 3753 1109">
    <p class='ocr_par' dir='ltr' id='par_1_26' title="bbox 2185 1040 3753 1109">
     <span class='ocr_line' id='line_1_26' title="bbox 2185 1040 3753 1109; baseline -0.005 -12"><span class='ocrx_word' id='word_1_172' title='bbox 2185 1044 2511 1097; x_wconf 87' lang='lat' dir='ltr'><strong>dicationem</strong></span> <span class='ocrx_word' id='word_1_173' title='bbox 2545 1052 2908 1095; x_wconf 65' lang='lat' dir='ltr'><strong>sacrosancta:</strong></span> <span class='ocrx_word' id='word_1_174' title='bbox 2983 1052 3187 1109; x_wconf 67' lang='lat' dir='ltr'><strong>quarta:</strong></span> <span class='ocrx_word' id='word_1_175' title='bbox 3240 1041 3452 1105; x_wconf 80' lang='lat' dir='ltr'><strong>synodi,</strong></span> <span class='ocrx_word' id='word_1_176' title='bbox 3492 1040 3753 1108; x_wconf 81' lang='lat' dir='ltr'><strong>quemad-</strong></span> 
     </span>
    </p>
   </div>
   <div class='ocr_carea' id='block_1_27' title="bbox 2186 1132 3749 1199">
    <p class='ocr_par' dir='ltr' id='par_1_27' title="bbox 2186 1132 3749 1199">
     <span class='ocr_line' id='line_1_27' title="bbox 2186 1132 3749 1199; baseline -0.006 -11"><span class='ocrx_word' id='word_1_177' title='bbox 2186 1136 2405 1188; x_wconf 85' lang='lat' dir='ltr'><strong>modum</strong></span> <span class='ocrx_word' id='word_1_178' title='bbox 2436 1134 2748 1187; x_wconf 87' lang='lat' dir='ltr'><strong>continetur</strong></span> <span class='ocrx_word' id='word_1_179' title='bbox 2797 1134 2847 1186; x_wconf 88' lang='lat' dir='ltr'><strong>itt</strong></span> <span class='ocrx_word' id='word_1_180' title='bbox 2904 1133 3302 1187; x_wconf 88' lang='lat' dir='ltr'><strong>acclamatione</strong></span> <span class='ocrx_word' id='word_1_181' title='bbox 3347 1133 3413 1185; x_wconf 91' lang='lat' dir='ltr'><strong>ad</strong></span> <span class='ocrx_word' id='word_1_182' title='bbox 3450 1132 3749 1199; x_wconf 71' lang='lat' dir='ltr'><strong>imperato-</strong></span> 
     </span>
    </p>
   </div>
   <div class='ocr_carea' id='block_1_28' title="bbox 2187 1222 3757 1293">
    <p class='ocr_par' dir='ltr' id='par_1_28' title="bbox 2187 1222 3757 1293">
     <span class='ocr_line' id='line_1_28' title="bbox 2187 1222 3757 1293; baseline -0.004 -15"><span class='ocrx_word' id='word_1_183' title='bbox 2187 1241 2325 1287; x_wconf 87' lang='lat' dir='ltr'><strong>rem,</strong></span> <span class='ocrx_word' id='word_1_184' title='bbox 2380 1238 2499 1293; x_wconf 64' lang='lat' dir='ltr'><strong>quae</strong></span> <span class='ocrx_word' id='word_1_185' title='bbox 2561 1225 2630 1277; x_wconf 88' lang='lat' dir='ltr'><strong>ita</strong></span> <span class='ocrx_word' id='word_1_186' title='bbox 2690 1226 2919 1278; x_wconf 87' lang='lat' dir='ltr'><strong>sancit;</strong></span> <span class='ocrx_word' id='word_1_187' title='bbox 2977 1242 2994 1274; x_wconf 84' lang='lat' dir='ltr'><strong>t</strong></span> <span class='ocrx_word' id='word_1_188' title='bbox 3041 1222 3096 1276; x_wconf 90' lang='lat' dir='ltr'><strong>Si</strong></span> <span class='ocrx_word' id='word_1_189' title='bbox 3144 1224 3266 1291; x_wconf 89' lang='lat' dir='ltr'><strong>quis</strong></span> <span class='ocrx_word' id='word_1_190' title='bbox 3319 1234 3496 1275; x_wconf 88' lang='lat' dir='ltr'><strong>autem</strong></span> <span class='ocrx_word' id='word_1_191' title='bbox 3568 1231 3757 1276; x_wconf 73' lang='lat' dir='ltr'><strong>censt-t</strong></span> 
     </span>
    </p>
   </div>
   <div class='ocr_carea' id='block_1_29' title="bbox 2190 1314 3755 1382">
    <p class='ocr_par' dir='ltr' id='par_1_29' title="bbox 2190 1314 3755 1382">
     <span class='ocr_line' id='line_1_29' title="bbox 2190 1314 3755 1382; baseline -0.003 -14"><span class='ocrx_word' id='word_1_192' title='bbox 2190 1316 2472 1382; x_wconf 80' lang='lat' dir='ltr'><strong>hucusque</strong></span> <span class='ocrx_word' id='word_1_193' title='bbox 2502 1316 2919 1370; x_wconf 80' lang='lat' dir='ltr'><strong>consistendum</strong></span> <span class='ocrx_word' id='word_1_194' title='bbox 2976 1316 3084 1367; x_wconf 82' lang='lat' dir='ltr'><strong>illis</strong></span> <span class='ocrx_word' id='word_1_195' title='bbox 3136 1329 3285 1375; x_wconf 83' lang='lat' dir='ltr'><strong>esse.</strong></span> <span class='ocrx_word' id='word_1_196' title='bbox 3345 1315 3435 1381; x_wconf 87' lang='lat' dir='ltr'><strong>qui</strong></span> <span class='ocrx_word' id='word_1_197' title='bbox 3470 1314 3626 1365; x_wconf 81' lang='lat' dir='ltr'><strong>fidem</strong></span> <span class='ocrx_word' id='word_1_198' title='bbox 3660 1328 3755 1379; x_wconf 78' lang='lat' dir='ltr'><strong>pro</strong></span> 
     </span>
    </p>
   </div>
   <div class='ocr_carea' id='block_1_30' title="bbox 2191 1403 3755 1475">
    <p class='ocr_par' dir='ltr' id='par_1_30' title="bbox 2191 1403 3755 1475">
     <span class='ocr_line' id='line_1_30' title="bbox 2191 1403 3755 1475; baseline -0.002 -20"><span class='ocrx_word' id='word_1_199' title='bbox 2191 1403 2447 1457; x_wconf 76' lang='lat' dir='ltr'><strong>lacullate</strong></span> <span class='ocrx_word' id='word_1_200' title='bbox 2497 1405 2789 1458; x_wconf 85' lang='lat' dir='ltr'><strong>defendere</strong></span> <span class='ocrx_word' id='word_1_201' title='bbox 2834 1406 3083 1475; x_wconf 84' lang='lat' dir='ltr'><strong>cupiunt,</strong></span> <span class='ocrx_word' id='word_1_202' title='bbox 3135 1404 3367 1458; x_wconf 78' lang='lat' dir='ltr'><strong>maxime</strong></span> <span class='ocrx_word' id='word_1_203' title='bbox 3400 1403 3617 1472; x_wconf 79' lang='lat' dir='ltr'><strong>quidem</strong></span> <span class='ocrx_word' id='word_1_204' title='bbox 3656 1404 3755 1455; x_wconf 71' lang='lat' dir='ltr'><strong>hut-</strong></span> 
     </span>
    </p>
   </div>
   <div class='ocr_carea' id='block_1_31' title="bbox 2194 1490 3757 1562">
    <p class='ocr_par' dir='ltr' id='par_1_31' title="bbox 2194 1490 3757 1562">
     <span class='ocr_line' id='line_1_31' title="bbox 2194 1490 3757 1562; baseline -0.001 -20"><span class='ocrx_word' id='word_1_205' title='bbox 2194 1498 2522 1561; x_wconf 69' lang='lat' dir='ltr'><strong>praeceptum</strong></span> <span class='ocrx_word' id='word_1_206' title='bbox 2559 1491 2833 1546; x_wconf 70' lang='lat' dir='ltr'><strong>hmreticis</strong></span> <span class='ocrx_word' id='word_1_207' title='bbox 2862 1492 3208 1562; x_wconf 78' lang='lat' dir='ltr'><strong>promulgare</strong></span> <span class='ocrx_word' id='word_1_208' title='bbox 3254 1492 3501 1558; x_wconf 83' lang='lat' dir='ltr'><strong>debebit;</strong></span> <span class='ocrx_word' id='word_1_209' title='bbox 3538 1491 3659 1544; x_wconf 84' lang='lat' dir='ltr'><strong>illos</strong></span> <span class='ocrx_word' id='word_1_210' title='bbox 3692 1490 3757 1543; x_wconf 85' lang='lat' dir='ltr'><strong>ab</strong></span> 
     </span>
    </p>
   </div>
   <div class='ocr_carea' id='block_1_32' title="bbox 2193 1582 3754 1653">
    <p class='ocr_par' dir='ltr' id='par_1_32' title="bbox 2193 1582 3754 1653">
     <span class='ocr_line' id='line_1_32' title="bbox 2193 1582 3754 1653; baseline -0.001 -18"><span class='ocrx_word' id='word_1_211' title='bbox 2193 1582 2379 1651; x_wconf 88' lang='lat' dir='ltr'><strong>iniqua</strong></span> <span class='ocrx_word' id='word_1_212' title='bbox 2431 1585 2840 1653; x_wconf 82' lang='lat' dir='ltr'><strong>impttgnatione</strong></span> <span class='ocrx_word' id='word_1_213' title='bbox 2899 1600 3209 1646; x_wconf 85' lang='lat' dir='ltr'><strong>removens,</strong></span> <span class='ocrx_word' id='word_1_214' title='bbox 3273 1599 3379 1638; x_wconf 90' lang='lat' dir='ltr'><strong>non</strong></span> <span class='ocrx_word' id='word_1_215' title='bbox 3443 1593 3694 1638; x_wconf 75' lang='lat' dir='ltr'><strong>avertens</strong></span> <span class='ocrx_word' id='word_1_216' title='bbox 3730 1599 3754 1634; x_wconf 85' lang='lat' dir='ltr'><strong>a</strong></span> 
     </span>
    </p>
   </div>
   <div class='ocr_carea' id='block_1_33' title="bbox 2196 1672 3758 1742">
    <p class='ocr_par' dir='ltr' id='par_1_33' title="bbox 2196 1672 3758 1742">
     <span class='ocr_line' id='line_1_33' title="bbox 2196 1672 3758 1742; baseline 0 -17"><span class='ocrx_word' id='word_1_217' title='bbox 2196 1673 2537 1742; x_wconf 86' lang='lat' dir='ltr'><strong>protectione</strong></span> <span class='ocrx_word' id='word_1_218' title='bbox 2609 1686 2878 1742; x_wconf 87' lang='lat' dir='ltr'><strong>pastores.</strong></span> <span class='ocrx_word' id='word_1_219' title='bbox 2938 1672 3130 1730; x_wconf 83' lang='lat' dir='ltr'><strong>Omnis</strong></span> <span class='ocrx_word' id='word_1_220' title='bbox 3190 1675 3334 1728; x_wconf 86' lang='lat' dir='ltr'><strong>enim</strong></span> <span class='ocrx_word' id='word_1_221' title='bbox 3381 1673 3758 1742; x_wconf 79' lang='lat' dir='ltr'><strong>leximprohis</strong></span> 
     </span>
    </p>
   </div>
   <div class='ocr_carea' id='block_1_34' title="bbox 2197 1765 3762 1835">
    <p class='ocr_par' dir='ltr' id='par_1_34' title="bbox 2197 1765 3762 1835">
     <span class='ocr_line' id='line_1_34' title="bbox 2197 1765 3762 1835; baseline -0.003 -15"><span class='ocrx_word' id='word_1_222' title='bbox 2197 1765 2512 1820; x_wconf 86' lang='lat' dir='ltr'><strong>hominibus</strong></span> <span class='ocrx_word' id='word_1_223' title='bbox 2545 1766 2747 1820; x_wconf 88' lang='lat' dir='ltr'><strong>delicta</strong></span> <span class='ocrx_word' id='word_1_224' title='bbox 2798 1766 3068 1835; x_wconf 86' lang='lat' dir='ltr'><strong>prohibet,</strong></span> <span class='ocrx_word' id='word_1_225' title='bbox 3096 1781 3203 1820; x_wconf 93' lang='lat' dir='ltr'><strong>non</strong></span> <span class='ocrx_word' id='word_1_226' title='bbox 3246 1766 3528 1835; x_wconf 87' lang='lat' dir='ltr'><strong>judieibus</strong></span> <span class='ocrx_word' id='word_1_227' title='bbox 3574 1765 3762 1818; x_wconf 77' lang='lat' dir='ltr'><strong>adimit</strong></span> 
     </span>
    </p>
   </div>
   <div class='ocr_carea' id='block_1_35' title="bbox 519 1827 2284 1925">
    <p class='ocr_par' dir='ltr' id='par_1_35' title="bbox 519 1827 2284 1925">
     <span class='ocr_line' id='line_1_35' title="bbox 519 1827 2284 1925; baseline 0.004 -22"><span class='ocrx_word' id='word_1_228' title='bbox 519 1827 729 1922; x_wconf 78' lang='grc' dir='ltr'>ἀπᾷδον</span> <span class='ocrx_word' id='word_1_229' title='bbox 774 1827 871 1919; x_wconf 71' lang='grc' dir='ltr'>τῆς</span> <span class='ocrx_word' id='word_1_230' title='bbox 923 1851 1152 1904; x_wconf 69' lang='grc' dir='ltr'>ἐκείνων</span> <span class='ocrx_word' id='word_1_231' title='bbox 1206 1852 1447 1915; x_wconf 85' lang='grc' dir='ltr'>διανοίας</span> <span class='ocrx_word' id='word_1_232' title='bbox 1501 1827 1927 1921; x_wconf 61' lang='grc' dir='ltr'>ἐπιδεικνύμεθα</span> <span class='ocrx_word' id='word_1_233' title='bbox 1966 1852 2092 1921; x_wconf 80' lang='grc' dir='ltr'>φρό-</span> <span class='ocrx_word' id='word_1_234' title='bbox 2126 1827 2167 1882; x_wconf 78' lang='grc' dir='ltr'><strong><em>Β</em></strong></span> <span class='ocrx_word' id='word_1_235' title='bbox 2200 1865 2284 1925; x_wconf 90' lang='lat' dir='ltr'><strong>pot</strong></span> 
     </span>
    </p>
   </div>
   <div class='ocr_carea' id='block_1_36' title="bbox 1996 1827 3761 1925">
    <p class='ocr_par' dir='ltr' id='par_1_36' title="bbox 1996 1827 3761 1925">
     <span class='ocr_line' id='line_1_36' title="bbox 1996 1827 3761 1925; baseline -0.005 -12"><span class='ocrx_word' id='word_1_236' title='bbox 1996 1852 2092 1921; x_wconf 69' lang='grc' dir='ltr'>’ρό-</span> <span class='ocrx_word' id='word_1_237' title='bbox 2126 1827 2167 1882; x_wconf 77' lang='grc' dir='ltr'><strong><em>Β</em></strong></span> <span class='ocrx_word' id='word_1_238' title='bbox 2200 1862 2545 1925; x_wconf 85' lang='lat' dir='ltr'><strong>potestatem.</strong></span> <span class='ocrx_word' id='word_1_239' title='bbox 2581 1856 2732 1911; x_wconf 85' lang='lat' dir='ltr'><strong>Alias</strong></span> <span class='ocrx_word' id='word_1_240' title='bbox 2776 1827 2955 1910; x_wconf 76' lang='lat' dir='ltr'><strong>autem</strong></span> <span class='ocrx_word' id='word_1_241' title='bbox 3008 1827 3331 1919; x_wconf 76' lang='lat' dir='ltr'><strong>doceantur,</strong></span> <span class='ocrx_word' id='word_1_242' title='bbox 3367 1871 3513 1910; x_wconf 92' lang='lat' dir='ltr'><strong>nunc</strong></span> <span class='ocrx_word' id='word_1_243' title='bbox 3543 1869 3761 1923; x_wconf 80' lang='lat' dir='ltr'><strong>quoque</strong></span> 
     </span>
    </p>
   </div>
   <div class='ocr_carea' id='block_1_37' title="bbox 520 1942 2094 2014">
    <p class='ocr_par' dir='ltr' id='par_1_37' title="bbox 520 1942 2094 2014">
     <span class='ocr_line' id='line_1_37' title="bbox 520 1942 2094 2014; baseline 0 -19"><span class='ocrx_word' id='word_1_244' title='bbox 520 1960 690 2011; x_wconf 88' lang='grc' dir='ltr'>νημα.</span> <span class='ocrx_word' id='word_1_245' title='bbox 735 1960 753 1993; x_wconf 74' lang='grc' dir='ltr'><strong>ι</strong></span> <span class='ocrx_word' id='word_1_246' title='bbox 803 1943 995 2011; x_wconf 79' lang='grc' dir='ltr'>Ἡμεῖς</span> <span class='ocrx_word' id='word_1_247' title='bbox 1041 1942 1298 1996; x_wconf 88' lang='grc' dir='ltr'>τοσοῦτον</span> <span class='ocrx_word' id='word_1_248' title='bbox 1324 1942 1571 2014; x_wconf 81' lang='grc' dir='ltr'>ἔγνωμεν</span> <span class='ocrx_word' id='word_1_249' title='bbox 1606 1944 1669 1996; x_wconf 81' lang='grc' dir='ltr'>ὲκ</span> <span class='ocrx_word' id='word_1_250' title='bbox 1700 1942 1808 1995; x_wconf 84' lang='grc' dir='ltr'>τῶν</span> <span class='ocrx_word' id='word_1_251' title='bbox 1836 1943 2094 2013; x_wconf 84' lang='grc' dir='ltr'>Πατέρων</span> 
     </span>
    </p>
   </div>
   <div class='ocr_carea' id='block_1_38' title="bbox 520 2033 2093 2105">
    <p class='ocr_par' dir='ltr' id='par_1_38' title="bbox 520 2033 2093 2105">
     <span class='ocr_line' id='line_1_38' title="bbox 520 2033 2093 2105; baseline -0.001 -18"><span class='ocrx_word' id='word_1_252' title='bbox 520 2036 583 2087; x_wconf 78' lang='grc' dir='ltr'><strong>τὸ</strong></span> <span class='ocrx_word' id='word_1_253' title='bbox 609 2034 905 2103; x_wconf 83' lang='grc' dir='ltr'>διάταγμα.</span> <span class='ocrx_word' id='word_1_254' title='bbox 936 2035 1048 2088; x_wconf 74' lang='grc' dir='ltr'><strong>Καὶ</strong></span> <span class='ocrx_word' id='word_1_255' title='bbox 1072 2033 1242 2098; x_wconf 76' lang='grc' dir='ltr'>οὕτως</span> <span class='ocrx_word' id='word_1_256' title='bbox 1269 2036 1577 2105; x_wconf 84' lang='grc' dir='ltr'>φρονοῦμεν</span> <span class='ocrx_word' id='word_1_257' title='bbox 1614 2033 2093 2097; x_wconf 76' lang='grc' dir='ltr'>ἐξακολουθοῦντες</span> 
     </span>
    </p>
   </div>
   <div class='ocr_carea' id='block_1_39' title="bbox 520 2124 2093 2194">
    <p class='ocr_par' dir='ltr' id='par_1_39' title="bbox 520 2124 2093 2194">
     <span class='ocr_line' id='line_1_39' title="bbox 520 2124 2093 2194; baseline -0.002 -16"><span class='ocrx_word' id='word_1_258' title='bbox 520 2128 636 2188; x_wconf 82' lang='grc' dir='ltr'>τοῖς</span> <span class='ocrx_word' id='word_1_259' title='bbox 698 2125 802 2179; x_wconf 70' lang='grc' dir='ltr'>ὑπὸ</span> <span class='ocrx_word' id='word_1_260' title='bbox 860 2125 971 2178; x_wconf 84' lang='grc' dir='ltr'>τῶν</span> <span class='ocrx_word' id='word_1_261' title='bbox 1030 2126 1203 2193; x_wconf 82' lang='grc' dir='ltr'>ἁγίων</span> <span class='ocrx_word' id='word_1_262' title='bbox 1256 2126 1594 2194; x_wconf 77' lang='grc' dir='ltr'>εἰρημένοις,</span> <span class='ocrx_word' id='word_1_263' title='bbox 1628 2124 1795 2193; x_wconf 81' lang='grc' dir='ltr'>μηδὲν</span> <span class='ocrx_word' id='word_1_264' title='bbox 1849 2124 1952 2190; x_wconf 72' lang='grc' dir='ltr'><strong>ἔξω</strong></span> <span class='ocrx_word' id='word_1_265' title='bbox 1985 2124 2093 2176; x_wconf 83' lang='grc' dir='ltr'><strong>τῶν</strong></span> 
     </span>
    </p>
   </div>
   <div class='ocr_carea' id='block_1_40' title="bbox 523 2214 2095 2286">
    <p class='ocr_par' dir='ltr' id='par_1_40' title="bbox 523 2214 2095 2286">
     <span class='ocr_line' id='line_1_40' title="bbox 523 2214 2095 2286; baseline -0.001 -19"><span class='ocrx_word' id='word_1_266' title='bbox 523 2216 978 2286; x_wconf 75' lang='grc' dir='ltr'>παραδεδομένων</span> <span class='ocrx_word' id='word_1_267' title='bbox 1026 2217 1159 2286; x_wconf 75' lang='grc' dir='ltr'>ἡμῖν</span> <span class='ocrx_word' id='word_1_268' title='bbox 1198 2215 1476 2278; x_wconf 85' lang='grc' dir='ltr'>ποιοῦντες</span> <span class='ocrx_word' id='word_1_269' title='bbox 1510 2214 1753 2285; x_wconf 85' lang='grc' dir='ltr'>(δηλοῦσι</span> <span class='ocrx_word' id='word_1_270' title='bbox 1802 2216 1911 2285; x_wconf 76' lang='grc' dir='ltr'>γὰρ</span> <span class='ocrx_word' id='word_1_271' title='bbox 1938 2217 2004 2268; x_wconf 67' lang='grc' dir='ltr'>τὰ</span> <span class='ocrx_word' id='word_1_272' title='bbox 2038 2217 2095 2266; x_wconf 76' lang='grc' dir='ltr'><strong>ἐν</strong></span> 
     </span>
    </p>
   </div>
   <div class='ocr_carea' id='block_1_41' title="bbox 524 2306 2096 2381">
    <p class='ocr_par' dir='ltr' id='par_1_41' title="bbox 524 2306 2096 2381">
     <span class='ocr_line' id='line_1_41' title="bbox 524 2306 2096 2381; baseline -0.003 -19"><span class='ocrx_word' id='word_1_273' title='bbox 524 2311 674 2380; x_wconf 76' lang='grc' dir='ltr'>πάσῃ</span> <span class='ocrx_word' id='word_1_274' title='bbox 711 2311 775 2379; x_wconf 81' lang='grc' dir='ltr'>τῇ</span> <span class='ocrx_word' id='word_1_275' title='bbox 828 2309 1093 2381; x_wconf 79' lang='grc' dir='ltr'>ὁμολογίᾳ</span> <span class='ocrx_word' id='word_1_276' title='bbox 1146 2308 1620 2379; x_wconf 82' lang='grc' dir='ltr'>ἀπολελογημένα,</span> <span class='ocrx_word' id='word_1_277' title='bbox 1662 2308 1734 2371; x_wconf 76' lang='grc' dir='ltr'>ὡς</span> <span class='ocrx_word' id='word_1_278' title='bbox 1766 2307 1912 2362; x_wconf 76' lang='grc' dir='ltr'>ἅπαν</span> <span class='ocrx_word' id='word_1_279' title='bbox 1945 2306 1973 2359; x_wconf 75' lang='grc' dir='ltr'><strong>ὅ</strong></span> <span class='ocrx_word' id='word_1_280' title='bbox 2008 2308 2096 2358; x_wconf 81' lang='grc' dir='ltr'><strong>λέ-</strong></span> 
     </span>
    </p>
   </div>
   <div class='ocr_carea' id='block_1_42' title="bbox 525 2400 2092 2472">
    <p class='ocr_par' dir='ltr' id='par_1_42' title="bbox 525 2400 2092 2472">
     <span class='ocr_line' id='line_1_42' title="bbox 525 2400 2092 2472; baseline -0.002 -19"><span class='ocrx_word' id='word_1_281' title='bbox 525 2416 694 2470; x_wconf 86' lang='grc' dir='ltr'>γομεν</span> <span class='ocrx_word' id='word_1_282' title='bbox 729 2404 829 2455; x_wconf 82' lang='grc' dir='ltr'><strong>οὐκ</strong></span> <span class='ocrx_word' id='word_1_283' title='bbox 864 2404 928 2455; x_wconf 83' lang='grc' dir='ltr'>ὲκ</span> <span class='ocrx_word' id='word_1_284' title='bbox 957 2403 1049 2454; x_wconf 84' lang='grc' dir='ltr'><strong>τοῦ</strong></span> <span class='ocrx_word' id='word_1_285' title='bbox 1079 2403 1351 2472; x_wconf 63' lang='grc' dir='ltr'>ἡμετέρου</span> <span class='ocrx_word' id='word_1_286' title='bbox 1398 2404 1748 2471; x_wconf 78' lang='grc' dir='ltr'>φρονήματός</span> <span class='ocrx_word' id='word_1_287' title='bbox 1779 2406 1948 2464; x_wconf 83' lang='grc' dir='ltr'>ἐστιν,</span> <span class='ocrx_word' id='word_1_288' title='bbox 1980 2400 2092 2451; x_wconf 78' lang='grc' dir='ltr'>ἀλλ’</span> 
     </span>
    </p>
   </div>
   <div class='ocr_carea' id='block_1_43' title="bbox 524 2493 2095 2563">
    <p class='ocr_par' dir='ltr' id='par_1_43' title="bbox 524 2493 2095 2563">
     <span class='ocr_line' id='line_1_43' title="bbox 524 2493 2095 2563; baseline -0.002 -17"><span class='ocrx_word' id='word_1_289' title='bbox 524 2496 590 2546; x_wconf 73' lang='grc' dir='ltr'>ὲκ</span> <span class='ocrx_word' id='word_1_290' title='bbox 622 2496 716 2563; x_wconf 85' lang='grc' dir='ltr'>τῆς</span> <span class='ocrx_word' id='word_1_291' title='bbox 752 2494 860 2546; x_wconf 77' lang='grc' dir='ltr'><strong>τῶν</strong></span> <span class='ocrx_word' id='word_1_292' title='bbox 889 2494 1159 2560; x_wconf 85' lang='grc' dir='ltr'>θεολόγων</span> <span class='ocrx_word' id='word_1_293' title='bbox 1211 2497 1304 2546; x_wconf 70' lang='grc' dir='ltr'><strong>καὶ</strong></span> <span class='ocrx_word' id='word_1_294' title='bbox 1337 2494 1509 2559; x_wconf 76' lang='grc' dir='ltr'>ἁγίων</span> <span class='ocrx_word' id='word_1_295' title='bbox 1545 2493 1807 2562; x_wconf 86' lang='grc' dir='ltr'>Πατὲρων</span> <span class='ocrx_word' id='word_1_296' title='bbox 1834 2493 2095 2544; x_wconf 80' lang='grc' dir='ltr'>διδασκα-</span> 
     </span>
    </p>
   </div>
   <div class='ocr_carea' id='block_1_44' title="bbox 525 2585 2097 2655">
    <p class='ocr_par' dir='ltr' id='par_1_44' title="bbox 525 2585 2097 2655">
     <span class='ocr_line' id='line_1_44' title="bbox 525 2585 2097 2655; baseline 0.001 -18"><span class='ocrx_word' id='word_1_297' title='bbox 525 2585 703 2655; x_wconf 82' lang='grc' dir='ltr'>λίας)·</span> <span class='ocrx_word' id='word_1_298' title='bbox 756 2585 925 2655; x_wconf 76' lang='grc' dir='ltr'>μηδὲν</span> <span class='ocrx_word' id='word_1_299' title='bbox 989 2587 1119 2639; x_wconf 78' lang='grc' dir='ltr'>ἄλλο</span> <span class='ocrx_word' id='word_1_300' title='bbox 1160 2604 1214 2639; x_wconf 89' lang='grc' dir='ltr'><strong>τι</strong></span> <span class='ocrx_word' id='word_1_301' title='bbox 1265 2589 1482 2654; x_wconf 78' lang='grc' dir='ltr'>φρονεῖν</span> <span class='ocrx_word' id='word_1_302' title='bbox 1539 2585 1835 2651; x_wconf 78' lang='grc' dir='ltr'>ἐθέλοντες,</span> <span class='ocrx_word' id='word_1_303' title='bbox 1870 2586 1899 2655; x_wconf 79' lang='grc' dir='ltr'>ἢ</span> <span class='ocrx_word' id='word_1_304' title='bbox 1941 2586 2013 2648; x_wconf 81' lang='grc' dir='ltr'><strong>ὡς</strong></span> <span class='ocrx_word' id='word_1_305' title='bbox 2046 2586 2097 2639; x_wconf 75' lang='grc' dir='ltr'>οἱ</span> 
     </span>
    </p>
   </div>
   <div class='ocr_carea' id='block_1_45' title="bbox 523 2676 2097 2745">
    <p class='ocr_par' dir='ltr' id='par_1_45' title="bbox 523 2676 2097 2745">
     <span class='ocr_line' id='line_1_45' title="bbox 523 2676 2097 2745; baseline 0.001 -18"><span class='ocrx_word' id='word_1_306' title='bbox 523 2678 924 2745; x_wconf 79' lang='grc' dir='ltr'>τρισμακάριοι</span> <span class='ocrx_word' id='word_1_307' title='bbox 999 2676 1239 2745; x_wconf 76' lang='grc' dir='ltr'>Πατέρες</span> <span class='ocrx_word' id='word_1_308' title='bbox 1295 2678 1384 2729; x_wconf 71' lang='grc' dir='ltr'><strong>καὶ</strong></span> <span class='ocrx_word' id='word_1_309' title='bbox 1444 2676 1755 2729; x_wconf 79' lang='grc' dir='ltr'>διδάσκαλοι</span> <span class='ocrx_word' id='word_1_310' title='bbox 1817 2676 1915 2744; x_wconf 83' lang='grc' dir='ltr'>τῆς</span> <span class='ocrx_word' id='word_1_311' title='bbox 1978 2677 2097 2729; x_wconf 82' lang='grc' dir='ltr'><strong>Ἐκ-</strong></span> 
     </span>
    </p>
   </div>
   <div class='ocr_carea' id='block_1_46' title="bbox 527 2765 2107 2837">
    <p class='ocr_par' dir='ltr' id='par_1_46' title="bbox 527 2765 2107 2837">
     <span class='ocr_line' id='line_1_46' title="bbox 527 2765 2107 2837; baseline 0.001 -19"><span class='ocrx_word' id='word_1_312' title='bbox 527 2767 758 2836; x_wconf 50' lang='lat' dir='ltr'><strong>adquia;</strong></span> <span class='ocrx_word' id='word_1_313' title='bbox 793 2767 1034 2837; x_wconf 78' lang='grc' dir='ltr'>Χριστοῦ</span> <span class='ocrx_word' id='word_1_314' title='bbox 1072 2768 1225 2837; x_wconf 82' lang='grc' dir='ltr'>παρὰ</span> <span class='ocrx_word' id='word_1_315' title='bbox 1258 2767 1353 2821; x_wconf 87' lang='grc' dir='ltr'><strong>τοῦ</strong></span> <span class='ocrx_word' id='word_1_316' title='bbox 1380 2765 1772 2837; x_wconf 80' lang='grc' dir='ltr'>τελεταρχικοῦ</span> <span class='ocrx_word' id='word_1_317' title='bbox 1815 2768 1912 2817; x_wconf 79' lang='grc' dir='ltr'>καὶ</span> <span class='ocrx_word' id='word_1_318' title='bbox 1959 2767 2107 2819; x_wconf 79' lang='grc' dir='ltr'>θείου</span> 
     </span>
    </p>
   </div>
   <div class='ocr_carea' id='block_1_47' title="bbox 530 2859 1707 2930">
    <p class='ocr_par' dir='ltr' id='par_1_47' title="bbox 530 2859 1707 2930">
     <span class='ocr_line' id='line_1_47' title="bbox 530 2859 1707 2930; baseline 0.003 -20"><span class='ocrx_word' id='word_1_319' title='bbox 530 2859 670 2911; x_wconf 87' lang='grc' dir='ltr'>Πνεύ</span> <span class='ocrx_word' id='word_1_320' title='bbox 680 2877 845 2928; x_wconf 82' lang='grc' dir='ltr'>ματος</span> <span class='ocrx_word' id='word_1_321' title='bbox 877 2860 1283 2930; x_wconf 56' lang='grc' dir='ltr'>ἐλλαμψθὲντες</span> <span class='ocrx_word' id='word_1_322' title='bbox 1316 2861 1707 2928; x_wconf 83' lang='grc' dir='ltr'>διετράνωσαν.</span> 
     </span>
    </p>
   </div>
   <div class='ocr_carea' id='block_1_48' title="bbox 2198 1944 3762 2016">
    <p class='ocr_par' dir='ltr' id='par_1_48' title="bbox 2198 1944 3762 2016">
     <span class='ocr_line' id='line_1_48' title="bbox 2198 1944 3762 2016; baseline -0.004 -17"><span class='ocrx_word' id='word_1_323' title='bbox 2198 1946 2381 2007; x_wconf 80' lang='lat' dir='ltr'><strong>litere.</strong></span> <span class='ocrx_word' id='word_1_324' title='bbox 2427 1952 2484 2000; x_wconf 91' lang='lat' dir='ltr'><strong>ut</strong></span> <span class='ocrx_word' id='word_1_325' title='bbox 2540 1945 2897 2016; x_wconf 76' lang='lat' dir='ltr'><strong>ambiguitate</strong></span> <span class='ocrx_word' id='word_1_326' title='bbox 2944 1954 3134 2001; x_wconf 78' lang='lat' dir='ltr'><strong>exorta</strong></span> <span class='ocrx_word' id='word_1_327' title='bbox 3189 1944 3411 1999; x_wconf 88' lang='lat' dir='ltr'><strong>Patrum</strong></span> <span class='ocrx_word' id='word_1_328' title='bbox 3439 1946 3762 2014; x_wconf 52' lang='lat' dir='ltr'><strong>interprets-</strong></span> 
     </span>
    </p>
   </div>
   <div class='ocr_carea' id='block_1_49' title="bbox 2198 2035 3757 2105">
    <p class='ocr_par' dir='ltr' id='par_1_49' title="bbox 2198 2035 3757 2105">
     <span class='ocr_line' id='line_1_49' title="bbox 2198 2035 3757 2105; baseline -0.002 -16"><span class='ocrx_word' id='word_1_329' title='bbox 2198 2035 2440 2090; x_wconf 82' lang='lat' dir='ltr'><strong>tionibus</strong></span> <span class='ocrx_word' id='word_1_330' title='bbox 2473 2045 2713 2090; x_wconf 89' lang='lat' dir='ltr'><strong>nostram</strong></span> <span class='ocrx_word' id='word_1_331' title='bbox 2751 2037 3120 2105; x_wconf 68' lang='lat' dir='ltr'><strong>adiungamus</strong></span> <span class='ocrx_word' id='word_1_332' title='bbox 3154 2037 3586 2101; x_wconf 80' lang='lat' dir='ltr'><strong>confessionem,</strong></span> <span class='ocrx_word' id='word_1_333' title='bbox 3638 2044 3757 2088; x_wconf 82' lang='lat' dir='ltr'><strong>tan-</strong></span> 
     </span>
    </p>
   </div>
   <div class='ocr_carea' id='block_1_50' title="bbox 2198 2126 3760 2197">
    <p class='ocr_par' dir='ltr' id='par_1_50' title="bbox 2198 2126 3760 2197">
     <span class='ocr_line' id='line_1_50' title="bbox 2198 2126 3760 2197; baseline -0.004 -17"><span class='ocrx_word' id='word_1_334' title='bbox 2198 2140 2360 2197; x_wconf 87' lang='lat' dir='ltr'><strong>quam</strong></span> <span class='ocrx_word' id='word_1_335' title='bbox 2392 2128 2485 2196; x_wconf 90' lang='lat' dir='ltr'><strong>qui</strong></span> <span class='ocrx_word' id='word_1_336' title='bbox 2539 2126 2595 2181; x_wconf 91' lang='lat' dir='ltr'><strong>in</strong></span> <span class='ocrx_word' id='word_1_337' title='bbox 2628 2127 2778 2182; x_wconf 84' lang='lat' dir='ltr'><strong>nullo</strong></span> <span class='ocrx_word' id='word_1_338' title='bbox 2818 2128 3126 2183; x_wconf 88' lang='lat' dir='ltr'><strong>discordem</strong></span> <span class='ocrx_word' id='word_1_339' title='bbox 3176 2128 3541 2197; x_wconf 61' lang='lat' dir='ltr'><strong>intelligentiae</strong></span> <span class='ocrx_word' id='word_1_340' title='bbox 3572 2142 3760 2180; x_wconf 84' lang='lat' dir='ltr'><strong>eorum</strong></span> 
     </span>
    </p>
   </div>
   <div class='ocr_carea' id='block_1_51' title="bbox 2199 2213 3762 2288">
    <p class='ocr_par' dir='ltr' id='par_1_51' title="bbox 2199 2213 3762 2288">
     <span class='ocr_line' id='line_1_51' title="bbox 2199 2213 3762 2288; baseline 0.001 -19"><span class='ocrx_word' id='word_1_341' title='bbox 2199 2213 2497 2269; x_wconf 87' lang='lat' dir='ltr'><strong>deferimus</strong></span> <span class='ocrx_word' id='word_1_342' title='bbox 2520 2218 2871 2272; x_wconf 79' lang='lat' dir='ltr'><strong>sententiam.</strong></span> <span class='ocrx_word' id='word_1_343' title='bbox 2905 2237 2922 2269; x_wconf 73' lang='grc' dir='ltr'><strong>ι</strong></span> <span class='ocrx_word' id='word_1_344' title='bbox 2956 2219 3067 2271; x_wconf 84' lang='lat' dir='ltr'><strong>Nos</strong></span> <span class='ocrx_word' id='word_1_345' title='bbox 3094 2217 3147 2271; x_wconf 89' lang='lat' dir='ltr'><strong>itt</strong></span> <span class='ocrx_word' id='word_1_346' title='bbox 3175 2226 3382 2272; x_wconf 85' lang='lat' dir='ltr'><strong>tantum</strong></span> <span class='ocrx_word' id='word_1_347' title='bbox 3406 2219 3762 2288; x_wconf 73' lang='lat' dir='ltr'><strong>cognovimus</strong></span> 
     </span>
    </p>
   </div>
   <div class='ocr_carea' id='block_1_52' title="bbox 2203 2306 3761 2378">
    <p class='ocr_par' dir='ltr' id='par_1_52' title="bbox 2203 2306 3761 2378">
     <span class='ocr_line' id='line_1_52' title="bbox 2203 2306 3761 2378; baseline 0.003 -20"><span class='ocrx_word' id='word_1_348' title='bbox 2203 2320 2267 2359; x_wconf 83' lang='lat' dir='ltr'><strong>ex</strong></span> <span class='ocrx_word' id='word_1_349' title='bbox 2304 2306 2561 2361; x_wconf 51' lang='lat' dir='ltr'><strong>Patt‘ibus</strong></span> <span class='ocrx_word' id='word_1_350' title='bbox 2600 2319 2956 2378; x_wconf 64' lang='lat' dir='ltr'><strong>praeceptum.</strong></span> <span class='ocrx_word' id='word_1_351' title='bbox 2998 2310 3065 2363; x_wconf 86' lang='lat' dir='ltr'><strong>Et</strong></span> <span class='ocrx_word' id='word_1_352' title='bbox 3115 2310 3195 2365; x_wconf 89' lang='lat' dir='ltr'><strong>sic</strong></span> <span class='ocrx_word' id='word_1_353' title='bbox 3236 2326 3335 2365; x_wconf 89' lang='lat' dir='ltr'><strong>nos</strong></span> <span class='ocrx_word' id='word_1_354' title='bbox 3378 2310 3638 2363; x_wconf 84' lang='lat' dir='ltr'><strong>sentimus</strong></span> <span class='ocrx_word' id='word_1_355' title='bbox 3673 2324 3761 2362; x_wconf 85' lang='lat' dir='ltr'><strong>se-</strong></span> 
     </span>
    </p>
   </div>
   <div class='ocr_carea' id='block_1_53' title="bbox 2203 2402 3759 2471">
    <p class='ocr_par' dir='ltr' id='par_1_53' title="bbox 2203 2402 3759 2471">
     <span class='ocr_line' id='line_1_53' title="bbox 2203 2402 3759 2471; baseline 0.001 -18"><span class='ocrx_word' id='word_1_356' title='bbox 2203 2407 2437 2469; x_wconf 88' lang='lat' dir='ltr'><strong>quentes</strong></span> <span class='ocrx_word' id='word_1_357' title='bbox 2467 2402 2613 2453; x_wconf 88' lang='lat' dir='ltr'><strong>dicta</strong></span> <span class='ocrx_word' id='word_1_358' title='bbox 2650 2410 2991 2465; x_wconf 87' lang='lat' dir='ltr'><strong>sanctorum,</strong></span> <span class='ocrx_word' id='word_1_359' title='bbox 3023 2403 3156 2455; x_wconf 84' lang='lat' dir='ltr'><strong>nihil</strong></span> <span class='ocrx_word' id='word_1_360' title='bbox 3198 2411 3391 2471; x_wconf 69' lang='lat' dir='ltr'><strong>praater</strong></span> <span class='ocrx_word' id='word_1_361' title='bbox 3422 2418 3483 2455; x_wconf 87' lang='lat' dir='ltr'><strong>ea</strong></span> <span class='ocrx_word' id='word_1_362' title='bbox 3512 2416 3631 2471; x_wconf 72' lang='lat' dir='ltr'><strong>qua:</strong></span> <span class='ocrx_word' id='word_1_363' title='bbox 3667 2416 3759 2454; x_wconf 91' lang='lat' dir='ltr'><strong>no-</strong></span> 
     </span>
    </p>
   </div>
   <div class='ocr_carea' id='block_1_54' title="bbox 2205 2492 3764 2564">
    <p class='ocr_par' dir='ltr' id='par_1_54' title="bbox 2205 2492 3764 2564">
     <span class='ocr_line' id='line_1_54' title="bbox 2205 2492 3764 2564; baseline -0.001 -18"><span class='ocrx_word' id='word_1_364' title='bbox 2205 2494 2290 2547; x_wconf 88' lang='lat' dir='ltr'><strong>bis</strong></span> <span class='ocrx_word' id='word_1_365' title='bbox 2334 2492 2528 2546; x_wconf 87' lang='lat' dir='ltr'><strong>tradita</strong></span> <span class='ocrx_word' id='word_1_366' title='bbox 2569 2505 2694 2547; x_wconf 89' lang='lat' dir='ltr'><strong>sunt</strong></span> <span class='ocrx_word' id='word_1_367' title='bbox 2725 2494 2989 2549; x_wconf 84' lang='lat' dir='ltr'><strong>facientes</strong></span> <span class='ocrx_word' id='word_1_368' title='bbox 3041 2494 3126 2564; x_wconf 88' lang='lat' dir='ltr'><strong>(ea</strong></span> <span class='ocrx_word' id='word_1_369' title='bbox 3178 2496 3320 2548; x_wconf 87' lang='lat' dir='ltr'><strong>enim</strong></span> <span class='ocrx_word' id='word_1_370' title='bbox 3356 2511 3476 2564; x_wconf 79' lang='lat' dir='ltr'><strong>qua:</strong></span> <span class='ocrx_word' id='word_1_371' title='bbox 3544 2496 3594 2547; x_wconf 87' lang='lat' dir='ltr'><strong>in</strong></span> <span class='ocrx_word' id='word_1_372' title='bbox 3655 2503 3764 2548; x_wconf 86' lang='lat' dir='ltr'><strong>tota</strong></span> 
     </span>
    </p>
   </div>
   <div class='ocr_carea' id='block_1_55' title="bbox 2206 2583 3768 2654">
    <p class='ocr_par' dir='ltr' id='par_1_55' title="bbox 2206 2583 3768 2654">
     <span class='ocr_line' id='line_1_55' title="bbox 2206 2583 3768 2654; baseline 0.004 -17"><span class='ocrx_word' id='word_1_373' title='bbox 2206 2583 2549 2639; x_wconf 88' lang='lat' dir='ltr'><strong>confessione</strong></span> <span class='ocrx_word' id='word_1_374' title='bbox 2577 2600 2676 2654; x_wconf 91' lang='lat' dir='ltr'><strong>pro</strong></span> <span class='ocrx_word' id='word_1_375' title='bbox 2725 2585 3043 2642; x_wconf 86' lang='lat' dir='ltr'><strong>defensione</strong></span> <span class='ocrx_word' id='word_1_376' title='bbox 3087 2589 3249 2642; x_wconf 83' lang='lat' dir='ltr'><strong>allata</strong></span> <span class='ocrx_word' id='word_1_377' title='bbox 3297 2598 3424 2642; x_wconf 89' lang='lat' dir='ltr'><strong>sunt</strong></span> <span class='ocrx_word' id='word_1_378' title='bbox 3466 2589 3768 2649; x_wconf 81' lang='lat' dir='ltr'><strong>declarant.</strong></span> 
     </span>
    </p>
   </div>
   <div class='ocr_carea' id='block_1_56' title="bbox 2208 2676 3769 2745">
    <p class='ocr_par' dir='ltr' id='par_1_56' title="bbox 2208 2676 3769 2745">
     <span class='ocr_line' id='line_1_56' title="bbox 2208 2676 3769 2745; baseline 0.006 -15"><span class='ocrx_word' id='word_1_379' title='bbox 2208 2689 2372 2730; x_wconf 91' lang='lat' dir='ltr'><strong>omne</strong></span> <span class='ocrx_word' id='word_1_380' title='bbox 2400 2677 2542 2745; x_wconf 88' lang='lat' dir='ltr'><strong>quod</strong></span> <span class='ocrx_word' id='word_1_381' title='bbox 2580 2676 2840 2743; x_wconf 87' lang='lat' dir='ltr'><strong>dicimus,</strong></span> <span class='ocrx_word' id='word_1_382' title='bbox 2887 2694 2994 2732; x_wconf 81' lang='lat' dir='ltr'><strong>non</strong></span> <span class='ocrx_word' id='word_1_383' title='bbox 3043 2694 3108 2735; x_wconf 81' lang='lat' dir='ltr'><strong>ex</strong></span> <span class='ocrx_word' id='word_1_384' title='bbox 3152 2690 3340 2736; x_wconf 89' lang='lat' dir='ltr'><strong>nostra</strong></span> <span class='ocrx_word' id='word_1_385' title='bbox 3386 2699 3507 2739; x_wconf 89' lang='lat' dir='ltr'><strong>esse</strong></span> <span class='ocrx_word' id='word_1_386' title='bbox 3550 2697 3769 2741; x_wconf 86' lang='lat' dir='ltr'><strong>sentcn-</strong></span> 
     </span>
    </p>
   </div>
   <div class='ocr_carea' id='block_1_57' title="bbox 2204 2768 3770 2841">
    <p class='ocr_par' dir='ltr' id='par_1_57' title="bbox 2204 2768 3770 2841">
     <span class='ocr_line' id='line_1_57' title="bbox 2204 2768 3770 2841; baseline 0.006 -19"><span class='ocrx_word' id='word_1_387' title='bbox 2204 2768 2300 2832; x_wconf 89' lang='lat' dir='ltr'><strong>tia,</strong></span> <span class='ocrx_word' id='word_1_388' title='bbox 2331 2768 2426 2822; x_wconf 89' lang='lat' dir='ltr'><strong>sed</strong></span> <span class='ocrx_word' id='word_1_389' title='bbox 2486 2783 2553 2822; x_wconf 77' lang='lat' dir='ltr'><strong>ex</strong></span> <span class='ocrx_word' id='word_1_390' title='bbox 2609 2770 2855 2824; x_wconf 87' lang='lat' dir='ltr'><strong>doctrina</strong></span> <span class='ocrx_word' id='word_1_391' title='bbox 2915 2771 3296 2841; x_wconf 79' lang='lat' dir='ltr'><strong>theologorum</strong></span> <span class='ocrx_word' id='word_1_392' title='bbox 3348 2791 3409 2830; x_wconf 87' lang='lat' dir='ltr'><strong>ac</strong></span> <span class='ocrx_word' id='word_1_393' title='bbox 3452 2787 3770 2832; x_wconf 84' lang='lat' dir='ltr'><strong>sanctorum</strong></span> 
     </span>
    </p>
   </div>
   <div class='ocr_carea' id='block_1_58' title="bbox 2206 2857 3769 2950">
    <p class='ocr_par' dir='ltr' id='par_1_58' title="bbox 2206 2857 3769 2950">
     <span class='ocr_line' id='line_1_58' title="bbox 2206 2857 3769 2950; baseline 0.006 -38"><span class='ocrx_word' id='word_1_394' title='bbox 2206 2857 2483 2931; x_wconf 86' lang='lat' dir='ltr'><strong>Patrum),</strong></span> <span class='ocrx_word' id='word_1_395' title='bbox 2516 2860 2651 2914; x_wconf 85' lang='lat' dir='ltr'><strong>nihil</strong></span> <span class='ocrx_word' id='word_1_396' title='bbox 2716 2861 2861 2915; x_wconf 84' lang='lat' dir='ltr'><strong>aliud</strong></span> <span class='ocrx_word' id='word_1_397' title='bbox 2922 2862 3199 2933; x_wconf 85' lang='lat' dir='ltr'><strong>quidpiam</strong></span> <span class='ocrx_word' id='word_1_398' title='bbox 3266 2867 3474 2921; x_wconf 89' lang='lat' dir='ltr'><strong>sentire</strong></span> <span class='ocrx_word' id='word_1_399' title='bbox 3504 2868 3769 2950; x_wconf 55' lang='lat' dir='ltr'><strong>volentes.</strong></span> 
     </span>
    </p>
   </div>
   <div class='ocr_carea' id='block_1_59' title="bbox 529 2947 3772 3026">
    <p class='ocr_par' dir='ltr' id='par_1_59' title="bbox 529 2947 3772 3026">
     <span class='ocr_line' id='line_1_59' title="bbox 529 2947 3772 3026; baseline 0.003 -21"><span class='ocrx_word' id='word_1_400' title='bbox 529 2953 635 3006; x_wconf 88' lang='lat' dir='ltr'><strong>nisi</strong></span> <span class='ocrx_word' id='word_1_401' title='bbox 666 2952 811 3007; x_wconf 83' lang='lat' dir='ltr'><strong>sicut</strong></span> <span class='ocrx_word' id='word_1_402' title='bbox 859 2963 941 3007; x_wconf 86' lang='lat' dir='ltr'><strong>ter</strong></span> <span class='ocrx_word' id='word_1_403' title='bbox 987 2952 1131 3007; x_wconf 87' lang='lat' dir='ltr'><strong>beati</strong></span> <span class='ocrx_word' id='word_1_404' title='bbox 1181 2951 1371 3007; x_wconf 81' lang='lat' dir='ltr'><strong>Patres</strong></span> <span class='ocrx_word' id='word_1_405' title='bbox 1420 2966 1485 3006; x_wconf 90' lang='lat' dir='ltr'><strong>ac</strong></span> <span class='ocrx_word' id='word_1_406' title='bbox 1540 2950 1794 3005; x_wconf 87' lang='lat' dir='ltr'><strong>doctores</strong></span> <span class='ocrx_word' id='word_1_407' title='bbox 1832 2947 2093 3005; x_wconf 70' lang='lat' dir='ltr'><strong>Ecclesiae</strong></span> <span class='ocrx_word' id='word_1_408' title='bbox 2126 2948 2333 3006; x_wconf 87' lang='lat' dir='ltr'><strong>Christi</strong></span> <span class='ocrx_word' id='word_1_409' title='bbox 2429 2965 2459 3005; x_wconf 88' lang='lat' dir='ltr'><strong>a</strong></span> <span class='ocrx_word' id='word_1_410' title='bbox 2516 2948 2722 3019; x_wconf 88' lang='lat' dir='ltr'><strong>Spiritu</strong></span> <span class='ocrx_word' id='word_1_411' title='bbox 2789 2954 2974 3009; x_wconf 85' lang='lat' dir='ltr'><strong>divino</strong></span> <span class='ocrx_word' id='word_1_412' title='bbox 3061 2955 3356 3026; x_wconf 84' lang='lat' dir='ltr'><strong>perfectam</strong></span> <span class='ocrx_word' id='word_1_413' title='bbox 3406 2947 3772 3016; x_wconf 72' lang='lat' dir='ltr'><strong>iuitiationeui</strong></span> 
     </span>
    </p>
   </div>
   <div class='ocr_carea' id='block_1_60' title="bbox 482 3038 2222 3111">
    <p class='ocr_par' dir='ltr' id='par_1_60' title="bbox 482 3038 2222 3111">
     <span class='ocr_line' id='line_1_60' title="bbox 482 3038 2222 3111; baseline -0.001 -14"><span class='ocrx_word' id='word_1_414' title='bbox 482 3038 486 3041; x_wconf 18' lang='grc' dir='ltr'><strong>Α</strong></span> <span class='ocrx_word' id='word_1_415' title='bbox 531 3046 805 3100; x_wconf 85' lang='lat' dir='ltr'><strong>tribuente</strong></span> <span class='ocrx_word' id='word_1_416' title='bbox 854 3044 1149 3099; x_wconf 86' lang='lat' dir='ltr'><strong>illuminati</strong></span> <span class='ocrx_word' id='word_1_417' title='bbox 1201 3044 1573 3100; x_wconf 87' lang='lat' dir='ltr'><strong>dilucidaruut</strong></span> <span class='ocrx_word' id='word_1_418' title='bbox 1625 3050 1788 3111; x_wconf 87' lang='lat' dir='ltr'><strong>atque</strong></span> <span class='ocrx_word' id='word_1_419' title='bbox 1834 3040 2222 3110; x_wconf 82' lang='lat' dir='ltr'><strong>explanarunt.</strong></span> 
     </span>
    </p>
   </div>
   <div class='ocr_carea' id='block_1_61' title="bbox 1178 3139 1458 3193">
    <p class='ocr_par' dir='ltr' id='par_1_61' title="bbox 1178 3139 1458 3193">
     <span class='ocr_line' id='line_1_61' title="bbox 1178 3139 1458 3193; baseline 0.004 -1"><span class='ocrx_word' id='word_1_420' title='bbox 1178 3140 1261 3192; x_wconf 85' lang='grc' dir='ltr'><strong>ΕΦ</strong></span> <span class='ocrx_word' id='word_1_421' title='bbox 1269 3140 1388 3193; x_wconf 75' lang='grc' dir='ltr'><strong>[ΞΣο</strong></span> <span class='ocrx_word' id='word_1_422' title='bbox 1396 3139 1458 3193; x_wconf 85' lang='grc' dir='ltr'><strong>Υ.</strong></span> 
     </span>
    </p>
   </div>
   <div class='ocr_carea' id='block_1_62' title="bbox 605 3234 2103 3307">
    <p class='ocr_par' dir='ltr' id='par_1_62' title="bbox 605 3234 2103 3307">
     <span class='ocr_line' id='line_1_62' title="bbox 605 3234 2103 3307; baseline -0.002 -17"><span class='ocrx_word' id='word_1_423' title='bbox 605 3237 826 3290; x_wconf 78' lang='grc' dir='ltr'>Τούτων</span> <span class='ocrx_word' id='word_1_424' title='bbox 858 3234 950 3288; x_wconf 83' lang='grc' dir='ltr'><strong>οῦν</strong></span> <span class='ocrx_word' id='word_1_425' title='bbox 998 3235 1077 3304; x_wconf 76' lang='grc'><strong>(5)</strong></span> <span class='ocrx_word' id='word_1_426' title='bbox 1118 3234 1229 3303; x_wconf 78' lang='grc' dir='ltr'>ἐγὼ</span> <span class='ocrx_word' id='word_1_427' title='bbox 1261 3237 1476 3292; x_wconf 76' lang='grc' dir='ltr'>πάντων</span> <span class='ocrx_word' id='word_1_428' title='bbox 1521 3238 1940 3307; x_wconf 73' lang='grc' dir='ltr'>καταφρονήσας</span> <span class='ocrx_word' id='word_1_429' title='bbox 1971 3237 2103 3288; x_wconf 77' lang='grc' dir='ltr'>ἀκοο</span> 
     </span>
    </p>
   </div>
   <div class='ocr_carea' id='block_1_63' title="bbox 535 3326 2102 3397">
    <p class='ocr_par' dir='ltr' id='par_1_63' title="bbox 535 3326 2102 3397">
     <span class='ocr_line' id='line_1_63' title="bbox 535 3326 2102 3397; baseline -0.001 -18"><span class='ocrx_word' id='word_1_430' title='bbox 535 3326 787 3397; x_wconf 81' lang='grc' dir='ltr'>λουθήσω</span> <span class='ocrx_word' id='word_1_431' title='bbox 815 3328 925 3387; x_wconf 88' lang='grc' dir='ltr'>τοῖς</span> <span class='ocrx_word' id='word_1_432' title='bbox 959 3328 1017 3378; x_wconf 82' lang='grc' dir='ltr'>ὲν</span> <span class='ocrx_word' id='word_1_433' title='bbox 1057 3327 1410 3395; x_wconf 79' lang='grc' dir='ltr'>προσχήματι</span> <span class='ocrx_word' id='word_1_434' title='bbox 1454 3327 1845 3396; x_wconf 80' lang='grc' dir='ltr'>πεπλασμένης</span> <span class='ocrx_word' id='word_1_435' title='bbox 1882 3328 2102 3396; x_wconf 78' lang='grc' dir='ltr'>εἰρήνης</span> 
     </span>
    </p>
   </div>
   <div class='ocr_carea' id='block_1_64' title="bbox 534 3416 2106 3487">
    <p class='ocr_par' dir='ltr' id='par_1_64' title="bbox 534 3416 2106 3487">
     <span class='ocr_line' id='line_1_64' title="bbox 534 3416 2106 3487; baseline -0.003 -15"><span class='ocrx_word' id='word_1_436' title='bbox 534 3418 799 3487; x_wconf 68' lang='grc' dir='ltr'>ινωθῆναι</span> <span class='ocrx_word' id='word_1_437' title='bbox 830 3417 1133 3480; x_wconf 83' lang='grc' dir='ltr'>κελεύουσι,</span> <span class='ocrx_word' id='word_1_438' title='bbox 1160 3418 1269 3477; x_wconf 88' lang='grc' dir='ltr'>τοῖς</span> <span class='ocrx_word' id='word_1_439' title='bbox 1294 3419 1352 3469; x_wconf 79' lang='grc' dir='ltr'>τὸ</span> <span class='ocrx_word' id='word_1_440' title='bbox 1385 3417 1528 3486; x_wconf 64' lang='grc' dir='ltr'>ίερδν</span> <span class='ocrx_word' id='word_1_441' title='bbox 1558 3419 1651 3469; x_wconf 73' lang='grc' dir='ltr'>καὶ</span> <span class='ocrx_word' id='word_1_442' title='bbox 1682 3417 1758 3485; x_wconf 68' lang='grc'><strong>(4)</strong></span> <span class='ocrx_word' id='word_1_443' title='bbox 1792 3420 1936 3469; x_wconf 84' lang='grc' dir='ltr'>θεῖον</span> <span class='ocrx_word' id='word_1_444' title='bbox 1966 3416 2106 3484; x_wconf 82' lang='grc' dir='ltr'>σύμ-</span> 
     </span>
    </p>
   </div>
   <div class='ocr_carea' id='block_1_65' title="bbox 537 3507 2105 3579">
    <p class='ocr_par' dir='ltr' id='par_1_65' title="bbox 537 3507 2105 3579">
     <span class='ocr_line' id='line_1_65' title="bbox 537 3507 2105 3579; baseline -0.003 -16"><span class='ocrx_word' id='word_1_445' title='bbox 537 3511 694 3563; x_wconf 76' lang='grc' dir='ltr'>ϐολον</span> <span class='ocrx_word' id='word_1_446' title='bbox 752 3509 1132 3578; x_wconf 80' lang='grc' dir='ltr'>κιϐδηλεύουσι</span> <span class='ocrx_word' id='word_1_447' title='bbox 1188 3508 1292 3579; x_wconf 87' lang='grc'><strong>(5),</strong></span> <span class='ocrx_word' id='word_1_448' title='bbox 1327 3508 1420 3560; x_wconf 75' lang='grc' dir='ltr'><strong>καὶ</strong></span> <span class='ocrx_word' id='word_1_449' title='bbox 1462 3508 1552 3559; x_wconf 83' lang='grc' dir='ltr'><strong>τὸν</strong></span> <span class='ocrx_word' id='word_1_450' title='bbox 1584 3508 1709 3561; x_wconf 81' lang='grc' dir='ltr'>Υἱὺν</span> <span class='ocrx_word' id='word_1_451' title='bbox 1753 3507 2105 3575; x_wconf 70' lang='grc' dir='ltr'>ἐπεισάγουσι</span> 
     </span>
    </p>
   </div>
   <div class='ocr_carea' id='block_1_66' title="bbox 538 3600 2106 3671">
    <p class='ocr_par' dir='ltr' id='par_1_66' title="bbox 538 3600 2106 3671">
     <span class='ocr_line' id='line_1_66' title="bbox 538 3600 2106 3671; baseline -0.003 -16"><span class='ocrx_word' id='word_1_452' title='bbox 538 3603 793 3671; x_wconf 83' lang='grc' dir='ltr'>δεύτερον</span> <span class='ocrx_word' id='word_1_453' title='bbox 848 3602 1022 3656; x_wconf 80' lang='grc' dir='ltr'>αἴτιον</span> <span class='ocrx_word' id='word_1_454' title='bbox 1078 3602 1171 3654; x_wconf 81' lang='grc' dir='ltr'><strong>τοῦ</strong></span> <span class='ocrx_word' id='word_1_455' title='bbox 1236 3602 1395 3670; x_wconf 89' lang='grc' dir='ltr'>ἁγίου</span> <span class='ocrx_word' id='word_1_456' title='bbox 1451 3600 1800 3670; x_wconf 81' lang='grc' dir='ltr'>Πνεύματος;</span> <span class='ocrx_word' id='word_1_457' title='bbox 1860 3600 1941 3653; x_wconf 83' lang='grc' dir='ltr'><strong>Τὰ</strong></span> <span class='ocrx_word' id='word_1_458' title='bbox 1998 3600 2106 3667; x_wconf 81' lang='grc' dir='ltr'><strong>γὰρ</strong></span> 
     </span>
    </p>
   </div>
   <div class='ocr_carea' id='block_1_67' title="bbox 538 3687 2108 3763">
    <p class='ocr_par' dir='ltr' id='par_1_67' title="bbox 538 3687 2108 3763">
     <span class='ocr_line' id='line_1_67' title="bbox 538 3687 2108 3763; baseline 0 -18"><span class='ocrx_word' id='word_1_459' title='bbox 538 3696 706 3748; x_wconf 78' lang='grc' dir='ltr'>λοιπᾶ</span> <span class='ocrx_word' id='word_1_460' title='bbox 768 3696 873 3749; x_wconf 83' lang='grc' dir='ltr'><strong>τῶν</strong></span> <span class='ocrx_word' id='word_1_461' title='bbox 933 3696 1303 3762; x_wconf 77' lang='grc' dir='ltr'>ἀτοπημάτων</span> <span class='ocrx_word' id='word_1_462' title='bbox 1358 3696 1430 3747; x_wconf 75' lang='grc' dir='ltr'><strong>ἐῶ</strong></span> <span class='ocrx_word' id='word_1_463' title='bbox 1479 3697 1539 3747; x_wconf 87' lang='grc' dir='ltr'><strong>τό</strong></span> <span class='ocrx_word' id='word_1_464' title='bbox 1584 3711 1647 3763; x_wconf 81' lang='grc' dir='ltr'><strong>γε</strong></span> <span class='ocrx_word' id='word_1_465' title='bbox 1686 3693 1782 3747; x_wconf 86' lang='grc' dir='ltr'><strong>νῦν</strong></span> <span class='ocrx_word' id='word_1_466' title='bbox 1833 3694 1997 3763; x_wconf 75' lang='grc' dir='ltr'>ἔχονο</span> <span class='ocrx_word' id='word_1_467' title='bbox 2034 3687 2108 3746; x_wconf 83' lang='grc' dir='ltr'>ὧν</span> 
     </span>
    </p>
   </div>
   <div class='ocr_carea' id='block_1_68' title="bbox 540 3782 2107 3857">
    <p class='ocr_par' dir='ltr' id='par_1_68' title="bbox 540 3782 2107 3857">
     <span class='ocr_line' id='line_1_68' title="bbox 540 3782 2107 3857; baseline -0.001 -18"><span class='ocrx_word' id='word_1_468' title='bbox 540 3789 632 3839; x_wconf 74' lang='grc' dir='ltr'><strong>καὶ</strong></span> <span class='ocrx_word' id='word_1_469' title='bbox 682 3787 740 3839; x_wconf 79' lang='grc' dir='ltr'>ἓν</span> <span class='ocrx_word' id='word_1_470' title='bbox 792 3789 951 3857; x_wconf 73' lang='grc' dir='ltr'>μόνον</span> <span class='ocrx_word' id='word_1_471' title='bbox 1004 3786 1184 3840; x_wconf 83' lang='grc' dir='ltr'>ίκανὸν</span> <span class='ocrx_word' id='word_1_472' title='bbox 1214 3782 1283 3857; x_wconf 77' lang='grc' dir='ltr'>ἦν</span> <span class='ocrx_word' id='word_1_473' title='bbox 1311 3787 1457 3855; x_wconf 80' lang='grc' dir='ltr'>ἡμᾶς</span> <span class='ocrx_word' id='word_1_474' title='bbox 1486 3785 1544 3850; x_wconf 76' lang='grc' dir='ltr'>ἐξ</span> <span class='ocrx_word' id='word_1_475' title='bbox 1576 3785 1757 3839; x_wconf 79' lang='grc' dir='ltr'>αὐτῶν</span> <span class='ocrx_word' id='word_1_476' title='bbox 1791 3783 2107 3853; x_wconf 83' lang='grc' dir='ltr'>διαστῆσαι.</span> 
     </span>
    </p>
   </div>
   <div class='ocr_carea' id='block_1_69' title="bbox 541 3875 2110 3947">
    <p class='ocr_par' dir='ltr' id='par_1_69' title="bbox 541 3875 2110 3947">
     <span class='ocr_line' id='line_1_69' title="bbox 541 3875 2110 3947; baseline -0.004 -14"><span class='ocrx_word' id='word_1_477' title='bbox 541 3878 634 3947; x_wconf 81' lang='grc' dir='ltr'><strong>Μὴ</strong></span> <span class='ocrx_word' id='word_1_478' title='bbox 657 3878 888 3947; x_wconf 74' lang='grc' dir='ltr'>πάθοιμι</span> <span class='ocrx_word' id='word_1_479' title='bbox 915 3878 1075 3931; x_wconf 75' lang='grc' dir='ltr'>τοῦτο</span> <span class='ocrx_word' id='word_1_480' title='bbox 1109 3895 1265 3940; x_wconf 78' lang='grc' dir='ltr'>ποτε,</span> <span class='ocrx_word' id='word_1_481' title='bbox 1293 3877 1620 3947; x_wconf 84' lang='grc' dir='ltr'>Παράκλητε</span> <span class='ocrx_word' id='word_1_482' title='bbox 1645 3875 1839 3945; x_wconf 82' lang='grc' dir='ltr'>ἀγαθὲ,</span> <span class='ocrx_word' id='word_1_483' title='bbox 1866 3875 1990 3946; x_wconf 84' lang='grc' dir='ltr'>μηδ’</span> <span class='ocrx_word' id='word_1_484' title='bbox 2018 3875 2110 3927; x_wconf 81' lang='grc' dir='ltr'>οὒ-</span> 
     </span>
    </p>
   </div>
   <div class='ocr_carea' id='block_1_70' title="bbox 538 3968 2114 4040">
    <p class='ocr_par' dir='ltr' id='par_1_70' title="bbox 538 3968 2114 4040">
     <span class='ocr_line' id='line_1_70' title="bbox 538 3968 2114 4040; baseline -0.001 -19"><span class='ocrx_word' id='word_1_485' title='bbox 538 3988 646 4032; x_wconf 68' lang='lat' dir='ltr'><strong>1w;</strong></span> <span class='ocrx_word' id='word_1_486' title='bbox 675 3969 916 4040; x_wconf 81' lang='grc' dir='ltr'>ἐμαυτοῦ</span> <span class='ocrx_word' id='word_1_487' title='bbox 950 3970 1045 4021; x_wconf 76' lang='grc' dir='ltr'>καὶ</span> <span class='ocrx_word' id='word_1_488' title='bbox 1077 3968 1184 4021; x_wconf 84' lang='grc' dir='ltr'>τῶν</span> <span class='ocrx_word' id='word_1_489' title='bbox 1216 3969 1569 4039; x_wconf 69' lang='grc' dir='ltr'>καθηκόντων</span> <span class='ocrx_word' id='word_1_490' title='bbox 1596 3968 1879 4037; x_wconf 85' lang='grc' dir='ltr'>λογισμῶν</span> <span class='ocrx_word' id='word_1_491' title='bbox 1905 3969 2114 4021; x_wconf 83' lang='grc' dir='ltr'>ἀποπέ-</span> 
     </span>
    </p>
   </div>
   <div class='ocr_carea' id='block_1_71' title="bbox 542 4060 2111 4130">
    <p class='ocr_par' dir='ltr' id='par_1_71' title="bbox 542 4060 2111 4130">
     <span class='ocr_line' id='line_1_71' title="bbox 542 4060 2111 4130; baseline 0 -17"><span class='ocrx_word' id='word_1_492' title='bbox 542 4080 716 4129; x_wconf 79' lang='grc' dir='ltr'>σοιμι.</span> <span class='ocrx_word' id='word_1_493' title='bbox 754 4064 853 4129; x_wconf 81' lang='grc' dir='ltr'>τῆς</span> <span class='ocrx_word' id='word_1_494' title='bbox 908 4061 964 4114; x_wconf 81' lang='grc' dir='ltr'><strong>δὲ</strong></span> <span class='ocrx_word' id='word_1_495' title='bbox 1024 4063 1122 4130; x_wconf 77' lang='grc' dir='ltr'>σῆς</span> <span class='ocrx_word' id='word_1_496' title='bbox 1166 4060 1514 4123; x_wconf 81' lang='grc' dir='ltr'>διδασκαλίας</span> <span class='ocrx_word' id='word_1_497' title='bbox 1568 4062 1663 4114; x_wconf 79' lang='grc' dir='ltr'><strong>καὶ</strong></span> <span class='ocrx_word' id='word_1_498' title='bbox 1718 4060 1827 4115; x_wconf 82' lang='grc' dir='ltr'><strong>τῶν</strong></span> <span class='ocrx_word' id='word_1_499' title='bbox 1868 4060 1973 4115; x_wconf 80' lang='grc' dir='ltr'>ὑπὸ</span> <span class='ocrx_word' id='word_1_500' title='bbox 2017 4061 2111 4114; x_wconf 76' lang='grc' dir='ltr'><strong>σοῦ</strong></span> 
     </span>
    </p>
   </div>
   <div class='ocr_carea' id='block_1_72' title="bbox 541 4153 2117 4224">
    <p class='ocr_par' dir='ltr' id='par_1_72' title="bbox 541 4153 2117 4224">
     <span class='ocr_line' id='line_1_72' title="bbox 541 4153 2117 4224; baseline 0.001 -19"><span class='ocrx_word' id='word_1_501' title='bbox 541 4154 992 4224; x_wconf 79' lang='grc' dir='ltr'>ὲμπνευσθέντων</span> <span class='ocrx_word' id='word_1_502' title='bbox 1025 4154 1313 4223; x_wconf 82' lang='grc' dir='ltr'>μακαρίων</span> <span class='ocrx_word' id='word_1_503' title='bbox 1340 4153 1549 4224; x_wconf 83' lang='grc' dir='ltr'>ἀνδρῶν</span> <span class='ocrx_word' id='word_1_504' title='bbox 1579 4154 1839 4223; x_wconf 69' lang='grc' dir='ltr'>ἐχόμενος</span> <span class='ocrx_word' id='word_1_505' title='bbox 1877 4171 2117 4224; x_wconf 82' lang='grc' dir='ltr'>προστε-</span> 
     </span>
    </p>
   </div>
   <div class='ocr_carea' id='block_1_73' title="bbox 540 4244 2112 4316">
    <p class='ocr_par' dir='ltr' id='par_1_73' title="bbox 540 4244 2112 4316">
     <span class='ocr_line' id='line_1_73' title="bbox 540 4244 2112 4316; baseline -0.001 -17"><span class='ocrx_word' id='word_1_506' title='bbox 540 4247 693 4314; x_wconf 78' lang='grc' dir='ltr'>θείην</span> <span class='ocrx_word' id='word_1_507' title='bbox 743 4246 879 4316; x_wconf 74' lang='grc' dir='ltr'>πρὸς</span> <span class='ocrx_word' id='word_1_508' title='bbox 924 4244 1052 4308; x_wconf 75' lang='grc' dir='ltr'>τοὺς</span> <span class='ocrx_word' id='word_1_509' title='bbox 1100 4245 1268 4313; x_wconf 76' lang='grc' dir='ltr'>ἐμοὺς</span> <span class='ocrx_word' id='word_1_510' title='bbox 1320 4244 1580 4311; x_wconf 77' lang='grc' dir='ltr'>πατέρας,</span> <span class='ocrx_word' id='word_1_511' title='bbox 1634 4246 1683 4297; x_wconf 83' lang='grc' dir='ltr'><strong>εί</strong></span> <span class='ocrx_word' id='word_1_512' title='bbox 1731 4247 1807 4316; x_wconf 84' lang='grc' dir='ltr'>μή</span> <span class='ocrx_word' id='word_1_513' title='bbox 1859 4261 1912 4297; x_wconf 88' lang='grc' dir='ltr'><strong>τι</strong></span> <span class='ocrx_word' id='word_1_514' title='bbox 1966 4245 2112 4309; x_wconf 65' lang='grc' dir='ltr'>ἄλλο,</span> 
     </span>
    </p>
   </div>
   <div class='ocr_carea' id='block_1_74' title="bbox 541 4337 1709 4408">
    <p class='ocr_par' dir='ltr' id='par_1_74' title="bbox 541 4337 1709 4408">
     <span class='ocr_line' id='line_1_74' title="bbox 541 4337 1709 4408; baseline 0.001 -18"><span class='ocrx_word' id='word_1_515' title='bbox 541 4337 795 4392; x_wconf 63' lang='grc' dir='ltr'>ἐντεῦθεν</span> <span class='ocrx_word' id='word_1_516' title='bbox 826 4337 1243 4408; x_wconf 80' lang='grc' dir='ltr'>ἀποφερόμενος</span> <span class='ocrx_word' id='word_1_517' title='bbox 1272 4337 1369 4404; x_wconf 80' lang='grc' dir='ltr'>τὴν</span> <span class='ocrx_word' id='word_1_518' title='bbox 1401 4337 1709 4391; x_wconf 81' lang='grc' dir='ltr'>εὺσέὅειαν.</span> 
     </span>
    </p>
   </div>
   <div class='ocr_carea' id='block_1_75' title="bbox 1160 4428 1525 4483">
    <p class='ocr_par' dir='ltr' id='par_1_75' title="bbox 1160 4428 1525 4483">
     <span class='ocr_line' id='line_1_75' title="bbox 1160 4428 1525 4483; baseline 0.008 -3"><span class='ocrx_word' id='word_1_519' title='bbox 1160 4428 1525 4483; x_wconf 81' lang='grc' dir='ltr'><strong>ΔΠΟΛΟΓΙΑ.</strong></span> 
     </span>
    </p>
   </div>
   <div class='ocr_carea' id='block_1_76' title="bbox 2685 3137 3304 3214">
    <p class='ocr_par' dir='ltr' id='par_1_76' title="bbox 2685 3137 3304 3214">
     <span class='ocr_line' id='line_1_76' title="bbox 2685 3137 3304 3214; baseline 0.008 -22"><span class='ocrx_word' id='word_1_520' title='bbox 2685 3137 2927 3194; x_wconf 69' lang='lat' dir='ltr'><strong>senss.</strong></span> <span class='ocrx_word' id='word_1_521' title='bbox 2967 3141 3139 3211; x_wconf 77' lang='lat' dir='ltr'><strong>(CAP.</strong></span> <span class='ocrx_word' id='word_1_522' title='bbox 3168 3142 3304 3214; x_wconf 76' lang='lat' dir='ltr'><strong>XX).</strong></span> 
     </span>
    </p>
   </div>
   <div class='ocr_carea' id='block_1_77' title="bbox 2279 3226 3778 3305">
    <p class='ocr_par' dir='ltr' id='par_1_77' title="bbox 2279 3226 3778 3305">
     <span class='ocr_line' id='line_1_77' title="bbox 2279 3226 3778 3305; baseline 0.009 -25"><span class='ocrx_word' id='word_1_523' title='bbox 2279 3226 2463 3298; x_wconf 80' lang='lat' dir='ltr'><strong>Egone</strong></span> <span class='ocrx_word' id='word_1_524' title='bbox 2530 3234 2717 3300; x_wconf 88' lang='lat' dir='ltr'><strong>itaque</strong></span> <span class='ocrx_word' id='word_1_525' title='bbox 2781 3234 2933 3289; x_wconf 87' lang='lat' dir='ltr'><strong>hisce</strong></span> <span class='ocrx_word' id='word_1_526' title='bbox 3002 3236 3260 3290; x_wconf 91' lang='lat' dir='ltr'><strong>omnibus</strong></span> <span class='ocrx_word' id='word_1_527' title='bbox 3319 3242 3520 3303; x_wconf 82' lang='lat' dir='ltr'><strong>spretis</strong></span> <span class='ocrx_word' id='word_1_528' title='bbox 3580 3255 3778 3305; x_wconf 82' lang='lat' dir='ltr'><strong>sequar</strong></span> 
     </span>
    </p>
   </div>
   <div class='ocr_carea' id='block_1_78' title="bbox 2208 3322 3775 3398">
    <p class='ocr_par' dir='ltr' id='par_1_78' title="bbox 2208 3322 3775 3398">
     <span class='ocr_line' id='line_1_78' title="bbox 2208 3322 3775 3398; baseline 0.006 -23"><span class='ocrx_word' id='word_1_529' title='bbox 2208 3336 2324 3386; x_wconf 90' lang='lat' dir='ltr'><strong>eos,</strong></span> <span class='ocrx_word' id='word_1_530' title='bbox 2364 3322 2457 3392; x_wconf 89' lang='lat' dir='ltr'><strong>qui</strong></span> <span class='ocrx_word' id='word_1_531' title='bbox 2513 3323 2613 3378; x_wconf 90' lang='lat' dir='ltr'><strong>sub</strong></span> <span class='ocrx_word' id='word_1_532' title='bbox 2674 3335 2936 3393; x_wconf 70' lang='lat' dir='ltr'><strong>praetextu</strong></span> <span class='ocrx_word' id='word_1_533' title='bbox 2998 3328 3244 3383; x_wconf 77' lang='lat' dir='ltr'><strong>conﬁcta:</strong></span> <span class='ocrx_word' id='word_1_534' title='bbox 3310 3333 3460 3398; x_wconf 77' lang='lat' dir='ltr'><strong>pacis</strong></span> <span class='ocrx_word' id='word_1_535' title='bbox 3522 3334 3775 3387; x_wconf 72' lang='lat' dir='ltr'><strong>unionem</strong></span> 
     </span>
    </p>
   </div>
   <div class='ocr_carea' id='block_1_79' title="bbox 2210 3416 3781 3493">
    <p class='ocr_par' dir='ltr' id='par_1_79' title="bbox 2210 3416 3781 3493">
     <span class='ocr_line' id='line_1_79' title="bbox 2210 3416 3781 3493; baseline 0.006 -26"><span class='ocrx_word' id='word_1_536' title='bbox 2210 3416 2551 3483; x_wconf 56' lang='lat' dir='ltr'><strong>principium,</strong></span> <span class='ocrx_word' id='word_1_537' title='bbox 2586 3430 2681 3471; x_wconf 85' lang='lat' dir='ltr'><strong>eos</strong></span> <span class='ocrx_word' id='word_1_538' title='bbox 2712 3419 2804 3486; x_wconf 89' lang='lat' dir='ltr'><strong>qui</strong></span> <span class='ocrx_word' id='word_1_539' title='bbox 2843 3431 3258 3475; x_wconf 87' lang='lat' dir='ltr'><strong>sacrosanctum</strong></span> <span class='ocrx_word' id='word_1_540' title='bbox 3296 3425 3601 3493; x_wconf 82' lang='lat' dir='ltr'><strong>symbolum</strong></span> <span class='ocrx_word' id='word_1_541' title='bbox 3629 3426 3781 3478; x_wconf 87' lang='lat' dir='ltr'><strong>adul-</strong></span> 
     </span>
    </p>
   </div>
   <div class='ocr_carea' id='block_1_80' title="bbox 2209 3505 3777 3583">
    <p class='ocr_par' dir='ltr' id='par_1_80' title="bbox 2209 3505 3777 3583">
     <span class='ocr_line' id='line_1_80' title="bbox 2209 3505 3777 3583; baseline 0.006 -26"><span class='ocrx_word' id='word_1_542' title='bbox 2209 3515 2385 3559; x_wconf 82' lang='lat' dir='ltr'><strong>terant</strong></span> <span class='ocrx_word' id='word_1_543' title='bbox 2413 3518 2465 3561; x_wconf 90' lang='lat' dir='ltr'><strong>et</strong></span> <span class='ocrx_word' id='word_1_544' title='bbox 2498 3505 2697 3561; x_wconf 87' lang='lat' dir='ltr'><strong>Filium</strong></span> <span class='ocrx_word' id='word_1_545' title='bbox 2738 3511 3032 3565; x_wconf 89' lang='lat' dir='ltr'><strong>secundam</strong></span> <span class='ocrx_word' id='word_1_546' title='bbox 3080 3516 3252 3567; x_wconf 79' lang='lat' dir='ltr'><strong>sancti</strong></span> <span class='ocrx_word' id='word_1_547' title='bbox 3290 3515 3525 3583; x_wconf 79' lang='lat' dir='ltr'><strong>Spit‘llus</strong></span> <span class='ocrx_word' id='word_1_548' title='bbox 3556 3532 3777 3571; x_wconf 81' lang='lat' dir='ltr'><strong>causam</strong></span> 
     </span>
    </p>
   </div>
   <div class='ocr_carea' id='block_1_81' title="bbox 2210 3598 3779 3679">
    <p class='ocr_par' dir='ltr' id='par_1_81' title="bbox 2210 3598 3779 3679">
     <span class='ocr_line' id='line_1_81' title="bbox 2210 3598 3779 3679; baseline 0.008 -29"><span class='ocrx_word' id='word_1_549' title='bbox 2210 3599 2511 3653; x_wconf 87' lang='lat' dir='ltr'><strong>inducunt?</strong></span> <span class='ocrx_word' id='word_1_550' title='bbox 2544 3598 2676 3654; x_wconf 84' lang='lat' dir='ltr'><strong>Nam</strong></span> <span class='ocrx_word' id='word_1_551' title='bbox 2705 3602 2948 3673; x_wconf 83' lang='lat' dir='ltr'><strong>reliquas</strong></span> <span class='ocrx_word' id='word_1_552' title='bbox 2987 3605 3357 3662; x_wconf 84' lang='lat' dir='ltr'><strong>absurditates</strong></span> <span class='ocrx_word' id='word_1_553' title='bbox 3390 3612 3440 3663; x_wconf 89' lang='lat' dir='ltr'><strong>in</strong></span> <span class='ocrx_word' id='word_1_554' title='bbox 3487 3615 3779 3679; x_wconf 62' lang='lat' dir='ltr'><strong>praesentia</strong></span> 
     </span>
    </p>
   </div>
   <div class='ocr_carea' id='block_1_82' title="bbox 2212 3690 3781 3759">
    <p class='ocr_par' dir='ltr' id='par_1_82' title="bbox 2212 3690 3781 3759">
     <span class='ocr_line' id='line_1_82' title="bbox 2212 3690 3781 3759; baseline 0.008 -18"><span class='ocrx_word' id='word_1_555' title='bbox 2212 3690 2588 3759; x_wconf 71' lang='lat' dir='ltr'><strong>praetermitto.</strong></span> <span class='ocrx_word' id='word_1_556' title='bbox 2626 3691 2868 3758; x_wconf 85' lang='lat' dir='ltr'><strong>Quarum</strong></span> <span class='ocrx_word' id='word_1_557' title='bbox 2916 3696 2997 3748; x_wconf 84' lang='lat' dir='ltr'><strong>vei</strong></span> <span class='ocrx_word' id='word_1_558' title='bbox 3048 3711 3152 3749; x_wconf 91' lang='lat' dir='ltr'><strong>una</strong></span> <span class='ocrx_word' id='word_1_559' title='bbox 3184 3697 3467 3754; x_wconf 85' lang='lat' dir='ltr'><strong>sufficiens</strong></span> <span class='ocrx_word' id='word_1_560' title='bbox 3522 3698 3663 3754; x_wconf 87' lang='lat' dir='ltr'><strong>foret</strong></span> <span class='ocrx_word' id='word_1_561' title='bbox 3718 3710 3781 3754; x_wconf 82' lang='lat' dir='ltr'><strong>ad</strong></span> 
     </span>
    </p>
   </div>
   <div class='ocr_carea' id='block_1_83' title="bbox 2212 3783 3777 3862">
    <p class='ocr_par' dir='ltr' id='par_1_83' title="bbox 2212 3783 3777 3862">
     <span class='ocr_line' id='line_1_83' title="bbox 2212 3783 3777 3862; baseline 0.008 -29"><span class='ocrx_word' id='word_1_562' title='bbox 2212 3795 2311 3835; x_wconf 87' lang='lat' dir='ltr'><strong>nos</strong></span> <span class='ocrx_word' id='word_1_563' title='bbox 2336 3783 2401 3835; x_wconf 90' lang='lat' dir='ltr'><strong>ab</strong></span> <span class='ocrx_word' id='word_1_564' title='bbox 2459 3783 2587 3852; x_wconf 85' lang='lat' dir='ltr'><strong>ipsis</strong></span> <span class='ocrx_word' id='word_1_565' title='bbox 2649 3800 2874 3851; x_wconf 88' lang='lat' dir='ltr'><strong>prorsus</strong></span> <span class='ocrx_word' id='word_1_566' title='bbox 2914 3789 3271 3856; x_wconf 80' lang='lat' dir='ltr'><strong>separandos.</strong></span> <span class='ocrx_word' id='word_1_567' title='bbox 3309 3790 3383 3846; x_wconf 80' lang='lat' dir='ltr'><strong>Ne</strong></span> <span class='ocrx_word' id='word_1_568' title='bbox 3432 3793 3482 3847; x_wconf 88' lang='lat' dir='ltr'><strong>id</strong></span> <span class='ocrx_word' id='word_1_569' title='bbox 3538 3808 3777 3862; x_wconf 81' lang='lat' dir='ltr'><strong>unquam</strong></span> 
     </span>
    </p>
   </div>
   <div class='ocr_carea' id='block_1_84' title="bbox 2213 3874 3775 3955">
    <p class='ocr_par' dir='ltr' id='par_1_84' title="bbox 2213 3874 3775 3955">
     <span class='ocr_line' id='line_1_84' title="bbox 2213 3874 3775 3955; baseline 0.006 -30"><span class='ocrx_word' id='word_1_570' title='bbox 2213 3874 2409 3943; x_wconf 82' lang='lat' dir='ltr'><strong>patiar,</strong></span> <span class='ocrx_word' id='word_1_571' title='bbox 2443 3890 2475 3929; x_wconf 94' lang='lat' dir='ltr'><strong>o</strong></span> <span class='ocrx_word' id='word_1_572' title='bbox 2512 3876 2652 3930; x_wconf 90' lang='lat' dir='ltr'><strong>bone</strong></span> <span class='ocrx_word' id='word_1_573' title='bbox 2687 3875 2987 3944; x_wconf 87' lang='lat' dir='ltr'><strong>Paraclete,</strong></span> <span class='ocrx_word' id='word_1_574' title='bbox 3022 3895 3195 3949; x_wconf 81' lang='lat' dir='ltr'><strong>neque</strong></span> <span class='ocrx_word' id='word_1_575' title='bbox 3226 3883 3360 3937; x_wconf 88' lang='lat' dir='ltr'><strong>adeo</strong></span> <span class='ocrx_word' id='word_1_576' title='bbox 3387 3899 3416 3937; x_wconf 91' lang='lat' dir='ltr'><strong>a</strong></span> <span class='ocrx_word' id='word_1_577' title='bbox 3458 3889 3775 3955; x_wconf 73' lang='lat' dir='ltr'><strong>Illeltlelipstt</strong></span> 
     </span>
    </p>
   </div>
   <div class='ocr_carea' id='block_1_85' title="bbox 2214 3967 3775 4042">
    <p class='ocr_par' dir='ltr' id='par_1_85' title="bbox 2214 3967 3775 4042">
     <span class='ocr_line' id='line_1_85' title="bbox 2214 3967 3775 4042; baseline 0.007 -25"><span class='ocrx_word' id='word_1_578' title='bbox 2214 3976 2267 4018; x_wconf 86' lang='lat' dir='ltr'><strong>et</strong></span> <span class='ocrx_word' id='word_1_579' title='bbox 2299 3980 2326 4017; x_wconf 91' lang='lat' dir='ltr'><strong>a</strong></span> <span class='ocrx_word' id='word_1_580' title='bbox 2364 3967 2685 4021; x_wconf 88' lang='lat' dir='ltr'><strong>decentibus</strong></span> <span class='ocrx_word' id='word_1_581' title='bbox 2732 3970 3155 4037; x_wconf 82' lang='lat' dir='ltr'><strong>cogitationibus</strong></span> <span class='ocrx_word' id='word_1_582' title='bbox 3215 3988 3452 4042; x_wconf 90' lang='lat' dir='ltr'><strong>unquam</strong></span> <span class='ocrx_word' id='word_1_583' title='bbox 3505 3976 3775 4035; x_wconf 69' lang='lat' dir='ltr'><strong>decidunt.</strong></span> 
     </span>
    </p>
   </div>
   <div class='ocr_carea' id='block_1_86' title="bbox 2216 4057 3783 4137">
    <p class='ocr_par' dir='ltr' id='par_1_86' title="bbox 2216 4057 3783 4137">
     <span class='ocr_line' id='line_1_86' title="bbox 2216 4057 3783 4137; baseline 0.008 -28"><span class='ocrx_word' id='word_1_584' title='bbox 2216 4072 2402 4110; x_wconf 86' lang='lat' dir='ltr'><strong>verum</strong></span> <span class='ocrx_word' id='word_1_585' title='bbox 2481 4057 2708 4112; x_wconf 82' lang='lat' dir='ltr'><strong>ﬁrmiter</strong></span> <span class='ocrx_word' id='word_1_586' title='bbox 2790 4059 3066 4116; x_wconf 71' lang='lat' dir='ltr'><strong>inhaerens</strong></span> <span class='ocrx_word' id='word_1_587' title='bbox 3124 4075 3226 4118; x_wconf 65' lang='lat' dir='ltr'><strong>tua:</strong></span> <span class='ocrx_word' id='word_1_588' title='bbox 3284 4065 3567 4120; x_wconf 65' lang='lat' dir='ltr'><strong>doctrinm.</strong></span> <span class='ocrx_word' id='word_1_589' title='bbox 3622 4079 3783 4137; x_wconf 64' lang='lat' dir='ltr'><strong>atquc-</strong></span> 
     </span>
    </p>
   </div>
   <div class='ocr_carea' id='block_1_87' title="bbox 2216 4150 3785 4229">
    <p class='ocr_par' dir='ltr' id='par_1_87' title="bbox 2216 4150 3785 4229">
     <span class='ocr_line' id='line_1_87' title="bbox 2216 4150 3785 4229; baseline 0.007 -26"><span class='ocrx_word' id='word_1_590' title='bbox 2216 4150 2392 4203; x_wconf 83' lang='lat' dir='ltr'><strong>beatis</strong></span> <span class='ocrx_word' id='word_1_591' title='bbox 2424 4151 2554 4204; x_wconf 84' lang='lat' dir='ltr'><strong>viris</strong></span> <span class='ocrx_word' id='word_1_592' title='bbox 2578 4165 2605 4203; x_wconf 73' lang='grc' dir='ltr'><strong>ο</strong></span> <span class='ocrx_word' id='word_1_593' title='bbox 2636 4162 2685 4204; x_wconf 89' lang='lat' dir='ltr'><strong>te</strong></span> <span class='ocrx_word' id='word_1_594' title='bbox 2722 4152 3003 4221; x_wconf 88' lang='lat' dir='ltr'><strong>inspiratis</strong></span> <span class='ocrx_word' id='word_1_595' title='bbox 3033 4170 3275 4223; x_wconf 86' lang='lat' dir='ltr'><strong>apponar</strong></span> <span class='ocrx_word' id='word_1_596' title='bbox 3306 4159 3371 4211; x_wconf 89' lang='lat' dir='ltr'><strong>ad</strong></span> <span class='ocrx_word' id='word_1_597' title='bbox 3400 4169 3584 4229; x_wconf 81' lang='lat' dir='ltr'><strong>patres</strong></span> <span class='ocrx_word' id='word_1_598' title='bbox 3613 4176 3785 4227; x_wconf 48' lang='lat' dir='ltr'><strong>meos,</strong></span> 
     </span>
    </p>
   </div>
   <div class='ocr_carea' id='block_1_88' title="bbox 2218 4243 3783 4312">
    <p class='ocr_par' dir='ltr' id='par_1_88' title="bbox 2218 4243 3783 4312">
     <span class='ocr_line' id='line_1_88' title="bbox 2218 4243 3783 4312; baseline 0.006 -16"><span class='ocrx_word' id='word_1_599' title='bbox 2218 4243 2403 4296; x_wconf 88' lang='lat' dir='ltr'><strong>sinon</strong></span> <span class='ocrx_word' id='word_1_600' title='bbox 2446 4244 2574 4310; x_wconf 88' lang='lat' dir='ltr'><strong>quid</strong></span> <span class='ocrx_word' id='word_1_601' title='bbox 2646 4245 2792 4297; x_wconf 83' lang='lat' dir='ltr'><strong>aliud</strong></span> <span class='ocrx_word' id='word_1_602' title='bbox 2856 4246 3055 4299; x_wconf 85' lang='lat' dir='ltr'><strong>abhinc</strong></span> <span class='ocrx_word' id='word_1_603' title='bbox 3090 4246 3362 4312; x_wconf 88' lang='lat' dir='ltr'><strong>deferens,</strong></span> <span class='ocrx_word' id='word_1_604' title='bbox 3408 4260 3557 4305; x_wconf 86' lang='lat' dir='ltr'><strong>certe</strong></span> <span class='ocrx_word' id='word_1_605' title='bbox 3606 4262 3783 4308; x_wconf 87' lang='lat' dir='ltr'><strong>tamen</strong></span> 
     </span>
    </p>
   </div>
   <div class='ocr_carea' id='block_1_89' title="bbox 2220 4338 2498 4406">
    <p class='ocr_par' dir='ltr' id='par_1_89' title="bbox 2220 4338 2498 4406">
     <span class='ocr_line' id='line_1_89' title="bbox 2220 4338 2498 4406; baseline 0.004 -17"><span class='ocrx_word' id='word_1_606' title='bbox 2220 4338 2498 4406; x_wconf 86' lang='lat' dir='ltr'><strong>pietatem.</strong></span> 
     </span>
    </p>
   </div>
   <div class='ocr_carea' id='block_1_90' title="bbox 2810 4431 3167 4488">
    <p class='ocr_par' dir='ltr' id='par_1_90' title="bbox 2810 4431 3167 4488">
     <span class='ocr_line' id='line_1_90' title="bbox 2810 4431 3167 4488; baseline 0.006 -3"><span class='ocrx_word' id='word_1_607' title='bbox 2810 4431 3167 4488; x_wconf 78' lang='lat' dir='ltr'><strong>APOLOGIA.</strong></span> 
     </span>
    </p>
   </div>
   <div class='ocr_carea' id='block_1_91' title="bbox 626 4489 2391 4594">
    <p class='ocr_par' dir='ltr' id='par_1_91' title="bbox 626 4489 2391 4594">
     <span class='ocr_line' id='line_1_91' title="bbox 626 4489 2391 4594; baseline -0.004 -17"><span class='ocrx_word' id='word_1_608' title='bbox 626 4523 820 4594; x_wconf 77' lang='grc' dir='ltr'>Ἡμεῖς</span> <span class='ocrx_word' id='word_1_609' title='bbox 847 4525 946 4590; x_wconf 78' lang='grc' dir='ltr'>τὴν</span> <span class='ocrx_word' id='word_1_610' title='bbox 974 4521 1369 4591; x_wconf 70' lang='grc' dir='ltr'>πεπλασμένην</span> <span class='ocrx_word' id='word_1_611' title='bbox 1396 4520 1593 4574; x_wconf 72' lang='grc' dir='ltr'>ἕνωσιν</span> <span class='ocrx_word' id='word_1_612' title='bbox 1621 4519 1746 4574; x_wconf 72' lang='grc' dir='ltr'>οὔτε</span> <span class='ocrx_word' id='word_1_613' title='bbox 1776 4521 2116 4593; x_wconf 71' lang='grc' dir='ltr'>ὶθελήσαμέν</span> <span class='ocrx_word' id='word_1_614' title='bbox 2154 4489 2194 4543; x_wconf 78' lang='lat' dir='ltr'><strong>D</strong></span> <span class='ocrx_word' id='word_1_615' title='bbox 2296 4517 2391 4571; x_wconf 76' lang='grc' dir='ltr'><strong>Νυε</strong></span> 
     </span>
    </p>
   </div>
   <div class='ocr_carea' id='block_1_92' title="bbox 2021 4489 3786 4594">
    <p class='ocr_par' dir='ltr' id='par_1_92' title="bbox 2021 4489 3786 4593">
     <span class='ocr_line' id='line_1_92' title="bbox 2021 4489 3786 4593; baseline 0.008 -25"><span class='ocrx_word' id='word_1_616' title='bbox 2021 4524 2116 4593; x_wconf 79' lang='grc' dir='ltr'>μέν</span> <span class='ocrx_word' id='word_1_617' title='bbox 2154 4489 2194 4543; x_wconf 79' lang='lat' dir='ltr'><strong>D</strong></span> <span class='ocrx_word' id='word_1_618' title='bbox 2296 4517 2404 4571; x_wconf 80' lang='lat' dir='ltr'><strong>Nos</strong></span> <span class='ocrx_word' id='word_1_619' title='bbox 2440 4519 2728 4573; x_wconf 84' lang='lat' dir='ltr'><strong>confictam</strong></span> <span class='ocrx_word' id='word_1_620' title='bbox 2792 4522 3046 4575; x_wconf 80' lang='lat' dir='ltr'><strong>unionem</strong></span> <span class='ocrx_word' id='word_1_621' title='bbox 3110 4539 3284 4593; x_wconf 89' lang='lat' dir='ltr'><strong>neque</strong></span> <span class='ocrx_word' id='word_1_622' title='bbox 3344 4526 3786 4583; x_wconf 77' lang='lat' dir='ltr'><strong>desideravimus</strong></span> 
     </span>
    </p>
   </div>
   <div class='ocr_carea' id='block_1_93' title="bbox 453 4613 2115 4685">
    <p class='ocr_par' dir='ltr' id='par_1_93' title="bbox 453 4613 2115 4685">
     <span class='ocr_line' id='line_1_93' title="bbox 453 4613 2115 4685; baseline -0.002 -15"><span class='ocrx_word' id='word_1_623' title='bbox 453 4666 472 4677; x_wconf 72' lang='grc'><strong>,,</strong></span> <span class='ocrx_word' id='word_1_624' title='bbox 544 4632 677 4670; x_wconf 77' lang='grc' dir='ltr'>ποτε</span> <span class='ocrx_word' id='word_1_625' title='bbox 710 4615 833 4668; x_wconf 71' lang='grc' dir='ltr'>οὔτε</span> <span class='ocrx_word' id='word_1_626' title='bbox 872 4615 978 4685; x_wconf 72' lang='grc' dir='ltr'><strong>μὴν</strong></span> <span class='ocrx_word' id='word_1_627' title='bbox 1012 4614 1374 4683; x_wconf 74' lang='grc' dir='ltr'>ἐθελήσομεν,</span> <span class='ocrx_word' id='word_1_628' title='bbox 1406 4614 1531 4665; x_wconf 72' lang='grc' dir='ltr'>ἐπεὶ</span> <span class='ocrx_word' id='word_1_629' title='bbox 1561 4614 1671 4667; x_wconf 83' lang='grc' dir='ltr'><strong>πᾶν</strong></span> <span class='ocrx_word' id='word_1_630' title='bbox 1701 4613 1761 4666; x_wconf 79' lang='grc' dir='ltr'><strong>τὸ</strong></span> <span class='ocrx_word' id='word_1_631' title='bbox 1792 4614 2115 4684; x_wconf 79' lang='grc' dir='ltr'>πεπλασμέ-</span> 
     </span>
    </p>
   </div>
   <div class='ocr_carea' id='block_1_94' title="bbox 545 4703 2115 4775">
    <p class='ocr_par' dir='ltr' id='par_1_94' title="bbox 545 4703 2115 4775">
     <span class='ocr_line' id='line_1_94' title="bbox 545 4703 2115 4775; baseline -0.004 -13"><span class='ocrx_word' id='word_1_632' title='bbox 545 4726 636 4762; x_wconf 89' lang='grc' dir='ltr'><strong>νον</strong></span> <span class='ocrx_word' id='word_1_633' title='bbox 667 4707 1102 4775; x_wconf 78' lang='grc' dir='ltr'>συνεζευγμὲνην</span> <span class='ocrx_word' id='word_1_634' title='bbox 1136 4707 1246 4774; x_wconf 76' lang='grc' dir='ltr'>ἔχει</span> <span class='ocrx_word' id='word_1_635' title='bbox 1274 4703 1372 4773; x_wconf 72' lang='grc' dir='ltr'>τὴν</span> <span class='ocrx_word' id='word_1_636' title='bbox 1406 4704 1634 4775; x_wconf 75' lang='grc' dir='ltr'>πλάνηνο</span> <span class='ocrx_word' id='word_1_637' title='bbox 1658 4705 1716 4757; x_wconf 90' lang='grc' dir='ltr'><strong>αί</strong></span> <span class='ocrx_word' id='word_1_638' title='bbox 1740 4705 1794 4757; x_wconf 77' lang='grc' dir='ltr'>δὲ</span> <span class='ocrx_word' id='word_1_639' title='bbox 1829 4705 2115 4768; x_wconf 74' lang='grc' dir='ltr'>συστάσεις</span> 
     </span>
    </p>
   </div>
   <div class='ocr_carea' id='block_1_95' title="bbox 546 4796 2114 4868">
    <p class='ocr_par' dir='ltr' id='par_1_95' title="bbox 546 4796 2114 4868">
     <span class='ocr_line' id='line_1_95' title="bbox 546 4796 2114 4868; baseline -0.003 -16"><span class='ocrx_word' id='word_1_640' title='bbox 546 4800 639 4852; x_wconf 77' lang='grc' dir='ltr'>καὶ</span> <span class='ocrx_word' id='word_1_641' title='bbox 677 4798 975 4868; x_wconf 87' lang='grc' dir='ltr'>μαρτυρίαι</span> <span class='ocrx_word' id='word_1_642' title='bbox 1006 4797 1114 4849; x_wconf 81' lang='grc' dir='ltr'><strong>τῶν</strong></span> <span class='ocrx_word' id='word_1_643' title='bbox 1146 4796 1305 4866; x_wconf 79' lang='grc' dir='ltr'>ἱερῶν</span> <span class='ocrx_word' id='word_1_644' title='bbox 1338 4798 1430 4847; x_wconf 75' lang='grc' dir='ltr'><strong>καὶ</strong></span> <span class='ocrx_word' id='word_1_645' title='bbox 1463 4798 1623 4849; x_wconf 80' lang='grc' dir='ltr'>θείων</span> <span class='ocrx_word' id='word_1_646' title='bbox 1658 4796 1918 4864; x_wconf 84' lang='grc' dir='ltr'>Πατέρων</span> <span class='ocrx_word' id='word_1_647' title='bbox 1949 4797 2002 4849; x_wconf 77' lang='lat' dir='ltr'><strong>at!</strong></span> <span class='ocrx_word' id='word_1_648' title='bbox 2036 4797 2114 4866; x_wconf 80' lang='lat' dir='ltr'><strong>(ti)</strong></span> 
     </span>
    </p>
   </div>
   <div class='ocr_carea' id='block_1_96' title="bbox 546 4886 2117 4958">
    <p class='ocr_par' dir='ltr' id='par_1_96' title="bbox 546 4886 2117 4958">
     <span class='ocr_line' id='line_1_96' title="bbox 546 4886 2117 4958; baseline -0.003 -15"><span class='ocrx_word' id='word_1_649' title='bbox 546 4888 779 4943; x_wconf 81' lang='grc' dir='ltr'>ἐνταῦθα</span> <span class='ocrx_word' id='word_1_650' title='bbox 825 4887 1209 4958; x_wconf 80' lang='grc' dir='ltr'>γεγραμμέναι</span> <span class='ocrx_word' id='word_1_651' title='bbox 1252 4890 1345 4939; x_wconf 74' lang='grc' dir='ltr'>καὶ</span> <span class='ocrx_word' id='word_1_652' title='bbox 1387 4890 1443 4939; x_wconf 84' lang='grc' dir='ltr'><strong>ὲν</strong></span> <span class='ocrx_word' id='word_1_653' title='bbox 1474 4886 1667 4947; x_wconf 81' lang='grc' dir='ltr'>ἄλλαις</span> <span class='ocrx_word' id='word_1_654' title='bbox 1708 4891 2117 4957; x_wconf 81' lang='grc' dir='ltr'>πραγματείαις</span> 
     </span>
    </p>
   </div>
   <div class='ocr_carea' id='block_1_97' title="bbox 546 4979 2119 5052">
    <p class='ocr_par' dir='ltr' id='par_1_97' title="bbox 546 4979 2119 5052">
     <span class='ocr_line' id='line_1_97' title="bbox 546 4979 2119 5052; baseline 0.001 -20"><span class='ocrx_word' id='word_1_655' title='bbox 546 4983 675 5050; x_wconf 82' lang='grc' dir='ltr'>περὶ</span> <span class='ocrx_word' id='word_1_656' title='bbox 707 4981 909 5052; x_wconf 88' lang='grc' dir='ltr'>ταύτης</span> <span class='ocrx_word' id='word_1_657' title='bbox 942 4982 1037 5050; x_wconf 78' lang='grc' dir='ltr'><strong>τῆς</strong></span> <span class='ocrx_word' id='word_1_658' title='bbox 1071 4979 1314 5041; x_wconf 83' lang='grc' dir='ltr'>ὲνώσεως</span> <span class='ocrx_word' id='word_1_659' title='bbox 1348 4979 1722 5047; x_wconf 75' lang='grc' dir='ltr'>ὲκτεθειμέναι</span> <span class='ocrx_word' id='word_1_660' title='bbox 1762 4980 1891 5048; x_wconf 84' lang='grc' dir='ltr'>πρὸς</span> <span class='ocrx_word' id='word_1_661' title='bbox 1924 4981 1993 5031; x_wconf 79' lang='grc' dir='ltr'><strong>τὰ</strong></span> <span class='ocrx_word' id='word_1_662' title='bbox 2027 4979 2119 5033; x_wconf 72' lang='grc' dir='ltr'>ὑπ’</span> 
     </span>
    </p>
   </div>
   <div class='ocr_carea' id='block_1_98' title="bbox 543 5070 2120 5141">
    <p class='ocr_par' dir='ltr' id='par_1_98' title="bbox 543 5070 2120 5141">
     <span class='ocr_line' id='line_1_98' title="bbox 543 5070 2120 5141; baseline -0.002 -17"><span class='ocrx_word' id='word_1_663' title='bbox 543 5072 711 5124; x_wconf 80' lang='grc' dir='ltr'>αὐτοῦ</span> <span class='ocrx_word' id='word_1_664' title='bbox 738 5072 829 5141; x_wconf 39' lang='grc'><strong>,(7)</strong></span> <span class='ocrx_word' id='word_1_665' title='bbox 867 5073 1133 5141; x_wconf 74' lang='grc' dir='ltr'>εἰρημένα</span> <span class='ocrx_word' id='word_1_666' title='bbox 1166 5072 1258 5123; x_wconf 80' lang='grc' dir='ltr'>καὶ</span> <span class='ocrx_word' id='word_1_667' title='bbox 1291 5070 1397 5123; x_wconf 81' lang='grc' dir='ltr'><strong>τῶν</strong></span> <span class='ocrx_word' id='word_1_668' title='bbox 1429 5070 1631 5139; x_wconf 85' lang='grc' dir='ltr'>ὁμοίως</span> <span class='ocrx_word' id='word_1_669' title='bbox 1667 5070 1898 5139; x_wconf 79' lang='grc' dir='ltr'>ἐχόντων</span> <span class='ocrx_word' id='word_1_670' title='bbox 1936 5070 2120 5133; x_wconf 82' lang='grc' dir='ltr'>αὐτοῖς</span> 
     </span>
    </p>
   </div>
   <div class='ocr_carea' id='block_1_99' title="bbox 616 5244 2128 5315">
    <p class='ocr_par' dir='ltr' id='par_1_99' title="bbox 616 5244 2128 5315">
     <span class='ocr_line' id='line_1_99' title="bbox 616 5244 2128 5315; baseline 0.001 -16"><span class='ocrx_word' id='word_1_671' title='bbox 616 5246 851 5315; x_wconf 71' lang='lat' dir='ltr'><strong>(t)Vide</strong></span> <span class='ocrx_word' id='word_1_672' title='bbox 883 5245 1052 5315; x_wconf 69' lang='grc' dir='ltr'><strong>Μουδί</strong></span> <span class='ocrx_word' id='word_1_673' title='bbox 1099 5244 1307 5299; x_wconf 86' lang='lat' dir='ltr'><strong>Concil.</strong></span> <span class='ocrx_word' id='word_1_674' title='bbox 1350 5253 1390 5298; x_wconf 91' lang='lat' dir='ltr'><strong>t.</strong></span> <span class='ocrx_word' id='word_1_675' title='bbox 1420 5244 1538 5311; x_wconf 74' lang='lat' dir='ltr'><strong>VII,</strong></span> <span class='ocrx_word' id='word_1_676' title='bbox 1573 5261 1625 5315; x_wconf 91' lang='lat' dir='ltr'><strong>p.</strong></span> <span class='ocrx_word' id='word_1_677' title='bbox 1678 5245 1803 5301; x_wconf 65' lang='grc'>455.</span> <span class='ocrx_word' id='word_1_678' title='bbox 1866 5247 2128 5302; x_wconf 83' lang='lat' dir='ltr'><strong>Eumdem</strong></span> 
     </span>
    </p>
   </div>
   <div class='ocr_carea' id='block_1_100' title="bbox 546 5314 2055 5387">
    <p class='ocr_par' dir='ltr' id='par_1_100' title="bbox 546 5314 2055 5387">
     <span class='ocr_line' id='line_1_100' title="bbox 546 5314 2055 5387; baseline -0.002 -13"><span class='ocrx_word' id='word_1_679' title='bbox 546 5314 751 5374; x_wconf 64' lang='lat' dir='ltr'><strong>testum</strong></span> <span class='ocrx_word' id='word_1_680' title='bbox 781 5314 1255 5387; x_wconf 58' lang='lat' dir='ltr'><strong>atlertGregm&#39;ius</strong></span> <span class='ocrx_word' id='word_1_681' title='bbox 1283 5316 1351 5369; x_wconf 88' lang='lat' dir='ltr'><strong>ad</strong></span> <span class='ocrx_word' id='word_1_682' title='bbox 1384 5318 1513 5387; x_wconf 88' lang='lat' dir='ltr'><strong>imp.</strong></span> <span class='ocrx_word' id='word_1_683' title='bbox 1545 5314 1771 5387; x_wconf 84' lang='lat' dir='ltr'><strong>Trapez.</strong></span> <span class='ocrx_word' id='word_1_684' title='bbox 1794 5319 1900 5374; x_wconf 89' lang='lat' dir='ltr'><strong>col.</strong></span> <span class='ocrx_word' id='word_1_685' title='bbox 1928 5319 2055 5373; x_wconf 76' lang='lat'><strong>‘239.</strong></span> 
     </span>
    </p>
   </div>
   <div class='ocr_carea' id='block_1_101' title="bbox 619 5385 1339 5458">
    <p class='ocr_par' dir='ltr' id='par_1_101' title="bbox 619 5385 1339 5458">
     <span class='ocr_line' id='line_1_101' title="bbox 619 5385 1339 5458; baseline -0.003 -17"><span class='ocrx_word' id='word_1_686' title='bbox 619 5392 696 5458; x_wconf 76' lang='lat'><strong>(&#39;2)</strong></span> <span class='ocrx_word' id='word_1_687' title='bbox 734 5387 898 5458; x_wconf 67' lang='lat' dir='ltr'><strong>hiare.</strong></span> <span class='ocrx_word' id='word_1_688' title='bbox 928 5386 965 5439; x_wconf 89' lang='lat' dir='ltr'><strong>f.</strong></span> <span class='ocrx_word' id='word_1_689' title='bbox 995 5385 1186 5458; x_wconf 78' lang='lat' dir='ltr'><strong>‘25|__b,</strong></span> <span class='ocrx_word' id='word_1_690' title='bbox 1220 5387 1339 5458; x_wconf 79' lang='grc' dir='ltr'>τῆς.</span> 
     </span>
    </p>
   </div>
   <div class='ocr_carea' id='block_1_102' title="bbox 611 5454 2133 5532">
    <p class='ocr_par' dir='ltr' id='par_1_102' title="bbox 611 5454 2133 5532">
     <span class='ocr_line' id='line_1_102' title="bbox 611 5454 2133 5532; baseline -0.002 -19"><span class='ocrx_word' id='word_1_691' title='bbox 611 5454 692 5532; x_wconf 76' lang='grc'><strong>(5)</strong></span> <span class='ocrx_word' id='word_1_692' title='bbox 724 5455 833 5532; x_wconf 73' lang='grc' dir='ltr'><strong>Οὗν</strong></span> <span class='ocrx_word' id='word_1_693' title='bbox 863 5458 1053 5532; x_wconf 80' lang='lat' dir='ltr'><strong>_babet</strong></span> <span class='ocrx_word' id='word_1_694' title='bbox 1100 5454 1246 5509; x_wconf 78' lang='lat' dir='ltr'><strong>Moti.</strong></span> <span class='ocrx_word' id='word_1_695' title='bbox 1298 5456 1426 5525; x_wconf 72' lang='lat'><strong>256,</strong></span> <span class='ocrx_word' id='word_1_696' title='bbox 1464 5457 1500 5511; x_wconf 90' lang='lat' dir='ltr'><strong>f.</strong></span> <span class='ocrx_word' id='word_1_697' title='bbox 1530 5456 1631 5511; x_wconf 73' lang='lat'><strong>127</strong></span> <span class='ocrx_word' id='word_1_698' title='bbox 1658 5473 1731 5524; x_wconf 67' lang='lat'><strong>3.;</strong></span> <span class='ocrx_word' id='word_1_699' title='bbox 1782 5460 1960 5512; x_wconf 89' lang='lat' dir='ltr'><strong>omitt.</strong></span> <span class='ocrx_word' id='word_1_700' title='bbox 1990 5457 2133 5513; x_wconf 83' lang='lat' dir='ltr'><strong>Men.</strong></span> 
     </span>
    </p>
   </div>
   <div class='ocr_carea' id='block_1_103' title="bbox 542 5527 917 5597">
    <p class='ocr_par' dir='ltr' id='par_1_103' title="bbox 542 5527 917 5597">
     <span class='ocr_line' id='line_1_103' title="bbox 542 5527 917 5597; baseline -0.005 -12"><span class='ocrx_word' id='word_1_701' title='bbox 542 5527 634 5597; x_wconf 68' lang='grc' dir='ltr'><strong>επ</strong></span> <span class='ocrx_word' id='word_1_702' title='bbox 660 5532 697 5584; x_wconf 87' lang='lat' dir='ltr'><strong>f.</strong></span> <span class='ocrx_word' id='word_1_703' title='bbox 734 5530 833 5583; x_wconf 65' lang='grc' dir='ltr'><strong>με</strong></span> <span class='ocrx_word' id='word_1_704' title='bbox 861 5527 917 5583; x_wconf 86' lang='lat' dir='ltr'><strong>b.</strong></span> 
     </span>
    </p>
   </div>
   <div class='ocr_carea' id='block_1_104' title="bbox 630 5690 2137 5764">
    <p class='ocr_par' dir='ltr' id='par_1_104' title="bbox 630 5690 2137 5764">
     <span class='ocr_line' id='line_1_104' title="bbox 630 5690 2137 5764; baseline -0.006 -14"><span class='ocrx_word' id='word_1_705' title='bbox 630 5695 708 5762; x_wconf 85' lang='lat' dir='ltr'><strong>ta)</strong></span> <span class='ocrx_word' id='word_1_706' title='bbox 752 5693 1093 5764; x_wconf 82' lang='lat' dir='ltr'><strong>ﬂocqnoque</strong></span> <span class='ocrx_word' id='word_1_707' title='bbox 1122 5697 1242 5750; x_wconf 87' lang='lat' dir='ltr'><strong>loco</strong></span> <span class='ocrx_word' id='word_1_708' title='bbox 1259 5690 1640 5764; x_wconf 79' lang='lat' dir='ltr'><strong>Gregorittsad</strong></span> <span class='ocrx_word' id='word_1_709' title='bbox 1662 5690 1763 5764; x_wconf 71' lang='lat' dir='ltr'><strong>alia</strong></span> <span class='ocrx_word' id='word_1_710' title='bbox 1806 5707 1903 5746; x_wconf 88' lang='lat' dir='ltr'><strong>sua</strong></span> <span class='ocrx_word' id='word_1_711' title='bbox 1934 5690 2137 5758; x_wconf 81' lang='lat' dir='ltr'><strong>scripta</strong></span> 
     </span>
    </p>
   </div>
   <div class='ocr_carea' id='block_1_105' title="bbox 550 5762 2142 5836">
    <p class='ocr_par' dir='ltr' id='par_1_105' title="bbox 550 5762 2142 5836">
     <span class='ocr_line' id='line_1_105' title="bbox 550 5762 2142 5836; baseline -0.005 -17"><span class='ocrx_word' id='word_1_712' title='bbox 550 5776 846 5836; x_wconf 79' lang='lat' dir='ltr'><strong>provocat;</strong></span> <span class='ocrx_word' id='word_1_713' title='bbox 887 5762 1081 5835; x_wconf 62' lang='lat' dir='ltr'><strong>hisque</strong></span> <span class='ocrx_word' id='word_1_714' title='bbox 1113 5766 1291 5821; x_wconf 68' lang='lat' dir='ltr'><strong>verbis</strong></span> <span class='ocrx_word' id='word_1_715' title='bbox 1335 5762 1480 5818; x_wconf 81' lang='lat' dir='ltr'><strong>inter</strong></span> <span class='ocrx_word' id='word_1_716' title='bbox 1525 5762 1629 5816; x_wconf 87' lang='lat' dir='ltr'><strong>alia</strong></span> <span class='ocrx_word' id='word_1_717' title='bbox 1679 5762 1906 5817; x_wconf 81' lang='lat' dir='ltr'><strong>Allatius</strong></span> <span class='ocrx_word' id='word_1_718' title='bbox 1951 5771 2142 5817; x_wconf 70' lang='lat' dir='ltr'><strong>centra</strong></span> 
     </span>
    </p>
   </div>
   <div class='ocr_carea' id='block_1_106' title="bbox 844 5857 1490 5923">
    <p class='ocr_par' dir='ltr' id='par_1_106' title="bbox 844 5857 1490 5923">
     <span class='ocr_line' id='line_1_106' title="bbox 844 5857 1490 5923; baseline -0.005 -2"><span class='ocrx_word' id='word_1_719' title='bbox 844 5861 1112 5923; x_wconf 78' lang='grc' dir='ltr'>ΡΑτιιοι..</span> <span class='ocrx_word' id='word_1_720' title='bbox 1157 5864 1273 5921; x_wconf 76' lang='lat' dir='ltr'><strong>Gtt.</strong></span> <span class='ocrx_word' id='word_1_721' title='bbox 1310 5857 1490 5921; x_wconf 76' lang='lat' dir='ltr'><strong>CLX.</strong></span> 
     </span>
    </p>
   </div>
   <div class='ocr_carea' id='block_1_107' title="bbox 2224 4608 3789 4682">
    <p class='ocr_par' dir='ltr' id='par_1_107' title="bbox 2224 4608 3789 4682">
     <span class='ocr_line' id='line_1_107' title="bbox 2224 4608 3789 4682; baseline 0.006 -22"><span class='ocrx_word' id='word_1_722' title='bbox 2224 4608 2519 4676; x_wconf 86' lang='lat' dir='ltr'><strong>aliquando</strong></span> <span class='ocrx_word' id='word_1_723' title='bbox 2599 4625 2773 4679; x_wconf 89' lang='lat' dir='ltr'><strong>neque</strong></span> <span class='ocrx_word' id='word_1_724' title='bbox 2837 4627 3076 4680; x_wconf 87' lang='lat' dir='ltr'><strong>unquam</strong></span> <span class='ocrx_word' id='word_1_725' title='bbox 3134 4614 3602 4682; x_wconf 84' lang='lat' dir='ltr'><strong>desiderabimus,</strong></span> <span class='ocrx_word' id='word_1_726' title='bbox 3667 4635 3789 4672; x_wconf 88' lang='lat' dir='ltr'><strong>cum</strong></span> 
     </span>
    </p>
   </div>
   <div class='ocr_carea' id='block_1_108' title="bbox 2228 4702 3789 4771">
    <p class='ocr_par' dir='ltr' id='par_1_108' title="bbox 2228 4702 3789 4771">
     <span class='ocr_line' id='line_1_108' title="bbox 2228 4702 3789 4771; baseline 0.007 -20"><span class='ocrx_word' id='word_1_727' title='bbox 2228 4714 2388 4753; x_wconf 89' lang='lat' dir='ltr'><strong>omne</strong></span> <span class='ocrx_word' id='word_1_728' title='bbox 2415 4702 2706 4755; x_wconf 84' lang='lat' dir='ltr'><strong>contietum</strong></span> <span class='ocrx_word' id='word_1_729' title='bbox 2756 4705 3105 4771; x_wconf 86' lang='lat' dir='ltr'><strong>conjunctum</strong></span> <span class='ocrx_word' id='word_1_730' title='bbox 3138 4708 3334 4761; x_wconf 85' lang='lat' dir='ltr'><strong>haheat</strong></span> <span class='ocrx_word' id='word_1_731' title='bbox 3373 4721 3639 4762; x_wconf 87' lang='lat' dir='ltr'><strong>errorem.</strong></span> <span class='ocrx_word' id='word_1_732' title='bbox 3685 4711 3789 4764; x_wconf 79' lang='lat' dir='ltr'><strong>Sed</strong></span> 
     </span>
    </p>
   </div>
   <div class='ocr_carea' id='block_1_109' title="bbox 2227 4794 3791 4853">
    <p class='ocr_par' dir='ltr' id='par_1_109' title="bbox 2227 4794 3791 4853">
     <span class='ocr_line' id='line_1_109' title="bbox 2227 4794 3791 4853; baseline 0.006 -11"><span class='ocrx_word' id='word_1_733' title='bbox 2227 4796 2548 4846; x_wconf 75' lang='lat' dir='ltr'><strong>dot-omenta</strong></span> <span class='ocrx_word' id='word_1_734' title='bbox 2592 4808 2655 4846; x_wconf 91' lang='lat' dir='ltr'><strong>ac</strong></span> <span class='ocrx_word' id='word_1_735' title='bbox 2692 4794 2998 4848; x_wconf 83' lang='lat' dir='ltr'><strong>testimonia</strong></span> <span class='ocrx_word' id='word_1_736' title='bbox 3026 4806 3344 4849; x_wconf 87' lang='lat' dir='ltr'><strong>sanctorum</strong></span> <span class='ocrx_word' id='word_1_737' title='bbox 3393 4808 3446 4851; x_wconf 88' lang='lat' dir='ltr'><strong>et</strong></span> <span class='ocrx_word' id='word_1_738' title='bbox 3482 4797 3791 4853; x_wconf 83' lang='lat' dir='ltr'><strong>divinorum</strong></span> 
     </span>
    </p>
   </div>
   <div class='ocr_carea' id='block_1_110' title="bbox 2223 4884 3789 4955">
    <p class='ocr_par' dir='ltr' id='par_1_110' title="bbox 2223 4884 3789 4955">
     <span class='ocr_line' id='line_1_110' title="bbox 2223 4884 3789 4955; baseline 0.004 -19"><span class='ocrx_word' id='word_1_739' title='bbox 2223 4884 2462 4949; x_wconf 79' lang='lat' dir='ltr'><strong>Patrum,</strong></span> <span class='ocrx_word' id='word_1_740' title='bbox 2497 4899 2620 4951; x_wconf 72' lang='lat' dir='ltr'><strong>qua:</strong></span> <span class='ocrx_word' id='word_1_741' title='bbox 2645 4893 2756 4939; x_wconf 89' lang='lat' dir='ltr'><strong>tum</strong></span> <span class='ocrx_word' id='word_1_742' title='bbox 2791 4886 2877 4940; x_wconf 85' lang='lat' dir='ltr'><strong>hic</strong></span> <span class='ocrx_word' id='word_1_743' title='bbox 2919 4889 3267 4955; x_wconf 79' lang='lat' dir='ltr'><strong>consignata,</strong></span> <span class='ocrx_word' id='word_1_744' title='bbox 3314 4898 3426 4941; x_wconf 89' lang='lat' dir='ltr'><strong>tum</strong></span> <span class='ocrx_word' id='word_1_745' title='bbox 3470 4890 3519 4942; x_wconf 90' lang='lat' dir='ltr'><strong>in</strong></span> <span class='ocrx_word' id='word_1_746' title='bbox 3564 4892 3684 4943; x_wconf 87' lang='lat' dir='ltr'><strong>aliis</strong></span> <span class='ocrx_word' id='word_1_747' title='bbox 3714 4892 3789 4943; x_wconf 93' lang='lat' dir='ltr'><strong>lu-</strong></span> 
     </span>
    </p>
   </div>
   <div class='ocr_carea' id='block_1_111' title="bbox 2224 4978 3795 5050">
    <p class='ocr_par' dir='ltr' id='par_1_111' title="bbox 2224 4978 3795 5050">
     <span class='ocr_line' id='line_1_111' title="bbox 2224 4978 3795 5050; baseline 0.003 -19"><span class='ocrx_word' id='word_1_748' title='bbox 2224 4978 2639 5031; x_wconf 84' lang='lat' dir='ltr'><strong>cubrationibus</strong></span> <span class='ocrx_word' id='word_1_749' title='bbox 2692 4980 2757 5031; x_wconf 88' lang='lat' dir='ltr'><strong>dc</strong></span> <span class='ocrx_word' id='word_1_750' title='bbox 2802 4978 2903 5032; x_wconf 86' lang='lat' dir='ltr'><strong>hac</strong></span> <span class='ocrx_word' id='word_1_751' title='bbox 2959 4982 3258 5050; x_wconf 71' lang='lat' dir='ltr'><strong>unione(a;</strong></span> <span class='ocrx_word' id='word_1_752' title='bbox 3294 4984 3537 5050; x_wconf 77' lang='lat' dir='ltr'><strong>expOsita</strong></span> <span class='ocrx_word' id='word_1_753' title='bbox 3574 4982 3795 5036; x_wconf 80' lang='lat' dir='ltr'><strong>fuerunt</strong></span> 
     </span>
    </p>
   </div>
   <div class='ocr_carea' id='block_1_112' title="bbox 2227 5071 3791 5142">
    <p class='ocr_par' dir='ltr' id='par_1_112' title="bbox 2227 5071 3791 5142">
     <span class='ocr_line' id='line_1_112' title="bbox 2227 5071 3791 5142; baseline 0.001 -15"><span class='ocrx_word' id='word_1_754' title='bbox 2227 5074 2293 5127; x_wconf 85' lang='lat' dir='ltr'><strong>ad</strong></span> <span class='ocrx_word' id='word_1_755' title='bbox 2328 5088 2388 5127; x_wconf 88' lang='lat' dir='ltr'><strong>ea</strong></span> <span class='ocrx_word' id='word_1_756' title='bbox 2425 5087 2547 5141; x_wconf 64' lang='lat' dir='ltr'><strong>quae</strong></span> <span class='ocrx_word' id='word_1_757' title='bbox 2586 5073 2654 5126; x_wconf 86' lang='lat' dir='ltr'><strong>ab</strong></span> <span class='ocrx_word' id='word_1_758' title='bbox 2687 5071 2807 5140; x_wconf 85' lang='lat' dir='ltr'><strong>ipso</strong></span> <span class='ocrx_word' id='word_1_759' title='bbox 2838 5073 2982 5126; x_wconf 84' lang='lat' dir='ltr'><strong>dicta</strong></span> <span class='ocrx_word' id='word_1_760' title='bbox 3017 5083 3147 5127; x_wconf 89' lang='lat' dir='ltr'><strong>sunt</strong></span> <span class='ocrx_word' id='word_1_761' title='bbox 3183 5083 3238 5127; x_wconf 91' lang='lat' dir='ltr'><strong>et</strong></span> <span class='ocrx_word' id='word_1_762' title='bbox 3260 5090 3377 5142; x_wconf 69' lang='lat' dir='ltr'><strong>tltlte</strong></span> <span class='ocrx_word' id='word_1_763' title='bbox 3413 5076 3497 5129; x_wconf 87' lang='lat' dir='ltr'><strong>Itis</strong></span> <span class='ocrx_word' id='word_1_764' title='bbox 3542 5076 3791 5129; x_wconf 69' lang='lat' dir='ltr'><strong>similiter</strong></span> 
     </span>
    </p>
   </div>
   <div class='ocr_carea' id='block_1_113' title="bbox 2308 5247 3231 5315">
    <p class='ocr_par' dir='ltr' id='par_1_113' title="bbox 2308 5247 3231 5315">
     <span class='ocr_line' id='line_1_113' title="bbox 2308 5247 3231 5315; baseline 0.004 -15"><span class='ocrx_word' id='word_1_765' title='bbox 2308 5247 2382 5315; x_wconf 68' lang='lat' dir='ltr'><strong>(i)</strong></span> <span class='ocrx_word' id='word_1_766' title='bbox 2420 5248 2585 5315; x_wconf 64' lang='grc' dir='ltr'>’ἱερὸν</span> <span class='ocrx_word' id='word_1_767' title='bbox 2619 5247 2707 5299; x_wconf 84' lang='grc' dir='ltr'><strong>καί</strong></span> <span class='ocrx_word' id='word_1_768' title='bbox 2736 5250 2907 5300; x_wconf 77' lang='lat' dir='ltr'><strong>omitt.</strong></span> <span class='ocrx_word' id='word_1_769' title='bbox 2940 5248 3080 5301; x_wconf 85' lang='lat' dir='ltr'><strong>Mon.</strong></span> <span class='ocrx_word' id='word_1_770' title='bbox 3109 5248 3231 5303; x_wconf 71' lang='lat'><strong>256.</strong></span> 
     </span>
    </p>
   </div>
   <div class='ocr_carea' id='block_1_114' title="bbox 2310 5316 3747 5385">
    <p class='ocr_par' dir='ltr' id='par_1_114' title="bbox 2310 5316 3747 5385">
     <span class='ocr_line' id='line_1_114' title="bbox 2310 5316 3747 5385; baseline 0.001 -16"><span class='ocrx_word' id='word_1_771' title='bbox 2310 5319 2385 5384; x_wconf 71' lang='grc' dir='ltr'><strong>(ὅ)</strong></span> <span class='ocrx_word' id='word_1_772' title='bbox 2413 5319 2485 5371; x_wconf 87' lang='lat' dir='ltr'><strong>Ita</strong></span> <span class='ocrx_word' id='word_1_773' title='bbox 2518 5316 2657 5369; x_wconf 77' lang='lat' dir='ltr'><strong>Mon.</strong></span> <span class='ocrx_word' id='word_1_774' title='bbox 2689 5317 2791 5369; x_wconf 71' lang='lat'><strong>256</strong></span> <span class='ocrx_word' id='word_1_775' title='bbox 2830 5334 2845 5382; x_wconf 86' lang='lat'><strong>;</strong></span> <span class='ocrx_word' id='word_1_776' title='bbox 2880 5319 3023 5371; x_wconf 75' lang='lat' dir='ltr'><strong>Ilion.</strong></span> <span class='ocrx_word' id='word_1_777' title='bbox 3050 5318 3117 5372; x_wconf 73' lang='grc'><strong>27</strong></span> <span class='ocrx_word' id='word_1_778' title='bbox 3150 5323 3307 5374; x_wconf 88' lang='lat' dir='ltr'><strong>habet</strong></span> <span class='ocrx_word' id='word_1_779' title='bbox 3341 5319 3747 5385; x_wconf 77' lang='grc' dir='ltr'>κιϐδηλεύσασι.</span> 
     </span>
    </p>
   </div>
   <div class='ocr_carea' id='block_1_115' title="bbox 2314 5388 3797 5486">
    <p class='ocr_par' dir='ltr' id='par_1_115' title="bbox 2314 5388 3797 5486">
     <span class='ocr_line' id='line_1_115' title="bbox 2314 5388 3797 5486; baseline 0.003 -48"><span class='ocrx_word' id='word_1_780' title='bbox 2519 5390 2695 5440; x_wconf 89' lang='lat' dir='ltr'><strong>omitt.</strong></span> <span class='ocrx_word' id='word_1_781' title='bbox 2734 5388 2919 5456; x_wconf 55' lang='grc' dir='ltr'><strong>Λυδίη</strong></span> <span class='ocrx_word' id='word_1_782' title='bbox 2952 5390 3042 5458; x_wconf 90' lang='lat' dir='ltr'><strong>qui</strong></span> <span class='ocrx_word' id='word_1_783' title='bbox 3072 5393 3183 5444; x_wconf 69' lang='lat' dir='ltr'><strong>haec</strong></span> <span class='ocrx_word' id='word_1_784' title='bbox 3220 5394 3436 5445; x_wconf 77' lang='lat' dir='ltr'><strong>adducit</strong></span> <span class='ocrx_word' id='word_1_785' title='bbox 3464 5403 3514 5443; x_wconf 92' lang='lat' dir='ltr'><strong>c.</strong></span> <span class='ocrx_word' id='word_1_786' title='bbox 3543 5388 3797 5459; x_wconf 77' lang='lat' dir='ltr'><strong>Creygltt.</strong></span> 
     </span>
    </p>
   </div>
   <div class='ocr_carea' id='block_1_116' title="bbox 2247 5462 2993 5599">
    <p class='ocr_par' dir='ltr' id='par_1_116' title="bbox 2247 5462 2993 5599">
     <span class='ocr_line' id='line_1_116' title="bbox 2247 5462 2457 5528; baseline 0 -16"><span class='ocrx_word' id='word_1_787' title='bbox 2247 5474 2297 5528; x_wconf 89' lang='lat' dir='ltr'><strong>p.</strong></span> <span class='ocrx_word' id='word_1_788' title='bbox 2340 5462 2457 5512; x_wconf 69' lang='grc'>145.</span> 
     </span>
     <span class='ocr_line' id='line_1_117' title="bbox 2319 5528 2993 5599; baseline 0.003 -16"><span class='ocrx_word' id='word_1_789' title='bbox 2319 5530 2393 5599; x_wconf 85' lang='grc'><strong>(7)</strong></span> <span class='ocrx_word' id='word_1_790' title='bbox 2428 5530 2586 5584; x_wconf 82' lang='lat' dir='ltr'><strong>Allat.</strong></span> <span class='ocrx_word' id='word_1_791' title='bbox 2620 5528 2656 5582; x_wconf 88' lang='lat' dir='ltr'><strong>l.</strong></span> <span class='ocrx_word' id='word_1_792' title='bbox 2690 5543 2765 5594; x_wconf 89' lang='lat' dir='ltr'><strong>c.,</strong></span> <span class='ocrx_word' id='word_1_793' title='bbox 2796 5531 2993 5586; x_wconf 65' lang='grc' dir='ltr'>αὐτῶν.</span> 
     </span>
    </p>
   </div>
   <div class='ocr_carea' id='block_1_117' title="bbox 2247 5688 3807 5759">
    <p class='ocr_par' dir='ltr' id='par_1_117' title="bbox 2247 5688 3807 5759">
     <span class='ocr_line' id='line_1_118' title="bbox 2247 5688 3807 5759; baseline 0.003 -16"><span class='ocrx_word' id='word_1_794' title='bbox 2247 5688 2604 5759; x_wconf 69' lang='lat' dir='ltr'><strong>Creyghtom,</strong></span> <span class='ocrx_word' id='word_1_795' title='bbox 2639 5706 2688 5758; x_wconf 90' lang='lat' dir='ltr'><strong>p.</strong></span> <span class='ocrx_word' id='word_1_796' title='bbox 2742 5690 2842 5744; x_wconf 71' lang='grc'><strong>145</strong></span> <span class='ocrx_word' id='word_1_797' title='bbox 2878 5698 2933 5744; x_wconf 80' lang='lat' dir='ltr'><strong>et</strong></span> <span class='ocrx_word' id='word_1_798' title='bbox 2966 5691 3084 5756; x_wconf 77' lang='lat' dir='ltr'><strong>H6,</strong></span> <span class='ocrx_word' id='word_1_799' title='bbox 3141 5695 3312 5745; x_wconf 76' lang='lat' dir='ltr'><strong>utitur</strong></span> <span class='ocrx_word' id='word_1_800' title='bbox 3359 5698 3423 5744; x_wconf 71' lang='lat' dir='ltr'><strong>nd</strong></span> <span class='ocrx_word' id='word_1_801' title='bbox 3471 5691 3807 5757; x_wconf 52' lang='lat' dir='ltr'><strong>probandum</strong></span> 
     </span>
    </p>
   </div>
   <div class='ocr_carea' id='block_1_118' title="bbox 2249 5761 3639 5830">
    <p class='ocr_par' dir='ltr' id='par_1_118' title="bbox 2249 5761 3639 5830">
     <span class='ocr_line' id='line_1_119' title="bbox 2249 5761 3639 5830; baseline 0.001 -15"><span class='ocrx_word' id='word_1_802' title='bbox 2249 5765 2499 5816; x_wconf 88' lang='lat' dir='ltr'><strong>eumdem</strong></span> <span class='ocrx_word' id='word_1_803' title='bbox 2543 5761 2777 5830; x_wconf 80' lang='lat' dir='ltr'><strong>plurium</strong></span> <span class='ocrx_word' id='word_1_804' title='bbox 2815 5762 3077 5815; x_wconf 84' lang='lat' dir='ltr'><strong>librorum</strong></span> <span class='ocrx_word' id='word_1_805' title='bbox 3120 5765 3282 5816; x_wconf 67' lang='lat' dir='ltr'><strong>fuisse</strong></span> <span class='ocrx_word' id='word_1_806' title='bbox 3341 5774 3639 5817; x_wconf 65' lang='lat' dir='ltr'><strong>amtorem.</strong></span> 
     </span>
    </p>
   </div>
   <div class='ocr_carea' id='block_1_119' title="bbox 3345 5855 3380 5913">
    <p class='ocr_par' dir='ltr' id='par_1_119' title="bbox 3345 5855 3380 5913">
     <span class='ocr_line' id='line_1_120' title="bbox 3345 5855 3380 5913; baseline 0 0"><span class='ocrx_word' id='word_1_807' title='bbox 3345 5855 3380 5913; x_wconf 65' lang='lat' dir='ltr'><strong>lt</strong></span> 
     </span>
    </p>
   </div>
  </div>
