  <div class='ocr_page' id='page_1' title='image "/cluster/home/n/w/nwhite01/storage/ocr_20150623/160/nnc1.0046980687/063.png"; bbox 0 0 4470 6452; ppageno 0'>
   <div class='ocr_carea' id='block_1_1' title="bbox 742 385 836 440">
    <p class='ocr_par' dir='ltr' id='par_1_1' title="bbox 742 385 836 440">
     <span class='ocr_line' id='line_1_1' title="bbox 742 385 836 440; baseline 0.021 -2"><span class='ocrx_word' id='word_1_1' title='bbox 742 385 836 440; x_wconf 70' lang='grc' dir='ltr'>ὶίιῖ</span> 
     </span>
    </p>
   </div>
   <div class='ocr_carea' id='block_1_2' title="bbox 1680 363 3092 435">
    <p class='ocr_par' dir='ltr' id='par_1_2' title="bbox 1680 363 3092 435">
     <span class='ocr_line' id='line_1_2' title="bbox 1680 363 3092 435; baseline -0.009 0"><span class='ocrx_word' id='word_1_2' title='bbox 1680 372 2052 435; x_wconf 73' lang='lat' dir='ltr'>GltEGOlUI</span> <span class='ocrx_word' id='word_1_3' title='bbox 2097 364 2392 428; x_wconf 76' lang='grc' dir='ltr'>ΜΛΜΜᾹΞ</span> <span class='ocrx_word' id='word_1_4' title='bbox 2435 363 2542 426; x_wconf 84' lang='lat' dir='ltr'>CP.</span> <span class='ocrx_word' id='word_1_5' title='bbox 2581 364 3092 424; x_wconf 65' lang='lat' dir='ltr'>PATRIARCILE</span> 
     </span>
    </p>
   </div>
   <div class='ocr_carea' id='block_1_3' title="bbox 3870 331 3968 425">
    <p class='ocr_par' dir='ltr' id='par_1_3' title="bbox 3870 331 3968 425">
     <span class='ocr_line' id='line_1_3' title="bbox 3870 331 3968 425; baseline -0.041 0"><span class='ocrx_word' id='word_1_6' title='bbox 3870 331 3968 425; x_wconf 66' lang='lat' dir='ltr'>ms</span> 
     </span>
    </p>
   </div>
   <div class='ocr_carea' id='block_1_4' title="bbox 739 472 2504 562">
    <p class='ocr_par' dir='ltr' id='par_1_4' title="bbox 739 480 2504 562">
     <span class='ocr_line' id='line_1_4' title="bbox 739 480 2504 562; baseline -0.009 -18"><span class='ocrx_word' id='word_1_7' title='bbox 739 513 796 544; x_wconf 68' lang='grc' dir='ltr'>Μ·</span> <span class='ocrx_word' id='word_1_8' title='bbox 833 496 1049 557; x_wconf 77' lang='grc' dir='ltr'>ι.;ιῑ.ι-ιιι,</span> <span class='ocrx_word' id='word_1_9' title='bbox 1087 503 1271 562; x_wconf 77' lang='lat' dir='ltr'>aperte</span> <span class='ocrx_word' id='word_1_10' title='bbox 1329 491 1633 552; x_wconf 74' lang='lat' dir='ltr'>declarant,</span> <span class='ocrx_word' id='word_1_11' title='bbox 1685 503 1782 541; x_wconf 92' lang='lat' dir='ltr'>nos</span> <span class='ocrx_word' id='word_1_12' title='bbox 1818 484 1949 538; x_wconf 85' lang='lat' dir='ltr'>nihil</span> <span class='ocrx_word' id='word_1_13' title='bbox 2002 481 2294 534; x_wconf 90' lang='lat' dir='ltr'>confictutn</span> <span class='ocrx_word' id='word_1_14' title='bbox 2330 480 2373 535; x_wconf 82' lang='grc' dir='ltr'><strong>Α</strong></span> <span class='ocrx_word' id='word_1_15' title='bbox 2406 493 2504 544; x_wconf 62' lang='grc' dir='ltr'>παρ</span> 
     </span>
    </p>
   </div>
   <div class='ocr_carea' id='block_1_5' title="bbox 2205 472 3970 562">
    <p class='ocr_par' dir='ltr' id='par_1_5' title="bbox 2207 472 3970 544">
     <span class='ocr_line' id='line_1_5' title="bbox 2207 472 3970 544; baseline -0.004 -13"><span class='ocrx_word' id='word_1_16' title='bbox 2207 494 2294 531; x_wconf 91' lang='lat' dir='ltr'>utn</span> <span class='ocrx_word' id='word_1_17' title='bbox 2330 480 2373 535; x_wconf 81' lang='grc' dir='ltr'><strong>Α</strong></span> <span class='ocrx_word' id='word_1_18' title='bbox 2406 476 2778 544; x_wconf 84' lang='grc' dir='ltr'>παριστῶσιν,</span> <span class='ocrx_word' id='word_1_19' title='bbox 2815 475 2903 536; x_wconf 81' lang='grc' dir='ltr'>,ὡς</span> <span class='ocrx_word' id='word_1_20' title='bbox 2955 475 3108 527; x_wconf 79' lang='grc' dir='ltr'>οὐδὲν</span> <span class='ocrx_word' id='word_1_21' title='bbox 3159 472 3541 543; x_wconf 74' lang='grc' dir='ltr'>πεπλασμένον</span> <span class='ocrx_word' id='word_1_22' title='bbox 3593 475 3970 542; x_wconf 69' lang='grc' dir='ltr'>πεποιήκαμεν</span> 
     </span>
    </p>
   </div>
   <div class='ocr_carea' id='block_1_6' title="bbox 739 571 2294 654">
    <p class='ocr_par' dir='ltr' id='par_1_6' title="bbox 739 571 2294 654">
     <span class='ocr_line' id='line_1_6' title="bbox 739 571 2294 654; baseline -0.01 -17"><span class='ocrx_word' id='word_1_23' title='bbox 739 585 1010 654; x_wconf 66' lang='lat' dir='ltr'>peregisse</span> <span class='ocrx_word' id='word_1_24' title='bbox 1064 599 1240 652; x_wconf 88' lang='lat' dir='ltr'>neque</span> <span class='ocrx_word' id='word_1_25' title='bbox 1285 584 1532 652; x_wconf 66' lang='lat' dir='ltr'>Spurium</span> <span class='ocrx_word' id='word_1_26' title='bbox 1584 579 1876 647; x_wconf 82' lang='lat' dir='ltr'>quidquam</span> <span class='ocrx_word' id='word_1_27' title='bbox 1924 571 2294 626; x_wconf 82' lang='lat' dir='ltr'>introduxissc</span> 
     </span>
    </p>
   </div>
   <div class='ocr_carea' id='block_1_7' title="bbox 740 659 2295 741">
    <p class='ocr_par' dir='ltr' id='par_1_7' title="bbox 740 659 2295 741">
     <span class='ocr_line' id='line_1_7' title="bbox 740 659 2295 741; baseline -0.011 -16"><span class='ocrx_word' id='word_1_28' title='bbox 740 675 792 725; x_wconf 91' lang='lat' dir='ltr'>in</span> <span class='ocrx_word' id='word_1_29' title='bbox 825 689 1038 727; x_wconf 86' lang='lat' dir='ltr'>saerum</span> <span class='ocrx_word' id='word_1_30' title='bbox 1072 673 1406 741; x_wconf 80' lang='lat' dir='ltr'>Symbolum.</span> <span class='ocrx_word' id='word_1_31' title='bbox 1443 666 1902 738; x_wconf 72' lang='lat' dir='ltr'>quemadmodum</span> <span class='ocrx_word' id='word_1_32' title='bbox 1941 662 2068 715; x_wconf 89' lang='lat' dir='ltr'>olim</span> <span class='ocrx_word' id='word_1_33' title='bbox 2097 659 2176 712; x_wconf 87' lang='lat' dir='ltr'>illi</span> <span class='ocrx_word' id='word_1_34' title='bbox 2204 659 2295 725; x_wconf 88' lang='lat' dir='ltr'>qni</span> 
     </span>
    </p>
   </div>
   <div class='ocr_carea' id='block_1_8' title="bbox 739 751 2299 832">
    <p class='ocr_par' dir='ltr' id='par_1_8' title="bbox 739 751 2299 832">
     <span class='ocr_line' id='line_1_8' title="bbox 739 751 2299 832; baseline -0.013 -13"><span class='ocrx_word' id='word_1_35' title='bbox 739 779 929 818; x_wconf 78' lang='lat' dir='ltr'>vocem</span> <span class='ocrx_word' id='word_1_36' title='bbox 957 765 1195 832; x_wconf 77' lang='lat' dir='ltr'>ejusdem</span> <span class='ocrx_word' id='word_1_37' title='bbox 1237 761 1550 816; x_wconf 76' lang='lat' dir='ltr'>substantia:</span> <span class='ocrx_word' id='word_1_38' title='bbox 1592 773 1716 811; x_wconf 90' lang='lat' dir='ltr'>cum</span> <span class='ocrx_word' id='word_1_39' title='bbox 1756 769 1888 807; x_wconf 84' lang='lat' dir='ltr'>voce</span> <span class='ocrx_word' id='word_1_40' title='bbox 1939 751 2127 804; x_wconf 74' lang='lat' dir='ltr'>similis</span> <span class='ocrx_word' id='word_1_41' title='bbox 2175 751 2299 801; x_wconf 79' lang='lat' dir='ltr'>sub-</span> 
     </span>
    </p>
   </div>
   <div class='ocr_carea' id='block_1_9' title="bbox 739 845 2290 917">
    <p class='ocr_par' dir='ltr' id='par_1_9' title="bbox 739 845 2290 917">
     <span class='ocr_line' id='line_1_9' title="bbox 739 845 2290 917; baseline -0.011 -10"><span class='ocrx_word' id='word_1_42' title='bbox 739 857 949 908; x_wconf 78' lang='lat' dir='ltr'>stantia:</span> <span class='ocrx_word' id='word_1_43' title='bbox 985 862 1410 908; x_wconf 84' lang='lat' dir='ltr'>commutarunt.</span> <span class='ocrx_word' id='word_1_44' title='bbox 1474 849 1660 917; x_wconf 82' lang='lat' dir='ltr'>Neque</span> <span class='ocrx_word' id='word_1_45' title='bbox 1719 845 2012 900; x_wconf 88' lang='lat' dir='ltr'>secundam</span> <span class='ocrx_word' id='word_1_46' title='bbox 2072 853 2290 894; x_wconf 80' lang='lat' dir='ltr'>causam</span> 
     </span>
    </p>
   </div>
   <div class='ocr_carea' id='block_1_10' title="bbox 741 933 2302 1015">
    <p class='ocr_par' dir='ltr' id='par_1_10' title="bbox 741 933 2302 1015">
     <span class='ocr_line' id='line_1_10' title="bbox 741 933 2302 1015; baseline -0.011 -16"><span class='ocrx_word' id='word_1_47' title='bbox 741 947 914 999; x_wconf 84' lang='lat' dir='ltr'>sancti</span> <span class='ocrx_word' id='word_1_48' title='bbox 955 947 1190 1015; x_wconf 89' lang='lat' dir='ltr'>Spiritus</span> <span class='ocrx_word' id='word_1_49' title='bbox 1222 945 1454 997; x_wconf 87' lang='lat' dir='ltr'>dicimus</span> <span class='ocrx_word' id='word_1_50' title='bbox 1482 940 1704 1002; x_wconf 87' lang='lat' dir='ltr'>Filium,</span> <span class='ocrx_word' id='word_1_51' title='bbox 1745 947 1804 991; x_wconf 90' lang='lat' dir='ltr'>ut</span> <span class='ocrx_word' id='word_1_52' title='bbox 1843 938 1962 1004; x_wconf 88' lang='lat' dir='ltr'>ipse</span> <span class='ocrx_word' id='word_1_53' title='bbox 1989 941 2177 1003; x_wconf 87' lang='lat' dir='ltr'>putat;</span> <span class='ocrx_word' id='word_1_54' title='bbox 2223 933 2302 984; x_wconf 86' lang='lat' dir='ltr'>sic</span> 
     </span>
    </p>
   </div>
   <div class='ocr_carea' id='block_1_11' title="bbox 740 1025 2299 1092">
    <p class='ocr_par' dir='ltr' id='par_1_11' title="bbox 740 1025 2299 1092">
     <span class='ocr_line' id='line_1_11' title="bbox 740 1025 2299 1092; baseline -0.008 -5"><span class='ocrx_word' id='word_1_55' title='bbox 740 1037 884 1087; x_wconf 86' lang='lat' dir='ltr'>enim</span> <span class='ocrx_word' id='word_1_56' title='bbox 917 1046 970 1088; x_wconf 74' lang='lat' dir='ltr'>et</span> <span class='ocrx_word' id='word_1_57' title='bbox 1023 1037 1160 1087; x_wconf 59' lang='lat' dir='ltr'>duos</span> <span class='ocrx_word' id='word_1_58' title='bbox 1211 1033 1340 1088; x_wconf 74' lang='lat' dir='ltr'>deos</span> <span class='ocrx_word' id='word_1_59' title='bbox 1398 1032 1762 1089; x_wconf 77' lang='lat' dir='ltr'>crederemus,</span> <span class='ocrx_word' id='word_1_60' title='bbox 1803 1029 1944 1080; x_wconf 91' lang='lat' dir='ltr'>sicut</span> <span class='ocrx_word' id='word_1_61' title='bbox 1985 1025 2098 1092; x_wconf 89' lang='lat' dir='ltr'>ipse</span> <span class='ocrx_word' id='word_1_62' title='bbox 2155 1037 2299 1076; x_wconf 84' lang='lat' dir='ltr'>som-</span> 
     </span>
    </p>
   </div>
   <div class='ocr_carea' id='block_1_12' title="bbox 742 1114 2301 1183">
    <p class='ocr_par' dir='ltr' id='par_1_12' title="bbox 742 1114 2301 1183">
     <span class='ocr_line' id='line_1_12' title="bbox 742 1114 2301 1183; baseline -0.008 -5"><span class='ocrx_word' id='word_1_63' title='bbox 742 1129 945 1178; x_wconf 87' lang='lat' dir='ltr'>niatur.</span> <span class='ocrx_word' id='word_1_64' title='bbox 985 1129 1232 1178; x_wconf 86' lang='lat' dir='ltr'>Attamen</span> <span class='ocrx_word' id='word_1_65' title='bbox 1262 1133 1314 1177; x_wconf 82' lang='lat' dir='ltr'>et</span> <span class='ocrx_word' id='word_1_66' title='bbox 1342 1124 1406 1176; x_wconf 89' lang='lat' dir='ltr'>de</span> <span class='ocrx_word' id='word_1_67' title='bbox 1459 1123 1545 1175; x_wconf 94' lang='lat' dir='ltr'>his</span> <span class='ocrx_word' id='word_1_68' title='bbox 1596 1119 1872 1173; x_wconf 87' lang='lat' dir='ltr'>sufficiens</span> <span class='ocrx_word' id='word_1_69' title='bbox 1919 1131 2084 1183; x_wconf 86' lang='lat' dir='ltr'>supra</span> <span class='ocrx_word' id='word_1_70' title='bbox 2115 1114 2301 1167; x_wconf 90' lang='lat' dir='ltr'>datum</span> 
     </span>
    </p>
   </div>
   <div class='ocr_carea' id='block_1_13' title="bbox 742 1206 2304 1283">
    <p class='ocr_par' dir='ltr' id='par_1_13' title="bbox 742 1206 2304 1283">
     <span class='ocr_line' id='line_1_13' title="bbox 742 1206 2304 1283; baseline -0.008 -15"><span class='ocrx_word' id='word_1_71' title='bbox 742 1227 824 1269; x_wconf 88' lang='lat' dir='ltr'>est</span> <span class='ocrx_word' id='word_1_72' title='bbox 857 1233 1201 1283; x_wconf 77' lang='lat' dir='ltr'>responsum.</span> <span class='ocrx_word' id='word_1_73' title='bbox 1237 1216 1391 1279; x_wconf 83' lang='lat' dir='ltr'>Quod</span> <span class='ocrx_word' id='word_1_74' title='bbox 1449 1221 1630 1266; x_wconf 89' lang='lat' dir='ltr'>autem</span> <span class='ocrx_word' id='word_1_75' title='bbox 1691 1218 1900 1280; x_wconf 88' lang='lat' dir='ltr'>spectat</span> <span class='ocrx_word' id='word_1_76' title='bbox 1940 1209 2007 1262; x_wconf 90' lang='lat' dir='ltr'>ad</span> <span class='ocrx_word' id='word_1_77' title='bbox 2062 1206 2304 1273; x_wconf 88' lang='lat' dir='ltr'>reliquas</span> 
     </span>
    </p>
   </div>
   <div class='ocr_carea' id='block_1_14' title="bbox 745 1295 2305 1371">
    <p class='ocr_par' dir='ltr' id='par_1_14' title="bbox 745 1295 2305 1371">
     <span class='ocr_line' id='line_1_14' title="bbox 745 1295 2305 1371; baseline -0.004 -18"><span class='ocrx_word' id='word_1_78' title='bbox 745 1306 1131 1365; x_wconf 60' lang='lat' dir='ltr'>absurditatcs,</span> <span class='ocrx_word' id='word_1_79' title='bbox 1173 1318 1309 1371; x_wconf 88' lang='lat' dir='ltr'>quas</span> <span class='ocrx_word' id='word_1_80' title='bbox 1338 1303 1553 1355; x_wconf 89' lang='lat' dir='ltr'>silentio</span> <span class='ocrx_word' id='word_1_81' title='bbox 1587 1301 1844 1370; x_wconf 62' lang='lat' dir='ltr'>praeterit,</span> <span class='ocrx_word' id='word_1_82' title='bbox 1894 1299 1938 1350; x_wconf 89' lang='lat' dir='ltr'>si</span> <span class='ocrx_word' id='word_1_83' title='bbox 1986 1296 2207 1365; x_wconf 83' lang='lat' dir='ltr'>quidem</span> <span class='ocrx_word' id='word_1_84' title='bbox 2239 1295 2305 1347; x_wconf 84' lang='lat' dir='ltr'>de</span> 
     </span>
    </p>
   </div>
   <div class='ocr_carea' id='block_1_15' title="bbox 746 1388 2302 1456">
    <p class='ocr_par' dir='ltr' id='par_1_15' title="bbox 746 1388 2302 1456">
     <span class='ocr_line' id='line_1_15' title="bbox 746 1388 2302 1456; baseline -0.005 -11"><span class='ocrx_word' id='word_1_85' title='bbox 746 1395 1081 1447; x_wconf 88' lang='lat' dir='ltr'>beatitudine</span> <span class='ocrx_word' id='word_1_86' title='bbox 1116 1409 1177 1446; x_wconf 87' lang='lat' dir='ltr'>ac</span> <span class='ocrx_word' id='word_1_87' title='bbox 1215 1394 1474 1447; x_wconf 90' lang='lat' dir='ltr'>fruitione</span> <span class='ocrx_word' id='word_1_88' title='bbox 1501 1400 1813 1446; x_wconf 81' lang='lat' dir='ltr'>sanctorum</span> <span class='ocrx_word' id='word_1_89' title='bbox 1849 1388 2113 1456; x_wconf 80' lang='lat' dir='ltr'>loquitur,</span> <span class='ocrx_word' id='word_1_90' title='bbox 2138 1399 2302 1454; x_wconf 83' lang='lat' dir='ltr'>quam</span> 
     </span>
    </p>
   </div>
   <div class='ocr_carea' id='block_1_16' title="bbox 747 1475 2302 1550">
    <p class='ocr_par' dir='ltr' id='par_1_16' title="bbox 747 1475 2302 1550">
     <span class='ocr_line' id='line_1_16' title="bbox 747 1475 2302 1550; baseline -0.005 -17"><span class='ocrx_word' id='word_1_91' title='bbox 747 1487 982 1536; x_wconf 67' lang='lat' dir='ltr'>maxime</span> <span class='ocrx_word' id='word_1_92' title='bbox 1038 1486 1152 1550; x_wconf 90' lang='lat' dir='ltr'>ipse</span> <span class='ocrx_word' id='word_1_93' title='bbox 1213 1484 1432 1536; x_wconf 79' lang='lat' dir='ltr'>sibimet</span> <span class='ocrx_word' id='word_1_94' title='bbox 1483 1487 1745 1548; x_wconf 77' lang='lat' dir='ltr'>repugnat</span> <span class='ocrx_word' id='word_1_95' title='bbox 1800 1478 1852 1531; x_wconf 89' lang='lat' dir='ltr'>in</span> <span class='ocrx_word' id='word_1_96' title='bbox 1907 1492 1969 1529; x_wconf 90' lang='lat' dir='ltr'>ea</span> <span class='ocrx_word' id='word_1_97' title='bbox 2033 1475 2302 1538; x_wconf 84' lang='lat' dir='ltr'>oratione,</span> 
     </span>
    </p>
   </div>
   <div class='ocr_carea' id='block_1_17' title="bbox 747 1564 2307 1643">
    <p class='ocr_par' dir='ltr' id='par_1_17' title="bbox 747 1564 2307 1643">
     <span class='ocr_line' id='line_1_17' title="bbox 747 1564 2307 1643; baseline -0.008 -16"><span class='ocrx_word' id='word_1_98' title='bbox 747 1592 906 1643; x_wconf 78' lang='lat' dir='ltr'>quam</span> <span class='ocrx_word' id='word_1_99' title='bbox 941 1577 991 1626; x_wconf 89' lang='lat' dir='ltr'>in</span> <span class='ocrx_word' id='word_1_100' title='bbox 1029 1586 1275 1627; x_wconf 88' lang='lat' dir='ltr'>sanctum</span> <span class='ocrx_word' id='word_1_101' title='bbox 1320 1572 1491 1624; x_wconf 85' lang='lat' dir='ltr'>Eliam</span> <span class='ocrx_word' id='word_1_102' title='bbox 1550 1569 1734 1622; x_wconf 88' lang='lat' dir='ltr'>edidit.</span> <span class='ocrx_word' id='word_1_103' title='bbox 1781 1569 1870 1618; x_wconf 84' lang='lat' dir='ltr'>Ait</span> <span class='ocrx_word' id='word_1_104' title='bbox 1902 1567 2042 1618; x_wconf 87' lang='lat' dir='ltr'>enim</span> <span class='ocrx_word' id='word_1_105' title='bbox 2079 1583 2091 1618; x_wconf 90' lang='lat'><strong>:</strong></span> <span class='ocrx_word' id='word_1_106' title='bbox 2133 1582 2152 1614; x_wconf 77' lang='grc' dir='ltr'>ι</span> <span class='ocrx_word' id='word_1_107' title='bbox 2197 1564 2307 1631; x_wconf 86' lang='lat' dir='ltr'>Ego</span> 
     </span>
    </p>
   </div>
   <div class='ocr_carea' id='block_1_18' title="bbox 749 1656 2307 1734">
    <p class='ocr_par' dir='ltr' id='par_1_18' title="bbox 749 1656 2307 1734">
     <span class='ocr_line' id='line_1_18' title="bbox 749 1656 2307 1734; baseline -0.007 -17"><span class='ocrx_word' id='word_1_108' title='bbox 749 1684 894 1731; x_wconf 87' lang='lat' dir='ltr'>vero,</span> <span class='ocrx_word' id='word_1_109' title='bbox 954 1670 1094 1734; x_wconf 88' lang='lat' dir='ltr'>quod</span> <span class='ocrx_word' id='word_1_110' title='bbox 1161 1682 1305 1718; x_wconf 92' lang='lat' dir='ltr'>nunc</span> <span class='ocrx_word' id='word_1_111' title='bbox 1357 1666 1479 1716; x_wconf 87' lang='lat' dir='ltr'>licet</span> <span class='ocrx_word' id='word_1_112' title='bbox 1535 1661 1660 1726; x_wconf 87' lang='lat' dir='ltr'>ipsi,</span> <span class='ocrx_word' id='word_1_113' title='bbox 1738 1661 1881 1712; x_wconf 78' lang='lat' dir='ltr'>sicut</span> <span class='ocrx_word' id='word_1_114' title='bbox 1924 1667 1979 1710; x_wconf 90' lang='lat' dir='ltr'>et</span> <span class='ocrx_word' id='word_1_115' title='bbox 2021 1656 2307 1709; x_wconf 83' lang='lat' dir='ltr'>animabus</span> 
     </span>
    </p>
   </div>
   <div class='ocr_carea' id='block_1_19' title="bbox 747 1749 2305 1824">
    <p class='ocr_par' dir='ltr' id='par_1_19' title="bbox 747 1749 2305 1824">
     <span class='ocr_line' id='line_1_19' title="bbox 747 1749 2305 1824; baseline -0.007 -14"><span class='ocrx_word' id='word_1_116' title='bbox 747 1773 1081 1820; x_wconf 71' lang='lat' dir='ltr'>sanctorum,</span> <span class='ocrx_word' id='word_1_117' title='bbox 1150 1759 1456 1824; x_wconf 81' lang='lat' dir='ltr'>ubicunque</span> <span class='ocrx_word' id='word_1_118' title='bbox 1538 1754 1668 1814; x_wconf 78' lang='lat' dir='ltr'>vult,</span> <span class='ocrx_word' id='word_1_119' title='bbox 1727 1749 2025 1804; x_wconf 85' lang='lat' dir='ltr'>secundum</span> <span class='ocrx_word' id='word_1_120' title='bbox 2094 1758 2305 1814; x_wconf 80' lang='lat' dir='ltr'>tempus</span> 
     </span>
    </p>
   </div>
   <div class='ocr_carea' id='block_1_20' title="bbox 747 1843 2301 1914">
    <p class='ocr_par' dir='ltr' id='par_1_20' title="bbox 747 1843 2301 1914">
     <span class='ocr_line' id='line_1_20' title="bbox 747 1843 2301 1914; baseline -0.006 -13"><span class='ocrx_word' id='word_1_121' title='bbox 747 1853 1094 1912; x_wconf 81' lang='lat' dir='ltr'>commorari,</span> <span class='ocrx_word' id='word_1_122' title='bbox 1123 1851 1249 1900; x_wconf 92' lang='lat' dir='ltr'>dum</span> <span class='ocrx_word' id='word_1_123' title='bbox 1283 1850 1333 1900; x_wconf 88' lang='lat' dir='ltr'>in</span> <span class='ocrx_word' id='word_1_124' title='bbox 1369 1846 1607 1914; x_wconf 79' lang='lat' dir='ltr'>propriis</span> <span class='ocrx_word' id='word_1_125' title='bbox 1641 1843 1858 1912; x_wconf 88' lang='lat' dir='ltr'>templis</span> <span class='ocrx_word' id='word_1_126' title='bbox 1885 1843 2118 1894; x_wconf 88' lang='lat' dir='ltr'>libenter</span> <span class='ocrx_word' id='word_1_127' title='bbox 2151 1855 2301 1894; x_wconf 83' lang='lat' dir='ltr'>man-</span> 
     </span>
    </p>
   </div>
   <div class='ocr_carea' id='block_1_21' title="bbox 749 1930 2304 2004">
    <p class='ocr_par' dir='ltr' id='par_1_21' title="bbox 749 1930 2304 2004">
     <span class='ocr_line' id='line_1_21' title="bbox 749 1930 2304 2004; baseline -0.008 -10"><span class='ocrx_word' id='word_1_128' title='bbox 749 1944 957 1995; x_wconf 73' lang='lat' dir='ltr'>sionem</span> <span class='ocrx_word' id='word_1_129' title='bbox 993 1942 1117 1994; x_wconf 81' lang='lat' dir='ltr'>facit</span> <span class='ocrx_word' id='word_1_130' title='bbox 1148 1950 1201 1993; x_wconf 89' lang='lat' dir='ltr'>et</span> <span class='ocrx_word' id='word_1_131' title='bbox 1235 1941 1298 1992; x_wconf 87' lang='lat' dir='ltr'>iis</span> <span class='ocrx_word' id='word_1_132' title='bbox 1341 1938 1430 2004; x_wconf 90' lang='lat' dir='ltr'>qui</span> <span class='ocrx_word' id='word_1_133' title='bbox 1481 1951 1581 2004; x_wconf 93' lang='lat' dir='ltr'>ope</span> <span class='ocrx_word' id='word_1_134' title='bbox 1621 1934 1850 2001; x_wconf 78' lang='lat' dir='ltr'>singulis</span> <span class='ocrx_word' id='word_1_135' title='bbox 1890 1931 2106 1984; x_wconf 74' lang='lat' dir='ltr'>vicibus</span> <span class='ocrx_word' id='word_1_136' title='bbox 2158 1930 2304 1982; x_wconf 79' lang='lat' dir='ltr'>indi-</span> 
     </span>
    </p>
   </div>
   <div class='ocr_carea' id='block_1_22' title="bbox 749 2029 2301 2102">
    <p class='ocr_par' dir='ltr' id='par_1_22' title="bbox 749 2029 2301 2102">
     <span class='ocr_line' id='line_1_22' title="bbox 749 2029 2301 2102; baseline -0.009 -14"><span class='ocrx_word' id='word_1_137' title='bbox 749 2048 893 2102; x_wconf 82' lang='lat' dir='ltr'>gent.</span> <span class='ocrx_word' id='word_1_138' title='bbox 935 2036 1170 2096; x_wconf 78' lang='lat' dir='ltr'>advenit,</span> <span class='ocrx_word' id='word_1_139' title='bbox 1204 2043 1256 2085; x_wconf 89' lang='lat' dir='ltr'>et</span> <span class='ocrx_word' id='word_1_140' title='bbox 1294 2029 1661 2083; x_wconf 84' lang='lat' dir='ltr'>necessarium</span> <span class='ocrx_word' id='word_1_141' title='bbox 1707 2035 1760 2079; x_wconf 90' lang='lat' dir='ltr'>et</span> <span class='ocrx_word' id='word_1_142' title='bbox 1795 2039 1980 2077; x_wconf 74' lang='lat' dir='ltr'>verum</span> <span class='ocrx_word' id='word_1_143' title='bbox 2013 2038 2135 2076; x_wconf 89' lang='lat' dir='ltr'>esse</span> <span class='ocrx_word' id='word_1_144' title='bbox 2174 2037 2301 2075; x_wconf 87' lang='lat' dir='ltr'>ceu-</span> 
     </span>
    </p>
   </div>
   <div class='ocr_carea' id='block_1_23' title="bbox 750 2117 2305 2191">
    <p class='ocr_par' dir='ltr' id='par_1_23' title="bbox 750 2117 2305 2191">
     <span class='ocr_line' id='line_1_23' title="bbox 750 2117 2305 2191; baseline -0.005 -16"><span class='ocrx_word' id='word_1_145' title='bbox 750 2140 876 2188; x_wconf 78' lang='lat' dir='ltr'>seo;</span> <span class='ocrx_word' id='word_1_146' title='bbox 917 2141 1022 2177; x_wconf 91' lang='lat' dir='ltr'>non</span> <span class='ocrx_word' id='word_1_147' title='bbox 1067 2139 1189 2177; x_wconf 77' lang='lat' dir='ltr'>vero</span> <span class='ocrx_word' id='word_1_148' title='bbox 1215 2132 1496 2191; x_wconf 67' lang='lat' dir='ltr'>prepterea</span> <span class='ocrx_word' id='word_1_149' title='bbox 1541 2133 1663 2171; x_wconf 90' lang='lat' dir='ltr'>eum</span> <span class='ocrx_word' id='word_1_150' title='bbox 1705 2118 1874 2171; x_wconf 58' lang='lat' dir='ltr'>caelos</span> <span class='ocrx_word' id='word_1_151' title='bbox 1926 2117 2305 2182; x_wconf 79' lang='lat' dir='ltr'>derelinquere</span> 
     </span>
    </p>
   </div>
   <div class='ocr_carea' id='block_1_24' title="bbox 747 2207 2304 2284">
    <p class='ocr_par' dir='ltr' id='par_1_24' title="bbox 747 2207 2304 2284">
     <span class='ocr_line' id='line_1_24' title="bbox 747 2207 2304 2284; baseline -0.003 -18"><span class='ocrx_word' id='word_1_152' title='bbox 747 2217 974 2268; x_wconf 79' lang='lat' dir='ltr'>dixerim</span> <span class='ocrx_word' id='word_1_153' title='bbox 1003 2230 1065 2268; x_wconf 93' lang='lat' dir='ltr'>ac</span> <span class='ocrx_word' id='word_1_154' title='bbox 1090 2216 1269 2268; x_wconf 88' lang='lat' dir='ltr'>lumen</span> <span class='ocrx_word' id='word_1_155' title='bbox 1303 2214 1372 2265; x_wconf 87' lang='lat' dir='ltr'>ibi</span> <span class='ocrx_word' id='word_1_156' title='bbox 1417 2212 1771 2284; x_wconf 87' lang='lat' dir='ltr'>resplenden_s</span> <span class='ocrx_word' id='word_1_157' title='bbox 1830 2219 1882 2263; x_wconf 88' lang='lat' dir='ltr'>et</span> <span class='ocrx_word' id='word_1_158' title='bbox 1942 2223 2064 2260; x_wconf 91' lang='lat' dir='ltr'>cum</span> <span class='ocrx_word' id='word_1_159' title='bbox 2100 2207 2304 2276; x_wconf 81' lang='lat' dir='ltr'>angelis</span> 
     </span>
    </p>
   </div>
   <div class='ocr_carea' id='block_1_25' title="bbox 749 2300 2303 2363">
    <p class='ocr_par' dir='ltr' id='par_1_25' title="bbox 749 2300 2303 2363">
     <span class='ocr_line' id='line_1_25' title="bbox 749 2300 2303 2363; baseline -0.005 -4"><span class='ocrx_word' id='word_1_160' title='bbox 749 2307 1112 2359; x_wconf 87' lang='lat' dir='ltr'>assistentiam</span> <span class='ocrx_word' id='word_1_161' title='bbox 1178 2319 1359 2358; x_wconf 88' lang='lat' dir='ltr'>coram</span> <span class='ocrx_word' id='word_1_162' title='bbox 1418 2317 1632 2355; x_wconf 89' lang='lat' dir='ltr'>summo</span> <span class='ocrx_word' id='word_1_163' title='bbox 1702 2301 1970 2363; x_wconf 89' lang='lat' dir='ltr'>Domino;</span> <span class='ocrx_word' id='word_1_164' title='bbox 2031 2300 2108 2354; x_wconf 89' lang='lat' dir='ltr'>sic</span> <span class='ocrx_word' id='word_1_165' title='bbox 2159 2301 2303 2353; x_wconf 89' lang='lat' dir='ltr'>enim</span> 
     </span>
    </p>
   </div>
   <div class='ocr_carea' id='block_1_26' title="bbox 752 2392 2304 2464">
    <p class='ocr_par' dir='ltr' id='par_1_26' title="bbox 752 2392 2304 2464">
     <span class='ocr_line' id='line_1_26' title="bbox 752 2392 2304 2464; baseline -0.005 -14"><span class='ocrx_word' id='word_1_166' title='bbox 752 2401 932 2452; x_wconf 89' lang='lat' dir='ltr'>minus</span> <span class='ocrx_word' id='word_1_167' title='bbox 965 2414 1124 2464; x_wconf 80' lang='lat' dir='ltr'>quam</span> <span class='ocrx_word' id='word_1_168' title='bbox 1183 2396 1361 2450; x_wconf 58' lang='lat' dir='ltr'>caeteri</span> <span class='ocrx_word' id='word_1_169' title='bbox 1395 2394 1565 2448; x_wconf 90' lang='lat' dir='ltr'>sancti</span> <span class='ocrx_word' id='word_1_170' title='bbox 1604 2393 1829 2447; x_wconf 84' lang='lat' dir='ltr'>haberet</span> <span class='ocrx_word' id='word_1_171' title='bbox 1893 2394 1957 2455; x_wconf 89' lang='lat' dir='ltr'>is,</span> <span class='ocrx_word' id='word_1_172' title='bbox 2013 2392 2104 2459; x_wconf 88' lang='lat' dir='ltr'>qui</span> <span class='ocrx_word' id='word_1_173' title='bbox 2144 2406 2304 2457; x_wconf 84' lang='lat' dir='ltr'>super</span> 
     </span>
    </p>
   </div>
   <div class='ocr_carea' id='block_1_27' title="bbox 750 2485 2303 2554">
    <p class='ocr_par' dir='ltr' id='par_1_27' title="bbox 750 2485 2303 2554">
     <span class='ocr_line' id='line_1_27' title="bbox 750 2485 2303 2554; baseline -0.005 -11"><span class='ocrx_word' id='word_1_174' title='bbox 750 2507 937 2543; x_wconf 90' lang='lat' dir='ltr'>onmes</span> <span class='ocrx_word' id='word_1_175' title='bbox 971 2492 1079 2542; x_wconf 90' lang='lat' dir='ltr'>fere</span> <span class='ocrx_word' id='word_1_176' title='bbox 1112 2497 1218 2550; x_wconf 91' lang='lat' dir='ltr'>est,</span> <span class='ocrx_word' id='word_1_177' title='bbox 1264 2488 1306 2540; x_wconf 91' lang='lat' dir='ltr'>si</span> <span class='ocrx_word' id='word_1_178' title='bbox 1358 2487 1577 2554; x_wconf 87' lang='lat' dir='ltr'>quidem</span> <span class='ocrx_word' id='word_1_179' title='bbox 1625 2485 1768 2546; x_wconf 90' lang='lat' dir='ltr'>ideo,</span> <span class='ocrx_word' id='word_1_180' title='bbox 1800 2485 1925 2552; x_wconf 90' lang='lat' dir='ltr'>quia</span> <span class='ocrx_word' id='word_1_181' title='bbox 1952 2499 2113 2536; x_wconf 90' lang='lat' dir='ltr'>carne</span> <span class='ocrx_word' id='word_1_182' title='bbox 2140 2485 2303 2536; x_wconf 92' lang='lat' dir='ltr'>indu-</span> 
     </span>
    </p>
   </div>
   <div class='ocr_carea' id='block_1_28' title="bbox 755 2576 2305 2648">
    <p class='ocr_par' dir='ltr' id='par_1_28' title="bbox 755 2576 2305 2648">
     <span class='ocr_line' id='line_1_28' title="bbox 755 2576 2305 2648; baseline -0.005 -16"><span class='ocrx_word' id='word_1_183' title='bbox 755 2593 843 2634; x_wconf 91' lang='lat' dir='ltr'>tus</span> <span class='ocrx_word' id='word_1_184' title='bbox 869 2592 947 2633; x_wconf 88' lang='lat' dir='ltr'>est</span> <span class='ocrx_word' id='word_1_185' title='bbox 984 2581 1083 2648; x_wconf 88' lang='lat' dir='ltr'>(a),</span> <span class='ocrx_word' id='word_1_186' title='bbox 1111 2594 1138 2631; x_wconf 91' lang='lat' dir='ltr'>a</span> <span class='ocrx_word' id='word_1_187' title='bbox 1169 2577 1551 2631; x_wconf 89' lang='lat' dir='ltr'>communione</span> <span class='ocrx_word' id='word_1_188' title='bbox 1599 2590 1721 2629; x_wconf 88' lang='lat' dir='ltr'>cum</span> <span class='ocrx_word' id='word_1_189' title='bbox 1759 2576 1894 2643; x_wconf 86' lang='lat' dir='ltr'>ipsis</span> <span class='ocrx_word' id='word_1_190' title='bbox 1924 2586 1976 2628; x_wconf 91' lang='lat' dir='ltr'>et</span> <span class='ocrx_word' id='word_1_191' title='bbox 2008 2590 2037 2627; x_wconf 91' lang='lat' dir='ltr'>a</span> <span class='ocrx_word' id='word_1_192' title='bbox 2065 2586 2305 2628; x_wconf 86' lang='lat' dir='ltr'>contem-</span> 
     </span>
    </p>
   </div>
   <div class='ocr_carea' id='block_1_29' title="bbox 756 2667 2308 2740">
    <p class='ocr_par' dir='ltr' id='par_1_29' title="bbox 756 2667 2308 2740">
     <span class='ocr_line' id='line_1_29' title="bbox 756 2667 2308 2740; baseline -0.003 -17"><span class='ocrx_word' id='word_1_193' title='bbox 756 2673 995 2740; x_wconf 89' lang='lat' dir='ltr'>platione</span> <span class='ocrx_word' id='word_1_194' title='bbox 1038 2669 1131 2721; x_wconf 72' lang='lat' dir='ltr'>Dei</span> <span class='ocrx_word' id='word_1_195' title='bbox 1167 2669 1232 2720; x_wconf 89' lang='lat' dir='ltr'>ad</span> <span class='ocrx_word' id='word_1_196' title='bbox 1267 2667 1458 2720; x_wconf 83' lang='lat' dir='ltr'>faciem</span> <span class='ocrx_word' id='word_1_197' title='bbox 1515 2674 1801 2732; x_wconf 84' lang='lat' dir='ltr'>separatus</span> <span class='ocrx_word' id='word_1_198' title='bbox 1847 2675 2013 2730; x_wconf 88' lang='lat' dir='ltr'>esset,</span> <span class='ocrx_word' id='word_1_199' title='bbox 2047 2681 2150 2734; x_wconf 89' lang='lat' dir='ltr'>qua</span> <span class='ocrx_word' id='word_1_200' title='bbox 2196 2668 2308 2719; x_wconf 78' lang='lat' dir='ltr'>exi-</span> 
     </span>
    </p>
   </div>
   <div class='ocr_carea' id='block_1_30' title="bbox 755 2755 2306 2828">
    <p class='ocr_par' dir='ltr' id='par_1_30' title="bbox 755 2755 2306 2828">
     <span class='ocr_line' id='line_1_30' title="bbox 755 2755 2306 2828; baseline -0.005 -11"><span class='ocrx_word' id='word_1_201' title='bbox 755 2765 867 2817; x_wconf 88' lang='lat' dir='ltr'>mio</span> <span class='ocrx_word' id='word_1_202' title='bbox 909 2762 1068 2814; x_wconf 91' lang='lat' dir='ltr'>modo</span> <span class='ocrx_word' id='word_1_203' title='bbox 1098 2775 1192 2828; x_wconf 90' lang='lat' dir='ltr'>per</span> <span class='ocrx_word' id='word_1_204' title='bbox 1225 2772 1438 2813; x_wconf 91' lang='lat' dir='ltr'>omnem</span> <span class='ocrx_word' id='word_1_205' title='bbox 1483 2757 1643 2809; x_wconf 87' lang='lat' dir='ltr'>vitam</span> <span class='ocrx_word' id='word_1_206' title='bbox 1678 2756 1978 2809; x_wconf 88' lang='lat' dir='ltr'>fruebatur.</span> <span class='ocrx_word' id='word_1_207' title='bbox 2017 2774 2035 2806; x_wconf 74' lang='grc' dir='ltr'>ι</span> <span class='ocrx_word' id='word_1_208' title='bbox 2072 2755 2173 2810; x_wconf 88' lang='lat' dir='ltr'>Per</span> <span class='ocrx_word' id='word_1_209' title='bbox 2204 2757 2306 2810; x_wconf 91' lang='lat' dir='ltr'>hoc</span> 
     </span>
    </p>
   </div>
   <div class='ocr_carea' id='block_1_31' title="bbox 753 2847 2306 2921">
    <p class='ocr_par' dir='ltr' id='par_1_31' title="bbox 753 2847 2306 2921">
     <span class='ocr_line' id='line_1_31' title="bbox 753 2847 2306 2921; baseline -0.003 -16"><span class='ocrx_word' id='word_1_210' title='bbox 753 2853 920 2921; x_wconf 90' lang='lat' dir='ltr'>igitur</span> <span class='ocrx_word' id='word_1_211' title='bbox 953 2852 1156 2904; x_wconf 89' lang='lat' dir='ltr'>clarum</span> <span class='ocrx_word' id='word_1_212' title='bbox 1191 2858 1275 2902; x_wconf 85' lang='lat' dir='ltr'>est</span> <span class='ocrx_word' id='word_1_213' title='bbox 1308 2847 1553 2901; x_wconf 86' lang='lat' dir='ltr'>confiteri</span> <span class='ocrx_word' id='word_1_214' title='bbox 1586 2856 1642 2899; x_wconf 91' lang='lat' dir='ltr'>et</span> <span class='ocrx_word' id='word_1_215' title='bbox 1684 2848 1888 2914; x_wconf 85' lang='lat' dir='ltr'>ipsum,</span> <span class='ocrx_word' id='word_1_216' title='bbox 1933 2857 2151 2901; x_wconf 88' lang='lat' dir='ltr'>sanctos</span> <span class='ocrx_word' id='word_1_217' title='bbox 2180 2848 2306 2901; x_wconf 86' lang='lat' dir='ltr'>bea-</span> 
     </span>
    </p>
   </div>
   <div class='ocr_carea' id='block_1_32' title="bbox 753 2941 2308 3014">
    <p class='ocr_par' dir='ltr' id='par_1_32' title="bbox 753 2941 2308 3014">
     <span class='ocr_line' id='line_1_32' title="bbox 753 2941 2308 3014; baseline -0.003 -16"><span class='ocrx_word' id='word_1_218' title='bbox 753 2945 986 2999; x_wconf 89' lang='lat' dir='ltr'>titudine</span> <span class='ocrx_word' id='word_1_219' title='bbox 1022 2944 1228 3014; x_wconf 89' lang='lat' dir='ltr'>perfrui</span> <span class='ocrx_word' id='word_1_220' title='bbox 1255 2942 1352 3011; x_wconf 89' lang='lat' dir='ltr'>(b),</span> <span class='ocrx_word' id='word_1_221' title='bbox 1380 2941 1482 2995; x_wconf 88' lang='lat' dir='ltr'>nisi</span> <span class='ocrx_word' id='word_1_222' title='bbox 1517 2941 1657 2994; x_wconf 86' lang='lat' dir='ltr'>forte</span> <span class='ocrx_word' id='word_1_223' title='bbox 1696 2941 1841 2994; x_wconf 92' lang='lat' dir='ltr'>aliud</span> <span class='ocrx_word' id='word_1_224' title='bbox 1873 2941 2150 3009; x_wconf 88' lang='lat' dir='ltr'>quidpiam</span> <span class='ocrx_word' id='word_1_225' title='bbox 2182 2957 2308 2996; x_wconf 85' lang='lat' dir='ltr'>cen-</span> 
     </span>
    </p>
   </div>
   <div class='ocr_carea' id='block_1_33' title="bbox 751 3032 2309 3102">
    <p class='ocr_par' dir='ltr' id='par_1_33' title="bbox 751 3032 2309 3102">
     <span class='ocr_line' id='line_1_33' title="bbox 751 3032 2309 3102; baseline -0.004 -11"><span class='ocrx_word' id='word_1_226' title='bbox 751 3049 832 3091; x_wconf 80' lang='lat' dir='ltr'>set</span> <span class='ocrx_word' id='word_1_227' title='bbox 901 3036 1293 3090; x_wconf 88' lang='lat' dir='ltr'>beatitudinem</span> <span class='ocrx_word' id='word_1_228' title='bbox 1355 3048 1381 3085; x_wconf 92' lang='lat' dir='ltr'>a</span> <span class='ocrx_word' id='word_1_229' title='bbox 1424 3033 1884 3102; x_wconf 86' lang='lat' dir='ltr'>contemplatione</span> <span class='ocrx_word' id='word_1_230' title='bbox 1945 3032 2040 3085; x_wconf 89' lang='lat' dir='ltr'>Dei</span> <span class='ocrx_word' id='word_1_231' title='bbox 2106 3033 2170 3086; x_wconf 91' lang='lat' dir='ltr'>ad</span> <span class='ocrx_word' id='word_1_232' title='bbox 2229 3033 2309 3086; x_wconf 78' lang='lat' dir='ltr'>fa-</span> 
     </span>
    </p>
   </div>
   <div class='ocr_carea' id='block_1_34' title="bbox 2401 563 3971 633">
    <p class='ocr_par' dir='ltr' id='par_1_34' title="bbox 2401 563 3971 633">
     <span class='ocr_line' id='line_1_34' title="bbox 2401 563 3971 633; baseline -0.004 -15"><span class='ocrx_word' id='word_1_233' title='bbox 2401 568 2520 618; x_wconf 78' lang='grc' dir='ltr'>οὐδὲ</span> <span class='ocrx_word' id='word_1_234' title='bbox 2566 567 2819 631; x_wconf 78' lang='grc' dir='ltr'>κίϐδηλόν</span> <span class='ocrx_word' id='word_1_235' title='bbox 2859 583 2909 617; x_wconf 85' lang='grc' dir='ltr'>τι</span> <span class='ocrx_word' id='word_1_236' title='bbox 2959 566 3034 633; x_wconf 82' lang='grc'>(1)</span> <span class='ocrx_word' id='word_1_237' title='bbox 3085 566 3526 631; x_wconf 83' lang='grc' dir='ltr'>ὲπεισηγάγομεν</span> <span class='ocrx_word' id='word_1_238' title='bbox 3589 566 3650 615; x_wconf 72' lang='grc' dir='ltr'>ιν</span> <span class='ocrx_word' id='word_1_239' title='bbox 3716 564 3794 632; x_wconf 81' lang='grc' dir='ltr'>τῷ</span> <span class='ocrx_word' id='word_1_240' title='bbox 3843 563 3971 631; x_wconf 80' lang='grc' dir='ltr'>ίερῷ</span> 
     </span>
    </p>
   </div>
   <div class='ocr_carea' id='block_1_35' title="bbox 2410 657 3974 727">
    <p class='ocr_par' dir='ltr' id='par_1_35' title="bbox 2410 657 3974 727">
     <span class='ocr_line' id='line_1_35' title="bbox 2410 657 3974 727; baseline -0.001 -17"><span class='ocrx_word' id='word_1_241' title='bbox 2410 659 2783 727; x_wconf 74' lang='grc' dir='ltr'>συμϐόλῳ,ὠς</span> <span class='ocrx_word' id='word_1_242' title='bbox 2835 661 2884 709; x_wconf 89' lang='grc' dir='ltr'>οί</span> <span class='ocrx_word' id='word_1_243' title='bbox 2931 659 3055 708; x_wconf 79' lang='grc' dir='ltr'>τότε</span> <span class='ocrx_word' id='word_1_244' title='bbox 3106 660 3154 709; x_wconf 88' lang='grc' dir='ltr'>οἱ</span> <span class='ocrx_word' id='word_1_245' title='bbox 3200 657 3264 708; x_wconf 86' lang='grc' dir='ltr'>τὸ</span> <span class='ocrx_word' id='word_1_246' title='bbox 3315 658 3644 722; x_wconf 80' lang='grc' dir='ltr'>όμοούσιον</span> <span class='ocrx_word' id='word_1_247' title='bbox 3695 657 3816 708; x_wconf 72' lang='grc' dir='ltr'>ἀντὶ</span> <span class='ocrx_word' id='word_1_248' title='bbox 3866 657 3974 708; x_wconf 84' lang='grc' dir='ltr'>τοῦ</span> 
     </span>
    </p>
   </div>
   <div class='ocr_carea' id='block_1_36' title="bbox 2401 741 3971 820">
    <p class='ocr_par' dir='ltr' id='par_1_36' title="bbox 2401 741 3971 820">
     <span class='ocr_line' id='line_1_36' title="bbox 2401 741 3971 820; baseline -0.006 -16"><span class='ocrx_word' id='word_1_249' title='bbox 2401 754 2750 820; x_wconf 82' lang='grc' dir='ltr'>όμοιουσίου</span> <span class='ocrx_word' id='word_1_250' title='bbox 2781 751 2855 816; x_wconf 79' lang='lat'>(‘2)</span> <span class='ocrx_word' id='word_1_251' title='bbox 2890 741 3280 812; x_wconf 62' lang='grc' dir='ltr'>ἐναλλάξαντες</span> <span class='ocrx_word' id='word_1_252' title='bbox 3312 751 3413 816; x_wconf 77' lang='grc'>(5).</span> <span class='ocrx_word' id='word_1_253' title='bbox 3445 749 3579 800; x_wconf 76' lang='grc' dir='ltr'>Οὐδὲ</span> <span class='ocrx_word' id='word_1_254' title='bbox 3611 747 3860 814; x_wconf 82' lang='grc' dir='ltr'>δεύτερον</span> <span class='ocrx_word' id='word_1_255' title='bbox 3891 747 3971 796; x_wconf 70' lang='lat' dir='ltr'>af-</span> 
     </span>
    </p>
   </div>
   <div class='ocr_carea' id='block_1_37' title="bbox 2399 838 3976 912">
    <p class='ocr_par' dir='ltr' id='par_1_37' title="bbox 2399 838 3976 912">
     <span class='ocr_line' id='line_1_37' title="bbox 2399 838 3976 912; baseline -0.003 -18"><span class='ocrx_word' id='word_1_256' title='bbox 2399 859 2512 894; x_wconf 83' lang='grc' dir='ltr'>τιον</span> <span class='ocrx_word' id='word_1_257' title='bbox 2540 845 2629 894; x_wconf 60' lang='grc' dir='ltr'>τὸν</span> <span class='ocrx_word' id='word_1_258' title='bbox 2663 843 2788 894; x_wconf 78' lang='grc' dir='ltr'>Υίὺν</span> <span class='ocrx_word' id='word_1_259' title='bbox 2819 843 3053 912; x_wconf 72' lang='grc' dir='ltr'>λὲγομεν</span> <span class='ocrx_word' id='word_1_260' title='bbox 3079 841 3174 893; x_wconf 81' lang='grc' dir='ltr'>τοῦ</span> <span class='ocrx_word' id='word_1_261' title='bbox 3207 841 3368 908; x_wconf 80' lang='grc' dir='ltr'>ἁγίου</span> <span class='ocrx_word' id='word_1_262' title='bbox 3403 839 3742 908; x_wconf 84' lang='grc' dir='ltr'>Πνεύματος,</span> <span class='ocrx_word' id='word_1_263' title='bbox 3773 838 3848 899; x_wconf 84' lang='grc' dir='ltr'>ὡς</span> <span class='ocrx_word' id='word_1_264' title='bbox 3878 838 3976 890; x_wconf 82' lang='grc' dir='ltr'>αὖ-</span> 
     </span>
    </p>
   </div>
   <div class='ocr_carea' id='block_1_38' title="bbox 2402 929 3977 1007">
    <p class='ocr_par' dir='ltr' id='par_1_38' title="bbox 2402 929 3977 1007">
     <span class='ocr_line' id='line_1_38' title="bbox 2402 929 3977 1007; baseline -0.005 -20"><span class='ocrx_word' id='word_1_265' title='bbox 2402 935 2491 995; x_wconf 83' lang='grc' dir='ltr'>τὸς</span> <span class='ocrx_word' id='word_1_266' title='bbox 2525 934 2734 1000; x_wconf 77' lang='grc' dir='ltr'>νομίζει</span> <span class='ocrx_word' id='word_1_267' title='bbox 2760 950 2774 964; x_wconf 77' lang='grc'><strong><em>⁸</em></strong></span> <span class='ocrx_word' id='word_1_268' title='bbox 2872 935 2979 1002; x_wconf 84' lang='grc' dir='ltr'>γὰρ</span> <span class='ocrx_word' id='word_1_269' title='bbox 3011 934 3077 986; x_wconf 86' lang='grc' dir='ltr'>ἂν</span> <span class='ocrx_word' id='word_1_270' title='bbox 3107 937 3202 987; x_wconf 74' lang='grc' dir='ltr'>καὶ</span> <span class='ocrx_word' id='word_1_271' title='bbox 3229 931 3322 984; x_wconf 83' lang='grc' dir='ltr'>δύο</span> <span class='ocrx_word' id='word_1_272' title='bbox 3352 932 3476 993; x_wconf 78' lang='grc' dir='ltr'>τοὺς</span> <span class='ocrx_word' id='word_1_273' title='bbox 3510 931 3664 989; x_wconf 79' lang='grc' dir='ltr'>Θεοὺς</span> <span class='ocrx_word' id='word_1_274' title='bbox 3695 929 3977 981; x_wconf 76' lang='grc' dir='ltr'>ἐπιστεύο-</span> 
     </span>
    </p>
   </div>
   <div class='ocr_carea' id='block_1_39' title="bbox 2408 1019 3976 1092">
    <p class='ocr_par' dir='ltr' id='par_1_39' title="bbox 2408 1019 3976 1092">
     <span class='ocr_line' id='line_1_39' title="bbox 2408 1019 3976 1092; baseline -0.004 -18"><span class='ocrx_word' id='word_1_275' title='bbox 2408 1041 2528 1092; x_wconf 87' lang='grc' dir='ltr'>μεν,</span> <span class='ocrx_word' id='word_1_276' title='bbox 2569 1023 2640 1082; x_wconf 84' lang='grc' dir='ltr'>ὼς</span> <span class='ocrx_word' id='word_1_277' title='bbox 2692 1024 2852 1086; x_wconf 71' lang='grc' dir='ltr'>αὐτὸς</span> <span class='ocrx_word' id='word_1_278' title='bbox 2902 1023 3254 1090; x_wconf 74' lang='grc' dir='ltr'>φαντάζεται.</span> <span class='ocrx_word' id='word_1_279' title='bbox 3293 1022 3483 1088; x_wconf 85' lang='grc' dir='ltr'>Ὀμως</span> <span class='ocrx_word' id='word_1_280' title='bbox 3533 1034 3596 1084; x_wconf 78' lang='grc' dir='ltr'>γε</span> <span class='ocrx_word' id='word_1_281' title='bbox 3651 1019 3836 1087; x_wconf 84' lang='grc' dir='ltr'>μέντοι</span> <span class='ocrx_word' id='word_1_282' title='bbox 3884 1019 3976 1069; x_wconf 62' lang='grc' dir='ltr'>καὶ</span> 
     </span>
    </p>
   </div>
   <div class='ocr_carea' id='block_1_40' title="bbox 2406 1111 3980 1184">
    <p class='ocr_par' dir='ltr' id='par_1_40' title="bbox 2406 1111 3980 1184">
     <span class='ocr_line' id='line_1_40' title="bbox 2406 1111 3980 1184; baseline -0.003 -18"><span class='ocrx_word' id='word_1_283' title='bbox 2406 1117 2534 1184; x_wconf 79' lang='grc' dir='ltr'>περὶ</span> <span class='ocrx_word' id='word_1_284' title='bbox 2575 1116 2778 1167; x_wconf 80' lang='grc' dir='ltr'>τούτων</span> <span class='ocrx_word' id='word_1_285' title='bbox 2824 1117 3022 1177; x_wconf 80' lang='grc' dir='ltr'>ἱκανῶς</span> <span class='ocrx_word' id='word_1_286' title='bbox 3065 1111 3528 1181; x_wconf 80' lang='grc' dir='ltr'>ἁπελογησάμεθα</span> <span class='ocrx_word' id='word_1_287' title='bbox 3575 1112 3858 1181; x_wconf 80' lang='grc' dir='ltr'>πρότερον.</span> <span class='ocrx_word' id='word_1_288' title='bbox 3901 1111 3980 1162; x_wconf 68' lang='grc' dir='ltr'>Τὰ</span> 
     </span>
    </p>
   </div>
   <div class='ocr_carea' id='block_1_41' title="bbox 2406 1204 3979 1274">
    <p class='ocr_par' dir='ltr' id='par_1_41' title="bbox 2406 1204 3979 1274">
     <span class='ocr_line' id='line_1_41' title="bbox 2406 1204 3979 1274; baseline -0.003 -17"><span class='ocrx_word' id='word_1_289' title='bbox 2406 1207 2461 1258; x_wconf 83' lang='grc' dir='ltr'>δὲ</span> <span class='ocrx_word' id='word_1_290' title='bbox 2495 1208 2656 1258; x_wconf 78' lang='grc' dir='ltr'>λοιπά</span> <span class='ocrx_word' id='word_1_291' title='bbox 2689 1206 2796 1258; x_wconf 82' lang='grc' dir='ltr'>τῶν</span> <span class='ocrx_word' id='word_1_292' title='bbox 2831 1206 3236 1274; x_wconf 78' lang='grc' dir='ltr'>ἀτοπημὰτων,</span> <span class='ocrx_word' id='word_1_293' title='bbox 3271 1205 3305 1257; x_wconf 76' lang='grc' dir='ltr'><strong>ἃ</strong></span> <span class='ocrx_word' id='word_1_294' title='bbox 3344 1204 3568 1257; x_wconf 81' lang='grc' dir='ltr'>σιωπῶν</span> <span class='ocrx_word' id='word_1_295' title='bbox 3603 1205 3940 1272; x_wconf 81' lang='grc' dir='ltr'>παρατρέχ-ι</span> <span class='ocrx_word' id='word_1_296' title='bbox 3967 1244 3979 1260; x_wconf 91' lang='grc'><em>,</em></span> 
     </span>
    </p>
   </div>
   <div class='ocr_carea' id='block_1_42' title="bbox 2408 1293 3980 1364">
    <p class='ocr_par' dir='ltr' id='par_1_42' title="bbox 2408 1293 3980 1364">
     <span class='ocr_line' id='line_1_42' title="bbox 2408 1293 3980 1364; baseline -0.004 -16"><span class='ocrx_word' id='word_1_297' title='bbox 2408 1299 2454 1348; x_wconf 86' lang='grc' dir='ltr'>εί</span> <span class='ocrx_word' id='word_1_298' title='bbox 2490 1297 2588 1364; x_wconf 75' lang='grc' dir='ltr'>μὲν</span> <span class='ocrx_word' id='word_1_299' title='bbox 2622 1297 2748 1363; x_wconf 76' lang='grc' dir='ltr'>περὶ</span> <span class='ocrx_word' id='word_1_300' title='bbox 2780 1297 2878 1363; x_wconf 80' lang='grc' dir='ltr'>τῆς</span> <span class='ocrx_word' id='word_1_301' title='bbox 2909 1295 3263 1355; x_wconf 76' lang='grc' dir='ltr'>ἀπολαύσεως</span> <span class='ocrx_word' id='word_1_302' title='bbox 3311 1293 3422 1345; x_wconf 78' lang='grc' dir='ltr'>τῶν</span> <span class='ocrx_word' id='word_1_303' title='bbox 3462 1294 3636 1358; x_wconf 85' lang='grc' dir='ltr'>ἁγίων</span> <span class='ocrx_word' id='word_1_304' title='bbox 3667 1293 3854 1357; x_wconf 79' lang='grc' dir='ltr'>λέγει,</span> <span class='ocrx_word' id='word_1_305' title='bbox 3888 1294 3980 1342; x_wconf 70' lang='lat' dir='ltr'>xal</span> 
     </span>
    </p>
   </div>
   <div class='ocr_carea' id='block_1_43' title="bbox 2412 1383 3980 1456">
    <p class='ocr_par' dir='ltr' id='par_1_43' title="bbox 2412 1383 3980 1456">
     <span class='ocr_line' id='line_1_43' title="bbox 2412 1383 3980 1456; baseline -0.004 -16"><span class='ocrx_word' id='word_1_306' title='bbox 2412 1389 2644 1456; x_wconf 79' lang='grc' dir='ltr'>μάλιστα</span> <span class='ocrx_word' id='word_1_307' title='bbox 2681 1387 2840 1447; x_wconf 79' lang='grc' dir='ltr'>αὐτὸς</span> <span class='ocrx_word' id='word_1_308' title='bbox 2877 1385 3056 1453; x_wconf 78' lang='grc' dir='ltr'>ἑαυτῷ</span> <span class='ocrx_word' id='word_1_309' title='bbox 3094 1386 3327 1454; x_wconf 81' lang='grc' dir='ltr'>μάχεται</span> <span class='ocrx_word' id='word_1_310' title='bbox 3364 1387 3420 1435; x_wconf 83' lang='grc' dir='ltr'>ὲν</span> <span class='ocrx_word' id='word_1_311' title='bbox 3455 1383 3530 1450; x_wconf 78' lang='grc' dir='ltr'>τῷ</span> <span class='ocrx_word' id='word_1_312' title='bbox 3566 1385 3708 1451; x_wconf 80' lang='grc' dir='ltr'>λόγῳ</span> <span class='ocrx_word' id='word_1_313' title='bbox 3741 1383 3815 1451; x_wconf 81' lang='grc' dir='ltr'>τῷ</span> <span class='ocrx_word' id='word_1_314' title='bbox 3850 1385 3980 1450; x_wconf 75' lang='grc' dir='ltr'>παρ’</span> 
     </span>
    </p>
   </div>
   <div class='ocr_carea' id='block_1_44' title="bbox 2411 1476 3978 1544">
    <p class='ocr_par' dir='ltr' id='par_1_44' title="bbox 2411 1476 3978 1544">
     <span class='ocr_line' id='line_1_44' title="bbox 2411 1476 3978 1544; baseline -0.004 -12"><span class='ocrx_word' id='word_1_315' title='bbox 2411 1479 2574 1533; x_wconf 81' lang='grc' dir='ltr'>αὐτοῦ</span> <span class='ocrx_word' id='word_1_316' title='bbox 2620 1480 2895 1530; x_wconf 82' lang='grc' dir='ltr'>ὲκτεοέντι</span> <span class='ocrx_word' id='word_1_317' title='bbox 2940 1480 3017 1540; x_wconf 82' lang='grc' dir='ltr'>είς</span> <span class='ocrx_word' id='word_1_318' title='bbox 3064 1478 3154 1530; x_wconf 79' lang='grc' dir='ltr'>τὸν</span> <span class='ocrx_word' id='word_1_319' title='bbox 3200 1478 3357 1542; x_wconf 84' lang='grc' dir='ltr'>ἁγιον</span> <span class='ocrx_word' id='word_1_320' title='bbox 3394 1476 3604 1529; x_wconf 64' lang='grc' dir='ltr'>Ἠλίαν.</span> <span class='ocrx_word' id='word_1_321' title='bbox 3652 1478 3787 1544; x_wconf 73' lang='grc' dir='ltr'>Φησὶ</span> <span class='ocrx_word' id='word_1_322' title='bbox 3830 1478 3938 1544; x_wconf 69' lang='grc' dir='ltr'>γάρ</span> <span class='ocrx_word' id='word_1_323' title='bbox 3967 1493 3978 1504; x_wconf 90' lang='grc'>·</span> 
     </span>
    </p>
   </div>
   <div class='ocr_carea' id='block_1_45' title="bbox 2415 1568 3980 1637">
    <p class='ocr_par' dir='ltr' id='par_1_45' title="bbox 2415 1568 3980 1637">
     <span class='ocr_line' id='line_1_45' title="bbox 2415 1568 3980 1637; baseline -0.003 -15"><span class='ocrx_word' id='word_1_324' title='bbox 2415 1589 2432 1622; x_wconf 81' lang='grc' dir='ltr'>ι</span> <span class='ocrx_word' id='word_1_325' title='bbox 2486 1570 2626 1636; x_wconf 85' lang='grc' dir='ltr'>Ἐγὼ</span> <span class='ocrx_word' id='word_1_326' title='bbox 2660 1572 2700 1622; x_wconf 83' lang='grc' dir='ltr'>δ’</span> <span class='ocrx_word' id='word_1_327' title='bbox 2730 1572 2812 1621; x_wconf 84' lang='grc' dir='ltr'>ὄτι</span> <span class='ocrx_word' id='word_1_328' title='bbox 2850 1571 2946 1637; x_wconf 79' lang='grc' dir='ltr'>μὲν</span> <span class='ocrx_word' id='word_1_329' title='bbox 2982 1569 3191 1631; x_wconf 78' lang='grc' dir='ltr'>ἔξεστιν</span> <span class='ocrx_word' id='word_1_330' title='bbox 3231 1569 3414 1636; x_wconf 67' lang='grc' dir='ltr'>αὐτῷ,</span> <span class='ocrx_word' id='word_1_331' title='bbox 3454 1568 3702 1635; x_wconf 72' lang='grc' dir='ltr'>καθάπερ</span> <span class='ocrx_word' id='word_1_332' title='bbox 3739 1569 3830 1618; x_wconf 78' lang='grc' dir='ltr'>καὶ</span> <span class='ocrx_word' id='word_1_333' title='bbox 3865 1570 3980 1627; x_wconf 85' lang='grc' dir='ltr'>ταῖς</span> 
     </span>
    </p>
   </div>
   <div class='ocr_carea' id='block_1_46' title="bbox 2409 1657 3982 1728">
    <p class='ocr_par' dir='ltr' id='par_1_46' title="bbox 2409 1657 3982 1728">
     <span class='ocr_line' id='line_1_46' title="bbox 2409 1657 3982 1728; baseline -0.003 -16"><span class='ocrx_word' id='word_1_334' title='bbox 2409 1661 2518 1712; x_wconf 83' lang='grc' dir='ltr'>τῶν</span> <span class='ocrx_word' id='word_1_335' title='bbox 2557 1661 2727 1726; x_wconf 85' lang='grc' dir='ltr'>ἁγίων</span> <span class='ocrx_word' id='word_1_336' title='bbox 2777 1660 2978 1728; x_wconf 77' lang='grc' dir='ltr'>ψυχαῖς</span> <span class='ocrx_word' id='word_1_337' title='bbox 3011 1660 3133 1711; x_wconf 84' lang='grc' dir='ltr'>ὅποι</span> <span class='ocrx_word' id='word_1_338' title='bbox 3170 1659 3300 1710; x_wconf 81' lang='grc' dir='ltr'>ποτὲ</span> <span class='ocrx_word' id='word_1_339' title='bbox 3337 1657 3582 1725; x_wconf 86' lang='grc' dir='ltr'>βούλεται</span> <span class='ocrx_word' id='word_1_340' title='bbox 3617 1658 3758 1708; x_wconf 72' lang='grc' dir='ltr'>κατὰ</span> <span class='ocrx_word' id='word_1_341' title='bbox 3794 1658 3982 1725; x_wconf 62' lang='grc' dir='ltr'>καιρὸν</span> 
     </span>
    </p>
   </div>
   <div class='ocr_carea' id='block_1_47' title="bbox 2412 1747 3981 1820">
    <p class='ocr_par' dir='ltr' id='par_1_47' title="bbox 2412 1747 3981 1820">
     <span class='ocr_line' id='line_1_47' title="bbox 2412 1747 3981 1820; baseline -0.003 -18"><span class='ocrx_word' id='word_1_342' title='bbox 2412 1752 2829 1820; x_wconf 72' lang='grc' dir='ltr'>ἐπιχωριάζειν,</span> <span class='ocrx_word' id='word_1_343' title='bbox 2876 1752 3020 1811; x_wconf 86' lang='grc' dir='ltr'>ναοῖς</span> <span class='ocrx_word' id='word_1_344' title='bbox 3070 1766 3128 1800; x_wconf 86' lang='grc' dir='ltr'>τε</span> <span class='ocrx_word' id='word_1_345' title='bbox 3181 1749 3404 1810; x_wconf 81' lang='grc' dir='ltr'>οἰκείοις</span> <span class='ocrx_word' id='word_1_346' title='bbox 3455 1749 3851 1816; x_wconf 69' lang='grc' dir='ltr'>ἐμφιλοχωρείν</span> <span class='ocrx_word' id='word_1_347' title='bbox 3905 1747 3981 1814; x_wconf 68' lang='grc'>(4)</span> 
     </span>
    </p>
   </div>
   <div class='ocr_carea' id='block_1_48' title="bbox 2408 1839 3982 1912">
    <p class='ocr_par' dir='ltr' id='par_1_48' title="bbox 2408 1839 3982 1912">
     <span class='ocr_line' id='line_1_48' title="bbox 2408 1839 3982 1912; baseline -0.004 -17"><span class='ocrx_word' id='word_1_348' title='bbox 2408 1844 2500 1895; x_wconf 72' lang='grc' dir='ltr'>καὶ</span> <span class='ocrx_word' id='word_1_349' title='bbox 2527 1845 2637 1904; x_wconf 87' lang='grc' dir='ltr'>τοῖς</span> <span class='ocrx_word' id='word_1_350' title='bbox 2664 1844 2926 1896; x_wconf 79' lang='grc' dir='ltr'>ἑκάστοτε</span> <span class='ocrx_word' id='word_1_351' title='bbox 2963 1842 3037 1912; x_wconf 75' lang='lat'>(5)</span> <span class='ocrx_word' id='word_1_352' title='bbox 3066 1839 3343 1910; x_wconf 75' lang='grc' dir='ltr'>δεομένοις</span> <span class='ocrx_word' id='word_1_353' title='bbox 3372 1840 3659 1908; x_wconf 78' lang='grc' dir='ltr'>ἐπιφοιτᾷν</span> <span class='ocrx_word' id='word_1_354' title='bbox 3689 1842 3982 1904; x_wconf 80' lang='grc' dir='ltr'>ἀναγκαῖόν</span> 
     </span>
    </p>
   </div>
   <div class='ocr_carea' id='block_1_49' title="bbox 2405 1927 3979 2003">
    <p class='ocr_par' dir='ltr' id='par_1_49' title="bbox 2405 1927 3979 2003">
     <span class='ocr_line' id='line_1_49' title="bbox 2405 1927 3979 2003; baseline -0.004 -16"><span class='ocrx_word' id='word_1_355' title='bbox 2405 1953 2462 1988; x_wconf 85' lang='grc' dir='ltr'>τε</span> <span class='ocrx_word' id='word_1_356' title='bbox 2497 1935 2735 2003; x_wconf 82' lang='grc' dir='ltr'>ἡγοῦμαι</span> <span class='ocrx_word' id='word_1_357' title='bbox 2770 1934 2849 2002; x_wconf 88' lang='grc'>(6)</span> <span class='ocrx_word' id='word_1_358' title='bbox 2882 1935 2974 1986; x_wconf 73' lang='grc' dir='ltr'>καὶ</span> <span class='ocrx_word' id='word_1_359' title='bbox 3008 1934 3207 2003; x_wconf 80' lang='grc' dir='ltr'>ἀληθὲς</span> <span class='ocrx_word' id='word_1_360' title='bbox 3242 1927 3379 1984; x_wconf 76' lang='grc' dir='ltr'>εἶναι</span> <span class='ocrx_word' id='word_1_361' title='bbox 3407 1947 3420 1961; x_wconf 87' lang='lat'><strong><em>°</em></strong></span> <span class='ocrx_word' id='word_1_362' title='bbox 3453 1933 3512 1984; x_wconf 81' lang='grc' dir='ltr'>οὐ</span> <span class='ocrx_word' id='word_1_363' title='bbox 3551 1931 3656 2001; x_wconf 74' lang='grc' dir='ltr'>μὴν</span> <span class='ocrx_word' id='word_1_364' title='bbox 3687 1932 3776 1984; x_wconf 76' lang='grc' dir='ltr'>διὰ</span> <span class='ocrx_word' id='word_1_365' title='bbox 3806 1932 3979 1981; x_wconf 70' lang='grc' dir='ltr'>ταῦτα</span> 
     </span>
    </p>
   </div>
   <div class='ocr_carea' id='block_1_50' title="bbox 2408 2024 3982 2095">
    <p class='ocr_par' dir='ltr' id='par_1_50' title="bbox 2408 2024 3982 2095">
     <span class='ocr_line' id='line_1_50' title="bbox 2408 2024 3982 2095; baseline -0.003 -16"><span class='ocrx_word' id='word_1_366' title='bbox 2408 2027 2574 2095; x_wconf 82' lang='grc' dir='ltr'>φαίην</span> <span class='ocrx_word' id='word_1_367' title='bbox 2609 2028 2673 2078; x_wconf 82' lang='grc' dir='ltr'>ἂν</span> <span class='ocrx_word' id='word_1_368' title='bbox 2708 2027 2868 2078; x_wconf 78' lang='grc' dir='ltr'>αὑτὸν</span> <span class='ocrx_word' id='word_1_369' title='bbox 2898 2027 3007 2078; x_wconf 86' lang='grc' dir='ltr'>τῶν</span> <span class='ocrx_word' id='word_1_370' title='bbox 3041 2026 3290 2094; x_wconf 85' lang='grc' dir='ltr'>οὐρανῶν</span> <span class='ocrx_word' id='word_1_371' title='bbox 3325 2025 3717 2077; x_wconf 82' lang='grc' dir='ltr'>ἀπολείπεσθαι</span> <span class='ocrx_word' id='word_1_372' title='bbox 3757 2027 3850 2077; x_wconf 70' lang='grc' dir='ltr'>καὶ</span> <span class='ocrx_word' id='word_1_373' title='bbox 3884 2024 3982 2091; x_wconf 76' lang='grc' dir='ltr'>τῆς</span> 
     </span>
    </p>
   </div>
   <div class='ocr_carea' id='block_1_51' title="bbox 2407 2117 3983 2186">
    <p class='ocr_par' dir='ltr' id='par_1_51' title="bbox 2407 2117 3983 2186">
     <span class='ocr_line' id='line_1_51' title="bbox 2407 2117 3983 2186; baseline -0.003 -18"><span class='ocrx_word' id='word_1_374' title='bbox 2407 2119 2586 2168; x_wconf 78' lang='grc' dir='ltr'>ἐκεῖσε</span> <span class='ocrx_word' id='word_1_375' title='bbox 2621 2117 3036 2186; x_wconf 73' lang='grc' dir='ltr'>λαμπροφορίας</span> <span class='ocrx_word' id='word_1_376' title='bbox 3075 2119 3167 2170; x_wconf 74' lang='grc' dir='ltr'>καὶ</span> <span class='ocrx_word' id='word_1_377' title='bbox 3211 2118 3346 2186; x_wconf 77' lang='grc' dir='ltr'>μετὰ</span> <span class='ocrx_word' id='word_1_378' title='bbox 3375 2117 3481 2169; x_wconf 85' lang='grc' dir='ltr'>τῶν</span> <span class='ocrx_word' id='word_1_379' title='bbox 3514 2118 3762 2184; x_wconf 78' lang='grc' dir='ltr'>ἀγγέλων</span> <span class='ocrx_word' id='word_1_380' title='bbox 3793 2117 3983 2169; x_wconf 71' lang='grc' dir='ltr'>δεσπν.</span> 
     </span>
    </p>
   </div>
   <div class='ocr_carea' id='block_1_52' title="bbox 2407 2206 3983 2283">
    <p class='ocr_par' dir='ltr' id='par_1_52' title="bbox 2407 2206 3983 2283">
     <span class='ocr_line' id='line_1_52' title="bbox 2407 2206 3983 2283; baseline -0.003 -20"><span class='ocrx_word' id='word_1_381' title='bbox 2407 2213 2563 2278; x_wconf 78' lang='grc' dir='ltr'>τικῆς</span> <span class='ocrx_word' id='word_1_382' title='bbox 2609 2215 3044 2279; x_wconf 69' lang='grc' dir='ltr'>παραστάσεως·</span> <span class='ocrx_word' id='word_1_383' title='bbox 3169 2211 3276 2280; x_wconf 88' lang='grc' dir='ltr'>γὰρ</span> <span class='ocrx_word' id='word_1_384' title='bbox 3323 2211 3389 2263; x_wconf 84' lang='grc' dir='ltr'>ἂν</span> <span class='ocrx_word' id='word_1_385' title='bbox 3433 2209 3576 2280; x_wconf 62' lang='grc' dir='ltr'>εἶχεν</span> <span class='ocrx_word' id='word_1_386' title='bbox 3617 2210 3837 2263; x_wconf 80' lang='grc' dir='ltr'>ἔλαττον</span> <span class='ocrx_word' id='word_1_387' title='bbox 3876 2212 3983 2261; x_wconf 70' lang='grc' dir='ltr'>τοῖιν</span> 
     </span>
    </p>
   </div>
   <div class='ocr_carea' id='block_1_53' title="bbox 2407 2303 3982 2370">
    <p class='ocr_par' dir='ltr' id='par_1_53' title="bbox 2407 2303 3982 2370">
     <span class='ocr_line' id='line_1_53' title="bbox 2407 2303 3982 2370; baseline -0.002 -15"><span class='ocrx_word' id='word_1_388' title='bbox 2407 2303 2578 2355; x_wconf 74' lang='grc' dir='ltr'>ἄλλων</span> <span class='ocrx_word' id='word_1_389' title='bbox 2622 2304 2792 2367; x_wconf 83' lang='grc' dir='ltr'>ἁγίων</span> <span class='ocrx_word' id='word_1_390' title='bbox 2831 2306 2855 2355; x_wconf 88' lang='grc' dir='ltr'>ὁ</span> <span class='ocrx_word' id='word_1_391' title='bbox 2900 2304 3040 2370; x_wconf 81' lang='grc' dir='ltr'>ὑπὲρ</span> <span class='ocrx_word' id='word_1_392' title='bbox 3080 2304 3287 2364; x_wconf 80' lang='grc' dir='ltr'>πάντας</span> <span class='ocrx_word' id='word_1_393' title='bbox 3327 2303 3514 2370; x_wconf 71' lang='grc' dir='ltr'>σχεδὸν</span> <span class='ocrx_word' id='word_1_394' title='bbox 3540 2343 3554 2365; x_wconf 91' lang='lat'>,</span> <span class='ocrx_word' id='word_1_395' title='bbox 3601 2303 3652 2355; x_wconf 80' lang='grc' dir='ltr'>εἷ</span> <span class='ocrx_word' id='word_1_396' title='bbox 3694 2321 3754 2364; x_wconf 90' lang='grc' dir='ltr'>γε</span> <span class='ocrx_word' id='word_1_397' title='bbox 3799 2303 3883 2354; x_wconf 76' lang='grc' dir='ltr'>διὰ</span> <span class='ocrx_word' id='word_1_398' title='bbox 3929 2304 3982 2352; x_wconf 60' lang='grc' dir='ltr'>τ).</span> 
     </span>
    </p>
   </div>
   <div class='ocr_carea' id='block_1_54' title="bbox 2407 2394 3985 2464">
    <p class='ocr_par' dir='ltr' id='par_1_54' title="bbox 2407 2394 3985 2464">
     <span class='ocr_line' id='line_1_54' title="bbox 2407 2394 3985 2464; baseline -0.003 -19"><span class='ocrx_word' id='word_1_399' title='bbox 2407 2394 2502 2464; x_wconf 82' lang='grc' dir='ltr'>τὴν</span> <span class='ocrx_word' id='word_1_400' title='bbox 2531 2395 2703 2462; x_wconf 67' lang='grc' dir='ltr'>σάρκα</span> <span class='ocrx_word' id='word_1_401' title='bbox 2737 2396 2921 2462; x_wconf 79' lang='grc' dir='ltr'>φορεῖν</span> <span class='ocrx_word' id='word_1_402' title='bbox 2950 2395 3268 2461; x_wconf 64' lang='grc' dir='ltr'>ἀφειστήκει</span> <span class='ocrx_word' id='word_1_403' title='bbox 3304 2396 3400 2462; x_wconf 83' lang='grc' dir='ltr'>τῆς</span> <span class='ocrx_word' id='word_1_404' title='bbox 3437 2396 3558 2462; x_wconf 76' lang='grc' dir='ltr'>μετ’</span> <span class='ocrx_word' id='word_1_405' title='bbox 3585 2395 3763 2446; x_wconf 74' lang='grc' dir='ltr'>αὐτῶν</span> <span class='ocrx_word' id='word_1_406' title='bbox 3794 2414 3985 2446; x_wconf 54' lang='lat' dir='ltr'>xor/ni.</span> 
     </span>
    </p>
   </div>
   <div class='ocr_carea' id='block_1_55' title="bbox 2408 2471 3980 2556">
    <p class='ocr_par' dir='ltr' id='par_1_55' title="bbox 2408 2484 3980 2556">
     <span class='ocr_line' id='line_1_55' title="bbox 2408 2484 3980 2556; baseline 0.001 -20"><span class='ocrx_word' id='word_1_407' title='bbox 2408 2486 2523 2547; x_wconf 82' lang='grc' dir='ltr'>νίας</span> <span class='ocrx_word' id='word_1_408' title='bbox 2559 2488 2650 2538; x_wconf 78' lang='grc' dir='ltr'>καὶ</span> <span class='ocrx_word' id='word_1_409' title='bbox 2684 2488 2780 2551; x_wconf 75' lang='grc' dir='ltr'>τῆς</span> <span class='ocrx_word' id='word_1_410' title='bbox 2812 2487 2904 2537; x_wconf 80' lang='grc' dir='ltr'>τοῦ</span> <span class='ocrx_word' id='word_1_411' title='bbox 2936 2486 3069 2538; x_wconf 76' lang='grc' dir='ltr'>Θεοῦ</span> <span class='ocrx_word' id='word_1_412' title='bbox 3104 2488 3235 2556; x_wconf 77' lang='grc' dir='ltr'>πρὸς</span> <span class='ocrx_word' id='word_1_413' title='bbox 3271 2487 3566 2556; x_wconf 78' lang='grc' dir='ltr'>πρόσωπον</span> <span class='ocrx_word' id='word_1_414' title='bbox 3601 2487 3874 2556; x_wconf 76' lang='grc' dir='ltr'>θεωρίας,</span> <span class='ocrx_word' id='word_1_415' title='bbox 3916 2484 3980 2556; x_wconf 73' lang='grc' dir='ltr'>ἦς</span> 
     </span>
    </p>
   </div>
   <div class='ocr_carea' id='block_1_56' title="bbox 2410 2577 3978 2646">
    <p class='ocr_par' dir='ltr' id='par_1_56' title="bbox 2410 2577 3978 2646">
     <span class='ocr_line' id='line_1_56' title="bbox 2410 2577 3978 2646; baseline -0.001 -18"><span class='ocrx_word' id='word_1_416' title='bbox 2410 2582 2495 2628; x_wconf 66' lang='grc' dir='ltr'>καὶ</span> <span class='ocrx_word' id='word_1_417' title='bbox 2529 2579 2676 2644; x_wconf 60' lang='grc' dir='ltr'>παρὰ</span> <span class='ocrx_word' id='word_1_418' title='bbox 2709 2577 2882 2628; x_wconf 72' lang='grc' dir='ltr'>πάντα</span> <span class='ocrx_word' id='word_1_419' title='bbox 2911 2577 2999 2629; x_wconf 63' lang='grc' dir='ltr'>τον</span> <span class='ocrx_word' id='word_1_420' title='bbox 3027 2578 3140 2646; x_wconf 86' lang='grc' dir='ltr'>βίον</span> <span class='ocrx_word' id='word_1_421' title='bbox 3170 2578 3462 2646; x_wconf 80' lang='grc' dir='ltr'>ἐξαιρέτως</span> <span class='ocrx_word' id='word_1_422' title='bbox 3495 2578 3780 2646; x_wconf 80' lang='grc' dir='ltr'>ἁπὴλαυσε</span> <span class='ocrx_word' id='word_1_423' title='bbox 3817 2579 3915 2644; x_wconf 77' lang='grc' dir='ltr'>(ἲ).</span> <span class='ocrx_word' id='word_1_424' title='bbox 3961 2599 3978 2627; x_wconf 73' lang='grc' dir='ltr'>ι</span> 
     </span>
    </p>
   </div>
   <div class='ocr_carea' id='block_1_57' title="bbox 2410 2666 3983 2738">
    <p class='ocr_par' dir='ltr' id='par_1_57' title="bbox 2410 2666 3983 2738">
     <span class='ocr_line' id='line_1_57' title="bbox 2410 2666 3983 2738; baseline -0.001 -18"><span class='ocrx_word' id='word_1_425' title='bbox 2410 2670 2686 2738; x_wconf 81' lang='grc' dir='ltr'>Γνώριμον</span> <span class='ocrx_word' id='word_1_426' title='bbox 2739 2666 2833 2722; x_wconf 73' lang='grc' dir='ltr'>οὖν</span> <span class='ocrx_word' id='word_1_427' title='bbox 2862 2672 2977 2720; x_wconf 84' lang='grc' dir='ltr'>ὲστι</span> <span class='ocrx_word' id='word_1_428' title='bbox 3009 2671 3097 2722; x_wconf 68' lang='grc' dir='ltr'>διὰ</span> <span class='ocrx_word' id='word_1_429' title='bbox 3150 2670 3342 2722; x_wconf 82' lang='grc' dir='ltr'>τούτου</span> <span class='ocrx_word' id='word_1_430' title='bbox 3365 2708 3378 2730; x_wconf 85' lang='grc'>,</span> <span class='ocrx_word' id='word_1_431' title='bbox 3413 2669 3487 2730; x_wconf 83' lang='grc' dir='ltr'>ὡς</span> <span class='ocrx_word' id='word_1_432' title='bbox 3516 2670 3640 2729; x_wconf 81' lang='grc' dir='ltr'>τοὺς</span> <span class='ocrx_word' id='word_1_433' title='bbox 3665 2668 3852 2735; x_wconf 78' lang='grc' dir='ltr'>ἁγίους</span> <span class='ocrx_word' id='word_1_434' title='bbox 3890 2670 3983 2732; x_wconf 65' lang='grc' dir='ltr'>τῆς</span> 
     </span>
    </p>
   </div>
   <div class='ocr_carea' id='block_1_58' title="bbox 2413 2759 3984 2830">
    <p class='ocr_par' dir='ltr' id='par_1_58' title="bbox 2413 2759 3984 2830">
     <span class='ocr_line' id='line_1_58' title="bbox 2413 2759 3984 2830; baseline -0.001 -18"><span class='ocrx_word' id='word_1_435' title='bbox 2413 2762 2811 2830; x_wconf 67' lang='grc' dir='ltr'>μακαριότητος</span> <span class='ocrx_word' id='word_1_436' title='bbox 2851 2763 2944 2814; x_wconf 74' lang='grc' dir='ltr'>καὶ</span> <span class='ocrx_word' id='word_1_437' title='bbox 2979 2760 3143 2822; x_wconf 76' lang='grc' dir='ltr'>αὐτὸς</span> <span class='ocrx_word' id='word_1_438' title='bbox 3179 2759 3438 2827; x_wconf 86' lang='grc' dir='ltr'>ὁμολογεῖ</span> <span class='ocrx_word' id='word_1_439' title='bbox 3470 2760 3788 2820; x_wconf 75' lang='grc' dir='ltr'>ἀπολαύειν,</span> <span class='ocrx_word' id='word_1_440' title='bbox 3829 2762 3984 2825; x_wconf 72' lang='grc' dir='ltr'>εἴπερ</span> 
     </span>
    </p>
   </div>
   <div class='ocr_carea' id='block_1_59' title="bbox 2414 2852 3982 2922">
    <p class='ocr_par' dir='ltr' id='par_1_59' title="bbox 2414 2852 3982 2922">
     <span class='ocr_line' id='line_1_59' title="bbox 2414 2852 3982 2922; baseline -0.004 -16"><span class='ocrx_word' id='word_1_441' title='bbox 2414 2855 2486 2921; x_wconf 81' lang='grc' dir='ltr'>μὴ</span> <span class='ocrx_word' id='word_1_442' title='bbox 2534 2856 2718 2922; x_wconf 84' lang='grc' dir='ltr'>’ἐτερόν</span> <span class='ocrx_word' id='word_1_443' title='bbox 2765 2871 2816 2904; x_wconf 85' lang='grc' dir='ltr'>τι</span> <span class='ocrx_word' id='word_1_444' title='bbox 2867 2853 3074 2921; x_wconf 80' lang='grc' dir='ltr'>νομίζει</span> <span class='ocrx_word' id='word_1_445' title='bbox 3119 2855 3217 2922; x_wconf 75' lang='grc' dir='ltr'>τὴν</span> <span class='ocrx_word' id='word_1_446' title='bbox 3269 2853 3655 2922; x_wconf 81' lang='grc' dir='ltr'>μακαριότητα</span> <span class='ocrx_word' id='word_1_447' title='bbox 3701 2852 3796 2918; x_wconf 74' lang='grc' dir='ltr'>τῆς</span> <span class='ocrx_word' id='word_1_448' title='bbox 3847 2852 3982 2920; x_wconf 67' lang='grc' dir='ltr'>πρὶς</span> 
     </span>
    </p>
   </div>
   <div class='ocr_carea' id='block_1_60' title="bbox 2413 2943 3986 3013">
    <p class='ocr_par' dir='ltr' id='par_1_60' title="bbox 2413 2943 3986 3013">
     <span class='ocr_line' id='line_1_60' title="bbox 2413 2943 3986 3013; baseline 0 -18"><span class='ocrx_word' id='word_1_449' title='bbox 2413 2945 2702 3012; x_wconf 83' lang='grc' dir='ltr'>πρόσωπον</span> <span class='ocrx_word' id='word_1_450' title='bbox 2740 2945 2876 2997; x_wconf 79' lang='grc' dir='ltr'>Θεοῦ</span> <span class='ocrx_word' id='word_1_451' title='bbox 2918 2945 3171 3013; x_wconf 82' lang='grc' dir='ltr'>Θεωρίας.</span> <span class='ocrx_word' id='word_1_452' title='bbox 3216 2946 3353 3013; x_wconf 76' lang='grc' dir='ltr'>Περὶ</span> <span class='ocrx_word' id='word_1_453' title='bbox 3400 2946 3496 3013; x_wconf 82' lang='grc' dir='ltr'>μὲν</span> <span class='ocrx_word' id='word_1_454' title='bbox 3535 2944 3632 3011; x_wconf 79' lang='grc' dir='ltr'>τῆς</span> <span class='ocrx_word' id='word_1_455' title='bbox 3674 2947 3728 2996; x_wconf 79' lang='grc' dir='ltr'>ἐν</span> <span class='ocrx_word' id='word_1_456' title='bbox 3770 2943 3843 3010; x_wconf 81' lang='grc' dir='ltr'>τῷ</span> <span class='ocrx_word' id='word_1_457' title='bbox 3886 2962 3986 2995; x_wconf 77' lang='grc' dir='ltr'>ποι·</span> 
     </span>
    </p>
   </div>
   <div class='ocr_carea' id='block_1_61' title="bbox 2415 3034 3981 3106">
    <p class='ocr_par' dir='ltr' id='par_1_61' title="bbox 2415 3034 3981 3106">
     <span class='ocr_line' id='line_1_61' title="bbox 2415 3034 3981 3106; baseline 0.001 -21"><span class='ocrx_word' id='word_1_458' title='bbox 2415 3037 2557 3104; x_wconf 83' lang='grc' dir='ltr'>ρόντι</span> <span class='ocrx_word' id='word_1_459' title='bbox 2601 3037 2834 3104; x_wconf 82' lang='grc' dir='ltr'>Θεωρίας</span> <span class='ocrx_word' id='word_1_460' title='bbox 2878 3037 2978 3101; x_wconf 80' lang='grc' dir='ltr'>τῆς</span> <span class='ocrx_word' id='word_1_461' title='bbox 3021 3038 3157 3106; x_wconf 70' lang='grc' dir='ltr'>πρὸς</span> <span class='ocrx_word' id='word_1_462' title='bbox 3201 3037 3494 3104; x_wconf 87' lang='grc' dir='ltr'>πρόσωπον</span> <span class='ocrx_word' id='word_1_463' title='bbox 3541 3035 3696 3102; x_wconf 82' lang='grc' dir='ltr'>σιγᾷν</span> <span class='ocrx_word' id='word_1_464' title='bbox 3738 3034 3981 3100; x_wconf 78' lang='grc' dir='ltr'>ἄμεινον.</span> 
     </span>
    </p>
   </div>
   <div class='ocr_carea' id='block_1_62' title="bbox 749 3126 2514 3202">
    <p class='ocr_par' dir='ltr' id='par_1_62' title="bbox 749 3126 2514 3202">
     <span class='ocr_line' id='line_1_62' title="bbox 749 3126 2514 3202; baseline -0.002 -21"><span class='ocrx_word' id='word_1_465' title='bbox 749 3131 910 3183; x_wconf 91' lang='lat' dir='ltr'>ciem.</span> <span class='ocrx_word' id='word_1_466' title='bbox 955 3128 1027 3181; x_wconf 91' lang='lat' dir='ltr'>De</span> <span class='ocrx_word' id='word_1_467' title='bbox 1066 3128 1155 3180; x_wconf 90' lang='lat' dir='ltr'>Dei</span> <span class='ocrx_word' id='word_1_468' title='bbox 1192 3138 1370 3180; x_wconf 90' lang='lat' dir='ltr'>autem</span> <span class='ocrx_word' id='word_1_469' title='bbox 1423 3127 1477 3179; x_wconf 94' lang='lat' dir='ltr'>in</span> <span class='ocrx_word' id='word_1_470' title='bbox 1537 3127 1790 3193; x_wconf 62' lang='lat' dir='ltr'>prasenti</span> <span class='ocrx_word' id='word_1_471' title='bbox 1845 3127 1954 3178; x_wconf 85' lang='lat' dir='ltr'>vita</span> <span class='ocrx_word' id='word_1_472' title='bbox 2011 3126 2074 3177; x_wconf 91' lang='lat' dir='ltr'>ad</span> <span class='ocrx_word' id='word_1_473' title='bbox 2118 3126 2310 3183; x_wconf 76' lang='lat' dir='ltr'>faciem</span> <span class='ocrx_word' id='word_1_474' title='bbox 2341 3145 2382 3202; x_wconf 75' lang='grc' dir='ltr'>ο</span> <span class='ocrx_word' id='word_1_475' title='bbox 2420 3129 2514 3194; x_wconf 55' lang='lat' dir='ltr'>&quot;si</span> 
     </span>
    </p>
   </div>
   <div class='ocr_carea' id='block_1_63' title="bbox 2215 3126 3980 3202">
    <p class='ocr_par' dir='ltr' id='par_1_63' title="bbox 2215 3126 3980 3202">
     <span class='ocr_line' id='line_1_63' title="bbox 2215 3126 3980 3202; baseline -0.002 -21"><span class='ocrx_word' id='word_1_476' title='bbox 2215 3130 2310 3183; x_wconf 81' lang='lat' dir='ltr'>icm</span> <span class='ocrx_word' id='word_1_477' title='bbox 2341 3145 2382 3202; x_wconf 72' lang='grc' dir='ltr'>ο</span> <span class='ocrx_word' id='word_1_478' title='bbox 2420 3129 2553 3194; x_wconf 68' lang='grc' dir='ltr'>Περὶ</span> <span class='ocrx_word' id='word_1_479' title='bbox 2587 3129 2641 3178; x_wconf 77' lang='grc' dir='ltr'>δέ</span> <span class='ocrx_word' id='word_1_480' title='bbox 2675 3145 2735 3193; x_wconf 89' lang='grc' dir='ltr'>γε</span> <span class='ocrx_word' id='word_1_481' title='bbox 2767 3128 2874 3179; x_wconf 83' lang='grc' dir='ltr'>τῶν</span> <span class='ocrx_word' id='word_1_482' title='bbox 2907 3129 3136 3194; x_wconf 70' lang='grc' dir='ltr'>ἀζύμων</span> <span class='ocrx_word' id='word_1_483' title='bbox 3172 3127 3447 3188; x_wconf 75' lang='grc' dir='ltr'>Εὐσέϐιος,</span> <span class='ocrx_word' id='word_1_484' title='bbox 3483 3126 3743 3195; x_wconf 83' lang='grc' dir='ltr'>Εὐτύχιος</span> <span class='ocrx_word' id='word_1_485' title='bbox 3769 3129 3795 3177; x_wconf 89' lang='grc' dir='ltr'>ό</span> <span class='ocrx_word' id='word_1_486' title='bbox 3827 3128 3980 3178; x_wconf 82' lang='grc' dir='ltr'>Κων-</span> 
     </span>
    </p>
   </div>
   <div class='ocr_carea' id='block_1_64' title="bbox 748 3217 2310 3288">
    <p class='ocr_par' dir='ltr' id='par_1_64' title="bbox 748 3217 2310 3288">
     <span class='ocr_line' id='line_1_64' title="bbox 748 3217 2310 3288; baseline 0 -14"><span class='ocrx_word' id='word_1_487' title='bbox 748 3221 1209 3288; x_wconf 84' lang='lat' dir='ltr'>contemplatione</span> <span class='ocrx_word' id='word_1_488' title='bbox 1237 3220 1398 3272; x_wconf 89' lang='lat' dir='ltr'>silere</span> <span class='ocrx_word' id='word_1_489' title='bbox 1442 3226 1662 3286; x_wconf 72' lang='lat' dir='ltr'>praestat</span> <span class='ocrx_word' id='word_1_490' title='bbox 1699 3219 1790 3286; x_wconf 86' lang='lat' dir='ltr'>(c).</span> <span class='ocrx_word' id='word_1_491' title='bbox 1824 3217 1977 3282; x_wconf 86' lang='lat' dir='ltr'>Quod</span> <span class='ocrx_word' id='word_1_492' title='bbox 2016 3219 2211 3273; x_wconf 89' lang='lat' dir='ltr'>deinde</span> <span class='ocrx_word' id='word_1_493' title='bbox 2246 3223 2310 3275; x_wconf 86' lang='lat' dir='ltr'>ad</span> 
     </span>
    </p>
   </div>
   <div class='ocr_carea' id='block_1_65' title="bbox 748 3309 2310 3383">
    <p class='ocr_par' dir='ltr' id='par_1_65' title="bbox 748 3309 2310 3383">
     <span class='ocr_line' id='line_1_65' title="bbox 748 3309 2310 3383; baseline 0.002 -19"><span class='ocrx_word' id='word_1_494' title='bbox 748 3330 934 3383; x_wconf 79' lang='lat' dir='ltr'>azyma</span> <span class='ocrx_word' id='word_1_495' title='bbox 971 3315 1226 3380; x_wconf 86' lang='lat' dir='ltr'>pertinet,</span> <span class='ocrx_word' id='word_1_496' title='bbox 1270 3310 1560 3374; x_wconf 81' lang='lat' dir='ltr'>Eusebius,</span> <span class='ocrx_word' id='word_1_497' title='bbox 1594 3309 1890 3379; x_wconf 82' lang='lat' dir='ltr'>Eutychius</span> <span class='ocrx_word' id='word_1_498' title='bbox 1919 3310 2310 3367; x_wconf 86' lang='lat' dir='ltr'>Constantino-</span> 
     </span>
    </p>
   </div>
   <div class='ocr_carea' id='block_1_66' title="bbox 747 3399 2308 3472">
    <p class='ocr_par' dir='ltr' id='par_1_66' title="bbox 747 3399 2308 3472">
     <span class='ocr_line' id='line_1_66' title="bbox 747 3399 2308 3472; baseline 0 -16"><span class='ocrx_word' id='word_1_499' title='bbox 747 3404 1040 3472; x_wconf 88' lang='lat' dir='ltr'>politanus,</span> <span class='ocrx_word' id='word_1_500' title='bbox 1073 3401 1405 3468; x_wconf 80' lang='lat' dir='ltr'>Epiphanius</span> <span class='ocrx_word' id='word_1_501' title='bbox 1462 3399 1646 3469; x_wconf 82' lang='lat' dir='ltr'>Cypri,</span> <span class='ocrx_word' id='word_1_502' title='bbox 1703 3400 1943 3454; x_wconf 84' lang='lat' dir='ltr'>Joannes</span> <span class='ocrx_word' id='word_1_503' title='bbox 1975 3400 2308 3470; x_wconf 79' lang='lat' dir='ltr'>Chrysosto-</span> 
     </span>
    </p>
   </div>
   <div class='ocr_carea' id='block_1_67' title="bbox 749 3490 2303 3565">
    <p class='ocr_par' dir='ltr' id='par_1_67' title="bbox 749 3490 2303 3565">
     <span class='ocr_line' id='line_1_67' title="bbox 749 3490 2303 3565; baseline 0 -17"><span class='ocrx_word' id='word_1_504' title='bbox 749 3512 892 3558; x_wconf 78' lang='lat' dir='ltr'>inus,</span> <span class='ocrx_word' id='word_1_505' title='bbox 948 3507 999 3548; x_wconf 87' lang='lat' dir='ltr'>et</span> <span class='ocrx_word' id='word_1_506' title='bbox 1041 3495 1129 3547; x_wconf 89' lang='lat' dir='ltr'>alii</span> <span class='ocrx_word' id='word_1_507' title='bbox 1187 3502 1495 3548; x_wconf 82' lang='lat' dir='ltr'>sanctorum</span> <span class='ocrx_word' id='word_1_508' title='bbox 1546 3490 1918 3547; x_wconf 85' lang='lat' dir='ltr'>defensionem</span> <span class='ocrx_word' id='word_1_509' title='bbox 1964 3493 2174 3548; x_wconf 86' lang='lat' dir='ltr'>dabunt</span> <span class='ocrx_word' id='word_1_510' title='bbox 2204 3496 2303 3565; x_wconf 78' lang='grc' dir='ltr'>(ά).</span> 
     </span>
    </p>
   </div>
   <div class='ocr_carea' id='block_1_68' title="bbox 748 3585 2306 3655">
    <p class='ocr_par' dir='ltr' id='par_1_68' title="bbox 748 3585 2306 3655">
     <span class='ocr_line' id='line_1_68' title="bbox 748 3585 2306 3655; baseline -0.001 -15"><span class='ocrx_word' id='word_1_511' title='bbox 748 3587 823 3640; x_wconf 88' lang='lat' dir='ltr'>De</span> <span class='ocrx_word' id='word_1_512' title='bbox 855 3588 1088 3655; x_wconf 84' lang='lat' dir='ltr'>primatu</span> <span class='ocrx_word' id='word_1_513' title='bbox 1122 3602 1248 3639; x_wconf 83' lang='lat' dir='ltr'>vero</span> <span class='ocrx_word' id='word_1_514' title='bbox 1291 3585 1522 3639; x_wconf 82' lang='lat' dir='ltr'>Romani</span> <span class='ocrx_word' id='word_1_515' title='bbox 1549 3585 1827 3653; x_wconf 86' lang='lat' dir='ltr'>pontificis</span> <span class='ocrx_word' id='word_1_516' title='bbox 1861 3586 2141 3641; x_wconf 90' lang='lat' dir='ltr'>sufficiens</span> <span class='ocrx_word' id='word_1_517' title='bbox 2188 3597 2306 3640; x_wconf 82' lang='lat' dir='ltr'>erat</span> 
     </span>
    </p>
   </div>
   <div class='ocr_carea' id='block_1_69' title="bbox 745 3677 2295 3746">
    <p class='ocr_par' dir='ltr' id='par_1_69' title="bbox 745 3677 2295 3746">
     <span class='ocr_line' id='line_1_69' title="bbox 745 3677 2295 3746; baseline -0.001 -17"><span class='ocrx_word' id='word_1_518' title='bbox 745 3695 810 3730; x_wconf 81' lang='lat' dir='ltr'>ex</span> <span class='ocrx_word' id='word_1_519' title='bbox 843 3679 1050 3746; x_wconf 71' lang='lat' dir='ltr'>synodo</span> <span class='ocrx_word' id='word_1_520' title='bbox 1091 3688 1300 3740; x_wconf 74' lang='lat' dir='ltr'>octava,</span> <span class='ocrx_word' id='word_1_521' title='bbox 1333 3677 1418 3730; x_wconf 88' lang='lat' dir='ltr'>cui</span> <span class='ocrx_word' id='word_1_522' title='bbox 1475 3677 1590 3744; x_wconf 87' lang='lat' dir='ltr'>ipse</span> <span class='ocrx_word' id='word_1_523' title='bbox 1626 3677 1996 3730; x_wconf 87' lang='lat' dir='ltr'>testimonium</span> <span class='ocrx_word' id='word_1_524' title='bbox 2028 3677 2295 3745; x_wconf 86' lang='lat' dir='ltr'>perhibet,</span> 
     </span>
    </p>
   </div>
   <div class='ocr_carea' id='block_1_70' title="bbox 755 3766 2308 3836">
    <p class='ocr_par' dir='ltr' id='par_1_70' title="bbox 755 3766 2308 3836">
     <span class='ocr_line' id='line_1_70' title="bbox 755 3766 2308 3836; baseline -0.001 -15"><span class='ocrx_word' id='word_1_525' title='bbox 755 3771 820 3821; x_wconf 81' lang='lat' dir='ltr'>ad</span> <span class='ocrx_word' id='word_1_526' title='bbox 857 3772 1068 3836; x_wconf 73' lang='lat' dir='ltr'>plenam</span> <span class='ocrx_word' id='word_1_527' title='bbox 1120 3768 1525 3836; x_wconf 85' lang='lat' dir='ltr'>persuasionem</span> <span class='ocrx_word' id='word_1_528' title='bbox 1583 3766 1923 3820; x_wconf 81' lang='lat' dir='ltr'>efficiendam</span> <span class='ocrx_word' id='word_1_529' title='bbox 1969 3783 2091 3821; x_wconf 90' lang='lat' dir='ltr'>eum</span> <span class='ocrx_word' id='word_1_530' title='bbox 2136 3769 2308 3820; x_wconf 83' lang='lat' dir='ltr'>stabi-</span> 
     </span>
    </p>
   </div>
   <div class='ocr_carea' id='block_1_71' title="bbox 751 3860 2311 3929">
    <p class='ocr_par' dir='ltr' id='par_1_71' title="bbox 751 3860 2311 3929">
     <span class='ocr_line' id='line_1_71' title="bbox 751 3860 2311 3929; baseline -0.001 -15"><span class='ocrx_word' id='word_1_531' title='bbox 751 3865 873 3915; x_wconf 90' lang='lat' dir='ltr'>lire.</span> <span class='ocrx_word' id='word_1_532' title='bbox 913 3864 1016 3915; x_wconf 87' lang='lat' dir='ltr'>Sed</span> <span class='ocrx_word' id='word_1_533' title='bbox 1072 3873 1125 3913; x_wconf 87' lang='lat' dir='ltr'>et</span> <span class='ocrx_word' id='word_1_534' title='bbox 1174 3860 1494 3914; x_wconf 90' lang='lat' dir='ltr'>Theodorus</span> <span class='ocrx_word' id='word_1_535' title='bbox 1541 3861 1749 3914; x_wconf 88' lang='lat' dir='ltr'>Studita</span> <span class='ocrx_word' id='word_1_536' title='bbox 1791 3869 1843 3914; x_wconf 84' lang='lat' dir='ltr'>et</span> <span class='ocrx_word' id='word_1_537' title='bbox 1889 3871 2199 3913; x_wconf 87' lang='lat' dir='ltr'>sanctarum</span> <span class='ocrx_word' id='word_1_538' title='bbox 2229 3877 2311 3929; x_wconf 79' lang='lat' dir='ltr'>sy-</span> 
     </span>
    </p>
   </div>
   <div class='ocr_carea' id='block_1_72' title="bbox 751 3952 2316 4020">
    <p class='ocr_par' dir='ltr' id='par_1_72' title="bbox 751 3952 2316 4020">
     <span class='ocr_line' id='line_1_72' title="bbox 751 3952 2316 4020; baseline 0 -13"><span class='ocrx_word' id='word_1_539' title='bbox 751 3955 1016 4007; x_wconf 81' lang='lat' dir='ltr'>r.odorum</span> <span class='ocrx_word' id='word_1_540' title='bbox 1071 3954 1202 4006; x_wconf 78' lang='lat' dir='ltr'>Acta</span> <span class='ocrx_word' id='word_1_541' title='bbox 1257 3952 1540 4020; x_wconf 85' lang='lat' dir='ltr'>perspicue</span> <span class='ocrx_word' id='word_1_542' title='bbox 1595 3966 1717 4004; x_wconf 89' lang='lat' dir='ltr'>eum</span> <span class='ocrx_word' id='word_1_543' title='bbox 1751 3952 2093 4005; x_wconf 88' lang='lat' dir='ltr'>confirmant.</span> <span class='ocrx_word' id='word_1_544' title='bbox 2142 3955 2316 4019; x_wconf 80' lang='lat' dir='ltr'>Atque</span> 
     </span>
    </p>
   </div>
   <div class='ocr_carea' id='block_1_73' title="bbox 750 4046 2318 4114">
    <p class='ocr_par' dir='ltr' id='par_1_73' title="bbox 750 4046 2318 4114">
     <span class='ocr_line' id='line_1_73' title="bbox 750 4046 2318 4114; baseline -0.001 -16"><span class='ocrx_word' id='word_1_545' title='bbox 750 4047 1046 4113; x_wconf 85' lang='lat' dir='ltr'>quamlibet</span> <span class='ocrx_word' id='word_1_546' title='bbox 1104 4061 1168 4098; x_wconf 81' lang='lat' dir='ltr'>ex</span> <span class='ocrx_word' id='word_1_547' title='bbox 1230 4046 1312 4098; x_wconf 91' lang='lat' dir='ltr'>his</span> <span class='ocrx_word' id='word_1_548' title='bbox 1364 4046 1721 4114; x_wconf 56' lang='lat' dir='ltr'>quastionem</span> <span class='ocrx_word' id='word_1_549' title='bbox 1795 4047 2013 4113; x_wconf 86' lang='lat' dir='ltr'>prOpria</span> <span class='ocrx_word' id='word_1_550' title='bbox 2062 4046 2318 4098; x_wconf 73' lang='lat' dir='ltr'>lucubra-</span> 
     </span>
    </p>
   </div>
   <div class='ocr_carea' id='block_1_74' title="bbox 746 4135 2315 4203">
    <p class='ocr_par' dir='ltr' id='par_1_74' title="bbox 746 4135 2315 4203">
     <span class='ocr_line' id='line_1_74' title="bbox 746 4135 2315 4203; baseline -0.001 -15"><span class='ocrx_word' id='word_1_551' title='bbox 746 4137 894 4188; x_wconf 66' lang='lat' dir='ltr'>tionis</span> <span class='ocrx_word' id='word_1_552' title='bbox 926 4139 1296 4195; x_wconf 82' lang='lat' dir='ltr'>tractavimus,</span> <span class='ocrx_word' id='word_1_553' title='bbox 1352 4144 1406 4186; x_wconf 88' lang='lat' dir='ltr'>ut</span> <span class='ocrx_word' id='word_1_554' title='bbox 1448 4145 1861 4203; x_wconf 82' lang='lat' dir='ltr'>cognoscentes,</span> <span class='ocrx_word' id='word_1_555' title='bbox 1904 4135 2019 4188; x_wconf 71' lang='lat' dir='ltr'>htec</span> <span class='ocrx_word' id='word_1_556' title='bbox 2063 4150 2187 4188; x_wconf 91' lang='lat' dir='ltr'>eum</span> <span class='ocrx_word' id='word_1_557' title='bbox 2222 4150 2315 4187; x_wconf 83' lang='lat' dir='ltr'>ex-</span> 
     </span>
    </p>
   </div>
   <div class='ocr_carea' id='block_1_75' title="bbox 750 4224 2312 4296">
    <p class='ocr_par' dir='ltr' id='par_1_75' title="bbox 750 4224 2312 4296">
     <span class='ocr_line' id='line_1_75' title="bbox 750 4224 2312 4296; baseline 0.001 -17"><span class='ocrx_word' id='word_1_558' title='bbox 750 4229 1007 4295; x_wconf 89' lang='lat' dir='ltr'>probrare</span> <span class='ocrx_word' id='word_1_559' title='bbox 1040 4224 1273 4279; x_wconf 87' lang='lat' dir='ltr'>Latinis.</span> <span class='ocrx_word' id='word_1_560' title='bbox 1307 4225 1538 4290; x_wconf 90' lang='lat' dir='ltr'>Quando</span> <span class='ocrx_word' id='word_1_561' title='bbox 1577 4227 1743 4296; x_wconf 90' lang='lat' dir='ltr'>igitur</span> <span class='ocrx_word' id='word_1_562' title='bbox 1761 4237 1814 4281; x_wconf 87' lang='lat' dir='ltr'>et</span> <span class='ocrx_word' id='word_1_563' title='bbox 1842 4227 1946 4281; x_wconf 87' lang='lat' dir='ltr'>alia</span> <span class='ocrx_word' id='word_1_564' title='bbox 1985 4227 2312 4296; x_wconf 87' lang='lat' dir='ltr'>cognoveri-</span> 
     </span>
    </p>
   </div>
   <div class='ocr_carea' id='block_1_76' title="bbox 819 4433 1416 4504">
    <p class='ocr_par' dir='ltr' id='par_1_76' title="bbox 819 4433 1416 4504">
     <span class='ocr_line' id='line_1_76' title="bbox 819 4433 1416 4504; baseline -0.008 -16"><span class='ocrx_word' id='word_1_565' title='bbox 819 4437 894 4504; x_wconf 86' lang='lat' dir='ltr'>(l)</span> <span class='ocrx_word' id='word_1_566' title='bbox 927 4433 1113 4486; x_wconf 91' lang='lat' dir='ltr'>Omitt.</span> <span class='ocrx_word' id='word_1_567' title='bbox 1147 4434 1306 4504; x_wconf 12' lang='lat' dir='ltr'>Alilat.</span> <span class='ocrx_word' id='word_1_568' title='bbox 1342 4451 1416 4504; x_wconf 76' lang='grc' dir='ltr'>τι.</span> 
     </span>
    </p>
   </div>
   <div class='ocr_carea' id='block_1_77' title="bbox 820 4502 2315 4571">
    <p class='ocr_par' dir='ltr' id='par_1_77' title="bbox 820 4502 2315 4571">
     <span class='ocr_line' id='line_1_77' title="bbox 820 4502 2315 4571; baseline -0.001 -16"><span class='ocrx_word' id='word_1_569' title='bbox 820 4502 897 4571; x_wconf 76' lang='lat'>(2)</span> <span class='ocrx_word' id='word_1_570' title='bbox 923 4504 999 4556; x_wconf 85' lang='lat' dir='ltr'>lta</span> <span class='ocrx_word' id='word_1_571' title='bbox 1031 4512 1176 4556; x_wconf 83' lang='lat' dir='ltr'>recte</span> <span class='ocrx_word' id='word_1_572' title='bbox 1201 4502 1280 4555; x_wconf 84' lang='lat' dir='ltr'>Ma</span> <span class='ocrx_word' id='word_1_573' title='bbox 1294 4518 1369 4556; x_wconf 91' lang='lat' dir='ltr'>rc.</span> <span class='ocrx_word' id='word_1_574' title='bbox 1391 4503 1428 4557; x_wconf 90' lang='lat' dir='ltr'>f.</span> <span class='ocrx_word' id='word_1_575' title='bbox 1453 4503 1555 4556; x_wconf 77' lang='lat'>252</span> <span class='ocrx_word' id='word_1_576' title='bbox 1582 4518 1633 4568; x_wconf 94' lang='lat' dir='ltr'>a,</span> <span class='ocrx_word' id='word_1_577' title='bbox 1659 4502 1787 4557; x_wconf 93' lang='lat' dir='ltr'>dum</span> <span class='ocrx_word' id='word_1_578' title='bbox 1813 4502 1958 4557; x_wconf 81' lang='lat' dir='ltr'>Mori.</span> <span class='ocrx_word' id='word_1_579' title='bbox 1980 4503 2162 4568; x_wconf 85' lang='lat' dir='ltr'>habet,</span> <span class='ocrx_word' id='word_1_580' title='bbox 2188 4503 2315 4571; x_wconf 81' lang='grc' dir='ltr'>ὁμο-</span> 
     </span>
    </p>
   </div>
   <div class='ocr_carea' id='block_1_78' title="bbox 745 4577 954 4628">
    <p class='ocr_par' dir='ltr' id='par_1_78' title="bbox 745 4577 954 4628">
     <span class='ocr_line' id='line_1_78' title="bbox 745 4577 954 4628; baseline -0.029 0"><span class='ocrx_word' id='word_1_581' title='bbox 745 4577 954 4628; x_wconf 64' lang='grc' dir='ltr'>ουσίου.</span> 
     </span>
    </p>
   </div>
   <div class='ocr_carea' id='block_1_79' title="bbox 819 4641 1903 4710">
    <p class='ocr_par' dir='ltr' id='par_1_79' title="bbox 819 4641 1903 4710">
     <span class='ocr_line' id='line_1_79' title="bbox 819 4641 1903 4710; baseline 0.003 -19"><span class='ocrx_word' id='word_1_582' title='bbox 819 4646 893 4710; x_wconf 67' lang='grc' dir='ltr'>(ἦ)</span> <span class='ocrx_word' id='word_1_583' title='bbox 931 4641 1073 4694; x_wconf 83' lang='grc' dir='ltr'>Μοη.</span> <span class='ocrx_word' id='word_1_584' title='bbox 1099 4645 1187 4704; x_wconf 76' lang='lat'>‘27,</span> <span class='ocrx_word' id='word_1_585' title='bbox 1217 4643 1253 4695; x_wconf 85' lang='lat' dir='ltr'>f.</span> <span class='ocrx_word' id='word_1_586' title='bbox 1293 4643 1394 4696; x_wconf 76' lang='lat' dir='ltr'><strong>H3</strong></span> <span class='ocrx_word' id='word_1_587' title='bbox 1421 4659 1470 4706; x_wconf 89' lang='lat' dir='ltr'>a,</span> <span class='ocrx_word' id='word_1_588' title='bbox 1528 4642 1903 4707; x_wconf 78' lang='grc' dir='ltr'>ὲναλάξαντες.</span> 
     </span>
    </p>
   </div>
   <div class='ocr_carea' id='block_1_80' title="bbox 817 4712 1641 4781">
    <p class='ocr_par' dir='ltr' id='par_1_80' title="bbox 817 4712 1641 4781">
     <span class='ocr_line' id='line_1_80' title="bbox 817 4712 1641 4781; baseline 0 -17"><span class='ocrx_word' id='word_1_589' title='bbox 817 4715 892 4780; x_wconf 73' lang='grc'>(4)</span> <span class='ocrx_word' id='word_1_590' title='bbox 930 4712 1071 4765; x_wconf 80' lang='grc' dir='ltr'>Μοιι.</span> <span class='ocrx_word' id='word_1_591' title='bbox 1110 4713 1199 4774; x_wconf 79' lang='grc'>27,</span> <span class='ocrx_word' id='word_1_592' title='bbox 1232 4714 1641 4781; x_wconf 66' lang='grc' dir='ltr'>ὲμφιλοχωρῶν.</span> 
     </span>
    </p>
   </div>
   <div class='ocr_carea' id='block_1_81' title="bbox 820 4781 1606 4850">
    <p class='ocr_par' dir='ltr' id='par_1_81' title="bbox 820 4781 1606 4850">
     <span class='ocr_line' id='line_1_81' title="bbox 820 4781 1606 4850; baseline 0.005 -18"><span class='ocrx_word' id='word_1_593' title='bbox 820 4782 897 4846; x_wconf 78' lang='grc'>(5)</span> <span class='ocrx_word' id='word_1_594' title='bbox 937 4781 1078 4833; x_wconf 78' lang='grc' dir='ltr'>Μοη.</span> <span class='ocrx_word' id='word_1_595' title='bbox 1117 4784 1237 4845; x_wconf 85' lang='lat' dir='ltr'>cit.,</span> <span class='ocrx_word' id='word_1_596' title='bbox 1275 4786 1490 4850; x_wconf 80' lang='grc' dir='ltr'>ἑκάστῳ</span> <span class='ocrx_word' id='word_1_597' title='bbox 1528 4800 1606 4836; x_wconf 90' lang='grc' dir='ltr'>τε.</span> 
     </span>
    </p>
   </div>
   <div class='ocr_carea' id='block_1_82' title="bbox 817 4850 1958 4923">
    <p class='ocr_par' dir='ltr' id='par_1_82' title="bbox 817 4850 1958 4923">
     <span class='ocr_line' id='line_1_82' title="bbox 817 4850 1958 4923; baseline 0.002 -21"><span class='ocrx_word' id='word_1_598' title='bbox 817 4855 892 4921; x_wconf 75' lang='lat' dir='ltr'>(ti)</span> <span class='ocrx_word' id='word_1_599' title='bbox 925 4850 1015 4904; x_wconf 84' lang='lat' dir='ltr'>Sic</span> <span class='ocrx_word' id='word_1_600' title='bbox 1055 4862 1199 4906; x_wconf 81' lang='lat' dir='ltr'>recte</span> <span class='ocrx_word' id='word_1_601' title='bbox 1229 4852 1417 4917; x_wconf 82' lang='lat' dir='ltr'>Marc.;</span> <span class='ocrx_word' id='word_1_602' title='bbox 1452 4852 1620 4920; x_wconf 83' lang='lat' dir='ltr'>Mon.,</span> <span class='ocrx_word' id='word_1_603' title='bbox 1656 4851 1958 4923; x_wconf 77' lang='grc' dir='ltr'>ἡγούμεθα.</span> 
     </span>
    </p>
   </div>
   <div class='ocr_carea' id='block_1_83' title="bbox 818 5047 2308 5122">
    <p class='ocr_par' dir='ltr' id='par_1_83' title="bbox 818 5047 2308 5122">
     <span class='ocr_line' id='line_1_83' title="bbox 818 5047 2308 5122; baseline 0.004 -23"><span class='ocrx_word' id='word_1_604' title='bbox 818 5050 891 5115; x_wconf 87' lang='lat' dir='ltr'>(a)</span> <span class='ocrx_word' id='word_1_605' title='bbox 935 5047 1005 5101; x_wconf 91' lang='lat' dir='ltr'>De</span> <span class='ocrx_word' id='word_1_606' title='bbox 1041 5048 1150 5100; x_wconf 82' lang='lat' dir='ltr'>Elia</span> <span class='ocrx_word' id='word_1_607' title='bbox 1173 5065 1292 5102; x_wconf 89' lang='lat' dir='ltr'>cum</span> <span class='ocrx_word' id='word_1_608' title='bbox 1327 5066 1489 5104; x_wconf 87' lang='lat' dir='ltr'>carne</span> <span class='ocrx_word' id='word_1_609' title='bbox 1524 5051 1575 5104; x_wconf 92' lang='lat' dir='ltr'>in</span> <span class='ocrx_word' id='word_1_610' title='bbox 1605 5053 1801 5106; x_wconf 68' lang='lat' dir='ltr'>malum</span> <span class='ocrx_word' id='word_1_611' title='bbox 1849 5063 2001 5122; x_wconf 89' lang='lat' dir='ltr'>rapto</span> <span class='ocrx_word' id='word_1_612' title='bbox 2036 5053 2222 5107; x_wconf 84' lang='lat' dir='ltr'>Patres</span> <span class='ocrx_word' id='word_1_613' title='bbox 2255 5053 2308 5106; x_wconf 93' lang='lat' dir='ltr'>in</span> 
     </span>
    </p>
   </div>
   <div class='ocr_carea' id='block_1_84' title="bbox 747 5116 1670 5188">
    <p class='ocr_par' dir='ltr' id='par_1_84' title="bbox 747 5116 1670 5188">
     <span class='ocr_line' id='line_1_84' title="bbox 747 5116 1670 5188; baseline 0.007 -20"><span class='ocrx_word' id='word_1_614' title='bbox 747 5116 810 5168; x_wconf 74' lang='lat' dir='ltr'>IV</span> <span class='ocrx_word' id='word_1_615' title='bbox 847 5122 975 5186; x_wconf 69' lang='lat' dir='ltr'>lieg.</span> <span class='ocrx_word' id='word_1_616' title='bbox 1004 5136 1057 5176; x_wconf 87' lang='lat' dir='ltr'>tt.</span> <span class='ocrx_word' id='word_1_617' title='bbox 1104 5122 1184 5178; x_wconf 80' lang='lat' dir='ltr'>ll.</span> <span class='ocrx_word' id='word_1_618' title='bbox 1205 5138 1344 5187; x_wconf 79' lang='lat' dir='ltr'>s.cpe</span> <span class='ocrx_word' id='word_1_619' title='bbox 1373 5124 1670 5188; x_wconf 75' lang='lat' dir='ltr'>disputant.</span> 
     </span>
    </p>
   </div>
   <div class='ocr_carea' id='block_1_85' title="bbox 816 5191 2306 5259">
    <p class='ocr_par' dir='ltr' id='par_1_85' title="bbox 816 5191 2306 5259">
     <span class='ocr_line' id='line_1_85' title="bbox 816 5191 2306 5259; baseline 0.004 -19"><span class='ocrx_word' id='word_1_620' title='bbox 816 5191 887 5257; x_wconf 79' lang='grc' dir='ltr'>(ὁ)</span> <span class='ocrx_word' id='word_1_621' title='bbox 925 5191 1184 5241; x_wconf 66' lang='lat' dir='ltr'>Nmirmn</span> <span class='ocrx_word' id='word_1_622' title='bbox 1244 5202 1365 5243; x_wconf 87' lang='lat' dir='ltr'>ante</span> <span class='ocrx_word' id='word_1_623' title='bbox 1413 5193 1768 5245; x_wconf 78' lang='lat' dir='ltr'>universalem</span> <span class='ocrx_word' id='word_1_624' title='bbox 1829 5193 2306 5259; x_wconf 82' lang='lat' dir='ltr'>resurrectionem,</span> 
     </span>
    </p>
   </div>
   <div class='ocr_carea' id='block_1_86' title="bbox 745 5259 2299 5331">
    <p class='ocr_par' dir='ltr' id='par_1_86' title="bbox 745 5259 2299 5331">
     <span class='ocr_line' id='line_1_86' title="bbox 745 5259 2299 5331; baseline 0.006 -28"><span class='ocrx_word' id='word_1_625' title='bbox 745 5265 884 5331; x_wconf 64' lang='lat' dir='ltr'>qttml</span> <span class='ocrx_word' id='word_1_626' title='bbox 943 5260 1318 5331; x_wconf 76' lang='lat' dir='ltr'>Marcns_cnm</span> <span class='ocrx_word' id='word_1_627' title='bbox 1375 5261 1496 5331; x_wconf 81' lang='lat' dir='ltr'>aliis</span> <span class='ocrx_word' id='word_1_628' title='bbox 1540 5259 1743 5316; x_wconf 74' lang='lat' dir='ltr'>Graecis</span> <span class='ocrx_word' id='word_1_629' title='bbox 1792 5279 2021 5331; x_wconf 82' lang='lat' dir='ltr'>negasse</span> <span class='ocrx_word' id='word_1_630' title='bbox 2065 5276 2299 5318; x_wconf 86' lang='lat' dir='ltr'>constat.</span> 
     </span>
    </p>
   </div>
   <div class='ocr_carea' id='block_1_87' title="bbox 749 5327 2298 5402">
    <p class='ocr_par' dir='ltr' id='par_1_87' title="bbox 749 5327 2298 5402">
     <span class='ocr_line' id='line_1_87' title="bbox 749 5327 2298 5402; baseline 0.005 -25"><span class='ocrx_word' id='word_1_631' title='bbox 749 5328 876 5380; x_wconf 71' lang='lat' dir='ltr'>Vide</span> <span class='ocrx_word' id='word_1_632' title='bbox 929 5344 1082 5402; x_wconf 73' lang='lat' dir='ltr'>conc.</span> <span class='ocrx_word' id='word_1_633' title='bbox 1140 5327 1402 5402; x_wconf 75' lang='lat' dir='ltr'>Florent..</span> <span class='ocrx_word' id='word_1_634' title='bbox 1462 5329 1622 5383; x_wconf 82' lang='lat' dir='ltr'>llard.</span> <span class='ocrx_word' id='word_1_635' title='bbox 1681 5343 1718 5386; x_wconf 92' lang='lat' dir='ltr'>t.</span> <span class='ocrx_word' id='word_1_636' title='bbox 1776 5327 1886 5396; x_wconf 60' lang='lat' dir='ltr'>IX;</span> <span class='ocrx_word' id='word_1_637' title='bbox 1932 5350 1984 5401; x_wconf 91' lang='lat' dir='ltr'>p.</span> <span class='ocrx_word' id='word_1_638' title='bbox 2043 5333 2107 5386; x_wconf 79' lang='lat' dir='ltr'>l9</span> <span class='ocrx_word' id='word_1_639' title='bbox 2159 5349 2298 5402; x_wconf 89' lang='lat' dir='ltr'>scq.,</span> 
     </span>
    </p>
   </div>
   <div class='ocr_carea' id='block_1_88' title="bbox 744 5398 2301 5472">
    <p class='ocr_par' dir='ltr' id='par_1_88' title="bbox 744 5398 2301 5472">
     <span class='ocr_line' id='line_1_88' title="bbox 744 5398 2301 5472; baseline 0.006 -23"><span class='ocrx_word' id='word_1_640' title='bbox 744 5403 939 5472; x_wconf 72' lang='lat' dir='ltr'>bytop.</span> <span class='ocrx_word' id='word_1_641' title='bbox 977 5398 1109 5452; x_wconf 81' lang='lat' dir='ltr'>llist.</span> <span class='ocrx_word' id='word_1_642' title='bbox 1150 5416 1304 5472; x_wconf 77' lang='lat' dir='ltr'>conc.</span> <span class='ocrx_word' id='word_1_643' title='bbox 1337 5401 1576 5456; x_wconf 77' lang='lat' dir='ltr'>Florent.</span> <span class='ocrx_word' id='word_1_644' title='bbox 1611 5420 1662 5472; x_wconf 88' lang='grc' dir='ltr'>ρ.</span> <span class='ocrx_word' id='word_1_645' title='bbox 1700 5405 1818 5456; x_wconf 78' lang='grc'>156.</span> <span class='ocrx_word' id='word_1_646' title='bbox 1855 5398 1990 5456; x_wconf 76' lang='lat' dir='ltr'>Huic</span> <span class='ocrx_word' id='word_1_647' title='bbox 2016 5398 2301 5458; x_wconf 79' lang='lat' dir='ltr'>Plusiade-</span> 
     </span>
    </p>
   </div>
   <div class='ocr_carea' id='block_1_89' title="bbox 747 5470 2305 5534">
    <p class='ocr_par' dir='ltr' id='par_1_89' title="bbox 747 5470 2305 5534">
     <span class='ocr_line' id='line_1_89' title="bbox 747 5470 2305 5534; baseline 0.005 -16"><span class='ocrx_word' id='word_1_648' title='bbox 747 5485 848 5520; x_wconf 84' lang='lat' dir='ltr'>nus</span> <span class='ocrx_word' id='word_1_649' title='bbox 872 5471 949 5534; x_wconf 88' lang='lat' dir='ltr'>(l)</span> <span class='ocrx_word' id='word_1_650' title='bbox 975 5481 1154 5521; x_wconf 80' lang='lat' dir='ltr'>notat:</span> <span class='ocrx_word' id='word_1_651' title='bbox 1199 5470 1357 5523; x_wconf 67' lang='lat' dir='ltr'>«Vide</span> <span class='ocrx_word' id='word_1_652' title='bbox 1377 5470 1648 5525; x_wconf 80' lang='lat' dir='ltr'>hominem</span> <span class='ocrx_word' id='word_1_653' title='bbox 1671 5476 1800 5526; x_wconf 84' lang='lat' dir='ltr'>alias</span> <span class='ocrx_word' id='word_1_654' title='bbox 1819 5490 1925 5526; x_wconf 90' lang='lat' dir='ltr'>non</span> <span class='ocrx_word' id='word_1_655' title='bbox 1961 5477 2305 5527; x_wconf 86' lang='lat' dir='ltr'>confitentem</span> 
     </span>
    </p>
   </div>
   <div class='ocr_carea' id='block_1_90' title="bbox 742 5543 2294 5613">
    <p class='ocr_par' dir='ltr' id='par_1_90' title="bbox 742 5543 2294 5613">
     <span class='ocr_line' id='line_1_90' title="bbox 742 5543 2294 5613; baseline 0.005 -25"><span class='ocrx_word' id='word_1_656' title='bbox 742 5553 964 5590; x_wconf 60' lang='lat' dir='ltr'>sanctos</span> <span class='ocrx_word' id='word_1_657' title='bbox 997 5558 1117 5591; x_wconf 78' lang='lat' dir='ltr'>esse</span> <span class='ocrx_word' id='word_1_658' title='bbox 1154 5543 1202 5590; x_wconf 91' lang='lat' dir='ltr'>in</span> <span class='ocrx_word' id='word_1_659' title='bbox 1236 5557 1396 5610; x_wconf 68' lang='lat' dir='ltr'>regno</span> <span class='ocrx_word' id='word_1_660' title='bbox 1429 5544 1536 5604; x_wconf 85' lang='lat' dir='ltr'>Dei,</span> <span class='ocrx_word' id='word_1_661' title='bbox 1575 5549 1673 5596; x_wconf 87' lang='lat' dir='ltr'>hoc</span> <span class='ocrx_word' id='word_1_662' title='bbox 1738 5561 1864 5597; x_wconf 86' lang='lat' dir='ltr'>vero</span> <span class='ocrx_word' id='word_1_663' title='bbox 1916 5547 2032 5596; x_wconf 84' lang='lat' dir='ltr'>loco</span> <span class='ocrx_word' id='word_1_664' title='bbox 2084 5548 2294 5613; x_wconf 75' lang='lat' dir='ltr'>perSpi-</span> 
     </span>
    </p>
   </div>
   <div class='ocr_carea' id='block_1_91' title="bbox 742 5617 2296 5681">
    <p class='ocr_par' dir='ltr' id='par_1_91' title="bbox 742 5617 2296 5681">
     <span class='ocr_line' id='line_1_91' title="bbox 742 5617 2296 5681; baseline 0.006 -26"><span class='ocrx_word' id='word_1_665' title='bbox 742 5629 756 5655; x_wconf 84' lang='grc' dir='ltr'>ι</span> <span class='ocrx_word' id='word_1_666' title='bbox 782 5628 843 5659; x_wconf 77' lang='lat' dir='ltr'>tit:</span> <span class='ocrx_word' id='word_1_667' title='bbox 897 5623 1294 5681; x_wconf 66' lang='lat' dir='ltr'>(tSstttttrztttlttltt</span> <span class='ocrx_word' id='word_1_668' title='bbox 1354 5628 1445 5663; x_wconf 64' lang='lat'>00$</span> <span class='ocrx_word' id='word_1_669' title='bbox 1485 5618 1943 5681; x_wconf 73' lang='lat' dir='ltr'>contemplatione</span> <span class='ocrx_word' id='word_1_670' title='bbox 1983 5619 2068 5665; x_wconf 74' lang='lat' dir='ltr'>Ut&#39;l</span> <span class='ocrx_word' id='word_1_671' title='bbox 2104 5617 2168 5665; x_wconf 80' lang='lat' dir='ltr'>ad</span> <span class='ocrx_word' id='word_1_672' title='bbox 2216 5617 2296 5665; x_wconf 34' lang='lat' dir='ltr'>l‘:t-</span> 
     </span>
    </p>
   </div>
   <div class='ocr_carea' id='block_1_92' title="bbox 744 5680 2298 5753">
    <p class='ocr_par' dir='ltr' id='par_1_92' title="bbox 744 5680 2298 5753">
     <span class='ocr_line' id='line_1_92' title="bbox 744 5680 2298 5753; baseline 0.006 -26"><span class='ocrx_word' id='word_1_673' title='bbox 744 5681 878 5730; x_wconf 80' lang='lat' dir='ltr'>cietn</span> <span class='ocrx_word' id='word_1_674' title='bbox 924 5680 1024 5729; x_wconf 84' lang='lat' dir='ltr'>fiut</span> <span class='ocrx_word' id='word_1_675' title='bbox 1078 5691 1296 5733; x_wconf 69' lang='lat' dir='ltr'>sanctos</span> <span class='ocrx_word' id='word_1_676' title='bbox 1336 5699 1345 5709; x_wconf 90' lang='grc'>·</span> <span class='ocrx_word' id='word_1_677' title='bbox 1383 5686 1520 5750; x_wconf 85' lang='lat' dir='ltr'>quod</span> <span class='ocrx_word' id='word_1_678' title='bbox 1559 5694 1609 5736; x_wconf 90' lang='lat' dir='ltr'>et</span> <span class='ocrx_word' id='word_1_679' title='bbox 1645 5680 1887 5738; x_wconf 79' lang='lat' dir='ltr'>mirabile</span> <span class='ocrx_word' id='word_1_680' title='bbox 1931 5688 2139 5737; x_wconf 77' lang='lat' dir='ltr'>Vldcltll‘</span> <span class='ocrx_word' id='word_1_681' title='bbox 2172 5701 2298 5753; x_wconf 89' lang='lat' dir='ltr'>pru-</span> 
     </span>
    </p>
   </div>
   <div class='ocr_carea' id='block_1_93' title="bbox 809 5798 2395 5870">
    <p class='ocr_par' dir='ltr' id='par_1_93' title="bbox 809 5798 2395 5870">
     <span class='ocr_line' id='line_1_93' title="bbox 809 5798 2395 5870; baseline 0.01 -26"><span class='ocrx_word' id='word_1_682' title='bbox 809 5799 880 5856; x_wconf 89' lang='lat' dir='ltr'>(l)</span> <span class='ocrx_word' id='word_1_683' title='bbox 907 5798 1017 5847; x_wconf 66' lang='lat' dir='ltr'>Sive</span> <span class='ocrx_word' id='word_1_684' title='bbox 1046 5800 1290 5863; x_wconf 68' lang='lat' dir='ltr'>Iosephus</span> <span class='ocrx_word' id='word_1_685' title='bbox 1328 5805 1367 5854; x_wconf 81' lang='grc' dir='ltr'><strong>Μ</strong></span> <span class='ocrx_word' id='word_1_686' title='bbox 1412 5811 1677 5858; x_wconf 81' lang='lat' dir='ltr'>thouensis.</span> <span class='ocrx_word' id='word_1_687' title='bbox 1719 5809 1834 5857; x_wconf 63' lang='lat' dir='ltr'>\‘ide</span> <span class='ocrx_word' id='word_1_688' title='bbox 1863 5818 2043 5858; x_wconf 91' lang='lat' dir='ltr'>tomum</span> <span class='ocrx_word' id='word_1_689' title='bbox 2071 5813 2395 5870; x_wconf 82' lang='lat' dir='ltr'>superiorem.</span> 
     </span>
    </p>
   </div>
   <div class='ocr_carea' id='block_1_94' title="bbox 2424 3217 3986 3287">
    <p class='ocr_par' dir='ltr' id='par_1_94' title="bbox 2424 3217 3986 3287">
     <span class='ocr_line' id='line_1_94' title="bbox 2424 3217 3986 3287; baseline -0.003 -15"><span class='ocrx_word' id='word_1_690' title='bbox 2424 3221 2933 3282; x_wconf 77' lang='grc' dir='ltr'>σταντινουπόλεως,</span> <span class='ocrx_word' id='word_1_691' title='bbox 2969 3219 3287 3287; x_wconf 72' lang='grc' dir='ltr'>Ἐπιφάνιος</span> <span class='ocrx_word' id='word_1_692' title='bbox 3322 3222 3349 3271; x_wconf 87' lang='grc' dir='ltr'>ό</span> <span class='ocrx_word' id='word_1_693' title='bbox 3387 3219 3640 3286; x_wconf 79' lang='grc' dir='ltr'>Κύπρου,</span> <span class='ocrx_word' id='word_1_694' title='bbox 3680 3217 3926 3279; x_wconf 86' lang='grc' dir='ltr'>Ἰωάννης</span> <span class='ocrx_word' id='word_1_695' title='bbox 3959 3221 3986 3268; x_wconf 83' lang='grc' dir='ltr'>ό</span> 
     </span>
    </p>
   </div>
   <div class='ocr_carea' id='block_1_95' title="bbox 2420 3309 3978 3380">
    <p class='ocr_par' dir='ltr' id='par_1_95' title="bbox 2420 3309 3978 3380">
     <span class='ocr_line' id='line_1_95' title="bbox 2420 3309 3978 3380; baseline -0.004 -14"><span class='ocrx_word' id='word_1_696' title='bbox 2420 3314 2809 3380; x_wconf 73' lang='grc' dir='ltr'>Χρυςόστομος</span> <span class='ocrx_word' id='word_1_697' title='bbox 2839 3315 2930 3363; x_wconf 76' lang='grc' dir='ltr'>καὶ</span> <span class='ocrx_word' id='word_1_698' title='bbox 2957 3312 3137 3380; x_wconf 68' lang='grc' dir='ltr'>ἕτεροι</span> <span class='ocrx_word' id='word_1_699' title='bbox 3166 3311 3274 3362; x_wconf 83' lang='grc' dir='ltr'>τῶν</span> <span class='ocrx_word' id='word_1_700' title='bbox 3315 3310 3483 3376; x_wconf 86' lang='grc' dir='ltr'>ἁγίων</span> <span class='ocrx_word' id='word_1_701' title='bbox 3530 3309 3978 3376; x_wconf 70' lang='grc' dir='ltr'>ἀπολογήσονται.</span> 
     </span>
    </p>
   </div>
   <div class='ocr_carea' id='block_1_96' title="bbox 2423 3399 3986 3469">
    <p class='ocr_par' dir='ltr' id='par_1_96' title="bbox 2423 3399 3986 3469">
     <span class='ocr_line' id='line_1_96' title="bbox 2423 3399 3986 3469; baseline -0.003 -17"><span class='ocrx_word' id='word_1_702' title='bbox 2423 3401 2556 3469; x_wconf 73' lang='grc' dir='ltr'>Περὶ</span> <span class='ocrx_word' id='word_1_703' title='bbox 2590 3400 2643 3450; x_wconf 81' lang='grc' dir='ltr'>δὲ</span> <span class='ocrx_word' id='word_1_704' title='bbox 2675 3400 2767 3451; x_wconf 76' lang='grc' dir='ltr'>τοῦ</span> <span class='ocrx_word' id='word_1_705' title='bbox 2804 3399 2894 3451; x_wconf 79' lang='grc' dir='ltr'>τοῦ</span> <span class='ocrx_word' id='word_1_706' title='bbox 2931 3401 3133 3450; x_wconf 65' lang='grc' dir='ltr'>πάππα</span> <span class='ocrx_word' id='word_1_707' title='bbox 3171 3399 3438 3464; x_wconf 85' lang='grc' dir='ltr'>πρωτείου</span> <span class='ocrx_word' id='word_1_708' title='bbox 3475 3400 3633 3467; x_wconf 70' lang='grc' dir='ltr'>ἢρκει</span> <span class='ocrx_word' id='word_1_709' title='bbox 3671 3399 3762 3450; x_wconf 74' lang='grc' dir='ltr'>καὶ</span> <span class='ocrx_word' id='word_1_710' title='bbox 3795 3401 3854 3450; x_wconf 85' lang='grc' dir='ltr'>ὲκ</span> <span class='ocrx_word' id='word_1_711' title='bbox 3887 3399 3986 3465; x_wconf 77' lang='grc' dir='ltr'>τῆς</span> 
     </span>
    </p>
   </div>
   <div class='ocr_carea' id='block_1_97' title="bbox 2421 3490 3985 3563">
    <p class='ocr_par' dir='ltr' id='par_1_97' title="bbox 2421 3490 3985 3563">
     <span class='ocr_line' id='line_1_97' title="bbox 2421 3490 3985 3563; baseline -0.003 -17"><span class='ocrx_word' id='word_1_712' title='bbox 2421 3494 2873 3563; x_wconf 76' lang='grc' dir='ltr'>μαμτυρουμὲνης</span> <span class='ocrx_word' id='word_1_713' title='bbox 2897 3491 3206 3562; x_wconf 74' lang='grc' dir='ltr'>παράὺτοῦ</span> <span class='ocrx_word' id='word_1_714' title='bbox 3229 3492 3420 3561; x_wconf 76' lang='grc' dir='ltr'>ὀγδόης</span> <span class='ocrx_word' id='word_1_715' title='bbox 3442 3491 3657 3544; x_wconf 67' lang='grc' dir='ltr'>συνόδου</span> <span class='ocrx_word' id='word_1_716' title='bbox 3679 3493 3758 3551; x_wconf 73' lang='grc' dir='ltr'>είς</span> <span class='ocrx_word' id='word_1_717' title='bbox 3780 3490 3985 3561; x_wconf 67' lang='grc' dir='ltr'>ἐναρχῆ</span> 
     </span>
    </p>
   </div>
   <div class='ocr_carea' id='block_1_98' title="bbox 2421 3584 3986 3654">
    <p class='ocr_par' dir='ltr' id='par_1_98' title="bbox 2421 3584 3986 3654">
     <span class='ocr_line' id='line_1_98' title="bbox 2421 3584 3986 3654; baseline 0 -18"><span class='ocrx_word' id='word_1_718' title='bbox 2421 3587 2796 3654; x_wconf 72' lang='grc' dir='ltr'>πληροφορίαν</span> <span class='ocrx_word' id='word_1_719' title='bbox 2827 3585 2984 3636; x_wconf 82' lang='grc' dir='ltr'>τοῦτο</span> <span class='ocrx_word' id='word_1_720' title='bbox 3015 3589 3301 3654; x_wconf 81' lang='grc' dir='ltr'>συστῆσαι.</span> <span class='ocrx_word' id='word_1_721' title='bbox 3342 3585 3500 3636; x_wconf 80' lang='grc' dir='ltr'>Ἀλλὰ</span> <span class='ocrx_word' id='word_1_722' title='bbox 3535 3586 3627 3636; x_wconf 70' lang='grc' dir='ltr'>καὶ</span> <span class='ocrx_word' id='word_1_723' title='bbox 3657 3584 3929 3652; x_wconf 77' lang='grc' dir='ltr'>Θεόδωρος</span> <span class='ocrx_word' id='word_1_724' title='bbox 3960 3588 3986 3636; x_wconf 91' lang='grc' dir='ltr'>ὁ</span> 
     </span>
    </p>
   </div>
   <div class='ocr_carea' id='block_1_99' title="bbox 2422 3677 3986 3746">
    <p class='ocr_par' dir='ltr' id='par_1_99' title="bbox 2422 3677 3986 3746">
     <span class='ocr_line' id='line_1_99' title="bbox 2422 3677 3986 3746; baseline -0.001 -16"><span class='ocrx_word' id='word_1_725' title='bbox 2422 3679 2712 3746; x_wconf 80' lang='grc' dir='ltr'>Στουδίτης</span> <span class='ocrx_word' id='word_1_726' title='bbox 2745 3680 2839 3730; x_wconf 76' lang='grc' dir='ltr'>καὶ</span> <span class='ocrx_word' id='word_1_727' title='bbox 2869 3681 2935 3730; x_wconf 79' lang='grc' dir='ltr'>τὰ</span> <span class='ocrx_word' id='word_1_728' title='bbox 2969 3678 3254 3746; x_wconf 77' lang='grc' dir='ltr'>Πρακτικὰ</span> <span class='ocrx_word' id='word_1_729' title='bbox 3283 3677 3390 3728; x_wconf 77' lang='grc' dir='ltr'>τῶν</span> <span class='ocrx_word' id='word_1_730' title='bbox 3422 3677 3592 3742; x_wconf 73' lang='grc' dir='ltr'>ἁγίων</span> <span class='ocrx_word' id='word_1_731' title='bbox 3628 3678 3855 3729; x_wconf 72' lang='grc' dir='ltr'>συνόίων</span> <span class='ocrx_word' id='word_1_732' title='bbox 3891 3696 3986 3728; x_wconf 81' lang='grc' dir='ltr'>σα-</span> 
     </span>
    </p>
   </div>
   <div class='ocr_carea' id='block_1_100' title="bbox 2420 3769 3988 3839">
    <p class='ocr_par' dir='ltr' id='par_1_100' title="bbox 2420 3769 3988 3839">
     <span class='ocr_line' id='line_1_100' title="bbox 2420 3769 3988 3839; baseline 0.001 -21"><span class='ocrx_word' id='word_1_733' title='bbox 2420 3771 2533 3838; x_wconf 72' lang='grc' dir='ltr'>φῶς</span> <span class='ocrx_word' id='word_1_734' title='bbox 2577 3771 2883 3837; x_wconf 77' lang='grc' dir='ltr'>παριστῶσι</span> <span class='ocrx_word' id='word_1_735' title='bbox 2928 3771 3058 3839; x_wconf 68' lang='grc' dir='ltr'>περὶ</span> <span class='ocrx_word' id='word_1_736' title='bbox 3100 3769 3311 3823; x_wconf 72' lang='grc' dir='ltr'>τούτου.</span> <span class='ocrx_word' id='word_1_737' title='bbox 3352 3769 3459 3820; x_wconf 77' lang='grc' dir='ltr'>Καὶ</span> <span class='ocrx_word' id='word_1_738' title='bbox 3501 3769 3729 3820; x_wconf 77' lang='grc' dir='ltr'>ἕκαστον</span> <span class='ocrx_word' id='word_1_739' title='bbox 3771 3769 3988 3839; x_wconf 63' lang='grc' dir='ltr'>ζήτημα.</span> 
     </span>
    </p>
   </div>
   <div class='ocr_carea' id='block_1_101' title="bbox 2420 3861 3990 3932">
    <p class='ocr_par' dir='ltr' id='par_1_101' title="bbox 2420 3861 3990 3932">
     <span class='ocr_line' id='line_1_101' title="bbox 2420 3861 3990 3932; baseline -0.004 -16"><span class='ocrx_word' id='word_1_740' title='bbox 2420 3865 2527 3916; x_wconf 80' lang='grc' dir='ltr'>ἀπὸ</span> <span class='ocrx_word' id='word_1_741' title='bbox 2580 3864 2784 3915; x_wconf 80' lang='grc' dir='ltr'>τούτων</span> <span class='ocrx_word' id='word_1_742' title='bbox 2841 3863 2978 3915; x_wconf 60' lang='lat' dir='ltr'>tam</span> <span class='ocrx_word' id='word_1_743' title='bbox 3034 3861 3422 3932; x_wconf 76' lang='grc' dir='ltr'>πραγματείαν</span> <span class='ocrx_word' id='word_1_744' title='bbox 3475 3863 3862 3929; x_wconf 64' lang='grc' dir='ltr'>πεποιήμεθα,</span> <span class='ocrx_word' id='word_1_745' title='bbox 3913 3863 3990 3923; x_wconf 79' lang='grc' dir='ltr'>ὡς</span> 
     </span>
    </p>
   </div>
   <div class='ocr_carea' id='block_1_102' title="bbox 2419 3954 3989 4023">
    <p class='ocr_par' dir='ltr' id='par_1_102' title="bbox 2419 3954 3989 4023">
     <span class='ocr_line' id='line_1_102' title="bbox 2419 3954 3989 4023; baseline -0.001 -16"><span class='ocrx_word' id='word_1_746' title='bbox 2419 3957 2591 4007; x_wconf 79' lang='grc' dir='ltr'>ταῦτα</span> <span class='ocrx_word' id='word_1_747' title='bbox 2635 3957 2995 4023; x_wconf 78' lang='grc' dir='ltr'>γινώσκοντες</span> <span class='ocrx_word' id='word_1_748' title='bbox 3048 3956 3303 4021; x_wconf 76' lang='grc' dir='ltr'>ἐγκαλεῖν</span> <span class='ocrx_word' id='word_1_749' title='bbox 3354 3954 3515 4007; x_wconf 75' lang='grc' dir='ltr'>αὑτὸν</span> <span class='ocrx_word' id='word_1_750' title='bbox 3566 3958 3677 4013; x_wconf 76' lang='grc' dir='ltr'>τοῖς</span> <span class='ocrx_word' id='word_1_751' title='bbox 3723 3954 3989 4011; x_wconf 69' lang='grc' dir='ltr'>Λατίνοις.</span> 
     </span>
    </p>
   </div>
   <div class='ocr_carea' id='block_1_103' title="bbox 2424 4042 3992 4113">
    <p class='ocr_par' dir='ltr' id='par_1_103' title="bbox 2424 4042 3992 4113">
     <span class='ocr_line' id='line_1_103' title="bbox 2424 4042 3992 4113; baseline -0.005 -14"><span class='ocrx_word' id='word_1_752' title='bbox 2424 4048 2519 4100; x_wconf 74' lang='lat' dir='ltr'>“Av</span> <span class='ocrx_word' id='word_1_753' title='bbox 2550 4042 2643 4098; x_wconf 79' lang='grc' dir='ltr'>οὖν</span> <span class='ocrx_word' id='word_1_754' title='bbox 2674 4048 2767 4097; x_wconf 76' lang='grc' dir='ltr'>καὶ</span> <span class='ocrx_word' id='word_1_755' title='bbox 2797 4046 2961 4113; x_wconf 87' lang='grc' dir='ltr'>’ἐτερα</span> <span class='ocrx_word' id='word_1_756' title='bbox 2990 4045 3233 4113; x_wconf 74' lang='grc' dir='ltr'>γνῶμεν,</span> <span class='ocrx_word' id='word_1_757' title='bbox 3266 4046 3313 4096; x_wconf 85' lang='grc' dir='ltr'>εξ</span> <span class='ocrx_word' id='word_1_758' title='bbox 3350 4045 3448 4111; x_wconf 79' lang='grc' dir='ltr'>μὲν</span> <span class='ocrx_word' id='word_1_759' title='bbox 3479 4043 3677 4110; x_wconf 83' lang='grc' dir='ltr'>ἀληθῆ,</span> <span class='ocrx_word' id='word_1_760' title='bbox 3710 4044 3798 4093; x_wconf 76' lang='grc' dir='ltr'>καὶ</span> <span class='ocrx_word' id='word_1_761' title='bbox 3833 4044 3992 4110; x_wconf 74' lang='grc' dir='ltr'>ἡμεῖς</span> 
     </span>
    </p>
   </div>
   <div class='ocr_carea' id='block_1_104' title="bbox 2422 4131 3991 4205">
    <p class='ocr_par' dir='ltr' id='par_1_104' title="bbox 2422 4131 3991 4205">
     <span class='ocr_line' id='line_1_104' title="bbox 2422 4131 3991 4205; baseline -0.004 -17"><span class='ocrx_word' id='word_1_762' title='bbox 2422 4137 2538 4205; x_wconf 81' lang='grc' dir='ltr'>μετ’</span> <span class='ocrx_word' id='word_1_763' title='bbox 2571 4135 2734 4188; x_wconf 83' lang='grc' dir='ltr'>αὑτοῦ</span> <span class='ocrx_word' id='word_1_764' title='bbox 2789 4136 3101 4203; x_wconf 77' lang='grc' dir='ltr'>στησόμεθα</span> <span class='ocrx_word' id='word_1_765' title='bbox 3161 4132 3622 4200; x_wconf 87' lang='grc' dir='ltr'>συνεγκαλοῦντες</span> <span class='ocrx_word' id='word_1_766' title='bbox 3652 4148 3664 4160; x_wconf 91' lang='grc'><strong>·</strong></span> <span class='ocrx_word' id='word_1_767' title='bbox 3719 4133 3766 4183; x_wconf 87' lang='grc' dir='ltr'>εί</span> <span class='ocrx_word' id='word_1_768' title='bbox 3813 4131 3869 4182; x_wconf 83' lang='grc' dir='ltr'>δὲ</span> <span class='ocrx_word' id='word_1_769' title='bbox 3918 4131 3991 4190; x_wconf 81' lang='grc' dir='ltr'>ὡς</span> 
     </span>
    </p>
   </div>
   <div class='ocr_carea' id='block_1_105' title="bbox 2419 4219 3988 4298">
    <p class='ocr_par' dir='ltr' id='par_1_105' title="bbox 2419 4219 3988 4298">
     <span class='ocr_line' id='line_1_105' title="bbox 2419 4219 3988 4298; baseline -0.003 -20"><span class='ocrx_word' id='word_1_770' title='bbox 2419 4228 2485 4279; x_wconf 83' lang='grc' dir='ltr'>τὰ</span> <span class='ocrx_word' id='word_1_771' title='bbox 2524 4228 2927 4298; x_wconf 78' lang='grc' dir='ltr'>προειρημένα,</span> <span class='ocrx_word' id='word_1_772' title='bbox 2973 4229 3096 4296; x_wconf 83' lang='grc' dir='ltr'>σιγῇ</span> <span class='ocrx_word' id='word_1_773' title='bbox 3143 4223 3653 4294; x_wconf 74' lang='grc' dir='ltr'>παραδραμούμεθα</span> <span class='ocrx_word' id='word_1_774' title='bbox 3694 4219 3988 4282; x_wconf 78' lang='grc' dir='ltr'>κανονικῶς</span> 
     </span>
    </p>
   </div>
   <div class='ocr_carea' id='block_1_106' title="bbox 2494 4428 3989 4502">
    <p class='ocr_par' dir='ltr' id='par_1_106' title="bbox 2494 4428 3989 4502">
     <span class='ocr_line' id='line_1_106' title="bbox 2494 4428 3989 4502; baseline 0.001 -19"><span class='ocrx_word' id='word_1_775' title='bbox 2494 4434 2567 4502; x_wconf 87' lang='grc'>(7)</span> <span class='ocrx_word' id='word_1_776' title='bbox 2649 4435 2701 4484; x_wconf 88' lang='lat' dir='ltr'>In</span> <span class='ocrx_word' id='word_1_777' title='bbox 2755 4431 2898 4486; x_wconf 82' lang='lat' dir='ltr'>Mori.</span> <span class='ocrx_word' id='word_1_778' title='bbox 2932 4441 2984 4486; x_wconf 88' lang='lat' dir='ltr'>et</span> <span class='ocrx_word' id='word_1_779' title='bbox 3027 4431 3195 4484; x_wconf 81' lang='lat' dir='ltr'>Marc.</span> <span class='ocrx_word' id='word_1_780' title='bbox 3225 4436 3348 4484; x_wconf 87' lang='lat' dir='ltr'>nota</span> <span class='ocrx_word' id='word_1_781' title='bbox 3381 4428 3692 4502; x_wconf 84' lang='lat' dir='ltr'>Plusiadeni</span> <span class='ocrx_word' id='word_1_782' title='bbox 3753 4432 3989 4501; x_wconf 87' lang='lat' dir='ltr'>legitur:</span> 
     </span>
    </p>
   </div>
   <div class='ocr_carea' id='block_1_107' title="bbox 2428 4501 3993 4571">
    <p class='ocr_par' dir='ltr' id='par_1_107' title="bbox 2428 4501 3993 4571">
     <span class='ocr_line' id='line_1_107' title="bbox 2428 4501 3993 4571; baseline 0 -17"><span class='ocrx_word' id='word_1_783' title='bbox 2428 4501 2571 4571; x_wconf 77' lang='grc' dir='ltr'>Ὅρα</span> <span class='ocrx_word' id='word_1_784' title='bbox 2630 4504 2721 4571; x_wconf 69' lang='grc' dir='ltr'>τόν</span> <span class='ocrx_word' id='word_1_785' title='bbox 2781 4504 3078 4571; x_wconf 72' lang='grc' dir='ltr'>ἀλλαχόθεν</span> <span class='ocrx_word' id='word_1_786' title='bbox 3122 4503 3220 4570; x_wconf 81' lang='grc' dir='ltr'>μὲν</span> <span class='ocrx_word' id='word_1_787' title='bbox 3280 4501 3353 4571; x_wconf 80' lang='grc' dir='ltr'>μὴ</span> <span class='ocrx_word' id='word_1_788' title='bbox 3413 4501 3993 4566; x_wconf 75' lang='grc' dir='ltr'>όμολογοῦντα,το’.›ς</span> 
     </span>
    </p>
   </div>
   <div class='ocr_carea' id='block_1_108' title="bbox 2426 4570 3994 4644">
    <p class='ocr_par' dir='ltr' id='par_1_108' title="bbox 2426 4570 3994 4644">
     <span class='ocr_line' id='line_1_108' title="bbox 2426 4570 3994 4644; baseline -0.001 -19"><span class='ocrx_word' id='word_1_789' title='bbox 2426 4570 2613 4639; x_wconf 78' lang='grc' dir='ltr'>ἁγίους</span> <span class='ocrx_word' id='word_1_790' title='bbox 2650 4570 2790 4625; x_wconf 79' lang='grc' dir='ltr'>εἶναι</span> <span class='ocrx_word' id='word_1_791' title='bbox 2839 4570 3068 4644; x_wconf 21' lang='grc' dir='ltr'>είςητὴν</span> <span class='ocrx_word' id='word_1_792' title='bbox 3111 4570 3379 4644; x_wconf 49' lang='lat' dir='ltr'>scelesti-3</span> <span class='ocrx_word' id='word_1_793' title='bbox 3416 4571 3718 4644; x_wconf 45' lang='grc' dir='ltr'>βασιλείαν]</span> <span class='ocrx_word' id='word_1_794' title='bbox 3754 4572 3994 4644; x_wconf 54' lang='grc' dir='ltr'>ἐνταῦθα</span> 
     </span>
    </p>
   </div>
   <div class='ocr_carea' id='block_1_109' title="bbox 2426 4641 3995 4712">
    <p class='ocr_par' dir='ltr' id='par_1_109' title="bbox 2426 4641 3995 4712">
     <span class='ocr_line' id='line_1_109' title="bbox 2426 4641 3995 4712; baseline -0.002 -18"><span class='ocrx_word' id='word_1_795' title='bbox 2426 4645 2481 4694; x_wconf 83' lang='grc' dir='ltr'>δὲ</span> <span class='ocrx_word' id='word_1_796' title='bbox 2532 4644 2825 4711; x_wconf 73' lang='grc' dir='ltr'>προφανῶς</span> <span class='ocrx_word' id='word_1_797' title='bbox 2881 4645 2976 4712; x_wconf 84' lang='grc' dir='ltr'>τῆς</span> <span class='ocrx_word' id='word_1_798' title='bbox 3025 4641 3166 4710; x_wconf 77' lang='grc' dir='ltr'>πρὸς</span> <span class='ocrx_word' id='word_1_799' title='bbox 3205 4642 3511 4712; x_wconf 67' lang='grc' dir='ltr'>πρόσωπον</span> <span class='ocrx_word' id='word_1_800' title='bbox 3548 4641 3716 4712; x_wconf 67' lang='grc' dir='ltr'>αὑτοῦ</span> <span class='ocrx_word' id='word_1_801' title='bbox 3761 4642 3995 4705; x_wconf 76' lang='grc' dir='ltr'>Θεωρίας</span> 
     </span>
    </p>
   </div>
   <div class='ocr_carea' id='block_1_110' title="bbox 2425 4710 3991 4779">
    <p class='ocr_par' dir='ltr' id='par_1_110' title="bbox 2425 4710 3991 4779">
     <span class='ocr_line' id='line_1_110' title="bbox 2425 4710 3991 4779; baseline -0.003 -15"><span class='ocrx_word' id='word_1_802' title='bbox 2425 4710 3451 4779; x_wconf 63' lang='grc' dir='ltr'>ὄπολαμὸάνονταςδιισχυριζόμενον·</span> <span class='ocrx_word' id='word_1_803' title='bbox 3490 4710 3517 4761; x_wconf 90' lang='grc' dir='ltr'><strong>ὂ</strong></span> <span class='ocrx_word' id='word_1_804' title='bbox 3544 4715 3637 4762; x_wconf 87' lang='grc' dir='ltr'>καί</span> <span class='ocrx_word' id='word_1_805' title='bbox 3676 4711 3991 4778; x_wconf 82' lang='grc' dir='ltr'>Θαυμαστὸν</span> 
     </span>
    </p>
   </div>
   <div class='ocr_carea' id='block_1_111' title="bbox 2422 4781 3994 4850">
    <p class='ocr_par' dir='ltr' id='par_1_111' title="bbox 2422 4781 3994 4850">
     <span class='ocr_line' id='line_1_111' title="bbox 2422 4781 3994 4850; baseline 0 -17"><span class='ocrx_word' id='word_1_806' title='bbox 2422 4783 2568 4834; x_wconf 84' lang='grc' dir='ltr'>δοκεῖ</span> <span class='ocrx_word' id='word_1_807' title='bbox 2603 4786 2711 4843; x_wconf 81' lang='grc' dir='ltr'>τοῖς</span> <span class='ocrx_word' id='word_1_808' title='bbox 2743 4785 3020 4850; x_wconf 65' lang='grc' dir='ltr'>ἐχέφροσι.</span> <span class='ocrx_word' id='word_1_809' title='bbox 3056 4781 3178 4844; x_wconf 67' lang='lat' dir='ltr'>flii);</span> <span class='ocrx_word' id='word_1_810' title='bbox 3213 4783 3274 4834; x_wconf 83' lang='grc' dir='ltr'>οὐ</span> <span class='ocrx_word' id='word_1_811' title='bbox 3306 4783 3435 4846; x_wconf 88' lang='grc' dir='ltr'>νοεῖ,</span> <span class='ocrx_word' id='word_1_812' title='bbox 3478 4781 3560 4832; x_wconf 84' lang='grc' dir='ltr'>ὅτι</span> <span class='ocrx_word' id='word_1_813' title='bbox 3593 4781 3873 4850; x_wconf 81' lang='grc' dir='ltr'>προδήλως</span> <span class='ocrx_word' id='word_1_814' title='bbox 3902 4784 3994 4833; x_wconf 82' lang='grc' dir='ltr'>αὺ-</span> 
     </span>
    </p>
   </div>
   <div class='ocr_carea' id='block_1_112' title="bbox 2422 4853 3081 4922">
    <p class='ocr_par' dir='ltr' id='par_1_112' title="bbox 2422 4853 3081 4922">
     <span class='ocr_line' id='line_1_112' title="bbox 2422 4853 3081 4922; baseline -0.002 -19"><span class='ocrx_word' id='word_1_815' title='bbox 2422 4854 2512 4914; x_wconf 82' lang='grc' dir='ltr'>τὸς</span> <span class='ocrx_word' id='word_1_816' title='bbox 2558 4853 2734 4922; x_wconf 72' lang='grc' dir='ltr'>ἐαυτῷ</span> <span class='ocrx_word' id='word_1_817' title='bbox 2768 4854 3039 4918; x_wconf 79' lang='grc' dir='ltr'>αντιλέγει</span> <span class='ocrx_word' id='word_1_818' title='bbox 3067 4869 3081 4917; x_wconf 91' lang='lat'>;</span> 
     </span>
    </p>
   </div>
   <div class='ocr_carea' id='block_1_113' title="bbox 2420 5050 3989 5124">
    <p class='ocr_par' dir='ltr' id='par_1_113' title="bbox 2420 5050 3989 5124">
     <span class='ocr_line' id='line_1_113' title="bbox 2420 5050 3989 5124; baseline 0.003 -21"><span class='ocrx_word' id='word_1_819' title='bbox 2420 5050 2694 5104; x_wconf 76' lang='lat' dir='ltr'>dentibus.</span> <span class='ocrx_word' id='word_1_820' title='bbox 2735 5051 3024 5124; x_wconf 83' lang='lat' dir='ltr'>Quomodo</span> <span class='ocrx_word' id='word_1_821' title='bbox 3055 5069 3160 5106; x_wconf 87' lang='lat' dir='ltr'>non</span> <span class='ocrx_word' id='word_1_822' title='bbox 3187 5053 3439 5123; x_wconf 78' lang='lat' dir='ltr'>intelligit</span> <span class='ocrx_word' id='word_1_823' title='bbox 3471 5069 3526 5108; x_wconf 88' lang='lat' dir='ltr'>se</span> <span class='ocrx_word' id='word_1_824' title='bbox 3555 5063 3738 5124; x_wconf 86' lang='lat' dir='ltr'>aperte</span> <span class='ocrx_word' id='word_1_825' title='bbox 3760 5055 3860 5108; x_wconf 88' lang='lat' dir='ltr'>sibi</span> <span class='ocrx_word' id='word_1_826' title='bbox 3888 5055 3989 5123; x_wconf 84' lang='lat' dir='ltr'>ipsi</span> 
     </span>
    </p>
   </div>
   <div class='ocr_carea' id='block_1_114' title="bbox 2417 5123 2902 5176">
    <p class='ocr_par' dir='ltr' id='par_1_114' title="bbox 2417 5123 2902 5176">
     <span class='ocr_line' id='line_1_114' title="bbox 2417 5123 2902 5176; baseline -0.002 -3"><span class='ocrx_word' id='word_1_827' title='bbox 2417 5124 2798 5176; x_wconf 69' lang='lat' dir='ltr'>contradicere</span> <span class='ocrx_word' id='word_1_828' title='bbox 2827 5123 2848 5174; x_wconf 82' lang='lat'><strong>?</strong></span> <span class='ocrx_word' id='word_1_829' title='bbox 2886 5141 2902 5172; x_wconf 72' lang='grc' dir='ltr'>ι</span> 
     </span>
    </p>
   </div>
   <div class='ocr_carea' id='block_1_115' title="bbox 2487 5194 3987 5263">
    <p class='ocr_par' dir='ltr' id='par_1_115' title="bbox 2487 5194 3987 5263">
     <span class='ocr_line' id='line_1_115' title="bbox 2487 5194 3987 5263; baseline 0.002 -19"><span class='ocrx_word' id='word_1_830' title='bbox 2487 5201 2557 5258; x_wconf 71' lang='grc' dir='ltr'>(ι’)</span> <span class='ocrx_word' id='word_1_831' title='bbox 2590 5195 2787 5247; x_wconf 69' lang='lat' dir='ltr'>Ultima</span> <span class='ocrx_word' id='word_1_832' title='bbox 2816 5194 2981 5247; x_wconf 85' lang='lat' dir='ltr'>Marci</span> <span class='ocrx_word' id='word_1_833' title='bbox 3011 5195 3172 5245; x_wconf 74' lang='lat' dir='ltr'>verba</span> <span class='ocrx_word' id='word_1_834' title='bbox 3210 5209 3370 5263; x_wconf 87' lang='lat' dir='ltr'>supra</span> <span class='ocrx_word' id='word_1_835' title='bbox 3401 5194 3564 5248; x_wconf 88' lang='lat' dir='ltr'>citata</span> <span class='ocrx_word' id='word_1_836' title='bbox 3598 5211 3721 5248; x_wconf 87' lang='lat' dir='ltr'>eum</span> <span class='ocrx_word' id='word_1_837' title='bbox 3749 5210 3987 5247; x_wconf 84' lang='lat' dir='ltr'>errorem</span> 
     </span>
    </p>
   </div>
   <div class='ocr_carea' id='block_1_116' title="bbox 2416 5261 3987 5330">
    <p class='ocr_par' dir='ltr' id='par_1_116' title="bbox 2416 5261 3987 5330">
     <span class='ocr_line' id='line_1_116' title="bbox 2416 5261 3987 5330; baseline 0.003 -17"><span class='ocrx_word' id='word_1_838' title='bbox 2416 5261 2675 5319; x_wconf 77' lang='lat' dir='ltr'>indicant.</span> <span class='ocrx_word' id='word_1_839' title='bbox 2707 5278 2865 5330; x_wconf 88' lang='lat' dir='ltr'>posse</span> <span class='ocrx_word' id='word_1_840' title='bbox 2902 5264 3172 5316; x_wconf 85' lang='lat' dir='ltr'>hominem</span> <span class='ocrx_word' id='word_1_841' title='bbox 3215 5261 3403 5318; x_wconf 27' lang='lat' dir='ltr'>in‘hac</span> <span class='ocrx_word' id='word_1_842' title='bbox 3434 5268 3647 5318; x_wconf 79' lang='lat' dir='ltr'>martah</span> <span class='ocrx_word' id='word_1_843' title='bbox 3682 5269 3787 5318; x_wconf 81' lang='lat' dir='ltr'>vita</span> <span class='ocrx_word' id='word_1_844' title='bbox 3823 5266 3987 5319; x_wconf 85' lang='lat' dir='ltr'>Deum</span> 
     </span>
    </p>
   </div>
   <div class='ocr_carea' id='block_1_117' title="bbox 2415 5335 3246 5402">
    <p class='ocr_par' dir='ltr' id='par_1_117' title="bbox 2415 5335 3246 5402">
     <span class='ocr_line' id='line_1_117' title="bbox 2415 5335 3246 5402; baseline 0.002 -17"><span class='ocrx_word' id='word_1_845' title='bbox 2415 5335 2551 5385; x_wconf 83' lang='lat' dir='ltr'>facie</span> <span class='ocrx_word' id='word_1_846' title='bbox 2577 5338 2639 5383; x_wconf 86' lang='lat' dir='ltr'>ad</span> <span class='ocrx_word' id='word_1_847' title='bbox 2677 5337 2869 5384; x_wconf 68' lang='lat' dir='ltr'>facient</span> <span class='ocrx_word' id='word_1_848' title='bbox 2905 5335 3246 5402; x_wconf 84' lang='lat' dir='ltr'>conspicere.</span> 
     </span>
    </p>
   </div>
   <div class='ocr_carea' id='block_1_118' title="bbox 2485 5403 3990 5473">
    <p class='ocr_par' dir='ltr' id='par_1_118' title="bbox 2485 5403 3990 5473">
     <span class='ocr_line' id='line_1_118' title="bbox 2485 5403 3990 5473; baseline 0.003 -19"><span class='ocrx_word' id='word_1_849' title='bbox 2485 5406 2561 5469; x_wconf 76' lang='grc' dir='ltr'>(ά)</span> <span class='ocrx_word' id='word_1_850' title='bbox 2610 5403 2737 5456; x_wconf 68' lang='lat' dir='ltr'>Vide</span> <span class='ocrx_word' id='word_1_851' title='bbox 2769 5408 2834 5456; x_wconf 88' lang='lat' dir='ltr'>de</span> <span class='ocrx_word' id='word_1_852' title='bbox 2866 5418 3071 5473; x_wconf 83' lang='lat' dir='ltr'>azymis</span> <span class='ocrx_word' id='word_1_853' title='bbox 3102 5406 3375 5473; x_wconf 83' lang='lat' dir='ltr'>dialogum</span> <span class='ocrx_word' id='word_1_854' title='bbox 3401 5403 3713 5459; x_wconf 80' lang='lat' dir='ltr'>Plusiadeni</span> <span class='ocrx_word' id='word_1_855' title='bbox 3745 5423 3838 5472; x_wconf 87' lang='lat' dir='ltr'>pro</span> <span class='ocrx_word' id='word_1_856' title='bbox 3857 5421 3990 5459; x_wconf 83' lang='lat' dir='ltr'>con-</span> 
     </span>
    </p>
   </div>
   <div class='ocr_carea' id='block_1_119' title="bbox 2418 5473 3990 5546">
    <p class='ocr_par' dir='ltr' id='par_1_119' title="bbox 2418 5473 3990 5546">
     <span class='ocr_line' id='line_1_119' title="bbox 2418 5473 3990 5546; baseline 0.001 -20"><span class='ocrx_word' id='word_1_857' title='bbox 2418 5478 2543 5526; x_wconf 82' lang='lat' dir='ltr'>cilio</span> <span class='ocrx_word' id='word_1_858' title='bbox 2575 5473 2794 5526; x_wconf 78' lang='lat' dir='ltr'>Fiorcnt</span> <span class='ocrx_word' id='word_1_859' title='bbox 2826 5489 2837 5535; x_wconf 92' lang='lat'>;</span> <span class='ocrx_word' id='word_1_860' title='bbox 2869 5475 3565 5546; x_wconf 45' lang='lat' dir='ltr'>“ttat-tonentmonachum</span> <span class='ocrx_word' id='word_1_861' title='bbox 3598 5476 3673 5529; x_wconf 79' lang='lat' dir='ltr'>De</span> <span class='ocrx_word' id='word_1_862' title='bbox 3705 5493 3843 5543; x_wconf 75' lang='lat' dir='ltr'>pane</span> <span class='ocrx_word' id='word_1_863' title='bbox 3870 5491 3990 5546; x_wconf 85' lang='lat' dir='ltr'>my-</span> 
     </span>
    </p>
   </div>
   <div class='ocr_carea' id='block_1_120' title="bbox 2402 5545 3989 5616">
    <p class='ocr_par' dir='ltr' id='par_1_120' title="bbox 2402 5545 3989 5616">
     <span class='ocr_line' id='line_1_120' title="bbox 2402 5545 3989 5616; baseline 0.001 -20"><span class='ocrx_word' id='word_1_864' title='bbox 2402 5555 2539 5597; x_wconf 78' lang='lat' dir='ltr'>stico</span> <span class='ocrx_word' id='word_1_865' title='bbox 2582 5546 2698 5612; x_wconf 67' lang='grc' dir='ltr'>(Ην.</span> <span class='ocrx_word' id='word_1_866' title='bbox 2735 5553 2877 5596; x_wconf 76' lang='lat' dir='ltr'>ortii.</span> <span class='ocrx_word' id='word_1_867' title='bbox 2905 5555 2945 5616; x_wconf 85' lang='lat' dir='ltr'>t.</span> <span class='ocrx_word' id='word_1_868' title='bbox 2987 5545 3025 5605; x_wconf 86' lang='grc' dir='ltr'>Ι,</span> <span class='ocrx_word' id='word_1_869' title='bbox 3065 5563 3115 5609; x_wconf 93' lang='lat' dir='ltr'>p.</span> <span class='ocrx_word' id='word_1_870' title='bbox 3154 5545 3256 5596; x_wconf 80' lang='grc'>657</span> <span class='ocrx_word' id='word_1_871' title='bbox 3288 5563 3426 5614; x_wconf 83' lang='lat' dir='ltr'>scq.,</span> <span class='ocrx_word' id='word_1_872' title='bbox 3464 5548 3567 5599; x_wconf 73' lang='lat'>655)</span> <span class='ocrx_word' id='word_1_873' title='bbox 3601 5557 3768 5616; x_wconf 66' lang='lat' dir='ltr'>sup),</span> <span class='ocrx_word' id='word_1_874' title='bbox 3810 5560 3859 5599; x_wconf 87' lang='lat' dir='ltr'>et</span> <span class='ocrx_word' id='word_1_875' title='bbox 3916 5545 3989 5599; x_wconf 86' lang='lat' dir='ltr'>Le</span> 
     </span>
    </p>
   </div>
   <div class='ocr_carea' id='block_1_121' title="bbox 2400 5615 3986 5686">
    <p class='ocr_par' dir='ltr' id='par_1_121' title="bbox 2400 5615 3986 5686">
     <span class='ocr_line' id='line_1_121' title="bbox 2400 5615 3986 5686; baseline 0.003 -21"><span class='ocrx_word' id='word_1_876' title='bbox 2400 5617 2600 5679; x_wconf 68' lang='grc' dir='ltr'>ριιίυιι,</span> <span class='ocrx_word' id='word_1_877' title='bbox 2630 5618 2851 5666; x_wconf 61' lang='lat' dir='ltr'>dissert.</span> <span class='ocrx_word' id='word_1_878' title='bbox 2889 5615 2920 5665; x_wconf 86' lang='grc'>6</span> <span class='ocrx_word' id='word_1_879' title='bbox 2962 5617 3373 5680; x_wconf 77' lang='lat' dir='ltr'>f).un.tscenic-.I,</span> <span class='ocrx_word' id='word_1_880' title='bbox 3407 5627 3460 5670; x_wconf 91' lang='lat' dir='ltr'>et</span> <span class='ocrx_word' id='word_1_881' title='bbox 3492 5618 3544 5671; x_wconf 90' lang='lat' dir='ltr'>in</span> <span class='ocrx_word' id='word_1_882' title='bbox 3581 5615 3836 5686; x_wconf 69' lang='lat' dir='ltr'>l‘anoplia</span> <span class='ocrx_word' id='word_1_883' title='bbox 3861 5621 3986 5670; x_wconf 79' lang='lat' dir='ltr'>adv.</span> 
     </span>
    </p>
   </div>
   <div class='ocr_carea' id='block_1_122' title="bbox 2401 5686 3017 5740">
    <p class='ocr_par' dir='ltr' id='par_1_122' title="bbox 2401 5686 3017 5740">
     <span class='ocr_line' id='line_1_122' title="bbox 2401 5686 3017 5740; baseline -0.002 -1"><span class='ocrx_word' id='word_1_884' title='bbox 2401 5687 2644 5740; x_wconf 66' lang='lat' dir='ltr'>:clttsutu</span> <span class='ocrx_word' id='word_1_885' title='bbox 2682 5686 3017 5739; x_wconf 66' lang='lat' dir='ltr'>Graecorum.</span> 
     </span>
    </p>
   </div>
  </div>
