4470 6452
526 378 625 443 113

1772 381 2078 443 CONTRA
2111 380 2535 443 EPHESIUM.

3656 376 3755 443 114

521 493 836 564 Πνεύματος
868 496 1134 568 ἔλλαμψις
1165 498 1253 552 διὰ
1283 498 1377 569 τῆς
1396 498 1504 552 τῶν
1533 497 1807 568 θεοφόρων
1829 498 2088 564 Πατέρων
2122 497 2162 553 Α
2194 499 2286 567 ips:

1992 513 2088 561 οων
2122 497 2162 553 Α
2194 499 2362 567 ipsam
2412 499 2699 565 declarat;
2763 506 2815 553 et
2875 512 2937 551 ca
3001 508 3351 565 usurpantes,
3404 502 3757 564 mentemque

520 586 804 652 θεολογίας
834 590 1017 655 τήντε
1066 589 1328 660 ἀλήθειαν
1390 590 1670 659 ἐμφαίνει,
1705 590 1830 652 τούς
1882 607 1940 641 τε
1999 590 2088 641 λέ-

518 692 720 746 γοντας
751 680 848 730 καὶ
884 679 1181 749 ἐχομένους
1225 682 1323 749 τῆς
1356 681 1563 734 τούτων
1621 681 1861 744 διανοίας
1895 681 1925 747 ἢ
1964 697 2091 747 συγ-

524 770 843 837 γράφοντας
873 770 1123 837 φωτίζει,
1149 772 1244 824 καὶ
1289 774 1404 835 τοῖς
1446 771 1710 826 ἀκούουσι
1739 772 1829 823 τὸν
1889 770 2093 824 ἀνωθεν

528 858 804 927 σωτήριον
832 861 1120 929 φωτισμὸν
1182 863 1564 932 ἐπιῦραθεύει.
1595 864 1820 918 Ἕνεκεν
1867 862 1958 916 οῦν
1997 864 2094 931 τῆς

525 948 713 1018 κοινῆς
742 949 949 1021 ταύτης
997 952 1286 1021 ὠφελείας,
1327 957 1418 1010 καὶ
1450 956 1549 1024 τῆς
1581 939 1835 1027 ἀληθείας
1868 956 2096 1023 ἀνευρέ-

530 1056 672 1104 σεως
707 1042 853 1112 (ἥτις
878 1043 1090 1112 ὀφείλει
1122 1045 1483 1117 ζητεῖσθαιοῦ
1514 1048 1671 1119 μόνον
1693 1050 1786 1101 ἐπὶ
1824 1050 1920 1102 τῶν
1938 1049 2097 1101 θείων

524 1132 835 1201 δογμάτων,
863 1135 1001 1189 ἀλλὰ
1022 1139 1115 1190 καλ
1152 1139 1244 1192 ἐπὶ
1272 1143 1471 1203 παντὸς
1530 1141 1688 1193 ἄλλου
1748 1142 2094 1209 πράγματος,

527 1226 708 1290 καθώς
774 1245 942 1299 φησιν
996 1233 1023 1283 6
1079 1232 1320 1301 Κύριος·
1353 1234 1594 1300 Ζητεῖτε
1649 1232 1747 1294 καὶ
1786 1233 2097 1304 εὑρήσετε)

527 1320 738 1388 ταύτην
773 1323 865 1375 καὶ
894 1324 1059 1393 ἡμεῖς
1091 1325 1489 1395 ἐκζητήσωμεν
1544 1328 1605 1378 ἐκ
1655 1326 1756 1395 τῆς
1801 1326 1910 1379 τῶν
1953 1325 2099 1379 διδα·

530 1413 748 1467 σκάλων
778 1415 1085 1484 θεολογίας,
1123 1419 1218 1472 καὶ
1272 1420 1372 1490 τὴν
1427 1419 1822 1488 αὑτοαλήθειαν
1865 1420 2098 1489 Χριστὸν

527 1504 621 1556 τὸν
649 1504 785 1557 Θεὸν
834 1506 996 1576 ἡμῶν
1032 1508 1424 1579 ίκετεύσωμεν,
1476 1511 1625 1571 ὅπως
1674 1508 1769 1562 τὸν
1819 1507 2100 1578 φωτισμὸν

530 1597 624 1649 καὶ
654 1598 754 1664 τὴν
789 1598 1000 1652 ἀνωθεν
1031 1600 1194 1669 χάριν
1244 1602 1619 1670 καταπέμψας
1672 1601 1998 1672 καταυγάσῃ
2045 1600 2102 1652 τὸ

526 1688 628 1757 τῆς
650 1689 893 1753 διανοίας
952 1690 1113 1761 ἡμῶν
1150 1692 1325 1761 ὄμμα,
1387 1696 1467 1756 είς
1500 1694 1559 1746 τὸ
1603 1693 1678 1763 μὴ
1731 1694 1961 1746 κατόπιν
2002 1692 2102 1759 τῆς

528 1782 791 1879 ἀληθείας
819 1783 994 1879 ἐλθεῖν
1015 1800 1028 1813 ·
1081 1783 1243 1846 αὐτὸς
1298 1784 1409 1854 γάρ
1442 1786 1591 1838 ἐστιν
1618 1785 1646 1836 6
1680 1784 1881 1837 εἰπών·
1916 1785 2099 1850 Χωρίς
2132 1821 2173 1879 Β

528 1870 678 1941 ἐμοῦ
714 1876 787 1927 οὐ
816 1874 1086 1930 δύνασθε
1110 1876 1307 1930 ποιεῖν
1342 1876 1526 1931 οὐδέν
1550 1892 1564 1907 ·
1598 1878 1693 1930 καί
1726 1893 1742 1909 ·
1801 1874 1922 1941 Πᾶς
1952 1875 1982 1928 ὁ
2010 1877 2094 1929 al—

528 1964 650 2018 τῶν
679 1968 993 2037 λαμϐάνει.
1028 1968 1406 2037 Αύτοαλήθεια
1435 1968 1543 2035 γὰρ
1582 1968 1657 2021 ῶν
1697 1968 1956 2037 ἀληθείας
2003 1969 2094 2021 ἐκ-

529 2057 707 2125 ζητεῖ,
762 2058 946 2121 καθὼς
987 2061 1082 2112 καὶ
1147 2061 1289 2122 θεῖος
1336 2058 1499 2112 Δαυῖδ
1549 2059 1744 2127 φησιν’
1780 2059 2095 2125 Ἀληθείας

524 2150 764 2217 ἐκζητεῖ
816 2152 1068 2219 Κύριος·
1131 2151 1263 2205 καίο
1339 2152 1660 2220 Ἀλήθειαν
1684 2151 2010 2219 μελετήσει
2062 2150 2092 2202 ὁ

526 2243 764 2311 λύρυγξ
798 2260 940 2312 μου.
987 2243 1137 2297 Ἐπεὶ
1165 2238 1257 2297 οὖν
1293 2243 1390 2297 καὶ
1427 2247 1455 2297 6
1488 2244 1769 2312 αἰδέσιμος
1801 2235 1955 2306 οῦτος
1984 2246 2097 2306 τοῖς

529 2338 847 2406 ἁπανταχοῦ
882 2337 987 2407 γῆς
1014 2338 1319 2392 ἐπιστέλλει
1349 2340 1445 2392 καὶ
1470 2339 1580 2391 τῶν
1632 2338 1814 2408 νήσων
1841 2336 2096 2405 εὑρισκο-

534 2430 719 2496 μένοις
738 2431 1118 2500 Χριστιανυῖς,
1149 2430 1227 2495 ὡς
1255 2431 1321 2484 ἀν
1354 2433 1417 2484 ἐκ
1459 2430 1568 2483 τῶν
1597 2430 1697 2500 ἤδη
1733 2429 1867 2498 πρὸς
1902 2428 2096 2491 αὐτοὺς

527 2522 957 2593 ἐπεσταλμένων
1010 2523 1112 2591 τὴν
1148 2522 1249 2593 τῆς
1304 2522 1539 2584 πίστεως
1568 2521 1830 2591 ἀλήθειαν
1869 2520 2095 2583 λάϐωσι,

528 2617 781 2679 καὶτοὺς
817 2616 929 2670 τῶν
967 2616 1213 2671 Λατίνων
1242 2615 1439 2670 ἕνωσιν
1473 2614 1783 2688 τηροῦντας
1822 2617 2099 2687 ἀποστρα-

530 2709 699 2776 φῶσι,
736 2709 868 2781 φέρε
902 2710 1001 2763 καὶ
1028 2710 1192 2779 ἡμεῖς
1250 2709 1425 2763 ταῦτα
1470 2710 1535 2777 δὴ
1598 2709 1669 2761 τὰ
1722 2709 2099 2780 ἐπεσταλμένα

528 2802 877 2872 ἐξετάσωμεν
904 2820 919 2834 ο
953 2804 1049 2858 καὶ
1089 2805 1139 2856 εί
1193 2804 1293 2874 μὲν
1323 2803 1351 2855 6
1410 2803 1596 2870 τίμιος
1635 2795 1790 2865 οὗτος
1818 2802 1916 2871 τῆς
1969 2802 2099 2869 ἀλη-

531 2892 684 2955 θείας
708 2892 914 2962 έχεται.
944 2894 1040 2947 καὶ
1062 2895 1229 2963 ἡμεῖς
1284 2892 1402 2961 μετ’
1425 2890 1592 2945 αὐτοῦ
1630 2892 1939 2962 στησόμεθα
1965 2890 2098 2944 ταύ-

530 3000 634 3053 την
662 2984 1158 3055 ἀνακηρύττοντες,
1212 2983 1309 3037 καὶ
1364 2982 1528 3035 αὑτὸν
1582 2982 1994 3051 μεγαλύνοντες,
2026 2980 2101 3046 ὡς

528 3077 630 3141 τῆς
657 3075 915 3144 ἀληθείας
944 3075 1203 3145 ἐχόμενον
1229 3090 1246 3106 ⁸
1296 3076 1345 3127 εἰ
1374 3075 1432 3127 δὲ
1464 3075 1657 3144 πόρρω
1704 3090 1808 3126 που
1838 3074 1936 3143 τῆς
1970 3073 2100 3143 ἀλη-

2152 2468 2157 2472 .
2204 2440 2328 2478 cum
2367 2421 2576 2476 Latinis
2617 2420 2875 2473 unionem
2930 2426 3153 2472 tuentur
3200 2434 3214 2481 ;

2195 590 2487 645 doctorum
2548 602 2841 660 sequentes
2884 591 3301 657 scribentesque
3365 588 3656 652 illuminat,
3700 595 3751 641 et

2194 682 2543 736 audientibus
2573 683 2865 737 salutarem
2898 684 3133 750 desuper
3164 679 3626 734 illuminationem
3654 679 3736 731 lar

2197 775 2364 843 gitur.
2426 773 2609 842 Itaque
2644 774 2709 828 ad
2746 788 3089 829 communem
3140 772 3281 825 hanc
3336 769 3581 824 omnium
3618 767 3736 822 utili

2197 873 2387 927 tatem,
2416 874 2468 917 et
2500 865 2751 919 veritatis
2781 864 3225 919 adinventionem
3261 862 3403 931 (quae
3435 875 3542 915 non
3581 860 3755 914 solum

2199 954 2251 1007 in
2292 954 2493 1009 divinis
2528 954 2897 1025 dogmatibus,
2926 955 3020 1010 sed
3052 954 3218 1008 etiam
3252 953 3444 1022 quavis
3471 951 3577 1005 alia
3614 950 3666 1003 in
3703 965 3755 1003 re

2198 1048 2366 1111 qnmri
2412 1046 2584 1100 debet
2616 1044 2768 1115 juxta
2818 1047 3024 1100 dictum
3068 1044 3281 1099 Domini
3349 1062 3363 1099 :
3428 1042 3660 1108 Quaerite
3714 1052 3756 1094 et

2200 1137 2477 1191 invenietis
2522 1136 2561 1206 ι)
2596 1136 2737 1190 illam
2769 1145 2823 1191 et
2848 1152 2947 1191 nos
2974 1136 3357 1205 perquiramus
3381 1148 3445 1188 ex
3477 1132 3758 1187 doctorum

2201 1230 2525 1294 sententiis;
2580 1227 2823 1298 fusisque
2855 1230 2921 1283 ad
2949 1227 3227 1282 Christum
3280 1225 3449 1278 Deum
3484 1232 3760 1281 nostrum.

2201 1324 2293 1393 qui
2326 1323 2441 1391 ipsa
2479 1323 2678 1378 veritas
2708 1331 2829 1385 est,
2865 1320 3120 1389 precibus
3173 1325 3447 1387 petamus,
3499 1323 3557 1370 ut
3597 1316 3763 1369 missa

2206 1430 2305 1469 nos
2362 1414 2480 1468 luce
2509 1428 2624 1468 suae
2653 1412 2839 1482 gratiae
2865 1451 2879 1475 ,
2913 1411 3113 1466 mentis
3150 1415 3352 1463 nostra:
3390 1406 3607 1461 oculum
3642 1406 3760 1459 illué

2204 1515 2363 1567 stret,
2416 1520 2486 1559 ne
2542 1504 2769 1571 quaesita
2828 1506 3035 1559 veritas
3063 1518 3164 1557 nos
3189 1500 3434 1569 efingiat.
3466 1498 3584 1565 ipse
3617 1498 3764 1551 enim

2203 1607 2288 1652 est
2327 1598 2420 1665 qui
2462 1597 2600 1651 dixit
2632 1614 2646 1650 :
2691 1596 2818 1652 Sine
2847 1612 2925 1647 me
2960 1595 3096 1647 nihil
3127 1594 3341 1659 potestis
3374 1591 3548 1660 facere
3577 1589 3596 1619 ⁸
3629 1606 3641 1654 ;
3672 1599 3721 1641 et
3750 1606 3763 1640 :

2206 1689 2390 1743 Omnis
2419 1690 2510 1756 qui
2541 1688 2668 1754 petit
2694 1728 2705 1749 ,
2740 1688 2927 1752 accipit
2968 1687 3011 1737 ⁸.
3042 1684 3176 1740 Cum
3206 1683 3278 1738 sit
3306 1683 3451 1736 enim
3484 1682 3601 1751 ipsa
3626 1679 3765 1733 veti-

2206 1790 2309 1841 tas,
2348 1792 2476 1831 vera
2511 1776 2780 1846 requirit,
2818 1786 2873 1829 ut
2931 1782 3164 1829 testatur
3194 1782 3249 1827 et
3287 1780 3511 1827 sanctus
3549 1769 3712 1821 David
3749 1788 3763 1821 :

2215 1868 2501 1923 Veritatem
2530 1868 2751 1937 requirit
2787 1867 3042 1920 Dominus
3077 1866 3132 1930 ‘;
3185 1872 3238 1919 et
3268 1882 3279 1916 :
3337 1861 3624 1916 Veritatem
3652 1877 3762 1912 nie-

2201 1960 2462 2012 ditabitur
2503 1969 2685 2029 guttur
2712 1975 2882 2013 meum
2908 1959 2952 2015 ⁸.
2973 1956 3243 2022 Quoniam
3274 1967 3406 2022 ergo
3438 1951 3767 2005 venerabilis

2204 2051 2288 2103 hie
2321 2049 2401 2103 vir
2435 2049 2630 2104 scribit
2672 2049 2737 2103 ad
2792 2063 2986 2102 omnes
3026 2045 3225 2114 ubique
3256 2052 3526 2099 terrarum
3560 2043 3767 2096 insula-

2205 2157 2434 2210 rumque
2488 2142 2700 2196 incolas
2765 2139 3142 2201 Christianos,
3175 2145 3264 2200 ut,
3306 2133 3763 2205 quemadmodum

2204 2236 2482 2306 prieribus
2528 2234 2640 2290 suis
2669 2234 2781 2302 jam
2814 2232 3223 2303 signiﬁcaverat
3256 2227 3474 2292 litteris,
3517 2226 3639 2280 fidei
3671 2241 3765 2277 ve-

2204 2331 2424 2383 ritatem
2460 2326 2777 2396 accipiant,
2826 2333 2877 2379 et
2915 2332 3237 2378 aversentur
3271 2334 3387 2385 eos,
3430 2319 3522 2384 qui
3553 2328 3762 2384 pactam

3270 2431 3368 2485 age
3414 2428 3510 2466 nos
3552 2427 3770 2481 quoque

2204 2515 2583 2571 examinemus
2644 2513 2755 2566 haec
2804 2511 2921 2580 ipsa
2962 2524 3083 2580 quae
3116 2508 3308 2564 scribit
3340 2524 3355 2571 ;
3386 2514 3439 2560 et
3470 2505 3515 2559 si
3550 2504 3767 2573 quidem

2204 2607 2452 2678 egregius
2505 2606 2587 2660 vir
2641 2620 2671 2659 a
2718 2604 2951 2659 veritate
3006 2617 3114 2657 non
3155 2601 3435 2661 abhorret,
3469 2612 3568 2650 nos
3606 2595 3769 2648 etiam

2207 2714 2329 2754 cum
2364 2697 2484 2766 ipso
2528 2694 2800 2749 stabimus
2830 2707 2949 2747 eam
2992 2689 3448 2759 deprtedicantes,
3481 2687 3773 2754 ipsumque

2209 2790 2462 2845 laudibus
2495 2786 2847 2850 extollentes,
2886 2793 3075 2854 utpote
3101 2782 3355 2838 veritatis
3384 2781 3659 2843 amicum;
3689 2776 3772 2830 sin

2208 2889 2389 2936 autem
2419 2880 2575 2950 longe
2599 2879 2820 2933 aberrat
2853 2892 2881 2929 a
2920 2875 3175 2937 veritate,
3199 2871 3427 2941 prolatis
3458 2876 3773 2923 sanctorum

2206 2972 2390 3038 dictis,
2412 2970 2587 3040 palam
2616 2969 2922 3039 legentibus
2949 2966 3238 3028 faciemus,
3260 2961 3390 3032 quid
3411 2958 3476 3015 ad
3496 2958 3614 3028 ejus
3640 2958 3782 3010 seri;

2207 3072 2297 3133 pta
2329 3061 2754 3132 respondeamus
2781 3077 2794 3125 ;
2822 3068 2880 3113 ut
2913 3056 3238 3127 intelligant,
3274 3062 3393 3108 utra
3428 3066 3552 3120 pars
3584 3064 3775 3103 verum

533 3168 686 3231 θείας
715 3142 887 3235 λέγει,
919 3142 1129 3221 τάᾐτῶν
1163 3167 1336 3235 ἁγίων
1388 3142 1653 3235 Πατέρων
1692 3142 2006 3233 προθέντες,
2037 3165 2102 3218 δι’
2135 3174 2177 3233 c
2209 3156 2294 3211 dic

2037 3165 2102 3218 δι’
2135 3174 2177 3233 ο
2209 3156 2376 3218 dicat,
2409 3163 2462 3208 et
2509 3168 2696 3207 secum
2735 3152 2985 3206 veritatis
3026 3148 3318 3204 candorem
3373 3142 3617 3205 habeat;
3656 3154 3774 3208 quae

532 3259 717 3313 αὐτῶν
747 3259 847 3328 τὴν
873 3257 1178 3326 ἀπολογίαν
1203 3259 1315 3320 τοῖς
1354 3256 1744 3327 ἐντυγχάνουσι
1797 3255 2103 3324 κατάδηλον

530 3352 855 3419 ποιήσομεν·
915 3350 1063 3409 ὅπως
1099 3348 1321 3416 γνῶσιν,
1370 3349 1631 3416 ὁπότερον
1691 3348 1855 3418 μέρος
1891 3345 2104 3415 τάληθῆ

529 3442 701 3509 λέγει,
726 3440 828 3493 καὶ
854 3439 914 3492 τὸ
940 3439 1267 3510 λευκότερον
1313 3438 1433 3507 μεθ’
1464 3438 1664 3492 ἑαυτοῦ
1692 3440 1826 3507 ἔχει,
1856 3438 1939 3501 τίς
1976 3437 2031 3490 δὲ
2078 3438 2105 3489 6

530 3530 1148 3604 παρασυλλογιζάμενος
1180 3531 1275 3583 καὶ
1299 3529 1367 3583 τά
1391 3529 1567 3599 ψευδῆ
1589 3529 1767 3597 λέγων
1802 3528 1898 3581 καὶ
1924 3530 2107 3594 ἀμαυ.

533 3626 623 3695 pd.
680 3624 820 3677 Ἀλλ’
843 3624 965 3676 ἐπεὶ
997 3624 1091 3675 καὶ
1142 3622 1309 3691 ἄμφω
1342 3622 1412 3675 τά
1462 3622 1605 3692 μέρη
1658 3620 1820 3684 αὑτός
1848 3638 1905 3672 τε
1936 3619 2102 3689 δηλοῖ,

532 3721 630 3772 καὶ
661 3720 826 3788 ἡμεῖς
857 3720 916 3770 τὸ
940 3719 1193 3788 κρεῖττον
1228 3718 1324 3770 καὶ
1352 3717 1558 3787 ἀληθὲς
1605 3716 1859 3785 κατέχειν
1890 3715 2105 3785 νομίζο-

538 3830 663 3882 μεν,
698 3811 933 3864 ἒπεσθαι
985 3811 1205 3872 πάντως
1253 3811 1467 3879 ἀνάγκη
1513 3811 1635 3871 ταῖς
1684 3808 1792 3861 τῶν
1836 3808 2105 3877 θεοφόρων

538 3905 801 3974 Πατέρων
828 3903 1161 3974 μαρτυρίαις
1196 3902 1389 3971 ὥσπερ
1421 3902 1597 3971 φωτί·
1624 3901 1710 3953 ἵνα
1742 3900 1834 3954 δύο
1878 3899 2104 3970 χρωμά-

533 4015 642 4051 των
669 3996 861 4059 δντων,
893 3994 1128 4064 ἐρυθροῦ
1155 4010 1212 4047 τε
1249 3996 1343 4048 καὶ
1376 3994 1628 4062 μέλανος,
1660 3991 1891 4044 ἑκάστου
1925 3990 2105 4059 λέγον-

528 4106 620 4150 τος
654 4088 717 4139 τὸ
746 4086 974 4155 ἐρυθρὸν
1005 4088 1257 4155 κατέχειν
1296 4085 1392 4137 καὶ
1474 4082 1758 4152 βασιλικὸν
1817 4082 1911 4133 καὶ
1968 4083 2106 4151 χρή-

531 4195 709 4245 σιμον,
766 4176 854 4229 διὰ
901 4178 961 4228 τὸ
1015 4177 1119 4229 ὑπὸ
1152 4175 1245 4228 τοῦ
1306 4174 1484 4243 φωτὸς
1538 4172 1613 4242 μὴ
1673 4171 1995 4241 ἐλέγχεσθαι
2044 4174 2105 4223 τὸ

530 4271 785 4329 ἑκάστου,
817 4269 913 4320 τοῦ
944 4268 1043 4336 μὲν
1083 4269 1116 4337 ἡ
1140 4267 1341 4336 πλάνη,
1373 4265 1466 4319 τοῦ
1504 4266 1558 4318 δὲ
1586 4265 1879 4334 φανερωθῇ
1914 4266 1945 4334 ὴ
1976 4265 2105 4333 ἀλή-

530 4364 651 4415 θεια
673 4378 688 4394 ·
723 4362 823 4415 οὐκ
855 4360 1078 4415 ἄλλοθεν
1103 4360 1161 4411 δὲ
1190 4360 1251 4412 τὸ
1285 4358 1421 4428 φῶς,
1448 4358 1521 4420 ὡς
1550 4357 1794 4427 εἴρηται,
1819 4358 1868 4409 εἰ
1900 4356 1975 4425 μὴ
2005 4356 2107 4407 ὑπὸ

527 4457 638 4507 τῶν
673 4453 951 4524 θεοφόρων
982 4454 1076 4506 καὶ
1104 4452 1277 4518 ἁγίων
1317 4451 1602 4520 Πατέρων,
1640 4449 1842 4505 οἵτινες
1869 4449 1974 4501 ὑπὸ
2008 4447 2102 4500 τοῦ

2209 3256 2397 3304 contra
2456 3245 2663 3298 vitiosis
2699 3251 2883 3296 utatur
2916 3240 3279 3311 syllogismis,
3316 3244 3370 3291 et
3418 3232 3762 3289 obscuritate

2213 3341 2481 3396 mendacii
2546 3338 2876 3394 tenebrosis.
2925 3335 3031 3390 Sed
3094 3334 3358 3403 quoniam
3406 3330 3522 3395 ipse
3571 3326 3777 3398 profert

2210 3449 2326 3502 quae
2357 3441 2487 3486 sunt
2517 3431 2806 3498 utriusque
2840 3425 3010 3497 partis
3035 3466 3049 3489 ,
3087 3434 3140 3478 et
3174 3438 3272 3478 nos
3311 3422 3519 3479 sentire
3554 3420 3772 3481 melius,

2208 3536 2262 3582 et
2290 3527 2578 3580 veritatem
2604 3538 2632 3575 a
2664 3520 2819 3575 nobis
2851 3533 2973 3574 esse
3004 3516 3356 3579 arbitramur,
3386 3522 3469 3568 est
3493 3512 3649 3581 plane
3683 3523 3775 3562 ne-

2209 3616 2511 3673 cessarium
2571 3622 2889 3668 sanctorum
2957 3608 3180 3662 Patrum
3240 3606 3396 3675 sequi
3456 3604 3769 3660 testimona

2210 3708 2368 3778 quasi
2427 3707 2599 3760 facem
2666 3703 3085 3772 prazlncentem,
3116 3710 3173 3755 ut
3202 3697 3371 3754 veluti
3400 3697 3614 3752 duobus
3651 3711 3775 3766 pro—

2210 3800 2408 3871 positis
2460 3797 2759 3859 colorihus,
2808 3795 2975 3849 rubro
3018 3801 3073 3847 et
3105 3792 3284 3861 nigro,
3322 3790 3365 3845 si
3401 3790 3774 3858 unusquisque

2209 3893 2356 3947 dicat
2409 3906 2467 3945 se
2528 3890 2751 3941 rubrum
2787 3894 2841 3939 et
2872 3885 3080 3955 regium
3119 3892 3172 3937 et
3211 3880 3514 3950 pretiosum
3548 3878 3769 3941 habere,

2210 3999 2318 4037 non
2384 3987 2653 4051 praesente
2713 3978 2941 4039 lumine,
2996 3990 3091 4044 per
3138 3974 3280 4043 quod
3315 3973 3551 4026 discerni
3598 3970 3773 4040 possit.

2212 4076 2340 4145 quid
2380 4074 2613 4142 quisque
2650 4071 2847 4125 haheat
2876 4109 2889 4132 ,
2929 4068 3298 4138 perspiciatur
3328 4066 3470 4129 luce,
3498 4064 3622 4132 quis
3664 4061 3773 4114 fal-

2209 4182 2355 4231 sum,
2393 4166 2517 4235 quis
2572 4178 2757 4217 verum
2816 4168 3043 4216 asserat.
3075 4160 3240 4213 Porro
3290 4159 3469 4210 lumen
3514 4158 3614 4208 hoc
3661 4169 3768 4206 non

2209 4258 2450 4323 aliunde,
2513 4271 2679 4325 quam
2727 4269 2755 4305 a
2801 4251 2907 4306 Deo
2943 4252 3116 4322 plenis
3142 4250 3348 4304 sanctis
3377 4248 3632 4302 Patribus
3673 4245 3770 4298 ha—

2209 4350 2322 4405 beri
2379 4357 2579 4419 potest,
2627 4357 2686 4401 ut
2742 4346 3024 4400 diximus:
3083 4343 3173 4411 qui
3240 4357 3269 4395 a
3330 4348 3520 4394 sancto
3564 4338 3767 4406 Spiritu

2211 4441 2469 4496 illustrati
2516 4454 2612 4509 per
2645 4438 2896 4492 veritatis
2931 4437 3226 4505 dogmata,
3274 4433 3403 4486 solis
3437 4430 3611 4483 instar
3646 4429 3768 4481 illu-

528 4550 673 4601 θείου
717 4546 1028 4614 [Ινεύματος
1055 4543 1463 4614 ἐλλαμφθέντες
1523 4544 1641 4603 τοῖς
1692 4541 1792 4609 τῆς
1844 4540 2103 4609 ἀληθείας
2137 4515 2179 4568 D
2212 4534 2293 4586 mil

2000 4540 2103 4602 είας
2137 4515 2179 4568 D
2212 4534 2422 4586 minant
2470 4547 2562 4585 eos
2621 4530 2711 4599 qui
2750 4538 2861 4583 tota
2900 4535 3082 4581 mente
3114 4524 3433 4593 exquirunt,
3463 4530 3516 4576 et
3544 4535 3765 4573 sensum

525 4641 783 4709 δόγμασι,
833 4637 992 4707 δίκην
1026 4636 1179 4706 ἡλίου
1212 4633 1512 4703 φωτίζουσι
1575 4632 1699 4694 τοῦς
1737 4628 2102 4700 ἑκζητοῦντας

524 4736 831 4805 ὁλοσχερῶς
862 4734 957 4787 καὶ
994 4735 1085 4786 τὸν
1140 4730 1267 4784 νοῦν
1294 4730 1474 4783 αὐτῶν
1528 4727 1889 4797 ἐρευνῶντας.
1926 4725 2103 4794 Ποθή-

530 4844 724 4889 σαντες
753 4828 863 4896 γὰρ
893 4825 1254 4895 ἐξεζήτησαν,
1303 4823 1398 4876 καὶ¹
1458 4822 1868 4891 ὲκζητήσαντες
1921 4819 2099 4888 εὖρον,

524 4918 600 4981 ῶς
632 4918 845 4986 φησινὴ
868 4917 1040 4985 Σοφία
1060 4933 1074 4946 ·
1105 4917 1171 4968 οι
1197 4912 1517 4982 ζητοῦντές
1532 4929 1607 4980 με
1631 4914 1742 4981 γὰρ
1766 4910 2104 4978 εὑρήσουσί

520 5024 619 5076 με·
650 5011 745 5058 καὶ
779 5007 928 5076 ἡμᾶς
968 5007 1046 5067 είς
1078 5005 1237 5057 τοῦτο
1270 5004 1696 5074 προτρέπουσιν,
1730 5004 1816 5055 ἵνα
1849 5002 1924 5072 μὴ
1953 5001 2095 5070 ψιλῷ

525 5099 603 5171 τῷ
628 5099 922 5169 γράμματι
948 5098 1045 5167 τῆς
1071 5096 1328 5167 ἀληθείας
1381 5097 1734 5165 ἐκπέσωμεν,
1769 5096 1843 5157 ὡς
1874 5096 1921 5146 οἱ
1967 5095 2097 5146 Ἰου-

524 5193 687 5247 δαῖοι.
722 5190 892 5245 Τοῦτο
918 5190 1018 5243 σῦν
1056 5193 1169 5252 τοῖς
1202 5190 1384 5252 ἄλλοις
1414 5189 1661 5258 Πατράσι
1684 5186 1778 5240 καὶ
1823 5186 2099 5249 Βασίλειος

524 5286 553 5337 6
572 5286 765 5349 Μέγας
791 5285 849 5336 ἐν
877 5282 956 5353 τῷ
991 5282 1113 5336 κατ’
1142 5283 1413 5353 Εὑνομίου
1473 5280 1678 5353 πρώτῳ
1718 5280 1865 5349 λόγῳ
1892 5280 2055 5348 φησίν
2083 5294 2095 5307 ·

524 5376 625 5442 ὡς,
658 5374 724 5429 Ei
748 5393 830 5438 τις
864 5374 1243 5440 ἀϐασανίστως
1271 5378 1411 5429 κατά
1436 5374 1535 5443 τὴν
1564 5374 1852 5445 πρόχειρον
1875 5370 2102 5440 ἐκδοχὴν

526 5466 676 5536 ψιλῷ
714 5467 1088 5535 παρίστασθαι
1122 5467 1458 5537 φιλονεικοίη
1492 5464 1572 5535 τῷ
1622 5464 1933 5533 πράγματι,
1963 5461 2100 5526 πρὸς

537 5558 868 5622 Ἱουδαῖκοὺς
889 5562 987 5614 καὶ
1007 5560 1277 5631 γραώδεις
1310 5558 1514 5629 μύθους
1568 5556 1922 5625 ἀνατραπεὶς,
1956 5570 2099 5604 πτω-

523 5650 622 5721 χδς
651 5650 932 5715 παντελῶς
962 5652 1073 5705 τῶν
1097 5652 1264 5718 ἀξίων
1294 5651 1423 5721 περὶ
1455 5648 1590 5703 θεοῦ
1615 5646 1900 5716 νοημάτων
1926 5661 2093 5697 κατα-

592 5832 611 5865 ⁸
640 5827 834 5888 Matth.
868 5848 961 5901 vn,
993 5834 1048 5890 7.
1128 5834 1148 5863 ’
1182 5830 1342 5888 Joan.
1371 5847 1459 5899 xv,
1501 5829 1551 5885 5.
1633 5829 1650 5859 ³
1677 5826 1865 5882 Matth.
1894 5840 1986 5888 vn,
2022 5826 2071 5877 ὃ.

2172 5821 2188 5851 ³
2223 5816 2367 5875 Psal.
2407 5830 2534 5879 axx,
2567 5811 2634 5865 9i

2208 4624 2425 4677 illorum
2481 4618 2970 4677 scrutantur.Nam
3012 4617 3088 4671 illi
3133 4612 3409 4670 desiderio
3438 4610 3766 4666 incensiex-

2207 4717 2535 4787 quisierunt,
2562 4722 2616 4766 et
2662 4712 3013 4781 exquirentes
3054 4708 3403 4767 invenerunt,
3453 4710 3512 4756 ut
3562 4700 3636 4754 ait
3670 4697 3770 4753 Sa—

2207 4807 2442 4877 pientia:
2479 4804 2583 4868 Qui
2614 4811 2856 4872 quwrunt
2887 4816 2987 4864 me,
3048 4796 3307 4850 invenient
3341 4809 3420 4847 me
3456 4794 3475 4824 ⁶
3507 4808 3524 4857 ;
3580 4799 3635 4845 et
3668 4806 3765 4844 nos

2206 4901 2271 4955 ad
2311 4900 2411 4953 hoc
2440 4899 2579 4951 idem
2618 4894 2925 4950 faciendum
2958 4892 3270 4947 hortantur.
3306 4901 3373 4939 ne
3409 4884 3646 4939 litteram
3680 4897 3767 4935 sc-

2205 5002 2438 5061 quentes
2463 4988 2689 5052 nudam,
2726 4997 2785 5041 ut
2811 4983 3003 5047 Judaei,
3040 4982 3106 5035 ad
3141 4979 3421 5035 veritatem
3455 4977 3625 5046 ipsam
3661 4988 3764 5025 non

2207 5087 2610 5159 perveniamus.
2639 5080 2749 5132 lloc
2775 5090 2905 5131 sane
2936 5084 3046 5127 tum
3078 5068 3269 5136 reliqui
3299 5066 3641 5128 l’atres,tum
3666 5062 3765 5115 Ba-

2208 5153 2366 5233 silius
2424 5174 2651 5242 Magnus
2718 5168 2893 5236 primo
2968 5172 3166 5216 contra
3238 5156 3563 5209 Eunomiutn
3628 5153 3765 5205 libro

2207 5274 2405 5327 docet:
2450 5267 2507 5319 Si
2548 5264 2672 5333 quis
2714 5260 2884 5322 enim,
2939 5254 3139 5322 inquit,
3195 5252 3339 5303 nulla
3377 5246 3768 5316 disquisitione

2209 5361 2448 5418 adhibita
2501 5371 2612 5411 rem
2653 5354 2725 5409 ita
2761 5342 3191 5414 intelligendam
3249 5354 3373 5394 esse
3436 5334 3765 5396 contendat,

2208 5464 2268 5507 ut
2312 5466 2429 5506 sese
2478 5446 2651 5516 primo
2702 5440 2859 5495 oll'ert
2911 5442 3158 5505 aspectu,
3212 5435 3255 5486 is
3312 5432 3377 5481 ad
3415 5425 3672 5481 Judaicas
3708 5432 3763 5478 et

2206 5545 2412 5602 seniles
2466 5538 2678 5593 fabulas
2718 5533 3035 5593 devolutus,
3073 5530 3228 5595 inops
3260 5521 3482 5578 omnino
3523 5534 3549 5571 ει
3593 5515 3766 5571 sensi-

2215 5640 2318 5693 bus
2342 5636 2453 5689 Dee
2516 5629 2696 5699 dignis
2746 5631 3126 5681 consenescct.
3191 5619 3378 5686 Itaque
3436 5612 3577 5682 quod
3640 5623 3765 5679 pro-

2781 5808 2919 5853 ενα-,ι
2983 5819 3026 5853 ε’-
3056 5818 3090 5853 t.
3123 5801 3150 5849 ’ἶ

2785 5808 2935 5865 ξιον,
2983 5819 3026 5857 ε’.
3056 5818 3090 5865 t,
3123 5801 3173 5850 ’ῖ-
3256 5802 3272 5826 ⁸
3310 5798 3411 5865 gap
3466 5812 3537 5857 v1,
3574 5794 3655 5846 i3.
