4470 6452
746 369 840 431 lib
1641 364 2022 423 GREGORII
2055 362 2358 423 ΜΑΜΜΕ
2387 361 2499 423 (ΖΡ.

1641 364 2022 423 GREGORII
2055 362 2358 423 ΜΑΜΜᾹΞ
2387 361 2499 423 (ΖΡ.
2547 362 3058 427 PATRIARCIM!

3875 359 3973 429 liti

740 488 1012 545 lltlalllllla,
1055 481 1386 536 venerabilis
1441 479 1663 547 Ephesii
1717 479 1864 532 dicta
1897 481 2049 547 prius
2084 479 2299 546 singula
2330 479 2376 537 Α
2407 498 2505 550 γηρ

2211 479 2299 530 nla
2330 479 2376 537 Α
2407 483 2661 550 γηράσει.
2699 484 2853 553 Κατᾲ
2883 484 3014 550 γοῦν
3042 483 3496 552 τὴνὲπαγγελίαν
3523 482 3682 552 ἡμῶν
3713 485 3970 554 πρότερον

739 584 1078 645 exponentes
1106 615 1120 638 ,
1176 583 1288 626 tum
1336 579 1554 626 nostras
1587 572 1753 626 etiam
1787 571 2178 639 responsiones
2209 585 2302 637 ap-

739 681 1004 735 ponenms
1053 665 1212 719 fultas
1263 663 1592 719 deiferorum
1626 672 2048 730 sanctorumque
2082 660 2301 714 Patrum

736 759 1066 814 testimoniis
1095 799 1111 824 ,
1145 767 1203 811 ut
1234 760 1326 811 ﬁat
1360 773 1454 827 per
1487 773 1550 812 ea
1585 757 1880 812 manifesta
1915 757 2136 810 veritas.
2167 754 2300 808 Nam

737 865 917 903 sermo
958 851 1063 904 ﬁde
1091 851 1376 919 dignorum
1418 849 1745 904 auctoritate
1783 848 2032 901 ﬁrmatus
2081 846 2302 900 eviden—

737 951 844 996 tem
884 943 1044 998 habet
1073 942 1156 997 sui
1194 942 1741 999 demonstrationem.

1395 1123 1638 1179 EPllES.

803 1220 910 1287 Qui
962 1221 1083 1275 dira
1135 1235 1236 1275 nos
1285 1220 1603 1289 captivitate
1634 1219 1982 1286 captivarunt
2011 1255 2024 1277 ,
2053 1224 2216 1282 atque
2250 1215 2300 1266 in

735 1313 1060 1370 Latinorum
1096 1316 1298 1369 rituum
1333 1314 1762 1382 dogmatumque
1814 1310 2142 1378 Babylonem
2180 1311 2305 1362 alis-

739 1409 955 1462 trahere
996 1407 1321 1470 voluerunt,
1373 1407 1422 1459 id
1474 1407 1690 1474 quidem
1759 1403 2058 1472 perducere
2089 1403 2153 1455 ad
2184 1403 2304 1456 exi-

735 1513 850 1554 tum
893 1513 1236 1567 nequaquam
1277 1507 1593 1566 potuerunt,
1635 1506 1833 1549 natura
1870 1496 2138 1548 absonum
2179 1510 2304 1548 esse

737 1592 1154 1658 perspicientes,
1181 1598 1233 1642 et
1273 1598 1546 1658 prmterea
1578 1589 1942 1657 impossibile,
1975 1588 2067 1640 sed
2102 1588 2155 1641 in
2193 1604 2306 1642 me-

735 1683 823 1734 dia
854 1682 1085 1748 quadam
1151 1681 1365 1734 itineris
1429 1689 1583 1748 parte
1638 1680 1996 1734 subsistentes
2033 1688 2144 1732 tum
2179 1678 2302 1746 ipsi,

2405 575 2473 625 τὰ
2508 574 2602 626 τοῦ
2638 575 2922 643 αίδεσίμου
2973 577 3202 642 Ἐφέσου
3267 575 3562 643 προθέντες
3611 575 3754 626 κατὰ
3787 579 3972 644 μέρος,

2406 666 2686 733 ἑπομένως
2723 669 2934 728 καὶτὰς
2965 668 3241 737 ἡμετέρας
3288 666 3590 731 ἀπολογίας
3641 665 3977 733 ἐπιθήσομεν

2408 757 2547 826 μετὰ
2582 760 2673 810 καὶ
2706 758 2806 826 τῆς
2839 760 2948 811 τῶν
2985 759 3270 826 θεοφόρων
3319 760 3585 826 Πατέρων
3651 761 3741 812 καὶ
3807 761 3976 826 ἁγίων

2409 851 2739 920 μαρτυρίας,
2812 851 2880 902 ἵν’
2938 850 2998 914 ἐξ
3036 851 3281 920 αὐτῶνὴ
3351 849 3574 918 ἀλήθεια
3621 853 3826 919 φανερὰ
3883 853 3975 917 γέ-

2407 961 2561 1012 νηται
2584 958 2597 972 '
2648 946 2676 996 ὁ
2719 944 2825 1012 γὰρ
2863 943 2921 1010 ἐξ
2953 944 3176 1009 ἐνδόξων
3202 944 3360 1010 λόγος
3395 943 3783 1014 βεϐαιούμενος
3816 946 3976 997 ἀναν-

2408 1037 2664 1105 τίρρητον
2692 1037 2804 1106 ἔχει
2833 1038 2931 1106 τὴν
2963 1035 3265 1100 ἀπόδειξιν.

3077 1131 3267 1184 ΕΦΕΣ.

2478 1222 2538 1272 Οἱ
2566 1220 2665 1286 τὴν
2696 1220 2872 1289 κακὴν
2903 1222 3048 1290 ἡμᾶς
3080 1223 3471 1290 αἰχμαλωσίαν
3495 1223 3979 1293 αίχμαλωτεύσαν-

2407 1327 2522 1374 τες,
2558 1311 2652 1364 καὶ
2704 1310 2842 1381 πρὸς
2879 1312 2975 1382 τὴν
3004 1313 3298 1366 Βαϐυλῶνα
3355 1314 3464 1365 τῶν
3497 1313 3804 1366 Λατινικῶν
3843 1314 3980 1364 ἐθῶν

2407 1404 2504 1457 καί
2529 1404 2816 1470 δογμάτων
2849 1403 3182 1473 Θελήσαντες
3215 1404 3547 1474 κατασῦραι.
3577 1404 3735 1457 τοῦτο
3769 1405 3866 1472 μὲν
3882 1404 3981 1456 οὐκ

2407 1495 2754 1564 ἠδυνήθησαν
2779 1496 3014 1562 ἀγαγεῖν
3041 1499 3120 1558 είς
3153 1499 3328 1566 πέρας
3355 1497 3581 1549 αὐτόθεν
3611 1513 3672 1548 τε
3703 1497 3982 1564 άπεμφαῖο

2408 1601 2498 1637 νον
2527 1586 2784 1652 ὁρῶντες,
2814 1587 2910 1638 καὶ
2927 1585 3101 1648 ἄλλως
3126 1587 3411 1651 ἀδύνατον,
3475 1590 3533 1639 ὲν
3583 1588 3732 1655 μέσῳ
3781 1586 3838 1637 δέ
3875 1603 3979 1637 που

2407 1676 2504 1741 τῆς
2538 1675 2658 1728 ὀδοῦ
2709 1676 3146 1745 καταμείναντες
3181 1677 3340 1729 αὐτοί
3374 1694 3430 1729 τε
3466 1679 3566 1728 καὶ
3617 1677 3732 1729 ὅσοι
3772 1675 3981 1737 τούτοις

736 1787 848 1825 tum
905 1782 1208 1827 sectatores
1260 1787 1450 1827 eorum
1475 1809 1490 1834 ,
1551 1787 1730 1837 neque
1757 1772 1869 1840 jam
1906 1779 2036 1826 sunt
2073 1772 2305 1840 amplius
2339 1808 2380 1863 Β
2411 1768 2501 1818 ἐπι

2224 1773 2305 1824 ius
2339 1808 2380 1863 Β
2411 1767 2875 1863 sannio-domata,
2932 1765 3047 1819 οὔτ’
3106 1767 3285 1863 ὲῃκεῖνο
3319 1767 3528 1863 ..λοιπὸν
3585 1767 3979 1863 μεμενήκασιν,

733 1865 879 1932 quod
932 1874 1110 1930 erant,
1165 1881 1339 1934 neque
1398 1864 1530 1918 illud
1562 1879 1813 1926 evasere,
1845 1864 1908 1918 ad
1939 1865 2084 1930 quod
2116 1863 2305 1918 tende-

731 1957 862 2010 bant
889 1973 904 2022 ;
935 1972 1058 2009 nam
1099 1959 1285 2012 relicta
1330 1957 1547 2026 quidem
1581 1967 1663 2012 est
1699 1957 1768 2011 ab
1806 1958 1873 2012 iis
1905 1954 2303 2027 Hierosolyma,

731 2064 851 2114 qua:
897 2065 1021 2103 vere
1074 2060 1155 2104 est
1196 2051 1344 2118 pacis
1371 2050 1531 2116 visio,
1585 2062 1638 2104 et
1677 2049 1807 2103 Sion
1842 2065 2021 2112 mons,
2094 2049 2196 2104 hoc
2225 2055 2309 2103 est

734 2141 891 2194 ﬁrma
919 2151 971 2195 et
1007 2147 1339 2196 inconcussa
1377 2142 1546 2207 ﬁdes;
1579 2158 1770 2196 verum
1811 2140 1927 2196 ﬁeri
1968 2150 2022 2194 et
2055 2141 2163 2194 dici
2201 2155 2304 2194 un-

731 2251 893 2304 quam
950 2235 1232 2306 Babylonii
1286 2250 1384 2290 nec
1424 2237 1643 2296 volunt,
1705 2251 1805 2288 nee
1855 2243 2126 2303 possunt;
2164 2235 2305 2288 hanc

730 2341 863 2378 sane
893 2327 962 2378 ob
992 2340 1214 2382 causam
1249 2325 1482 2380 vocandi
1509 2327 1706 2380 merito
1725 2323 2146 2387 Grzeco-Latini,
2186 2325 2304 2380 usi-

732 2423 841 2468 tato
876 2425 1054 2469 autem
1090 2416 1314 2470 nomine
1354 2417 1513 2484 vulgo
1549 2418 1799 2485 appellati
1830 2416 2226 2471 Latinizantes.

1433 2508 1632 2564 RESP.

798 2603 933 2654 Cum
984 2601 1232 2669 cpistola:
1270 2617 1382 2654 suae
1421 2603 1501 2655 vir
1532 2603 1769 2657 eximius
1826 2603 2042 2656 titulum
2087 2618 2303 2672 praeno-

729 2695 950 2756 tavi-rit,
1006 2695 1072 2746 ad
1123 2708 1314 2748 omnes
1358 2694 1562 2762 ubique
1590 2697 1834 2750 locorum
1874 2706 1928 2750 et
1968 2695 2301 2757 insularum,

726 2792 782 2836 et
811 2784 1044 2837 salutem
1100 2784 1212 2838 illis
1258 2785 1648 2854 impertiverit,
1683 2787 1869 2840 statim
1911 2788 2199 2841 exorditur
2235 2787 2302 2840 ab

729 2873 960 2927 historia
1007 2873 1369 2943 captivitatis,
1415 2890 1536 2944 qua:
1593 2875 1733 2930 facta
1776 2885 1860 2932 est
1902 2879 2178 2946 quondam
2235 2877 2304 2931 ab

725 2962 1033 3018 Jerusalem
1067 2967 1121 3018 in
1161 2965 1515 3034 Babylonem.
1555 2982 1867 3023 sermonem
1901 2970 2089 3024 volens
2121 2971 2305 3024 suavi-

730 3066 842 3108 tate
897 3057 1130 3124 qnadam
1203 3057 1569 3125 perfundere,
1633 3070 1686 3113 et
1718 3061 2000 3115 auditores
2064 3070 2304 3115 attentos

2411 1856 2535 1908 οὕτε
2567 1856 2728 1910 τοῦτο
2758 1859 3088 1926 γέγονασιν·
3127 1857 3483 1927 Ἱεροσόλυμα
3543 1859 3640 1926 μὲν
3687 1857 3986 1910 ἀπολιπόν-

2407 1965 2524 2013 τες,
2553 1948 2654 2017 τὴν
2710 1949 2785 2011 ώς
2839 1948 3059 2018 ἀληθῶς
3106 1950 3299 2017 ὅρασιν
3351 1949 3452 2016 τῆς
3506 1950 3755 2018 εἰρήνης,
3787 1949 3879 2000 καὶ
3925 1946 3986 1998 τὸ

2407 2040 2549 2094 Σιὼν
2593 2041 2742 2111 ὅρος,
2797 2043 2895 2113 τὴν
2936 2041 3165 2113 βεϐαίαν
3235 2045 3420 2096 πίστιν
3445 2043 3540 2095 καὶ
3567 2043 3853 2095 ᾶσειστονυ
3889 2039 3986 2092 καὶ

2409 2134 2748 2189 Βαϐυλώνιοι
2781 2136 2838 2190 δὲ
2890 2137 3147 2205 γενέσθαι
3189 2137 3321 2191 ποτὲ
3381 2137 3478 2190 καὶ
3529 2137 3798 2206 κληθῆναι
3851 2135 3986 2204 μήτε

2410 2227 2730 2297 βουλόμενοι
2763 2230 2900 2298 μήτε
2923 2229 3233 2298 δυνάμενοι,
3261 2230 3355 2280 καὶ
3377 2230 3462 2282 διὰ
3489 2228 3637 2281 τυῦτ⁹
3668 2230 3734 2281 ἂν
3755 2227 3978 2289 δικαίως

2408 2321 2700 2389 κληθέντες
2734 2321 2772 2373 Γ
2779 2323 3168 2391 ραικολαιτίνοι,
3199 2321 3523 2392 καλούμενοι
3549 2321 3593 2374 δ’
3628 2315 3722 2374 οῦν
3743 2319 3847 2372 ὑπὸ
3871 2320 3980 2371 τῶν

2409 2415 2619 2467 πολλῶν
2648 2415 3070 2484 Λατινόφρονες.

3003 2507 3372 2560 ΑΠΟΛΟΓΙΑ.

2481 2598 2607 2659 Τοῖς
2637 2596 2958 2666 ἁπανταχοῦ
3001 2602 3106 2666 γῆς
3151 2599 3244 2650 καὶ
3299 2599 3407 2650 τῶν
3441 2599 3624 2667 νήσων
3674 2598 3989 2661 ἐπιστείλας

2406 2691 2435 2742 ὀ
2471 2688 2654 2755 τίμιος
2680 2681 2837 2750 οὗτος
2869 2688 3033 2755 ἀνὴρ,
3070 2691 3164 2740 καὶ
3191 2689 3407 2759 χαίρειν
3454 2689 3794 2759 προσειπὼν,
3827 2689 3988 2752 εὐθὺς

2405 2781 2515 2836 ἀπὸ
2550 2782 2791 2851 ἱστορίας
2854 2780 3084 2850 ἄρχεται
3138 2785 3237 2851 τῆς
3297 2782 3464 2835 παλαι
3509 2785 3639 2835 ποτὲ
3690 2785 3988 2852 γενομένης

2407 2876 2789 2943 αίχμαλωσὶας
2842 2876 2954 2927 ἀπὸ
2998 2874 3366 2946 Ἰερουσαλὴμ
3409 2879 3487 2938 είς
3534 2878 3854 2935 Βαϐυλῶνα,
3897 2878 3988 2928 τὸν

2405 2967 2564 3034 λόγον
2591 2969 2856 3036 ὴδύτερον
2889 2969 3315 3021 κατασκευάσαι
3361 2969 3705 3037 βουλόμενος.
3741 2969 3832 3020 καὶ
3863 2971 3987 3030 τοὺς

2406 3059 2684 3128 ἀκροατὰς
2734 3061 2998 3128 διεγεῖραι
3055 3061 3190 3127 πρὸς
3254 3061 3355 3130 τὴν
3427 3062 3537 3112 τῶν
3594 3061 3988 3130 ῥηθησομένων

730 3150 957 3203 reddere
987 3151 1052 3203 ad
1088 3151 1359 3204 audienda
1392 3169 1512 3218 quae
1540 3153 1816 3207 dicentur.
1851 3154 1982 3207 Nam
2021 3155 2300 3224 allegorici
2336 3161 2378 3217 (ζ
2413 3155 2495 3224 ἀκι

2222 3156 2300 3209 'ici
2336 3161 2378 3217 C
2413 3155 2700 3224 ἀκρόασιν.
2742 3154 2803 3206 Ὀ
2826 3155 2935 3220 γὰρ
2982 3153 3345 3222 ἁλληγορικὸς
3407 3155 3564 3218 λόγος
3598 3157 3735 3219 πρὸς
3767 3156 3865 3223 τὴν
3901 3155 3987 3206 θέ-

729 3244 1007 3298 sermonis
1043 3244 1327 3312 proprium
1360 3253 1443 3298 est
1466 3285 1481 3308 ,
1508 3255 1567 3298 ut
1598 3246 1664 3298 ad
1698 3248 2035 3301 voluntatem
2070 3249 2302 3303 dicentis

728 3345 782 3388 et
836 3351 946 3388 rem
1003 3336 1363 3404 exprimentis
1424 3337 1564 3391 dicta
1619 3339 2042 3403 accommodet;
2101 3341 2305 3393 idcirco

730 3427 916 3479 attulit
946 3428 1088 3481 hanc
1119 3429 1428 3492 historiam,
1459 3438 1516 3481 ut
1549 3433 1827 3484 schemate
1861 3433 2164 3500 allegorico
2207 3450 2304 3500 pro

730 3537 825 3571 sua
861 3523 1138 3574 voluntate
1167 3529 1437 3575 uteretur.
1477 3521 1630 3575 Licet
1673 3539 1800 3592 ergo
1847 3525 2193 3580 nobisctiam
2225 3528 2306 3578 ni-

731 3613 800 3662 hil
836 3627 862 3664 a
905 3613 1134 3665 veritate
1169 3613 1579 3667 discedentibus
1614 3616 1797 3669 dicere
1830 3634 1842 3669 :
1888 3617 1994 3670 Nos
2032 3618 2294 3671 Hieroso-

731 3705 927 3773 lymam
964 3705 1144 3772 potius
1173 3714 1362 3760 tenere
1383 3747 1396 3770 ,
1424 3716 1478 3760 et
1503 3723 1620 3761 eam
1646 3708 1906 3772 incolere,
1937 3726 2097 3777 quam
2142 3713 2306 3763 inter-

733 3804 1018 3863 pretantur
1052 3812 1241 3864 pacem
1280 3836 1294 3859 ,
1343 3813 1506 3866 quam
1548 3798 1813 3854 Dominus
1849 3803 2012 3854 etiam
2049 3807 2308 3873 praecepit

731 3888 1079 3951 servandam,
1113 3903 1238 3942 cum
1272 3889 1484 3944 diceret
1522 3910 1534 3944 :
1578 3889 1772 3944 Pacem
1817 3910 1986 3946 meam
2037 3897 2102 3946 do
2141 3897 2306 3958 vobis,

730 3998 912 4048 pacem
954 3999 1123 4034 meam
1154 3984 1394 4051 relinquo
1425 3984 1566 4037 vobis
1599 3984 1643 4038 '.
1672 3984 1821 4038 lianc
1861 3987 2028 4052 igitur
2061 3997 2309 4042 tenentes

734 4074 946 4126 Domini
967 4090 1180 4136 vocem,
1215 4091 1319 4143 qua
1359 4075 1409 4129 id
1438 4075 1682 4140 julietur,
1704 4078 1866 4130 veluti
1892 4076 2020 4130 Sion
2046 4092 2306 4144 montem,

729 4180 826 4218 eos
856 4166 947 4232 qui
982 4165 1243 4218 scindunt
1266 4165 1472 4219 Christi
1509 4165 1835 4226 Ecclesiam,
1862 4169 2188 4238 Babylonios
2221 4189 2311 4223 vo-

731 4270 963 4308 camus:
1003 4271 1104 4310 nos
1151 4272 1281 4310 vero
1323 4273 1424 4311 nec
1473 4259 1680 4313 fuimus
1716 4277 1957 4327 unquam
1996 4262 2307 4330 Babylonii,

733 4359 792 4400 ιιι
825 4349 919 4415 qui
954 4349 1342 4402 confusionem
1384 4358 1436 4403 et
1465 4351 1711 4404 schisma
1748 4354 1983 4408 vitemus
2019 4372 2030 4418 ;
2069 4372 2167 4409 nec
2206 4372 2304 4410 vo-

734 4441 916 4492 luntas
983 4456 1224 4508 unquam
1293 4442 1398 4495 erit
1457 4453 1508 4494 ut
1577 4445 1795 4507 ﬁamus,
1835 4460 1959 4498 cum
2006 4463 2133 4500 vere
2163 4450 2308 4504 illius

733 4533 991 4600 discipuli
1044 4533 1243 4596 simus,
1303 4535 1398 4603 qui
1464 4537 1782 4590 mandatum
1823 4537 1993 4601 dedit,
2027 4549 2085 4592 ut
2120 4557 2307 4606 pacem

733 4641 1051 4694 sequamur.
1075 4625 1479 4680 Subsannando
1507 4645 1669 4694 porro
1699 4645 1796 4682 nos
1814 4642 1966 4684 vocat
1991 4632 2312 4686 Graéco-La-

735 4719 904 4778 tinos,
938 4718 1260 4783 adinvento,
1298 4729 1350 4771 ut
1387 4721 1617 4787 putavit,
1648 4738 1788 4775 novo
1823 4724 2057 4790 quodam
2091 4735 2144 4778 et
2179 4741 2314 4779 con-

732 4819 963 4876 gruente
1021 4811 1284 4862 nomine:
1339 4818 1394 4861 at
1430 4826 1532 4863 nos
1611 4813 1741 4864 illud
1815 4829 2161 4882 nequaquam
2213 4830 2310 4882 pro

733 4903 1174 4954 subsannatione
1210 4901 1502 4965 habemus,
1541 4903 1634 4954 sed
1681 4919 1866 4956 verum
1901 4920 2020 4957 esse
2056 4904 2310 4956 fatemur.

732 4993 869 5047 Cum
915 4995 1062 5046 enim
1121 4993 1524 5048 Constantinus
1555 4996 1784 5065 Magnus
1824 4995 1993 5047 Roma
2029 4995 2308 5059 profectus

734 5086 1115 5141 nobilissimos
1173 5088 1240 5139 ab
1292 5088 1425 5140 urbe
1461 5089 1740 5144 Romanos
1769 5089 2065 5157 optimates
2100 5091 2312 5144 incidas

733 5180 955 5232 duxerit
1022 5194 1146 5232 eam
1199 5179 1254 5232 in
1312 5179 1524 5244 urbem,
1576 5197 1700 5249 qua:
1738 5192 2058 5250 nuper.tum
2093 5183 2312 5237 condita

734 5271 858 5340 ejus
917 5273 1138 5324 nomine
1194 5281 1280 5326 est
1337 5273 1620 5340 insignita,
1658 5287 1890 5340 qumque
1936 5272 2086 5326 Nova
2139 5271 2313 5327 Roina

735 5371 1055 5430 nuncupata
1087 5372 1172 5416 est
1206 5381 1220 5427 ;
1260 5379 1448 5417 eorum
1505 5365 1749 5435 posteri,
1781 5363 1970 5418 Graece
2000 5365 2311 5434 loquentes,

732 5453 826 5507 sed
876 5453 1093 5506 oriundi
1157 5453 1223 5507 ab
1277 5454 1420 5515 illis,
1463 5455 1585 5521 jure
1640 5463 1769 5509 sunt
1813 5453 2044 5508 vocandi
2099 5455 2318 5508 Graeco-

735 5547 909 5600 Latini
947 5567 960 5608 ;
1019 5547 1274 5602 llellenas
1321 5549 1466 5602 enim
1493 5549 1712 5604 Grmcos
1751 5559 1944 5603 vocant
1978 5549 2182 5602 Latini.
2214 5550 2316 5601 At-

736 5659 843 5708 que
888 5645 958 5696 ita
1007 5646 1151 5712 quod
1197 5645 1359 5699 nobis
1395 5646 1882 5714 pra'stantissimus
1924 5649 2004 5701 vir
2039 5646 2226 5716 objicit
2261 5657 2321 5700 ut

811 5823 1008 5879 'Jtian.
1041 5841 1146 5889 MV,
1189 5825 1276 5878 ‘27.

2412 3247 2570 3313 λησιν
2600 3246 2811 3298 τίθεται
2843 3249 3048 3315 κυρίως
3078 3247 3172 3298 τοῦ
3199 3248 3483 3314 χρωμένου
3534 3247 3627 3299 τὸν
3669 3249 3828 3311 λόγον
3855 3249 3886 3315 ἥ
3929 3247 3988 3298 τὸ

2410 3343 2667 3408 πρᾶγμα,
2728 3339 2854 3391 καθ’
2913 3339 2941 3390 δ
2997 3339 3256 3404 λέγεταιο
3315 3339 3395 3390 διὸ
3459 3341 3552 3390 καὶ
3595 3339 3692 3407 τὴν
3749 3340 3988 3407 ίστορίιν

2413 3432 2689 3499 προῦθηκε
2751 3431 3000 3498 ταύτην,
3058 3430 3144 3482 ίνα
3211 3430 3286 3498 τῷ
3346 3430 3694 3499 ἀλληγορικῷ
3749 3434 3986 3500 σχήματι

2412 3525 2684 3592 χρήσηται
2720 3523 2905 3582 καθὼς
2941 3523 3219 3589 βούλεται.
3258 3523 3510 3584 Ἔξεστιν
3569 3522 3662 3574 οὖν
3705 3523 3800 3573 καὶ
3860 3523 3988 3590 ἡμῖν

2410 3616 2766 3684 ἀληθεύουσιν
2799 3617 2994 3679 εἰπεῖν,
3048 3617 3123 3676 ὡς
3185 3613 3283 3682 τὴν
3343 3613 3704 3682 Ἰερουσαλὴμ
3781 3613 3989 3681 μᾶλλον

2412 3711 2738 3776 κατέχομεν,
2793 3710 2883 3759 καὶ
2915 3711 2972 3759 ἐν
3005 3707 3173 3780 ταύτῃ
3228 3707 3418 3776 ἐσμὲν,
3454 3708 3574 3776 ἥτις
3625 3707 3991 3773 ἑρμηνεύεται

2413 3807 2628 3872 εἰρήνη,
2671 3802 2738 3872 ἦν
2783 3804 2878 3853 καὶ
2928 3801 2955 3850 ὁ
3000 3801 3207 3868 Κύριος
3239 3801 3372 3867 ἡμῖν
3406 3799 3717 3851 ἐνετείλατο
3775 3799 3985 3864 λέγων·

2416 3897 2688 3964 Είρήνηγ
2724 3895 2840 3961 τὴν
2898 3893 3054 3959 ἐμὴν
3096 3892 3302 3960 δίδωμι
3355 3892 3518 3959 ὑμῖν,
3579 3891 3830 3959 είίήνην
3881 3890 3994 3957 τὴν

2413 3990 2567 4058 ἐμὴν
2596 3990 2813 4056 ἀφίημι
2864 3989 3026 4055 ὑμῖν.
3073 3985 3294 4053 Ταύτην
3356 3981 3449 4036 οὖν
3485 3983 3581 4051 τὴν
3639 3984 3731 4034 τοῦ
3787 3985 3990 4049 Κυρίου

2416 4086 2604 4150 φωνὴν
2638 4081 2734 4147 τὴν
2765 4079 2923 4131 τοῦτο
2969 4079 3307 4130 κελεύουσαν
3367 4075 3556 4142 ὥσπερ
3604 4076 3666 4126 τὸ
3695 4077 3832 4128 Σιὼν
3869 4076 3992 4139 ὄρος

2415 4173 2764 4240 κατέχοντες,
2803 4171 2931 4230 τοὺς
2964 4169 3252 4237 σχίζοντας
3297 4167 3397 4232 τὴν
3429 4166 3522 4217 τοῦ
3565 4165 3806 4234 Χριστοῦ
3873 4166 3993 4218 Ἐγ-

2417 4265 2653 4332 κλησίαν
2709 4260 3092 4319 Βαϐυλωνίους
3167 4257 3488 4322 καλοῦμεν·
3547 4256 3882 4309 Βαϐυλώνιοι
3937 4257 3993 4308 δὲ

2415 4359 2576 4425 ἡμεῖς
2619 4353 2741 4405 οὒτε
2800 4353 3128 4420 γεγόναμεν,
3195 4350 3270 4408 ὡς
3334 4350 3435 4415 τὴν
3493 4347 3761 4414 σύγχυσιν
3790 4348 3882 4399 καὶ
3934 4350 3995 4400 τὸ

2421 4449 2629 4517 σχίσμα
2665 4445 3074 4510 ἀποσειόμενοι,
3122 4441 3247 4493 οὗτε
3309 4441 3440 4492 ποτὲ
3498 4441 3800 4508 Θελήσομεν
3846 4441 3996 4506 γενέ-

2427 4543 2570 4602 σθαι,
2614 4538 2855 4608 μαθηταὶ
2886 4536 3036 4596 ὄντες
3070 4534 3212 4586 κατὰ
3239 4532 3502 4602 ἀλήθειαν
3532 4535 3627 4585 τοῦ
3654 4533 3993 4594 κελεύοντος

2424 4631 2696 4698 Εἰρήνην
2725 4627 2991 4680 διώκετε.
3033 4625 3486 4694 Γραικ“ολατίνους
3531 4626 3586 4676 δὲ
3624 4626 3771 4692 ἡμᾶς
3815 4625 3999 4676 διασύ-

2431 4743 2538 4792 ρων
2585 4721 2868 4785 ὀνομάζει,
2904 4718 3219 4785 γαινότερόν
3270 4735 3320 4767 τι
3373 4717 3548 4784 ὄνομα
3595 4717 3686 4768 καὶ
3720 4719 3998 4784 προσῆγον

2425 4821 2498 4878 ὡς
2532 4818 2783 4882 ἐνόμισεν
2815 4811 2988 4878 εὑρών
3015 4827 3026 4839 ⁸
3061 4811 3200 4876 ὅπερ
3231 4811 3390 4877 ἡμεῖς
3424 4809 3484 4859 ού
3512 4808 3813 4875 διασυρςιὸν
3840 4806 3998 4858 τοῦτο

2422 4903 2775 4970 λογιζόμεθα,
2842 4899 2959 4951 ἀλλ’
2995 4898 3194 4963 ἀληθὲς
3261 4895 3402 4949 εἶναι
3456 4896 3848 4964 ὁμολογοῦμεν.
3889 4895 3993 4946 Τοῦ

2430 5000 2533 5066 γὰρ
2591 4994 2830 5064 μεγάλου
2900 4991 3312 5044 Κωνσταντίνου
3369 4989 3581 5041 ἐκεῖθεν
3639 4987 3993 5056 ὁρμωμένου,

2429 5091 2519 5140 καὶ
2555 5090 2682 5147 τους
2712 5084 2836 5136 λίαν
2873 5082 3294 5149 εὐγενεστάτους
3338 5081 3676 5150 μεγιστᾶνας
3706 5078 3996 5146 Ῥωμαίων

2425 5181 2490 5231 ὲκ
2527 5176 2747 5246 Ῥώμης
2776 5173 3240 5244 μετοικισαμένου
3283 5174 3366 5232 είς
3396 5172 3494 5240 τὴν
3519 5171 3605 5222 ἐπ’
3627 5169 3853 5233 ὀνόματι
3903 5168 4002 5220 αὺ-

2422 5271 2518 5323 τοῦ
2551 5269 2940 5338 ἀνεγερθείσαν
2977 5266 3152 5328 πόλιν,
3191 5265 3292 5332 τὴν
3320 5264 3413 5315 καὶ
3445 5261 3596 5314 Νέαν
3633 5259 3852 5330 Ῥώμην
3883 5259 4003 5310 ὀνο-

2429 5366 2758 5436 μασθεῖσαν,
2792 5365 2841 5416 οί
2879 5362 2937 5428 ἐξ
2970 5363 3196 5412 ἐκείνων
3226 5357 3423 5425 φύντες
3451 5355 3550 5424 τὴν
3583 5354 3681 5422 μὲν
3728 5353 3840 5404 τῶν
3882 5350 4000 5404 Ἐλο

2427 5460 2605 5527 λήνων
2637 5457 3047 5524 ὲξασκήσαντες
3074 5452 3343 5520 γλῶτταν,
3381 5449 3475 5500 καὶ
3499 5446 3589 5498 διὰ
3608 5442 4002 5512 ταύτηςκφθεγ-

2430 5551 2680 5617 γόμενοι,
2712 5549 2774 5601 τὸ
2807 5547 2862 5599 δὲ
2910 5547 3067 5613 γένος
3094 5543 3307 5595 ἐκεῖθεν
3345 5540 3620 5602 ἕλκοντες,
3655 5536 3880 5597 six/.10);
3913 5533 4004 5585 καὶ

2435 5640 2846 5712 Γραικολατῖνοι
2873 5637 3155 5705 ὀφείλουσι
3197 5631 3476 5700 λέγεσθαι,
3517 5630 3653 5682 διότι
3701 5629 3754 5680 oi.
3783 5628 4003 5680 Λατῖνοι
