4470 6452
739 393 835 459 li?)

1646 409 2027 471 GllEGORIl
2073 410 2373 475 ΜΛΜΜιΕ
2407 415 2508 476 Cl’.
2556 418 3075 482 PATRlARtlll/E

3895 386 3997 490 leo

725 520 818 566 sed
849 515 1137 582 quosdam,
1160 525 1212 566 et
1241 533 1412 581 pziuca
1442 519 1657 574 illorum
1677 523 1844 587 dicta,
1869 535 1920 579 ut
1953 528 2306 595 aliquatenus
2339 535 2381 589 Α
2411 525 2488 582 διδ

2228 544 2306 581 IIIS
2339 535 2381 589 Α
2411 530 2768 595 διδασκάλους
2815 556 2870 589 τε
2909 542 2997 590 καὶ
3036 541 3319 607 θεολόγους
3352 545 3477 606 τοὺς
3522 544 3681 594 τοῦτο
3734 544 3993 610 λέγοντας

726 607 1024 670 probemus
1084 623 1184 661 nos
1253 610 1354 688 hoc
1409 626 1659 666 asserere
1713 614 2063 685 desumptmu
2117 633 2144 670 a
2178 634 2307 670 sau-

723 703 851 746 l'llS.

721 803 923 851 τινας,
1026 793 1118 844 καὶ
1173 791 1228 857 ἐξ
1287 794 1468 846 αὐτῶν
1536 794 1694 863 ὀλίγα
1750 801 1829 861 είς

723 899 916 951 γομεν.

796 976 984 1045 Itaque
1015 989 1239 1036 sanctus
1272 983 1510 1050 (Iyrillus
1571 985 1622 1039 iu
1652 1003 1908 1043 sermone
1931 994 1997 1044 ad
2055 991 2311 1048 Theodo-

723 1067 867 1122 sium
906 1070 1318 1136 imperatorem,
1349 1075 1441 1142 qui
1472 1077 1540 1128 ita
1574 1081 1802 1149 incipit:
1852 1082 2181 1151 Supremuin
2211 1087 2312 1136 hu-

724 1175 899 1213 mana:
925 1162 1112 1227 gloria:
1145 1167 1361 1220 culmen
1388 1211 1403 1230 ,
1478 1171 1552 1224 sic
1585 1173 1653 1224 ait
1687 1189 1698 1225 :
1774 1173 2186 1240 Baptizatur-um
2232 1176 2310 1227 in-

722 1257 835 1319 quit
864 1254 1048 1305 .lesum
1081 1258 1131 1308 iu
1166 1259 1287 1325 igne
1343 1272 1394 1312 et
1470 1261 1674 1330 Spiritu
1737 1279 1966 1328 sancto;
2017 1283 2121 1319 nou
2162 1267 2309 1336 quod

725 1345 989 1413 Spiritum
1021 1348 1312 1428 baptizatis
1333 1353 1557 1407 deberet
1579 1356 1866 1411 infundere
1886 1359 2125 1411 alienttm
2153 1360 2310 1428 quasi

723 1453 919 1490 servus
953 1448 1008 1491 et
1043 1441 1318 1504 minister,
1358 1446 1452 1497 sed
1477 1461 1601 1499 cum
1655 1463 1911 1516 suprema
1943 1457 2216 1518 potestate
2253 1459 2331 1504 ut.

723 1539 918 1580 natura
946 1530 1086 1583 lleus
1149 1533 1321 1597 illum,
1343 1537 1434 1603 qui
1463 1551 1528 1589 ex
1559 1538 1676 1605 ipso
1700 1550 1805 1599 est,
1833 1541 2020 1606 etejus
2057 1543 2313 1608 proprius

721 1627 826 1671 es'.
858 1616 912 1668 lu
956 1620 1187 1686 epistola
1222 1636 1442 1690 quoque
1464 1625 1528 1675 ad
1550 1623 1887 1687 Nestorium,
1914 1627 2073 1693 cujus
2095 1627 2311 1680 initium

720 1718 862 1758 est:
917 1706 1052 1759 Cum
1115 1707 1368 1763 Salvator
1424 1720 1613 1766 uoster
1669 1715 1874 1771 diserte
1973 1717 2312 1785 pronuntiet,

721 1797 1007 1906 Quamvis,
1037 1801 1239 1905 inquit,
1271 1801 1514 1905 Spiritus
1550 1819 1707 1858 suam
1747 1806 1948 1861 habeat
1975 1808 2308 1876 peculiarem
2345 1836 2386 1891 Β
2418 1797 2619 1906 ειςησιξθῗ

723 1892 1301 1962 subsistentiam,qua
1357 1896 1687 1965 intelligitur
1731 1915 1828 1967 per
1886 1914 2006 1954 sese
2040 1902 2311 1954 cxsistens

723 1984 987 2052 Spiritus,
1031 2003 1138 2040 uou
1172 1988 1370 2052 Filius,
1425 2001 1511 2045 est
1561 2001 1744 2046 tamen
1809 1994 1952 2047 haud
2019 1996 2233 2048 alienus
2286 2009 2311 2045 a

724 2077 864 2132 Filio
899 2081 1118 2136 :dirtus
1142 2084 1346 2151 quippe
1382 2093 1466 2137 est
1495 2085 1736 2153 Spiritus
1788 2088 2056 2150 veritatis,
2113 2089 2315 2142 veritas

723 2184 903 2227 t‘.tll(::lt
932 2185 1010 2228 est
1040 2173 1298 2230 Christus
1329 2195 1340 2230 :
1375 2186 1426 2228 et
1457 2176 1759 2232 elTundit'Ir
1783 2180 1850 2233 ah
1881 2181 1972 2233 illo
2021 2195 2125 2233 non
2155 2194 2317 2232 secus

722 2271 886 2328 atque
911 2263 978 2317 ab
1007 2259 1126 2332 ipso
1157 2265 1264 2320 Deo
1305 2263 1488 2321 Patre.
1518 2270 1675 2333 Quod
1727 2285 1858 2323 vero
1888 2280 2112 2325 sanctus
2156 2269 2319 2326 Pater

726 2371 818 2423 per
840 2370 1052 2421 vocem,
1074 2357 1398 2421 effunditur,
1421 2360 1691 2430 intelligat
1719 2365 2150 2432 processionem,
2177 2365 2321 2434 ipse-

723 2458 836 2501 iuet
867 2450 1106 2504 dct'larat
1135 2457 1186 2504 in
1221 2455 1570 2522 expositione
1607 2455 1877 2524 Sytnlioli.
1904 2460 1992 2510 Ait
2022 2459 2167 2509 enim
2204 2476 2216 2509 :
2255 2458 2317 2509 Et

665 2546 674 2559 '
722 2542 1049 2606 elTuuditur,
1089 2546 1191 2599 hoc
1225 2555 1310 2599 est
1347 2549 1618 2614 procedit.
1657 2558 1916 2619 tauquam
1952 2567 2016 2603 ex
2081 2553 2227 2604 fonte
2290 2567 2316 2603 a

728 2637 834 2689 [leo
863 2637 1044 2691 Patre.
1072 2638 1170 2692 llic
1203 2640 1361 2703 illud,
1408 2640 1733 2706 letldtllll‘,
1762 2645 1828 2695 ah
1881 2645 1974 2695 illo
2009 2660 2110 2697 non
2161 2661 2320 2699 secus

727 2738 888 2801 atque
957 2734 1023 2787 ab
1077 2735 1196 2802 ipso
1263 2737 1464 2798 Patre;
1519 2739 1796 2804 quumodo
1861 2738 2321 2808 intelligendum?

727 2827 782 2876 Si
826 2826 973 2877 enim
1034 2826 1268 2880 dixisset
1335 2829 1535 2892 solum,
1597 2829 1919 2894 ellunditur,
1978 2831 2116 2883 alius
2180 2845 2320 2898 quo-

726 2934 831 2985 que
873 2935 1071 2973 sensus
1110 2921 1289 2974 locum
1350 2923 1614 2987 haberet;
1672 2924 1769 2978 sed
1811 2939 1935 2977 cum
1977 2923 2162 2986 addat,
2201 2921 2319 2976 Non

727 3027 888 3064 secus
920 3020 1087 3080 atque
1116 3012 1182 3064 ab
1216 3013 1336 3080 ipso
1370 3011 1796 3076 Patre,omnem
1835 3013 2167 3080 detorquere
2203 3025 2323 3064 sen-

727 3120 846 3155 sum
873 3103 1184 3156 volentibus
1216 3103 1854 3169 prreciditoccasionem.
1880 3102 1943 3154 lit
1965 3116 2191 3169 magnus
2223 3098 2322 3151 Ba-

728 3199 886 3252 silius
929 3197 980 3250 in
1011 3197 1291 3264 opusculis
1314 3206 1500 3250 contra
1530 3195 1882 3257 Eunomium,
1923 3196 1973 3248 iu
2000 3196 2202 3262 capite,
2230 3208 2324 3245 cu-
2351 3179 2394 3238 C
2431 3162 2585 3264 gms
2619 3161 2731 3221 τοῖς

724 3293 813 3364 jus
859 3293 1145 3362 inscriptio
1166 3300 1278 3345 est:
1307 3291 1460 3358 Quod
1481 3300 1536 3343 ut
1559 3291 1792 3345 sehabet
1813 3288 1981 3342 Filius
1999 3289 2063 3341 ad
2087 3288 2322 3353 Patrem,

730 3389 800 3440 ita
838 3388 1078 3456 Spiritus
1106 3387 1382 3441 schaheat
1417 3386 1483 3438 ad
1519 3385 1716 3439 Filium
1762 3402 1774 3435 :
1817 3383 2047 3443 Idcirco,
2106 3381 2203 3445 ait,
2241 3380 2326 3434 Fi-

728 3483 834 3534 lius
857 3483 1077 3549 quidem
1113 3488 1196 3533 est
1234 3476 1324 3532 Dei
1354 3475 1619 3540 Verbum,
1677 3477 1900 3530 verbum
1960 3486 2141 3528 autem
2203 3473 2323 3528 Filii

728 3575 970 3643 Spiritus
1006 3593 1018 3627 :
1048 3574 1275 3626 Porlnus
1298 3574 1459 3634 enim,
1505 3571 1709 3639 inquit,
1753 3570 1929 3622 omnia
1965 3573 2114 3623 verba
2162 3569 2328 3620 rirlu-

732 3677 795 3720 trs
829 3669 1008 3731 sine“;
1045 3677 1099 3720 et
1129 3670 1255 3734 quia
1305 3667 1530 3720 verbum
1565 3663 1712 3728 Filii,
1758 3673 2046 3733 propterea
2085 3661 2324 3730 gladium

731 3763 912 3832 inquit
949 3762 1214 3832 Spiritus,
1250 3759 1396 3830 quod
1426 3769 1508 3814 est
1536 3759 1764 3813 verbum
1789 3757 1877 3808 Dei
1903 3773 1916 3810 :
1947 3756 2128 3808 vivum
2163 3770 2327 3825 porro

727 3856 989 3911 etellieax
1033 3865 1118 3910 est
1156 3854 1246 3907 Dei
1277 3854 1506 3908 verbum
1541 3862 1593 3906 et
1619 3865 1824 3906 sermo.
1867 3849 2106 3902 Sanetus
2142 3858 2324 3900 autem

731 3951 1061 4004 Ambrosius
1091 3950 1177 4016 (ad
1216 3963 1378 4016 quem
1434 3944 1686 4001 scribens
1753 3944 1976 3997 divinus
2040 3941 2273 3997 Basilius
2313 3959 2323 3992 :

731 4048 865 4115 Age,
895 4046 1092 4114 inquit,
1121 4045 1201 4097 vir
1227 4044 1342 4105 Dei,
1369 4043 1592 4111 quando
1617 4039 1825 4093 Christi
1844 4037 2198 4105 Evangelium
2222 4050 2328 4087 non

729 4145 797 4196 ah
829 4141 1152 4195 hominibus
1186 4139 1453 4207 accepisti
1514 4146 1608 4191 aut
1641 4134 1912 4196 didicisti,
1972 4134 2066 4185 sed
2115 4131 2230 4199 ipse
2280 4137 2330 4181 te

728 4237 999 4290 liomiuus
1025 4232 1312 4287 transtulit
1345 4230 1711 4301 dejudicihus
1748 4237 1909 4280 terra:
1936 4225 2004 4278 ad
2061 4220 2330 4291 apostoli-

727 4349 848 4382 «‘aut
888 4328 1265 4400 dignitatem),
1303 4325 1446 4377 libro
1477 4324 1655 4392 primo
1678 4321 1751 4373 De
1803 4319 2009 4387 Spiritu
2048 4321 2239 4369 sancto
2262 4311 2328 4366 ad

731 4426 1056 4480 Gratianum
1081 4423 1494 4491 imperatorem,
1515 4432 1638 4487 cap.
1665 4415 1752 4478 l0,
1772 4414 1875 4466 Sed
1904 4427 2102 4480 neque,
2127 4407 2328 4477 inquit,

726 4535 850 4572 «um
883 4519 949 4571 de
982 4516 1142 4569 Patre
1173 4513 1308 4576 exit,
1351 4513 1416 4564 de
1440 4511 1566 4564 loco
1612 4509 1838 4568 recedit,
1860 4515 1912 4559 et
1940 4505 2097 4573 quasi
2124 4517 2329 4571 corpus

727 4632 754 4666 a
786 4626 1017 4680 corpore
1051 4617 1391 4678 separatur;
1457 4618 1637 4672 neque
1697 4617 1820 4653 eum
1888 4601 1939 4650 in
2017 4598 2178 4650 l’atre
2215 4603 2321 4659 est,

725 4705 884 4775 quasi
921 4705 972 4757 in
1006 4715 1237 4771 corpore
1260 4709 1522 4766 tauquam
1561 4707 1763 4762 corpus
1834 4690 2156 4743 includitur.
2200 4686 2327 4752 Spi-

725 4803 866 4855 ritus
885 4812 1106 4868 quoque
1134 4803 1364 4849 sanctus
1398 4804 1522 4843 cum
1559 4786 1808 4857 procedit
1831 4800 1894 4838 ex
1950 4782 2110 4835 Patre
2150 4789 2203 4834 et
2233 4775 2324 4830 Fi-

724 4897 820 4958 lio,
860 4909 968 4947 non
1007 4897 1296 4960 separatur
1324 4884 1554 4946 aPatre,
1586 4897 1697 4935 non
1735 4886 2024 4948 separatur
2089 4892 2116 4928 a
2165 4872 2325 4927 Filio.

724 4984 1206 5053 Quemadmodum
1232 4980 1377 5034 enim
1407 4976 1652 5045 separari
1712 4980 1890 5043 potest
1919 4987 1946 5023 a
1988 4967 2170 5030 Patre,
2233 4966 2326 5034 qui

723 5079 956 5148 spiritus
991 5075 1106 5130 oris
1138 5073 1260 5142 ejus
1295 5069 1425 5126 est?
1465 5068 1616 5138 quod
1653 5065 1842 5134 utique
1878 5072 1932 5116 et
1995 5055 2328 5114 atternitatis

726 5173 1014 5235 indicium,
1060 5176 1114 5224 et
1149 5164 1456 5221 divinitatis
1479 5156 2055 5229 exprimitunitatem.
2085 5151 2329 5204 Sanctus

727 5268 946 5340 Agatho
975 5267 1026 5318 in
1061 5276 1162 5318 sua
1191 5258 1426 5331 epistola
1479 5271 1645 5326 quam
1707 5252 1861 5307 misit
1907 5243 2332 5314 subscriptioni-

727 5335 832 5414 btis
859 5366 1079 5411 centum
1104 5350 1364 5422 etvigiuti
1394 5350 1783 5418 episcoporum
1825 5340 2092 5404 munitam
2114 5335 2183 5390 ad
2201 5350 2297 5388 san
2317 5364 2330 5374 -

724 5464 869 5509 ctam
902 5449 1177 5522 synodum
1211 5454 1450 5507 sextam,
1505 5442 1571 5496 de
1631 5441 1794 5494 beato
1852 5433 2168 5505 Augustino
2217 5429 2333 5482 hate

726 5542 897 5597 habet
932 5558 945 5594 :
977 5541 1176 5594 Beatus
1209 5534 1559 5607 Augustinus
1586 5527 2089 5603 praestantissimus
2113 5522 2329 5576 doctor.

725 5635 794 5691 Et
828 5650 1076 5688 rursus:
1139 5629 1405 5686 Veritatis
1458 5623 1940 5698 prudentissimus
2006 5615 2332 5687 prmdicatur

722 5725 920 5786 beatus
957 5727 1322 5798 Augustinus.
1359 5723 1456 5779 llic
1529 5721 1696 5792 igitur
1750 5718 1941 5771 beatus
1988 5709 2331 5781 Augustinus

831 5958 850 5994 ⁸
882 5961 1046 6018 ιιειη.
1077 5978 1108 6023 t,
1139 5955 1189 6014 ὖ.

1914 804 2152 870 μερικήν
2218 819 2341 854 τινα
2422 805 2835 879 πληροφορίαν,
2884 815 2966 866 ὅτι
3029 817 3092 867 ἐκ
3158 817 3267 869 τῶν
3331 819 3504 885 άγίων
3577 817 3831 877 λαϐόντες

2421 623 2498 681 είς
2533 626 2700 690 μέσον
2736 630 3053 697 προθῶμεν,
3093 633 3154 684 ού
3188 634 3397 694 πάντας
3429 615 3550 685 ούδέ
3577 635 3751 687 πάντα
3783 641 3847 685 τά
3903 634 3993 683 ὑπ’

2421 714 2603 766 αὐτῶν
2672 719 2730 768 ἐν
2790 721 2962 790 ταύτῃ
3026 727 3091 790 τῇ
3161 725 3421 776 ὑποθέσει
3501 726 3790 793 είρημένα,
3857 723 3995 775 ἀλλά

3913 819 3996 868 λέσ

2491 1005 2600 1057 Καὶ
2643 1005 2708 1072 δή
2742 1023 2945 1071 φαμεν,
2987 1008 3061 1069 ὡς
3105 1011 3131 1061 6
3165 1009 3306 1071 θεῖος
3351 1009 3618 1077 Κύριλλος
3655 1009 3712 1060 ἐν
3746 1008 3821 1074 τῷ
3860 1007 3994 1075 πρὸς

2421 1097 2645 1165 βασιλέα
2689 1097 2971 1150 Θεοδόσιον
3031 1101 3197 1170 λόγῳ.
3233 1097 3362 1169 οῦὴ
3413 1101 3579 1168 ἀρχὴ,
3616 1100 3730 1164 Τῆς
3787 1098 3886 1165 μὲν
3941 1099 3997 1146 ὲν

2417 1188 2726 1258 ἀνθρώποις
2756 1191 3011 1253 εὐκλείας
3048 1194 3146 1260 τῆς
3187 1193 3474 1254 ἀνωτάτω,
3511 1192 3681 1258 φησί·
3706 1189 3998 1250 Βαπτὶζειν

2419 1281 2522 1351 ἔτοη
2573 1285 2665 1335 τὸν
2716 1286 2926 1353 Ἰησοῦν
2960 1289 3017 1337 ἐν
3042 1287 3176 1354 πυρὶ
3208 1288 3302 1340 καὶ
3337 1287 3478 1354 ἁγίῳ
3509 1286 3813 1352 Πνεύματι,
3849 1284 3909 1334 οὐ
3939 1282 3999 1332 τὸ

2418 1375 2699 1444 ἀλλότριον
2735 1381 2845 1440 τοῖς
2879 1378 3303 1448 βαπτιζομένοις
3336 1379 3548 1431 ἐνιέντα
3617 1379 3842 1442 Πνεῦμα
3878 1378 4000 1427 δου-

2415 1469 2709 1537 λοπρεπῶς
2742 1472 2835 1523 καὶ
2877 1472 3251 1539 ὑπηρετικῶς,
3284 1472 3399 1522 ἀλλ’
3440 1471 3513 1532 ὡς
3537 1472 3672 1521 Θεὸν
3705 1469 3848 1521 κατά
3899 1469 4000 1532 φύ-

2419 1579 2505 1613 σιν
2544 1563 2663 1631 μετ“
2695 1561 2946 1626 ἐξουσίας
2984 1565 3086 1632 τῆς
3139 1564 3402 1617 ἀνωτάτω
3458 1565 3520 1614 τὸ
3568 1562 3627 1624 ἐξ
3685 1564 3854 1613 αὑτοῦ
3908 1562 4001 1610 καὶ

2419 1654 2555 1707 ίδιον
2588 1655 2778 1707 αὑτοῦ.
2815 1657 2924 1710 Καὶ
2980 1659 3040 1709 ἐν
3092 1658 3170 1724 τῷ
3208 1659 3344 1724 πρὸς
3398 1657 3695 1724 Νεστὸριον
3744 1654 3908 1720 λόγῳ,
3940 1653 3999 1704 οὗ

2421 1747 2455 1814 ὴ
2517 1747 2685 1815 ἀρχὴ,
2733 1746 2841 1799 Τοῦ
2894 1749 3152 1816 Σωτῆρος
3207 1748 3365 1816 ἡμῶν
3416 1747 3671 1812 λέγοντος
3730 1743 4000 1810 ἐναργῶς,

2656 1839 2719 1892 Et
2771 1838 2863 1891 xui.
2899 1839 3048 1890 ἔστιν
3075 1841 3131 1891 ἐν
3160 1838 3462 1890 ὑποστάσει
3522 1836 3584 1888 τὸ
3625 1833 3850 1896 Πνεῦμα
3912 1832 4005 1886 ἰδι-

2425 1931 2516 1996 κῇ,
2548 1931 2640 1979 καὶ
2666 1929 2728 1995 δὴ
2753 1932 2842 1981 καὶ
2874 1931 3073 1981 νοεῖται
3099 1931 3224 1981 καθ’
3257 1928 3440 1994 ﬁetu-c6,
3475 1925 3608 1978 καθὸ
3631 1923 3857 1990 Πνεῦμά
3888 1923 4003 1973 ἐστι

2424 2025 2524 2076 καὶ
2549 2025 2648 2092 οὐχ
2686 2024 2836 2087 Υἱὸς,
2874 2024 2990 2076 ἀλλ’
3021 2023 3114 2076 οὖν
3158 2027 3309 2074 ἐστιν
3343 2022 3444 2073 οὐκ
3479 2019 3761 2087 ἀλλότριον
3797 2013 3962 2068 αὑτοῦ
3987 2027 4000 2040 ·

2424 2121 2654 2189 Πνεῦμα
2686 2122 2796 2188 γάρ
2828 2121 3087 2190 ἀληθείας
3119 2119 3464 2187 ὠνόμασται,
3497 2115 3593 2167 καὶ
3625 2113 3737 2164 ἐστι
3767 2106 4004 2176 Χριστὸς

2424 2213 2764 2281 ἡάλήθεια·
2814 2213 2908 2262 καὶ
2966 2213 3251 2279 προχεῖται
3309 2208 3439 2276 παρ’
3502 2201 3692 2264 αὑτοῦ,
3752 2199 4006 2264 καθάπερ

2423 2308 2617 2375 ἀμέλει
2674 2307 2767 2360 καὶ
2795 2308 2857 2357 ἐκ
2890 2307 2983 2358 τοῦ
3018 2304 3154 2356 Θεοῦ
3194 2303 3289 2355 καὶ
3353 2301 3588 2366 Πατρός.
3646 2297 3772 2350 Ὀτι
3828 2292 3886 2346 δέ
3946 2290 4007 2342 τὸ

2425 2406 2716 2472 προχεῖται
2751 2404 2872 2455 ἀντὶ
2897 2400 2993 2453 τοῦ
3021 2397 3386 2468 ἐκπορεύεται
3424 2400 3450 2447 6
3491 2394 3648 2459 ἅγιος
3671 2391 3843 2457 λέγει,
3869 2404 4006 2454 παρ-

2429 2501 2614 2568 ίστησι
2651 2497 2811 2550 τοῦτο
2857 2500 2883 2549 ό
2919 2497 3083 2557 αὐτὸς
3123 2495 3181 2546 ἐν
3214 2496 3277 2562 τῇ
3331 2490 3426 2543 τοῦ
3482 2486 3754 2557 συμϐόλου
3807 2482 4008 2547 ἐξηγή-

2427 2614 2548 2649 σει·
2576 2597 2712 2664 φησι
2749 2592 2856 2660 γάρ
2879 2610 2892 2622 ·
2932 2593 3038 2642 Καὶ
3072 2590 3383 2658 προχεῖται,
3419 2588 3588 2654 ἡγουν
3621 2577 4005 2646 ἐκπορεύεται,

2425 2692 2498 2751 ὡς
2528 2689 2636 2742 ἀπο
2674 2689 2862 2754 πηγῆς
2890 2683 2984 2736 τοῦ
3017 2683 3154 2734 Θεοῦ
3190 2681 3281 2732 καὶ
3319 2678 3555 2745 Πατρός.
3597 2672 3758 2725 Ἀλλὰ
3786 2670 3844 2720 τὸ
3877 2683 4008 2732 προ-ι

2427 2786 2604 2852 χεῖται
2640 2782 2773 2849 παρ’
2801 2779 2967 2830 αὐτοῦ
3000 2775 3251 2840 καθάπερ
3285 2769 3478 2840 ἀμέλει
3510 2766 3603 2818 καὶ
3647 2766 3711 2816 ἐκ
3755 2760 3848 2812 τοῦ
3895 2760 4007 2810 Πα-

2426 2849 2575 2944 τρδς,
2604 2876 2655 2928 τί
2681 2876 2747 2928 ἂν
2782 2875 2970 2939 νοήσοι
3003 2888 3085 2932 τις
3112 2887 3124 2930 ;
3161 2869 3222 2920 Εἰ
3252 2866 3360 2934 γὰρ
3410 2862 3471 2913 τὸ
3509 2860 3794 2929 προγεῖται
3823 2849 4010 2908 ἁπλῶς

2427 2971 2634 3035 ἔλεγεν,
2670 2963 2784 3034 εἶχε
2813 2966 3001 3035 χώραν
3046 2963 3176 3016 ἀλλο
3210 2979 3263 3011 τι
3310 2959 3451 3008 νοεῖν
3474 2971 3486 2983 ·
3546 2957 3595 3005 εἰ
3628 2952 3707 3012 δὲ,
3760 2945 4013 3009 καθάπερ

2428 3064 2622 3134 ἀμέλει
2658 3065 2752 3114 καὶ
2788 3064 2848 3112 ἐκ
2877 3059 2971 3111 τοῦ
3007 3056 3243 3123 Πατρὸς,
3275 3038 3538 3116 οὐδεμίαν
3584 3047 3859 3115 πρόφασιν
3889 3056 4017 3091 x1:-

2769 3156 3019 3209 ἐθέλουσι
3049 3152 3253 3217 λέγειν.
3314 3145 3419 3198 Καὶ
3447 3146 3473 3196 6
3508 3143 3682 3210 μέγας
3735 3135 4016 3193 Ιῖασίλειος

2433 3256 2593 3322 ἐντῷ
2637 3255 2758 3304 κατ’
2792 3249 3086 3315 Εὖνομίου,
3116 3247 3172 3296 ἐν
3205 3244 3288 3293 ἐνὶ
3331 3240 3439 3290 τῶν
3481 3233 3820 3302 κεφαλαίων,
3872 3221 3932 3279 οὗ
3983 3227 4015 3292 ἠ

2433 3348 2739 3418 ἐπιγραψὴ,
2775 3346 2898 3396 Ὀτι
2951 3343 3026 3402 ὡς
3065 3342 3091 3391 6
3131 3338 3255 3397 ΐίδς
3314 3333 3446 3402 πρὸς
3485 3331 3576 3383 τὴν
3629 3326 3846 3394 Πατέρα
3883 3323 4012 3388 ἔχει,

2430 3415 2581 3499 οῦτω-
2608 3445 2668 3496 τὺ
2707 3415 2946 3507 Πνεῦμα
2985 3435 3121 3506 πρὸς
3170 3433 3262 3484 τὸν
3293 3430 3444 3490 Υἱὸν,
3513 3423 3689 3491 φησί’
3729 3419 3824 3470 Διά
3861 3415 4019 3468 τοῦτο

2431 3543 2526 3595 καὶ
2558 3538 2693 3590 Θεοῦ
2737 3537 2833 3606 μὲν
2859 3535 3029 3598 Λόγος
3086 3531 3112 3581 6
3141 3527 3290 3588 Υίὺς,
3325 3524 3476 3591 ῥῆμα
3504 3521 3561 3572 δὲ
3584 3514 3716 3569 Υἱοῦ
3739 3515 3798 3565 τὸ
3849 3509 4017 3606 Ilva?-

2435 3648 2542 3703 μα·
2575 3601 2783 3696 ’Φέρων
2813 3626 2943 3694 γὰρ,
2981 3621 3138 3690 φησὶ,
3175 3618 3244 3670 τὰ
3292 3614 3489 3668 πάντα
3535 3608 3613 3674 τῷ
3643 3606 3865 3674 ῥήματι
3911 3601 4020 3665 τῆς

2431 3694 2744 3794 δυνάμεως
2778 3719 3001 3775 αὑτοῦ·
3043 3714 3137 3767 καὶ
3161 3710 3352 3777 ἐπειδὴ
3387 3707 3538 3774 ῥῆμα
3566 3701 3658 3756 τοῦ
3717 3697 3867 3760 Υἱοῦ,
3933 3694 4022 3745 διῖι

2433 3819 2592 3873 τοῦτο
2644 3817 2742 3883 τὴν
2804 3809 3084 3880 μάχαιράν
3135 3821 3271 3873 φησι
3317 3800 3413 3852 τοῦ
3460 3796 3798 3863 Πνεύματος,
3828 3791 3855 3844 ὅ
3904 3791 4022 3840 ἐστι

2436 3915 2588 3986 ῥῆμα
2611 3908 2744 3964 Θεοῦ
2767 3925 2778 3938 '
2818 3906 2976 3973 λόγος
3018 3901 3072 3952 δὲ
3112 3896 3248 3950 Θεοῦ
3282 3893 3377 3946 καὶ
3410 3892 3564 3960 ῥῆμα
3601 3889 3708 3950 ζῶν
3741 3885 3835 3935 καὶ
3863 3885 4020 3950 ἐνερο

2433 3976 2548 4077 γὸν.
2593 4007 2653 4057 Ὀ
2685 4003 2739 4054 δὲ
2798 4001 2952 4066 ἅγιος
2984 3993 3315 4062 Ἀμϐρόσιος
3368 3980 3433 4053 (ᾧ
3478 3987 3505 4037 6
3563 3983 3704 4042 θεῖος
3744 3976 4024 4035 Βασίλειος

2433 4070 2774 4158 ἐπιστέλλων
2801 4096 2988 4160 ἔλεγεν
3011 4106 3023 4120 ·
3061 4091 3196 4154 Ἀγε
3253 4084 3336 4153 δὴ,
3361 4075 3406 4134 ὧ
3441 4080 3701 4146 ἄνθρωπε
3737 4072 3832 4126 τοῦ
3861 4070 4022 4128 Θεοῦ,

2434 4195 2628 4265 ἐπειδὴ
2656 4194 2717 4245 οὑ
2757 4190 2889 4259 παρ’
2934 4183 3242 4254 ἀνθρώπων
3293 4175 3606 4247 παρέλαϐες
3645 4170 3677 4238 ἥ
3737 4165 4024 4234 ἐδιδάχθης

2436 4295 2496 4346 τὸ
2521 4260 2856 4355 Εὑάγγέλιον
2887 4281 2980 4334 τοῦ
3012 4277 3272 4347 Χριστοῦ,
3309 4271 3428 4324 ἀλλ’
3475 4267 3638 4324 αὑτός
3668 4281 3728 4315 σε
3765 4265 3792 4315 6
3823 4260 4027 4355 Κύριος

2435 4386 2545 4440 ἀπὸ
2573 4350 2696 4434 τῶν
2721 4375 2926 4447 κριτῶν
2958 4373 3057 4438 τῆς
3111 4367 3215 4435 γῆς
3253 4365 3344 4418 ἐπδ⁷
3415 4361 3515 4430 τὴν
3571 4356 3870 4427 προεδρίαν
3920 4350 4029 4401 τῶν

2438 4442 2772 4532 ἀποστόλων
2802 4464 3160 4539 μετέθηκεν),
3199 4453 3356 4520 οὗτος
3401 4457 3464 4524 δὴ
3523 4452 3661 4519 πρὸς
3724 4442 4030 4539 Γριτιανδν

2437 4573 2531 4627 τὸν
2569 4537 2813 4639 βασιλέα
2833 4567 2889 4616 ἐν
2913 4559 2990 4628 τῷ
3020 4558 3222 4626 πρώτῳ
3251 4550 3442 4622 βιϐλίῳ
3475 4546 3550 4615 τῷ
3585 4542 3719 4612 Περὶ
3748 4539 3841 4591 τοῦ
3869 4537 4030 4639 ἁγίου

2441 4628 2791 4730 Πνεύματος,
2831 4649 3115 4718 κεφαλαίῳ
3168 4644 3405 4711 δεκάτῳ,
3464 4636 3666 4706 φησιν*
3712 4630 3860 4685 Ἀλλ’
3909 4628 4033 4682 οὒτε

2438 4725 2664 4815 ἐπειδάν
2698 4755 2763 4806 ἐκ
2794 4748 2892 4805 τοῦ
2929 4744 3141 4814 Πατρός
3174 4739 3482 4806 ἐξέρχεται,
3527 4729 3634 4784 ἀπὸ
3685 4726 3853 4779 τόπου
3905 4725 4036 4775 dwa-

2439 4854 2632 4927 χωρεῖ,
2685 4848 2782 4902 καὶ
2845 4843 2979 4895 ὡσεὶ
3038 4839 3198 4904 σῶμα
3257 4830 3556 4902 χωρίζεται
3589 4822 3696 4879 ἀπὸ
3741 4821 4031 4922 σώματος·

2439 4910 2563 5003 διὲξ
2599 4910 2710 5013 γὰρ
2756 4944 2814 4994 ἐν
2855 4937 2932 5007 τῷ
2975 4932 3159 5002 Πατρὶ
3213 4927 3289 4987 ὼς
3336 4923 3498 4990 δῆθεν
3547 4920 3607 4970 ἐν
3667 4910 4034 5013 adipem-.61?

2437 5001 2504 5112 δὴ
2560 5001 2724 5107 adipi:
2778 5001 3259 5103 ἐμπερικλείεται.
3320 5015 3432 5070 Καὶ
3476 5013 3538 5064 τὸ
3589 5006 3824 5112 Slve-Cipi:
3869 5003 3924 5112 δὲ
3973 5001 4036 5054 τὸ

2442 5098 2602 5204 ἅγιον
2647 5098 2823 5202 ηνίκα
2849 5127 2912 5178 ἐκ
2974 5119 3071 5172 τοῦ
3130 5112 3348 5182 Πατρὸς
3395 5108 3491 5161 καὶ
3523 5103 3618 5157 τοῦ
3676 5100 3808 5204 Υίοῦ
3869 5098 4037 5204 ἐκπο-

2448 5230 2692 5305 ρεύεται,
2734 5222 2794 5275 οὐ
2827 5216 3132 5290 χωρίζεται
3191 5207 3287 5260 τοῦ
3343 5200 3581 5271 Πατρδς,
3645 5195 3706 5248 ού
3741 5190 4038 5263 χωρίζεται

3157 5303 3166 5305 Α
3308 5297 3359 5305 --
3661 5283 3892 5305 ,rr_-n...
3943 5277 4035 5305 -,:

2445 5283 2542 5379 τοῦ
2573 5283 2707 5374 Υίοῦ
2731 5335 2745 5349 ·
2779 5283 3042 5378 τίνα-γάρ
3071 5303 3276 5376 τρόπον
3303 5297 3530 5351 δύναται
3561 5283 3897 5379 χωρίζεσθαι
3943 5283 4036 5379 τοῦ

2447 5368 2701 5486 ἄνα-τρὺξ-
2725 5368 2954 5475 Πνεῦμα
2997 5368 3273 5468 στόματος
3309 5387 3475 5442 αὑτοῦ
3512 5383 3575 5438 δν
3597 5379 3674 5486 at
3699 5377 3917 5486 πάντως
3939 5368 4041 5486 1mi.

2441 5465 2888 5578 ζξξᾎῖὲῖότητοξ
2930 5465 3133 5562 δεῖγμά
3170 5491 3313 5549 ἐστι,
3349 5483 3445 5536 καὶ
3484 5478 3585 5545 τῆς
3626 5466 3883 5578 θὶότητοας
3928 5465 4040 5578 ιἐμ.-

2444 5560 2629 5677 ςράίνει
2656 5601 2757 5669 τὴν
2781 5560 3069 5662 ’ἑνότηταί
3098 5587 3160 5637 ’0
3202 5582 3359 5649 ἅγιος
3406 5571 3658 5677 Ἀγάθων
3689 5567 3748 5620 ἐν
3807 5564 3883 5666 τῇ.
3925 5560 4046 5663 ἐπι-

2661 5654 2850 5755 αύτοῦ,
2905 5654 2971 5757 ἢν
3025 5681 3161 5751 πρὸς
3214 5675 3314 5745 τὴν
3363 5671 3528 5740 ἁγίαν
3593 5664 3764 5728 ἕκτην
3824 5654 4045 5709 σύνοδον
