4470 6452
483 411 575 478 121
1725 413 2022 474 CONTRA
2069 412 2341 475 El‘llESl
2360 418 2491 479 UM.

3641 413 3738 476 1‘2‘2

471 535 707 603 ἔπεμψε,
738 536 887 605 παρά
927 535 1123 589 ἐκατὸν
1175 538 1381 589 είκοσιν
1435 538 1752 590 ἐπισκόπων
1797 539 2047 606 βεόαιου-
2077 530 2119 586 Α
2152 542 2215 593 ad

1972 556 2047 590 ›υ-
2077 530 2119 586 Α
2152 542 2215 593 ad
2248 540 2503 592 Orosium
2541 539 2791 592 scribens
2824 557 2835 590 :
2868 537 3130 605 Spiritus,
3163 535 3607 601 inqui!,sanetus
3633 548 3737 583 non

472 631 667 695 μένην,
708 630 835 694 περὶ
873 629 967 680 τοῦ
1001 631 1278 699 μακαρίου
1310 632 1682 696 Λύγουστίνου
1718 634 1895 684 τοιάδε
1949 635 2050 698 φά-

474 733 593 768 σκει
617 733 630 746 '
678 717 734 769 '0
771 718 1044 785 μακάριος
1076 723 1437 784 Αύγουστῑνος
1466 725 1490 772 6
1543 724 1876 791 ἐξοχώτατος
1901 725 2046 775 διδά-

475 808 708 866 σκαλος·
744 809 841 859 καὶ
897 809 1100 860 πάλιν·
1144 812 1200 862 ’0
1262 815 1575 879 σοφώτατος
1642 817 1741 877 τῆς
1785 817 2044 884 ἀληθείας

474 898 651 966 κήρυξ
683 901 710 951 6
748 900 1017 967 μακάριος
1067 904 1451 968 Αὐγουστίνος.
1497 899 1666 968 Οὗτος
1697 904 1788 959 οὖν
1815 910 1840 958 6
1868 908 2048 976 μακά-

475 1006 591 1057 ριος
646 990 1010 1059 Αύγουστίνος
1084 996 1219 1062 πρὸς
1291 995 1553 1064 Ὀρὼσιον
1622 998 1851 1066 γράφων
1906 999 2048 1051 οὕτω

471 1082 644 1147 φησί’
677 1082 750 1132 Τὸ
782 1083 1007 1150 Πνεῦμα
1039 1085 1100 1137 16
1131 1086 1288 1154 ἅγιον
1321 1090 1421 1139 οὐκ
1461 1090 1524 1139 ἐκ
1556 1089 1650 1140 τοῦ
1707 1090 1918 1158 Πατρὸς
1969 1091 2049 1151 είς

471 1172 562 1222 τὸν
588 1170 715 1222 Υίὸν
752 1174 1136 1242 ἐκπορεύεται,
1170 1180 1262 1228 καὶ
1298 1180 1359 1229 ἐκ
1392 1179 1484 1229 τοῦ
1522 1179 1651 1232 Υίοῦ
1684 1181 2047 1247 ἐκπορεύεται

473 1263 565 1312 ἐπὶ
592 1265 668 1326 τῷ
688 1265 914 1330 ἁγιάσαι
945 1268 1044 1333 τὴν
1072 1268 1272 1331 κτίσιν,
1306 1270 1420 1321 ἀλλ’
1457 1271 1574 1338 ἅμα
1606 1270 1665 1334 ἐξ
1717 1273 2050 1340 ἀμφοτέρων

472 1355 860 1423 ἐκπορεύεται.
902 1360 1015 1413 Καὶ
1049 1362 1208 1412 πάὶιν
1249 1366 1276 1414 6
1301 1366 1464 1427 αὐτὸς
1494 1367 1550 1416 ἐν
1583 1367 1660 1434 τῷ
1697 1371 1836 1419 κατά
1874 1369 2049 1433 Μαξί-

478 1449 632 1513 μίνου
670 1450 715 1516 γ’
756 1451 949 1520 βιϐλίῳ
990 1454 1158 1521 φησί·
1196 1457 1388 1522 Ζητεῖς
1426 1459 1554 1526 παρ’
1589 1460 1748 1527 ἐμοῦ,
1796 1461 1841 1511 εἰ
1870 1462 1929 1512 ἐκ
1952 1461 2049 1527 τῆς

472 1543 658 1604 οὑσὲας
690 1545 782 1596 τοῦ
828 1549 1039 1614 Πατρός
1077 1537 1228 1602 ἐάτιν
1262 1553 1288 1602 6
1338 1554 1487 1615 Υἱὸς,
1510 1556 1573 1606 ἐκ
1605 1557 1699 1623 τῆς
1731 1559 1919 1620 οὖσίας
1953 1561 2048 1612 τοῦ

473 1635 688 1702 Πατρός
721 1638 838 1688 ἐστι
870 1639 964 1690 καὶ
993 1641 1052 1690 16
1085 1643 1307 1710 Πνεῦμα
1337 1646 1397 1696 16
1432 1645 1612 1710 ἅγιον,
1658 1649 1746 1700 διὰ
1780 1650 1832 1700 τί
1866 1652 1891 1700 6
1950 1653 2050 1718 μὲν

473 1721 554 1788 εἷς
601 1731 749 1780 ἐστιν
785 1731 923 1792 Υἱὸς,
963 1733 1022 1786 16
1068 1735 1121 1784 δὲ
1158 1736 1346 1804 ἕτερον
1382 1741 1480 1788 οὐκ
1518 1740 1666 1792 ἔστιν
1707 1741 1870 1807 Υίόςς
1916 1743 2048 1796 Ἰδοὺ

474 1813 869 1912 ἀττοκρίνομαι,
904 1822 1006 1873 κάν
1038 1840 1096 1874 τε
1127 1823 1321 1897 λάϐῃς,
1359 1827 1459 1879 κάν
1490 1845 1548 1880 τε
1593 1831 1665 1900 μὴ
1697 1832 1865 1903 λάϐῃς
1901 1849 1914 1864 ·
1958 1833 2048 1887 Ἐκ

467 1903 566 1953 τοῦ
607 1905 824 1974 Πατρός
848 1911 995 1962 ἐστιν
1021 1912 1048 1962 6
1098 1887 1268 1978 “6;,”
1290 1887 1352 1968 ἐκ
1395 1919 1490 1969 τοῦ
1529 1887 1740 1992 Πάτρός
1785 1887 1898 1976 ἐστι
1951 1927 2044 1978 καὶ

468 1997 532 2046 16
564 1999 788 2066 Πνεῦμα
821 2002 880 2054 τὸ
917 2003 1075 2070 ἆγιον
1101 2025 1114 2038 ο
1149 2009 1264 2059 ἀλλ’
1313 2013 1520 2070 ἐκεῖνος
1567 2017 1850 2081 γεννητὸς,
1889 2015 2060 2070 τοῦτοί

469 2089 927 2157 ἐκπορευόμενον.
959 2097 1048 2147 Διὸ
1070 2098 1273 2160 ἐκεῖνος
1310 2103 1409 2166 μὲν
1450 2104 1576 2166 Υἱός
1615 2109 1728 2157 ἐστι
1781 2107 1873 2158 τοῦ
1934 2109 2043 2160 [Ια-

467 2181 617 2287 τοὺς.
652 2184 747 2287 άιρ⁹
779 2181 840 2238 οὗ
863 2191 1156 2261 ἐγεννήθη,
1214 2197 1377 2249 τοῦτο
1429 2199 1485 2251 δέ
1545 2201 1604 2252 16
1642 2203 1866 2269 Πνεῦμα
1919 2205 2048 2256 ἐκα-

469 2279 852 2380 τέρομ,δτι-ἐῖξ
904 2285 1234 2380 ἀμφοτέρων
1298 2294 1682 2355 ἐκπορεύεται.
1730 2296 1890 2348 Ἀλλὰ
1959 2295 2047 2350 διὰ

468 2376 625 2423 τοῦτο
662 2376 791 2442 περὶ
822 2376 1029 2430 ἐκείνου
1078 2379 1253 2447 λέγων
1317 2387 1344 2435 6
1389 2387 1518 2448 Υίδς
1582 2388 1722 2455 ἔφη·
1798 2389 1897 2442 Ἐκ
1942 2391 2047 2445 τοῦ

470 2469 709 2533 Πατρδς
737 2470 1150 2539 ἐκπορεύεται,
1170 2477 1250 2528 ὅτι
1275 2480 1300 2528 6
1328 2480 1514 2548 Πατὴρ
1546 2480 1645 2547 τῆς
1668 2484 2048 2550 ἐκπορεύσεως

468 2576 637 2610 αυτου
691 2563 840 2614 ἐστιν
871 2566 1114 2633 ἀρχηγός
1143 2583 1155 2596 ⁸
1207 2568 1262 2629 6;
1304 2571 1547 2622 τοιοῦτον
1605 2573 1732 2623 Υἱὸν
1768 2576 2045 2640 ἐγέννησε,

470 2657 564 2705 καὶ
601 2657 659 2705 ἐν
696 2657 771 2723 τῷ
799 2662 994 2726 γεννᾷν
1027 2660 1261 2711 δέδωκεν
1295 2663 1464 2729 αὐτῷ,
1497 2665 1580 2714 ἵνα
1619 2666 1709 2716 καὶ
1775 2667 1832 2729 ἐξ
1881 2668 2044 2719 αὐτοῦ

467 2745 835 2816 ἐκπορεύηται
870 2751 929 2802 16
972 2751 1198 2820 Πνεῦμα
1239 2753 1299 2804 16
1351 2755 1528 2821 ἀγιον.
1562 2757 1671 2810 Καὶ
1721 2761 1828 2826 γὰρ
1882 2760 1929 2809 εί
1975 2760 2047 2827 μὴ

467 2835 826 2906 ἐξεπορεύετο
849 2841 909 2892 16
952 2842 1179 2910 Πνεῦμα
1211 2845 1270 2896 16
1294 2844 1450 2911 ἅγιον
1481 2849 1574 2898 καὶ
1625 2847 1685 2910 ἐξ
1727 2848 1918 2908 αὑτοῦ,
1950 2850 2050 2902 οὐκ

465 2924 685 2981 ἂνεῖπε
745 2933 857 2993 τοῖς
922 2933 1227 3000 μαθηταῖς·
1282 2939 1505 2991 Λάϐετε
1561 2939 1805 3006 Πνεῦμα
1840 2941 2047 3009 ἄτιον-ο

469 3024 563 3074 καὶ
602 3023 766 3074 τοῦτο
808 3025 980 3077 ἐδίδου
1028 3028 1310 3096 ἐμφυσῶν,
1350 3032 1437 3083 ἵνα
1470 3034 1565 3084 καὶ
1598 3034 1728 3101 παρ’
1761 3033 1928 3087 αὑτοῦ
1963 3038 2054 3089 ἐκ·

467 3117 809 3186 πορεύεσθαι
865 3122 1226 3189 παραδηλῶν,
1283 3125 1840 3196 ἀποκεκα).υμμένως
1877 3131 2054 3198 ἐμφυ-

2156 638 2475 704 procedith
2498 634 2657 686 Patre
2685 633 2744 684 3d
2772 630 2992 684 Filium.
3019 638 3069 681 et
3093 644 3118 679 a
3146 627 3283 679 Filio
3308 625 3372 678 ad
3395 625 3738 678 sanctiﬁcan-

2153 731 2276 782 darn
2306 736 2611 779 creaturam
2641 743 2652 786 ;
2688 725 2779 777 sed
2817 723 2884 774 ali
2945 731 3181 786 utroque
3239 718 3405 769 simul
3469 714 3738 784 procedit.

2153 820 2364 872 Rursus
2388 819 2526 870 idem
2571 817 2705 868 libro
2737 817 2896 866 tertio
2937 824 3125 865 contra
3151 810 3441 860 Maximum
3487 825 3495 856 :
3529 805 3737 867 Quzrris

2153 929 2181 966 a
2214 927 2317 973 me,
2346 912 2388 963 si
2421 912 2483 962 de
2503 908 2812 962 subs’tantia
2842 905 3022 957 Patris
3048 915 3131 957 est
3161 901 3355 962 Filius,
3386 899 3450 950 de
3483 899 3708 950 stilistai.

2154 1005 2224 1056 lia
2249 1001 2425 1055 Patris
2454 1011 2537 1055 est
2566 1003 2735 1053 etiam
2763 997 3003 1063 Spiritus
3024 1008 3271 1054 sanetus,
3311 1006 3409 1043 cur
3462 1005 3604 1041 unus
3652 987 3734 1037 l’i-

2155 1095 2260 1148 lius
2286 1095 2378 1156 sit,
2407 1102 2459 1146 ct
2481 1092 2615 1144 alius
2646 1105 2754 1142 non
2779 1089 2848 1140 sit
2875 1085 3086 1137 Filius?
3117 1084 3251 1134 Ecce
3278 1079 3604 1147 respondeo,
3628 1076 3742 1126 sive

2153 1187 2358 1255 capias,
2382 1187 2493 1238 sive
2511 1182 2846 1247 noucapias:
2880 1176 2950 1228 De
2979 1177 3136 1228 Patre
3158 1183 3242 1226 est
3264 1169 3461 1231 Filius,
3483 1172 3547 1220 de
3580 1168 3740 1220 Patre

2153 1291 2232 1334 est
2267 1277 2502 1346 Spiritus
2529 1281 2788 1325 sanctus:
2815 1268 2905 1322 sed
2952 1267 3040 1319 ille
3063 1264 3278 1331 genitus
3299 1270 3404 1320 est,
3433 1262 3533 1312 iste
3555 1273 3700 1325 prom
3721 1283 3744 1292 -

2153 1368 2325 1428 deos;
2357 1362 2476 1415 ideo
2503 1360 2588 1412 illo:
2609 1359 2779 1410 Filius
2806 1365 2888 1408 est
2912 1355 3110 1415 Patris,
3150 1351 3216 1404 de
3235 1364 3336 1415 quo
3363 1357 3446 1401 est
3477 1348 3733 1414 genitus;

2153 1462 2252 1515 iste
2284 1468 2462 1511 autem
2506 1455 2746 1520 Spiritus
2779 1453 3084 1516 utriusque,
3116 1448 3373 1516 quoniam
3405 1447 3471 1498 ab
3515 1455 3744 1510 utroque

2154 1552 2418 1619 procedit.
2442 1548 2543 1601 Sed
2564 1548 2684 1600 ideo
2703 1559 2824 1598 cum
2844 1544 2910 1596 de
2942 1543 3033 1595 illo
3063 1541 3236 1594 Filius
3270 1539 3607 1603 loqueretur,
3634 1535 3740 1586 ait:

2157 1643 2229 1696 De
2245 1642 2404 1695 Patre
2421 1640 2652 1703 procedit
2674 1640 2716 1699 τ’,
2739 1637 2995 1704 quoniam
3021 1632 3178 1684 Pater
3214 1626 3583 1697 processionis
3624 1623 3744 1690 ejus

2154 1741 2237 1784 est
2253 1737 2463 1790 auctor,
2483 1728 2574 1794 qui
2596 1725 2756 1777 talem
2778 1722 2971 1775 Filium
2988 1720 3200 1788 genuit,
3221 1725 3274 1770 et
3295 1715 3567 1785 gignendo
3585 1713 3632 1765 ei
3653 1714 3746 1764 de-

2155 1823 2233 1877 dit
2257 1822 2491 1875 utetiam
2515 1819 2581 1871 de
2603 1819 2719 1885 ipso
2744 1815 3062 1883 procederet
3083 1811 3324 1878 Spiritus
3339 1817 3588 1862 sanctus.
3607 1803 3740 1855 Nam

2156 1914 2261 1968 nisi
2285 1913 2664 1981 procedcrctet
2689 1909 2753 1961 de
2779 1907 2918 1974 ipso,
2940 1920 3044 1956 non
3068 1903 3274 1955 diceret
3294 1898 3618 1964 discipulis:
3646 1897 3746 1946 Ac-

2155 2010 2311 2074 cipite
2333 2004 2590 2069 Spiritum
2608 2013 2847 2055 sanctum
2871 2001 2911 2029 ‘°
2934 2015 2946 2061 ;
2966 2009 3199 2063 euntque
3222 1991 3549 2044 insuliiando
3570 1988 3742 2050 daret,

2157 2111 2268 2155 uta
2287 2115 2345 2154 se
2363 2112 2583 2167 quoque
2599 2095 2894 2165 procedere
2915 2088 3256 2158 signiﬁcans,
3279 2094 3461 2151 aperte
3482 2082 3740 2133 ostende-

2156 2201 2235 2248 ret
2266 2191 2467 2253 ﬂando,
2498 2189 2644 2257 quod
2680 2185 2944 2256 spirando
2967 2183 3134 2235 daliat
3170 2179 3408 2232 occulte.
3441 2175 3581 2238 Quia
3613 2187 3745 2239 ergo

2158 2287 2203 2341 si
2229 2295 2567 2346 nasceretur,
2595 2297 2705 2336 non
2740 2287 2951 2333 tantum
2984 2277 3048 2328 de
3079 2273 3257 2334 Patre,
3288 2286 3388 2324 nec
3446 2276 3654 2322 tantum
3680 2266 3745 2318 de

2158 2381 2315 2444 Filio,
2347 2379 2442 2433 sed
2481 2380 2545 2431 de
2568 2375 2835 2429 ambobus
2866 2370 3052 2437 utique
3089 2374 3431 2424 nasceretur.
3497 2362 3616 2414 sine
3644 2359 3746 2411 du-

2161 2473 2249 2526 liio
2280 2469 2454 2523 Filius
2501 2467 2783 2520 diceretur
2829 2461 3142 2525 amborum.
3195 2456 3271 2507 Ac
3307 2469 3400 2520 per
3453 2451 3578 2509 hoc.
3610 2449 3738 2516 quia

2158 2561 2327 2615 Filius
2355 2561 2642 2613 amborum
2674 2555 2824 2607 nullo
2859 2552 3016 2606 modo
3047 2559 3149 2611 est,
3183 2563 3288 2599 non
3323 2545 3566 2614 oportuit
3589 2540 3741 2592 nasci

2159 2670 2281 2707 eum
2311 2653 2376 2706 de
2400 2650 2685 2704 anibolius.
2716 2645 3014 2698 Amborum
3051 2651 3136 2693 est
3165 2655 3297 2706 ergo
3351 2637 3593 2704 Spiritus
3621 2649 3748 2683 san-

2160 2758 2280 2802 ctus
2323 2741 2668 2812 procedendo
2707 2738 2775 2791 de
2811 2736 3102 2788 ambobus.
3136 2731 3198 2783 Et
3245 2730 3386 2783 iul'ra
3454 2731 3506 2780 in
3552 2725 3746 2778 eodem

2160 2840 2338 2909 capite
2373 2854 2386 2902 ;
2424 2837 2559 2889 satis
2592 2834 2662 2887 sit
2695 2845 2825 2898 ergo
2861 2829 3043 2892 nobis,
3074 2827 3203 2896 quia
3233 2839 3339 2876 non
3372 2832 3454 2874 est
3478 2836 3504 2871 a
3567 2817 3750 2884 seipso

2160 2932 2354 2990 Filius.
2376 2929 2470 2985 sed
2503 2929 2570 2981 ab
2606 2927 2723 2989 illo,
2756 2924 2822 2977 de
2844 2939 2952 2993 quo
2985 2931 3148 2974 natus
3180 2926 3261 2970 est
3294 2935 3305 2968 :
3354 2929 3459 2966 non
3487 2919 3572 2964 est
3607 2926 3632 2961 a
3666 2923 3753 2961 sc-

2164 3027 2282 3096 ipso
2312 3023 2552 3091 Spiritus
2586 3029 2835 3079 sanctus,
2871 3015 2964 3069 sed
3002 3014 3067 3066 ab
3107 3013 3201 3064 illo
3239 3010 3306 3062 de
3331 3022 3439 3074 quo
3470 3002 3750 3072 procedit;

2164 3128 2217 3174 et
2240 3119 2367 3187 quia
2391 3116 2456 3170 de
2492 3126 2723 3182 utroque
2762 3108 3035 3181 procedit,
3069 3107 3212 3159 sicut
3241 3103 3352 3170 jam
3387 3096 3751 3157 ostendimus,

470 3208 586 3259 σῶν
615 3210 898 3282 ἀποδείξῃ,
934 3213 1071 3280 ὅπερ
1124 3215 1305 3269 πνέων
1364 3191 1797 3290 κεκαλυμμένως
1825 3191 2048 3275 ἐδίδου.
2080 3212 2125 3273 C
2158 3227 2229 3266 υη

1988 3241 2048 3275 ιυ,
2080 3212 2125 3273 C
2158 3212 2302 3266 unde
2339 3216 2391 3261 et
2424 3206 2664 3277 Spiritus
2689 3202 2869 3257 Patris
2899 3200 3080 3254 dictus
3107 3204 3216 3256 est,
3245 3201 3356 3246 etc.
3384 3191 3625 3243 Sanctus
3661 3199 3753 3236 au-

481 3301 815 3372 Ἐπειδήπερ
845 3303 940 3356 οὖν
974 3307 1022 3356 εί
1057 3308 1339 3372 ἐγεννᾶτο,
1369 3311 1429 3362 οὐ
1462 3312 1625 3378 μόνον
1671 3315 1735 3366 ἐκ
1781 3313 1875 3366 τοῦ
1943 3317 2051 3368 Πα-

465 3396 618 3462 τρὸς,
650 3395 772 3448 οὔτε
809 3397 971 3465 μόνον
997 3399 1060 3451 ἐκ
1106 3401 1205 3452 τοῦ
1242 3402 1400 3465 Υίοῦ,
1450 3404 1564 3456 ἀλλ’
1615 3405 1674 3469 ἐξ
1723 3407 1930 3475 ἀμφοῖν
1965 3409 2056 3478 δή·

466 3488 769 3576 πουθενᾶν
797 3493 1080 3558 ἐγεννᾶτο,
1107 3495 1524 3566 ἀναντιῤῥήτως
1572 3499 1698 3561 Υἱὸς
1749 3501 1950 3567 ἀμφοῖν
1990 3503 2056 3556 ἂν

465 3580 710 3648 ἐ).ἑγετο’
743 3583 837 3635 καὶ
877 3583 964 3636 διά
996 3583 1176 3650 τοῦτο,
1233 3587 1348 3648 ῑὶὸς
1388 3590 1494 3660 γὰρ
1546 3590 1751 3658 ἀμφοῖν
1799 3593 2055 3661 οὐδαμῶς

467 3672 613 3725 εἶναι
649 3675 900 3739 δύναται,
936 3679 1038 3730 οὐκ
1067 3679 1173 3732 ἔδει
1205 3682 1538 3751 γεννηθῆναι
1570 3684 1702 3736 αὐτὸ
1749 3686 2052 3754 ἐξάμφοῖν.

480 3768 715 3836 Ἀμφοῖν
752 3770 862 3840 ἄρα
891 3772 1124 3840 Πνεῦμά
1185 3775 1356 3837 ἐστιν,
1393 3776 1831 3845 ἐκπορευόμενον
1862 3779 1920 3842 ἐξ
1949 3780 2056 3849 ἀμ-

467 3865 614 3927 φοῖν.
645 3864 752 3915 Καὶ
777 3865 1074 3933 κατωτέρω
1094 3867 1151 3916 ἐν
1177 3867 1254 3935 τῷ
1279 3868 1428 3936 αύτῷ
1456 3871 1748 3939 καφαλαίῳ
1771 3889 1785 3903 ·
1816 3873 2059 3941 ἀρκείτω

466 3953 651 4006 τοίνυν
685 3956 841 4024 ημῖν,
876 3956 960 4008 ὅτι
992 3959 1019 4009 6
1053 3958 1182 4020 Υίὸς
1212 3960 1313 4011 οὐκ
1345 3961 1494 4013 ἔστιν
1551 3963 1608 4026 ἐξ
1639 3964 1889 4034 ἑαυτοῦ,
1943 3967 2058 4021 ἀλλ’

466 4045 528 4108 ἐξ
551 4045 612 4098 οῦ
644 4047 911 4115 ἐγεννήθη
933 4065 946 4078 ’
981 4050 1083 4102 οὐκ
1114 4050 1262 4102 ἐστιν
1294 4052 1353 4115 ἐξ
1381 4053 1674 4108 ἐαυτοῦ.τὸ
1729 4057 1958 4126 Πνεῦμα
1999 4060 2060 4112 16

467 4139 652 4206 ἇγιον,
697 4140 814 4193 ἀλλ’
857 4141 916 4206 ἐξ
942 4142 1002 4195 οῦ
1048 4144 1415 4214 ἐκπορεύεται
1452 4163 1466 4176 ·
1503 4150 1598 4201 καὶ
1629 4150 1752 4202 ἐπεὶ
1793 4152 1922 4219 παρ’
1955 4152 2062 4220 ἀμ-

467 4232 721 4297 φοτέρων
779 4232 1165 4303 ἐκπορεύεται,
1221 4234 1295 4298 ὡς
1328 4237 1428 4304 ἤδη
1483 4237 1878 4306 ἀπεδείξαμεν,
1937 4241 2062 4292 ὅθεν

467 4322 703 4390 Πνεῦμα
766 4324 984 4394 Πατρδς
1043 4325 1303 4396 εἴρηταιο
1386 4329 1480 4380 καὶ
1538 4332 1606 4381 τὰ
1659 4332 1846 4386 λοιπά.
1902 4333 1961 4386 Ὀ
2005 4334 2061 4386 δὲ

467 4415 633 4480 ἅγιος
672 4416 1056 4483 Ἀναστάσιος,
1116 4422 1244 4489 περὶ
1296 4421 1356 4473 οῦ
1393 4423 1425 4490 ὴ
1467 4423 1599 4490 ἁγία
1655 4425 1790 4493 ἕκτη
1846 4426 2062 4488 σύνοδος

435 4508 625 4578 ,λέγει
651 4528 664 4540 ·
725 4511 1136 4582 Ἀποδεχόμεθα
1180 4514 1271 4566 τὸν
1324 4514 1482 4583 ἅγιον
1523 4518 1921 4573 Ἀναστάσιονο
1965 4524 2058 4574 καὶ

465 4601 748 4673 Θεόδωρος
777 4605 805 4656 6
846 4604 1161 4675 Μιλιτηνῆς
1199 4609 1479 4679 ἀπεκρίθη
1513 4625 1526 4639 ·
1567 4612 1760 4678 ’Ἂγιον
1790 4615 2061 4668 ἀποκαλεί

466 4696 624 4748 πᾶσα
668 4698 699 4764 ἡ
751 4696 1025 4768 Ἀνατολὴ
1062 4698 1257 4752 τοῦτον
1326 4703 1417 4753 τὸν
1468 4703 1568 4771 τῆς
1631 4706 1788 4767 ὀςίας
1839 4710 2060 4778 μνήμης

477 4788 866 4855 Ἀναστάσιον,
931 4790 1024 4843 τὸν
1097 4793 1396 4862 γενόμενον
1480 4796 1783 4850 ἐπίσκοπον
1855 4802 2061 4854 Ἀντιο-

463 4883 625 4953 χείας
647 4897 661 4913 ·
689 4885 782 4935 καὶ
819 4888 914 4936 τὸν
948 4886 1022 4952 μὴ
1072 4887 1369 4956 δεχόμενον
1404 4892 1570 4941 αὑτὸν
1599 4894 1625 4942 6
1671 4894 1805 4956 Θεδς
1865 4895 2063 4948 ἀναθε-

468 4976 706 5045 ματίσῃ.
761 4977 872 5030 Καὶ
917 4978 1122 5040 πάντες
1169 4979 1470 5050 ὁμοφώνως
1524 4980 1677 5035 εἷπον
1727 4987 1787 5036 16
1846 4989 2060 5058 Ἀμήν

464 5063 624 5130 οὗτος
649 5063 742 5121 οὖν
773 5070 800 5120 6
830 5069 987 5136 ἅγιος
1019 5069 1080 5122 ἐν
1113 5070 1190 5139 τῷ
1221 5072 1364 5142 λόγῳ
1395 5075 1589 5135 αὑτοῦ.
1627 5076 1687 5128 οῦ
1723 5079 1754 5147 ὴ
1795 5081 1892 5145 μὲν
1937 5084 2059 5133 ἐπι-

467 5161 686 5232 γραφὴ,
713 5161 852 5230 Περὶ
886 5161 1006 5216 τῶν
1041 5164 1170 5218 καθ’
1200 5164 1360 5234 ἡμᾶς
1387 5167 1582 5235 ὀρθῶν
1609 5169 1922 5239 δογμάτων
1955 5173 2064 5242 τῆς

463 5256 782 5322 ἀληθείας,
825 5255 942 5327 ήδέ
978 5259 1147 5328 ἀρχὴ,
1175 5261 1295 5312 Τῶν
1333 5264 1464 5330 περὶ
1516 5264 1616 5331 τῆς
1681 5266 1868 5333 ὑγιοῦς
1902 5270 2062 5339 ἡμῶν

462 5351 733 5449 ρτὶστεως,
761 5349 905 5449 οῦτω
955 5352 1128 5449 φησι·
1165 5353 1276 5406 Τοῦ
1329 5354 1385 5407 δέ
1425 5355 1682 5424 σώματος
1748 5361 1806 5412 16
1864 5363 2062 5433 ἰδίωμα

465 5439 727 5502 λαϐόντες
792 5443 870 5506 ὡς
927 5446 1308 5513 παράδειγμα,
1373 5448 1475 5518 τὴν
1533 5452 1916 5524 ἀλληλουχίαν
1943 5460 2049 5510 τῶν

2157 3316 2266 3362 tem
2331 3303 2680 3364 Anastasius,
2740 3297 2806 3351 de
2863 3311 2972 3364 quo
3021 3299 3210 3348 sancta
3258 3287 3504 3357 synodus
3553 3289 3706 3335 sexta
3739 3317 3754 3340 ,

2161 3399 2536 3467 Suscipimus,
2571 3392 2773 3462 inquit,
2809 3395 3059 3444 sanctum
3097 3381 3446 3436 Anastasium
3477 3373 3758 3438 ;et'l'|ieo-

2161 3493 2332 3546 dorus
2361 3487 2632 3542 Meliteuae
2664 3483 2958 3553 episcopus
2987 3474 3274 3544 reSpondit
3310 3490 3325 3527 :
3369 3469 3632 3523 Sanctum
3665 3478 3760 3513 vo-

2160 3595 2248 3638 cat
2278 3582 2570 3635 universus
2603 3575 2804 3631 Oriens
2825 3574 2973 3626 hunc
3006 3571 3178 3623 beatae
3208 3563 3488 3619 meruerim
3524 3563 3759 3610 Anasta-

2162 3678 2328 3738 sium,
2361 3672 2764 3726 Antioclienum
2801 3666 2930 3720 olim
2962 3663 3283 3731 episcopum
3325 3673 3338 3718 ;
3375 3664 3428 3707 et
3458 3652 3548 3719 qui
3616 3651 3761 3700 hunc

2163 3784 2268 3823 non
2302 3766 2517 3835 recipit,
2557 3763 2709 3816 illum
2747 3761 2893 3813 Deus
2925 3754 3398 3813 auatliematizet;
3426 3756 3480 3801 et
3533 3759 3762 3810 respon-

2164 3863 2365 3917 derunt
2405 3872 2600 3912 omnes
2638 3870 2746 3908 una
2784 3868 2942 3916 voce,
2972 3855 3143 3903 Amen
3185 3865 3200 3900 :
3239 3847 3329 3898 liic
3361 3857 3493 3909 ergo
3540 3848 3764 3893 sanctus

2165 3959 2217 4012 in
2251 3967 2525 4013 sermone,
2562 3950 2654 4020 qui
2693 3948 2993 4016 inscriptus
3065 3954 3171 4004 est,
3215 3940 3285 3992 De
3345 3938 3500 3991 rectis
3531 3950 3646 4003 qua?
3674 3948 3765 3982 nos

2166 4053 2430 4107 credimus
2450 4045 2785 4117 dogmatibus
2810 4040 3068 4101 veritatis,
3089 4037 3247 4104 cujus
3269 4033 3374 4086 tale
3395 4040 3480 4084 est
3512 4028 3762 4080 initium:

2166 4147 2367 4201 Eorum
2391 4155 2513 4212 qua:
2537 4139 2604 4193 de
2630 4147 2776 4191 recta
2809 4134 2912 4187 ﬁde
2930 4141 3141 4192 nostra,
3172 4129 3255 4182 sic
3280 4127 3388 4179 ait:
3411 4123 3487 4176 Ex
3515 4137 3581 4175 eo
3605 4132 3769 4190 porro

2166 4238 2311 4310 quod
2341 4234 2630 4307 proprium
2661 4228 2914 4298 corporis
2970 4233 3075 4286 cst,
3129 4223 3300 4290 petito
3345 4216 3623 4283 exemplo,
3674 4213 3769 4266 de-

2166 4329 2526 4388 clarat-imus,
2565 4321 2844 4394 quomodo
2887 4319 2940 4372 in
2979 4315 3184 4369 divinis
3217 4313 3452 4364 alterum
3513 4305 3659 4360 sitin
3693 4304 3771 4355 al-

2171 4435 2286 4478 tero
2314 4437 2380 4476 ex
2414 4417 2775 4488 proportione
2808 4419 2863 4466 et
2928 4406 3297 4463 similitudine
3364 4402 3762 4455 membrorum.

2172 4519 2285 4572 llac
2313 4517 2456 4571 enim
2482 4513 2695 4566 ratione
2721 4516 2776 4561 et
2800 4504 3027 4574 spiritus
3054 4501 3167 4554 oris
3192 4499 3332 4567 ejus,
3365 4496 3456 4548 Dei
3487 4492 3769 4553 νίιιοιίρυι,

2172 4611 2664 4680 Spiritussanctus
2698 4601 2924 4661 dicitur,
2962 4610 3086 4648 cum
3157 4608 3218 4646 os
3279 4592 3350 4645 sit
3413 4586 3766 4656 Unigenitus.

2174 4679 2239 4758 Et
2265 4716 2458 4757 rursus
2502 4717 2516 4754 :
2546 4696 2811 4765 Spiritus,
2837 4692 2932 4768 qui
2963 4689 3032 4744 ab
3064 4702 3128 4742 eo
3161 4683 3409 4755 procedit
3433 4690 3489 4736 et
3517 4679 3772 4739 mittitur,

2174 4814 2281 4851 non
2319 4810 2346 4848 a
2378 4794 2539 4848 Patre
2564 4788 2769 4852 solum,
2808 4784 2903 4839 sed
2946 4783 3112 4837 etiam
3146 4793 3171 4831 a
3217 4775 3382 4830 Filio.
3439 4773 3502 4826 Et
3549 4773 3775 4840 quihus-

2173 4891 2298 4944 dam
2318 4883 2659 4953 interpositis
2687 4899 2698 4933 :
2725 4879 2931 4948 Itaque,
2963 4875 3162 4942 inquit,
3189 4869 3454 4923 Dominus
3481 4864 3776 4918 ostendens

2174 4997 2300 5040 eum
2330 4997 2389 5036 se
2413 4993 2560 5040 esse,
2599 4989 2629 5028 a
2672 4988 2781 5042 quo
2823 4967 3044 5024 exsistit
3089 4963 3331 5034 Spiritus
3390 4957 3676 5012 iusulllans
3721 4955 3773 5006 iu

2176 5071 2485 5142 discipulos
2519 5067 2701 5122 aiebat
2732 5082 2745 5118 :
2783 5063 3015 5126 Accipite
3046 5057 3305 5126 Spiritum
3326 5063 3594 5108 sanctum.
3641 5048 3776 5101 Esse

2176 5177 2670 5245 porroserrnonem
2703 5160 2856 5214 illum
2913 5153 3082 5223 hujus
3143 5149 3412 5212 auctoris,
3478 5142 3776 5199 testabitur

2173 5239 2933 5328 honstantinOpolitanorum
2975 5249 3221 5319 synodus
3277 5251 3468 5298 contra
3540 5239 3777 5306 Aciudy-

2176 5376 2306 5416 num
2329 5357 2613 5412 celebrata
2641 5370 2652 5414 ;
2687 5349 2896 5418 profert
2925 5347 3071 5398 enim
3104 5340 3234 5396 inde
3295 5336 3642 5394 testimonia.
3668 5333 3776 5390 Te-

2175 5461 2277 5514 stis
2303 5453 2408 5509 erit
2431 5451 2595 5506 etiam
2628 5445 2787 5498 Nilus
2825 5438 3133 5496 Cabasilas.

465 5534 633 5589 θείων
691 5539 1117 5611 παρεστήσαμεν
1144 5540 1231 5593 διὰ
1293 5542 1392 5613 τῆς
1429 5543 1538 5597 τῶν
1579 5547 1758 5614 μελῶν
1824 5552 2119 5624 ἀναλογίας
2152 5571 2212 5607 τε
2245 5551 2340 5604 καὶ
2376 5543 2650 5604 εἰκασίας.
2709 5536 2896 5606 Ταύτῃ
2947 5533 3055 5602 γὰρ
3122 5530 3216 5583 καὶ
3269 5526 3484 5596 πνεῦμα
3549 5523 3754 5590 στόμα-

464 5651 566 5737 τοί
609 5652 814 5737 “T3”:
839 5635 999 5737 δηδῆν
1061 5638 1156 5692 τοῦ
1186 5640 1344 5702 Θεοῦ,
1379 5642 1438 5694 τὸ
1481 5643 1705 5715 Πνεῦμα
1738 5648 1798 5699 τὸ
1837 5648 1992 5716 ἆγιον
2044 5653 2294 5721 λέγεται,
2322 5645 2592 5712 στόματος
2624 5637 2777 5698 ὄντος
2802 5632 2900 5686 τοῦ
2958 5627 3333 5696 Μονογενοῦς·
3367 5626 3458 5678 καί
3489 5642 3499 5654 ’
3555 5620 3780 5687 Πνεῦμα

2471 5735 2478 5737 _
2587 5731 2611 5737 μ
2659 5730 2699 5737 _
2816 5727 2827 5737 ι
2958 5724 2998 5737 ιε
3017 5723 3031 5737 \
3057 5723 3068 5737 ι
3210 5723 3222 5737 \
3400 5720 3410 5737 ἱ
3462 5736 3480 5737 7
3526 5717 3543 5737 ,-
3616 5716 3676 5737 \‘!
3765 5729 3779 5737 .

464 5724 636 5782 πάλιν
675 5726 734 5790 ἐξ
755 5726 922 5782 αὑτοῦ
953 5726 1394 5800 ἐκπορευόμενον
1422 5736 1516 5787 καὶ
1544 5714 2038 5811 ἀποστελλόμενον,
2061 5714 2131 5796 οὐ.
2155 5740 2315 5812 μόνον
2341 5735 2496 5808 παρὰ
2520 5731 2614 5787 τοῦ
2659 5727 2894 5796 Πατρὸς,
2945 5723 3082 5778 ἀλλὰ
3133 5723 3230 5774 καὶ
3275 5720 3424 5789 παρὰ
3456 5717 3552 5771 τοῦ
3616 5714 3745 5769 Υῐοῦ
3765 5729 3779 5742 ·

540 5910 560 5942 ⁸
588 5906 746 5968 Joau.
777 5929 863 5974 xv,
892 5915 982 5968 20'.
1069 5916 1105 5943 ¹⁰
1133 5913 1288 5969 Joau.
1317 5932 1406 5981 xx,
1431 5917 1522 5970 “22.
