4470 6452
725 433 825 495 123

1602 436 1986 497 GREGORII
2024 437 2325 496 ΜΑΜΜΕ
2361 435 2468 498 CP.
2517 437 3037 500 PATRIARCIIE

3913 401 4011 500 1'24

726 549 820 598 καὶ
885 549 1021 608 μετὰ
1087 565 1250 602 τωα·
1303 549 1413 602 Καὶ
1483 550 1591 620 μὴν
1656 552 1913 621 δΚύριος
1972 553 2031 616 ἐξ
2086 550 2254 603 αὐτοῦ
2310 551 2526 614 δεικνὺς
2554 553 2686 606 αὐτὸ
2728 555 3020 624 ὑπάρχειν,
3050 554 3310 623 ἐμφυσῶν
3335 553 3444 616 τοῖς
3499 552 3695 607 ἑαυτοῦ
3735 553 4004 620 μαθητςῖς

722 643 905 698 ἔλεγε·
934 643 1153 697 Λάϐετε
1180 645 1420 713 Πνεῦμα
1443 644 1635 713 ἅγιον.
1663 647 1787 698 Ὅτι
1809 648 1865 699 δὲ
1892 646 2044 698 τοῦδε
2075 645 2650 716 ὀλόγος,μαρτυρήσει
2672 647 2764 700 καὶ
2785 649 2820 718 ἡ
2845 648 3112 718 σῦνοδοςή
3144 651 3289 702 κατὰ
3318 646 3653 708 Ἀκινδύνου,
3681 647 3991 715 μαρτυρίας

722 741 786 794 εκ
811 739 1003 792 τούτου
1043 743 1474 807 προκομίζουσα·
1518 744 1612 794 καὶ
1662 742 1768 811 κῦρ
1789 743 1980 802 Νεῖλος
2002 745 2029 794 6
2051 739 2394 799 Καϐασιλᾶς.

794 828 874 880 Ad
912 829 1027 881 haec
1074 827 1529 897 Epiphanius,de
1579 847 1691 898 quo
1728 840 1955 885 sanctus
1987 829 2316 885 Theodorus
2345 827 2391 882 Α

725 921 946 976 Studita
979 919 1045 974 ad
1081 921 1242 974 linem
1281 922 1510 976 secundi
1573 924 1658 976 sui
1719 924 1844 977 libri
1879 935 2073 980 contra
2129 925 2322 978 [cono-

725 1012 954 1067 machos
979 1013 1089 1065 ait:
1122 1011 1492 1080 Epiphanium
1522 1014 1734 1068 scimus
1768 1023 1822 1070 et
1848 1027 2102 1070 sanctum
2137 1025 2189 1069 et
2218 1016 2322 1068 iiii-

726 1106 1045 1159 raculorum
1100 1106 1308 1159 virtute
1340 1107 1663 1162 maximum.
1719 1107 1934 1163 Rursus
1961 1109 2100 1162 idem
2135 1108 2187 1162 in
2221 1125 2318 1162 sua

725 1197 790 1249 ad
827 1196 1160 1250 Naucratum
1186 1198 1441 1258 epistola,
1471 1212 1591 1266 quze
1622 1199 1701 1251 sic
1735 1199 1964 1266 incipit:
2006 1201 2190 1253 Altera
2221 1200 2318 1254 tibi

726 1288 925 1341 iterum
963 1290 1204 1350 cautela.
1229 1288 1304 1342 [ili
1347 1289 1582 1342 dilecte:
1619 1289 1688 1342 Ea
1714 1306 1867 1355 vero,
1904 1295 2105 1359 inquit.
2143 1308 2264 1357 qua:
2293 1307 2321 1341 ει

728 1398 813 1430 me
842 1382 1088 1447 quaesisti
1131 1381 1199 1435 de
1229 1383 1516 1436 hmrcseon
1546 1392 1597 1436 et
1631 1384 2022 1444 baptismatnm
2058 1384 2325 1437 Λίσονίδη-

729 1472 804 1524 tia
871 1473 1215 1541 singulatim,
1248 1475 1402 1543 plura
1445 1485 1575 1528 sunt
1633 1491 1795 1544 quam
1847 1477 2044 1530 modus
2077 1478 2325 1543 epistola:

732 1563 877 1617 l'crre
907 1566 1099 1631 possit.
1137 1566 1198 1619 Et
1228 1582 1454 1622 rursus:
1488 1567 1840 1634 Supert'lnum
1877 1579 1962 1622 est
2003 1584 2063 1620 ea
2096 1583 2326 1637 percen-

728 1670 874 1718 sere,
901 1671 1021 1721 quae
1053 1671 1080 1708 ε
1106 1657 1312 1711 tleil'ero
1349 1658 1659 1725 Epiphanio
1709 1659 1930 1713 inventa
1971 1669 2099 1714 sunt
2128 1669 2179 1714 et.
2231 1662 2324 1716 de-

727 1745 933 1812 scripta
967 1745 1314 1815 diligentius,
1354 1763 1516 1816 quam
1556 1751 1623 1803 ab
1655 1750 1765 1803 alio
1784 1750 1981 1819 quovis
2011 1752 2192 1805 l'atre.
2228 1751 2327 1806 Sa-

727 1852 885 1889 crum
921 1854 1050 1906 ergo
1087 1839 1155 1893 de
1212 1841 1522 1897 haeresibus
1583 1842 1783 1897 librum
1826 1845 1948 1912 ejus
2009 1847 2222 1911 evolve,
2270 1857 2324 1901 et

726 1943 850 1995 qum
883 1929 1026 1981 scire
1059 1931 1239 1997 cupis,
1273 1947 1567 2000 pernosces
1600 1935 1807 1988 omnia.
1871 1934 2070 1989 Sancta
2107 1952 2326 2004 quoque

725 2031 876 2070 seua
898 2020 1142 2088 synodus
1181 2030 1327 2074 tonio
1347 2031 1564 2090 quarto,
1590 2026 1810 2078 actione
1837 2025 2070 2092 decima,
2101 2029 2168 2079 de
2197 2044 2326 2082 san-

726 2119 818 2160 cto
845 2113 944 2165 hoc
970 2111 1044 2165 ita
1074 2113 1352 2182 loquitur:
1378 2114 1537 2169 Lecta
1554 2124 1683 2168 sunt
1703 2126 1754 2170 et
1781 2117 2322 2172 multorumaliorum

727 2201 1076 2268 testimonia,
1121 2221 1221 2259 nec
1262 2223 1370 2260 non
1414 2211 1776 2264 auctoritates
1810 2210 1985 2264 sancti
2034 2209 2322 2280 Epiphanii

725 2310 786 2349 ei
831 2295 1103 2362 Panariis,
1167 2317 1425 2356 sermone
1491 2305 1842 2371 sexagesimo
1881 2321 2050 2358 nono.
2107 2305 2324 2359 Rursus

725 2389 916 2444 eadem
941 2393 1184 2464 synodus
1211 2395 1326 2449 inec
1363 2396 1565 2450 habet:
1600 2397 1663 2451 Et
1698 2399 1990 2466 persuadet
2040 2400 2141 2453 hoc
2163 2398 2325 2453 nobis

725 2484 970 2538 eximius
1011 2484 1177 2541 Pater
1225 2496 1415 2542 nuster
1440 2487 1784 2558 Epiphanius
1834 2500 2072 2545 tractatu
2129 2501 2325 2546 contra

725 2571 982 2625 Arianos.
1020 2576 1222 2628 Sancta
1257 2577 1485 2646 insuper
1516 2579 1793 2648 generalis
1821 2581 2057 2650 septima
2080 2583 2327 2652 synodus

727 2666 948 2720 actione
981 2677 1168 2721 sexta:
1231 2669 1400 2734 Libri,
1439 2671 1643 2740 inquit,
1703 2675 1881 2728 sancti
1924 2672 2107 2730 Patris
2149 2675 2325 2731 nostri

730 2756 1052 2823 Epiphanii,
1086 2759 1422 2828 Ancoratus,
1459 2772 1512 2817 et
1548 2764 1743 2833 reliqui
1773 2765 2044 2818 notissimi
2077 2775 2204 2820 sunt
2229 2782 2327 2836 per

730 2856 902 2901 totum
936 2851 1148 2916 orbem,
1193 2863 1247 2908 et
1284 2869 1457 2909 sonus
1490 2870 1682 2909 eorum
1719 2854 1880 2924 longe
1914 2857 2132 2926 lateque
2159 2873 2326 2930 τοίαν

731 2953 840 3006 tur,
877 2954 929 2996 et
959 2945 1071 3002 fere
1103 2963 1198 3015 per
1249 2963 1441 3003 omnes
1498 2949 1768 3004 ecclesias
1799 2950 2143 3004 disseminati
2171 2961 2324 3007 sunt.

730 3032 920 3104 Itaque
947 3037 1034 3090 hic
1061 3040 1364 3093 sanctusin
1400 3039 1566 3092 dirtis
1609 3040 1789 3105 libris,
1829 3047 2070 3094 tractatu
2135 3041 2329 3096 adver-

728 3143 824 3181 sus
854 3129 1232 3185 Semiariazios
1268 3132 1319 3183 in
1350 3131 1599 3186 Panariis
1627 3149 1640 3184 :
1665 3132 1957 3198 Fatentur,
1985 3137 2186 3204 inquit,
2211 3135 2326 3190 dei-

733 3230 900 3273 tatem
928 3238 1092 3275 uuam
1126 3236 1171 3276 et
1201 3225 1572 3293 principatum
1611 3237 1662 3279 et
1687 3227 1991 3280 dominium
2019 3244 2326 3298 :personas

731 3321 939 3383 pariter
972 3317 1026 3370 in
1068 3319 1500 3387 pmprietatibus
1568 3321 1935 3390 hypustaticis
2000 3323 2086 3390 pie
2157 3339 2328 3393 agno-

729 3421 942 3476 scunt;
986 3411 1205 3465 Patrem
1257 3412 1310 3464 in
1345 3414 1627 3481 majestate
1657 3425 1886 3483 paterna
1927 3417 2323 3471 subsistentem

731 3505 1127 3576 intelligentes,
1156 3505 1358 3560 Filium
1417 3524 1638 3577 quoque
1674 3525 1780 3563 non
1815 3518 2026 3579 partem
2085 3512 2322 3581 aliquam
2355 3502 2398 3559 C

733 3598 938 3661 Patris.
972 3600 1066 3652 sed
1111 3600 1274 3667 plane
1308 3599 1616 3668 perfectum
1651 3618 1717 3656 ex
1781 3604 2025 3671 perfecto
2055 3615 2242 3658 natum
2277 3616 2329 3660 et

732 3690 1135 3745 subsistentem
1197 3705 1553 3760 asserentes;
1627 3706 1681 3747 et
1745 3695 2012 3765 Spiritum
2073 3709 2327 3752 sanctum

729 3800 894 3854 quem
921 3799 1084 3838 sacra
1112 3784 1404 3855 Scriptura
1442 3785 1788 3841 Paracletum
1817 3789 2092 3853 nominat,
2118 3805 2185 3843 ex
2223 3789 2328 3845 Pa-

731 3886 814 3930 tre
855 3893 951 3948 per
982 3876 1182 3932 Filium
1228 3880 1537 3935 subsistere
1572 3881 1982 3936 existimantes.
2018 3881 2080 3935 Et
2132 3884 2182 3936 in
2220 3885 2331 3936 An-

727 3983 923 4028 corato
952 3995 964 4029 :
1005 3972 1250 4044 Spiritus
1278 3987 1526 4041 sanctus,
1568 3975 1807 4045 Spiritus
1844 3979 2088 4031 veritatis
2108 3988 2213 4043 est,
2247 3979 2331 4034 lu-

731 4085 859 4123 men
896 4071 1147 4133 tertium,
1182 4085 1244 4124 ex
1274 4069 1438 4126 Patre
1468 4070 1706 4125 etFilio.
1741 4072 1803 4124 Et
1836 4083 1957 4140 post
1987 4088 2203 4141 pauca:
2239 4074 2329 4126 Si-

731 4175 822 4216 cut
844 4163 990 4216 enim
1024 4161 1194 4217 Nemo
1227 4165 1369 4218 novit
1402 4165 1621 4218 Patrem
1649 4166 1752 4218 nisi
1781 4163 1976 4229 Filius,
2001 4182 2093 4220 nec
2129 4164 2332 4220 Filium

732 4257 838 4308 nisi
873 4257 1041 4310 Pater
1065 4257 1139 4323 “,
1172 4259 1243 4314 ita
1273 4260 1479 4328 pariter
1495 4261 1681 4314 dicere
1705 4260 1905 4325 audeo,
1927 4277 2025 4314 nec
2043 4263 2330 4330 Spiritum,

731 4350 837 4403 nisi
876 4352 1036 4405 Pater
1055 4362 1108 4407 et
1131 4353 1332 4416 Filius,
1363 4369 1389 4406 a
1418 4370 1528 4424 quo
1554 4353 1804 4421 procedit
1827 4362 1878 4407 et
1906 4369 1934 4407 a
1965 4370 2074 4423 quo
2108 4357 2327 4423 accipit,

731 4457 833 4496 nec
869 4441 1070 4496 Filium
1126 4455 1180 4498 et
1209 4445 1451 4510 Patrem,
1488 4445 1598 4499 nisi
1669 4445 1912 4514 Spiritus
1981 4459 2211 4502 sanctus
2235 4448 2330 4518 qui

729 4550 858 4587 vere
899 4537 1200 4602 gloriﬁcat,
1236 4539 1327 4606 qui
1358 4538 1519 4592 docet
1543 4539 1751 4602 omnia,
1775 4545 1868 4608 qui
1908 4550 2042 4593 esta
2080 4540 2243 4595 Patre
2276 4550 2332 4596 et

729 4625 890 4681 Filio.
927 4629 992 4682 Et
1021 4645 1215 4684 rursus
1244 4648 1256 4683 :
1292 4631 1520 4700 Semper
1547 4633 1714 4700 igitur
1735 4643 1855 4687 erat
1898 4633 2079 4698 Pater,
2113 4649 2332 4704 semper

730 4732 850 4775 erat
885 4722 1080 4787 Filius,
1115 4735 1167 4779 et
1199 4723 1440 4792 Spiritus
1466 4740 1530 4778 ex
1562 4723 1725 4780 Patre
1761 4734 1817 4780 et
1872 4725 2013 4780 Filio
2061 4729 2328 4796 spiratus.

2502 832 2560 885 Ὀ
2583 835 2638 888 δὲ
2667 833 2825 904 ἅγιος
2867 836 3210 904 Ἐπιφάνιος,
3238 836 3371 904 περὶ
3404 827 3464 887 οῦ
3495 836 3522 886 6
3554 833 3711 900 ἅγιος
3739 832 4017 901 Θεόδωρος

2423 929 2450 978 ὁ
2485 926 2773 994 Στουδίτης
2815 928 2873 980 εν
2917 926 2994 996 τῷ
3024 927 3170 980 τέλει
3204 924 3300 978 τοῦ
3333 925 3379 993 β’
3430 923 3600 977 αὑτοῦ
3657 922 3869 992 βιϐλίου
3921 922 4016 974 τοῦ

2426 1018 2568 1072 κατὰ
2626 1018 3017 1090 Είκονομάχων
3062 1018 3234 1086 λέγει·
3328 1017 3657 1082 Ἐπιφάνιον
3707 1016 3868 1082 ῐσμεν
3921 1012 4015 1066 καὶ

2426 1113 2583 1177 ἅγιον
2615 1111 2711 1164 καὶ
2765 1111 3028 1179 μέγιστον
3064 1113 3121 1163 ὲν
3156 1109 3628 1179 θαυματουργίαις
3654 1123 3667 1137 ·
3704 1109 3797 1159 καὶ
3852 1106 4018 1158 πάλιν

2424 1205 2451 1254 6
2481 1203 2643 1264 αὐτὸς
2678 1204 2734 1255 ὲν
2765 1205 2830 1273 τῇ
2861 1202 3000 1271 πρὸς
3027 1202 3356 1270 Ναύκρατον
3385 1199 3641 1269 ἐπιστολῇ
3669 1197 3856 1260 αὐτοῦ,
3891 1191 3955 1266 ἦς
3985 1197 4016 1264 ἡ

2425 1295 2589 1362 ἀρχὴ,
2618 1295 2787 1348 Πάλιν
2814 1294 2975 1362 ἑτέρα
3009 1311 3090 1347 σοι
3125 1293 3363 1362 φυλακὴ,
3395 1294 3592 1344 τέκνον
3625 1290 4016 1358 ἠγαπημένον,

2428 1386 2617 1455 φησίν·
2667 1387 2736 1439 Ἀ
2771 1385 2826 1438 δὲ
2878 1385 3227 1454 ἱπεζήτησας
3282 1382 3662 1452 ἀποκριθῆναί
3699 1397 3766 1450 με
3799 1380 3927 1446 περί
3958 1395 4017 1429 τε

2427 1483 2536 1533 τῶν
2564 1480 2837 1550 αἱρέσεων
2890 1481 2984 1532 καὶ
3011 1480 3411 1549 βαπτισμάτων
3440 1479 3562 1531 κατ’
3611 1478 3762 1541 ἔπος,
3795 1478 4018 1528 επιστο-

2426 1572 2524 1639 λῆς
2572 1571 2895 1639 ὑπερϐαίνει
2949 1574 3152 1641 μέτρον
3179 1589 3192 1604 ·
3222 1572 3318 1625 καὶ
3363 1571 3562 1625 πάλιν·
3600 1569 4018 1640 Περιττολογεῖν

2426 1663 2546 1714 ἐστι
2576 1663 2642 1714 τὰ
2675 1663 2815 1714 αὐτὰ
2848 1663 3205 1731 ἀφηγεῖσθαι,
3257 1663 3293 1716 ἃ
3319 1664 3347 1714 6
3393 1662 3650 1730 θεοφόρος
3695 1659 4015 1726 Ἐπιφάνιος

2427 1751 2621 1818 ίξεῦρε
2651 1753 2745 1806 καὶ
2771 1753 3090 1822 διέγραψεν,
3135 1754 3211 1814 ὡς
3237 1754 3413 1815 οὐδεὶς
3449 1753 3561 1807 τῶν
3592 1752 3856 1820 Πατέρων
3881 1765 3894 1780 ·
3926 1749 4013 1801 εν-

2427 1859 2557 1911 τυχε
2587 1837 2682 1895 οὖν
2704 1845 2769 1911 τῇ
2817 1845 2948 1912 περὶ
2983 1844 3165 1896 αὐτῶν
3197 1845 3320 1914 ἱερᾷ
3345 1843 3513 1898 αὑτοῦ
3555 1840 3746 1911 βίϐλῳ,
3788 1841 4014 1894 κάκεῖσε

2427 1932 2705 2004 διαγνώσῃ
2751 1933 2788 1987 ἃ
2822 1936 3014 2002 μαθεῖν
3050 1934 3288 2002 ἐφίεσαι.
3333 1934 3398 1988 Ἦ
3421 1933 3476 1985 δὲ
3503 1933 3635 2000 ἁγία
3664 1929 4018 1998 οίκουμενικὴ

2427 2024 2562 2092 Εκτη
2591 2025 2806 2088 σύνοδος
2834 2027 2893 2079 ὲν
2919 2027 3073 2095 τόπῳ
3095 2027 3364 2095 τετάρτῳ,
3397 2024 3596 2093 πράξει
3628 2023 3852 2093 δεκάτῃ,
3888 2022 4017 2090 περὶ

2429 2116 2583 2170 τοῦδε
2617 2117 2710 2170 τοῦ
2763 2118 2922 2185 ἁγίου
2980 2119 3102 2172 τάδε
3149 2117 3347 2185 λέγει·
3417 2114 3869 2184 ’Δνεγνώσοησαν
3923 2112 4021 2165 καὶ

2429 2210 2606 2265 ἄλλων
2635 2209 2850 2264 πολλῶν
2882 2211 3206 2280 μαρτυρίαι,
3244 2209 3325 2263 ἔτι
3354 2211 3445 2262 καὶ
3473 2209 3698 2279 χρήσεις
3723 2204 3816 2259 τοῦ
3858 2203 4017 2271 ἁγίου

2443 2301 2768 2369 Ἐπιφανίου
2802 2302 2866 2353 ἐκ
2913 2300 3020 2353 τῶν
3066 2301 3402 2368 Παναρίων,
3453 2298 3562 2350 ἀπὸ
3597 2297 3756 2364 λόγου
3791 2290 3886 2359 ξαν
3926 2294 4019 2344 καὶ

2372 2454 2400 2484 θ,
2430 2395 2595 2448 πάλιν
2625 2396 2655 2464 ή
2689 2394 2831 2466 αὐτὴ
2860 2394 3029 2458 λέγει·
3072 2395 3184 2448 Καὶ
3207 2393 3447 2446 πειθέτω
3471 2392 3622 2459 ἡμᾶς
3643 2390 3670 2442 6
3707 2386 4018 2484 περιφανής

2412 2487 2622 2559 ’Πατὴρ
2652 2489 2809 2558 ήμῶν
2850 2486 3172 2555 Ἐπιφάνιος
3205 2488 3263 2539 ὲν
3291 2485 3368 2554 τῷ
3400 2485 3545 2538 κατὰ
3589 2479 4018 2552 Ἀρειομανιτῶν

2429 2580 2598 2650 λόγῳ.
2634 2583 2746 2635 Καὶ
2779 2581 2812 2650 ή
2845 2580 2978 2647 ἁγία
3004 2577 3360 2648 οίκουμενικὴ
3387 2577 3431 2642 ζ’
3459 2576 3676 2629 σύνοδος
3708 2577 3763 2626 ὲν
3791 2575 3856 2642 τῇ
3882 2571 4016 2641 ἒκτῃ

2431 2676 2630 2748 πράξει
2657 2673 2832 2745 αὐτῆς
2880 2673 3022 2728 οῦτω
3049 2673 3220 2741 λέγει·
3266 2672 3333 2725 Ai
3371 2670 3544 2741 βίϐλοι
3573 2668 3669 2721 τοῦ
3720 2668 3877 2734 ἁγίου
3910 2668 4020 2718 Πα-

2429 2769 2558 2839 τρὸς
2587 2767 2746 2838 ἡμῶν
2790 2766 3138 2834 Ἐπιφανίου,
3171 2765 3204 2834 ἦ
3239 2781 3299 2817 τε
3323 2763 3596 2832 λεγομένη
3630 2758 4016 2826 Ἀγκυρωτός,

2430 2861 2525 2914 καὶ
2560 2861 2618 2914 ai
2654 2859 2844 2913 λοιπαὶ
2873 2859 2956 2921 εἰς
2979 2860 3162 2911 πᾶσαν
3203 2856 3304 2932 τὴν
3349 2856 3678 2924 οἰκουμένην
3707 2851 4018 2918 διαϐεϐόην-

2428 2973 2537 3021 ται,
2572 2954 2667 3008 καὶ
2695 2956 2725 3008 6
2763 2954 3002 3023 φθόγγος
3044 2951 3229 3004 αὐτῶν
3287 2948 3575 3020 ἐξήχηται,
3617 2948 3712 3000 καὶ
3753 2945 3904 3015 παρὰ
3933 2963 4022 3014 μι-

2431 3047 2564 3117 κρδν
2611 3046 2753 3101 κατὰ
2800 3047 2990 3100 πᾶσαν
3011 3033 3358 3113 Ἐκκλησίαν
3401 3040 3805 3108 διεσπαρμέναι
3855 3036 4018 3092 εἰσίν.

2430 3141 2602 3204 Οὗτος
2625 3136 2720 3194 οὖν
2749 3141 2778 3193 ὁ
2822 3141 2980 3208 ἅγιος
3034 3139 3093 3193 ἐν
3125 3141 3240 3200 τοῖς
3296 3136 3615 3206 είρημένοις
3681 3132 3925 3203 βιϐλίοις,
3961 3133 4020 3183 ὲν

2433 3235 2532 3304 μὲν
2556 3236 2670 3296 τοῖς
2703 3234 3030 3303 Παναρίοις
3060 3233 3124 3284 ἐκ
3158 3228 3252 3283 τοῦ
3290 3229 3434 3282 κατὰ
3492 3225 3830 3296 Ἥμιαρείων
3853 3224 4020 3290 λόγου

2431 3327 2618 3396 φησίν·
2659 3325 3022 3396 Ὀμολογοῦσι
3071 3323 3204 3394 μίαν
3235 3323 3468 3391 θεότητα
3495 3320 3591 3372 καὶ
3623 3315 3901 3389 βασιλείαν
3928 3316 4024 3367 καὶ

2429 3422 2648 3490 ἀρχὴν·
2699 3420 2908 3488 ὁμοίως
2933 3419 3000 3471 τὰ
3050 3418 3322 3486 πρόσωπα
3367 3417 3424 3468 ὲν
3457 3415 3578 3476 ταῖς
3638 3412 3862 3480 ίδιότησ.
3914 3408 4024 3460 τῶν

2434 3512 2792 3566 ὑποστάσεων
2824 3511 3070 3574 εὐσεϐῶς
3100 3510 3456 3580 γνωρίζουσι·
3492 3507 3584 3558 τὸν
3618 3504 3837 3574 Πατέρα
3869 3502 3926 3553 ἐν
3955 3501 4025 3569 τῇ

2433 3610 2680 3679 πατρικῇ
2715 3607 2981 3678 αὐθεντίᾳ
3023 3606 3322 3674 ὑφεστῶτα
3349 3603 3622 3666 νοοῦντες,
3663 3600 3754 3652 καί⁵
3778 3599 3868 3650 τὶν
3897 3596 4027 3649 Υίὸν

2432 3707 2493 3758 οὗ
2547 3705 2713 3778 μέρος
2761 3705 2891 3756 ὅντα
2943 3703 3039 3756 τοῦ
3080 3702 3316 3768 Πατρὸς,
3366 3699 3500 3752 ἀλλὰ
3531 3695 3790 3763 καθαρῶς
3822 3693 4027 3744 τέλειον

2432 3800 2496 3850 ὲκ
2530 3797 2740 3851 τελείου
2791 3795 3198 3865 γεγεννημένον
3226 3793 3320 3847 καὶ
3354 3789 3648 3861 ὑφεστῶτα
3700 3783 4030 3855 ὁμολογοῦν.

2432 3909 2560 3952 τες·
2605 3894 2696 3944 καὶ
2740 3891 2799 3942 τὸ
2852 3889 3079 3958 Πνεῦμα
3113 3887 3168 3940 δὲ
3212 3887 3273 3938 τδ
3300 3886 3476 3953 ἅγιον,
3528 3883 3555 3935 ὃ
3600 3883 3632 3949 ή
3663 3880 3783 3933 θεία
3835 3875 4026 3944 Γραφὴ

2435 3983 2797 4053 Παράκλητον
2829 3981 3112 4048 ὀνομάζει,
3140 3981 3201 4032 ὲκ
3237 3976 3450 4046 Πατρδς
3483 3976 3552 4028 δι’
3577 3971 3706 4026 Υἱοῦ
3740 3970 3839 4038 ὑφε
3855 3969 4028 4019 ατῶτα

2434 4078 2823 4147 γνωρίζοντες.
2860 4076 2948 4127 Ἐν
2971 4074 3029 4128 δὲ
3057 4073 3135 4142 τῷ
3183 4067 3562 4140 Ἀγκυρωτῷ·
3598 4065 3824 4134 Πνεῦμα
3850 4062 4025 4128 ἆγιον,

2435 4171 2661 4238 Πνεῦμα
2695 4168 2957 4238 ἀληθείας
3004 4168 3141 4230 ἐστὶ,
3186 4164 3304 4233 φῶς
3357 4164 3558 4233 τρίτον,
3608 4157 3764 4228 παρὰ
3812 4153 4027 4220 Πατρὸς

2433 4266 2528 4318 καὶ
2562 4262 2693 4316 Υίοῦ
2716 4277 2730 4291 ⁸
2769 4263 2865 4314 καὶ
2900 4261 3019 4328 μετ’
3043 4259 3201 4326 ὀλίγα
3230 4275 3244 4289 ·
3302 4260 3399 4309 Ὃν
3423 4257 3532 4323 γὰρ
3561 4252 3767 4323 τρόπον
3813 4246 4028 4310 Οὐδείς

2432 4355 2589 4422 ἔγνω
2612 4354 2718 4406 τὸν
2742 4352 2977 4418 Πατέρα
3004 4351 3057 4403 εί
3099 4349 3179 4416 μὴ
3208 4353 3238 4402 ό
3265 4349 3416 4412 Υίὸς,
3467 4344 3612 4398 οὐδὲ
3645 4345 3754 4396 τὸν
3810 4341 3946 4393 Υίὸν
3977 4338 4031 4389 ει

2428 4446 2515 4517 μὴ
2572 4449 2605 4500 ό
2663 4445 2889 4513 Πατὴρ,
2942 4443 3084 4495 οὓτω
3155 4441 3342 4510 τολμῶ
3401 4440 3582 4505 λέγειν
3645 4437 3724 4488 ὅτι
3793 4433 3914 4485 οὐδὲ
3970 4430 4032 4482 τὸ

2437 4539 2692 4609 Πνεῦμα,
2727 4541 2775 4591 εί
2806 4540 2879 4607 μὴ
2915 4541 2941 4590 6
2974 4537 3167 4603 Πατὴρ
3205 4537 3300 4586 καὶ
3336 4536 3362 4586 6
3406 4532 3534 4593 Υἱὸς
3559 4571 3572 4594 ,
3607 4528 3739 4598 παρ’
3769 4526 3829 4578 οῦ
3866 4531 4030 4576 ὲκπο-

2438 4633 2686 4705 ρεύεται,
2726 4636 2821 4686 καὶ
2859 4629 2993 4701 παρ’
3036 4629 3096 4682 οῦ
3133 4627 3427 4697 λαμϐάνει·
3466 4625 3562 4678 καὶ
3609 4623 3732 4676 οὐδὲ
3765 4621 3855 4672 τὸν
3899 4617 4030 4670 Υίὸν

2437 4731 2532 4782 καὶ
2563 4727 2655 4779 τὸν
2694 4726 2936 4794 Πατέρα,
2966 4725 3014 4776 εί
3053 4723 3128 4792 μὴ
3175 4722 3236 4774 τὸ
3273 4718 3498 4786 Πνεῦμα
3532 4717 3593 4769 τὸ
3641 4718 3818 4784 ἆγιον,
3856 4711 3916 4765 τὺ
3947 4711 4032 4763 δο-

728 4816 919 4885 Itaque
963 4817 1324 4886 perspicuum
1360 4826 1444 4872 est
1474 4827 1528 4872 et
1555 4819 1718 4888 plane
1774 4819 2155 4884 manifestum,
2211 4829 2265 4874 et
2304 4836 2331 4874 a
2364 4860 2414 4920 Β
2443 4822 2493 4887 ξέ

2264 4861 2265 4866 η
2304 4836 2331 4874 a
2364 4860 2414 4920 Β
2443 4821 2604 4887 ξάζον
2633 4818 2874 4889 ἀληθῶς,
2933 4817 2992 4905 τρ
3022 4817 3280 4869 διδάσκον
3322 4815 3390 4866 τὰ
3451 4812 3651 4872 πάντα,
3695 4808 3724 4860 ὃ
3761 4801 4029 4920 παραιτοῦ

729 4913 889 4966 nobis
920 4922 975 4964 et
1027 4926 1056 4964 a
1093 4912 1303 4966 Latinis
1342 4927 1530 4966 vocem
1595 4912 1769 4977 illam,
1813 4912 1992 4966 Etiam
2046 4928 2110 4966 ex
2170 4911 2332 4978 Filio,

726 5005 1077 5074 desumptam
1111 5020 1234 5059 esse
1265 5019 1294 5060 a
1327 5005 1655 5060 doctoribus
1678 5015 1732 5060 et
1769 5005 2081 5075 theologis:
2114 5022 2181 5061 ex
2213 5008 2334 5075 qui-

726 5098 830 5153 bus
857 5106 1066 5154 szinctz
1106 5099 1307 5170 synodi
1346 5100 1726 5162 oecumeuicaa,
1753 5099 1885 5153 dum
1916 5100 2149 5169 qumstio
2181 5103 2335 5155 theo-

727 5193 902 5264 logica
927 5200 1282 5258 tractaretur,
1311 5192 1647 5247 adhibebant
1683 5193 2028 5258 testimonia,
2068 5202 2128 5247 ut
2157 5193 2335 5263 expli-

725 5297 913 5343 catum
942 5298 1049 5346 est.

2443 4914 2656 4984 Πατρὸς
2690 4912 2786 4964 καὶ
2817 4914 2882 4964 ἐκ
2912 4895 3008 4964 τοῦ
3059 4907 3192 4960 Υίοῦ
3218 4921 3233 4936 ⁶
3293 4908 3387 4958 καὶ
3443 4903 3578 4972 μετά
3617 4917 3741 4954 τινα
3767 4916 3780 4931 ·
3837 4895 4033 4950 Τοίνυν

2441 5009 2632 5078 Πατὴρ
2666 5002 2734 5077 ἦν
2768 5007 2878 5068 ἀεὶ,
2932 5005 3030 5058 καὶ
3059 5003 3188 5064 Υἱὸς
3219 4996 3288 5071 ἦν
3333 5000 3440 5063 ἀεὶ,
3473 4997 3568 5052 καὶ
3617 4995 3677 5047 τὸ
3708 4991 3933 5059 Πνεῦμα
3969 4990 4033 5040 ὲκ

2435 5102 2532 5156 τοῦ
2573 5100 2790 5171 Πατρὸς
2819 5101 2914 5154 καὶ
2947 5096 3080 5151 Υίοῦ
3107 5097 3286 5150 πνέει.
3327 5091 3604 5164 Πρόδηλον
3643 5084 3737 5142 οὖν
3775 5089 3893 5139 ἔστι
3939 5083 4037 5136 καὶ

2439 5195 2699 5265 φανερὸν,
2727 5194 2810 5246 ὅτι
2843 5193 2936 5246 καὶ
2967 5191 3131 5263 ήμείς
3178 5207 3236 5242 τε
3263 5188 3357 5242 καὶ
3386 5188 3435 5240 οἱ
3475 5185 3697 5239 Λατῖνοι
3733 5177 3898 5247 παρὰ.
3925 5175 4035 5228 τῶν

2437 5287 2780 5343 διδασκάλων
2812 5287 2906 5339 καὶ
2939 5283 3208 5353 θεολόγων
3237 5282 3338 5351 τῆς
3375 5275 3731 5347 Ἑκκλησίας,
3763 5274 3822 5327 τὺ
3852 5271 3946 5325 καὶ
3973 5270 4038 5320 ὲκ

724 5383 822 5436 τοῦ
850 5385 1007 5453 Υίοῦ,
1040 5384 1454 5457 παρελάϐομεν·
1481 5384 1542 5451 ἐξ
1573 5378 1648 5439 ὧν
1717 5388 1814 5439 καὶ
1873 5384 1927 5438 al
1968 5384 2146 5452 ·ἆγιαι
2213 5384 2598 5453 οἰκουμενικαὶ
2653 5381 2861 5436 σύνοδοι
2926 5377 3260 5451 μαρτυρίαις
3310 5376 3403 5428 ἐπὶ
3449 5373 3678 5444 ζητήσει
3723 5361 4037 5434 θεολογικοῦ

727 5483 1063 5552 πράγματος
1097 5485 1493 5555 προεκόμιζον,
1524 5484 1600 5546 ὡς
1634 5480 2060 5552 προδεδήλωται.

1415 5581 1662 5639 EPHES.

804 5677 872 5734 Et
928 5694 1054 5733 cum
1105 5677 1221 5736 illis
1288 5679 1514 5752 quidem
1579 5678 1734 5732 licite
1802 5691 1867 5731 ac
1924 5673 2334 5732 rationabiliter

734 5772 912 5830 fuisse
955 5773 1268 5845 appositum
1340 5773 1602 5846 Syniboto
1651 5773 2085 5829 additamentum
2144 5771 2331 5833 aiunt;

817 5951 857 5989 “
882 5951 1078 6012 Matth.
1112 5967 1190 6022 XI,
1226 5955 1318 6010 9.7.

3152 5563 3348 5622 ΕΦΕΣ.

2514 5667 2628 5722 Καὶ
2660 5665 2778 5736 μετ’
2819 5663 3046 5718 ἐκείνων
3080 5660 3180 5732 μὲν
3225 5657 3468 5730 Θεμιτῶς
3525 5657 3620 5709 καὶ
3668 5653 3908 5719 εὐλόγως
3937 5651 4041 5721 τὴν

2453 5763 2783 5835 προσθήκην
2833 5763 2893 5814 ἐν
2927 5757 3008 5829 τῷ
3050 5754 3311 5826 συμϐόλῳ
3357 5752 3648 5822 γεγονέναι
3695 5749 3870 5820 φασί·
3917 5746 4041 5821 μεθ’
