4470 6452
483 404 586 464 125

1722 399 2017 458 CONTRA
2064 401 2485 462 EPHESIUM.
3609 400 3704 463 1Ξῦ

479 515 639 584 ἡμῶν
667 515 723 568 δὲ
753 513 936 581 λέγειν
966 514 1168 583 ταύτην
1197 514 1257 566 οὐ
1299 512 1688 579 καταδέχονται
1717 528 1731 542 ο
1771 513 1948 562 καίτοι
1983 529 2044 575 γε
2074 509 2119 565 Α
2152 514 2244 564 nol

1936 531 1948 562 L
1983 529 2044 575 γε
2074 509 2119 565 Α
2152 513 2594 567 nobiscum-vero
2623 514 2758 567 illud
2780 512 3090 582 exprimere
3124 513 3439 581 neutiquam
3481 512 3701 573 volunt;

477 610 539 660 τὸ
569 608 801 674 θεμιτῶς
833 610 925 659 καὶ
963 606 1200 672 εὐλόγως
1230 609 1522 674 γενόμενον
1567 607 1649 666 τίς
1673 606 1738 655 ἀν
1768 607 2039 672 παραιτήο

481 714 634 752 σαιτο
666 699 757 765 λὲγ
766 717 846 750 ειν
879 716 892 761 ;

1155 791 1359 843 ΔΠΟΛ.

551 876 624 927 Τὸ
657 877 754 944 μὲν
784 877 876 928 οὖν
901 877 1138 945 θεμιτῶς
1164 880 1255 930 καὶ
1286 880 1522 946 εὐλόγως
1555 881 1722 945 λέγει,
1770 882 1828 932 τὸ
1848 883 1900 934 δὲ
1936 891 2040 952 πρδ

476 969 666 1021 τούτου
694 972 1050 1038 παρασιωπᾷ·
1085 971 1239 1022 ποῖον
1268 970 1329 1039 δὴ
1357 971 1547 1034 τοῦτος
1584 972 1655 1024 Τὸ
1676 973 1770 1040 τὴν
1799 973 1905 1024 τῶν
1942 977 2040 1042 ῥη-

480 1061 667 1128 μάτων
685 1063 908 1114 ὲκείνων
930 1063 1231 1124 ἀνάπτυξιν
1252 1063 1371 1129 τὴν,
1387 1064 1477 1115 καὶ
1498 1064 1561 1116 ἐκ
1585 1065 1679 1116 τοῦ
1709 1066 1859 1126 Υίοῦ,
1881 1068 2040 1135 χάριν

474 1151 571 1203 τοῦ
607 1153 708 1219 τὴν
750 1153 1012 1218 ἀλήθειαν
1057 1155 1476 1221 σαφηνισθῆναι,
1520 1157 1763 1224 ἀνάγκης
1786 1159 1901 1210 τότε
1926 1161 2040 1210 ἐπι-

476 1243 774 1310 κειμένης’,
844 1244 1081 1312 θεμιτῶς
1135 1247 1229 1298 καὶ
1265 1247 1499 1314 εὐλόγως
1556 1251 1613 1300 ἐν
1662 1251 1739 1318 τῷ
1791 1251 2042 1321 συμϐόλῳ

476 1332 869 1399 προστεθῆναι.
899 1333 963 1386 Τί
991 1330 1083 1387 οὖν
1109 1350 1124 1399 ;
1156 1338 1338 1388 πᾶσαν
1384 1337 1685 1402 ἀνάπτυξιν
1727 1339 1824 1392 καὶ
1862 1342 2040 1410 σαφή-

475 1440 625 1476 νειαν
657 1425 868 1495 ἀνάγκη
899 1426 984 1478 ἀεὶ
1007 1429 1361 1497 προσκεῖσθαι
1384 1430 1459 1497 τῷ
1489 1431 1744 1502 κειμένῳ,
1808 1437 1898 1486 καὶ¹
1934 1429 2040 1508 χω·
2070 1432 2075 1436 ’

479 1516 563 1581 ρὶς
582 1516 787 1584 ταύτης
817 1517 892 1583 μὴ
926 1518 1391 1584 ἀναγινώσκεσθαι
1415 1520 1476 1573 τὸ
1497 1528 1748 1592 κείμενον
1769 1529 1860 1590 τῆς
1894 1529 2042 1590 θείας

475 1605 732 1674 Γραφῆςῖ
766 1605 844 1660 Ἦ
873 1608 959 1661 διά
984 1612 1045 1662 τὸ
1075 1611 1150 1680 μὴ
1177 1612 1647 1679 ἀναγινώσκεσθαι
1670 1615 1812 1668 οὕτω
1837 1635 2042 1687 συνημ-

478 1695 678 1763 μένως,
708 1699 769 1749 ού
823 1700 1064 1766 θεμιτῶς
1113 1703 1207 1754 καὶ
1259 1705 1494 1770 εὐλόγως
1523 1706 1756 1774 ἐροῦμεν
1781 1708 1876 1776 τὴν
1909 1711 2040 1761 ἀνά-

477 1787 670 1853 πτυξιν
698 1792 977 1855 γεγονέναι
1007 1793 1097 1844 καὶ
1144 1795 1242 1863 τὴν
1277 1799 1576 1864 σαφήνειαν
1628 1798 1726 1867 τὴν
1772 1799 1909 1867 μετά
1939 1799 2033 1852 τοῦ

474 1879 732 1944 κειμένου
767 1882 1089 1950 ήνωμένην;
1118 1886 1228 1938 Καὶ
1256 1887 1335 1947 τίς
1369 1888 1435 1938 ἂν
1475 1888 1633 1940 τοῦτο
1662 1889 1778 1957 ἐρεῖ
1822 1891 1912 1942 νοῦ
1947 1892 2032 1943 καὶ

473 1974 692 2041 φρενῶν
723 1973 945 2044 κύριοςς
965 1975 1155 2046 Ἡμεῖς
1177 1978 1287 2048 γάρ
1318 1979 1563 2049 ἔγνωμεν
1588 1981 1686 2049 τὴν
1716 1987 1773 2034 ὲν
1803 1985 1880 2052 τῷ
1901 1985 2052 2038 κατάε

485 2065 740 2133 Ἰωάννην
771 2068 1086 2138 Εὐαγγελὶῳ
1115 2071 1408 2139 δεκάλογον
1442 2076 1596 2143 παρά
1625 2075 1907 2128 Βασιλείου
1945 2075 2037 2128 τοῦ

472 2159 729 2224 Μεγάλου
787 2161 1214 2230 σαφηνισθεῖσαν
1244 2182 1257 2196 ·
1304 2168 1398 2219 καὶ
1443 2168 1505 2219 τὸ
1536 2167 1666 2221 αὐτὸ
1717 2169 1862 2224 ἀπαν
1897 2171 2038 2241 ἱερὸν

470 2251 804 2333 Εὑαγγέλιον
859 2256 1008 2324 παρά
1071 2259 1319 2311 Ἰωάννου
1378 2259 1471 2312 τοῦ
1507 2260 1895 2329 Χρυσοστόμου
1939 2267 2039 2331 την

471 2344 777 2409 σαφήνειαν
831 2343 1173 2413 δεξάμενον,
1230 2350 1325 2401 καὶ
1390 2349 1541 2418 παρά
1589 2351 1682 2401 τού
1748 2350 2036 2404 θεσπεσίου

469 2433 744 2499 Κυρίλλου
781 2437 871 2486 καὶ
901 2436 1110 2488 ἀλλων·
1145 2439 1260 2489 ἀλλ’
1306 2439 1363 2490 ού
1399 2442 1538 2508 μετά
1586 2442 1686 2510 τῆς
1723 2443 2038 2511 ἐξηγήσεως

473 2526 569 2575 καὶ
592 2526 889 2592 σαφηνείας
909 2527 994 2580 ἀεὶ
1020 2529 1104 2580 ἐπ’
1124 2530 1456 2600 Ἐκκλησίαν
1479 2534 1932 2602 ἀναγινώσκεται,
1959 2537 2038 2589 διὸ

469 2615 520 2666 εί
549 2615 650 2680 μὲν
680 2616 740 2666 τὸ
772 2618 1016 2671 ἐλλεῖπον
1049 2621 1080 2688 ἢ
1113 2622 1174 2673 τὸ
1227 2625 1739 2695 παραλελειμμένον
1773 2628 2062 2697 ὲλέγομεν¹

467 2708 837 2774 προστεθῆναι
888 2711 918 2778 ἢ
969 2713 1468 2782 ἀναπληρωθῆναι,
1503 2715 1618 2770 εἶτα
1655 2720 1717 2770 οὐ
1777 2721 1913 2787 μετά
1943 2722 2035 2774 τοῦ

466 2802 866 2866 προστεθέντος
898 2806 973 2862 είς
1011 2809 1404 2875 ἀναπλήρωσιν
1455 2811 1759 2881 ἐςνάλλομεν
1795 2855 1808 2876 ,
1858 2816 2036 2879 καλῶς

463 2889 532 2942 ἂν
563 2894 707 2959 εῖχεν
738 2895 994 2960 ἐγκαλεῖν
1026 2901 1160 2963 ἡμῖν
1183 2917 1195 2930 ·
1243 2902 1362 2954 ἐπεὶ
1395 2903 1448 2955 δὲ
1497 2904 1794 2971 ἀνάπτυξιν
1844 2906 2033 2959 ἀκούει

464 2984 560 3033 καὶ
592 2987 910 3052 σαφήνειαν,
961 2990 994 3056 ἡ
1027 2991 1082 3041 δὲ
1134 2992 1432 3056 ἀ-ιάτττυξις
1461 2995 1560 3046 οὐκ
1611 2996 1697 3048 ἀεὶ
1752 2999 1888 3063 μετά
1938 2999 2033 3050 τοῦ

464 3077 720 3142 κειμένου
747 3079 1208 3145 ἀναγινώσκεται,
1243 3085 1301 3134 ού
1346 3084 1571 3148 δικαίως
1615 3089 1839 3154 ἐγκαλεῖ
1879 3092 2030 3160 ἡμῖν.

461 3166 637 3217 Τοῦτο
667 3168 828 3235 μόνον
863 3171 1011 3222 ἐστὶν
1042 3172 1279 3239 ἀνάγκη,
1302 3174 1383 3226 ὃτι
1410 3178 1515 3228 πᾶν
1543 3178 1602 3226 τὸ
1624 3177 2029 3247 ἐξαπλούμενον

457 3258 492 3325 ἣ
531 3262 966 3329 σαφηνιζόμενον
997 3266 1060 3314 ἐκ
1084 3268 1187 3316 uin
1223 3267 1390 3333 ἁγίων
1415 3269 1497 3321 δεῖ
1519 3271 1662 3339 ἔχειν
1694 3271 1788 3340 τὴ)
1827 3291 2028 3339 μαρτυ-

461 3351 608 3417 ρὲαν·
641 3353 754 3412 καὶ,
781 3355 807 3404 ὅ
835 3372 886 3404 τι
934 3355 1000 3405 ἂν
1041 3359 1240 3427 ποιήσῃ
1289 3360 1522 3424 σύνοδος,
1573 3363 1670 3414 οὐκ
1720 3366 1875 3415 ἇὶλον
1903 3367 2027 3432 ὅρον

458 3447 609 3495 ποιεῖ
637 3445 726 3496 διὰ.
752 3447 848 3513 τῆς
882 3450 1265 3517 ὲπεισαγωγῆς
1309 3451 1418 3501 τῶν
1447 3455 1874 3519 προστεθέντων,
1912 3458 2028 3510 ἀλλ’

455 3537 623 3587 αὑτὸν
655 3540 861 3589 ἐκεῖνον
888 3533 978 3592 τὸν
1003 3541 1220 3606 πρῶτον
1250 3542 1376 3610 ὅρον
1409 3543 1631 3606 ἐξαπλοί
1674 3547 1765 3598 καὶ
1802 3549 2026 3618 ἐπεξερ-

454 3628 712 3695 γάζεται.
747 3631 857 3684 Καὶ
883 3632 963 3683 ὅτι
991 3632 1134 3684 τοῦθ’
1177 3633 1350 3696 οὕτως
1375 3635 1508 3702 ἔχει,
1547 3639 1780 3691 ἀκουσον
1810 3643 1903 3692 καὶ
1931 3643 2023 3693 τοῦ

457 3722 611 3791 ἱεροῦ
642 3724 896 3790 Μαξίμου
925 3724 1070 3776 οὕτω
1103 3725 1471 3792 βεϐαιοῦντοςο
1523 3732 1652 3796 φησῖ
1715 3733 1819 3801 γάρ
1855 3736 1912 3785 ἐν
1959 3737 2023 3803 τῇ

459 3816 711 3884 συντόμῳ
739 3817 1005 3885 ἀπθλογίᾳ
1041 3820 1227 3882 α’)τοῦ.
1269 3821 1336 3890 ἢν
1382 3825 1614 3874 ποιεῖται
1648 3825 1787 3894 ὑπὲρ
1822 3828 1919 3896 τῆς
1969 3830 2025 3880 ὲν

456 3909 766 3976 Καλχηδένι
805 3910 1043 3971 συνόδου,
1077 3905 1142 3981 ἦς
1174 3913 1204 3980 ἡ
1258 3913 1424 3981 ἀρχὴυ
1500 3916 1717 3985 Ἐπειδὴ
1753 3919 1870 3969 λίαν
1904 3937 2026 3986 γεν-

453 4001 620 4059 ναίως
651 4001 681 4068 ῆ
712 4000 953 4067 ἀγεννῶς
979 4004 1152 4054 εἰπεῖν
1182 4003 1530 4072 οἰκειότερον·
1563 4008 1621 4059 Εἰ
1650 4007 1757 4075 γὰρ
1791 4010 1901 4061 ἔστι
1934 4012 2026 4062 τά-

453 4092 596 4160 ληθῆ
630 4093 772 4162 ὑπὲρ
816 4095 1076 4162 ἀληθείας
1130 4097 1326 4158 είπεῖν,
1382 4100 1582 4161 πάντες
1634 4101 1684 4152 οἱ
1735 4105 1869 4170 μετά
1927 4107 2024 4173 τὴν

455 4188 714 4240 Νικαέων
748 4188 1018 4257 θεόκριτοι
1054 4191 1315 4257 Πατέρες,
1349 4193 1442 4245 καὶ⁴
1488 4194 1637 4246 πᾶσα
1688 4196 1904 4258 σύνοδος
1934 4198 2025 4266 ὀρ-

455 4280 687 4342 θοδόξων
715 4284 806 4331 καὶ
836 4281 1009 4343 ἁγίων
1038 4282 1273 4350 ἀνδρῶν,
1308 4283 1406 4334 οὐκ
1442 4283 1603 4336 ἄλλον
1638 4287 1874 4350 πίστεως
1901 4291 2025 4356 ὅρον

451 4373 544 4423 διὰ
572 4376 670 4440 τῆς
697 4375 1088 4441 ἐπεισαγωγῆς
1121 4375 1231 4426 τῶν
1280 4377 1499 4427 οἰκείων
1531 4380 1795 4445 ῥημάτων
1827 4398 2025 4432 παντε-

449 4467 561 4527 λῶς
593 4467 965 4534 ἐπεισήγαγον
993 4509 1005 4530 ,
1039 4469 1112 4529 ὡς
1146 4469 1303 4536 ὑμεῖς
1331 4471 1726 4536 ἀποφαίνεσθε,
1774 4475 2022 4524 πλεῖστον

420 4551 428 4564 “
453 4557 906 4627 παραληροῦντες
932 4561 1024 4611 καὶ
1043 4560 1100 4611 τὸ
1125 4560 1246 4612 ὅλον
1271 4564 1609 4629 μαινόμενον
1629 4565 1743 4616 ἀλλ’
1768 4566 1928 4617 αὑτὸν
1948 4569 2025 4628 είς
2059 4565 2104 4622 D

448 4652 672 4716 πρῶτον
699 4651 789 4703 καὶ
811 4653 969 4718 μόνον
986 4652 1074 4702 τὸν
1097 4654 1160 4704 ἐκ
1182 4653 1290 4705 τῶν
1316 4654 1419 4722 τιη’
1445 4659 1705 4724 Πατέρων
1731 4660 2027 4728 νομοθετη-

450 4746 612 4797 θέντα
642 4744 872 4814 βεόαίως
894 4744 1204 4812 ἐκύρωσαν,
1225 4747 1552 4813 τρανοῦντες
1612 4751 1773 4802 αὑτὸν
1801 4754 1892 4804 καὶ
1917 4750 2026 4804 οἷον

450 4837 887 4903 ἐπεξηγούμενοί
905 4854 963 4889 τε
985 4837 1079 4889 καὶ
1102 4836 1257 4900 ἐπεξε
1270 4839 1596 4906 ργαζόμενοι
1614 4841 1699 4893 διά
1727 4843 1852 4903 τοὺς
1883 4847 2027 4896 ἐκεῖ-

448 4947 541 4980 νον
572 4930 664 4980 καὶ
689 4928 755 4981 τά
777 4929 991 4980 ἐκείνου
1012 4929 1258 4997 δόγματα
1285 4932 1418 5000 πρὸς
1448 4932 1547 4999 τὴν
1577 4934 1786 4987 οἰκείαν
1839 4939 2024 5002 κακῶς

447 5019 896 5089 ἐκ).αμ6άνοντας
967 5019 1062 5072 καὶ
1112 5020 1632 5089 παρεξηγουμένους
1677 5024 2016 5082 δυσσέϐειαν.

1136 5111 1329 5165 ΕΦΕΣ.

524 5203 640 5256 Καὶ
673 5203 790 5271 μετ’
826 5202 1052 5256 ἐκείνων
1086 5204 1182 5269 μὲν
1211 5203 1271 5255 τὸ
1301 5201 1509 5272 ἄζυμον
1541 5205 1704 5276 σῶμα
1749 5207 1844 5259 τοῦ
1891 5209 2019 5278 Χρι⁶

450 5295 582 5348 στοῦ
613 5296 864 5363 λέγουσι,
915 5295 1036 5363 μεθ’
1066 5295 1224 5366 ἡμῶν
1266 5295 1322 5349 δὲ
1365 5296 1531 5351 αὐτοῦ
1586 5299 2026 5370 μεταλαμϐάνειν

447 5390 508 5441 οὗ
521 5408 551 5440 κ
581 5391 649 5443 ἂν
671 5389 1025 5460 τολμήσαιεν.
1628 5397 1633 5401 ’

1132 5483 1343 5539 ΑΠΟΛ.

527 5572 652 5623 Ὀτι
699 5572 800 5640 μὲν
825 5567 918 5626 οὖν
947 5574 1172 5640 ἐγκαλεῖ
1215 5578 1368 5645 ἡμῖν,
1404 5579 1497 5631 καὶ
1545 5581 1792 5651 διασύρει
1839 5583 2026 5636 ἕνεκεν

447 5663 561 5716 τῶν
591 5665 842 5733 ἀζύμων.
877 5663 1049 5723 οἶδεν·
1085 5671 1173 5725 ὅτι
1197 5671 1254 5722 δὲ
1284 5673 1311 5723 ὁ
1355 5672 1559 5742 Κύριος
1586 5674 1654 5726 δι’
1686 5676 1898 5744 ἀξύμου
1925 5677 2025 5748 τὴν

451 5756 727 5823 μυστικὴν
761 5757 976 5810 ἐτέλεσε
1006 5759 1200 5812 θυσίαν
1226 5761 1370 5823 τότε,
1399 5764 1495 5814 οὐκ
1526 5761 1690 5826 οἶδεν,
1721 5768 1840 5818 οὐδὲ
1874 5769 2026 5821 ἀδιά-

454 5861 624 5919 φορον
674 5848 884 5919 ἡγεῖται
932 5850 991 5902 τὸ
1024 5851 1090 5904 δι’
1120 5850 1358 5921 ὲνζύμου
1389 5853 1419 5922 ἦ
1449 5855 1517 5907 δι’
1554 5856 1766 5926 ἀζύμου
1806 5858 1900 5927 τὴν
1936 5861 2019 5911 Ου-

2143 619 2453 672 quanquam
2487 607 2628 672 quod
2666 608 2815 659 lieite
2837 621 2902 660 ac
2927 606 3325 660 rationabiliter
3357 605 3561 658 factum
3598 610 3704 668 est,

2143 696 2264 763 quis
2289 708 2502 752 recuset
2529 700 2872 766 exprimere?

2828 790 3020 844 RESP.

2216 881 2556 937 Deﬁnitionis
2607 882 2769 935 verba
2800 882 2889 934 illa
2921 902 2932 935 :
2968 882 3140 936 Licitc
3181 895 3244 933 ac
3282 879 3701 938 rationabiliter,

2145 971 2329 1039 ponit.
2362 971 2732 1025 antecedentia
2759 987 2890 1025 vero
2936 980 3110 1036 tacet;
3144 981 3196 1025 et
3261 986 3507 1040 quaenam
3568 971 3700 1031 haec,

2143 1061 2435 1114 verborum
2465 1062 2676 1116 scilicet
2699 1061 2939 1124 illorum,
2984 1061 3249 1130 Filioque,
3283 1061 3701 1130 explicationem

2144 1152 2390 1206 veritatis
2445 1152 2790 1206 declarandae
2846 1155 3039 1220 gratia,
3095 1163 3148 1206 et
3202 1152 3521 1205 imminente
3575 1159 3704 1200 tunc

2144 1245 2494 1305 necessitate,
2528 1245 2676 1298 licite
2706 1259 2768 1296 ac
2793 1244 3194 1298 rationabiliter
3245 1243 3502 1310 Symbolo
3536 1241 3706 1294 fuisse

2143 1337 2467 1404 appositam.
2491 1335 2631 1399 Quid
2677 1333 2885 1404 igitur?
2918 1350 3140 1389 necesse
3171 1342 3256 1388 est
3286 1349 3497 1386 omnem
3542 1332 3706 1394 expli-

2145 1426 2414 1480 cationem
2447 1436 2499 1480 et
2533 1426 2960 1480 declarationem
3018 1425 3190 1479 textui
3245 1439 3457 1492 semper
3518 1423 3705 1491 adjici,

2145 1531 2243 1570 nec
2280 1516 2383 1584 legi
2439 1526 2620 1585 potest
2652 1517 2771 1570 sine
2806 1517 2896 1570 illa
2947 1525 3126 1571 textus
3164 1531 3334 1570 sacra:
3372 1513 3708 1581 Scriptum?

2142 1608 2222 1660 An
2258 1607 2387 1675 quia
2411 1608 2707 1662 reeitamus
2751 1608 3070 1678 Symbolum
3101 1608 3219 1661 sine
3276 1607 3579 1674 adjectione
3609 1622 3705 1659 ex-

2144 1699 2476 1768 plicationis,
2521 1699 2768 1751 dicemus
2798 1699 3238 1768 explanationem
3267 1708 3320 1752 et
3375 1698 3707 1751 declaratio-

2148 1805 2269 1843 nem
2307 1790 2475 1842 textui
2506 1790 2808 1857 appositam
2843 1806 2941 1844 nec
2979 1791 3149 1856 licite,
3180 1804 3279 1844 nec
3311 1790 3709 1843 rationabiliter

2141 1880 2379 1935 tactam?
2413 1882 2476 1934 Et
2527 1883 2651 1949 quis
2700 1883 2801 1935 hoc
2835 1882 2984 1935 dicat
3049 1883 3247 1936 mentis
3298 1897 3411 1936 suae
3449 1880 3709 1949 compos?

2144 1971 2357 2025 Scimus
2411 1972 2597 2026 decem
2669 1973 2948 2042 Evangelii
2987 1971 3216 2027 Joannis
3244 1975 3420 2044 capita
3454 1972 3626 2027 luisse
3678 1988 3705 2024 a

2141 2078 2335 2134 magno
2360 2063 2560 2117 Basilio
2593 2067 3000 2118 commentariis
3025 2066 3327 2128 illustrata;
3356 2076 3410 2119 et
3442 2068 3581 2121 idem
3622 2068 3705 2119 in-

2143 2163 2355 2222 tegrum
2383 2169 2600 2208 sacrum
2632 2155 2982 2224 Evangelium
3018 2171 3045 2210 a
3077 2156 3291 2210 Joanne
3321 2157 3708 2225 Cbrysnstomo

2139 2248 2499 2309 declaratum,
2569 2261 2666 2301 nec
2716 2263 2822 2301 non
2883 2264 2910 2300 a
2965 2249 3424 2317 prmstantissimo
3483 2251 3708 2304 doctme

2138 2338 2360 2408 Cyrillo,
2389 2349 2441 2394 et
2473 2341 2628 2394 aliis:
2663 2357 2769 2394 non
2800 2357 3016 2409 semper
3049 2352 3228 2395 tamen
3263 2342 3396 2394 illud
3453 2341 3504 2392 in
3537 2343 3708 2392 eccle-

2138 2431 2219 2485 sia
2252 2432 2448 2498 legitur
2500 2447 2621 2484 cum
2671 2435 3044 2486 enarratione.
3097 2432 3276 2498 Quare
3299 2433 3344 2487 si
3400 2433 3708 2486 diceremus

2138 2525 2379 2579 additum
2424 2542 2544 2581 esse
2579 2530 2721 2598 quod
2751 2519 2962 2594 deerat,
3013 2537 3065 2583 et
3101 2529 3488 2598 supplemento
3534 2530 3709 2597 peri--

2137 2631 2282 2674 etum
2312 2621 2452 2688 quod
2511 2637 2619 2674 non
2674 2630 2791 2676 erat
2828 2623 3120 2690 integrum,
3153 2622 3351 2675 deinde
3385 2636 3708 2674 caueremus

2138 2711 2453 2782 Symbolum
2494 2715 2695 2781 absque
2749 2714 2932 2768 addito
2986 2714 3386 2782 supplemento,
3417 2723 3557 2767 esset
3609 2728 3709 2765 cur

2137 2804 2330 2856 merito
2372 2805 2440 2856 ab
2477 2805 2565 2857 illo
2592 2807 3140 2874 reprehenderentur.
3169 2806 3472 2874 Atquando
3507 2805 3702 2857 factam

2138 2893 2288 2945 audit
2321 2893 2740 2961 explicationem
2764 2895 3319 2962 (Leclarationetuque,
3352 2911 3412 2948 ea
3437 2909 3565 2947 vero
3595 2909 3701 2947 non

2137 2997 2346 3050 semper
2376 2999 2496 3036 cum
2537 2995 2684 3037 textu
2717 2985 2932 3053 legitur,
2998 2986 3143 3037 nullo
3170 3001 3299 3038 sane
3359 2989 3550 3039 merito
3599 3002 3696 3038 uos

2136 3084 2373 3124 arensat.
2413 3072 2524 3126 Hoc
2552 3091 2718 3126 unum
2753 3085 2836 3128 est
2870 3076 3268 3137 necessarium,
3304 3085 3360 3128 ut
3384 3086 3703 3129 sanctorum

2139 3164 2469 3217 testimoniis
2497 3165 2779 3230 probatum
2810 3167 2876 3218 sit
2923 3182 3083 3219 omne
3119 3167 3264 3234 quod
3313 3169 3705 3233 explanatione

2135 3255 2465 3308 declaratur.
2496 3257 2624 3309 Nam
2671 3257 2937 3325 quidquid
2966 3260 3214 3311 statuerit
3237 3258 3502 3326 synodus,
3525 3273 3617 3325 per
3639 3273 3701 3310 ea

2131 3362 2248 3415 qua:
2269 3345 2429 3399 inlert
2455 3349 2722 3413 addendo,
2761 3364 2863 3401 non
2892 3349 3051 3402 aliam
3087 3349 3460 3402 deﬁnitionem
3491 3350 3699 3410 condit,

2129 3439 2222 3490 sed
2271 3439 2441 3505 ipsam
2479 3439 2686 3506 primau
2753 3440 3126 3494 deﬁnitionem
3177 3441 3434 3509 explicat,
3479 3449 3531 3492 et
3609 3459 3704 3493 ex-

2129 3529 2415 3598 plicatione
2439 3531 2645 3582 dilatat.
2675 3531 2829 3595 Quod
2864 3541 3044 3585 autem
3085 3533 3187 3584 boc
3229 3547 3414 3583 verum
3453 3532 3544 3590 sit,
3575 3532 3699 3583 audi

2128 3629 2378 3674 sanctum
2425 3620 2717 3673 Maximum
2760 3623 2831 3674 ita
2865 3623 3238 3676 testimonium
3275 3623 3624 3675 tribuentem.
3655 3621 3703 3674 Is

2127 3713 2269 3764 enim
2304 3714 2355 3764 in
2404 3714 2794 3781 compendiosa
2851 3729 2945 3768 sua
3007 3730 3102 3783 pro
3138 3714 3348 3783 synodo
3396 3713 3702 3767 Chalcedo-

2129 3803 2540 3871 nensiapologia
2565 3845 2577 3868 ,
2613 3806 2768 3874 Cujus
2803 3806 3012 3860 initium
3047 3817 3129 3859 est
3173 3823 3185 3859 :
3215 3804 3482 3871 Quoniam
3543 3806 3704 3858 nimis

2127 3908 2390 3961 generoso
2449 3893 2651 3956 animo,
2697 3895 2778 3947 vel
2839 3904 2895 3948 ut
2945 3896 3118 3963 aptius
3146 3894 3343 3958 dicam,
3381 3896 3611 3964 ignavo,
3648 3892 3704 3963 Si

2127 3988 2290 4049 enim,
2351 3987 2552 4053 inquit.
2593 3987 2715 4039 licet
2765 4003 2949 4041 verum
2989 4003 3086 4056 pro
3134 3991 3364 4041 veritate
3430 3987 3703 4054 proloqui,

2128 4092 2321 4130 Omnes
2354 4087 2472 4144 post
2507 4079 2777 4130 Mt'aanam
2836 4080 3102 4148 synodum
3141 4095 3169 4130 a
3204 4078 3312 4132 Deo
3367 4079 3555 4131 selecti
3608 4078 3704 4130 i‘ao

2129 4184 2262 4229 tres,
2313 4183 2582 4234 omneque
2634 4169 3061 4221 orthodoxorum
3116 4178 3538 4237 sanctorumque
3594 4185 3708 4223 eut-

2128 4260 2276 4312 nium
2334 4260 2655 4322 concilium,
2685 4261 2835 4314 nullo
2868 4261 3027 4313 modo
3074 4261 3234 4313 aliam
3273 4261 3532 4313 induxere
3581 4262 3706 4314 ﬁdei

2126 4349 2499 4403 deﬁnitionem
2535 4349 2649 4405 suis
2682 4350 2815 4418 ipsis
2841 4351 3021 4404 verbis
3055 4350 3276 4414 utendo,
3311 4361 3364 4402 ut
3393 4366 3490 4404 vos
3527 4351 3708 4404 dicitis

2125 4441 2416 4509 plurimum
2485 4443 2780 4495 delirantes
2822 4451 2875 4496 et
2926 4443 3137 4510 penitus
3190 4443 3562 4504 insanientes;
3611 4443 3704 4494 sed

2132 4530 2303 4598 ipsam
2332 4531 2404 4583 uti
2437 4530 2664 4600 primam
2699 4539 2750 4584 et
2786 4531 3023 4592 unicam,
3050 4546 3167 4599 qua:
3194 4545 3221 4582 a
3256 4531 3461 4584 sanctis
3492 4537 3706 4582 trecen-

2136 4623 2206 4674 tis
2238 4622 2424 4675 decetn
2450 4629 2502 4674 et
2526 4629 2650 4674 octo
2677 4621 2936 4674 Patribus
2989 4621 3199 4674 sancita
3229 4627 3334 4684 est,
3380 4619 3587 4672 ﬁrmant
3652 4626 3704 4670 et

2140 4721 2314 4766 ratam
2379 4729 2501 4769 esse
2535 4714 2844 4776 voluerunt,
2897 4713 3254 4767 dilucidantes
3310 4728 3451 4774 eam,
3508 4720 3562 4767 et
3593 4713 3706 4766 vel-

2137 4806 2216 4860 uti
2246 4807 2488 4874 apertius
2505 4808 2877 4869 euucleantes,
2900 4818 3120 4874 propter
3141 4821 3234 4858 eos
3254 4805 3341 4872 qui
3366 4805 3508 4858 illam
3534 4806 3708 4861 illius-

2131 4912 2236 4961 que
2291 4897 2540 4966 dogmata
2601 4901 2786 4966 pravis
2851 4898 3394 4966 interpretationibus
3420 4899 3483 4950 ad
3548 4913 3705 4953 suam

2135 4987 2385 5054 ipsorum
2439 4988 2770 5057 detorquent
2803 4988 3156 5056 impietatem.

2794 5123 3043 5180 EPHES.

2203 5217 2268 5270 Et
2293 5230 2414 5271 cum
2440 5216 2545 5271 illis
2568 5217 2788 5286 quidem
2821 5233 3074 5288 azymum
3111 5217 3316 5272 Christi
3347 5232 3546 5286 corpus
3586 5234 3707 5273 esse

2131 5309 2342 5372 dicunt,
2372 5309 2653 5364 nobiscum
2707 5325 2835 5364 vero
2860 5309 2991 5364 illud
3039 5308 3105 5362 ad
3139 5310 3578 5367 communionem
3613 5326 3707 5364 su-

2134 5417 2282 5456 mere
2311 5418 2418 5455 nun
2447 5403 2649 5458 ausint.

2820 5494 3014 5550 RESP.

2202 5582 2503 5656 Objurgare
2539 5588 2784 5657 quidem,
2840 5598 2893 5642 et
2951 5575 3238 5643 detrahere
3287 5590 3443 5644 nobis
3487 5599 3704 5660 prepter

2131 5692 2320 5750 azyma
2351 5681 2524 5745 novit,
2558 5682 2774 5750 ignorat
2808 5693 2985 5736 autem
3012 5699 3106 5752 per
3130 5698 3377 5753 azymum
3404 5699 3430 5737 a
3473 5682 3701 5738 Domino

2131 5770 2301 5826 fuisse
2325 5773 2452 5825 olim
2486 5781 2766 5842 peractum
2838 5774 3126 5844 mysticqu
3177 5775 3550 5837 sacriﬁcium;
3604 5794 3703 5831 nec

2133 5872 2283 5933 putat
2315 5863 2652 5932 indilIcrens,
2705 5864 2819 5921 sive
2848 5879 2943 5935 per
2964 5879 3235 5935 azytnum,
3288 5866 3400 5922 sive
3451 5881 3541 5936 per
3592 5867 3700 5922 let-
