4470 6452
772 414 872 475 127

1697 410 2078 471 GREGORII
2107 412 2406 472 ΜΑΜΜᾸΞ
2447 414 2559 474 CP.
2592 413 3112 474 PATRIARCHE

3908 415 4006 480 128

775 535 1074 584 mentatum
1104 524 1392 585 conficere,
1427 523 1518 577 sed
1553 525 1733 577 omnia
1770 524 1969 578 frustra
2013 539 2136 579 esse
2191 525 2332 579 arbiv
2362 524 2409 582 A
2439 527 2540 581 σίαε

2244 525 2332 579 ’δίο
2362 524 2409 582 Α
2439 527 2558 581 σίαν
2592 526 2888 580 τελεῖσθαι.
2922 527 3085 591 Ἀλλ’,
3125 527 3201 588 ὼς
3223 527 3410 592 οἴεται,
3439 527 3637 590 πάντα,
3679 529 3711 597 ἦ
3744 544 3802 580 τε
3855 544 4009 598 ιερω-

777 630 970 685 tratur,
1025 617 1416 682 sacerdotium,
1476 618 1664 679 altare,
1719 616 2058 670 Dominieam
2111 631 2334 672 vocem:

777 714 889 768 Hoc
917 713 1075 783 facite
1107 712 1162 764 in
1203 728 1372 765 meam
1434 711 2016 775 commemorationem;
2047 719 2096 765 et
2156 709 2338 763 divina

773 807 971 859 verba:
1005 805 1116 857 Hoc
1154 813 1231 856 est
1267 819 1451 870 corpus
1495 818 1702 867 meum;
1739 811 1829 857 et:
1873 802 1972 856 Hic
2001 813 2076 856 est
2131 801 2341 870 sanguis

778 914 922 949 meus
958 899 1020 956 η,
1044 905 1097 948 et
1128 897 1370 962 reliquos
1402 895 1537 948 ritus
1561 895 1650 962 qui
1714 895 2099 958 observantur,
2135 896 2178 949 si
2234 908 2340 946 non

778 988 919 1040 adsit
946 987 1182 1054 ejusdem
1211 1001 1426 1048 massae,
1461 1000 1553 1039 seu
1583 986 1823 1053 ejusdem
1879 987 2126 1040 materiae
2165 984 2344 1037 modi-

777 1096 901 1134 Cum
935 1080 1255 1145 aridumque
1306 1078 1655 1131 fermentum.
1698 1077 1851 1141 Quod
1897 1093 2028 1132 vero
2083 1079 2344 1134 Dominus

780 1187 842 1224 ac
875 1171 1011 1221 Deus
1046 1183 1228 1223 noster
1255 1170 1422 1236 legale
1455 1168 1661 1222 Pascha
1695 1170 1846 1236 prius
1905 1169 2213 1234 celebrarit,
2247 1169 2344 1223 de-

783 1264 908 1338 inde
937 1263 1189 1331 mysteria
1220 1261 1502 1329 discipulis
1555 1262 1854 1325 tradiderit,
1913 1262 2040 1315 audi
2098 1271 2346 1315 sanctum

784 1353 998 1407 Patrem
1034 1353 1484 1424 Chrysostomum
1547 1353 1768 1408 homilia
1791 1355 2123 1424 octogesima
2177 1354 2348 1423 prima

785 1449 862 1500 sic
889 1448 1154 1500 dicentem
1187 1464 1199 1499 :
1234 1446 1338 1499 Sed
1365 1461 1525 1513 quam
1571 1447 1639 1499 ob
1672 1461 1891 1499 causam
1950 1445 2155 1499 Pascha
2211 1444 2350 1498 cele-

783 1538 1013 1589 brabat?
1048 1536 1355 1589 Ostendens
1401 1552 1494 1601 per
1522 1536 1700 1588 omnia
1763 1549 1936 1603 usque
1972 1536 2036 1587 ad
2097 1535 2348 1588 ultimum

784 1631 950 1692 diem,
984 1644 1040 1680 se
1074 1643 1176 1680 non
1229 1642 1350 1680 esse
1379 1627 1482 1696 legi
1521 1627 1872 1680 contrarium.
1938 1625 2168 1680 Attende
2221 1624 2350 1693 quid

783 1723 964 1775 dicat:
997 1721 1071 1773 Ne
1106 1721 1205 1789 legi
1245 1729 1386 1773 esset
1421 1721 1747 1783 contrarius,
1781 1719 1983 1772 Pascha
2017 1718 2347 1773 celebrabat.

785 1815 920 1867 Num
947 1829 1073 1879 ergo
1093 1812 1342 1880 perfregit
1372 1811 1558 1880 legem,
1611 1825 1894 1863 asservans
1973 1809 2348 1863 fermentatum

787 1921 977 1975 panem
1000 1906 1020 1957 ?
1043 1904 1193 1970 Quod
1220 1918 1349 1956 vero
1379 1904 1537 1956 etiam
1565 1918 1658 1969 per
1690 1913 1892 1967 septem
1921 1901 2036 1954 dies
2075 1902 2164 1953 illo
2217 1910 2350 1952 tem-

787 2013 914 2065 pore
941 1997 1260 2049 fermentum
1289 2011 1394 2047 non
1421 2000 1684 2056 exstaret,
1717 1993 1865 2044 testis
1889 1993 1991 2046 erit
2027 1992 2166 2045 idem
2196 2009 2354 2045 sacer

789 2093 1216 2161 Cbrysostomus
1241 2088 1294 2141 in
1325 2086 1560 2156 priorem
1592 2086 1655 2138 ad
1685 2084 2000 2139 Corinthios
2026 2085 2350 2152 Epistolam:

795 2185 1070 2245 Dicamus,
1105 2181 1300 2248 inquit,
1328 2180 1498 2248 prius,
1533 2193 1630 2231 cur
1653 2177 1718 2230 de
1741 2177 1951 2230 eunetis
1977 2177 2171 2231 finibus
2191 2177 2354 2245 pella-

798 2290 884 2329 tur
909 2275 1269 2338 fermentum;
1300 2273 1427 2342 quid
1459 2288 1585 2342 ergo
1621 2274 1722 2326 sibi
1755 2272 1870 2325 vult
1925 2273 2026 2325 hoc
2084 2273 2355 2341 aenigma?

790 2367 948 2421 Omni
983 2366 1222 2435 nequitia
1251 2365 1480 2419 liberum
1523 2373 1735 2432 oportet
1763 2378 1883 2418 esse
1919 2363 2150 2418 fidelem.
2204 2364 2356 2418 Sicut

794 2458 1038 2514 euimibi
1103 2458 1309 2526 peribat
1356 2458 1422 2520 is,
1458 2458 1596 2525 apud
1662 2470 1822 2523 quem
1879 2465 2153 2524 repertum
2214 2466 2356 2510 esset.

792 2559 947 2606 Vetus
993 2549 1338 2612 fermentum,
1368 2549 1674 2604 itaenobis
1719 2549 1833 2612 ille,
1876 2550 2015 2618 apud
2045 2565 2203 2618 quem
2256 2549 2360 2603 erit

796 2643 1060 2710 nequitia.
1088 2641 1271 2710 Neque
1296 2642 1439 2694 enim
1486 2641 1584 2697 sub
1617 2642 1751 2711 legis
1784 2643 1994 2700 umbra.
2027 2657 2198 2711 pruna:
2232 2657 2358 2709 gra-

795 2752 889 2790 ves
923 2735 1255 2796 constitutae,
1283 2734 1440 2789 nobis
1472 2743 1650 2788 autem
1695 2733 1835 2787 haud
1865 2734 2032 2787 ueulto
2061 2734 2359 2803 graviores.

797 2832 851 2885 Si
885 2832 1026 2885 enim
1056 2831 1244 2883 domos
1283 2830 1353 2882 ita
1387 2836 1702 2897 repurgant,
1738 2837 1796 2880 ut
1847 2827 2083 2880 murium
2145 2839 2363 2893 quoque

799 2938 1061 2975 eat-eruas
1086 2922 1376 2981 rimentur,
1405 2920 1574 2971 multo
1607 2919 1775 2987 magis
1801 2918 1956 2971 decet
1982 2931 2079 2970 nos
2108 2931 2358 2984 perscru-

801 3016 902 3068 tari
931 3023 1135 3068 secreta
1169 3012 1356 3064 animi.
1413 3010 1545 3063 Cum
1600 3010 1765 3076 igitur
1818 3023 2080 3063 cavernas
2128 3007 2360 3058 murium

803 3112 1154 3167 rimarentur,
1207 3113 1259 3156 et
1321 3111 1544 3156 sanctus
1601 3101 1759 3154 Pater
1812 3099 2040 3153 atlirmct
2086 3098 2360 3172 Christum

2446 615 2599 684 σύνη,
2629 617 2722 668 καὶ
2752 617 2812 667 τὸ
2837 615 3243 683 Θυσιαστήριον,
3281 615 3372 667 καὶ
3403 617 3434 686 ἡ
3463 617 3613 684 φωνή
3646 617 3712 682 ἢν
3734 618 4013 686 προήκατο

2445 710 2470 760 ὁ
2500 706 2723 775 Κύριος,
2763 707 2944 760 Τοῦτο
2975 705 3194 759 ποιεῖτε
3217 709 3302 772 είς
3333 708 3447 774 τὴν
3468 707 3623 774 ἐμὴν
3647 707 4011 775 ἀνάμνησιν,

2444 805 2534 855 καὶ
2566 803 2628 855 τὰ
2681 803 2797 854 θεῖα
2853 805 3093 872 ῥήματα,
3133 803 3316 856 Τοῦτό
3369 803 3503 857 ἐστι
3556 805 3620 857 τὸ
3659 803 3830 872 σῶμά
3871 822 4012 872 μου,

2444 894 2560 953 καὶ.
2618 893 2800 947 Τοῦτό
2832 895 2960 946 ἐστι
3001 895 3067 946 τὸ
3099 891 3242 963 αἷμά
3278 913 3420 964 μου,
3459 895 3552 947 καὶ
3597 896 3747 947 πᾶσα
3798 896 4009 964 τελετὴ,

2445 989 2589 1058 ἀργά
2611 990 2715 1040 εἰσι
2751 989 2836 1041 διὰ
2871 991 2932 1041 τὸ
2985 991 3058 1059 μὴ
3095 991 3238 1060 ἔχειν
3273 992 3335 1044 ἐκ
3365 991 3458 1044 τού
3512 991 3676 1046 αὑτοῦ
3722 991 4014 1060 ὑποκειμέ-

2446 1098 2559 1141 νου,
2619 1083 2651 1150 ἢ
2712 1081 2773 1133 ἐκ
2807 1081 2908 1150 τῆς
2960 1083 3128 1151 αὐτῆς
3177 1083 3308 1154 ὕλης
3356 1083 3527 1154 ὀξώδη
3579 1086 3781 1154 μικρὰν
3813 1083 4012 1151 ζύμην.

2448 1171 2573 1222 ’Ὁτι
2623 1171 2678 1224 δέ
2728 1171 2756 1222 ὁ
2790 1172 2998 1240 Κύριος
3052 1173 3208 1242 ἡμῶν
3265 1175 3356 1226 καὶ
3408 1175 3540 1237 Θεὸς
3575 1175 3797 1244 νομικὸν
3829 1174 4017 1239 Πάσχα

2448 1262 2714 1325 ἐτέλεσεν,
2750 1259 2867 1315 εἶτα
2912 1263 2980 1314 τὰ
3017 1265 3295 1333 μυστήρια
3341 1265 3541 1319 δέδωκε
3577 1269 3688 1328 τοῖς
3723 1267 4015 1334 μαθηταῖς,

2449 1353 2681 1406 ἄκουσον
2721 1352 2816 1405 τοῦ
2861 1351 3007 1405 θείου
3045 1354 3436 1422 Χρυσοστόμου
3484 1357 3540 1408 ἐν
3586 1356 3776 1425 ὁμιλίᾳ
3810 1353 3899 1407 πα¹
3932 1355 4018 1406 λέ-

2451 1458 2668 1510 γοντος⁶
2703 1444 2863 1506 Τίνος
2890 1444 2953 1514 δὴ
2984 1445 3169 1498 ἕνεκεν
3193 1446 3252 1498 τὸ
3288 1447 3478 1516 Πάσχα
3511 1447 3718 1512 ἐτέλεις
3751 1446 3850 1500 Διὰ
3884 1448 4016 1500 πάν-

2451 1551 2559 1585 των
2613 1534 2827 1598 δεικνὺς
2867 1537 3029 1605 μέχρι
3081 1537 3178 1605 τῆς
3229 1537 3461 1607 ἐσχάτης
3518 1539 3755 1608 ἡμέρας,
3804 1540 3884 1591 ὅτι
3921 1541 4019 1591 οὐκ

2455 1623 2597 1675 ἐστιν
2626 1625 2864 1689 ἐναντίος
2920 1626 2996 1696 τῷ
3030 1628 3199 1696 νόμῳ.
3233 1629 3373 1695 Ὅρα
3430 1627 3481 1679 τί
3539 1643 3738 1698 φησιν·
3779 1628 3895 1680 Ἵνα
3947 1629 4018 1695 μὴ

2454 1714 2693 1777 ἐναντίος
2742 1717 2963 1786 γένηται
2999 1719 3073 1786 τῷ
3112 1720 3282 1788 νόμῳ,
3329 1720 3387 1771 τὸ
3427 1721 3620 1787 Πάσχα
3655 1719 3917 1772 ἐπετέλει.
3957 1719 4021 1772 Τί

2453 1805 2579 1868 οῧν;
2614 1808 2853 1860 ἐναντίον
2890 1809 2982 1862 τοῦ
3011 1814 3175 1878 νόμου
3211 1811 3384 1863 ἐποίει
3427 1811 3716 1878 φυλάττων
3747 1811 3837 1862 τὸν
3870 1810 4022 1874 ἕνζυ-

2460 1913 2558 1964 μον
2620 1898 2814 1966 ἄρτονς
2861 1901 2998 1954 Ἀλλ’
3055 1902 3134 1955 ὅτι
3178 1903 3269 1954 καὶ
3321 1903 3377 1954 ἐν
3428 1903 3564 1955 ἐπτά
3613 1903 3846 1972 ἡμέραις
3903 1903 4023 1953 κατ’

2455 1988 2628 2038 ἐκεῖνο
2659 1990 2915 2059 καιροῦὴ
2972 1992 3120 2059 ζύμη
3167 1993 3263 2060 οὐχ
3315 1992 3624 2059 εὑρίσκετο,
3683 1994 4021 2060 μαρτυρήσει

2455 2077 2609 2132 τοῦτο
2645 2081 2798 2132 πάλιν
2829 2083 2854 2132 ὁ
2888 2080 3029 2143 θεῖος
3055 2083 3438 2150 Χρυσόστομος
3472 2084 3527 2134 ἐν
3558 2068 3622 2151 τῇ
3655 2082 3789 2150 πρὸς
3828 2083 4023 2148 Κοριν-

2456 2170 2601 2232 θίους
2632 2171 2819 2242 πρώτῃ
2856 2174 3161 2243 Ἐπιστολῇ·
3193 2174 3461 2245 Πρότερον
3487 2175 3750 2244 εἴπωμεν,
3775 2175 3861 2225 διὰ
3882 2175 3930 2224 τί
3963 2175 4024 2224 ἐκ

2454 2262 2561 2312 τῶν
2584 2265 2748 2331 ὁρίων
2776 2267 2991 2317 πάντων
3026 2266 3396 2319 ἀπελαύνεται
3425 2269 3456 2336 ή
3485 2265 3634 2335 ζύμη
3657 2284 3669 2297 ·
3707 2267 3758 2317 τί
3790 2263 3882 2319 οὖν
3913 2268 4023 2317 ἐστι

2461 2354 2516 2407 τὸ
2550 2357 2812 2424 αίνιγμας
2864 2359 3052 2426 Πάσης
3103 2358 3372 2426 πονηρίας
3431 2357 3778 2427 ἀπηλλάχθαι
3815 2357 3895 2409 δεῖ
3936 2357 4025 2408 τὸν

2458 2448 2668 2500 πιστόν.
2713 2448 2929 2518 ’Ὥσπερ
2977 2451 3085 2518 γάρ
3147 2452 3353 2512 ἐκεῖνος
3404 2450 3725 2513 ἀπόλλυται,
3783 2451 3918 2502 ὅπου
3962 2449 4027 2501 ἂν

2459 2539 2656 2609 εὑρεθῇ
2691 2540 2896 2593 παλαιά
2928 2539 3095 2612 ζύμη,
3134 2541 3275 2594 οὕτω
3309 2544 3403 2595 καὶ
3450 2544 3581 2612 παρ’
3614 2543 3749 2612 ἡμῖν
3799 2541 3927 2594 ἔνθα
3961 2543 4028 2594 ἂν

2460 2631 2657 2701 εὑρεθῇ
2693 2634 2962 2701 πονηρὲα·
3003 2633 3062 2684 οὐ
3114 2633 3223 2702 γάρ
3254 2634 3426 2702 δήπου
3459 2635 3552 2687 ἐπὶ
3587 2633 3684 2702 μὲν
3727 2634 3828 2702 τῆς
3862 2635 4021 2694 σκιᾶς

2463 2723 2633 2791 πολλὴ
2665 2726 2696 2792 ὴ
2751 2725 2994 2790 κόλασις,
3032 2725 3126 2777 ἐπὶ
3169 2725 3225 2778 δέ
3260 2725 3417 2796 ήμῶν
3449 2727 3509 2778 οὐ
3561 2724 3742 2795 πολλῷ
3792 2725 4026 2794 μείζωνθ

2464 2818 2512 2868 εἰ
2541 2816 2648 2884 γὰρ
2687 2818 2786 2879 τὰς
2823 2818 3003 2880 οἰκίας
3034 2818 3176 2870 οὕτω
3207 2819 3584 2890 καθαίρουσιν,
3623 2819 3697 2881 ὡς
3733 2819 3824 2872 καὶ
3885 2819 4032 2888 μυῶν

2462 2907 2602 2970 ὀπὰς
2633 2909 3122 2978 περιεργάζεσθαι,
3159 2912 3339 2977 πολλῷ
3373 2911 3570 2976 μᾶλλον
3600 2913 3746 2980 ἡμᾶς
3793 2910 3887 2979 τὴν
3933 2911 4032 2978 ψυ-

2465 2999 2566 3066 χὴν
2596 2999 2966 3067 διερευνᾶσθαι
2998 3003 3096 3054 δεῖ.
3125 3000 3280 3056 Ἐπεὶ
3308 2997 3398 3055 οὖν
3431 3004 3579 3072 μυῶν
3608 3006 3749 3068 ὀπὰς
3788 3021 4032 3073 περιειρ-

2467 3093 2716 3158 γάςοντο,
2745 3095 2769 3144 ὁ
2815 3093 2868 3145 δὲ
2903 3094 3055 3159 ἅγιος
3099 3095 3374 3161 λέγει,ὅτι
3427 3096 3591 3166 μέχρι
3651 3099 3748 3164 τῆς
3804 3099 4035 3163 ἐσχάτης

801 3206 866 3254 ad
897 3202 1144 3254 ultimum
1178 3211 1346 3264 usque
1372 3195 1512 3248 diem
1543 3209 1648 3246 non
1680 3192 1848 3248 fuisse
1879 3195 1975 3261 legi
2003 3193 2360 3254 contrarium,
2393 3201 2434 3256 ο
2469 3185 2566 3252 ήμέ

2268 3207 2360 3254 Im,
2393 3201 2434 3256 ο
2469 3185 2702 3253 ἡμέρας,
2726 3186 2810 3236 ἵνα
2843 3186 2916 3254 μὴ
2943 3187 3182 3248 ἐναντίος
3209 3189 3433 3256 γένηται
3457 3190 3534 3258 τῷ
3567 3191 3733 3256 νόμῳ,
3760 3190 3818 3240 τὸ
3847 3191 4033 3255 Πάσχα

800 3307 852 3352 et
880 3296 998 3348 ideo
1037 3292 1239 3344 Pascha
1272 3289 1577 3342 celebrasse
1600 3303 1613 3346 ;
1634 3295 1778 3340 certe
1809 3288 2120 3340 contrarius
2151 3285 2362 3350 fuisset,

803 3391 856 3442 si-
884 3387 1088 3442 Pascha
1143 3384 1492 3443 celebrasset,
1535 3389 1588 3434 et
1633 3379 2011 3433 fermentatum
2067 3389 2361 3433 servasset.

804 3483 933 3534 Esse
966 3492 1127 3548 porro
1159 3476 1208 3529 id
1243 3475 1358 3543 lege
1386 3474 1631 3531 vetitum,
1665 3470 1790 3524 audi
1841 3469 2000 3524 verba
2033 3470 2151 3539 ejus
2181 3473 2368 3540 prazei-

804 3573 1002 3644 pientis
1034 3589 1047 3623 :
1086 3569 1288 3635 Septem
1336 3567 1517 3620 diebus
1541 3582 1725 3634 azyma
1776 3561 2088 3616 comedetis:
2123 3563 2206 3617 die
2256 3565 2370 3632 pri-

806 3684 890 3721 mo
925 3681 1024 3717 non
1051 3664 1148 3715 erit
1182 3662 1496 3727 fermentum
1539 3659 1588 3708 in
1621 3655 1863 3708 domibus
1899 3657 2103 3710 vestris.
2139 3656 2370 3719 Quicun-

807 3777 901 3828 que
941 3755 1215 3809 romcderit
1247 3754 1576 3820 fermentum,
1606 3748 1795 3816 peribit
1833 3749 2009 3800 anima
2060 3749 2154 3800 illa
2197 3749 2259 3801 de
2292 3749 2371 3802 Is-

810 3853 935 3904 rael.
968 3850 1028 3901 Et
1067 3847 1223 3916 paulo
1252 3853 1406 3912 post:
1475 3840 1654 3891 Primo
1716 3857 1907 3901 mense,
1941 3848 2132 3908 quarta
2168 3843 2371 3894 decima

811 3947 894 3996 die
921 3941 1130 4002 mensis,
1174 3938 1240 3988 ad
1275 3950 1534 4002 vesperam
1564 3932 1841 3984 comedetis
1887 3949 2073 4001 azyma
2106 3950 2268 4002 usque
2304 3936 2370 3985 ad

811 4041 942 4090 diem
983 4035 1272 4088 vicesimam
1321 4030 1543 4096 primam
1580 4026 1809 4092 ejusdem
1854 4027 2040 4078 mensis
2084 4027 2152 4077 ad
2203 4044 2373 4094 vespe-

812 4139 965 4178 ram:
998 4133 1187 4188 septem
1221 4120 1403 4170 dietms
1464 4117 1772 4185 fermentum
1823 4132 1923 4168 non
1983 4116 2272 4168 invenietur
2323 4119 2373 4169 in

811 4217 1048 4270 dantibus
1069 4215 1254 4267 vestris
1281 4228 1298 4264 :
1323 4211 1409 4277 qui
1439 4209 1716 4262 comederit
1753 4209 2144 4275 fermentatum,
2191 4210 2375 4276 peribit

813 4312 987 4362 anima
1034 4307 1144 4372 ejus
1170 4305 1230 4356 de
1254 4313 1386 4356 coetu
1439 4300 1612 4353 Israel
1639 4301 1700 4352 ¹³.
1741 4300 1892 4365 Quod
1943 4314 2072 4352 vero
2126 4301 2376 4357 Christus

811 4411 1024 4457 serrato
1058 4399 1189 4468 legis
1217 4396 1531 4465 praescripto
1584 4391 1792 4444 PaSi-ba
1845 4390 2154 4456 celebrarit,
2205 4391 2377 4445 Jud'ei

811 4508 940 4547 vero
980 4502 1321 4557 nequaquam
1357 4484 1487 4538 illud
1545 4483 1833 4545 servarint,
1867 4481 1959 4535 sed
1991 4483 2132 4535 diem
2201 4492 2381 4537 trans-

810 4586 982 4656 gressi
1018 4583 1239 4643 fuerint,
1264 4580 1386 4631 audi
1421 4577 1532 4630 oris
1554 4576 1699 4628 aurci
1736 4574 1946 4627 Patrem
1973 4574 2196 4628 humilia
2228 4584 2351 4629 orto

812 4678 1009 4746 gesima
1044 4681 1233 4740 quarta
1295 4669 1345 4721 iu
1395 4667 1678 4728 Joannem,
1725 4665 1852 4718 dum
1883 4665 2044 4718 verba
2089 4665 2179 4718 illa
2215 4681 2379 4733 expo-

813 4772 926 4822 nit:
960 4765 1236 4817 Adducunt
1260 4760 1441 4815 Jesum
1470 4775 1499 4810 a
1529 4756 1731 4823 Caiplta
1777 4759 1829 4810 in
1870 4759 2175 4824 prtetorium
2205 4775 2217 4810 :
2270 4757 2381 4812 Cur

815 4861 958 4913 enim
1002 4858 1132 4908 illuc
1168 4869 1291 4906 cum
1347 4853 1642 4912 duxerunt,
1686 4849 1776 4902 ubi
1813 4863 2004 4902 omnes
2063 4849 2378 4918 congregati

813 4950 1006 5004 erant?
1039 4945 1105 5000 Ut
1139 4960 1226 4998 res
1250 4944 1396 4995 fieret
1426 4939 1705 4994 communi
1763 4939 2007 4992 omnium
2061 4939 2376 5006 pontificum

814 5055 1119 5104 consensu;
1148 5045 1264 5090 erat
1293 5049 1436 5088 enim
1479 5033 1569 5086 ille
1607 5041 1736 5085 tunc
1787 5030 2049 5100 pontifex,
2089 5038 2143 5084 et
2188 5046 2377 5085 omnes

818 5137 968 5188 illum
1003 5128 1476 5199 prtestolabantur.
1502 5125 1579 5177 lta
1608 5124 2006 5193 pernoctabant
2048 5122 2378 5190 vigilabant-

819 5241 924 5292 que
954 5223 1114 5290 hujus
1142 5222 1216 5274 rei
1249 5232 1450 5271 causa:
1479 5215 1597 5268 Non
1647 5216 1813 5279 enim,
1872 5214 2072 5283 inquit,
2132 5214 2379 5267 comede-

821 5329 947 5372 runt
979 5315 1182 5369 Pascha
1215 5321 1366 5371 tunc,
1403 5308 1498 5363 sed
1545 5319 1828 5377 propterea
1879 5306 2196 5375 vigilabant.
2248 5306 2377 5358 Nam

824 5424 945 5478 post
979 5411 1064 5462 illa
1104 5408 1292 5460 verba:
1337 5405 1463 5457 Erat
1495 5411 1665 5454 autem
1695 5397 2123 5460 maneJoannes
2180 5397 2380 5459 intulit,

829 5500 895 5552 Et
925 5499 1024 5563 ipsi
1063 5514 1160 5549 non
1190 5496 1498 5548 introierunt
1534 5493 1587 5544 in
1639 5489 1963 5558 prwtoriu'n,
1999 5499 2052 5539 ut
2093 5504 2202 5539 non
2258 5504 2382 5538 Cen-

829 5595 1231 5651 taminarentur,
1266 5586 1353 5640 sed
1390 5593 1444 5638 ut
1477 5583 1852 5636 manducarent
1905 5579 2108 5632 Pascha
2145 5580 2205 5630 “.
2243 5579 2380 5644 Quid

827 5701 955 5756 ergo
986 5685 1050 5738 ad
1080 5684 1196 5735 hac
1215 5678 1502 5733 dicemus?
1535 5676 1670 5730 Illud
1709 5689 1860 5736 sane,
1909 5673 2050 5742 quod
2086 5673 2251 5726 altera
2302 5673 2384 5725 die

906 5863 947 5893 "
982 5860 1111 5917 Luc.
1150 5878 1280 5930 ml,
1315 5863 1410 5930 l9;
1449 5860 1466 5915 ι
1499 5861 1624 5917 Cor.
1655 5873 1728 5924 χι,
1772 5860 1856 5914 21L

1971 5862 2008 5893 ¹⁸
2067 5861 2235 5917 Exoi.
2278 5876 2368 5923 χιι,
2424 5862 2481 5917 15
2524 5873 2670 5926 seqq.

2470 3277 2733 3342 ἐπετέλει,
2766 3278 2966 3343 μᾶλλον
3012 3279 3076 3331 ἂν
3124 3281 3362 3341 ἐναντίος
3413 3276 3479 3348 ἦν
3529 3281 3589 3332 τὸ
3628 3283 3820 3349 Πάσχα
3868 3281 4036 3331 τελῶν

2469 3367 2561 3416 καὶ
2587 3366 2646 3417 τὸ
2671 3365 2900 3436 ἔνζυμον
2918 3370 3218 3434 φυλάττων.
3244 3371 3367 3424 ’Ὁτι
3385 3371 3440 3423 δὲ
3465 3373 3491 3423 ὁ
3509 3372 3672 3441 νόμος
3702 3373 4038 3442 ἀπαγορεύει

2469 3457 2645 3531 τούτο,
2704 3460 2936 3513 ἄκουσον
2993 3462 3134 3514 οὕτω
3188 3465 3617 3530 προστάττοντος
3648 3482 3661 3494 ·
3702 3467 3836 3534 φησὶ
3871 3467 3984 3535 γάρ
4018 3483 4029 3495 ·

2481 3547 2666 3601 Ἑπτὰ
2701 3550 2924 3617 ἡμέρας
2953 3551 3140 3619 ἄζυμα
3169 3553 3416 3605 ἕδεσθε·
3451 3554 3651 3607 ἀπὸδὲ
3679 3555 3789 3622 τῆς
3816 3555 4039 3623 ἡμέρας

2471 3639 2578 3707 τῆς
2635 3642 2869 3710 πρώτης
2923 3643 3232 3711 ἀφανιεῖτε
3289 3645 3478 3713 ζύμην
3539 3647 3606 3700 ἐκ
3660 3647 3778 3701 τῶν
3835 3648 4040 3701 οἰκιῶν

2472 3733 2658 3800 ὑμῶν,
2697 3735 2820 3800 Πᾶς
2865 3735 2930 3800 ὃς
2968 3734 3045 3790 ἂν
3089 3736 3248 3806 φάγῃ
3289 3735 3494 3804 ζύμην,
3528 3738 4008 3806 ἐξολοθρευθήσε

2472 3842 2563 3877 ται
2597 3827 2633 3894 ὴ
2683 3828 2852 3896 ψυχὴ
2893 3829 3094 3893 ἐκείνη
3125 3829 3192 3892 ἐξ
3230 3828 3515 3896 Ἰσραήλ·
3572 3831 3667 3882 καὶ
3701 3835 3845 3888 μετά
3874 3848 3994 3882 τινα
4027 3848 4038 3858 ·

2488 3923 2906 3988 Ἑνιιρχόμενοι
2939 3921 3011 3986 τῇ
3046 3921 3674 3988 τεσσαρεσκαιδεκάτῃ
3712 3921 3905 3988 ἡμέρα
3935 3923 4039 3978 ut}

2471 4014 2664 4080 μηνὸς
2703 4012 2807 4065 τοῦ
2849 4012 3103 4080 πρώτου,
3145 4011 3242 4078 ἀφ’
3300 4013 3564 4078 ἑσπέρας
3603 4012 3818 4067 ἕδεσθε
3849 4012 4042 4079 ἄζυμα

2476 4104 2586 4165 ἕως
2626 4104 2850 4171 ἡμέρας
2909 4099 3050 4170 μιᾶς
3081 4104 3177 4155 καὶ
3235 4104 3474 4169 εἰκάδος
3525 4104 3632 4157 τοῦ
3684 4105 3881 4172 μηνὸς
3934 4105 4043 4170 ἕως

2478 4196 2775 4262 ἑσπέρας·
2834 4195 2982 4248 ἑπτὰ
3039 4195 3257 4262 ἡμέρας
3299 4194 3442 4261 ς”ὐμη
3506 4197 3616 4264 οὐχ
3657 4197 4045 4263 εὑρεθήσεται

2478 4289 2546 4341 ἐν
2575 4288 2701 4352 ταῖς
2733 4290 2948 4351 οἰκίαις
2981 4286 3165 4354 ὑμῶν.
3198 4286 3320 4352 Πᾶς
3357 4287 3423 4350 ὃς
3443 4285 3522 4341 ἂν
3560 4288 3720 4356 φάγῃ
3754 4287 4041 4355 ζυμωτὸν,

2482 4379 3057 4447 ἐξολοθρευθήσεται
3090 4379 3126 4445 ἡ
3158 4379 3329 4446 ψυχὴ
3360 4380 3558 4445 ἐκείνή
3585 4380 3652 4433 ἐκ
3685 4379 4047 4448 συναγωγῆς

2497 4473 2760 4540 Ἰσραήλ.
2785 4473 2903 4525 Ὅτι
2920 4473 2973 4523 δέ
2997 4471 3311 4539 κατὰνὸμον
3333 4474 3357 4523 ὁ
3381 4471 3616 4540 Χριστὸς
3633 4472 3692 4523 τὸ
3717 4472 3904 4541 Πάσχα
3934 4471 4046 4523 ἐτέ-

2485 4564 2658 4625 λεσεν,
2692 4563 2739 4614 οἱ
2766 4563 2822 4614 δὲ
2866 4561 3106 4613 Ἰουδαῖοι
3138 4562 3470 4628 παρανόμως
3503 4562 3768 4630 ἐποίησαν
3807 4561 4045 4630 παραδι-

2480 4653 2744 4713 6άσαντες
2775 4652 2830 4702 τὸ
2862 4650 3055 4718 Πάσχα
3078 4692 3090 4715 ,
3124 4649 3358 4702 ἄκουσον
3388 4649 3482 4701 τοῦ
3510 4649 3899 4716 Χρυσοστόμου
3933 4649 4044 4698 Πα-

2477 4746 2602 4813 τρὸς
2657 4746 2710 4795 ἐν
2748 4743 2828 4794 ἠδ’
2867 4742 3056 4810 ὁμιλίᾳ
3127 4741 3217 4792 τοῦ
3272 4741 3415 4792 κατᾶ
3485 4740 3755 4806 Ἰωάννην,
3813 4739 3891 4801 εἰς
3948 4737 4044 4789 τόο

2481 4838 2720 4903 Ἀγουσι
2747 4835 2854 4886 τὸν
2881 4832 3115 4897 Ἰησοῦν
3137 4832 3254 4885 ἀπὸ
3281 4831 3385 4885 τοῦ
3408 4831 3644 4898 Καϊάφα
3671 4833 3758 4894 είς
3786 4831 3850 4883 τὸ
3881 4847 4048 4897 apat-

2477 4927 2704 4994 τώριον·
2743 4925 2840 4977 Διὰ
2870 4925 2920 4977 τί
2952 4924 3066 4975 ἐκεῖ
3097 4925 3386 4990 ἀπήγαγον
3420 4923 3602 4984 αὐτὸν,
3641 4921 3769 4973 ἔνθα
3806 4922 4048 4980 ἅπαντες

2483 5017 2623 5090 ἦσαν
2659 5017 3021 5085 συνηγμένοι;
3060 5017 3177 5068 Ἵνα
3215 5017 3351 5083 μετὰ
3383 5014 3606 5082 γνώμης
3638 5014 3855 5066 πάντων
3889 5013 4048 5079 ποιή-

2487 5131 2621 5166 σωσι
2649 5112 2755 5164 τῶν
2805 5109 3103 5178 ἀρχερέων·
3161 5109 3364 5168 ἐκεῖνος
3403 5107 3511 5176 γὰρ
3558 5102 3626 5175 ἦν
3671 5105 3792 5157 τότε
3862 5107 4050 5175 ἀρχιε-

2488 5210 2634 5279 ρεὺς,
2687 5206 2779 5259 καὶ
2815 5204 3010 5265 πάντες
3059 5197 3200 5271 ἦσαν
3248 5200 3408 5253 αὑτὸν
3446 5197 3832 5266 ἀναμένοντες.
3894 5197 4050 5250 Οὕτω

2486 5297 2894 5366 διενυκτέρευον
2938 5295 3031 5347 καὶ
3067 5281 3381 5362 ἠγρύπνουν
3411 5290 3505 5342 ἐπὶ
3537 5289 3711 5358 τούτῳ
3734 5302 3750 5319 ’
3783 5288 3905 5341 οὐδὲ
3945 5294 4051 5359 γὰρ

2489 5391 2691 5459 ἔφαγον
2746 5389 2867 5440 τότε
2923 5387 2980 5438 τὸ
3036 5386 3262 5455 Πάσχα,
3327 5383 3526 5453 φησὶν,
3579 5382 3715 5436 ἀλλὰ
3758 5382 3844 5435 διά
3896 5382 4051 5436 τοῦτο

2489 5481 2806 5551 ἠγρύπνουν
2828 5495 2840 5508 ·
2871 5477 3043 5530 εἰπὼν
3074 5478 3201 5545 γὰρ,
3239 5478 3319 5528 ὅτι
3369 5475 3558 5543 Πρωΐα
3585 5471 3683 5543 ἦν,
3723 5479 3749 5527 ὁ
3800 5476 4051 5542 Ἰωάννης

2493 5576 2769 5642 ἐπήγαγεν
2794 5589 2806 5602 ·
2855 5573 2974 5624 Οὐκ
3003 5569 3288 5635 εἰσῆλθον
3317 5570 3402 5632 εις
3433 5568 3499 5620 τὸ
3548 5566 3922 5634 πραιτώριον,
3953 5568 4052 5620 ἵνα

2489 5669 2574 5738 μὴ
2605 5666 2960 5738 μιανθῶσιν,
2983 5664 3118 5717 ἀλλ’
3139 5663 3238 5716 ἵνα
3283 5660 3515 5730 φάγωσι
3537 5659 3602 5713 τὸ
3625 5658 3857 5728 Πάσχα.
3875 5657 3938 5712 Τί
3961 5655 4053 5711 οὖν

2772 5855 2811 5884 ¹³
2841 5854 3000 5907 Juan.
3025 5866 3180 5913 XVIII,
3223 5852 3310 5904 28.
