4470 6452
471 401 571 466 129

1695 404 1997 464 CONTRA
2042 406 2471 470 EPIlESlUM.

3631 425 3727 485 l3)

466 517 610 565 ἐστιν
644 512 853 575 είπεῖν;
894 513 1014 563 ’Ὀτι
1053 510 1112 561 ἒν
1143 511 1303 582 ἑτέρᾳ
1336 514 1560 581 ἔφαγον,
1615 520 1711 567 καὶ
1746 518 1836 569 τὸν
1877 519 2040 584 νόμον
2070 522 2115 579 Α
2144 534 2231 573 cor

1963 535 2040 570 ιον
2070 522 2115 579 Α
2144 522 2526 585 comederunt,
2560 530 2613 577 et
2663 538 2690 575 a
2742 524 2859 593 lege
2906 525 3279 582 discesserunt
3341 533 3505 583 tta-dis
3568 536 3728 601 hujus

464 602 662 654 ἔλυσαν
700 601 787 651 διὰ
823 602 920 668 τὴν
946 600 1245 667 ἐπιθυμίαν
1269 602 1369 670 τὴν
1399 601 1526 668 περὶ
1548 600 1646 666 τὴν
1672 603 1888 668 σφαγὴν
1916 602 2045 653 ταύο

463 711 582 759 την.
617 692 753 747 Οὐδὲ
793 694 902 758 γὰρ
937 693 964 742 6
1008 690 1245 759 Χριστὸς
1293 692 1509 760 παρέϐη
1564 691 1653 743 τὸν
1705 691 1899 760 καιρὸν
1948 691 2043 743 τοῦ

464 786 678 853 Πάσχα,
710 782 825 835 ἀλλ’
848 784 1047 834 ἐκεῖνοι
1078 782 1127 833 οί
1154 782 1331 833 πάντα
1358 781 1671 849 τολμῶντες
1696 784 1789 834 καὶ
1819 783 2045 850 μυρίους

464 875 910 935 καταπατοῦντες
940 874 1162 940 νόμους.
1197 873 1418 925 Τούτων
1456 873 1630 933 οὕτως
1660 874 1896 942 ἐχόντων
1927 874 2044 933 πῶς

466 965 924 1033 κατηγορήσομεν
969 966 1097 1025 τοὺς
1152 964 1289 1032 μετὰ
1321 964 1549 1032 ἀζύμων
1577 964 1675 1033 τὴν
1731 964 1923 1016 Θυσίαν
1954 982 2042 1016 τε-

464 1056 692 1117 λοῦντας
721 1073 735 1117 ;
766 1056 900 1126 Περὶ
934 1055 991 1108 δὲ
1029 1055 1188 1124 ήμῶν
1235 1054 1419 1107 αὐτῶν
1481 1054 1625 1107 οῦτω
1674 1056 1929 1125 λέγομεν,
1964 1057 2045 1108 ὅτι

466 1147 611 1202 οὕτω
637 1146 1039 1217 παρελάϐομεν,
1070 1151 1164 1201 καὶ
1197 1146 1340 1200 οὕτω
1372 1149 1696 1218 στέργομεν,
1730 1148 1804 1209 ὡς
1834 1151 1881 1200 οί
1916 1148 2048 1200 ἀπό-

469 1238 647 1291 στολοι
676 1239 796 1290 κατ’
821 1233 968 1290 οἷκον
1000 1238 1237 1300 κλιῖιντες
1270 1241 1435 1306 ἄρτον
1480 1239 1579 1307 τὴν
1622 1238 1812 1291 θυσίαν
1860 1240 2048 1291 ἐπετέ-

468 1331 613 1381 λουν·
650 1329 744 1379 καὶ
792 1328 1033 1396 οὐδαμοῦ
1085 1329 1337 1396 φαίνεται
1389 1328 1462 1390 ὡς
1508 1329 1719 1397 ἄζυμον
1754 1327 2047 1397 ζητοῦντες

470 1421 568 1490 τὴν
593 1419 786 1472 Θυσίαν
813 1419 1125 1471 ἐπετέλουν.
1162 1420 1273 1471 Καὶ
1319 1420 1485 1473 πάλιν
1529 1423 1583 1471 ἐν
1620 1424 1743 1482 ταῖς
1778 1422 1886 1473 τῶν
1917 1422 2053 1483 ἁζύέ

473 1529 590 1580 μων
641 1513 879 1583 ἡμέραις
934 1511 1188 1580 μηδαμοῦ
1240 1513 1300 1563 ἐν
1355 1512 1755 1580 Ἱεροσολύμοις
1811 1507 2047 1580 ἐνζύμου

466 1602 885 1671 εὑρισκομένου,
914 1596 1154 1668 οὐδαμοῦ
1194 1599 1354 1652 πάλιν
1389 1601 1663 1665 φαίνεται,
1703 1602 1784 1652 ὅτι
1817 1601 2048 1667 ἕνςυμον

466 1690 769 1755 αἰτοῦντες,
818 1689 990 1751 οὕτως
1061 1691 1304 1744 ἐποίουν.
1368 1692 1630 1760 ’ῌδεισαν
1681 1692 1812 1758 γὰρ,
1863 1692 1945 1743 ὅτι
1987 1691 2048 1742 τὸ

461 1781 596 1831 αὑτό
630 1782 778 1830 ἐστιν
831 1778 1216 1847 ὑποκείμενον,
1253 1781 1281 1831 6
1334 1780 1395 1831 ὲκ
1446 1778 1538 1831 τοῦ
1598 1780 1749 1830 σίτου
1796 1779 2044 1847 ἄλευρος.

462 1872 535 1923 οὐ
566 1871 675 1938 γὰρ
704 1869 793 1922 διὰ
821 1869 885 1920 τὸ
922 1868 1000 1938 μὴ
1052 1868 1197 1938 ἔχειν
1244 1870 1448 1937 μικρὰν
1499 1868 1703 1939 ζύμην,
1741 1870 1838 1939 ᾗδη
1872 1871 2047 1922 πάντα
2082 1856 2121 1911 Β

460 1964 530 2015 τὰ
559 1961 862 2030 τελούμενα
888 1960 1058 2029 ἀργὰ,
1091 1962 1187 2013 καὶ
1223 1961 1459 2029 μάλιστα
1493 1962 1560 2013 τὰ
1591 1960 1683 2012 τοῦ
1720 1960 1927 2029 Κυρίου
1952 1961 2047 2029 et).

464 2074 634 2123 ματα,
667 2056 821 2108 ἆτινα
847 2054 940 2106 καὶ
968 2053 1327 2122 μεταποιοῦσι
1352 2054 1445 2106 τὸν
1473 2053 1639 2123 ἄρτον
1657 2056 1750 2105 καὶ
1784 2053 1874 2105 τὸν
1906 2049 2049 2106 οἶνον

462 2148 561 2199 σὺν
584 2147 663 2216 τῷ
694 2146 953 2209 ῦδατιείς
1005 2145 1166 2213 σῶμα
1217 2148 1311 2197 καὶ
1349 2140 1489 2215 αἷμα
1566 2145 1756 2200 αὑτοῦ.
1812 2144 1936 2197 ’Ότι
1992 2145 2047 2198 δὲ

461 2241 599 2292 αὐτὰ
629 2240 698 2290 τὰ
734 2239 959 2308 ῥήματα
992 2236 1503 2308 μεταρῤυθμίζουσι
1535 2237 1633 2304 τὴν
1678 2236 1809 2307 ὓλην
1842 2236 2049 2306 ταύτην

460 2337 541 2396 εἰς
576 2334 664 2385 “τὰ
702 2332 997 2402 εἰρημένα,
1031 2332 1270 2383 ἄκουσον
1319 2329 1414 2383 τοῦ
1458 2330 1605 2384 Θείου
1655 2331 2046 2401 Χρυσοστόμου

459 2428 519 2478 ἐν
544 2424 619 2493 τῷ
649 2424 815 2491 λόγῳ,
842 2417 902 2475 οῦ
928 2424 959 2491 ἡ
993 2421 1299 2491 ἐπιγραφὴ,
1333 2425 1435 2489 Εις
1465 2422 1915 2492 τὴνπροδοσίαν
1937 2421 2046 2477 τοῦ

472 2519 696 2582 Ἰούδα,
727 2520 823 2570 καὶ
855 2520 942 2583 εἷς
974 2518 1041 2569 τὸ
1083 2517 1388 2585 μυστικὸν
1435 2516 1684 2572 δεῖπνον
1716 2518 1824 2573 τοῦ
1857 2517 2051 2587 Σωτῆ-

455 2630 587 2680 ρος,
629 2612 728 2665 καί
778 2614 929 2664 κατὰ
977 2610 1321 2663 Ἰουδαίων·
1360 2612 1393 2680 ὴ
1428 2612 1484 2663 δὲ
1523 2612 1667 2681 ἀρχὴ
1717 2612 1813 2664 τοῦ
1862 2611 2046 2679 λόγουε

473 2704 829 2772 Ἐὗουλόμην,
877 2703 1183 2772 ἀγαπητοὶ,
1214 2701 1315 2769 τῆς
1348 2702 1492 2754 κατὰ
1545 2702 1637 2755 τὸν
1704 2703 2049 2773 πατριάρχην

462 2797 625 2850 πάλιν
658 2797 994 2858 ὑποθέσεως.
1026 2796 1267 2865 Πάρεστι
1287 2798 1381 2848 καὶ
1411 2794 1505 2846 νῦν
1537 2796 1565 2847 6
1587 2796 1821 2863 Χριστος
1839 2797 2049 2857 ἐκεῖνος

462 2891 561 2958 τὴν
589 2886 870 2956 τράπεζαν
914 2885 1121 2954 ταύτην
1153 2884 1376 2952 κοσμῶν
1396 2897 1409 2912 ·
1438 2885 1465 2935 6
1499 2883 1609 2950 γὰρ
1635 2885 1735 2954 τὴν
1764 2881 2047 2950 τράπεζαν

463 2982 681 3051 ἐκείνην
710 2980 993 3049 κοσμήσας
1034 2978 1177 3039 τότε,
1208 2970 1362 3036 οὗτος
1388 2979 1482 3029 καὶ
1523 2976 1731 3046 ταύτην
1761 2976 2049 3044 διακοσμεῖ

461 3073 576 3128 νῦν.
622 3074 694 3126 Οὔ
746 3071 855 3142 γὰρ
916 3069 1205 3140 ἄνθρωπός
1238 3072 1383 3121 ἐστιν
1429 3071 1456 3122 6
1494 3069 1668 3121 ποιῶν
1699 3071 1767 3122 τα
1819 3068 2043 3137 προκεί-

464 3184 604 3236 μενα
645 3165 899 3232 γενέσθαι
935 3164 1094 3233 σῶμα
1125 3163 1222 3215 καὶ
1254 3157 1396 3232 αἷμα
1440 3163 1703 3230 Χριστοῦ,

460 3260 487 3309 6
523 3256 863 3327 ataupwesl;
894 3256 1031 3325 ὑπὲρ
1088 3254 1246 3324 ἡμῶν
1278 3255 1534 3321 Χριστός.
1584 3254 1782 3323 Σχῆμα
1824 3254 2050 3325 πληρῶν

460 3357 489 3408 6
518 3355 701 3423 ἱερεὺς
735 3354 894 3421 μόνον
929 3352 1150 3418 ἕστηκε,
1186 3354 1280 3403 καὶ
1318 3350 1618 3421 προσφέρει
1655 3351 1750 3420 τὴν
1771 3352 1955 3420 δέησιν
1986 3350 2051 3403 τὰ

466 3450 689 3518 ῥήματα
714 3444 1085 3514 φθεγγόμενος
1120 3444 1326 3496 ἐκεῖνα·
1359 3445 1390 3513 ἡ
1418 3444 1473 3495 δὲ
1509 3444 1668 3513 χάρις
1703 3446 1854 3514 καὶὴ
1890 3445 2052 3497 δύνα-

466 3541 560 3603 μίς
590 3540 702 3588 ἐστι
735 3535 828 3587 τοῦ
860 3535 993 3587 Θεοῦ
1030 3537 1061 3602 ἡ
1093 3537 1272 3588 πάντα
1304 3536 1674 3603 ἐργαζομένη.
1722 3536 1904 3589 Τοῦτό
1932 3537 2050 3604 μού

460 3629 590 3681 ἐστι
623 3628 689 3680 τὸ
728 3626 923 3695 σῶμα,
954 3628 1108 3694 φησί·
1144 3627 1304 3678 τοῦτο
1328 3628 1387 3677 τὸ
1418 3627 1570 3696 ῥῆμα
1607 3628 1674 3680 τὰ
1712 3630 2051 3698 προκείμενα

464 3719 925 3793 μεταρῤυθμίξει.
960 3720 1073 3772 Καὶ
1106 3718 1362 3788 καθάπερ
1407 3721 1589 3781 ἐκείνη
1622 3723 1654 3791 ὴ
1706 3723 1858 3792 φωνὴ
1897 3724 1930 3792 ἡ
1967 3724 2052 3777 λέ-

462 3831 657 3883 γουσα·
698 3812 1075 3877 Αὐξάγεσθε,
1109 3812 1208 3865 καί
1246 3814 1655 3878 πυίηθύνεσθε,
1688 3814 1785 3867 καὶ
1819 3816 2053 3883 πληρώ-

461 3925 609 3964 (rare
644 3907 757 3975 τὴν
792 3905 933 3975 γῆν,
958 3905 1161 3975 ἐρρέθη
1192 3907 1291 3974 μὲν
1327 3905 1492 3968 ams,
1523 3905 1611 3958 διὰ
1636 3908 1837 3969 παντὶς
1867 3908 1922 3960 δὲ
1957 3908 2051 3962 τοῦ

459 4002 659 4071 χρόνου
692 4002 903 4067 γίνεται
959 3999 1145 4067 ἔργον,
1203 3997 1515 4066 δυναμοῦσα
1576 3998 1673 4066 τὴν
1735 3998 1899 4067 φύσιν
1953 4002 2053 4072 τὴν

466 4095 749 4165 ἡμετέραν
789 4091 927 4159 πρὸς
958 4091 1330 4144 παιδοποιίαν·
1363 4090 1502 4143 οὕτω
1534 4094 1628 4145 καὶ
1661 4095 1799 4162 αὕτη
1832 4098 1864 4164 ἡ
1898 4097 2051 4167 φωνὴ

465 4185 615 4251 ἅπαξ
647 4184 903 4254 λεχθεῖσα
930 4182 1081 4250 παρὰ
1110 4184 1211 4248 τῆς
1248 4181 1398 4245 θείας
1424 4182 1669 4251 γλώττης
1704 4188 1941 4253 ἐκείνης,
1970 4186 2052 4253 τὸ,

466 4277 651 4333 Τοῦτό
697 4277 816 4346 μού
851 4275 981 4328 ἐστι
1018 4274 1085 4327 τὸ
1125 4274 1319 4342 σῶμα,
1356 4272 1481 4326 καθ’
1512 4276 1750 4347 ἑκάστην
1771 4277 2054 4347 τράπεζαν

459 4374 519 4424 ἐν
552 4373 669 4432 ταῖς
695 4368 1046 4437 ἐκκλησίαις,
1076 4368 1286 4420 ἐκείνου
1343 4368 1435 4420 το]
1482 4370 1729 4439 ῥήματος
1760 4372 1792 4440 ὴ
1822 4371 2052 4440 δύναμις

462 4461 626 4530 μέχρι
657 4458 756 4529 τῆς
810 4459 1075 4528 σήμερον,
1109 4458 1205 4509 καὶ
1237 4458 1365 4527 ἄχρι
1414 4457 1514 4526 τῆς
1546 4458 1712 4511 αὑτοῦ
1749 4462 2055 4529 παρουσίας

2149 610 2410 667 faciendre
2447 614 2747 668 desiderio.
2795 615 2985 685 Neque
3037 621 3181 673 enim
3216 620 3469 675 Christus
3512 630 3727 692 tempus

2148 703 2371 758 Pascha:
2397 720 2504 759 non
2539 708 2874 775 observavit,
2902 711 2995 764 sed
3022 712 3094 765 illi
3123 713 3214 778 qui
3246 714 3380 766 nihil
3410 729 3518 767 non
3566 717 3730 769 aude-

2147 792 2297 857 bant,
2332 805 2385 849 et
2413 796 2558 863 leges
2601 797 2915 855 innumeras
2952 806 3402 871 perrumpehaut.
3442 805 3577 859 Cum
3615 809 3727 861 haec

2147 884 2219 936 ita
2260 899 2320 940 se
2348 887 2606 949 habeant,
2640 904 2744 957 qua
2780 894 2994 946 ratione
3051 907 3213 948 erunt
3240 911 3268 948 a
3322 897 3480 952 nobis
3540 915 3728 967 repre-

2147 973 2439 1039 hendendi,
2472 982 2565 1046 qui
2596 993 2791 1050 azymo
2815 985 3175 1038 sacrificant?
3227 986 3299 1040 De
3353 989 3511 1042 nobis
3550 999 3730 1043 autem

2150 1067 2284 1136 ipsis
2321 1068 2578 1135 dicimus,
2607 1071 2680 1126 ita
2715 1088 2818 1127 nos
2862 1077 3162 1144 accepisse.
3198 1088 3251 1131 et
3309 1088 3553 1132 nostram
3602 1095 3729 1134 cou-

2149 1161 2495 1215 suetudincm
2530 1171 2703 1215 ratam
2743 1164 2943 1219 habere
2971 1184 2982 1229 ;
3016 1174 3066 1220 ct
3098 1170 3327 1236 apostoli
3361 1170 3507 1223 domi
3541 1186 3732 1238 panem

2150 1250 2463 1319 frangentes
2486 1254 2818 1309 sacriﬁcium
2849 1256 3176 1311 factitabant
3204 1278 3216 1323 ;
3256 1277 3435 1329 neque
3494 1278 3725 1329 usquam

2149 1352 2398 1411 apparet,
2430 1347 2722 1412 quazsitum
2756 1363 2879 1403 esse
2909 1350 2978 1403 ab
3012 1351 3116 1404 illis
3148 1367 3340 1420 partem
3383 1369 3633 1423 azymum
3669 1355 3732 1405 :ul

2148 1434 2602 1491 sacriﬁcandum.
2634 1436 2850 1502 Rursus
2873 1453 2999 1491 cum
3034 1442 3149 1495 dies
3175 1452 3358 1496 essent
3388 1459 3733 1512 azymorum,

2149 1537 2203 1579 et
2237 1527 2599 1584 fermentatus
2631 1532 2788 1598 panis
2820 1548 2925 1586 non
2958 1543 3107 1588 esset
3162 1534 3575 1605 Hierosolymis,
3607 1553 3738 1588 nus-

2150 1635 2311 1687 quam
2343 1622 2595 1677 similiter
2629 1634 2876 1691 apparet,
2939 1627 3171 1692 qua‘sito
3235 1626 3563 1681 fermentato
3620 1629 3739 1680 illos

2150 1725 2536 1775 Consecrasse,
2562 1715 2709 1782 quod
2744 1715 2949 1770 scirent
2974 1720 3257 1771 materiam
3295 1734 3421 1774 esse
3462 1720 3737 1781 eamdem,

2151 1814 2348 1870 nempe
2381 1801 2615 1855 farinam
2652 1805 2949 1858 triticeam.
2984 1804 3172 1874 Neque
3201 1811 3347 1861 enim
3382 1806 3530 1877 quod
3566 1809 3708 1859 modi

2152 1905 2276 1943 cum
2344 1907 2450 1946 non
2503 1894 2646 1949 adsit
2713 1894 3064 1960 fermentum,
3116 1897 3357 1952 invalida
3408 1900 3519 1967 jam
3570 1911 3737 1952 erunt

2151 1983 2336 2037 omnia
2368 1999 2489 2053 qua:
2524 1984 2591 2039 ad
2618 1986 2949 2041 sacriﬁcium
2984 1999 3259 2058 spectant,
3296 1992 3601 2060 prresertim
3635 1992 3741 2045 Do-

2153 2073 2283 2128 mini
2314 2078 2506 2142 verba,
2546 2092 2669 2146 qua:
2700 2092 2894 2147 panem
2929 2087 2981 2134 et
3008 2081 3191 2135 vinum
3225 2097 3349 2137 cum
3385 2099 3529 2153 aqua
3562 2096 3739 2139 trans-

2152 2175 2369 2222 mutant
2445 2168 2498 2222 in
2559 2184 2760 2239 corpus
2830 2171 2951 2240 ejus
3008 2181 3062 2227 et
3123 2176 3516 2244 sanguinem?
3580 2177 3736 2243 Quod

2151 2270 2333 2314 autem
2371 2262 2537 2314 verba
2571 2261 2685 2316 haec
2733 2265 3017 2320 materiam
3053 2267 3202 2321 illam
3257 2279 3628 2326 transmittent
3681 2272 3736 2326 iu

2150 2368 2212 2409 ea
2249 2369 2369 2424 qua‘
2400 2355 2661 2421 diximus,
2710 2358 2837 2411 audi
2881 2375 2948 2413 ex
3003 2360 3187 2416 divino
3236 2362 3633 2434 Chrysostomo
3686 2367 3736 2419 in

2150 2447 2445 2511 oratione.
2517 2465 2639 2519 quae
2702 2451 3026 2527 inscribitur
3078 2470 3093 2507 :
3150 2454 3212 2507 Iu
3270 2453 3430 2509 Judw
3481 2459 3741 2524 proditio-

2151 2554 2308 2605 nem,
2368 2549 2416 2593 et
2483 2543 2761 2610 mysticam
2827 2539 3132 2598 Saluatoris
3194 2562 3437 2609 caenam,
3500 2558 3545 2599 et
3617 2564 3743 2600 ron-

2153 2643 2241 2687 tra
2300 2635 2543 2701 Judwos;
2604 2637 2873 2691 orationis
2927 2647 3107 2693 autem
3172 2639 3393 2695 initium
3436 2642 3542 2696 hoc
3596 2652 3678 2696 est
3728 2662 3739 2695 :

2150 2729 2412 2785 Volebam
2480 2745 2665 2795 sane,
2727 2729 3097 2795 dilectissimi,
3163 2746 3361 2787 rursus
3418 2736 3743 2800 patriarcha:

2151 2832 2554 2893 argumentum,
2588 2828 2697 2877 etc.
2727 2819 2893 2876 Adest
2925 2837 3072 2876 nunc
3117 2823 3281 2877 etiam
3316 2824 3574 2880 Christus
3625 2828 3745 2896 ipse

2150 2929 2394 2969 mensam
2432 2914 2574 2967 hanc
2628 2927 2836 2967 ornans
2885 2914 3032 2984 :qui
3094 2912 3242 2968 enim
3296 2924 3427 2970 tunc
3496 2932 3741 2971 mensam

2150 3007 2294 3061 illam
2322 3008 2558 3071 ornavit,
2587 3006 2730 3060 idem
2759 3022 2904 3060 nunc
2929 3016 2982 3060 et
3011 3008 3151 3061 hanc
3179 3009 3353 3076 ipsam
3384 3011 3741 3064 condecorat.

2149 3099 2336 3169 Neque
2362 3099 2504 3153 enim
2533 3102 2701 3153 homo
2762 3108 2864 3164 est,
2891 3100 2986 3168 qui
3023 3100 3155 3154 facit
3191 3112 3251 3154 ut
3280 3104 3560 3172 preposita
3615 3105 3746 3157 ﬁant

1736 3162 2047 3262 ἀλλ’,αὑτῗς
2078 3193 2118 3250 C
2152 3162 2349 3259 corpus
2372 3199 2425 3245 et
2456 3193 2683 3261 sanguis
2701 3162 2930 3257 Christi,
2955 3194 3046 3246 sed
3070 3196 3161 3262 qui
3195 3162 3295 3262 pro
3348 3162 3510 3251 nobis
3566 3201 3745 3249 cruri-

2157 3284 2294 3337 ﬁxus
2330 3291 2432 3345 est,
2470 3283 2585 3351 ipse.
2632 3282 2910 3338 Christus.
2966 3283 3230 3355 Figuram
3285 3298 3497 3341 tantum
3550 3304 3746 3358 gerens

2156 3376 2567 3439 statsacerdos,
2599 3384 2653 3429 et
2683 3390 2873 3444 preces
2898 3374 3073 3441 offert,
3101 3382 3229 3431 dum
3260 3381 3424 3433 verba
3457 3382 3543 3433 illa
3572 3398 3743 3434 enun-

2155 3468 2284 3530 tiat;
2322 3481 2509 3520 verum
2540 3466 2716 3534 gratia
2748 3478 2799 3519 et
2821 3468 3061 3522 ellicacia
3096 3467 3188 3521 Dei
3247 3480 3350 3533 est,
3379 3486 3500 3538 quze
3551 3488 3747 3541 opera-

2157 3568 2245 3612 tur
2273 3558 2475 3611 omnia.
2511 3556 2622 3610 Hoc
2661 3568 2762 3619 est,
2809 3558 3013 3627 inquit,
3073 3577 3261 3629 corpus
3319 3578 3528 3627 meum;
3584 3564 3747 3617 verba

2154 3653 2269 3705 hmc
2309 3651 2646 3720 prepositam
2697 3660 3071 3704 transmittant
3104 3655 3413 3707 materiam.
3446 3656 3510 3708 Et
3560 3672 3748 3726 queru-

2155 3741 2447 3795 admodum
2491 3756 2594 3793 vox
2635 3740 2769 3794 illa:
2815 3741 3046 3796 Crescite
3098 3754 3144 3797 et
3207 3746 3638 3812 multiplicamini
3700 3759 3749 3799 ct

2154 3833 2347 3901 replete
2372 3841 2571 3885 terram
2597 3833 2661 3897 ¹⁸,
2690 3834 2901 3900 prolata
2937 3835 3156 3903 quidem
3182 3846 3264 3890 est
3292 3838 3482 3901 semel,
3512 3839 3607 3893 sed
3639 3856 3753 3908 ρίτ-

2157 3927 2335 3997 petuis
2368 3926 2704 3995 temporibus
2735 3926 2793 3979 ﬁt
2844 3942 3001 3995 apus,
3072 3939 3319 3982 naturam
3382 3942 3629 3986 nostram
3682 3935 3747 3985 ad

2153 4019 2596 4087 procreationem
2625 4020 3030 4078 cetrcboransr
3064 4022 3138 4074 ita
3195 4033 3245 4076 et
3273 4025 3383 4079 haec
3418 4040 3517 4078 νος
3581 4043 3709 4080 senn
3738 4029 3752 4080 ι

2154 4116 2327 4170 missa
2370 4114 2547 4168 abilla
2591 4113 2775 4166 divina
2812 4115 3032 4183 lingua:
3076 4116 3189 4170 Iloc
3234 4129 3313 4171 est
3338 4136 3529 4187 corpus
3559 4135 3752 4183 ineiun,

2156 4208 2208 4263 in
2243 4209 2474 4279 singulis
2507 4209 2779 4263 altaribus
2803 4226 2896 4278 per
2927 4212 3196 4265 ecclesias
3220 4214 3423 4268 virtute
3443 4230 3542 4267 sua
3568 4216 3750 4275 i-llicit.

2156 4309 2216 4353 ut
2249 4301 2313 4355 ad
2345 4301 2487 4353 hanc
2530 4301 2672 4355 diem
2708 4310 2761 4354 et
2788 4317 2961 4368 usque
2991 4303 3054 4356 ad
3091 4302 3340 4357 futurum
3398 4305 3517 4375 ejus
3547 4309 3752 4358 advcn~

2156 4402 2271 4447 tun:
2305 4392 2640 4447 sacrificium
2671 4393 2943 4463 integrum
2973 4405 3282 4464 peragatur.
3317 4393 3375 4450 Si
3410 4412 3541 4466 ergo
3582 4401 3748 4451 verba

2158 4483 2987 4560 ha:ctransmutaiitmateriam
3017 4487 3361 4556 propositam
3435 4491 3486 4542 in
3552 4505 3752 4559 corpus

414 4560 424 4575 ‘
457 4563 557 4623 τὴν
590 4553 783 4607 Θυσίαν
824 4552 1255 4623 ἀπηρτισμένην
1298 4552 1613 4623 ἐργάζεται.
1653 4555 1713 4606 Εἰ
1766 4553 1860 4607 οῦν
1893 4556 2052 4609 τοῦτο
2085 4546 2129 4602 1)
2158 4592 2179 4628 ε

1992 4574 2052 4609 το
2085 4546 2129 4602 D
2158 4586 2213 4630 et
2237 4576 2561 4646 sanguinem
2604 4556 3209 4647 Christi,'eﬁiciuntque
3245 4590 3303 4634 ut
3326 4582 3437 4637 sint.
3471 4586 3751 4638 tremenda

456 4651 516 4702 τδ
544 4650 693 4719 ῥῆμα
721 4650 803 4712 εἰς
833 4648 996 4719 σῶμα
1028 4648 1271 4719 Χριστοῦ
1307 4650 1400 4701 καὶ
1433 4644 1573 4718 αἷμα
1602 4649 1672 4701 τὰ
1707 4651 2051 4721 προκείμενα

463 4745 770 4812 μεταποιεῖ,
799 4744 893 4795 καὶ
919 4743 1128 4811 φρικτὰ
1182 4745 1464 4813 μυστήρια
1497 4744 1894 4813 ἀπεργάζεται.
1928 4747 2051 4799 ἁδυ-

458 4838 611 4887 νατεῖ
637 4835 693 4887 δὲ
748 4835 921 4887 ταῦτα
959 4829 1098 4886 εἶναι
1147 4835 1334 4886 τέλεια
1392 4834 1481 4888 διὰ
1530 4836 1590 4887 τὸ
1651 4838 1726 4906 μὴ
1761 4838 1907 4907 ἔχειν
1958 4857 2048 4907 μι-

457 4928 598 4995 κρὰν
649 4928 852 4998 ζύμην,
914 4926 1099 4995 Θαῦμα
1130 4928 1196 4980 ἂν
1242 4929 1328 4998 εἴη
1360 4944 1374 4957 ·
1426 4930 1521 4981 καὶ
1552 4929 1728 4989 ταῦτα
1782 4933 1838 4983 ἐν
1878 4933 2050 5005 ταύτῃ

456 5022 521 5088 τῇ
580 5017 684 5089 ῦλῃ
730 5019 825 5071 τοῦ
860 5018 1101 5085 Χριστοῦ
1152 5018 1500 5083 τελέσαντος,
1536 5021 1612 5084 ὡς
1659 5023 2050 5092 προαποδέδει-

460 5127 607 5162 κται.

1158 5206 1349 5259 ΕΦΕΣ.

541 5297 655 5368 Ἆρ’
684 5294 783 5366 οὐχ
826 5298 985 5351 ἱκανὰ
1016 5298 1191 5354 ταῦτα
1236 5301 1336 5372 τὴν
1369 5301 1604 5372 γνώμην
1634 5305 1817 5358 αὐτῶν
1850 5307 2055 5361 διοιδεῖ-

458 5390 571 5456 ξαι,
602 5392 697 5444 καὶ
747 5392 827 5444 ὅτι
859 5392 961 5445 οὐκ
1006 5393 1267 5464 ἀληθείας
1301 5395 1535 5467 ἔρευναν
1572 5399 1889 5471 ποιούμενοι
1939 5406 2052 5467 τοῖς

454 5485 712 5547 Λατίνοις
760 5483 1046 5554 συνῆλθον,
1074 5486 1142 5557 ἦν
1188 5489 1247 5541 ἐν
1289 5491 1480 5558 χερσὶν
1516 5490 1735 5563 ἔχοντες
1783 5494 2054 5566 προδεδώ-

456 5595 640 5640 κασιν,
675 5577 811 5631 ἀλλὰ
859 5584 1229 5651 χρυσοχοῆσαι
1288 5583 1631 5653 βουλόμενοι,
1685 5589 1778 5643 καὶ
1831 5593 2053 5647 πεπλαο

457 5672 671 5743 σμένην
707 5672 808 5725 οὐκ
843 5672 1018 5745 ἀληθῆ
1050 5679 1428 5749 συστήσασθαι
1460 5680 1696 5748 ἓνωσινς

525 5882 571 5914 ⁸⁵
592 5881 730 5939 Gen.
758 5897 798 5949 ι,
823 5881 915 5939 28.

2161 4669 2461 4738 mysteria;
2502 4668 2703 4722 mirum
2748 4669 2993 4739 profecto
3040 4670 3229 4736 fuerit,
3267 4674 3310 4728 si
3368 4674 3614 4743 perfecta
3664 4675 3751 4727 illi

2159 4771 2281 4813 esse
2310 4774 2419 4813 non
2447 4774 2515 4829 p0
2551 4760 2681 4821 sint.
2717 4760 2861 4830 quo'd
2890 4777 2996 4814 non
3024 4762 3168 4816 adsit
3200 4763 3474 4818 modicum
3514 4763 3753 4818 ferruen~

2162 4862 2314 4915 tum;
2347 4854 2508 4923 idque
2537 4868 2660 4907 cum
2696 4854 2750 4907 in
2779 4854 2871 4908 tali
2918 4858 3145 4912 materia
3178 4858 3435 4914 Christus
3487 4860 3601 4929 ipse
3624 4876 3755 4914 con-

2164 4942 2375 5009 fccerit,
2405 4955 2459 5000 ut
2492 4945 2870 5014 probavimus.

2840 5226 3086 5285 EPHES.

2232 5317 2311 5371 An
2355 5333 2462 5373 non
2492 5319 2630 5375 satis
2676 5320 2794 5374 haec
2825 5331 2953 5375 sunt
2988 5322 3053 5375 ad
3078 5322 3479 5379 declarandum
3507 5325 3755 5382 animum

2160 5427 2374 5478 eorum,
2413 5413 2560 5482 quod
2585 5429 2695 5468 non
2723 5413 3049 5485 indaganda:
3072 5417 3325 5471 veritatis
3355 5419 3564 5485 studio,
3592 5437 3756 5491 quam

2164 5507 2217 5559 in
2258 5507 2510 5561 manibus
2546 5506 2812 5564 habentes
2875 5509 3197 5580 prodidere,
3261 5512 3316 5565 in
3393 5528 3565 5567 unum
3630 5533 3756 5571 cum

2167 5598 2381 5653 Latinis
2410 5614 2731 5656 convenere
2759 5602 2980 5670 locum;
3015 5603 3111 5659 sed
3141 5606 3429 5660 voluntate
3459 5610 3760 5678 cxpiscau-

2168 5693 2219 5746 di
2260 5708 2481 5760 aurum,
2516 5702 2572 5749 et
2602 5693 2810 5763 ﬁctam,
2847 5712 2954 5753 non
2992 5712 3178 5754 veram
3242 5699 3509 5756 unionem
3576 5706 3765 5760 conci-

2173 5785 2337 5840 liandi
2367 5786 2389 5839 ?
