4470 6452
707 389 797 451 131
1598 390 1978 449 GREGLTIHI
2028 391 2328 451 ΜᾹΜΜᾸΞ
2361 389 2471 448 CI‘.

1598 390 1978 449 GREGL-‘Illl
2028 391 2328 451 ΜΑΜΜᾸΞ
2361 389 2471 448 CI‘.
2521 388 2742 446 PKTHI
2771 387 3023 447 \RHLE

1397 505 1592 559 liliSl‘.

783 596 936 661 Quod
1010 611 1112 648 nos
1193 595 1480 648 veritatem
1542 598 1871 667 indagantes
1937 600 2142 668 potius,
2191 617 2287 671 per

704 704 824 742 eam
869 689 1150 756 conjuncti
1188 687 1458 740 fuerimus
1495 701 1622 742 cum
1650 688 1879 754 Latinis,
1923 701 2139 745 constat
2174 692 2288 757 pla-

707 795 772 832 ne
803 781 1088 841 otnnibus,
1127 780 1221 847 qui
1259 781 1646 834 contentiones
1713 796 1822 834 non
1860 792 2051 835 amant
2093 801 2104 836 :
2161 795 2284 834 nam

705 876 953 928 veritatis
987 873 1277 940 inquisitio
1313 889 1407 942 per
1449 885 1770 927 sanctorum
1831 875 2163 944 theologiam
2192 879 2287 929 ha-

703 967 810 1018 bita
849 974 954 1026 est,
988 981 1095 1017 non
1158 967 1364 1032 utipse
1422 966 1520 1022 ait.
1578 966 1723 1031 quod
1786 974 1841 1019 et
1893 965 2068 1035 ipsam
2123 982 2284 1035 quam

702 1058 1066 1118 habebamus,
1099 1061 1382 1110 veritatem
1414 1058 1846 1122 prodiderintus.
1885 1058 2145 1126 Alioquin
2185 1060 2286 1112 hoc

700 1150 846 1203 ident
881 1149 953 1204 de
995 1151 1190 1218 quavis
1237 1148 1569 1202 unumenica
1642 1151 1853 1218 synodo
1900 1149 2010 1205 dici
2077 1161 2283 1218 posset,

701 1242 890 1295 relicta
913 1242 1170 1296 videlicet
1199 1244 1368 1309 ptitna
1398 1241 1527 1308 fide,
1558 1244 1720 1296 aliain
1741 1259 1864 1298 csse
1888 1239 2044 1298 abiis
2060 1245 2281 1298 editam.

704 1332 902 1386 Verum
937 1335 1041 1388 hoc
1078 1350 1346 1401 nusquam
1402 1337 1671 1402 scriptum
1725 1343 1831 1397 est,
1895 1337 2042 1405 quod
2101 1337 2287 1404 expla-

702 1426 882 1478 nando
915 1441 1114 1477 novam
1142 1425 1302 1477 [idem
1362 1424 1683 1478 c0nderent.
1752 1426 1928 1494 Ilujus
1994 1427 2070 1480 rei
2130 1427 2288 1480 testis

700 1515 800 1565 erit
831 1527 885 1567 et
921 1525 1145 1568 sanctus
1172 1513 1441 1568 Maximus
1493 1515 1549 1568 itt
1579 1516 1673 1568 illo
1706 1525 1964 1580 tractatu,
2004 1518 2164 1585 cujus
2193 1534 2291 1569 an-

705 1616 787 1655 tea
827 1607 1159 1658 mentionem
1189 1604 1443 1659 fecimus.
1466 1604 1583 1670 Qua
1614 1607 1786 1669 enim,
1817 1607 2014 1674 inquit,
2048 1610 2283 1670 ratione,

698 1705 751 1748 et
785 1712 894 1764 quo
927 1706 1085 1764 pacto
1138 1706 1386 1748 sanctam
1429 1696 1936 1751 Chalcedonensem
1990 1700 2284 1767 synodum,

699 1803 825 1840 eum
856 1789 946 1840 illa
981 1789 1207 1843 Patrum
1246 1790 1472 1842 vocibus
1499 1798 1690 1857 aperte
1727 1805 1822 1842 usa
1858 1791 1951 1851 sit,
2014 1792 2282 1842 crimina-

3876 389 3972 454 132

3080 507 3287 563 ΑΠΟΛ.

2465 602 2588 652 Ὀτι
2638 600 2738 668 μὲν
2779 594 2874 651 οὖν
2906 599 3168 667 ἀληθείας
3211 601 3443 670 ἔρευναν
3477 601 3793 671 ποιούμενοι
3829 605 3969 670 μᾶλ-

2389 691 2500 752 λον,
2532 691 2623 743 διὰ
2661 690 2865 759 ταύτης
2907 691 3160 752 Λατίνοις
3201 689 3516 760 ήνώθημεν,
3567 692 3837 759 πρόδηλον
3877 693 3970 742 καὶ

2390 783 2624 850 φανερὸν
2655 785 2767 844 τοῖς
2815 783 2889 852 μὴ
2935 783 3266 849 φιλονεικεῖν
3298 784 3563 835 ἐθέλουσι·
3605 785 3693 835 διὰ
3732 785 3841 852 γὰρ
3873 783 3970 850 τῆς

2389 875 2498 926 τῶν
2528 873 2700 938 ἁγίων
2745 874 3028 940 θεολογίας
3072 876 3102 943 ἡ
3138 874 3336 944 ἔρευνα
3369 877 3584 942 γέγονε,
3628 877 3722 929 καὶ
3771 877 3868 946 οὐχ
3895 877 3972 938 ὼς

2389 967 2551 1027 αὑτός
2608 984 2796 1036 φησιν,
2853 968 2934 1018 ὅτι
2984 966 3409 1036 προδεδώκαμεν
3459 973 3556 1021 καὶ
3606 969 3672 1037 ἦν
3722 970 3967 1036 εἴχομεν·

2389 1059 2550 1112 τοῦτο
2580 1060 2688 1126 γὰρ
2715 1060 2807 1112 καὶ
2836 1059 2928 1111 ἐπὶ
2958 1063 3140 1130 πάσης
3176 1063 3566 1131 οίκουμενικῆς
3600 1065 3823 1115 συνόδου
3849 1063 3967 1116 ἐλέ-

2389 1168 2519 1218 γετο
2551 1152 2640 1212 ἂν,
2674 1153 2757 1204 ὅτι
2804 1152 2901 1220 τὴν
2953 1153 3181 1222 πρώτην
3232 1155 3416 1207 πίστιν
3453 1157 3739 1217 ἐάσαντες,
3773 1155 3972 1222 ἑτέραν

2395 1243 2573 1312 ἔσχον.
2619 1243 2760 1296 Ἀλλ’
2793 1244 3032 1312 οὐδαμοῦ
3068 1245 3225 1298 τοῦτο
3269 1245 3603 1314 γέγραπται,
3637 1248 3718 1298 ὅτι
3750 1245 3837 1297 διὰ
3869 1246 3972 1312 τῆς

2392 1334 2753 1399 ἐξαπλώσεως
2782 1335 2974 1403 ἑτέραν
3004 1336 3188 1387 πίστιν
3221 1337 3398 1405 ἔσχον.
3428 1338 3783 1408 Μαρτυρήσει
3812 1336 3974 1390 τοῦτο

2392 1426 2484 1474 κίἰ
2520 1427 2546 1476 ὁ
2591 1427 2646 1474 ἐν
2681 1426 2858 1491 ἁγίοις
2907 1425 3158 1494 Μάξιμος
3209 1428 3266 1478 ἑν
3317 1429 3394 1497 τῷ
3425 1429 3972 1497 προμνημονευθέντι

2391 1517 2535 1583 λόγῳ
2583 1517 2775 1568 αἰτοῦ·
2809 1519 2945 1586 φησὶ
2982 1519 3112 1586 γάρ·
3148 1519 3267 1568 Τίνι
3300 1518 3444 1588 λόγῳ
3489 1522 3584 1571 καὶ
3617 1521 3733 1582 πῶς
3775 1520 3874 1589 τὴν
3917 1527 3976 1573 ὲν

2393 1606 2700 1673 Καλχηδόνι
2730 1607 2892 1672 ἁγίαν
2939 1609 3179 1671 σύνοδον,
3214 1609 3394 1661 καίτοι
3449 1613 3743 1678 πατρικαῖς
3774 1612 3975 1678 προδὴο

2391 1697 2494 1755 λως
2528 1700 2998 1766 ἁποχρησαμένην
3030 1703 3255 1767 φωναῖς,
3287 1702 3559 1761 αἱτιᾶσθε,
3595 1702 3690 1754 καὶ
3717 1705 3788 1762 ὡς
3815 1704 3976 1755 ἄλλον

2394 1789 2630 1848 πίστεως
2670 1791 2794 1857 ὅρον
2830 1791 3185 1856 εἰσάγουσαν,
3217 1791 3346 1859 τῇδε
3391 1792 3616 1843 κάκεῖσε
3650 1797 3740 1846 καὶ
3770 1793 3975 1861 ἐγγρά-

701 1878 875 1932 tnini?
906 1889 957 1929 ct
986 1879 1144 1947 quasi
1170 1894 1366 1931 novatn
1402 1879 1519 1931 litlei
1554 1879 1939 1932 deﬁnitionem
2017 1879 2282 1932 c0ndide-
2319 1875 2362 1932 B
2395 1899 2466 1946 φα

2207 1879 2282 1931 le-
2319 1875 2362 1932 B
2395 1897 2506 1946 φως
2548 1883 2641 1932 καὶ
2690 1883 2955 1948 ἀγράφως
2999 1884 3384 1953 διαλοιδορεῖτε
3418 1887 3512 1937 καὶ
3551 1885 3929 1937 διασκώπτετε
3960 1904 3972 1949 ;

699 1972 792 2032 rit,
834 1975 1038 2040 passim
1072 1972 1339 2025 conviciis
1388 1972 1534 2023 illam
1569 1980 1679 2023 tum
1707 1972 1955 2040 scriptis,
2029 1983 2141 2025 tum
2197 1972 2287 2025 di-

697 2068 801 2119 ctis
832 2065 1186 2133 proscinditis
1210 2066 1232 2118 ?
1255 2062 1459 2124 Nolite,
1518 2066 1697 2134 inqttit
1727 2067 2013 2130 Dominus,
2035 2066 2289 2132 judicare

696 2162 982 2212 set-mulum
1015 2159 1227 2226 facien,
1274 2159 1365 2212 sed
1389 2160 1602 2227 justum
1637 2160 1904 2226 judicium
1936 2159 2182 2226 judicale
2211 2159 2278 2212 ¹⁶.

697 2253 806 2305 Cur
839 2254 891 2303 itt
923 2269 1029 2304 una
1063 2251 1368 2319 eademque
1401 2251 1628 2302 materia
1664 2249 1731 2302 tle
1768 2248 2026 2301 Ρλιιτιιιιιέ
2087 2251 2285 2318 synodi

696 2344 1167 2398 Chalcedonensis
1216 2342 1538 2410 conquerim
1569 2343 1646 2404 tti,
1679 2351 1733 2394 ct
1778 2342 2123 2412 antiquiores
2187 2343 2289 2397 hoc

697 2439 1067 2510 ipsaet-liniue
1097 2436 1383 2491 liberatis?
1435 2435 1569 2488 Nam
1613 2436 1655 2487 si
1697 2436 1825 2488 licet
1856 2450 2122 2490 accusare
2183 2438 2288 2488 Pa-

697 2548 812 2588 tres
843 2533 1321 2587 Chalcedonensis
1365 2531 1611 2593 concilii,
1641 2541 1699 2582 ttt
1734 2529 1896 2582 aliam
1963 2530 2087 2582 lidei
2149 2531 2287 2583 deli-

694 2632 963 2684 nitiuttem
991 2628 1427 2697 promulgantes,
1455 2642 1521 2678 eo
1546 2625 1690 2694 quod
1722 2641 1885 2678 voces
1909 2626 2287 2690 adltihuerinl,

694 2739 817 2791 quae
853 2738 961 2774 non
993 2722 1267 2774 habentur
1300 2720 1354 2772 in
1422 2718 1747 2772 deﬁnitione
1777 2719 1995 2772 Patrum
2035 2719 2291 2772 Nicano-

695 2835 814 2870 rutn
856 2834 870 2880 ;
905 2820 1159 2885 sequitur
1183 2816 1434 2878 omnino,
1469 2826 1529 2868 ut
1586 2817 1688 2867 hoc
1755 2815 1896 2868 idem
1935 2815 2004 2868 oh
2038 2816 2285 2868 eamdem

699 2927 924 2964 causam
971 2912 1077 2964 dici
1121 2911 1299 2980 possit
1343 2919 1397 2962 et
1431 2919 1624 2961 contra
1661 2906 1952 2977 Cyrillum,
1993 2917 2047 2960 et
2095 2916 2288 2961 contra

694 3014 915 3056 centum
954 3004 1355 3071 quinquaginta
1394 3001 1586 3055 Patres
1623 3018 1636 3053 :
1676 3002 1771 3054 sed
1807 3001 1851 3055 si
1916 3001 1980 3053 tle
2016 3001 2124 3054 illis
2188 3002 2290 3053 hoc

693 3097 801 3148 dici
841 3111 948 3149 non
981 3095 1130 3159 iiCt'l,
1173 3109 1282 3146 non
1319 3093 1478 3147 video
1504 3110 1603 3147 cur
1635 3093 1796 3146 liceat
1821 3094 1886 3146 de
1915 3092 2019 3147 hac
2053 3094 2287 3163 synodo.

695 3190 852 3254 Quod
892 3190 1060 3258 igitur
1096 3195 1356 3257 paternas
1395 3187 1567 3241 secuti
1601 3200 1784 3247 voces,
1840 3200 1934 3254 per
1967 3199 2061 3238 eas
2121 3186 2285 3239 unio-
2311 3225 2355 3288 Ο

693 3301 818 3344 nem
855 3283 1271 3354 perfecerimus,
1298 3281 1411 3351 jam
1465 3281 1911 3333 demonstratum
1944 3285 2031 3330 est
2062 3294 2075 3329 :
2115 3277 2288 3332 idcir-

689 3396 757 3434 co
791 3394 891 3432 nec
925 3379 1049 3447 jure
1087 3392 1189 3430 nos
1217 3375 1524 3435 insimulat,
1572 3372 1716 3442 quod
1756 3370 2072 3436 renitatem,
2105 3388 2227 3441 qua:
2258 3387 2287 3425 a

699 3473 862 3526 nobis
899 3481 1039 3533 erat,
1080 3469 1513 3539 prodiderimus.
1549 3465 1656 3520 Sed
1691 3480 1872 3533 neque
1895 3479 2033 3516 auro
2066 3464 2287 3518 inhian-

691 3576 774 3621 tes
814 3568 1074 3619 unionem
1121 3563 1463 3618 coniecimus
1492 3579 1504 3624 ;
1530 3576 1652 3612 nam
1675 3568 1728 3613 et
1757 3560 1874 3627 ipse
1899 3573 2056 3625 mque
2094 3574 2158 3612 ac
2185 3574 2285 3611 nos

690 3660 999 3713 constituta
1031 3657 1236 3710 salaria
1294 3652 1571 3715 sumebat,
1616 3662 1671 3706 et
1743 3666 2032 3703 nummum
2092 3662 2287 3701 aureo-

689 3771 810 3806 rum
841 3767 1042 3821 expers
1074 3766 1182 3804 non
1212 3759 1373 3803 erat:
1411 3748 1546 3816 quin
1581 3747 1746 3800 etiam
1781 3745 1848 3798 de
1873 3744 2134 3813 pecunia,
2163 3757 2286 3810 qua:

690 3847 796 3898 Itnc
831 3845 998 3896 missa
1032 3851 1149 3895 erat
1187 3841 1253 3894 ad
1289 3849 1668 3893 commeatum
1722 3835 2122 3905 navigationis,
2183 3846 2285 3886 nec

695 3953 800 3987 non
837 3934 1102 3998 Venetiis,
1163 3943 1216 3987 et
1255 3939 1543 3984 menstrua
1603 3945 1725 3997 quae
1778 3929 2055 3981 dabantur
2119 3926 2282 3989 inibi,

690 4030 949 4083 similiter
988 4037 1041 4081 et
1079 4027 1195 4094 ipse
1240 4024 1571 4092 accipiebat.
1605 4019 1803 4076 Nescio
1828 4035 2018 4091 porro,
2056 4035 2124 4072 an
2153 4018 2283 4087 quia

691 4123 871 4176 sattt‘ti
907 4120 1141 4189 Eugenii
1165 4116 1486 4186 depinxerit
1518 4117 1838 4184 imaginem,
1891 4123 1946 4168 ut
1982 4129 2101 4167 eam
2131 4127 2285 4183 papze

687 4218 948 4276 ollerret,
1005 4221 1058 4265 et
1121 4223 1437 4263 sermonem
1507 4205 1575 4259 ad
1641 4221 1767 4260 eum
1835 4204 2153 4274 scripserit,
2225 4204 2280 4255 itt

2394 1975 2489 2040 Μὴ
2527 1977 2656 2027 κατ’
2684 1976 2829 2042 ὄψιν
2853 1978 3117 2043 κρίνητε,
3151 1979 3238 2030 διὰ
3270 1980 3359 2030 τὸν
3383 1981 3608 2033 εἰπῐντα
3637 1982 3788 2046 Θεὸν,
3815 1981 3980 2034 ἀλλὰ

2395 2069 2509 2133 τὴν
2539 2067 2780 2120 δικαίαν
2817 2071 3022 2135 κρίσιν
3050 2072 3313 2137 κρίνατε.
3350 2072 3446 2133 Τίς
3488 2077 3518 2139 ἡ
3556 2075 3646 2124 ἐπὶ
3676 2074 3773 2140 τῆς
3804 2073 3979 2140 αὐτῆς

2395 2161 2489 2210 καὶ
2547 2160 2672 2226 μιᾶς
2727 2160 3037 2224 ὑποθέσεως
3090 2163 3198 2213 τῶν
3249 2164 3307 2213 ἐν
3362 2165 3666 2234 Καλχηδόνι
3716 2167 3979 2229 Πατέρων

2395 2250 2654 2318 ἔγκλησις
2690 2251 2866 2318 ὑμῶν,
2901 2253 2994 2304 καὶ
3041 2254 3124 2316 τίς
3170 2257 3203 2322 ἡ
3241 2255 3350 2306 τῶν
3393 2257 3782 2325 προλαϐόντων
3813 2259 3979 2328 ἀναῤ-

2396 2345 2588 2412 ρησιςς
2631 2345 2687 2395 Εἰ
2735 2345 2842 2414 γάρ
2877 2347 2995 2398 ἑστι
3040 2348 3183 2399 κατὰ
3233 2348 3328 2418 τῆς
3383 2350 3778 2420 Καλχηδονέων
3815 2352 3978 2405 ἄλλον

2395 2438 2676 2489 αἰτιᾶσθαι
2709 2440 2950 2501 πίστεως
2983 2440 3110 2508 ὅρον
3135 2441 3224 2494 διὰ
3256 2443 3351 2506 τὰς
3396 2446 3494 2495 οὐκ
3541 2446 3868 2513 ὲγκειμένας
3900 2446 3978 2516 τῷ

2393 2531 2503 2600 ὅρῳ
2549 2530 2646 2597 τῆς
2691 2531 2946 2584 Νικαέων
2992 2527 3200 2601 φωνὰς,
3245 2536 3404 2588 τοῦτό
3440 2553 3500 2604 γε
3535 2539 3754 2602 πάντως
3788 2541 3980 2608 ἕψεται

2391 2627 2575 2692 λέγειν
2602 2627 2688 2678 διὰ
2716 2627 2814 2695 τὴν
2850 2627 3020 2697 αὐτὴν
3053 2626 3236 2678 αἰτίαν
3274 2628 3364 2680 καὶ
3399 2632 3540 2680 κατᾶ
3578 2631 3851 2699 Κορίλλου
3887 2631 3980 2681 καὶ

2394 2719 2535 2772 κατὰ
2562 2719 2671 2769 τῶν
2706 2719 2900 2770 ἑκατὸν
2939 2720 3301 2786 πεντήκοντα·
3343 2722 3390 2771 εἰ
3421 2721 3477 2772 δὲ
3511 2721 3630 2772 κατ’
3666 2724 3848 2774 αὐτῶν
3878 2725 3977 2774 οὐκ

2394 2811 2531 2874 ἐστι,
2567 2811 2680 2870 πῶς
2730 2809 2849 2861 κατ’
2878 2809 3118 2877 ἐκείνης,
3160 2811 3396 2862 συνιδεῖν
3427 2813 3526 2862 οὐκ
3559 2815 3684 2880 ἔχω.
3713 2813 3836 2864 Ὀτι
3889 2811 3982 2866 οὖν

2394 2907 2689 2974 πατρικαῖς
2724 2905 2983 2972 ἑπόμενοι
3016 2903 3360 2971 φωναῖς,.διὰ
3407 2907 3611 2957 τούτων
3650 2908 3746 2975 τὴν
3781 2907 3979 2959 ἕνωσιν

2396 2999 2787 3066 πεποιήκαμεν
2835 2997 3238 3048 ἀποδέδεικται·
3275 2997 3356 3047 διὸ
3404 2997 3524 3047 οὐδὲ
3557 2998 3782 3060 δικαίως
3819 2999 3986 3065 ξ’γκα-

2393 3090 2495 3147 λεῖ,
2525 3090 2606 3141 ἔτι
2747 3090 2969 3156 εἴχομεν
3000 3088 3448 3155 προδεδώκαμεν·
3483 3088 3598 3139 ἀλλ’
3635 3091 3756 3142 οὐδὲ
3790 3110 3986 3159 χρυσο-

2398 3183 2597 3253 χοῆσαι
2643 3180 2964 3249 βουλόμενοι
3018 3180 3118 3248 τὴν
3169 3180 3367 3231 ἕνωσιν
3423 3179 3831 3250 πεποιήκαμεν·
3891 3187 3985 3235 καὶ

2398 3277 2507 3343 γὰρ
2532 3273 2624 3326 καὶ
2651 3272 2814 3334 αὐτὸς
2840 3270 3041 3340 ὁμοίως
3075 3272 3207 3339 ἡμῖν
3232 3271 3291 3323 τὸ
3324 3273 3660 3340 τεταγμένον
3689 3274 3984 3341 ἐλάμϐανς,

2399 3366 2492 3417 καὶ
2524 3362 2632 3416 τῶν
2665 3363 2941 3432 χρυσίνων
2971 3362 3262 3432 στατήρων
3294 3363 3394 3414 οὑκ
3424 3364 3694 3433 ἀμέτοχος
3730 3360 3820 3433 ἦν·
3851 3367 3986 3419 ἀλλὰ

2400 3458 2489 3510 καὶ
2522 3459 2584 3508 ὲκ
2616 3457 2725 3507 τῶν
2758 3455 3067 3508 σταλέντων
3101 3454 3343 3507 ἐνταῦθα
3378 3457 3448 3508 δι’
3474 3458 3660 3526 ἐφόδια
3697 3459 3791 3510 τοῦ
3826 3459 3986 3525 πλοῦ,

2398 3551 2491 3602 καὶ
2547 3553 2603 3601 ἐν
2653 3551 2716 3618 τῇ
2757 3549 3001 3619 Βενετίᾳ,
3052 3549 3147 3600 καὶ
3193 3550 3255 3601 τὸ
3301 3552 3444 3603 κατὰ
3506 3553 3655 3620 μῆνα
3709 3553 3987 3622 διδόμενον

2397 3646 2604 3708 ἐκεῖσε,
2639 3643 2845 3712 ὁμοίως
2877 3643 3210 3712 ἐλάμϐανεν.
3247 3645 3363 3696 Οὐκ
3409 3643 3635 3712 οἴδαμεν
3663 3646 3741 3710 δὲ,
3775 3649 3821 3699 εἰ
3855 3647 3988 3700 διότι

2393 3738 2485 3790 τὸν
2517 3736 2671 3804 ᾶγιον
2714 3736 2974 3804 Εὑγένιον
3004 3738 3314 3806 ἱστόρησεν,
3344 3737 3430 3789 ἵνα
3451 3736 3615 3808 ,δὼσῃ
3646 3738 3722 3808 τῷ
3760 3741 3984 3811 πάππα,

2395 3831 2487 3881 καὶ
2519 3831 2600 3881 ὅτι
2645 3832 3107 3899 προσφωνητικὸν
3160 3831 3372 3901 ἔγραψε
3418 3832 3555 3901 πρὸς
3591 3836 3823 3900 ἐκεῖνον,
3853 3837 3993 3903 γρᾶ-

2397 3939 2514 3989 φων
2545 3922 2638 3973 καί
2676 3921 2854 3973 τοῦτο·
2895 3924 3074 3993 Πάτερ
3117 3923 3398 3992 Ἄδραὰμ,
3428 3923 3634 3993 ἐπαρον
3668 3926 3766 3987 τὰς
3799 3927 3992 3995 χεῖράς

2397 4032 2516 4076 σου,
2565 4015 2660 4067 καὶ
2695 4017 2998 4084 εὐλόγησον
3025 4020 3092 4068 τὰ
3125 4017 3293 4070 τέκνα
3337 4036 3430 4069 σου
3460 4018 3669 4088 ἥκοντα
3703 4019 3765 4084 ὗε
3804 4021 3943 4091 ἑῴας
3975 4040 3986 4054 ·

2395 4112 2490 4161 καὶ
2546 4107 2621 4178 μὴ
2671 4108 2855 4160 λαϐὼν
2887 4110 3241 4180 ἀντιμισθίαν
3279 4112 3507 4180 τούτων,
3543 4115 3678 4184 μηδὲ
3725 4133 3990 4185 χρυσοχο-

2395 4205 2556 4272 ήσας,
2591 4204 2658 4256 τὰ
2693 4204 2920 4256 τοιαῦτα
2957 4206 3270 4272 ἐρεύγεται.

687 4326 797 4378 quo
832 4319 1030 4378 praeter
1090 4306 1196 4358 alia
1282 4303 1549 4358 dicebat:
1613 4300 1774 4355 Pater
1818 4301 2144 4359 Abraham,
2198 4297 2351 4350 eleva
2396 4313 2592 4351 manus
2654 4311 2797 4362 tuas,
2868 4311 2922 4354 et
2977 4301 3208 4356 henedie
3268 4303 3391 4357 [iliis
3451 4303 3583 4366 tuis,
3627 4304 3718 4374 qui
3771 4305 3864 4359 tibi
3928 4306 3994 4358 ab

685 4413 898 4455 (ΗΜ-1116
933 4401 1159 4454 veniunt
1194 4417 1208 4462 ;
1245 4409 1303 4452 et
1354 4398 1490 4452 nihil
1524 4414 1589 4453 ex
1628 4412 1694 4451 eo
1733 4395 2009 4451 mercedis
2055 4392 2336 4456 habuerit,
2379 4409 2481 4448 nec
2517 4410 2714 4448 aurum
2779 4396 3098 4465 expiscatus
3167 4397 3383 4465 fuerit;
3426 4399 3748 4469 hujnsmodi
3824 4402 3990 4456 verba

686 4508 918 4554 mactet.

766 4691 870 4747 Sed
904 4689 1374 4762 quemadmodum
1411 4703 1554 4741 cum.
1596 4687 1706 4741 illis
1747 4684 2033 4755 conjuncti
2062 4683 2287 4744 fuerint,

687 4787 1177 4844 t‘ttllSidCl‘alllilllll.
1205 4784 1341 4839 Nam
1370 4800 1533 4839 omne
1557 4783 1703 4852 quod
1751 4799 1875 4836 cum
1917 4781 2025 4834 alio
2051 4778 2286 4846 conjun-

687 4888 856 4951 gitur.
898 4898 994 4952 per
1032 4881 1258 4951 aliquod
1292 4887 1443 4934 certe
1476 4878 1719 4932 medium
1745 4877 1955 4929 unitur.
1996 4873 2152 4940 Quod
2184 4871 2281 4939 igi-

691 4987 778 5026 tur
811 4971 876 5024 ad
911 4973 1244 5025 sententiam
1277 4970 1342 5024 de
1368 4969 1576 5038 Spiritu
1632 4981 1832 5022 sancto
1885 4966 2107 5028 attinet,
2181 4963 2287 5016 visi

693 5081 821 5119 sunt
852 5065 960 5118 illis
994 5065 1284 5134 conjungi,
1322 5064 1641 5118 sancientes
1677 5063 1830 5114 illum
1864 5076 1892 5114 a
1917 5060 2055 5114 Filio
2118 5057 2287 5114 etiam

688 5176 844 5215 suam
878 5158 1295 5213 subsistentiam
1337 5156 1579 5221 habere;
1618 5164 1673 5208 at
1705 5166 1906 5210 etetera
1949 5153 2138 5209 omnia
2187 5150 2293 5203 dif-

686 5255 895 5320 ierunt,
935 5267 1037 5306 nec
1070 5261 1153 5307 est
1187 5252 1330 5305 inter
1363 5265 1463 5306 eos
1487 5248 1788 5320 quidquam
1820 5263 2017 5312 unttm,
2051 5255 2147 5300 aut
2173 5258 2288 5297 meo

687 5348 859 5410 (lium,
897 5356 990 5400 aut
1016 5360 1335 5401 commune.

772 5438 775 5441 ’
1376 5437 1580 5493 RESP.

752 5531 866 5587 Nos
909 5533 1090 5588 medio
1115 5533 1180 5588 ad
1215 5533 1481 5587 unionem
1508 5533 1589 5588 usi
1621 5547 1816 5587 sumus
1851 5531 2125 5604 theologia
2157 5547 2283 5586 san-

683 5637 926 5687 etorum,
964 5640 1075 5678 non
1107 5625 1302 5680 relicto
1328 5639 1413 5690 eo,
1451 5625 1596 5695 quod
1632 5634 1794 5679 antea
1837 5625 2191 5689 tenebamus,
2229 5633 2287 5678 ut

683 5717 790 5786 jam
823 5719 956 5771 satis
1000 5721 1136 5773 bene
1201 5716 1612 5788 perSpicueque
1664 5716 2111 5772 demonstratum
2176 5723 2280 5769 est.

795 5899 837 5930 “
865 5898 1025 5957 Joan.
1054 5915 1150 5963 \‘tl,
1193 5899 1283 5954 9.5.

3105 4587 3291 4639 ΕΦΕΣ.

2466 4683 2602 4736 Τίνα
2623 4683 2677 4735 δὲ
2707 4683 2800 4734 καὶ
2826 4683 3031 4748 τρόπον
3057 4681 3245 4742 αὐτοῖς
3269 4679 3583 4749 ήνώθησαν,
3610 4681 3992 4736 ἐπισκεπτέον.

2397 4775 2512 4828 Πᾶν
2564 4778 2675 4843 γὰρ
2729 4775 2790 4825 τὸ
2837 4771 3012 4842 ἑτέρῳ
3063 4771 3357 4840 ἑνούμενον
3389 4769 3456 4822 δι’
3489 4771 3605 4832 ἑνός
3637 4787 3782 4832 τινος
3824 4774 3994 4840 μέσου

2396 4871 2615 4931 πάντως
2650 4867 2888 4922 ἑνοῦται.
2923 4869 3000 4936 Τῇ
3035 4869 3133 4936 μὲν
3166 4861 3260 4918 οὖν
3291 4865 3419 4934 δόξῃ
3445 4868 3512 4935 τῇ
3546 4865 3676 4935 περὶ
3706 4864 3800 4917 τοῦ
3831 4865 3992 4932 ἁγίου

2397 4960 2725 5030 Πνεύματος
2772 4958 2962 5023 ἔδοξαν
3001 4956 3274 5025 ἑνωθῆναι
3327 4959 3425 5008 σὺν
3474 4956 3681 5020 αὐτοῖς,
3714 4956 3995 5024 ἀποφηνά-

2401 5072 2556 5125 μενοι
2592 5057 2685 5107 καὶ
2715 5055 2778 5105 ὲκ
2810 5052 2899 5104 τοῦ
2934 5050 3062 5102 Υἱοῦ
3108 5051 3268 5101 τοῦτο
3312 5050 3459 5117 ἔχειν
3495 5047 3595 5117 τὴν
3637 5046 3896 5116 ὓπαρξινο
3927 5046 3996 5099 τὰ

2397 5146 2609 5200 δ’ἄλλα
2667 5147 2848 5196 πάντα
2907 5143 3166 5211 διάφορα,
3206 5143 3302 5194 καὶ
3337 5140 3490 5194 οὐδὲν
3549 5143 3607 5192 ὲν
3665 5141 3850 5202 αὐτοῖς
3914 5137 3992 5205 ἒν,

2397 5241 2518 5294 osa:
2556 5240 2748 5311 μέσον,
2784 5239 2903 5292 οὐδὲ
2938 5241 3136 5290 κοινόν.

3091 5421 3296 5473 ΑΠΟΛ.

2481 5521 2676 5590 Ἡμεῖς
2725 5517 2810 5570 διὰ
2849 5517 3021 5586 μέσου
3054 5513 3347 5582 ἡνώθημεν
3381 5513 3475 5583 τῆς
3522 5513 3630 5566 τῶν
3673 5511 3846 5578 ἁγίων
3881 5507 4001 5563 θεο-

2396 5615 2607 5683 λογίας,
2657 5614 2719 5665 οὑ
2757 5611 3156 5672 καταλιπόντες
3202 5611 3266 5679 ἣν
3311 5609 3532 5678 εἴχομεν
3587 5606 3877 5677 πρότερον,
3919 5603 3997 5666 ὼς

2397 5707 2893 5780 προαποδέδεικται
2943 5705 3088 5774 μάλα
3126 5703 3308 5767 καλῶς
3347 5704 3439 5757 καὶ
3477 5699 3814 5774 περιφανῶς·
3852 5697 3999 5752 κατὰ
