4470 6452
457 381 552 441 133

1683 371 1983 428 CUNTRA
2024 363 2456 425 EPIIESIUM.

3597 365 3693 426 134

450 496 554 556 γὰρ
582 491 647 541 τὰ
683 488 889 543 ἄνωθεν
922 489 1187 559 εἰρημένα
1221 490 1370 556 παρὰ
1401 488 1510 539 τῶν
1541 487 1813 552 θεοφόρων
1849 482 2022 534 Πατέο
2056 483 2096 538 Λ
2126 476 2215 530 Nat

1933 482 2022 533 τέο
2056 483 2096 538 Λ
2126 476 2258 530 Nam
2292 477 2447 542 juxta
2481 491 2644 545 supra
2705 478 2901 532 citatas
2949 479 3250 533 ςειιῑυιιιὶεε
3300 479 3519 531 Patrum
3582 483 3693 535 [ιι-ο

457 597 564 646 ρων
598 584 706 630 πᾶν
755 580 815 629 τὺ
844 578 1243 645 ἐξαπλούμενον
1274 581 1366 629 καὶ
1395 574 1893 642 ἐπεξεργαζόμενον
1917 572 2018 623 οὐκ

454 672 752 738 ἀνατρέπει
800 672 862 720 τὸ
894 669 1130 735 πρῶτον.
1173 670 1270 718 οῦκ
1301 668 1518 726 ἀλλοιοῖ,
1555 666 1668 717 ἀλλ’
1701 664 1807 714 οὐδ’
1835 665 2016 729 ἀμαυ-

457 763 540 829 ροῖ
574 760 682 812 οὐδ’
719 757 996 826 ἀφανίζει,
1036 759 1171 810 ἀλλὰ
1216 757 1416 825 μᾶλλον
1459 755 1745 820 συνίστησι
1781 754 1874 804 καὶ
1906 752 2020 802 δια-

448 854 661 920 τρανοῖ,
691 854 786 903 καὶ
818 849 1197 919 φανερώτερον
1224 845 1700 914 καθίστησιν.”οτι
1727 845 1781 895 δὲ
1818 843 2018 912 ἀληθὴς

449 942 481 1008 ἡ
511 943 637 1008 περὶ
666 939 762 992 τοῦ
792 941 952 1005 ἁγίου
985 940 1298 1006 ιῐνεύματος
1329 936 1452 1000 δόξα
1478 938 1509 1004 ἠ
1539 937 1631 985 καὶ
1657 936 1718 984 ἐκ
1741 932 1834 985 τοῦ
1864 931 2017 994 Υίοῦ,

450 1032 965 1100 προαποδέδεικται,
1006 1033 1087 1081 ὅτι
1119 1029 1227 1082 τῶν
1267 1027 1550 1096 μακαρίων
1580 1025 1842 1094 Πατέρων
1873 1024 2020 1075 ἐστὶν

450 1125 484 1193 ὴ
521 1123 670 1192 φωνὴ
722 1123 884 1192 αὕτη.
936 1122 1226 1188 Μεσότητα
1280 1120 1334 1170 δέ
1371 1118 1482 1170 οὐδ’
1527 1117 1663 1178 ὅλως
1715 1119 2020 1184 ἐνοήσαμιν

450 1214 638 1280 ἄλλην,
676 1216 724 1265 εί
777 1214 853 1281 μὴ
915 1215 1016 1278 τὴν
1070 1212 1351 1278 ἀλήθειαν,
1400 1211 1465 1278 ἢν
1504 1211 1597 1260 καὶ
1647 1208 1943 1278 Γρηγόριος
1993 1207 2020 1257 ὁ

451 1304 712 1368 θεολόγος
750 1303 908 1372 φησί’
940 1301 1231 1369 Μεσότητα
1281 1300 1335 1351 δὲ
1384 1301 1512 1351 ὅταν
1567 1301 1725 1361 εἴπω,
1759 1301 1854 1364 τὴν
1894 1296 2023 1376 ἁλῖήο

453 1395 606 1447 θειαν
634 1393 798 1461 λέγω·
825 1393 920 1446 καί
949 1392 1204 1461 ἀλλαχοῦ·
1243 1389 1432 1456 Ἡμεῖς
1459 1390 1514 1441 δὲ
1552 1391 1650 1458 τὴν
1695 1390 1865 1457 μέσην
1905 1377 2020 1439 ὁδον
2053 1415 2056 1418 ~

454 1485 550 1536 καὶ
582 1484 866 1552 βασιλικὴν
912 1483 1243 1551 βαδίζοντες,
1281 1485 1337 1533 ἐν
1460 1481 1549 1531 καὶ
1580 1480 1639 1530 τὸ
1671 1480 1777 1530 τῶν
1813 1478 2022 1547 ἀρετῶν

450 1576 684 1641 ἕστηκεν
733 1575 1055 1642 ἀκρότατον.
1100 1575 1316 1641 Ταύτην
1378 1574 1546 1640 μόνην
1599 1574 1696 1641 τὴν
1748 1573 2020 1640 μεσότητα

450 1664 547 1713 καὶ
574 1665 734 1732 ἡμεῖς
770 1665 856 1716 ἀεὶ
888 1664 1193 1731 στέργομεν
1229 1663 1452 1732 κυρίως,
1487 1663 1684 1722 εἰδότες
1720 1665 1804 1712 ὅτι
1835 1661 1891 1711 τὸ
1929 1660 2020 1727 μέ-

450 1769 543 1804 σον
577 1755 694 1804 ὲστὶ
720 1754 815 1805 καὶ
842 1755 1101 1819 ἐνούσιον,
1138 1755 1205 1804 τὰ
1231 1754 1287 1804 δὲ
1320 1754 1449 1820 παρ’
1474 1753 1708 1820 ἑκάτερα
1735 1751 1826 1802 τοῦ
1856 1751 2019 1818 μέσου

449 1844 618 1896 κακία
662 1845 946 1906 ἀνούσιος·
1000 1844 1095 1895 καὶ
1141 1843 1264 1895 οὗτε
1313 1846 1376 1895 ἐκ
1427 1844 1588 1910 μόνου
1641 1841 1734 1892 τοῦ
1786 1840 2019 1908 Πατρὸς,

449 1935 574 1988 οὔτε
628 1937 735 2005 μὴν
777 1941 842 1987 ἐκ
893 1936 1059 2002 μόνου
1109 1936 1204 1988 τοῦ
1259 1936 1388 1987 Υίοῦ
1424 1937 1484 1986 τὸ
1530 1935 1750 2002 Πνεῦμα
1779 1934 1836 1984 τὸ
1869 1933 2021 1998 ἅγιον

450 2028 852 2098 ἐκπορεύεσθαι
900 2029 1153 2097 λέγομεν,
1197 2029 1334 2081 ἀλλὰ
1390 2028 1488 2094 τὴν
1537 2027 1709 2095 μέσην
1753 2026 1871 2078 ὁδὸν
1914 2025 2021 2076 τῶν

451 2121 627 2184 ἁγίων
659 2122 753 2173 καὶ
779 2121 841 2170 ἐκ
880 2119 975 2170 τοῦ
1013 2119 1247 2188 ῐΙατρδς,
1282 2119 1378 2173 καὶ
1413 2118 1474 2181 ἐξ
1505 2117 1659 2180 Υίοῦ,
1687 2118 1780 2169 καὶ
1811 2116 1899 2169 διὰ
1926 2114 2020 2168 τοῦ

457 2213 607 2266 Υίοῦ.

1149 2394 1337 2446 ΕΦΕΣ.

547 2489 703 2539 Ἀλλὰ
725 2487 818 2541 δύο
858 2487 955 2556 μὲν
984 2486 1228 2553 σύμϐολα
1269 2484 1364 2536 καὶ
1394 2483 1828 2553 παρηλλαγμένα
1863 2482 2021 2548 λέγε-

457 2594 546 2628 ται
572 2578 751 2642 πάλιν,
784 2578 973 2647 ὥσπερ
1006 2577 1102 2631 καὶ
1145 2576 1432 2646 πρότερον
1468 2577 1642 2628 διτταὶ
1686 2576 1742 2628 δὲ
1778 2576 1870 2628 καὶ
1906 2575 2023 2628 διά-
2052 2616 2060 2626 .

459 2685 618 2736 φοροι
673 2669 1009 2738 λειτουργίαι
1061 2669 1363 2734 τελοῦνται,
1411 2669 1444 2738 ἡ
1510 2669 1609 2735 μὲν
1661 2668 1728 2719 δι’
1784 2667 2020 2738 ὲνζύμου

460 2760 667 2825 Θυσίας,
699 2761 729 2827 ἠ
759 2760 813 2812 δὲ
841 2762 910 2813 δι’
943 2761 1178 2829 ἀζύμου.

1131 2851 1338 2903 ΑΠΟΛ.

528 2943 632 2996 Δύο
669 2944 766 3012 μὲν
798 2944 1041 3013 σύμϐολα
1069 2943 1168 2995 οῦκ
1213 2946 1374 3006 εἰσιν,
1416 2944 1538 2996 ούδέ
1567 2942 2019 3012 παρηλλαγμένα*

458 3036 518 3085 ἓν
548 3036 652 3104 γάρ
687 3037 800 3088 ἐστι
850 3035 910 3086 τὸ
953 3038 1050 3100 τῆς
1084 3035 1321 3097 πίστεως
1359 3033 1648 3103 σύμϐολον,
1685 3035 1713 3086 ὃ
1742 3035 2022 3104 ψάλλομεν

2122 568 2438 637 plenorum,
2480 582 2640 620 omne
2667 569 2808 635 quod
2829 570 3154 636 explanatur
3184 581 3236 624 et
3270 571 3433 624 latius
3457 574 3694 640 explica-

2123 669 2210 712 tur
2238 675 2345 711 non
2371 661 2590 720 evertit,
2618 676 2723 711 non
2772 660 3048 722 immutat,
3081 677 3187 713 non
3238 665 3524 722 obscurat.
3588 682 3692 717 non

2124 749 2259 802 tollit
2290 749 2522 815 denique
2562 749 2702 814 quod
2732 749 2883 815 prius
2918 759 3022 811 cst,
3057 752 3146 802 sed
3182 754 3469 805 confirmat
3507 757 3690 821 potius

2121 848 2174 892 et
2210 839 2469 898 declarat,
2519 838 2926 908 dilucidiusque
2986 842 3291 894 constituit.
3351 841 3482 897 Esse
3529 861 3694 912 porro

2123 944 2307 983 veram
2353 932 2418 982 de
2444 929 2652 997 Spiritu
2685 941 2873 982 sancto
2929 932 3288 994 sententiam,
3324 934 3466 998 quod
3496 950 3524 986 a
3557 933 3694 988 Filio

2122 1037 2335 1091 quoque
2367 1021 2648 1088 prooedat,
2693 1021 2804 1089 jam
2858 1023 3145 1088 probatum
3175 1034 3256 1076 est
3293 1024 3596 1089 evidenter,
3631 1043 3695 1080 eo

2121 1114 2266 1180 quod
2304 1113 2514 1166 scilicet
2553 1113 2667 1165 haec
2700 1128 2801 1164 vox
2834 1126 2862 1163 a
2890 1114 3098 1167 sanctis
3130 1113 3383 1170 Patribus
3411 1114 3695 1186 tlcsum‘pta

2121 1203 2215 1256 sit.
2254 1202 2488 1256 Medium
2529 1218 2656 1255 vero
2692 1203 2898 1254 nullum
2940 1206 3086 1255 venit
3163 1207 3320 1258 nobis
3355 1209 3406 1259 in
3458 1221 3691 1263 utentem

2124 1303 2319 1362 praeter
2350 1293 2628 1346 veritatem
2665 1311 2677 1347 :
2725 1308 2835 1362 quo
2871 1295 3033 1346 etiam
3055 1293 3351 1365 Gregorius
3379 1298 3693 1369 Tlieologus

2124 1384 2270 1435 illam
2311 1384 2526 1436 nomine
2553 1395 2712 1438 vocat
2740 1386 2839 1450 (l),
2904 1384 3162 1450 Medium,
3219 1387 3416 1456 inquit,
3452 1408 3572 1444 cum
3612 1395 3694 1443 tli-

2122 1491 2208 1537 co,
2243 1477 2524 1528 veritatem
2560 1475 2706 1528 dico.
2746 1474 2812 1527 Et
2842 1490 3033 1529 rursus
3063 1477 3188 1531 alibi
3230 1480 3304 1545 (ἓ)
3333 1520 3344 1541 ,
3409 1481 3517 1533 Nos
3541 1499 3692 1545 vero,

2129 1567 2333 1634 inquit,
2370 1566 2540 1618 media
2565 1567 2822 1634 regiaque
2855 1567 2935 1620 via
2964 1569 3296 1632 incedentes,
3322 1571 3372 1623 in
3397 1588 3500 1641 qua
3525 1577 3688 1626 etiam

2123 1658 2412 1712 summitas
2437 1657 2699 1708 virtutum
2727 1658 3004 1710 consistit.
3047 1658 3156 1711 lloc
3207 1676 3374 1712 unum
3423 1674 3688 1730 perpetuo

2126 1748 2281 1800 nobis
2342 1761 2561 1813 quoque
2625 1747 2862 1799 medium
2921 1748 3208 1814 probatur,
3259 1753 3407 1819 quod
3474 1756 3694 1821 proprie

2131 1836 2236 1889 tale
2258 1845 2360 1898 est,
2398 1837 2604 1888 scimus
2658 1835 2802 1888 enim
2865 1837 3102 1890 medium
3134 1854 3257 1893 esse
3325 1856 3434 1892 rem
3498 1854 3692 1898 natura

2130 1937 2497 1991 constantem,
2529 1937 2779 1982 extrema
2805 1944 2932 1984 vero
2968 1931 3192 1996 malum,
3249 1935 3393 2000 quod
3421 1934 3553 1987 nihil
3585 1947 3691 1990 esu

2129 2019 2314 2088 Itaque
2338 2021 2602 2089 Spiritum
2636 2032 2884 2076 sanctum
2938 2007 3210 2092 neque’ex
3234 2027 3349 2078 solo
3388 2027 3568 2091 Patre,
3599 2043 3695 2083 ne-

2130 2129 2235 2182 que
2265 2130 2329 2167 ex
2353 2114 2469 2167 solo
2494 2114 2631 2168 Filio
2658 2118 2953 2182 procedere
2999 2117 3261 2180 dicimus,
3329 2121 3420 2171 sed
3454 2122 3688 2175 mediam

2131 2214 2383 2259 tenentes
2415 2217 2735 2260 sanctorum
2766 2209 2931 2272 viam,
2972 2209 3204 2263 fatemur
3231 2218 3285 2263 et
3311 2225 3374 2263 ex
3405 2211 3585 2277 Patre,
3643 2222 3698 2266 et

2129 2309 2191 2350 ex
2219 2294 2375 2360 Filio,
2412 2296 2525 2350 sive
2558 2312 2651 2366 per
2679 2299 2899 2353 Filium.

2794 2392 3034 2446 El’llliS.

2202 2481 2306 2535 Sed
2359 2483 2467 2536 duo
2497 2482 2710 2536 diversa
2746 2486 3002 2554 Synibolu
3039 2503 3182 2540 nunc
3205 2503 3423 2556 quoque
3451 2491 3694 2545 recitan-

2130 2583 2251 2636 tur,
2289 2575 2430 2629 sicut
2463 2585 2518 2629 et
2566 2588 2770 2640 antea;
2813 2577 2922 2629 duo
2957 2593 3176 2647 quoque
3218 2592 3346 2633 sunt
3386 2581 3695 2636 differentia.

2129 2668 2524 2721 sacrificiorum
2550 2683 2774 2738 genera,
2823 2671 3056 2723 alterum
3091 2674 3235 2738 quod
3263 2689 3399 2742 pane
3459 2676 3700 2729 fermen-

2130 2767 2246 2813 ιειο
2277 2760 2588 2826 coniicitur,
2623 2762 2853 2815 alterum
2895 2763 3041 2830 quod
3066 2779 3277 2832 azymo.

2814 2852 3010 2906 RESP.

2202 2942 2319 2997 Duo
2337 2951 2483 2998 certe
2521 2942 2777 3012 Symbola
2811 2960 2916 2997 non
2963 2957 3109 3011 sunt,
3143 2961 3242 3001 nec
3271 2950 3483 3007 diversa
3521 2968 3534 3005 :
3572 2969 3700 3007 nam

2127 3033 2256 3088 ﬁdei
2286 3034 2618 3104 Symbolum,
2645 3037 2789 3104 quod
2810 3051 2904 3088 nos
2933 3047 2985 3089 et
3012 3036 3192 3092 Latini
3230 3042 3504 3105 canimus,
3529 3061 3695 3097 unum

459 3127 619 3195 ἡμεῖς
644 3143 702 3178 τε
725 3130 819 3180 καὶ
849 3127 1089 3180 Λατῖνον
1124 3126 1184 3178 οὐ
1216 3126 1324 3193 γὰρ
1364 3125 1452 3178 διὰ
1480 3126 1579 3194 τὴν
1606 3126 1926 3196 σαφήνειαν,
1961 3126 2028 3196 ἢν
2055 3129 2102 3194 C
2132 3138 2217 3182 est

1961 3126 2028 3196 ἢν
2055 3129 2102 3194 c
2132 3138 2217 3182 est
2248 3143 2264 3192 ;
2297 3141 2472 3197 neque
2504 3127 2654 3182 enim
2685 3128 2753 3181 ob
2779 3128 3230 3195 declarationem,
3268 3148 3430 3200 quam
3462 3136 3539 3188 illi
3606 3151 3699 3204 ap-

459 3218 674 3282 ἐδέξατο
701 3217 832 3287 παρ’
868 3216 1116 3279 ἐκείνων,
1153 3217 1254 3286 ήδη
1294 3216 1424 3268 ἄλλο
1455 3217 1728 3286 σύμϐολόν
1760 3218 1929 3270 ἐστιν.
1965 3219 2026 3270 Εἰ

457 3311 516 3362 δὲ
564 3312 655 3361 καὶ
685 3309 781 3361 δύο
815 3303 978 3378 ἦσαν,
1009 3308 1120 3359 οὐδ’
1151 3309 1322 3369 οὕτως
1355 3309 1419 3360 ἂν
1453 3307 1746 3361 ἐκαλοῦντο
1786 3309 1900 3362 δύο·
1937 3313 2028 3363 καὶ

454 3404 562 3470 γὰρ
594 3404 688 3454 καὶ
722 3402 780 3453 τὸ
813 3403 870 3453 ἐν
915 3399 1120 3470 Νικαίᾳ
1150 3399 1421 3468 σύμϐολόν
1451 3400 1602 3452 ἐστιν
1641 3401 1790 3464 ἄλλο,
1832 3401 1923 3453 καὶ
1967 3401 2028 3453 τὺ

456 3497 567 3546 τῶν
597 3494 909 3572 ἀποστόλων
940 3493 1147 3562 ἕτερον·
1184 3491 1319 3545 αλλὰ
1351 3493 1494 3545 κατὰ
1527 3492 1620 3544 τὸν
1658 3492 1783 3546 νοῦν
1818 3494 1879 3544 οὐ
1914 3494 2028 3548 δια-

457 3585 816 3654 φέρουσι,διὰ
864 3584 1024 3637 τοῦτο
1061 3584 1180 3636 οὐδὲ
1227 3583 1683 3653 παρηλλαγμένα.
1729 3587 1916 3637 Διτταὶ
1968 3585 2026 3637 δὲ

455 3678 787 3745 λειτουργίαι
819 3675 941 3729 οὔτε
972 3675 1132 3739 είσὶν,
1162 3676 1287 3727 οὒτε
1311 3676 1582 3744 λέγονται,
1602 3676 1738 3728 διότι
1768 3673 1846 3738 είς
1874 3680 2025 3728 ἐστιν

455 3776 482 3822 ὁ
516 3773 715 3832 σκοπὸς
744 3769 837 3823 τοῦ
867 3772 956 3822 τὸν
989 3769 1138 3837 ίερὲα
1169 3770 1450 3838 ὑπηρέτην
1488 3770 1745 3837 γενέσθαι
1780 3771 1876 3838 τῆς
1914 3788 2026 3823 τοι·

457 3867 627 3933 αύτης
663 3864 874 3925 θυσίας·
907 3864 1002 3914 καὶ
1040 3862 1244 3932 ταύτην
1269 3861 1384 3931 ἔχει
1421 3861 1674 3930 θεμέλιον
1710 3864 1814 3925 πᾶς
1845 3863 2024 3931 ίερεῦς

458 3962 763 4028 ἀρχόμενος
793 3956 890 4026 τῆς
935 3954 1090 4017 θείας
1146 3956 1559 4024 μυσταγωγίας,
1607 3955 1706 4024 τὴν
1757 3954 2026 4025 κυριακὴν

461 4051 666 4120 φωνὴν,
692 4049 761 4119 ἥν
803 4051 832 4101 ὁ
866 4046 1072 4116 Κύριος
1114 4047 1418 4116 προήκατο’
1468 4046 1650 4099 Τοῦτο
1687 4047 1908 4100 ποιεῖτε
1940 4048 2026 4112 είς

455 4146 570 4208 τὴν
604 4144 756 4211 ἐμὴν
784 4140 1154 4209 ἀνάμνησιν,
1188 4138 1277 4190 διὰ
1307 4139 1401 4191 τοῦ
1435 4141 1498 4191 ἐκ
1539 4138 1632 4190 τοῦ
1673 4139 1821 4190 σίτου
1857 4139 2026 4208 ἄρτου

452 4239 550 4290 καὶ
582 4234 676 4287 τοῦ
705 4235 851 4286 οἴνου
885 4234 978 4284 καὶ
1015 4231 1108 4284 τοῦ
1140 4230 1356 4292 ὓδατος·
1393 4230 1532 4284 ὥστε
1564 4231 1652 4284 διὰ
1680 4232 1904 4296 τούτων,
1934 4233 2026 4284 καὶ

453 4332 542 4382 διὰ
574 4330 753 4397 πάσης
790 4326 1032 4391 τελετῆς,
1066 4326 1159 4376 καὶ
1191 4324 1300 4376 τῶν
1342 4324 1626 4391 κυριακῶν
1655 4327 1814 4377 θείων
1844 4325 2022 4394 ῥημά-

453 4440 586 4485 των,
619 4419 832 4473 καὶτοῦ
868 4417 1261 4486 θυσιαστηρίου
1291 4416 1564 4469 τελεῖσθαι
1599 4419 1658 4470 τὸ
1700 4419 2020 4486 μυστήριον,

447 4517 547 4569 καὶ
580 4513 823 4582 γίνεσθαι
856 4511 1017 4578 σῶμα
1045 4511 1137 4562 καὶ
1164 4505 1305 4578 αἷμα
1337 4508 1432 4560 τοῦ
1475 4509 1726 4579 Σωτῆρος
1758 4511 2019 4578 Χριστοῦ,

448 4606 619 4661 αὑτοῦ
655 4602 1080 4675 μεταποιοῦντος
1111 4604 1173 4670 τῇ
1212 4601 1611 4671 παντοδυναμῳ
1640 4602 1876 4672 θεότητι.
1916 4603 2024 4655 Καὶ

449 4701 613 4762 αὐτὸς
639 4699 694 4751 δὲ
718 4701 746 4750 ὁ
771 4697 951 4766 τίμιος
977 4695 1116 4764 ἀνὴρ
1146 4695 1498 4764 ὁμολογήσει,
1538 4695 1620 4747 ὅτι
1655 4696 1750 4747 καὶ
1785 4695 1893 4762 πρὸ
1926 4697 2022 4749 τοῦ

449 4792 598 4861 ίεροῦ
625 4789 905 4844 Βασιλείου
938 4790 1032 4842 καὶ
1053 4788 1148 4840 τοῦ
1172 4787 1320 4840 θείου
1361 4789 1754 4858 Χρυσοστόμου
1778 4790 1812 4858 ή
1835 4789 2024 4859 τελετὴ

448 4889 552 4954 τῆς
585 4882 734 4944 θείας
764 4879 1104 4950 λειτουργίας
1149 4879 1210 4932 οὺ
1241 4879 1534 4944 διέλειπεν,
1564 4879 1677 4932 ἀλλ’
1707 4880 1769 4932 οὐ
1794 4882 1882 4934 διὰ
1914 4881 2027 4934 τῶν

449 4979 720 5033 ἐκθέσεων
741 4975 848 5027 τῶν
881 4973 1190 5043 εἰρημένων
1223 4972 1396 5039 ἁγίων
1440 4973 1696 5025 ἐτελεῖτοο
1729 4973 1847 5035 πῶς
1892 4974 2022 5045 γὰρ,

454 5075 627 5141 μήπω
661 5067 993 5136 γεγονότων;
1035 5067 1147 5118 Καὶ
1177 5065 1346 5118 πάλιν
1379 5065 1713 5135 γενομένων,
1749 5066 1928 5129 οὐδεὶς
1961 5067 2029 5120 ἂν

451 5168 570 5234 ἔχοι
593 5161 786 5224 δεῖξαι,
817 5161 874 5210 ὲν
901 5160 1014 5219 τοῖς
1044 5159 1327 5225 ἑσπερίοις
1351 5157 1442 5210 διὰ
1479 5157 1591 5210 τῶν
1622 5158 1892 5227 ἐκθέσεων
1920 5159 2028 5212 τῶν

452 5254 764 5322 εἰρημένων
809 5251 981 5316 ἁγίων
1012 5249 1245 5301 ἐτελεῖτο
1297 5249 1329 5318 ή
1378 5249 1791 5320 μυστικὴνουτη
1843 5250 2025 5304 θυσία·

453 5346 574 5401 ἀλλ’
602 5344 860 5396 οὐδέποτε
905 5343 1081 5395 διτταὶ
1130 5344 1472 5414 λειτουργίαι
1524 5345 1851 5414 ἐρρέθησαν,
1894 5343 2028 5397 διότι

453 5439 621 5510 μίαὴ
663 5438 750 5490 διὰ
798 5436 909 5487 τῶν
961 5435 1124 5488 θείων
1174 5437 1459 5506 ῥημάτων,
1506 5439 1602 5490 καὶ
1646 5437 1742 5490 τοῦ
1804 5437 2028 5503 σκοποῦ,

449 5532 548 5583 καὶ
605 5529 704 5597 τῆς
759 5525 913 5593 ὕλης,
973 5526 1069 5578 καὶ
1120 5527 1213 5579 τοῦ
1281 5528 1472 5599 ίερέως
1536 5529 1814 5598 ὑπηρέτου
1872 5530 2028 5594 τάξιν

447 5629 692 5696 ἔχοντος,
723 5620 814 5674 καὶ
849 5620 946 5689 τῆς
996 5620 1203 5675 ἄνωθεν
1236 5621 1392 5685 θείας
1442 5622 1665 5694 χάριτος
1698 5623 2022 5694 τελουμένη.

522 5810 599 5877 (1)
627 5806 782 5861 Orat.
813 5807 878 5861 de
911 5807 1078 5862 tlieol.
1119 5823 1154 5860 r.

2058 4478 2099 4534 ο

2131 3228 2452 3287 posuerunt,
2486 3218 2636 3271 aliud
2670 3231 2958 3289 propterea
3011 3220 3331 3290 Symbolum
3385 3235 3487 3279 est.
3540 3227 3693 3292 Quod

2130 3312 2174 3363 si
2198 3310 2364 3363 etiam
2389 3310 2494 3363 duo
2531 3323 2738 3374 essent,
2795 3327 2862 3364 ne
2917 3321 3043 3366 tunc
3102 3316 3320 3382 quidem
3367 3332 3698 3373 vocarentur

2129 3402 2240 3456 duo
2270 3443 2285 3467 ,
2341 3402 2610 3471 siquidem
2654 3403 2802 3458 aliud
2844 3405 3061 3457 Patrum
3113 3404 3480 3473 Nicaanorum,
3546 3412 3694 3466 aliud

2127 3494 2496 3563 apostolorum
2519 3493 2833 3564 Symbolum
2869 3507 2987 3562 est;
3015 3499 3129 3553 haec
3158 3507 3336 3553 tamen
3362 3504 3490 3566 quia
3526 3517 3695 3557 sensu

2130 3602 2236 3640 non
2258 3585 2540 3652 diﬂerunt,
2571 3603 2919 3657 nequaquam
2969 3591 3188 3645 diversa
3230 3601 3518 3647 vocantur.
3579 3594 3696 3650 Duo

2127 3695 2348 3748 quoque
2378 3680 2768 3734 sacriﬁciorum
2832 3696 3028 3750 genera
3067 3697 3165 3736 nec
3196 3693 3346 3747 sunt,
3374 3699 3474 3738 nec
3506 3685 3700 3740 dicun-

2129 3779 2241 3833 tur,
2277 3770 2533 3838 quoniam
2573 3786 2774 3840 scopns
2807 3788 2950 3826 unus
2981 3781 3081 3837 est,
3103 3782 3161 3826 ut
3191 3775 3402 3828 scilicet
3435 3777 3695 3832 sacerdos

2128 3863 2220 3917 fiat
2246 3864 2495 3918 minister
2532 3864 2692 3931 hujus
2715 3865 2969 3919 sacrificii
3003 3885 3013 3919 :
3052 3875 3104 3918 et
3145 3867 3244 3919 hoc
3275 3877 3358 3920 est
3391 3869 3541 3922 omni
3593 3885 3687 3923 Sa-
3716 3919 3719 3922 .

2129 3957 2336 4010 cerdOti
2367 3955 2544 4010 sacris
2588 3968 2884 4024 operaturo
2921 3956 3360 4023 fundamentum,
3413 3959 3694 4014 Dominica

2129 4065 2232 4104 vox
2264 4063 2425 4117 quam
2461 4049 2690 4118 protulit
2727 4048 2989 4104 Dominus
3018 4069 3029 4104 :
3060 4049 3173 4102 Hoc
3231 4052 3389 4118 facile
3420 4053 3473 4104 in
3525 4069 3695 4106 meam

2129 4141 2700 4203 commemorationem,
2734 4156 2833 4209 per
2859 4143 3136 4197 triliceum
3196 4157 3390 4211 panem
3420 4153 3472 4197 et
3507 4145 3692 4198 vinum

2129 4245 2250 4283 cum
2279 4245 2459 4300 aqua;
2499 4238 2558 4284 ut
2591 4245 2689 4299 per
2724 4232 2860 4294 haec,
2906 4241 2960 4286 et
2983 4233 3123 4286 ritus
3161 4247 3372 4297 omnes,
3403 4244 3457 4286 ct
3512 4249 3697 4288 sacra-

2131 4324 2342 4376 tissima
2381 4323 2598 4377 Domini
2626 4323 2880 4391 verba,et
2911 4325 3103 4390 altare,
3137 4326 3455 4395 perficiatur
3487 4339 3696 4396 mystc—

2129 4417 2297 4480 rium,
2332 4417 2533 4486 ﬁatque
2558 4431 2758 4486 corpus
2788 4423 2842 4471 et
2873 4416 3098 4487 sanguis
3130 4417 3337 4471 Christi
3367 4417 3697 4484 Salvatoris,

2129 4510 2364 4579 ipsoruet
2422 4518 2823 4565 transmutante
2891 4511 3285 4579 omnipotentis
3335 4511 3387 4564 vi
3453 4511 3697 4569 deitatis.

2127 4604 2262 4658 Nam
2294 4613 2348 4658 et
2368 4606 2484 4674 ipse
2543 4604 2868 4658 venerabilis
2908 4601 3178 4672 Ephesius
3205 4603 3492 4667 fatebitur,
3558 4604 3700 4658 divi-

2131 4715 2260 4752 num
2319 4699 2652 4753 sacrificium
2719 4697 2989 4753 celebrari
3058 4697 3277 4752 solitum
3333 4699 3500 4751 etiam
3573 4709 3712 4752 ante

2131 4801 2379 4860 tempora
2417 4799 2736 4846 sanctorum
2781 4789 2969 4844 Basilii
3025 4799 3079 4844 et
3130 4788 3526 4858 Chrysostomi,
3590 4805 3701 4844 non

2133 4893 2311 4938 tamen
2343 4899 2409 4938 eo
2443 4885 2574 4943 ritu,
2610 4898 2770 4951 quem
2807 4883 2907 4952 ipsi
2964 4890 3346 4951 exposuerunt
3382 4899 3396 4935 :
3447 4882 3702 4951 quinam,

2132 4993 2253 5032 cum
2285 4977 2614 5046 posteriores
2644 4976 2718 5028 illi
2755 4974 3088 5028 fuerint?Et
3139 4984 3428 5043 postquam
3465 4974 3540 5026 illi
3583 4989 3705 5025 mo~

2133 5070 2262 5124 dum
2299 5068 2612 5123 celebrandi
2636 5067 2859 5121 missam
2891 5081 3221 5135 exposuere,
3258 5079 3418 5119 nemo
3469 5065 3706 5132 probare

2134 5163 2357 5232 poterit,
2389 5158 2793 5215 Occidentalem
2842 5155 3142 5211 Ecclesiam
3195 5170 3260 5210 eo
3314 5154 3477 5208 modo
3532 5152 3708 5207 fuisse

2135 5271 2291 5312 usam
2338 5269 2486 5307 :nec
2530 5261 2713 5305 tamen
2745 5252 2853 5304 duo
2893 5248 3238 5304 sacrificandi
3297 5263 3498 5318 genera
3563 5249 3708 5300 dicta

2137 5361 2377 5413 unquam
2412 5354 2561 5406 sunt,
2618 5356 2682 5394 eo
2705 5342 2847 5410 quod
2896 5355 3000 5392 una
3049 5339 3338 5392 sitvocum
3398 5338 3707 5391 divinarum

2143 5439 2344 5502 virtus,
2377 5447 2430 5491 et
2463 5433 2720 5498 intentio,
2750 5442 2805 5487 et
2861 5432 3111 5497 materia,
3146 5441 3200 5485 et
3249 5430 3549 5484 sacerdotis
3610 5427 3709 5481 titl-

2139 5530 2375 5588 nisterio
2400 5524 2680 5594 fungentis
2707 5524 2970 5588 facultas,
3008 5533 3060 5578 et
3107 5522 3344 5577 ccclestis
3376 5521 3547 5589 gratia
3590 5534 3712 5588 qua:

2138 5631 2418 5691 operatur.
2453 5619 2613 5683 Nam,
2645 5625 2702 5670 ut
2736 5630 2903 5685 supra
2947 5615 3148 5669 dictum
3184 5622 3289 5677 est,
3349 5612 3580 5666 intentio
3631 5619 3710 5664 est

2207 5805 2281 5874 (9.)
2314 5801 2467 5858 Orat.
2498 5802 2766 5872 apologct.
