4470 6452
792 390 891 450 135

1691 375 2077 437 GREGOBII
2124 372 2426 433 MAMMAZ
2459 373 2575 432 CP.
2612 366 3126 431 PATRIARCIIE

3941 361 4040 425 136

789 499 1113 556 conﬁciendi
1162 496 1302 564 quod
1367 491 1505 546 dixit
1569 490 1877 544 Dominus:
1925 488 2038 540 Hoc
2096 487 2255 554 facite
2310 486 2362 538 in
2395 490 2437 545 Α
2469 485 2554 537 Κα

2310 486 2362 538 in
2395 490 2437 545 Α
2469 485 2578 537 Καὶ
2631 485 2761 552 γὰρ,
2817 484 2889 542 ὡς
2952 479 3293 549 προείρηται,
3352 478 3378 529 6
3431 475 3632 538 σκοπός
3667 475 3834 538 ἐστιν,
3879 477 3960 528 ὅτι
4014 479 4033 527 t'.

789 609 953 646 meam
983 587 1552 644 commemorationem,
1586 581 1806 634 materia
1837 580 2032 642 farina,
2063 579 2176 633 sive
2204 576 2358 646 panis

794 681 1056 739 triticeas,
1096 685 1149 730 et
1180 676 1366 729 vinum
1406 687 1526 726 cum
1555 685 1719 739 aqua.
1757 683 1919 736 super
1954 683 2072 736 quae
2102 667 2361 719 Dominus

791 768 924 819 dixit
963 783 974 817 :
1013 767 1124 817 Hoc
1154 772 1226 816 est
1278 778 1468 828 corpus
1522 774 1688 811 meum
1720 773 1739 822 ;
1771 768 1824 810 et
1857 775 1869 810 :
1909 755 2010 808 llic
2037 767 2110 810 est
2143 755 2359 824 sanguis

794 873 968 919 uicus,
1003 854 1166 922 [itque
1237 853 1465 905 materia
1499 849 1612 902 haec
1660 862 1874 916 semper
1940 861 2139 914 corpus
2190 846 2360 916 ipsius

795 951 994 1003 virtute
1019 949 1140 1015 ejus
1171 945 1263 1014 qui
1303 944 1414 996 hac
1444 950 1796 994 transmutat.
1826 939 2007 994 Unum
2046 948 2132 991 est
2197 938 2364 1003 igitur

792 1040 897 1094 lioc
933 1036 1287 1099 sacriﬁcium,
1330 1032 1457 1085 dum
1497 1031 1587 1085 ﬁat
1622 1032 1780 1101 juxta
1838 1045 2084 1082 normam
2115 1037 2168 1080 et
2229 1042 2354 1095 prae-

793 1131 1054 1199 scriptum
1091 1127 1249 1180 nobis
1273 1141 1302 1179 a
1332 1125 1560 1178 Domino
1614 1124 1897 1183 traditum,
1936 1133 1989 1173 ut
2024 1119 2359 1186 explicatum

793 1233 897 1280 est.
927 1224 997 1275 De
1035 1235 1225 1289 azymo
1261 1232 1392 1272 vero
1428 1227 1481 1271 et
1531 1217 1852 1269 fermentato
1913 1215 2020 1278 jam
2054 1213 2209 1263 allata
2271 1211 2362 1261 de-

793 1315 1119 1369 monstratio
1146 1319 1230 1366 est
1263 1328 1277 1377 ;
1321 1324 1440 1362 nam
1469 1315 1693 1360 sanctus
1739 1305 1896 1357 l’ater
1930 1302 2360 1370 Cill‘}'S()lelllUS

793 1407 1017 1462 homilia
1087 1402 1535 1476 quinquagesima
1595 1401 1647 1452 in
1717 1398 2073 1451 Matthmum:
2121 1394 2360 1456 Credite,

793 1501 971 1568 inquit
998 1517 1012 1563 ;
1039 1498 1126 1551 illa
1164 1510 1308 1550 nunc
1343 1494 1506 1547 etiam
1549 1507 1704 1546 creua
1761 1491 1840 1551 ﬁt,
1877 1491 1928 1542 in
1961 1504 2065 1556 qua
2127 1496 2176 1540 et
2239 1486 2354 1553 ipse

796 1590 1189 1650 accumbebat;
1226 1585 1360 1638 nihil
1392 1584 1533 1637 enim
1567 1582 1680 1633 haec
1719 1578 1903 1631 diilert
1929 1579 1995 1630 ah
2072 1579 2183 1637 illa,
2237 1591 2358 1630 cum

795 1698 901 1736 non
927 1683 1090 1734 homo
1123 1678 1232 1740 hic,
1260 1678 1376 1743 ipse
1417 1689 1546 1726 vero
1575 1671 1686 1724 illic
1733 1671 1802 1724 sit
1839 1677 2120 1736 operatus.
2157 1665 2358 1718 Verum

794 1775 925 1828 satis
951 1772 1239 1840 probatum
1272 1773 1374 1826 est,
1405 1764 1535 1833 quid
1568 1765 1637 1817 sit
1670 1762 1736 1815 de
1766 1761 1869 1813 hoc
1927 1759 2186 1827 mysterio
2233 1772 2357 1810 seu-

2467 575 2668 645 Κύριος
2734 569 2854 626 εἷπε
2889 588 2900 602 ·
2968 571 3150 625 Τοῦτο
3225 568 3446 622 ποιεῖτε
3530 569 3618 633 είς
3687 567 3802 635 τὴν
3887 566 4030 635 ἐμὴν

2463 665 2838 732 ἀνάμνησιν·
2889 661 2986 729 ὕλη
3030 665 3055 713 ὁ
3087 663 3150 712 ὲκ
3195 657 3288 710 τοῦ
3333 659 3477 711 σίτου
3519 658 3742 723 ἄ).ευρος
3798 658 3914 724 ἦτοι
3946 659 4034 724 ἄρα

2463 775 2578 818 τος,
2611 758 2704 808 καὶ
2730 758 2757 808 6
2785 753 2952 815 οἶνος,
2989 753 3082 806 καὶ
3110 751 3170 804 τὸ
3199 751 3362 821 ὕδωρ,
3399 750 3481 818 ἐφ’
3512 746 3593 812 οἷς
3619 750 3646 801 ὁ
3671 749 3872 816 Κύριος
3897 746 4035 799 εἶπε·

2465 848 2650 903 Τοῦτό
2679 847 2814 900 ἐστι
2842 845 2908 897 τὸ
2933 844 3106 912 σῶμά
3125 861 3265 912 μου,
3295 843 3410 905 καί,
3449 840 3632 894 Τοῦτό
3667 841 3797 892 ἐστι
3818 840 3880 892 τὸ
3896 835 4035 906 αἷμὰ

2461 959 2596 1010 μου·
2635 941 2731 993 καὶ
2757 941 2840 991 ἀεὶ
2876 941 2954 1000 είς
2991 938 3150 1004 σῶμα
3183 936 3350 989 αὑτοῦ
3385 939 3418 1005 ἡ
3455 935 3552 1005 ὕλη
3590 935 3800 1002 γίνεται
3842 937 3904 1001 τῇ
3945 933 4036 985 τοῦ

2469 1030 2896 1101 μεταποιοῦντος
2927 1031 3066 1082 αὐτὰ
3087 1029 3337 1097 δυνάμει.
3382 1028 3498 1081 Μία
3526 1022 3618 1079 οὖν
3648 1027 3847 1091 ἐστινὴ
3881 1025 4036 1075 Θυσία

2466 1122 2627 1190 αὕτη,
2660 1124 2706 1172 εἰ
2741 1122 2901 1188 μόνον
2949 1121 3088 1172 κατὰ
3122 1120 3212 1170 τὸν
3247 1118 3626 1188 παραδοθέντα
3653 1119 3783 1184 ἡμῖν
3822 1117 3926 1167 ὑπὸ
3947 1115 4036 1166 τοῦ

2465 1215 2674 1282 Κυρίου
2702 1214 2828 1280 ὅρον
2858 1231 2914 1264 τε
2949 1198 3040 1263 καὶ
3073 1212 3227 1278 λόγον
3253 1213 3488 1263 τελεῖται
3515 1251 3529 1274 ,
3591 1209 3779 1272 καθὼς
3837 1209 4036 1277 ἐδηλώ-

2469 1322 2663 1372 σαμεν.
2703 1305 2840 1372 Περὶ
2876 1305 2931 1355 δὲ
2965 1304 3033 1355 δι’
3071 1304 3307 1372 ἐνζύμου
3344 1303 3374 1370 ἦ
3410 1303 3478 1354 δι’
3535 1302 3750 1370 ἀζύμου
3798 1315 4035 1370 προαπε-

2461 1395 2644 1464 δεὲχΟη
2667 1412 2681 1425 ·
2715 1399 2805 1447 καί
2836 1396 2942 1463 γὰρ
2978 1397 3004 1446 6
3037 1395 3178 1464 ἱερὸς
3235 1394 3627 1463 Χρυσόστομος
3658 1396 3713 1445 ὲν
3749 1396 3812 1461 τῇ
3850 1399 3890 1443 ν’
3917 1395 4038 1460 ὁμι-

2466 1489 2555 1557 λίᾳ
2604 1490 2697 1540 τοῦ
2753 1489 2893 1540 κατά
2926 1488 3203 1540 Β-Ιατθαῖὀν
3256 1504 3423 1556 φησι·
3458 1487 3789 1538 Πιστεύσατε
3833 1486 4036 1546 τοίνυν,

2464 1581 2644 1630 ἐκεῖνο
2675 1579 2769 1629 καὶ
2801 1577 2897 1630 νῦν
2936 1577 2995 1628 τὸ
3049 1576 3265 1628 δεῖπνόν
3308 1577 3476 1637 ἐστιν,
3536 1578 3592 1627 ἐν
3638 1569 3680 1641 ᾧ
3729 1573 3823 1625 καὶ
3880 1573 4038 1632 αὐτὸς

2477 1672 2748 1722 ἀνέκειτο·
2787 1669 2941 1720 οὐδὲν
2969 1670 3076 1735 γὰρ
3124 1668 3332 1721 ἐκείνου
3366 1667 3526 1718 τοῦτο
3562 1666 3898 1733 διενήνοχεν·
3921 1664 4038 1714 οὐδὲ

2463 1765 2572 1831 γὰρ
2604 1762 2759 1814 τοῦτο
2788 1763 2886 1830 μὲν
2916 1761 3204 1828 ἄνθρωπος
3272 1760 3589 1826 ἐργάζεται,
3634 1758 3808 1810 ἐκεῖνο
3854 1757 3908 1807 δὲ
3949 1755 4038 1808 αὖ·

798 1863 1058 1918 tiendum.
1110 1860 1168 1913 ln
1224 1861 1394 1913 nostri
1457 1870 1618 1924 porro
1677 1852 1835 1905 cilicii
1889 1850 2235 1912 lectionibus,
2295 1848 2360 1902 de
2394 1847 2432 1902 Β
2467 1854 2554 1913 τός

2295 1848 2360 1902 de
2394 1847 2432 1902 Β
2467 1854 2576 1913 τός.
2625 1853 2784 1904 Ἀλλὰ
2810 1853 2868 1905 τὸ
2896 1853 3024 1919 περὶ
3077 1853 3379 1921 μυστηρίου
3439 1851 3756 1921 ἀρκούντως
3804 1845 4036 1915 ἐδείχθη.

796 1955 951 2007 beato
977 1950 1238 2019 Gregorio
1282 1961 1470 2000 mense
1525 1944 1718 1996 Martio
1780 1949 1829 1994 et
1894 1942 1994 1994 hoc
2045 1941 2359 1992 habemus:

795 2037 1348 2111 Gregoriusemedio
1405 2037 1524 2087 vita:
1559 2033 1831 2095 sublatus,
1896 2041 1947 2083 et
2003 2031 2053 2082 in
2124 2030 2360 2082 medium

796 2134 1340 2201 angelorumcoetum
1363 2133 1644 2181 evocatus.
1705 2123 1818 2175 Et:
1870 2119 2106 2174 Sanctus
2157 2119 2361 2187 Grego-

800 2226 915 2278 rius
964 2224 1016 2276 in
1049 2222 1194 2276 omni
1239 2221 1595 2274 scientiarum
1654 2230 1850 2283 genere
1881 2214 2014 2268 etin
2057 2212 2360 2281 Scripluris

799 2324 1045 2367 versatus
1081 2313 1276 2364 multos
1309 2326 1334 2359 a
1385 2323 1442 2360 se
1497 2305 1833 2371 compasitos
1900 2305 2068 2356 libros
2119 2303 2357 2371 reliquit.

799 2406 860 2459 lit
897 2403 1088 2473 paucis
1121 2400 1425 2468 interjcctis
1460 2415 1472 2450 :
1512 2397 1628 2448 Non
1654 2396 1933 2459 humanis,
1969 2394 2167 2462 inquit,
2199 2394 2361 2446 ratio-

797 2495 1170 2552 cinationibus
1203 2501 1255 2546 et
1285 2489 1530 2543 studiosa
1593 2495 1801 2540 tantum
1865 2486 2171 2539 eruditione
2233 2499 2362 2537 con-

798 2589 1053 2654 scriptos,
1085 2583 1178 2637 sed
1210 2598 1302 2650 per
1353 2579 1615 2647 Spiritum
1675 2587 1946 2640 sanctum,
2008 2585 2362 2645 quemadmo-

799 2680 923 2730 dum
952 2690 1014 2730 eo
1050 2677 1155 2726 vita
1193 2673 1379 2725 functo
1412 2671 1602 2724 Petrus
1630 2671 2049 2721 archidnicouus
2091 2668 2208 2733 ejus
2234 2683 2361 2718 nar-

805 2771 966 2819 ravit.
1002 2763 1185 2819 Visam
1219 2764 1364 2817 enim
1403 2776 1431 2813 a
1464 2776 1520 2814 se
1556 2761 1736 2812 aiebat
1797 2760 1973 2811 albam
2017 2759 2354 2821 columbam,

799 2862 924 2909 dum
965 2858 1051 2910 ille
1087 2855 1373 2914 scriberet,
1406 2853 1472 2905 ad
1521 2867 1581 2905 os
1611 2867 1729 2918 ejus
1751 2852 2116 2912 advolantem,
2177 2858 2230 2901 ct
2270 2863 2361 2899 ve-

801 2947 896 2998 luti
937 2955 1318 3013 suggerentem
1347 2949 1401 2995 et
1431 2941 1726 2995 dictautem
1778 2956 1898 3009 quae
1951 2940 2362 2993 scribebantur.

802 3037 865 3089 lit
891 3051 996 3089 non
1027 3035 1196 3088 multo
1220 3041 1343 3102 post
1377 3050 1393 3088 :
1425 3033 1592 3085 Aiunt
1641 3040 1817 3085 autem
1849 3048 1911 3084 ex
1943 3031 2106 3101 hujus
2150 3033 2367 3085 institu-

803 3131 950 3181 tione
976 3128 1196 3189 factum,
1264 3133 1322 3178 ut
1373 3124 1838 3193 quadragesimali
1908 3132 2156 3194 tempore
2223 3124 2363 3193 apud

802 3222 1080 3273 ltomauos
1114 3217 1291 3269 Missae
1320 3214 1650 3268 sacriﬁcmm
1718 3215 1989 3284 integrum
2048 3226 2362 3284 peragatur,

801 3313 944 3381 quod
983 3312 1122 3380 apud
1155 3310 1273 3363 illos
1325 3308 1594 3375 hodieque
1624 3318 1892 3359 servatur.
1935 3306 2037 3360 Sed
2088 3323 2195 3360 non
2243 3322 2367 3375 pro--

802 3418 981 3472 pterea
1013 3400 1270 3470 disjuncti
1301 3398 1525 3464 fuimus,
1575 3413 1748 3466 neque
1775 3400 1917 3452 illius
1948 3399 2044 3452 aevi
2113 3401 2362 3454 homines

801 3500 906 3547 duo
943 3495 1233 3547 missarum
1294 3506 1496 3560 genera
1555 3491 1947 3554 dixerunt;et
2009 3507 2185 3562 neque
2243 3495 2363 3547 illos

803 3591 903 3657 ipsi
937 3602 1175 3656 unquam
1202 3584 1563 3652 culpavimus,
1604 3599 1779 3652 neque
1809 3585 1884 3636 illi
1923 3599 2022 3638 nos
2049 3593 2362 3653 coegerunt

802 3681 865 3732 ad
905 3677 1212 3747 lmjusmodi
1249 3675 1703 3730 consuctudincm
1731 3692 1745 3740 ;
1784 3675 2046 3746 quoniam
2079 3677 2192 3730 hazc
2219 3677 2366 3729 veri-

802 3775 895 3825 tati
919 3771 1039 3826 ﬁdei
1065 3771 1200 3824 nihil
1224 3769 1489 3824 cilicium.

1446 3860 1690 3915 EPHES.

869 3957 998 4008 Bina
1023 3971 1237 4025 quoque
1287 3957 1649 4025 baptismata;
1704 3971 1870 4008 unum
1911 3956 2054 4022 quod
2091 3957 2233 4010 trina
2270 3960 2368 4012 iiii-

803 4051 1073 4102 nicrsione
1104 4048 1411 4111 confertur,
1452 4049 1679 4102 alterum
1716 4046 1858 4115 quod
1901 4063 2052 4115 aquae
2090 4048 2366 4104 infusione

800 4157 828 4192 a
862 4155 1072 4192 summo
1100 4140 1336 4203 vertice;
1375 4148 1429 4192 et
1471 4155 1638 4191 unum
1679 4141 1924 4206 quidem,
1953 4140 2095 4205 quod
2123 4141 2362 4193 chrisma

799 4226 965 4276 etiam
1023 4225 1265 4290 adhibet,
1303 4230 1533 4280 alterum
1575 4241 1704 4280 vero
1741 4227 1884 4295 quod
1933 4227 2198 4282 adhibere
2234 4230 2365 4283 illud

801 4315 942 4369 nihil
967 4331 1196 4385 prorsus
1221 4330 1453 4370 necesse
1483 4316 1667 4370 habet.

1490 4407 1690 4462 llESP.

2479 1945 2562 1996 Ἐν
2600 1947 2708 2003 τοῖς
2736 1943 3086 2013 συναξαρίοις
3118 1945 3173 1995 δὲ
3241 1943 3397 2012 ἡμῶν
3431 1943 3558 2008 περὶ
3610 1943 3705 1992 τοῦ
3769 1941 4037 2009 μακαρίου

2467 2037 2768 2105 Γρηγορίου
2797 2038 2854 2088 ὲν
2884 2037 2963 2105 τῷ
2991 2036 3222 2105 Μαρτίῳ
3250 2038 3378 2104 μηνὶ
3392 2037 3483 2086 καί
3510 2033 3666 2086 τοῦτο
3695 2034 4034 2101 περιέχεται·

2476 2129 2535 2179 '0
2565 2129 2866 2196 Γρηγόριος
2898 2129 2961 2179 ὲκ
3001 2128 3168 2194 μέσου
3223 2127 3322 2195 μὲν
3378 2125 3473 2178 τοῦ
3512 2125 3650 2194 βίον,
3703 2124 3760 2176 ὲν
3799 2125 3948 2191 μέσῳ
3980 2121 4035 2173 δὲ

2464 2218 2560 2271 τοῦ
2589 2220 2751 2288 χοροῦ
2801 2220 2908 2270 τῶν
2964 2219 3213 2286 ἀγγέλων
3258 2219 3581 2286 γενόμενος·
3633 2216 3750 2269 καί·
3805 2215 3863 2268 Ὅ
3895 2215 4036 2276 ὅσιος

2465 2311 2766 2379 Γρηγὸριος
2800 2309 2979 2378 πάσης
3009 2311 3199 2378 σοφίας
3222 2311 3318 2362 καὶ
3347 2310 3570 2378 Γραφῆς
3592 2304 4036 2376 ἔμπειροςπώλὰ

2470 2402 2878 2469 συγγράμματα
2910 2402 3270 2454 καταλέλοιπε
3292 2419 3305 2432 ·
3348 2403 3441 2454 καὶ
3483 2400 3599 2469 μετ’
3626 2401 3780 2467 ὀλίγα
3808 2415 3821 2428 ·
3854 2397 3928 2450 Οὐ
3968 2397 4033 2449 δι’

2467 2495 2832 2556 ἀνθρωπίνων
2860 2493 3240 2561 συλλογισμῶν
3269 2498 3362 2545 καὶ
3390 2495 3486 2559 τῆς
3530 2495 3588 2544 ἐν
3629 2493 3807 2558 λόγοις
3843 2492 4030 2558 σοφίας

2475 2587 2638 2654 μόνον
2669 2585 3015 2646 συντεθέντα,
3068 2585 3200 2636 ἀλλὰ
3232 2585 3318 2634 διά
3375 2583 3692 2651 Πνεύματος
3730 2583 3908 2647 ἁγίου,
3963 2583 4031 2644 ὡς

2472 2676 2607 2742 μετὰ
2641 2677 2740 2744 τὴν
2772 2675 2936 2730 αὑτοῦ
2978 2677 3040 2727 ὲκ
3068 2673 3166 2727 τοῦ
3206 2674 3324 2742 βίου
3361 2675 3625 2727 ἀνάλυσιν
3659 2676 3862 2744 Πέτρος
3892 2676 3919 2725 6
3941 2677 4026 2740 ἀρ-

2470 2769 2777 2837 χιδιάκονος
2817 2769 2984 2821 αὑτοῦ
3040 2769 3370 2837 ἐξηγήσατο,
3418 2769 3544 2820 ἰδεῖν
3577 2769 3749 2832 λέγων
3790 2782 4010 2835 περιστε

2473 2863 2573 2930 ραν
2594 2861 2791 2930 λευκὴν
2826 2862 2881 2912 ὲν
2913 2861 2989 2929 τῷ
3021 2861 3257 2930 γράφειν
3292 2860 3457 2913 αὑτὸν
3480 2860 3556 2925 τῷ
3611 2859 3775 2912 αὑτοῦ
3806 2874 4028 2926 προσεγ-

2469 2953 2738 3018 γίζουσαν
2766 2952 3019 3020 στόματι,
3054 2955 3148 3005 καὶ
3176 2948 3291 3004 οἷον
3342 2953 3717 3020 ἐξηγουμένην
3754 2951 3847 3003 καὶ
3874 2967 4014 3020 προσ

2469 3044 2730 3112 ορμὼσαν
2761 3044 2898 3113 πρὸς
2928 3047 3042 3105 τοῖς
3059 3045 3472 3113 γεγραμμένοις
3497 3044 3619 3096 ’καὶ
3649 3047 3784 3112 μετὰ
3811 3043 4033 3114 βραχέα·

2470 3135 2606 3186 Φασὶ
2640 3135 2716 3198 δὲ,
2750 3134 2829 3188 ὅτι
2861 3137 3232 3188 ἐπιτελεῖσθαι
3264 3135 3612 3205 λειτουργίαν
3645 3135 3858 3190 τελείαν
3889 3138 4034 3206 παρὸ

2481 3224 2774 3292 Ῥωμαίοις
2807 3227 2864 3276 ἐν
2895 3228 3018 3286 ταῖς
3049 3225 3331 3293 νηστίμοις
3403 3226 3641 3294 ἡμέραις
3686 3225 3839 3287 οὗτός
3894 3229 4034 3278 ἐστιν

2469 3315 2496 3365 6
2532 3313 2925 3381 νομοθετήσας,
2955 3314 3093 3382 ὅπερ
3148 3316 3432 3380 κρατεῖται
3467 3314 3630 3382 μέχρι
3674 3314 3772 3382 τῆς
3801 3315 4034 3384 σήμερον

2470 3404 2600 3470 παρ’
2634 3404 2841 3462 αὐτοῖς.
2885 3401 3024 3453 ’Δλϊ
3054 3403 3113 3452 οὐ
3165 3403 3251 3452 διὰ
3300 3401 3463 3454 τοῦτο
3515 3404 3870 3470 ἐσχίσοημεν,
3920 3403 4034 3456 οὐδὲ

2470 3494 2654 3551 διττὰς
2711 3493 3064 3562 λειτουργίας
3116 3493 3407 3559 ὠνόμασαν
3440 3494 3488 3543 οἱ
3540 3494 3661 3545 τότε
3715 3495 3895 3557 ὄντες·
3929 3495 4039 3548 ἀλλ’

2471 3587 2577 3638 οὐδ’
2651 3589 2815 3654 ἡμεῖς
2893 3602 3021 3637 ποτε
3101 3587 3330 3647 ἐκείνοις
3415 3587 3857 3654 ἐνεκαλέσαμεν,
3925 3588 4040 3640 ἀλλ’

2470 3681 2576 3733 οὐδ’
2625 3683 2770 3750 ἡμᾶς
2829 3681 3147 3749 ἠνάγκασαν
3223 3681 3364 3733 οὕτω
3431 3685 3628 3735 ποιεῖν.
3698 3683 3884 3736 Ταῦτα
3935 3686 4039 3754 γάρ

3101 3587 3330 3647 ἐκείνοις
3415 3586 3711 3638 ὲνεκα).έσα
3721 3604 3816 3654 μεν
3844 3628 3857 3649 ,

2471 3777 2567 3839 τὴν
2603 3774 2700 3840 τῆς
2748 3775 2985 3834 πίστεως
3014 3773 3273 3841 ἀλήθειαν
3305 3776 3365 3827 οὺ
3392 3775 3900 3843 παραϐλάπτουσιν,

2542 3956 2704 4008 Διττά
2751 3958 2806 4008 δὲ
2840 3957 3216 4026 βαπτίσματα,
3251 3958 3310 4008 τὸ
3354 3958 3454 4027 μὲν
3479 3958 3565 4010 διὰ
3596 3961 3817 4029 τριττῆς
3868 3977 4040 4014 κατα-

2469 4047 2670 4108 δύσεως
2700 4048 2959 4110 τελειοῦν,
2990 4049 3048 4100 τὸ
3082 4050 3135 4100 δὲ
3164 4050 3231 4100 δι’
3267 4051 3573 4118 ἐπιχύσεως
3621 4051 3811 4113 ὓδατος
3852 4053 3915 4103 ἐκ
3954 4069 4040 4104 κο-

2474 4141 2646 4208 ρυφῆς
2680 4141 2905 4194 ἄνωθεν·
2944 4143 3036 4193 καί
3070 4144 3127 4193 τὸ
3166 4143 3263 4210 μὲν
3296 4145 3372 4213 τῷ
3407 4145 3563 4214 μύρῳ
3593 4147 4040 4216 προσχρώμενον,

2468 4233 2528 4284 τὸ
2563 4234 2606 4284 δ’
2635 4234 2742 4287 οὐδ’
2773 4235 2950 4288 ὁτιοῦν
2985 4237 3147 4290 αὑτοῦ
3175 4237 3361 4307 χρείαν
3404 4239 3545 4307 ἔχον.

3154 4415 3360 4468 ΔΠΟΛ.

871 4498 1003 4552 Bina
1020 4508 1170 4553 certe
1193 4497 1525 4568 baptismata
1551 4515 1711 4554 nemo
1733 4515 1972 4568 unquam
1997 4501 2154 4556 dixit.
2179 4500 2360 4556 Unum
2394 4521 2441 4581 ι)
2537 4506 2636 4557 Bai

2276 4516 2360 4554 um
2394 4521 2441 4581 ι)
2537 4505 2899 4573 Βαπτίσματα
2949 4503 3007 4557 δὲ
3062 4505 3216 4557 διττά
3263 4504 3518 4557 οὐδέποτε
3570 4505 3893 4576 ἐρρέθησαν.
3947 4505 4041 4558 Ἐν

798 4594 999 4662 quippe
1027 4602 1113 4646 est
1136 4604 1355 4648 sacrum
1418 4593 1711 4661 baptisma,
1764 4596 1905 4661 quod
1939 4596 1995 4649 ﬁt
2048 4596 2100 4647 iu
2143 4596 2366 4648 nomine

798 4684 993 4746 Patris,
1034 4693 1088 4736 et
1118 4681 1261 4745 Filii,
1290 4693 1344 4736 et
1381 4682 1622 4752 Spiritus
1651 4686 1831 4739 sancti
1868 4704 1882 4748 ;
1923 4699 1977 4740 et
2020 4689 2116 4753 qui
2154 4688 2226 4739 ita
2267 4687 2366 4740 ba-

802 4779 1054 4847 ptizatur,
1119 4776 1392 4844 perfectus
1434 4783 1516 4829 est
1559 4774 1933 4833 Christianus.
1972 4779 2367 4848 Signiﬁcantur

801 4881 977 4921 autem
1000 4882 1091 4936 per
1124 4867 1362 4930 Patrem,
1398 4876 1452 4920 et
1487 4865 1682 4921 Filium
1719 4880 1774 4921 et
1807 4869 2071 4938 Spiritum
2113 4880 2363 4924 sanetum

799 4973 907 5014 tres
934 4960 1129 5013 divina:
1180 4961 1533 5029 hypostases;
1597 4975 1693 5029 per
1734 4977 2027 5016 commune
2101 4977 2229 5017 vero
2265 4979 2366 5017 ηο-

800 5069 922 5104 men
973 5052 1154 5105 unitas
1201 5060 1256 5105 et
1299 5052 1557 5106 identitas
1597 5055 1866 5116 essentizn,
1906 5068 2005 5107 nec
2039 5071 2146 5107 non
2179 5070 2364 5123 inqua-

801 5147 923 5200 litas
981 5155 1034 5198 et
1095 5145 1542 5214 inseparabilitas
1608 5155 1662 5199 et
1722 5147 2066 5199 intlislilictio
2113 5148 2368 5214 potentiae

804 5244 965 5292 trium
999 5253 1378 5307 personarum.
1422 5236 1486 5290 Et
1516 5238 1763 5305 quisquis
1806 5238 1876 5290 ita
1911 5239 2240 5307 baptizatur,
2295 5240 2368 5292 ita

804 5332 1105 5400 baptismus
1159 5343 1268 5382 non
1313 5329 1547 5381 iteratur
1597 5328 1788 5395 :quod
1843 5330 1886 5382 si
1953 5332 2140 5384 addito
2187 5331 2369 5398 aliquo

804 5425 885 5477 vel
920 5423 1098 5475 ablato
1138 5421 1471 5488 baptizetur,
1529 5431 1659 5475 tunc
1710 5438 1805 5475 nec
1855 5423 2079 5486 dicitur,
2132 5439 2232 5477 nec
2287 5433 2370 5477 est

805 5517 1129 5582 baptismus.
1181 5513 1490 5581 Baptismus
1530 5514 1676 5566 enim
1725 5530 1789 5568 ex
1843 5515 1952 5568 Deo
1990 5520 2216 5585 proprie
2249 5529 2367 5583 cst;

804 5605 1262 5676 quemadmodum
1296 5605 1518 5657 divinus
1560 5606 1719 5658 Pater
1748 5606 2176 5675 Chrysostomus
2211 5611 2372 5678 quin-

803 5696 1114 5767 quagesima
1143 5696 1197 5749 in
1238 5695 1549 5750 Matthaaum
1587 5698 1804 5750 homilia
1836 5701 1989 5753 docet
2021 5720 2032 5753 :
2082 5701 2214 5754 Nam
2269 5703 2372 5754 mi-

803 5788 993 5850 nister,
1028 5788 1226 5852 inquit,
1287 5793 1370 5842 est
1421 5787 1716 5852 sacerdos;
1757 5791 1899 5845 sicut
1931 5790 2076 5845 enim
2112 5806 2234 5848 cum
2276 5791 2369 5846 ba-

2471 4596 2578 4664 γάρ
2607 4596 2720 4647 ἐστι
2749 4597 2808 4646 τὸ
2837 4597 2976 4646 Θείον
3009 4594 3290 4662 βάπτισμα
3318 4595 3396 4658 εις
3418 4595 3478 4647 τὸ
3503 4595 3674 4663 ὄνομα
3707 4597 3924 4663 [ἰατρὸς
3951 4597 4042 4649 καὶ

2473 4688 2603 4741 Υῑοῦ
2639 4690 2733 4740 καὶ
2767 4689 2922 4752 ἁγίου
2971 4686 3309 4754 Πνεύματος·
3342 4688 3435 4739 καὶ
3466 4689 3494 4738 6
3529 4687 3670 4739 οὕτω
3706 4687 4042 4756 βαπτιζόμε-

2472 4799 2558 4842 νος
2587 4780 2788 4840 τέλειός
2837 4781 2950 4830 εστι
2981 4778 3324 4846 Χριστιανός.
3367 4779 3528 4847 Δηλοί
3570 4779 3624 4831 δὲ
3672 4780 3763 4832 διὰ
3805 4781 3900 4848 μὲν
3947 4780 4039 4832 τοῦ

2473 4876 2688 4944 Πατρδς
2714 4877 2806 4928 καὶ
2851 4873 2944 4926 τοῦ
2971 4873 3100 4925 Υίοῦ
3135 4875 3228 4925 καί
3262 4874 3355 4926 τοῦ
3396 4875 3550 4939 ἁγίου
3594 4874 3910 4942 Πνεύματος
3945 4876 4042 4936 τάς

2469 4970 2617 5037 τρεῖς
2646 4967 2940 5034 Οεαρχικὰς
2973 4967 3319 5028 ὑποστάσεις·
3353 4966 3441 5017 διὰ
3477 4966 3532 5017 δὲ
3581 4965 3674 5018 τοῦ
3713 4966 3890 5018 κοινοῦ
3931 4967 4043 5018 ὀνό-

2475 5076 2643 5126 ματος
2665 5059 2723 5109 τὸ
2753 5058 2809 5109 ἓν
2839 5059 2935 5126 τῆς
2964 5058 3150 5120 οὐσίας
3178 5057 3271 5110 καὶ
3301 5059 3522 5121 ταυτὸν,
3558 5057 3651 5110 καὶ
3680 5058 3740 5110 τὸ
3775 5061 3829 5109 ἐν
3863 5059 4045 5126 τρισὶν

2473 5152 2836 5205 ὑποστάσεσιν
2867 5151 2981 5202 ἴσον
3013 5167 3071 5201 τε
3101 5152 3195 5202 καὶ
3224 5150 3528 5219 ἀχώριστον
3559 5150 3651 5201 καὶ
3681 5149 4044 5217 ὁμοδύναμον.

2473 5244 2584 5296 Καὶ
2611 5245 2756 5306 ὅστις
2787 5245 2927 5295 οὕτω
2965 5243 3312 5312 βαπτίζεται,
3364 5242 3462 5294 οὐκ
3490 5241 3944 5303 ἁναῦαπτίζεται.
3984 5241 4043 5292 El

2472 5332 2526 5383 δὲ
2559 5334 2695 5401 μετὰ
2743 5334 3059 5402 προσθήκης
3107 5333 3138 5402 ἢ
3176 5332 3467 5400 ἐλλείψεως
3511 5333 3853 5400 βαπτίζεται,
3891 5332 4046 5384 τοῦτο

2473 5424 2533 5475 οὐ
2571 5424 2853 5493 βάπτισμα
2895 5425 3110 5491 λέγεται
3149 5424 3272 5476 οὔτε
3319 5425 3455 5477 ἐστί.
3502 5423 3574 5476 Τὸ
3608 5424 3718 5493 γὰρ
3764 5423 4047 5492 βάπτισμα

2473 5517 2677 5585 κυρίως
2731 5518 2826 5583 μὲν
2863 5518 2925 5568 ὲκ
2955 5517 3112 5568 Θεοῦ·
3143 5516 3285 5569 οὕτω
3315 5517 3423 5584 γάρ
3459 5516 3552 5567 καὶ
3590 5519 3615 5568 6
3644 5515 3785 5576 θεῖος
3831 5515 4046 5583 Χρυσό-

2477 5622 2669 5673 στομος
2697 5606 2753 5656 ἐν
2781 5605 2858 5674 τῷ
2887 5608 3024 5658 κατά
3055 5607 3336 5660 Ματθαῖον
3371 5609 3427 5658 ἐν
3451 5609 3516 5676 τῇ
3547 5607 3889 5676 πεντηκοστῇ
3929 5605 4047 5674 ὁμι-

2475 5701 2562 5771 λίᾳ
2608 5701 2792 5769 φησιν’
2838 5699 3152 5769 Ὑπηρέτης
3201 5699 3308 5766 γάρ
3345 5700 3490 5750 ἐστιν
3533 5701 3558 5749 ὁ
3613 5697 3810 5764 ἱερεύς·
3861 5695 4048 5762 ὥσπερ

2476 5794 2585 5854 γὰο
2624 5794 2752 5847 ὅταν
2804 5792 3062 5856 ϐαπτίζῃ,
3109 5791 3204 5844 οὐκ
3251 5789 3413 5854 αὐτὸς·
3457 5805 3516 5842 σε
3567 5788 3846 5852 βαπτίζει,
3878 5786 4048 5840 ά).λ’ό
