4470 6452
749 382 849 448 139

1737 379 2066 442 dEGORII
2105 376 2412 439 ΜΑΜΜιΈ
2455 372 2565 438 CP.
2600 375 3116 437 PATRIARCILE

3911 371 4016 434 140

739 513 896 553 versa
953 496 1178 553 omnino
1237 502 1391 560 sunt,
1444 491 1678 564 jvjtlttla,
1737 502 1790 545 et
1841 493 1983 547 ritus
2060 487 2504 557 θεοιεείιι-Ανηε

2248 487 2323 541 ia-
2349 489 2396 549 Α
2426 489 2673 557 νηστεῖαί
2702 505 2762 542 τε
2789 489 2882 541 καὶ
2908 487 3368 558 ἐκκλησιαστικαὶ
3395 483 3604 551 τάξειε,
3634 484 3728 537 καλ.
3754 485 3806 538 εί
3824 501 3876 536 τι
3904 500 4013 537 τοι·-

739 591 966 656 ειί‹·ί,εῑ
999 587 1217 642 similia.
1263 584 1394 653 Quae
1441 600 1571 654 ergo
1621 583 1709 637 hic
1752 583 1904 644 unio,
1969 581 2060 634 ubi
2106 581 2318 634 nullum

2432 583 2610 637 οὖτον.
2644 582 2740 645 Τίς
2768 577 2863 634 οὖν
2903 583 2934 650 ἡ
2974 581 3187 644 ενωσις,
3222 580 3353 632 ὅταν
3389 580 3463 648 μὴ
3510 578 3745 646 φανερὸν
3773 576 3870 630 καὶ
3898 576 4017 628 ὲπί-

740 690 931 750 patens
955 693 1017 732 ac
1054 677 1410 732 manifestum
1441 683 1668 743 apparet
1701 673 1920 741 signum
1952 671 1976 725 ἵ
2004 681 2057 726 et
2083 683 2322 740 quomo-
2429 672 2505 742 δηῖ

2256 683 2322 723 o-
2429 672 2589 742 δηλον
2629 673 2858 740 σημεῖον
2893 671 3014 742 Em,
3041 673 3134 724 καὶ
3170 670 3289 732 πῶς
3319 669 3608 739 ήνώθησαν
3648 669 3696 721 οί
3731 667 3800 720 τὰ
3842 668 4018 720 οἰκεία

737 772 807 824 do
833 768 972 822 uniti
1015 778 1164 832 sunt,
1210 767 1301 835 qni
1334 783 1431 820 sua
1465 765 1703 822 retinere
1761 762 1994 816 volunt?
2022 759 2136 814 Huc
2176 760 2323 815 enim

752 874 849 926 cgc
873 874 1035 911 suum
1071 858 1135 910 al
1176 856 1432 908 unionem
1472 853 1753 921 pratbuere
1796 866 2108 914 assensum,
2133 865 2328 920 qnam-

745 952 824 1004 vis
859 965 887 1003 a
913 948 1138 1003 Patrum
1169 946 1559 999 traditionibus
1593 945 1946 999 desciverint.

1434 1036 1610 1091 RESP

815 1135 1000 1188 Nescit
1063 1148 1217 1202 ergo,
1273 1142 1331 1185 nt
1405 1132 1565 1202 plane
1622 1130 1857 1194 videtur,
1913 1127 2148 1182 eximius
2241 1123 2330 1178 hic

751 1230 856 1290 vir,
893 1227 1077 1280 varios
1144 1226 1196 1279 in
1268 1226 1372 1279 hac
1403 1226 1568 1279 etiam
1608 1237 1803 1291 magna
1865 1223 2002 1275 urbe
2059 1219 2332 1274 Constan—

748 1318 1115 1388 tiuopolitaua
1155 1316 1365 1372 servari
1402 1329 1605 1378 mores,
1650 1313 2104 1383 jejuniorttmque
2143 1323 2206 1362 ae
2262 1307 2337 1360 ri-

742 1421 904 1464 tuum
941 1408 1446 1464 ecclesiasticorum
1509 1419 1631 1460 esse
1660 1404 2037 1457 diversitates.
2089 1398 2337 1468 Namque

745 1511 871 1557 ante
899 1500 1102 1557 Christi
1133 1497 1377 1552 Natalem
1430 1507 1559 1553 sunt
1602 1496 1696 1567 qui
1741 1495 2037 1550 ordiuntur
2061 1491 2336 1563 jejunium

746 1607 811 1645 ex
845 1592 933 1646 die
961 1594 1152 1659 quinto
1186 1589 1403 1644 decimo
1428 1586 1798 1650 Novembris;
1837 1585 1929 1640 alii
1965 1599 2028 1638 ex
2064 1584 2152 1637 die
2183 1590 2339 1637 sexto

753 1680 1112 1746 Decembris;
1145 1678 1237 1733 alii
1270 1692 1334 1732 ex
1375 1677 1662 1732 vicesimo.
1689 1677 1774 1732 Ad
1808 1677 2071 1730 honorem
2121 1685 2340 1742 quoque

749 1773 1097 1830 ascensionis
1144 1771 1346 1826 Christi
1381 1770 1602 1840 quidam
1660 1769 1914 1840 jejunare
1960 1767 2231 1836 incipiunt
2272 1779 2335 1818 ex

752 1865 1017 1922 Kalendis
1048 1863 1209 1928 Maii;
1242 1871 1297 1917 et
1332 1863 1436 1916 alia
1465 1861 1533 1915 ab
1559 1861 1684 1917 aliis
1720 1861 1924 1930 jujuuia
1952 1860 2335 1915 observantur.

753 1959 886 2014 Nam
918 1965 971 2013 et
1005 1958 1125 2026 ipso
1153 1963 1361 2011 sanctae
1390 1969 1452 2008 ac
1478 1969 1688 2021 magna:
1733 1951 2182 2021 Quadragesimae
2206 1957 2342 2000 tem-

755 2064 896 2121 pore
918 2051 1111 2105 diebus
1140 2045 1364 2103 Sabbati
1395 2054 1448 2099 et
1482 2043 1780 2098 Dominieae
1830 2042 1985 2096 multi
2043 2047 2342 2094 vescuntur

755 2143 1023 2212 piscibus,
1059 2140 1185 2194 aliis
1227 2153 1449 2208 quoque
1474 2135 1564 2190 alii
1596 2136 1793 2189 diebus
1822 2151 1836 2198 ;
1869 2141 1999 2188 sunt
2040 2131 2205 2186 etiam
2248 2127 2340 2199 qui

756 2240 822 2291 iis
874 2238 1102 2289 omnino
1149 2248 1209 2288 se
1267 2231 1568 2285 abstinent.
1620 2227 1761 2293 Quid
1814 2223 1994 2293 ergo?
2025 2222 2346 2276 dicemusne

755 2330 878 2380 illos
907 2324 1009 2379 [ide
1038 2323 1201 2378 etiam
1243 2321 1388 2374 inter
1418 2333 1478 2373 se
1501 2317 1767 2372 dissidere
1795 2314 1820 2367 ?
1855 2313 1912 2366 ln
1951 2311 2153 2365 ritibus
2204 2323 2346 2378 quo-

755 2436 864 2491 que
889 2415 1286 2473 ecclesiasticis
1317 2409 1671 2469 consuetudo
1701 2415 1786 2462 est
1818 2407 1971 2459 varia
1998 2421 2012 2470 ;
2049 2419 2172 2457 nam
2199 2401 2347 2456 Con-

756 2508 1247 2577 SIantinopolitana
1320 2507 1497 2571 major
1563 2499 1797 2555 ecclesia
1869 2498 1925 2551 in
1996 2491 2347 2549 celebrandis

757 2603 949 2659 ciliciis
975 2600 1081 2654 alio
1112 2612 1264 2652 more
1298 2595 1494 2660 utitur,
1544 2594 1653 2647 alio
1702 2605 1832 2645 vero
1888 2589 2093 2658 majora
2156 2598 2349 2637 mona-

758 2698 951 2760 steria,
984 2693 1090 2747 alio
1127 2691 1340 2745 minora
1376 2687 1442 2741 ad
1475 2687 1716 2756 quietem
1767 2679 2209 2743 accommodata,
2259 2677 2352 2730 de-

760 2790 927 2858 nique
960 2785 1071 2839 alio
1095 2781 1449 2838 sacerdotum
1492 2777 1836 2834 sateularium
1875 2772 2157 2828 Ecclesim.
2205 2769 2350 2834 Quin

758 2895 810 2936 ('l
835 2879 1249 2936 Tabennesiotze
1283 2876 1340 2930 in
1403 2888 1513 2928 uno
1546 2870 1850 2936 eodemque
1883 2864 2140 2921 ctenobio
2170 2861 2352 2915 varios

756 2977 779 3046 ξι
811 2971 1042 3043 junandi
1076 2966 1458 3038 psallendique
1522 2960 1716 3016 modos
1747 2958 2051 3046 habebant,
2076 2953 2202 3007 ali-is
2259 2966 2354 3018 per

771 3064 996 3118 tidnum
1022 3055 1422 3130 jejunantihus,
1442 3053 1566 3106 aliis
1606 3065 1704 3120 per
1735 3044 2165 3109 hebdomadam;
2193 3050 2248 3097 et
2273 3043 2357 3096 his

2368 1817 2415 1877 B

2433 765 2684 836 στέργειν
2715 765 3066 835 βουλόμενοις
3101 763 3273 816 Τοῦτο
3303 764 3410 830 γάρ
3442 780 3543 815 που
3575 762 3670 815 καὶ
3706 759 4022 828 συνεφώνηο

2435 875 2535 910 σειν
2570 859 2663 910 καὶ
2716 859 2792 927 μὴ
2845 859 2957 920 τοῖς
2992 859 3058 909 ὲκ
3092 855 3198 908 τῶν
3247 856 3507 924 Πατέρων
3555 853 4019 925 παραδεδομένοις

2434 948 2879 1010 ἀκολουθοῦντες.

3123 1041 3332 1094 ΑΠΟΛ.

2508 1132 2623 1184 Οὐκ
2653 1127 2794 1186 οἶδεν
2826 1132 2939 1195 οὖν,
2975 1132 3051 1196 0'»;
3091 1132 3292 1197 ἔοικεν,
3324 1136 3351 1186 6
3384 1132 3564 1202 τίμιος
3608 1130 3783 1192 οὗτος,
3813 1131 3892 1184 ὅτι
3925 1131 4023 1183 καὶ

2437 1222 2498 1274 ἐν
2528 1224 2701 1295 ταύτῃ
2738 1228 2800 1293 τῇ
2838 1225 3203 1294 μεγαλοπόλει
3226 1226 3459 1294 διάφορα
3493 1225 3588 1292 ἔθη
3618 1225 3746 1284 είσὶ,
3773 1220 4022 1292 νηστεῖαί

2437 1330 2496 1365 τε
2529 1315 2624 1367 καὶ
2667 1314 3123 1382 ἐκκλησιαστικαὶ
3169 1315 3354 1380 τάξεις
3398 1315 3885 1383 παρηλλαγμέναι.
3917 1311 4023 1363 Kal

2441 1405 2549 1474 γὰρ
2583 1407 2632 1458 οἱ
2663 1407 2762 1475 μὲν
2796 1406 2903 1459 ἀπὸ
2933 1411 3031 1476 τῆς
3069 1407 3129 1459 ιδ’
3159 1405 3252 1458 τοῦ
3286 1407 3596 1475 Νοεμϐρίου
3642 1406 3898 1474 ἄρχονται
3934 1421 4030 1470 νηο

2444 1500 2656 1553 στεύειν
2682 1502 2744 1553 τὸ
2777 1499 3390 1568 τεσσαρακονθήμερον·
3419 1501 3466 1550 οἱ
3498 1499 3553 1550 δὲ
3583 1501 3692 1551 ἀπὸ
3726 1497 3825 1564 τῆς
3860 1497 4026 1563 ἕκτης

2441 1591 2536 1643 τοῦ
2566 1591 2928 1659 Δεκεμϐρίου’
2967 1593 3014 1643 oi
3047 1592 3098 1643 δὲ
3128 1592 3236 1644 άπὸ
3266 1594 3362 1659 τῆς
3401 1589 3468 1643 ar."
3500 1592 3593 1643 καὶ
3629 1591 3806 1660 ’ἑτεροι
3833 1587 3890 1640 δὲ
3931 1582 4028 1639 ἀπ’

2442 1683 2618 1754 ἀρχῆς
2650 1685 2744 1736 τοῦ
2782 1685 2964 1737 Μαΐου
2995 1682 3083 1736 διὰ
3129 1686 3228 1752 τὴν
3261 1684 3456 1754 ἑορτὴν
3481 1684 3577 1752 τῆς
3622 1681 3861 1752 Χριστοῦ
3900 1683 4029 1732 ava-

2443 1776 2682 1847 λήψεως·
2715 1779 2810 1829 καὶ
2860 1777 3011 1830 ἄλλοι
3063 1777 3229 1838 ἄλλας
3282 1776 3560 1846 νηστείας.
3600 1777 3710 1828 Kal
3741 1774 3788 1825 οἱ
3829 1773 3926 1842 μὲν
3958 1771 4029 1824 τά

2444 1870 2705 1924 Σάϐϐατα
2735 1872 2828 1923 καὶ
2873 1871 2970 1933 τὰς
3005 1869 3292 1940 Κυριακὰς
3321 1870 3421 1938 τῆς
3465 1868 3625 1936 ἁγίας
3657 1869 3748 1919 καὶ
3784 1866 4029 1936 μεγάλης

2445 1963 2909 2030 Τεσσαρακοστῆς
2935 1962 3119 2031 ίχθύας
3147 1961 3440 2020 ἐσθίουσιν,
3461 1962 3640 2028 ἕτεροι
3663 1959 3719 2012 δὲ
3745 1960 3836 2012 καὶ
3861 1956 4027 2019 ἄλλας

2443 2055 2682 2126 ἡμέρας
2713 2056 2860 2109 ἄλλοι
2892 2055 2948 2108 δὲ
2982 2057 3191 2108 τούτων
3242 2057 3563 2123 ἀπέχονται·
3598 2053 3651 2106 τί
3697 2051 3810 2111 οὖν,
3855 2052 4030 2117 ἀσυμ-

2447 2150 2660 2218 φώνους
2716 2151 2811 2201 καὶ
2849 2149 2978 2216 περὶ
3017 2149 3073 2201 δὲ
3121 2149 3222 2218 τὴν
3268 2147 3452 2200 πίστιν
3488 2145 3753 2214 spe-395v;
3797 2141 4031 2211 Ὁμοίως

2449 2243 2542 2295 καὶ
2573 2243 2628 2292 ὲν
2657 2243 2776 2302 ταῖς
2824 2241 3313 2309 ἐκκλησιαστικαῖς
3349 2238 3538 2304 τάξεσι
3580 2236 3846 2305 διαφοράν
3883 2235 4031 2286 ἔστιν

2448 2333 2653 2402 εὑρεῖν·
2697 2332 2791 2383 καὶ
2820 2333 2930 2401 γάρ
2966 2333 2998 2400 ἠ
3026 2330 3286 2398 καθολικὴ
3325 2329 3624 2397 Ἐκκλησία
3660 2331 3716 2380 ἐν
3747 2329 3869 2388 ταῖς
3898 2326 4035 2394 ψαλ-

2452 2423 2680 2494 μῳδίαις
2709 2422 2878 2490 ἄλλην
2905 2422 3060 2485 τάξιν
3095 2421 3228 2489 ἔχει,
3258 2423 3351 2473 καὶ
3386 2421 3555 2489 ἄλλην
3583 2422 3637 2472 al
3673 2417 3907 2486 μεγάλαι
3939 2433 4037 2485 μο-

2453 2515 2564 2577 val,
2597 2515 2692 2568 καὶ
2721 2515 2890 2582 ἄλλην
2937 2513 3007 2565 τὰ
3057 2515 3463 2582 ἡσυχαστήρια,
3498 2513 3592 2563 καὶ
3638 2510 3805 2579 ἄλλην
3849 2511 3903 2561 αἱ
3943 2524 4038 2561 κο-

2455 2609 2653 2676 σμικαὶ
2690 2606 3003 2674 ἐκκλησίαι.
3045 2607 3152 2658 Kal
3197 2606 3246 2656 οἱ
3279 2604 3727 2672 Ταϐεννησιῶται
3775 2601 3831 2654 δὲ
3871 2603 3932 2655 ὲν
3966 2603 4056 2670 τῇ,

2453 2702 2591 2771 αὐτῇ
2625 2701 2719 2753 καὶ
2756 2700 2855 2769 μιᾷ
2900 2701 3034 2768 μονῇ
3079 2696 3374 2764 διαφόρους
3418 2695 3674 2763 νηστείας
3708 2695 3802 2747 καὶ
3851 2692 4036 2760 διαφό-

2458 2810 2586 2863 ρους
2632 2792 2955 2862 ψαλμῳδίας
2999 2791 3312 2841 ἐπετέλουνο
3347 2804 3439 2842 καὶ
3486 2791 3534 2840 οἱ
3571 2790 3669 2857 μὲν
3719 2786 3901 2839 αὐτῶν
3950 2786 4041 2839 διὰ

2454 2884 2550 2937 δύο
2591 2882 2819 2952 ἡμερῶν
2865 2883 3176 2953 ὲνήστευον,
3213 2883 3262 2934 οἱ
3294 2882 3348 2935 δὲ
3381 2882 3448 2934 δι’
3479 2881 3794 2951 ἑϐδομάδος.
3845 2881 3954 2934 Kal
3987 2881 4036 2933 οί

2461 2976 2560 3044 μὲν
2587 2976 2680 3043 ἀφ’
2709 2974 2970 3043 ἑσπέρας,
3006 2975 3059 3025 οἱ
3086 2974 3139 3026 δὲ
3171 2974 3281 3026 ἀπὸ
3309 2976 3482 3044 μέσης
3509 2974 3702 3034 νυκτὸς
3734 2973 3834 3041 τὴν
3858 2974 4036 3041 ὑμνῳ-

2458 3067 2575 3119 δίαν
2607 3067 2918 3118 ὲπετέλουν⁶
2955 3067 3153 3135 ὁμοίως
3207 3068 3299 3117 καὶ
3334 3068 3390 3116 ὲν
3438 3068 3502 3135 τῇ
3539 3065 3646 3117 τῶν
3694 3066 4040 3133 ’Λκοιμήτων

764 3156 985 3224 quidem
1025 3151 1091 3204 ad
1136 3160 1446 3215 vesperam,
1474 3143 1584 3198 illis
1618 3155 1749 3195 vero
1773 3140 1840 3193 de
1867 3135 2043 3191 media
2077 3143 2238 3228 nocte
2267 3147 2354 3186 sa-
2379 3151 2424 3213 ς
2465 3175 2529 3227 po

2277 3147 2354 3186 Μ’
2379 3151 2424 3213 C
2465 3159 2621 3228 μονῇ.
2655 3158 2765 3212 Kal
2794 3159 2819 3210 6
2862 3158 3016 3224 ἅγιος
3048 3157 3103 3208 δὲ
3136 3155 3352 3224 Σεμεὼν
3385 3159 3411 3208 6
3461 3157 3720 3222 Στυλίτης
3772 3159 4042 3224 τεσσαρά-

765 3262 892 3302 cros
918 3247 1154 3311 hymnos
1193 3237 1520 3292 canentibus
1547 3251 1562 3288 :
1589 3234 1731 3303 quod
1765 3232 1929 3286 [iebat
1954 3229 2120 3283 etiam
2161 3226 2214 3279 in
2241 3239 2354 3278 mo-

765 3339 1010 3394 nasterio
1036 3336 1449 3391 Acmmetorum
1483 3329 1588 3398 (5).
1625 3328 1863 3382 Sanctus
1901 3323 2122 3376 Sitneon
2157 3318 2351 3388 Stylita

766 3428 1133 3502 quadraginta
1157 3426 1371 3479 dierum
1418 3419 1689 3491 jejunium
1738 3415 1875 3472 nihil
1910 3413 2136 3468 omnino
2185 3412 2355 3478 degu-

769 3535 925 3581 stans
944 3518 1238 3590 complevit
1260 3532 1277 3582 ;
1298 3516 1441 3570 idem
1474 3515 1666 3568 beatus
1688 3524 1905 3580 quoque
1936 3505 2123 3561 Daniel
2143 3503 2358 3573 praesti-

768 3620 870 3682 tit;
905 3617 1019 3668 haec
1047 3620 1229 3665 tamen
1262 3621 1427 3662 nemo
1452 3605 1518 3660 ad
1548 3606 1693 3658 hanc
1717 3603 1858 3657 diem
1881 3601 1935 3655 in
1959 3601 2166 3655 crimen
2192 3611 2358 3651 voca-

768 3711 867 3766 vit.
895 3707 1059 3761 Jubet
1080 3718 1254 3758 canon
1290 3700 1390 3771 (6),
1415 3699 1677 3753 omnibus
1700 3695 1871 3751 sextis
1895 3692 2050 3747 feriis
2081 3689 2359 3759 essejeju-

774 3801 1021 3858 nandum
1059 3815 1073 3852 :
1107 3810 1208 3851 nos
1239 3791 1572 3864 quibusdam
1626 3803 1735 3844 non
1778 3788 2140 3856 jejunamus;
2178 3780 2357 3835 Latini

774 3910 907 3950 vero
955 3905 1235 3961 nunquam
1261 3887 1379 3956 ejus
1409 3884 1517 3940 diei
1544 3883 1766 3938 solvunt
1794 3881 2088 3950 jejunium,
2118 3879 2223 3932 nisi
2255 3874 2362 3929 Na-

774 3989 901 4042 talis
920 3984 1135 4039 Domini
1167 3982 1286 4035 dies
1305 3978 1617 4045 contingat.
1656 3973 1871 4028 Rursus
1902 3970 2248 4040 praecipiente
2274 3982 2366 4022 ca-

777 4095 923 4132 none
952 4076 1050 4144 (7),
1081 4089 1185 4127 non
1240 4086 1361 4126 esse
1386 4067 1748 4138 jejunnndum
1779 4064 2044 4126 Sabbato,
2085 4062 2364 4126 Socrates,

776 4171 868 4239 qui
894 4168 1135 4222 l'uitante
1157 4162 1428 4235 synodum
1479 4159 1815 4222 tertiam,ln
1862 4154 2140 4219 Occiduis,
2165 4154 2363 4222 inquit,

778 4262 1029 4332 partibus
1075 4257 1330 4326 jejunant
1365 4251 1559 4307 diebus
1583 4249 1808 4303 Sabbati
1840 4260 1860 4299 .'
1900 4260 2004 4300 nec
2035 4253 2218 4299 tamen
2271 4243 2366 4312 qui

777 4352 889 4407 illis
908 4349 1060 4404 luere
1078 4344 1428 4414 temporibus
1440 4341 1655 4396 crimini
1677 4341 1781 4394 hoc
1793 4339 2084 4401 dederunt,
2101 4337 2244 4406 quod
2264 4335 2373 4389 sci-

2458 3267 2622 3302 κοντα
2656 3247 2881 3318 ἡμερῶν
2913 3248 3169 3317 νηστείαν
3203 3247 3488 3300 ἐπετέλεσε
3521 3246 3811 3316 μηδοτιοῦν
3849 3247 4044 3312 γευσά-

2463 3356 2646 3410 μενος·
2680 3339 2882 3408 όμοίως
2915 3341 3009 3392 καὶ
3036 3339 3233 3407 Δανιὴλ
3262 3341 3290 3391 6
3319 3340 3485 3400 ὅσιος·
3521 3338 3635 3390 ἀλλ’
3670 3340 3844 3400 οὐδεὶς
3872 3337 4043 3391 ταῦτα

2459 3430 2750 3484 ἐνεκάλεσέ
2778 3446 2908 3481 ποτε
2938 3429 3105 3498 μέχρι
3129 3429 3225 3480 καὶ
3249 3428 3516 3499 τήμερον.
3545 3430 3655 3481 Kal
3688 3428 3780 3480 τοῦ
3822 3427 4044 3488 κανόνος

2459 3523 2514 3576 δὲ
2567 3523 2840 3588 λέγοντος,
2895 3523 2992 3584 τὰς
3055 3521 3421 3591 Παρασκευάς
3487 3521 3669 3582 πάσας
3734 3519 4043 3588 νηστεύειν,

2461 3617 2626 3686 ἡμεῖς
2657 3615 3006 3684 καταλύομεν
3034 3614 3164 3676 ὅσας
3194 3613 3329 3674 δῆτα
3351 3613 3716 3680 καταλύομεν·
3741 3614 3957 3664 Λατῖνοι
3988 3612 4044 3663 δὲ

2463 3710 2644 3770 πάσας
2677 3711 3055 3775 νηστεύουσιν,
3085 3708 3130 3758 εί
3159 3706 3233 3776 μὴ
3260 3705 3368 3757 τῶν
3393 3706 3835 3776 Χριστουγέννων
3863 3705 4046 3773 ἡμέρα

2462 3802 2621 3873 τύχῃ.
2665 3800 2773 3851 Καὶ
2811 3799 2973 3851 πάλιν
3003 3797 3096 3850 τοῦ
3130 3798 3352 3858 κανόνος
3386 3795 3659 3864 λέγοντος,
3691 3795 3758 3848 τά
3791 3795 4047 3847 Σάϐϐατα

2469 3894 2543 3962 μὴ
2578 3891 2883 3962 νηστεύειν,
2933 3889 3232 3959 Σωκράτης
3267 3887 3323 3940 δὲ
3375 3889 3481 3956 προ
3516 3889 3615 3953 τῆς
3660 3887 3851 3956 τρίτης
3893 3887 4050 3939 συνό-

2465 3987 2558 4040 δου
2590 3985 2664 4038 ὢν
2712 3983 2896 4053 φησίν·
2935 3983 3025 4035 Ἑν
3057 3984 3170 4044 τοῖς
3219 3980 3498 4046 ἑσπερίοις
3533 3981 3599 4032 τά
3651 3979 3905 4032 Σάϐϐατα
3951 3995 4048 4050 νη-

2469 4078 2775 4139 στεύουσιν,
2811 4075 2929 4127 ἀλλ’
2958 4078 3005 4128 oi
3051 4075 3125 4141 τῷ
3166 4075 3285 4126 τότε
3339 4073 3491 4134 ὅντες
3527 4071 3682 4125 τοῦτο
3714 4072 3813 4124 οὐκ
3863 4070 4050 4124 ἐνεκά-

2467 4169 2656 4222 λεσανσ
2686 4167 2909 4237 ᾔδεισαν
2945 4164 3077 4234 γάρ,
3109 4163 3191 4215 ὅτι
3223 4163 3281 4215 τὸ
3318 4161 3576 4231 διάφορον
3608 4161 3718 4212 τῶν
3786 4161 4057 4228 νηστειῶν

2468 4263 2564 4315 καὶ
2593 4261 2701 4313 τῶν
2737 4259 2876 4310 ἐθῶν
2910 4256 3176 4324 διαφοράν
3208 4255 3447 4316 πίστεως
3481 4255 3581 4305 οὐκ
3638 4252 3869 4319 είσάγει.
3906 4251 4054 4303 Θαυ-

2475 4351 2668 4420 μάσειε
2698 4348 2740 4400 δ’
2773 4347 2838 4400 ἄν
2881 4363 2965 4404 τις
3019 4345 3232 4408 τοῦτον,
3265 4344 3378 4404 πῶς
3416 4342 3508 4394 καὶ
3559 4342 3619 4394 τὸ
3667 4342 3924 4408 διάφορον
3956 4341 4056 4406 τῆς

779 4456 923 4509 rent,
945 4443 1124 4496 varios
1151 4439 1488 4511 jejunioruut
1510 4448 1563 4492 et
1586 4436 1792 4489 rituum
1821 4447 2001 4488 mores
2026 4448 2135 4486 non
2162 4430 2369 4484 inferre
2402 4489 2445 4544 Β
2473 4441 2540 4507 γ),

2288 4444 2369 4484 rre
2402 4489 2445 4544 Β
2473 4440 2720 4507 γλώττης
2756 4436 2849 4488 καὶ
2895 4434 2954 4487 τὸ
2993 4435 3101 4486 τῶν
3147 4433 3464 4500 ἐνδυμάτων
3507 4432 3607 4484 οὐκ
3647 4429 4053 4500 ἐνεκάλεσενοῆ

780 4534 1147 4592 diil'erentiam
1186 4532 1331 4585 ﬁdei.
1357 4529 1552 4582 Mirum
1588 4541 1751 4598 porro
1781 4525 1969 4590 luerit,
2001 4539 2102 4578 cur
2151 4524 2255 4578 iste
2281 4523 2366 4578 vir

780 4641 835 4685 et
870 4630 1068 4698 lingua!
1102 4625 1505 4686 diversisatem,
1537 4631 1592 4674 et
1647 4622 1860 4674 varium
1917 4617 2364 4670 indumentorum

783 4737 956 4791 genus
1007 4719 1141 4772 vitio
1203 4732 1308 4770 non
1361 4715 1632 4777 verterit;
1671 4722 1766 4766 aut
1819 4714 1964 4778 quod
2016 4710 2090 4762 illi
2140 4708 2361 4762 ﬂectant

783 4829 962 4882 genua
996 4827 1122 4866 eum
1153 4807 1389 4863 adorant
1415 4815 1469 4861 et
1502 4813 1688 4871 orant,
1712 4814 2000 4860 servantes
2043 4816 2247 4856 morem
2273 4817 2372 4854 an.

2477 4531 2594 4594 πῶς
2623 4532 2820 4583 ικεῖνοι
2846 4529 2906 4579 τὸ
2927 4529 3055 4594 γόνυ
3079 4525 3354 4586 κλίνοντες
3380 4526 3750 4592 προσκυνοῦσι
3771 4523 3862 4574 καὶ
3891 4537 4061 4590 προσ-

2477 4623 2730 4692 εύχονται
2785 4620 2923 4694 κατὰ
2981 4619 3080 4687 τὴν
3137 4618 3377 4687 ἀρχαίαν
3430 4616 3605 4678 τάξιν,
3640 4617 3802 4683 ἡμεῖς
3853 4613 3909 4665 δὲ
3960 4614 4059 4681 οὐχ

2478 4717 2671 4776 οὕτως.
2709 4708 2852 4768 Ἀλλ’
2886 4707 3041 4781 οἴμαι
3073 4711 3157 4771 τὸ,
3189 4710 3283 4761 καὶ
3316 4709 3369 4762 εί
3399 4726 3453 4760 τι
3485 4707 3751 4769 τοιοῦτον,
3785 4706 3928 4758 οὕτω
3962 4705 4059 4774 δη-

2483 4808 2701 4869 λοῦντὸς
2734 4807 2903 4864 ἐστιν,
2942 4803 2970 4855 ὃ
3000 4806 3092 4854 καὶ
3128 4800 3432 4870 παράδοξον
3460 4795 3599 4851 εἶναι
3625 4800 3794 4850 δοκεῖ.

784 4909 1058 4978 tiquitutis
1085 4926 1100 4972 ;
1129 4922 1229 4961 nos
1259 4905 1504 4959 minime.
1536 4901 1737 4958 Verum
1760 4919 1866 4958 vox
1898 4903 2014 4965 illa,
2047 4916 2214 4971 quam
2238 4904 2421 4961 subdit
2457 4922 2473 4960 :
2507 4903 2573 4959 Et
2617 4903 2839 4967 similia,
2911 4900 3012 4953 hoc
3082 4899 3185 4952 sibi
3222 4897 3358 4950 velle
3398 4896 3611 4949 videtur
3634 4933 3648 4959 ,
3714 4893 3856 4962 quod
3927 4907 4062 4954 sane

783 5011 906 5075 quis
939 5016 1285 5071 summopere
1309 5001 1629 5056 demiretnr.

1459 5092 1701 5148 EPHES.

862 5194 930 5244 At
977 5205 1138 5258 quam
1194 5188 1271 5242 illi
1323 5189 1644 5258 praeclaram
1691 5189 2000 5242 obtendunt
2049 5187 2322 5241 rationem
2354 5186 2379 5238 ?

783 5283 1102 5352 Nunquam,
1173 5281 1470 5350 inquiunt,
1527 5281 1844 5336 Graecorum
1904 5280 2153 5336 Ecclesia
2217 5279 2377 5342 dixit,

793 5377 1061 5443 Spiritum
1099 5387 1164 5427 ex
1205 5376 1321 5427 solo
1353 5372 1514 5427 Patre
1568 5374 1889 5443 procedere.
1928 5375 2020 5429 sed
2059 5372 2381 5441 simpliciter

789 5486 854 5523 ex
888 5467 1048 5522 Patre
1081 5467 1380 5536 procedere
1410 5485 1424 5533 ;
1459 5468 1563 5522 hoc
1615 5477 1795 5521 autem
1830 5466 2026 5520 Filium
2060 5481 2163 5518 non
2197 5464 2377 5520 exclu-

3180 5075 3369 5129 ΕΦΕΣ.

2567 5177 2729 5231 Ἀ).λὰ
2761 5176 2840 5236 τίς
2875 5175 2902 5226 ὁ
2935 5170 3096 5238 σοφὸς
3125 5169 3309 5220 αὐτῶν
3330 5167 3520 5235 λόγος;
3551 5165 3844 5226 Οὐδέποτε,
3875 5161 4060 5230 φησὶν,

2481 5273 2517 5342 ὴ
2545 5271 2653 5322 τῶν
2685 5266 2938 5336 Γραικῶν
2986 5262 3286 5328 Ἐκκλησία
3313 5260 3392 5322 τὸ,
3419 5261 3482 5311 ἐκ
3523 5260 3683 5328 μόνου
3718 5255 3812 5308 τοῦ
3854 5254 4063 5320 [Ιατρὸς

2484 5359 2908 5429 ἐκπορεύεσθαι,
2941 5357 3149 5422 ἔλεγεν,
3183 5354 3296 5406 ἀλλ’
3350 5351 3556 5413 ἀτελῶς,
3594 5352 3656 5403 ὲκ
3703 5350 3797 5401 τοῦ
3853 5347 4066 5414 [ἰατρὸς

2485 5451 2903 5523 ἐκπορεύεσθαι·
2934 5447 3088 5500 τοῦτο
3109 5449 3163 5500 δὲ
3188 5449 3278 5499 τὸν
3299 5446 3425 5498 Υἱὺκ
3455 5447 3552 5498 οὐκ
3580 5442 3828 5496 ἐκϐάλλει
3861 5441 3956 5508 τῆς
3978 5440 4066 5489 ὲκ-

792 5562 873 5613 du.
900 5576 927 5612 a
966 5557 1324 5626 productione
1361 5575 1373 5610 :
1414 5557 1488 5611 ita
1527 5571 1585 5612 ut
1616 5562 1714 5611 hac
1762 5557 1971 5611 ratione
2007 5554 2276 5610 fuerimus
2330 5561 2384 5608 et
2489 5565 2557 5601 πο

2330 5561 2384 5608 et
2489 5547 2840 5618 πορεύσεως’
2888 5542 3029 5593 ὥστε
3069 5539 3212 5592 κατὰ
3267 5537 3426 5589 τοῦτο
3471 5537 3564 5588 καὶ
3613 5536 3882 5601 πρότερον
3922 5524 4065 5600 ἦμεν

799 5848 816 5891 ι
869 5771 942 5836 {5‘
975 5772 1255 5838 Accemeti,
1293 5770 1343 5824 id
1376 5778 1478 5832 est,
1518 5767 1793 5837 pcrpctuis
1829 5762 2029 5833 vigiliis
2057 5760 2164 5816 Deo
2188 5775 2376 5815 vacan-

823 5858 903 5891 es.

823 5858 903 5895 εδ.

2565 5753 2642 5821 (ti)
2677 5751 2810 5809 Cat).
2847 5757 3026 5819 apost.
3062 5748 3150 5809 69,
3174 5747 3328 5821 juxta
3372 5741 3611 5821 Grmcos:

2565 5815 2639 5896 (Ἰ)
2664 5822 2798 5878 Cun.
2834 5815 3013 5890 apost.
3049 5821 3138 5884 66,
3179 5819 3273 5872 ltb.
3310 5831 3362 5882 v,
3398 5829 3516 5883 cap.
3586 5815 3677 5867 2|.
