4470 6452
459 387 564 449 Ῐ45

1687 392 1991 454 CONTRA
2033 392 2454 459 EPHESIUM.

3621 400 3718 464 146

457 502 742 570 Παρθένου
790 502 906 555 ἐστί
928 521 939 535 ·
973 506 1065 558 καὶ
1098 507 1494 576 παρακατιὼν·
1531 510 1864 578 Ρεγέννηται
1918 510 2042 564 καθ’
2069 508 2120 564 Δ
2147 518 2222 567 int

1956 510 2042 562 αθ⁹
2069 508 2120 564 Δ
2147 513 2345 582 inquit,
2369 522 2649 584 assumpta
2701 529 2865 569 carne
2889 514 3062 568 Filius
3101 530 3318 584 quoque
3361 514 3596 571 hominis
3626 533 3717 570 ex-

459 596 610 664 ήμᾶς
647 597 708 648 ἐκ
735 599 989 664 γυναικός
1012 615 1026 630 ⁸
1059 601 1152 652 καὶ
1188 603 1307 670 μετ’
1334 601 1528 669 ὀλίγα’
1573 603 1632 655 ’0
1659 606 1723 656 ἐκ
1763 603 1900 656 Θεοῦ
1934 603 2046 654 Πα-

459 686 589 752 τρδς
647 689 819 754 Λόγος
855 691 912 742 ὲν
949 694 1132 760 μορφῇ
1193 692 1287 767 τοῦ
1342 695 1734 764 γεγεννηκότος
1784 695 2044 764 ὑπάρχων

465 776 788 845 κατῴκησεν
840 781 898 831 ὲν
947 782 1222 852 ἀνθρώπῳ
1255 787 1571 854 γεννηθέντι
1616 788 1703 841 διὰ
1760 789 2043 854 γυναικός.

479 862 632 918 Ἐπεὶ
693 863 786 920 οῦν
838 871 1284 934 ἀντιμεθίσταται
1320 875 1375 943 ὴ,
1417 873 1537 937 διὰ,
1576 877 1667 942 τῇ,
1703 873 1792 937 ἐκ,
1828 873 2045 939 λέγουσι

467 957 524 1008 δὲ
557 959 605 1009 oi
640 959 852 1010 δυτικοί
885 962 1147 1030 Πατέρες,
1175 965 1269 1015 καὶ
1301 966 1363 1017 ὲκ
1397 963 1486 1016 τοῦ
1510 964 1674 1026 Υίοῦ,
1708 966 1756 1016 oi
1811 964 1870 1016 δὲ
1918 965 2048 1016 ἀνα-

469 1048 694 1114 τολικοι,
727 1050 815 1102 διὰ
863 1052 956 1103 τοῦ
1002 1053 1134 1105 Υἱοῦ
1184 1056 1277 1106 καὶ
1308 1057 1372 1108 ἐκ
1424 1055 1517 1108 τοῦ
1571 1055 1810 1119 Υίοῦ,οὑ
1841 1054 2047 1106 δίκαιόν

468 1137 586 1191 ἐστι
611 1140 838 1204 τούτους
877 1145 1228 1213 παριδόντας,
1262 1148 1381 1216 τὴν,
1419 1147 1540 1210 διὰ,
1577 1149 1698 1200 ἀντὶ
1731 1149 1851 1217 τῆς,
1873 1146 2044 1216 μετὰ,

471 1233 565 1284 καὶ
614 1235 737 1286 ἀντὶ
787 1236 905 1303 τῆς,
939 1238 1080 1301 σὺν,
1115 1241 1349 1291 ἐννοεῖν·
1381 1241 1442 1292 τὸ
1492 1241 1620 1308 γὰρ,
1651 1240 1757 1292 Σὺν
1809 1239 1885 1307 τῷ
1935 1237 2048 1306 Υίῷ

469 1326 998 1400 ἐκπορευόμενον,ῆ
1055 1333 1209 1386 Μετὰ
1254 1333 1346 1385 τοῦ
1400 1333 1530 1386 Υίοῦ
1589 1334 2044 1403 ἐκπορευόμενον,

469 1417 647 1480 οὐδεὶς
687 1417 796 1470 τῶν
833 1421 1009 1488 ἁγίων
1042 1422 1235 1492 εἴρηκε
1260 1436 1275 1452 ⁸
1309 1424 1467 1487 διότι,
1521 1424 1597 1486 ὼς
1633 1426 1729 1476 καὶ
1789 1425 2052 1494 προείρη-

471 1524 585 1568 ται,
619 1511 646 1560 6
679 1511 881 1579 τρόπος
932 1510 1085 1574 οὗτος
1142 1515 1389 1576 ὲνώσεως
1430 1517 1630 1584 μᾶλλόν
1679 1519 1794 1569 ἐστι
1848 1519 1940 1569 καὶ
1987 1515 2047 1568 οὐ

471 1599 816 1670 διακρίσεως.
865 1604 965 1656 Διὰ
1017 1605 1178 1657 τοῦτο
1230 1610 1326 1659 καὶ
1377 1607 1475 1676 τὴν
1534 1607 1808 1674 διάκρισιν
1843 1608 2050 1674 ταύτην

475 1694 680 1756 εἰδότες
707 1695 756 1744 oi
793 1695 970 1755 καλῶς
1003 1697 1362 1766 ἐπιστάμενοι
1397 1699 1464 1750 τὰ
1491 1699 1583 1750 τοῦ
1615 1697 1936 1765 Πνεύματος
1962 1698 2048 1750 λέ-

474 1800 612 1849 γειν,
653 1785 714 1836 οὐ
765 1785 902 1852 μετά
935 1785 1030 1838 τοῦ
1068 1787 1196 1839 Υἱοῦ
1228 1789 1260 1855 ἢ
1297 1789 1394 1841 σὺν
1446 1790 1526 1858 τῷ
1564 1790 1679 1858 Υίῴ
1708 1789 1768 1842 τδ
1824 1789 2048 1856 Πνεῦμα

474 1875 873 1944 ἐκπορεύεσθαι
928 1879 1137 1948 ἔφησαν
1160 1897 1173 1911 ·
1209 1884 1256 1934 εί
1305 1883 1415 1950 γὰρ
1463 1882 1621 1936 τοῦτο
1654 1884 1916 1950 ἔγνωσαν,
1947 1885 2048 1936 οὐκ

472 1965 540 2020 ἂν
572 1970 599 2020 6
637 1971 809 2036 μέγας
851 1971 1171 2035 Ἀθανάσιος
1202 1975 1233 2042 ἡ
1268 1975 1418 2043 πηγὴ
1451 1975 1553 2043 τῆς
1583 1975 1861 2042 θεολογίας
1891 1979 1948 2028 ἐν
1973 1975 2050 2045 τῷ

473 2059 616 2112 κατὰ
650 2061 702 2111 Ἀ
716 2064 946 2130 ρειανῶν
971 2065 1216 2134 τετάρτῳ
1238 2067 1381 2133 λόγῳ
1409 2068 1620 2134 ἔλεγενσ
1648 2069 1723 2120 Οὐ
1747 2069 1806 2119 τὸ
1828 2069 2048 2137 Πνεῦμα

477 2147 740 2200 συνάπτει
797 2150 889 2202 τὸν
943 2153 1117 2217 Λόγον
1170 2153 1245 2221 τῷ
1301 2157 1498 2224 Πατρὶ,
1536 2157 1670 2209 ἀλλὰ
1738 2159 1938 2227 μᾶλλον
1989 2160 2050 2211 τὸ

477 2237 702 2307 Πνεῦμα
733 2239 885 2308 παρὰ
913 2243 1007 2294 τοῦ
1042 2244 1215 2310 Λόγου
1244 2248 1402 2299 τοῦτο
1434 2249 1704 2316 λαμὸἀνει
1729 2266 1743 2281 ο
1769 2253 1862 2303 καὶ
1899 2252 1954 2301 ἐν
1982 2254 2047 2321 τῇ

473 2329 611 2396 πρὸς
638 2331 960 2400 Σεραπίωνα
983 2351 998 2367 ο
1022 2332 1114 2387 Ἑν
1145 2337 1367 2406 Χριστῷ
1397 2335 1463 2407 ἦν
1489 2340 1547 2392 τὸ
1579 2340 1825 2408 Πνεῦμα,
1861 2342 2049 2410 (Ita-sp

474 2422 504 2472 6
539 2421 664 2483 Υίὺς
695 2425 752 2474 ὲν
783 2425 859 2493 τῷ
887 2427 1058 2496 Πατρί
1079 2446 1093 2461 ο
1126 2430 1218 2480 καί
1243 2446 1256 2460 ·
1280 2429 1553 2497 Τοιαύτην
1587 2434 1750 2496 φύσιν
1779 2448 1872 2484 και
1897 2433 2052 2496 τάξιν

473 2514 588 2581 ἔχει
619 2516 676 2567 τὸ
705 2518 930 2586 Πνεῦμα
959 2519 1096 2587 πρδς
1129 2521 1220 2570 τὸν
1252 2521 1393 2582 Υἱὸν,
1421 2521 1541 2573 οἷαν
1555 2519 1681 2590 ’ἔχει
1707 2526 1730 2576 6
1764 2524 1887 2585 Υἱὸς
1915 2525 2050 2592 πρὸς

471 2609 565 2660 τὸν
599 2609 840 2677 Πατέρα.
879 2613 988 2662 Καὶ
1023 2613 1304 2674 Βασίλειος
1336 2613 1389 2666 δὲ
1419 2616 1446 2666 6
1482 2615 1656 2681 μέγας
1681 2617 1708 2667 6
1734 2617 1834 2683 τῆς
1870 2617 2050 2669 θεολοο

471 2701 597 2765 γίας
643 2701 804 2766 βυθδς
853 2703 908 2753 ὲν
954 2700 1004 2764 ιζ
1047 2703 1156 2754 τῶν
1194 2705 1331 2771 πρὸς
1390 2708 1741 2776 Ἀμφιλόχιον
1773 2709 1914 2762 οὕτω
1945 2713 2050 2776 φά-

470 2807 617 2846 σκει·
666 2794 752 2855 Ὠς
785 2794 963 2847 τοίνυν
995 2794 1108 2863 ἔχει
1132 2797 1159 2845 ὁ
1189 2797 1314 2858 Υἱὸς
1343 2799 1480 2867 πρὸς
1511 2798 1605 2850 τὸν
1637 2800 1876 2870 Πατέρα,
1908 2801 2052 2854 οὕτω

475 2885 570 2938 καὶ
601 2886 736 2955 πρὸς
768 2887 860 2938 τὸν
891 2887 1020 2938 Υίὺν
1052 2888 1114 2938 τὺ
1146 2887 1373 2956 Πνεῦμα
1405 2889 1549 2942 κατὰ
1581 2890 1681 2958 τὴν
1711 2894 1769 2943 ὲν
1798 2893 1875 2960 τῷ
1910 2893 2052 2960 βαπο

431 3044 445 3055 .
474 2975 702 3042 τίσματι
751 2976 1203 3045 παραδεδομένην
1236 2978 1331 3030 τοῦ
1369 2979 1530 3046 λόγου
1586 2981 1840 3048 σύνταξιν
1863 2998 1879 3014 '
1912 2985 1960 3034 εί
1992 2983 2050 3035 δὲ

471 3064 548 3116 τὸ-
569 3065 795 3133 Πνεῦμα
837 3066 914 3134 τῷ
967 3067 1079 3135 Υίῷ
1109 3069 1493 3132 συντέτακται,
1527 3073 1554 3123 6
1585 3071 1642 3124 δὲ
1675 3073 1804 3134 Υίδς
1833 3073 1908 3142 τῷ
1947 3074 2053 3125 Πα-

2147 606 2315 670 stitit,
2383 607 2696 660 necessario
2743 606 3022 659 latendum
3053 612 3136 658 est
3174 605 3474 659 secundum
3499 621 3719 660 carnem

2149 707 2338 754 natum
2372 713 2495 752 esse
2525 715 2616 766 per
2651 699 2961 753 mulierem.
2989 697 3056 750 Et
3090 699 3255 766 paulo
3291 709 3411 766 post
3441 717 3455 752 :
3490 700 3581 752 Dei
3620 699 3722 752 Pa-

2149 795 2249 847 tris
2279 792 2515 846 Verbum
2543 791 2610 844 de
2636 800 2823 846 sancta
2852 791 3074 860 Virgine
3097 799 3200 845 est.
3241 791 3305 843 Et
3337 791 3475 843 infra
3501 809 3515 844 :
3546 791 3722 846 Natus

2148 895 2232 940 est
2270 901 2425 952 aeque
2477 900 2540 938 ac
2573 901 2673 938 nos
2706 885 2772 938 de
2807 886 3053 938 muliere.
3092 886 3157 938 Et
3201 899 3308 937 non
3343 885 3514 937 multo
3549 895 3672 948 post
3704 904 3718 939 :

2151 977 2242 1030 Dei
2279 977 2453 1030 Patris
2489 975 2718 1029 Verbum
2746 974 2798 1026 in
2834 973 3006 1027 l‘ornta
3034 975 3117 1028 sui
3147 974 3409 1041 genitoris
3439 975 3718 1027 exsistens

2152 1065 2417 1117 habitavit
2447 1064 2500 1115 in
2537 1064 2759 1116 homine
2793 1071 2919 1115 nato
2939 1077 3033 1129 per
3063 1065 3370 1115 mulierem.
3399 1063 3535 1114 Cum
3557 1062 3724 1132 igitur

2148 1173 2239 1224 per
2284 1165 2338 1208 et
2379 1171 2443 1209 ea:
2506 1156 2579 1208 ita
2611 1169 2669 1206 se
2718 1153 2973 1214 habeant,
3033 1161 3091 1204 ut
3123 1155 3345 1208 alterius
3379 1155 3552 1208 altera
3609 1155 3726 1207 vice

2150 1250 2431 1316 fungatur,
2470 1254 2522 1299 et
2581 1247 2773 1300 Patres
2820 1245 3198 1300 Occidentales
3253 1255 3518 1307 asserant,
3557 1247 3720 1298 etiam

2151 1357 2214 1394 ex
2251 1339 2411 1404 Filio,
2440 1337 2747 1393 Orientales
2782 1349 2967 1390 autem
3026 1354 3122 1402 per
3155 1337 3350 1390 Fiiium
3383 1345 3435 1390 et
3469 1352 3534 1390 ex
3563 1339 3722 1402 Filio,

2152 1449 2259 1486 non
2293 1442 2375 1486 est
2409 1446 2628 1499 aequum
2665 1430 2771 1484 illis
2810 1428 3140 1497 posthabitis
3168 1444 3384 1484 sumere
3436 1430 3724 1498 per,quasi

2152 1526 2292 1579 idem
2327 1525 2728 1593 significantem
2769 1531 2930 1590 atque
2969 1540 3104 1574 cum.
3139 1522 3532 1576 Procedentem
3579 1523 3722 1575 enim

2150 1633 2272 1672 cum
2312 1617 2470 1681 Filio,
2507 1631 2666 1668 nemo
2692 1615 2828 1668 dixit
2885 1625 3225 1677 sanctorum,
3275 1614 3723 1682 quandoquidem

2151 1707 2347 1760 modus
2377 1706 2500 1767 iste,
2529 1715 2588 1757 ιιι
2625 1713 2784 1758 antea
2821 1704 3026 1757 dictum
3057 1711 3162 1766 est,
3194 1703 3414 1755 unionis
3438 1702 3618 1769 potius
3647 1714 3731 1754 e5t

2152 1812 2315 1864 quam
2380 1795 2774 1849 distinctionis.
2836 1792 3046 1846 Itlcirco
3120 1792 3525 1846 distinctionem
3584 1792 3724 1843 hanc

2153 1889 2413 1951 scientes,
2440 1887 2530 1954 qui
2559 1887 2698 1939 bene
2740 1895 2945 1938 norunt
2985 1883 3365 1952 philosophari
3397 1883 3464 1937 de
3496 1882 3730 1951 Spiritu,

2154 1995 2428 2048 nunquam
2453 1979 2714 2031 dixerunt
2770 1977 3036 2046 Spiritutn
3071 1976 3370 2042 procedere
3395 1991 3515 2030 cum
3552 1975 3732 2039 Filio;

2151 2085 2276 2122 nam
2309 2070 2352 2122 si
2383 2070 2485 2121 hoc
2504 2069 2761 2130 scissent,
2786 2076 2935 2120 certe
2957 2081 3188 2134 magnus
3217 2065 3580 2128 Athanasius,
3609 2066 3734 2120 fons

2153 2163 2242 2214 ille
2269 2160 2551 2214 facultatis
2585 2160 2930 2227 theologica,
2964 2173 3071 2210 non
3116 2156 3345 2210 dixisset
3371 2167 3571 2223 quarto
3603 2173 3736 2208 ron-

2156 2262 2235 2304 Ira
2284 2251 2516 2304 Arianos
2554 2251 2691 2304 libro
2728 2271 2740 2304 :
2774 2249 2890 2303 Non
2935 2259 3156 2315 coaptat
3212 2247 3452 2317 Spiritus
3493 2246 3740 2299 Verbum

2155 2343 2328 2403 Patri,
2357 2343 2449 2397 sed
2487 2341 2728 2411 Spiritus
2763 2341 2942 2409 potius
2981 2356 3010 2393 a
3045 2338 3221 2394 Verbo
3264 2339 3364 2391 hoc
3401 2339 3627 2406 accipit.
3669 2337 3736 2391 Et

2155 2436 2206 2488 in
2248 2436 2476 2504 epistola
2505 2435 2570 2486 ad
2598 2434 2952 2498 Serapionem
2989 2449 3001 2484 :
3044 2431 3103 2485 In
3145 2431 3370 2484 Christo
3399 2441 3517 2484 erat
3558 2430 3734 2497 Spiri-

2153 2537 2266 2592 tus,
2293 2526 2634 2580 sieutFilius
2661 2528 2711 2577 in
2746 2524 2927 2577 Patre.
2966 2524 3027 2576 Et
3063 2542 3075 2577 :
3111 2524 3294 2577 Talem
3331 2533 3541 2576 natura:
3581 2523 3736 2576 ordi-

2155 2634 2277 2672 nem
2311 2617 2472 2670 habet
2527 2616 2766 2683 Spiritus
2801 2617 2867 2666 ad
2927 2615 3147 2678 Filium,
3186 2615 3402 2681 qualem
3452 2612 3623 2666 Filius
3666 2614 3733 2666 ad

2154 2709 2397 2762 Patrem.
2431 2709 2492 2760 Et
2515 2708 2752 2760 Basilius
2783 2706 3029 2775 Magnus,
3057 2705 3348 2773 theologia!
3371 2703 3728 2771 profundum.

2156 2803 2336 2869 capite
2387 2801 2454 2854 ad
2507 2799 2950 2867 Amphilochium
2983 2798 3196 2850 decimo
3227 2797 3508 2866 septimo:
3547 2796 3736 2862 Itaque

2156 2891 2322 2954 sicut,
2357 2889 2561 2956 inquit,
2591 2887 2764 2941 Filius
2795 2902 2854 2941 se
2884 2889 3044 2940 habet
3074 2887 3137 2938 ad
3164 2887 3404 2948 Patrem,
3432 2887 3505 2938 ita
3535 2897 3586 2937 et
3615 2884 3739 2952 Spi-

2156 2984 2295 3036 ritus
2337 2983 2403 3034 ad
2443 2981 2664 3043 Filium,
2690 2982 2844 3046 juxta
2887 2981 3081 3034 svriem
3120 2979 3171 3032 in
3208 2978 3462 3046 baptismi
3498 2978 3743 3031 formula-

2155 3074 2405 3127 traditant
2434 3093 2448 3138 ;
2483 3085 2536 3126 et
2562 3073 2606 3126 si
2643 3071 2777 3124 Filio
2801 3071 3043 3135 Spiritus
3065 3070 3416 3123 coordinatus
3437 3080 3540 3132 est,
3562 3070 3743 3124 Filius

474 3157 710 3224 τρὶ,·καὶ
741 3157 801 3209 τὸ
838 3158 1061 3225 Πνεῦμα
1085 3160 1161 3228 τῷ
1204 3161 1380 3230 Harp".
1413 3162 1594 3230 δῆλον.
1624 3164 1734 3216 Καὶ
1764 3164 1843 3218 ἔτι.
1890 3166 2050 3220 Ἀθα-
2080 3180 2121 3236 C
2157 3179 2239 3216 vel

1967 3167 2121 3236 ia-C
2157 3179 2287 3216 vero
2340 3163 2511 3224 Patri,
2564 3160 2834 3230 Spiritum
2891 3175 3114 3230 quoque
3145 3160 3287 3212 Patri
3347 3161 3732 3213 coordinntutn

474 3250 660 3309 νάσιος
694 3250 753 3302 ὲν
796 3248 874 3317 τῷ
920 3250 1066 3318 λόγῳ
1094 3251 1170 3316 τῷ
1209 3254 1351 3304 κατὰ
1402 3255 1592 3306 πασῶν
1621 3256 1728 3307 τῶν
1763 3255 2052 3325 αἱρέσεων,

474 3335 601 3407 obii
643 3341 809 3410 ἀρχὴ,
855 3342 930 3394 Τὸ
961 3341 1330 3410 προκείμενον
1385 3344 1493 3396 ἀπὸ
1546 3345 1641 3398 τοῦ
1695 3347 2056 3414 Εὐαγγελίου,

478 3434 646 3502 φησίν
673 3452 686 3464 ·
742 3437 957 3504 Ομοίως
985 3437 1077 3487 καὶ
1106 3437 1134 3487 6
1170 3437 1340 3503 μέγας
1391 3437 1628 3502 Παῦλος,
1668 3437 2059 3500 Ἐεαπέστειο

477 3526 588 3577 λεν
619 3527 652 3577 ὁ
681 3524 827 3588 Θεὸς
859 3525 946 3576 τὸ¹
980 3525 1219 3593 Πνεῦμα
1254 3526 1359 3579 τοῦ
1420 3527 1564 3579 Υιοῦ
1610 3527 1797 3581 αὑτοῦ
1835 3529 1924 3592 εις
1953 3529 2058 3594 τὰς

481 3616 730 3682 καρδίας
785 3616 974 3684 ἡμῶν,
1009 3617 1247 3682 κράζων,
1290 3617 1466 3673 ’.46ΰᾶ
1500 3621 1532 3671 ὁ
1562 3621 1765 3687 Πατήρ
1788 3636 1802 3650 ο
1833 3621 1926 3674 καὶ
1957 3623 2057 3673 αὐ-

481 3711 571 3770 τὸς
603 3711 630 3761 6
659 3710 846 3778 Πατὴρ
873 3710 1018 3775 λέγει
1041 3710 1126 3761 διὰ
1153 3710 1248 3761 τοῦ
1299 3710 1538 3777 μεγάλου
1576 3713 1857 3780 προφήτου
1883 3730 1897 3744 ·
1938 3713 2058 3766 Ἐκ-

481 3803 600 3868 χεῶ
630 3802 746 3854 ἀπὸ
781 3800 889 3853 τοῦ
925 3804 1273 3868 Πνεὺματός
1299 3819 1417 3868 μου
1447 3801 1544 3853 ἐπὶ
1581 3800 1789 3856 πᾶσαν
1815 3803 2011 3871 σάρκα
2042 3822 2053 3834 ·

483 3891 584 3944 καὶ
627 3891 1125 3959 προφητεύσουσι
1151 3908 1166 3926 ο
1201 3893 1296 3944 καὶ
1351 3891 1514 3948 αὐτὸς
1547 3893 1576 3945 6
1630 3893 1838 3963 Κύριος
1889 3895 2060 3947 ἐλθὼν

486 3984 660 4037 σῶσαι
692 3982 750 4036 τὸ
798 3982 956 4050 γένος
1013 3982 1170 4050 ήμῶν
1213 3983 1322 4035 τῶν
1375 3981 1703 4051 ἀνθρώπων,
1762 3986 2057 4055 αὑθεντικῇ

483 4078 633 4145 φωνῇ
667 4072 822 4126 εἶπεν
845 4090 858 4103 ·
906 4072 1054 4140 Ἐγὼ
1100 4074 1170 4125 ἐν
1223 4073 1303 4138 τῷ
1348 4075 1529 4141 Harp!
1570 4075 1667 4127 καὶ
1698 4077 1730 4128 d
1761 4077 1962 4145 Πατὴρ
1991 4078 2060 4129 ἐν

483 4167 616 4235 ἐμοι
636 4184 650 4198 ο
676 4167 768 4218 καί
811 4166 960 4232 Ἔῃώ
986 4169 1107 4233 ειμι
1131 4168 1167 4234 ἡ
1192 4166 1447 4232 ἀλήθεια
1465 4183 1478 4197 ⁸
1511 4170 1626 4221 καί·
1647 4168 1792 4222 Ἐὰν
1821 4171 2060 4224 ἀπέλθω

486 4260 638 4326 πρὸς
669 4259 778 4309 τὸν
807 4255 1040 4324 Πατέρα
1083 4275 1230 4325 μου,
1252 4260 1366 4312 οὐκ
1413 4259 1632 4327 ἀφήσω
1682 4260 1838 4326 ὑμᾶς
1881 4260 2059 4328 ὀρφα-

485 4349 652 4415 νοὺς,
685 4350 846 4402 ἀλλά
872 4349 1229 4402 ἀποστέλλω
1257 4350 1400 4418 ὑμῖν
1429 4352 1533 4402 τὸν
1567 4351 1966 4417 Πῳάκλητον
1994 4352 2060 4406 τὸ

486 4441 729 4509 Πνεῦμα
758 4439 868 4507 τῆς
891 4441 1204 4505 ἀληθείας.
1250 4441 1386 4494 Ἰδοὺ
1414 4442 1474 4494 τὸ
1504 4442 1728 4512 Πνεῦμα
1756 4445 1814 4496 ὲν
1839 4446 1904 4512 τῇ
1931 4443 2061 4514 ἁλη-

2157 3268 2278 3306 esse
2327 3253 2682 3321 perspicuum
2711 3259 2817 3304 est.
2869 3247 3081 3303 Rursus
3137 3250 3248 3301 haec
3290 3249 3449 3302 habet
3491 3249 3737 3302 Athana-

2158 3349 2272 3402 sius
2304 3346 2357 3399 in
2395 3359 2647 3398 sermone
2676 3351 2866 3397 contra
2903 3358 3092 3395 omnes
3123 3343 3359 3394 haereses
3384 3380 3398 3402 ,
3439 3342 3596 3408 cujus
3626 3341 3735 3393 ini-

2161 3439 2298 3490 tittm
2341 3453 2354 3489 :
2395 3434 2743 3501 Propositum
2793 3433 2951 3486 nobis
2984 3443 3066 3485 est
3107 3445 3171 3486 ex
3211 3432 3523 3499 Evangelio.
3565 3431 3734 3483 Simi-

2159 3529 2284 3583 liter
2319 3536 2372 3580 et
2405 3541 2640 3594 magnus
2669 3523 2876 3578 Paulus
2912 3538 2926 3577 :
2964 3524 3108 3576 Misit
3142 3524 3278 3576 Deus
3309 3524 3572 3588 Spiritum
3610 3521 3734 3574 ΕΙξὶ

2160 3623 2243 3674 sui
2279 3621 2330 3672 in
2370 3619 2532 3672 corda
2564 3625 2748 3670 nostra
2789 3617 3131 3678 clamantem,
3194 3615 3340 3667 Abba
3378 3614 3541 3668 Pater
3571 3616 3638 3669 '°.
3672 3615 3741 3667 Et.

2161 3714 2317 3767 Pater
2368 3715 2484 3782 ipse
2513 3727 2607 3778 per
2642 3725 2892 3775 magnum
2931 3709 3253 3777 prophetam
3283 3709 3359 3762 ait
3394 3725 3406 3760 :
3446 3707 3737 3776 Effundam

2159 3806 2222 3859 de
2250 3804 2460 3870 Spirs'tu
2508 3818 2619 3854 meo
2650 3816 2805 3869 super
2836 3815 3034 3852 omnem
3089 3814 3302 3851 carnem
3327 3839 3340 3861 ,
3379 3812 3424 3852 et
3448 3802 3734 3867 propheta-

2161 3899 2287 3951 bunt
2321 3898 2388 3950 ".
2421 3896 2483 3948 Et
2510 3896 2626 3962 ipse
2652 3894 2916 3946 Dominus
2940 3907 3063 3946 cum
3089 3893 3153 3943 ad
3189 3891 3467 3945 ferendam
3495 3894 3736 3944 hutnztno

2162 3987 2345 4057 generi
2372 3987 2602 4040 salutem
2629 3985 2893 4046 venisset,
2922 3998 3054 4036 voce
3078 3998 3229 4042 usus,
3253 3998 3372 4047 utne
3393 3983 3734 4049 tuajestatem

2167 4074 2382 4131 Domini
2416 4073 2647 4127 decebat
2694 4089 2706 4124 :
2744 4075 2878 4141 Ego,
2903 4072 3176 4139 iuquit,iu
3209 4070 3460 4131 Patre,et
3504 4071 3664 4122 Pater
3685 4073 3739 4124 iu

2163 4185 2244 4221 me
2295 4177 2372 4219 est
2406 4166 2471 4217 ".
2519 4165 2582 4217 Et
2616 4181 2629 4217 :
2665 4165 2776 4233 Ego
2827 4181 2944 4216 sum
2981 4166 3171 4216 veritas
3206 4165 3252 4195 ¹³
3283 4180 3300 4225 ;
3335 4173 3388 4216 et
3426 4183 3437 4214 :
3473 4162 3532 4216 Si
3556 4164 3740 4215 abiero

2164 4261 2232 4312 ad
2289 4257 2505 4310 Patrem
2562 4273 2753 4318 meum,
2812 4273 2914 4308 non
2972 4257 3263 4322 relinquant
3304 4271 3388 4309 tos
3427 4259 3739 4322 (trp/ranos,

2163 4352 2254 4404 sed
2290 4353 2494 4404 mittam
2527 4351 2668 4403 vobis
2720 4349 3057 4402 Paractetum
3096 4349 3358 4416 Spiritum
3391 4349 3629 4402 veritatis
3666 4347 3734 4399 "’.

2169 4443 2376 4496 Eeceiu
2412 4442 2642 4494 veritate
2671 4440 2943 4509 Spiritus:
2978 4451 3030 4495 et
3065 4441 3264 4493 veritas
3289 4442 3340 4492 in
3370 4441 3570 4503 Patre;
3609 4454 3739 4492 ecce

487 4531 628 4600 θείᾳ,
656 4533 689 4600 ἡ
720 4530 949 4600 ἀλήθεια
978 4533 1034 4582 ὲν
1059 4530 1136 4598 τῷ
1167 4532 1343 4600 Πατρί
1370 4549 1383 4562 -
1414 4532 1522 4584 ἰδοῦ
1556 4533 1590 4601 ἡ
1619 4533 1789 4600 τριάς
1820 4513 2062 4603 ἀδιαίρε-
2093 4513 2135 4567 ι)
2166 4535 2252 4589 Tri

1975 4513 2062 4603 ρε-
2093 4513 2135 4567 D
2166 4535 2408 4589 Trinitas
2442 4533 2744 4587 individua.
2778 4532 2879 4595 Qui
2912 4547 3041 4600 ergo
3075 4531 3266 4584 dicunt
3297 4532 3733 4599 prtepositionem

485 4640 599 4684 τος.
635 4623 699 4675 Oi
744 4621 837 4674 οῦν
885 4621 1138 4687 λέγοντες
1172 4621 1292 4688 τὴν,
1327 4621 1447 4680 διὰ.
1472 4623 1596 4674 ἀντὶ
1623 4623 1744 4692 τῆς,
1776 4624 1948 4692 μετὰ,
1973 4627 2065 4677 καὶ
2165 4643 2250 4693 per

1974 4627 2065 4677 καὶ
2165 4643 2255 4693 per
2287 4629 2424 4680 sumi
2455 4627 2574 4678 loco
2606 4624 3011 4692 praepositionis
3044 4639 3185 4684 cum,
3223 4639 3406 4677 nonne
3445 4625 3739 4676 tnzmilcste

487 4715 608 4782 τῆς,
639 4713 782 4779 σὺν,
809 4713 869 4764 οὑ
907 4711 1192 4781 προδήλως
1243 4714 1502 4774 ἐναντίως
1550 4713 1772 4780 λέγουσι
1802 4717 1922 4778 ταῖς
1957 4716 2066 4768 τῶν
2167 4718 2252 4771 adi

1550 4713 1772 4780 λέγουσι
1802 4717 1922 4778 ταῖς
1957 4716 2066 4768 τῶν
2167 4718 2528 4773 adversantur
2562 4715 2852 4784 theologia:
2909 4723 3224 4768 sanctorum
3253 4713 3274 4766 ?

491 4805 748 4872 Πατέρων
779 4803 1082 4870 θεολογίαις
1112 4819 1124 4867 ;

1183 4895 1374 4948 ΕΦΕΣ.

559 4992 702 5061 Ὅρα
727 4991 784 5044 δὶ
809 4990 903 5044 καὶ
957 4991 1051 5042 ἐπὶ
1077 4991 1172 5059 τῆς
1206 4991 1514 5059 γεννήσεως
1537 5007 1550 5022 ο
1582 4992 1685 5044 Τδν
1713 4993 1782 5045 ἐκ
1812 4993 1918 5047 τοῦ
1946 4997 2065 5047 Πα-

488 5085 650 5152 τρὸς,
668 5083 821 5152 φησι,
851 5082 1220 5150 γεννηθέντα
1251 5083 1366 5149 πρὸ
1392 5083 1640 5135 πάντων
1669 5081 1787 5135 τῶν
1809 5083 2060 5137 αἰώνων.

487 5178 580 5245 Μή
611 5194 692 5239 τις
727 5175 963 5229 ἐνταῦθα
1018 5177 1098 5238 τὸ,
1155 5177 1219 5228 ὲκ
1273 5176 1462 5243 μόνου,
1513 5175 1905 5245 προστίθησιν;
1944 5178 2061 5230 ἀλλ’

487 5266 640 5318 οὐδὲν
664 5262 830 5338 ἦττον
849 5265 1080 5332 νοοῦμεν
1105 5265 1284 5328 τοῦτο,
1308 5266 1404 5317 καὶ
1427 5265 1656 5334 λέγομεν
1683 5267 1842 5334 ἡνίκα
1867 5265 2058 5336 δεήσιγ

487 5355 621 5427 παρ’
649 5356 861 5419 οὐδενὸς
913 5356 1023 5427 γὰρ
1055 5356 1220 5411 ἄλλου
1252 5356 1549 5425 γεννᾶσθαι
1599 5357 1691 5410 τὸν
1723 5358 1849 5413 Υἱὸν
1879 5375 2056 5427 μεμα-

487 5449 760 5519 θήκαμεν.

1173 5543 1382 5596 ΑΠΟΛ.

553 5634 679 5686 ὐτι
705 5633 803 5702 μὲν
837 5634 900 5686 ὲκ
937 5635 1099 5704 μόνου
1137 5634 1231 5688 τοῦ
1277 5635 1490 5706 Πατρὸς
1516 5635 1604 5689 τὸν
1636 5636 1762 5689 Υιὸν
1793 5629 1934 5688 εῖναι
1962 5637 2058 5690 xci

554 5810 600 5842 ²⁰
632 5810 804 5867 Calai.
843 5829 919 5880 tv,
953 5812 1006 5868 6.
1119 5816 1156 5846 "
1182 5814 1298 5871 Joel
1333 5830 1392 5880 ιι,
1447 5815 1534 5871 ‘29.

1636 5817 1678 5847 "
1728 5811 1884 5870 Joan.
1933 5829 2044 5880 xiv,
2079 5813 2161 5868 ll.

2821 4891 3064 4945 EPIIES.

2238 4986 2352 5041 lloc
2378 4988 2555 5054 ipsum
2591 4985 2966 5056 generationis
3003 4984 3256 5051 exetnpio
3289 4983 3432 5036 scies
3463 4999 3527 5034 ex
3554 4980 3737 5043 Putre,

2168 5081 2365 5148 inquit.
2397 5089 2581 5133 uatum
2614 5090 2737 5132 ante
2771 5079 2953 5130 omnia
3001 5076 3219 5128 sa'cula.
3277 5074 3545 5141 Numquid
3589 5075 3739 5126 addit

2163 5173 2460 5242 quispiam.
2493 5172 2568 5223 Ex
2602 5171 2720 5222 solo
2751 5169 2772 5221 ?
2802 5167 2982 5220 Nihilo
3015 5177 3195 5218 tamen
3228 5165 3409 5218 secius
3439 5169 3538 5216 hoc
3575 5165 3738 5214 intui-

2163 5266 2401 5333 ligimus,
2424 5272 2476 5314 et
2507 5264 2548 5314 si
2570 5261 2946 5329 quandocpus
2975 5258 3157 5317 fuerit,
3182 5256 3539 5324 exprimimus
3567 5273 3578 5305 ;
3609 5270 3735 5308 nam

2167 5355 2362 5409 Filium
2405 5370 2432 5405 a
2461 5352 2610 5407 nullo
2644 5353 2890 5421 generari
2922 5348 3238 5401 didicimus.

2849 5527 3042 5582 RESP.

2235 5627 2457 5682 Fatetur
2495 5635 2548 5680 et
2578 5626 2692 5694 ipse
2737 5624 2817 5675 vir
2875 5619 3388 5690 prtestantissimus,
3443 5612 3632 5668 Filium
3664 5627 3736 5670 cr.

2267 5811 2310 5842 ’³
2337 5807 2468 5865 ibid.
2505 5805 2557 5861 6.
2664 5804 2706 5834 ’⁸³
2728 5801 2862 5857 ibid.
2925 5798 3031 5863 lS;
3073 5814 3155 5849 ιγ.
3200 5795 3289 5849 '26.
