4470 6452
763 393 865 458 159

1690 401 2072 464 GREGORII
2105 403 2408 465 ΜΑΜΜΕ
2438 405 2550 466 CP.
2585 403 3096 465 PATRIARCIIJB

3941 406 4049 468 τοο

760 519 868 569 sati
912 535 924 570 :
955 527 1009 574 et
1033 520 1181 572 hanc
1202 519 1272 573 ob
1293 533 1512 573 causam
1542 535 1733 578 sumus
1795 526 1862 578 ab
1896 525 2004 580 illis
2029 525 2335 580 dissociati.
2365 525 2415 584 Α
2445 524 2525 578 κοί

2273 527 2335 579 ti.
2365 525 2415 584 Α
2445 524 2574 578 κοῦν
2617 525 2692 587 ὡς
2722 526 3041 596 αίρετικοὺς
3086 524 3285 586 αὐτοὺς
3337 524 3802 592 ἀπεστράφημεν,
3830 526 3924 578 καὶ
3947 525 4036 579 διὰ

763 608 907 674 Quid
942 611 1084 662 enim
1125 609 1268 662 aliud
1298 626 1475 665 causae
1509 611 1671 667 fuerit
1711 614 1921 668 ?Aiunt
1955 631 2082 670 vero
2144 618 2245 685 piae
2282 619 2354 671 le-

763 716 857 768 ges
892 718 904 752 :
941 698 1240 755 Haereticus
1285 715 1389 766 est,
1423 713 1476 757 et
1528 704 1912 761 haereticorum
1972 709 2184 777 legibus
2223 710 2354 765 sub-

760 793 925 860 jacet,
981 793 1075 861 qui
1104 793 1183 847 vel
1217 795 1503 849 minimum
1535 811 1564 850 a
1595 807 1742 850 recta
1797 799 1902 854 (ide
1927 800 2188 856 declinat.

1440 973 1644 1030 RESP.

841 1061 962 1114 Non
1001 1062 1104 1113 alia
1135 1062 1201 1117 de
1235 1078 1423 1125 causa.
1452 1082 1614 1134 quam
1635 1068 1892 1134 praedicta
1929 1084 2068 1138 :qua
2142 1087 2359 1140 permo-

769 1153 807 1203 ti
840 1155 1506 1224 argumentabantur,qui
1541 1168 1733 1211 contra
1796 1160 1918 1213 illos
1976 1164 2177 1230 scripta
2227 1163 2359 1217 ede-

770 1244 922 1306 bant,
952 1243 1192 1297 absurda
1225 1262 1347 1313 qua:
1378 1247 1703 1300 videbantur
1734 1264 1799 1302 ex
1849 1250 2227 1305 additamenta
2267 1269 2354 1306 se-

767 1335 882 1399 qui,
917 1334 1241 1403 objiciemes
1278 1349 1330 1393 et
1361 1337 1599 1393 fatentes
1643 1341 1862 1408 quidem
1892 1343 2047 1406 illud,
2089 1343 2166 1396 Ει
2195 1343 2354 1407 Filio,

771 1441 959 1480 vocem
994 1443 1116 1482 esse
1140 1439 1458 1485 sanctorqu
1496 1429 1743 1492 Patrum,
1796 1448 2021 1487 sensum
2087 1449 2218 1488 vero
2265 1450 2358 1488 ne-

771 1529 984 1585 gantes,
1020 1529 1184 1588 atque
1211 1537 1273 1573 ex
1312 1537 1374 1574 ea
1422 1522 1506 1575 vel
1549 1522 1656 1576 duo
1693 1525 1980 1591 principia,
2045 1525 2129 1578 vel
2165 1540 2357 1593 perso-

773 1625 965 1664 narum
992 1612 1370 1665 confusionem
1401 1613 1722 1668 inferentes.
1746 1614 2068 1684 Quanquam
2092 1619 2138 1671 si
2177 1619 2250 1670 ita
2276 1635 2362 1672 es-

775 1713 881 1766 set,
914 1718 1022 1756 non
1056 1702 1259 1767 Latini,
1294 1704 1390 1758 sed
1429 1707 1607 1759 sancti
1652 1706 1839 1760 Patres
1867 1717 2050 1762 essent
2083 1709 2136 1761 in
2170 1708 2359 1763 erimi-

774 1809 863 1859 ne,
901 1795 994 1864 qni
1023 1796 1184 1864 primi
1219 1813 1406 1851 vocem
1454 1799 1594 1852 hanc
1647 1801 1898 1852 emisere.
1933 1799 2197 1854 Caeterum
2257 1801 2357 1865 illi,

2457 617 2616 670 τοῦτο
2641 617 2821 670 αὐτῶν
2854 600 3239 685 ἐχωρίσθημεν
3274 631 3289 648 ο
3325 615 3413 669 διὰ
3448 619 3500 668 τί
3550 617 3660 682 γάρ
3687 616 3850 681 ἀλλος
3911 617 4048 684 φασὶ

2457 709 2567 777 γὰρ
2625 707 2674 759 οί
2751 705 3097 775 φιλευσεϐεἶς
3149 706 3339 772 νόμον
3403 706 3692 776 Αίρετικός
3746 708 3885 768 ἐστι,
3943 707 4042 758 καὶ

2457 802 2576 862 τοῖς
2635 800 2780 852 κατὰ
2821 799 2931 851 τῶν
2965 798 3262 867 αἱρετικῶν
3300 798 3487 865 νόμοις
3529 798 3836 860 ὑπόκειται,
3894 797 3923 848 6
3955 799 4049 849 καὶ

2463 893 2661 962 μικρὸν
2701 891 2838 960 γοῦν
2883 909 2937 945 τι
2979 891 3366 962 παρεκκλίνων
3401 890 3503 958 τῆς
3544 890 3710 960 ὀρθῆς
3751 891 4008 952 πίστεως.

3148 984 3355 1036 ΑΠΟΛ.

2530 1084 2630 1135 Διὰ
2663 1081 2760 1148 τήν
2811 1075 3221 1148 προειρημένην
3269 1075 3449 1126 αἰτίαν
3514 1074 3606 1126 καὶ
3670 1075 3858 1141 μόνην,
3924 1073 4046 1125 καθ’

2460 1177 2526 1247 ἢν
2553 1176 2600 1227 oi
2637 1173 2756 1227 κατ’
2785 1171 2972 1224 αὐτῶν
3021 1168 3431 1236 συγγράφοντες
3467 1167 3652 1233 ἔλεγον
3682 1166 3751 1218 τά
3801 1165 3909 1217 ἀπὸ
3945 1165 4046 1230 τῆς

2461 1264 2785 1334 προσθήκης
2838 1260 3215 1323 ὑπονοούμενα
3276 1258 3456 1311 ἄτοπα
3515 1257 3897 1323 ἐγκαλοῦντες,
3953 1253 4050 1306 καὶ

2460 1358 2520 1409 τὸ
2563 1356 2662 1410 Ἐκ
2690 1353 2782 1406 τοῦ
2828 1352 2983 1414 Υίοῦ,
3042 1350 3438 1418 ὁμολογοῦντες
3474 1347 3573 1414 μέν
3618 1342 3760 1399 εἶναι
3793 1346 3903 1398 τῶν
3938 1347 4050 1398 Πα-

2461 1451 2638 1515 τέρων
2675 1446 2882 1515 φωνὴν,
2924 1444 3022 1513 τὴν
3052 1444 3108 1496 δὲ
3140 1442 3356 1494 ἔννοιαν
3410 1438 3760 1509 ἀρνούμενοι.
3821 1437 3918 1488 καὶ
3969 1435 4045 1498 ὡς

2463 1541 2541 1600 είς
2575 1539 2667 1590 δύο
2702 1537 2898 1605 ἀρχὰς,
2932 1532 3314 1604 ῆσυναλοιφὴν
3345 1530 3446 1598 τὴν
3484 1529 3669 1597 φωνὴν
3709 1525 4006 1593 ἀνάγοντες
4028 1539 4044 1554 ⁸

2464 1633 2639 1684 καίτοι
2672 1646 2734 1696 γε
2772 1629 2820 1680 εί
2845 1627 3004 1679 τοῦτο
3032 1622 3123 1695 ἦν,
3155 1624 3217 1677 οὐ
3257 1623 3393 1692 πρὸς
3428 1621 3624 1681 αὐτοὺς
3671 1619 3732 1671 τὸ
3763 1616 4043 1685 ἔγκλημα,

2465 1723 2600 1777 ἀλλά
2655 1722 2791 1791 πρὸς
2837 1719 2962 1780 τοὺς
3015 1717 3203 1783 ἁγίους
3233 1717 3482 1782 Πατέρας
3513 1714 3636 1773 τοὺς
3691 1711 3898 1777 ταύτην
3949 1710 4050 1776 τὴν

2467 1812 2652 1880 ιρωνὴν
2705 1810 2936 1881 πρώτως
2980 1809 3272 1868 εἰπόντας·
3310 1805 3466 1857 αὐτοὶ
3500 1803 3556 1855 δὲ
3591 1803 3653 1854 ἐκ
3708 1803 3810 1869 τῆς
3858 1799 4047 1867 φωνῆς

775 1901 896 1952 qua:
935 1888 1085 1955 sequi
1120 1887 1397 1956 aliquibus
1426 1889 1684 1942 videnlur
1712 1905 1775 1943 ex
1809 1890 1910 1943 hac
1958 1906 2084 1944 voce
2107 1891 2362 1960 abSurda,
2404 1900 2440 1952 Β
2472 1922 2538 1956 τα

2286 1894 2362 1960 1³»
2404 1900 2440 1952 Β
2472 1904 2676 1972 ταύτης
2730 1903 3111 1968 ὑπονοούμενα
3156 1900 3334 1952 ἄτοπα
3360 1897 3435 1965 τῷ
3479 1893 4051 1963 (Ξιναθέματικαθυπο⁴

777 1975 1081 2042 subjiciunt
1119 1978 1480 2031 anathemati:
1510 1979 1718 2034 ideirco
1753 1981 1905 2034 nullo
1961 1981 2119 2035 ozodo
2171 1998 2359 2036 sumus

778 2076 957 2119 mente
985 2068 1240 2133 permoti,
1271 2084 1380 2136 quo
1415 2085 1514 2123 nos
1548 2070 1662 2139 ipse
1693 2070 1946 2125 convicio
1999 2073 2222 2127 lacerat.
2251 2074 2361 2128 Nec

785 2175 912 2214 vero
945 2159 1170 2215 Latinos
1196 2163 1432 2215 aversati
1466 2179 1682 2225 sumus,
1725 2180 1781 2217 ut
1818 2166 2055 2220 absurda
2111 2178 2159 2220 et
2197 2169 2361 2233 impia

781 2253 1140 2318 praedicante~~
1167 2273 1181 2315 ;
1214 2270 1337 2306 nam
1365 2257 1408 2309 si
1443 2257 1679 2309 absurda
1706 2265 1759 2308 et
1787 2257 1947 2326 impia
1977 2260 2361 2327 prazdicarent,

778 2345 1011 2397 ecclesia
1080 2357 1265 2399 nostra
1287 2357 1340 2400 et
1395 2347 1751 2417 imperatores
1799 2352 1969 2404 nostri
2017 2367 2124 2405 non
2182 2353 2364 2408 misis-

780 2436 1173 2490 sentassiduas
1203 2439 1501 2506 legationes
1556 2441 1619 2492 ad
1675 2441 2021 2510 ﬂagitandum
2076 2445 2364 2512 synodum.

787 2529 1086 2584 llaareticos
1121 2530 1266 2583 enim
1303 2531 1371 2583 ab
1405 2529 1661 2585 Ecclesia:
1707 2548 1935 2600 corpore
1969 2537 2138 2589 semel
2162 2538 2370 2591 abscis-

784 2641 876 2680 sos
912 2625 1167 2678 catholici
1202 2625 1351 2678 nullo
1379 2625 1496 2678 loco
1529 2624 1733 2680 habent
1789 2643 1802 2679 :
1838 2636 1891 2679 at
1923 2643 2052 2681 vero
2075 2644 2105 2683 e
2140 2632 2366 2693 nostris,

787 2720 883 2786 qui
920 2719 1185 2787 sapientia
1238 2727 1290 2771 et
1352 2718 1553 2772 virtute
1618 2719 1912 2787 plurimum
1971 2722 2368 2785 excelluerunt,

787 2811 1053 2866 Macarius
1075 2811 1527 2881 Nieomediensis,
1569 2820 1620 2864 et
1660 2811 2005 2881 Euthymius,
2032 2814 2124 2882 qui
2186 2815 2251 2866 ad
2281 2830 2371 2868 se-

787 2903 911 2954 dem
951 2912 1138 2970 postea
1181 2902 1843 2971 ConstantinOpolitanam
1909 2915 2131 2958 eiectus
2180 2917 2284 2969 est,
2320 2913 2373 2959 et

788 2991 1022 3062 Joasaph
1061 2991 1348 3062 Ephesius,
1392 3005 1443 3047 et
1468 2994 1742 3048 Macarius
1804 2995 1972 3050 abbas
2046 2999 2368 3051 monaSIerii

794 3086 954 3140 titulo
993 3087 1427 3152 Pantocratoris,
1459 3088 1591 3142 illuc
1649 3088 1877 3157 profecti
1931 3090 2368 3144 benedictlonem

793 3194 943 3247 papa'
974 3179 1336 3244 accipiebant,
1378 3179 1511 3248 quin
1551 3182 1661 3233 imo
1693 3189 1745 3234 et
1779 3183 1870 3250 qui
1909 3185 2026 3236 haec
2088 3183 2208 3251 ipsa
2233 3185 2369 3238 scri-

794 3272 894 3335 bit,
929 3272 1055 3325 fecit
1085 3274 1305 3339 quodet
1358 3274 1471 3326 alii.
1528 3272 1643 3327 Non
1701 3289 1833 3344 ergo
1895 3278 2130 3331 aversati
2178 3294 2368 3332 simius

792 3379 887 3418 eos
920 3374 975 3417 ut
1007 3367 1310 3421 litereticos.
1344 3364 1546 3420 Verum
1580 3368 1708 3435 quia
1738 3368 1907 3437 legem
1963 3370 2190 3438 profert,
2219 3370 2368 3425 Lali-

797 3458 849 3510 ni
915 3473 1132 3525 quoque
1187 3458 1358 3529 legem
1422 3461 1720 3512 citabunt:
1791 3459 2070 3514 Neminem
2124 3461 2371 3515 videlicet

796 3549 1042 3602 damnari
1071 3550 1369 3604 absentem.
1403 3545 1511 3604 Lex
1547 3553 1690 3604 enim
1742 3552 1815 3605 ita
1866 3552 2113 3621 praecipit
2144 3575 2157 3609 :
2216 3553 2371 3619 Quod

796 3641 842 3695 si
874 3654 1002 3694 reus
1043 3643 1239 3694 citatus
1276 3656 1380 3693 non
1400 3656 1458 3694 se
1490 3642 1666 3704 sistat,
1731 3657 1888 3710 poena
1947 3653 2156 3696 tantum
2219 3652 2371 3696 tene-

799 3745 984 3796 netur,
1011 3734 1153 3800 quod
1177 3734 1440 3800 judicium
1473 3733 1851 3799 declinaverit,
1877 3736 2054 3790 donec
2091 3737 2142 3788 in
2166 3736 2255 3804 jus
2281 3736 2376 3788 ad-

799 3827 1054 3880 ducatur.
1093 3827 1309 3880 llcirco
1367 3837 1423 3880 et
1487 3842 1517 3880 e
1575 3827 1848 3898 diplychis
1891 3843 2222 3898 expunetnm
2273 3829 2376 3881 fuit

803 3934 998 3971 nomen
1034 3935 1202 3984 ῃιιυςιι.
1235 3918 1363 3972 Esse
1389 3934 1553 3987 porro
1583 3920 1922 3985 lirereticum,
1955 3925 2047 3989 qui
2105 3922 2169 3975 de
2228 3931 2377 3975 recta

804 4013 908 4065 lide
939 4010 1238 4072 deﬂexerit,
1269 4028 1374 4064 non
1412 4028 1550 4079 opus
1577 4025 1661 4066 est
1693 4013 1900 4081 legibus
1930 4017 2101 4082 prcha
2121 4030 2178 4068 re
2215 4031 2377 4070 :nam

805 4117 1133 4170 persuasum
1163 4102 1367 4157 habent
1401 4104 1503 4156 hoc
1530 4119 1724 4159 omnes
1755 4104 2079 4170 Christiani,
2112 4115 2163 4160 et
2191 4108 2384 4174 praedi-

806 4204 963 4247 eatur
992 4196 1061 4247 ab
1098 4195 1352 4249 omnibus
1386 4205 1491 4248 tam
1539 4207 1666 4251 ante
1689 4197 1886 4266 legem,
1940 4213 2108 4268 quam
2157 4209 2278 4266 post
2309 4201 2384 4254 le.

807 4304 952 4355 gem.
990 4286 1191 4341 Verum
1228 4289 1329 4340 hoc
1363 4289 1498 4354 ipse,
1529 4304 1650 4341 cum
1679 4290 1752 4342 ibi
1812 4305 2055 4357 praesens
2120 4306 2273 4345 esset
2329 4301 2385 4346 et

808 4379 1142 4447 disputaret,
1171 4395 1281 4432 non
1318 4379 1725 4433 demonsnavit
1760 4397 1774 4443 ;
1828 4382 1938 4434 imo
1991 4383 2386 4449 disputationis

811 4482 1058 4538 tempore
1096 4471 1528 4538 disputationem
1557 4472 1929 4537 detrectavit;
1986 4489 2110 4526 nam
2169 4477 2217 4529 si
2284 4476 2387 4531 hoc

2462 1995 2740 2048 ϐάλλουσι.
2777 1993 2867 2045 Διὸ
2910 1993 3029 2044 οὐδὲ
3070 1990 3507 2058 διασεσεισμένοι
3530 1989 3666 2049 ὅλως
3696 1987 3788 2038 τὸν
3815 1985 4052 2052 ἐγκέφα-

2462 2089 2573 2152 λον,
2589 2087 2662 2150 ὼς
2682 2088 2843 2150 αὐτὸς
2862 2087 3008 2154 ἡμᾶς
3025 2085 3349 2153 διαλοιδορεῖ
3369 2102 3382 2114 ο
3403 2081 3520 2134 ἀλλ’
3540 2081 3647 2132 οὐδ’
3661 2079 3741 2144 ⁴ὡς
3760 2079 3935 2132 ἄτοπα
3960 2079 4054 2130 καὶ

2464 2178 2698 2245 δυσσεϐῆ
2733 2178 3101 2244 κηρύττοντας
3126 2175 3326 2237 αὐτοὺς
3352 2174 3794 2242 ἀπεστράφημεν
3813 2184 3824 2195 ·
3860 2170 3908 2222 εί
3939 2169 4048 2237 γὰρ

2465 2276 2642 2327 ἄτοπα
2680 2273 2773 2324 καὶ
2806 2272 3042 2339 δυσσεϐῆ
3080 2272 3408 2338 ἐκήρυττον,
3443 2267 3544 2319 οὐκ
3577 2266 3700 2334 ἀνή
3735 2263 3862 2317 καθ’
3904 2264 4053 2333 ἡμᾶς

2477 2365 2778 2436 Ἐκκλησία
2801 2383 2859 2418 τε
2916 2366 3012 2418 καὶ
3055 2363 3303 2431 βασιλεία
3357 2361 3604 2429 συνεχεῖς
3644 2357 3941 2426 πρεσϐείας
3990 2356 4045 2408 ἐ-

2468 2463 2674 2523 ποίουν,
2708 2459 2925 2511 σύνοδον
2970 2456 3246 2517 αἰτοῦντες
3275 2455 3533 2522 γενέσθαι
3560 2467 3574 2482 ⁸
3608 2453 3733 2512 τοὺς
3765 2451 3873 2518 γὰρ
3899 2450 4051 2517 αίρε-

2468 2553 2654 2613 τικοὺς
2713 2551 2860 2615 ἅπαξ
2889 2546 2984 2602 τοῦ
3012 2550 3114 2617 τῆς
3141 2548 3437 2614 ἐκκλησίας
3469 2545 3840 2613 πληρώματος
3912 2543 4053 2593 ἀπο-

2471 2644 2734 2710 τεμόντες
2757 2643 2805 2693 οί
2830 2640 3124 2707 ὀρθόδοξοι,
3157 2637 3408 2705 οὐδαμῶς
3446 2636 3658 2700 ἀξιοῦσι
3692 2636 3853 2702 λόγου
3876 2651 3891 2666 ο
3936 2634 4070 2692 ἀλλ’,

2473 2738 2522 2787 οἱ
2559 2735 2818 2804 ἡμέτεροι
2848 2734 2896 2783 οἱ
2928 2733 3076 2783 κατά
3119 2732 3311 2798 σοφίαν
3361 2731 3455 2782 καὶ
3496 2729 3699 2798 ἀρετὴν
3732 2729 4055 2794 θαυμάσιοι,

2472 2825 2842 2896 Νικομηδείας
2872 2841 2930 2875 τε
2966 2823 3274 2889 Μακάριος,
3329 2821 3425 2872 καὶ
3467 2819 3741 2885 Εὑθύμιος
3768 2820 3794 2870 ὁ
3825 2815 4049 2869 ἐσύστε-

2475 2937 2566 2988 ρον
2615 2920 2708 2970 έπὶ
2763 2919 2861 2985 τὴν
2919 2916 3212 2983 προεδρίαν
3281 2913 3382 2980 τῆς
3419 2909 4052 2968 Κωνσταντινουπόλεως

2476 3011 2892 3079 προϐιϐασθεὶς,
2937 3007 3032 3061 καὶ
3085 3007 3322 3072 Ἰωάσαφ
3364 3005 3390 3055 ὁ
3439 3004 3692 3070 Ἐφέσου,
3731 3003 3823 3054 καὶ
3851 3001 4049 3055 Μακά-

2477 3120 2593 3170 ριος
2625 3106 2650 3154 6
2673 3105 2769 3170 τῆς
2807 3100 2977 3168 μονῆς
3013 3097 3106 3150 τοῦ
3154 3097 3610 3164 Παντοκράτορος
3643 3095 4046 3163 προϊστάμενος

2474 3196 2652 3244 ἐκεῖσε
2717 3190 3162 3258 παραγενόμενοι
3223 3187 3475 3252 εὐλογίαν
3509 3185 3660 3254 παρὰ
3709 3187 3804 3238 τοῦ
3851 3184 4054 3239 πάππα

2473 3286 2804 3353 ἐλάμϐανον·
2838 3284 2971 3335 ἀλλά
3000 3282 3094 3334 καὶ
3116 3281 3281 3341 αὐτὸς
3308 3281 3336 3331 6
3371 3279 3545 3331 ταῦτα
3589 3279 3819 3347 γράφων
3850 3278 4054 3346 ὁμοίως

2471 3380 2580 3437 τοῖς
2632 3377 2810 3437 ἄλλοις
2851 3374 3154 3442 πεποίηκεν
3187 3387 3200 3400 ·
3242 3372 3444 3423 οὐκοῦν
3494 3372 3593 3440 οὐχ
3627 3370 3703 3433 ὡς
3739 3369 4056 3436 αίρετικοὺς

2473 3470 2670 3531 αὐτοὺς
2708 3468 3163 3538 ἀπεστράφημεν.
3201 3465 3354 3519 Ἐπεὶ
3388 3465 3444 3517 δὲ
3471 3467 3566 3518 καὶ
3604 3465 3767 3533 νόμον
3805 3463 4046 3531 προϐάλο

2472 3562 2645 3623 λεται,
2677 3562 2770 3612 καὶ
2804 3561 3023 3614 Λατῖνοι
3051 3561 3213 3625 νόμον
3248 3557 3471 3627 ἐροῦσιν
3492 3572 3508 3589 ο
3544 3556 3620 3618 ὡς
3665 3556 3848 3608 Ἀπὼν
3878 3555 4060 3616 οὐδεὶς

2475 3654 2896 3717 καταδικάζεται
2923 3667 2938 3684 ο
2964 3651 3106 3705 οὕτω
3154 3651 3264 3722 γάρ
3315 3667 3483 3719 φησιν
3519 3651 3546 3703 6
3587 3649 3770 3718 νόμος·
3823 3648 3954 3702 Ἐὰν
4003 3649 4060 3701 δέ

2477 3745 2695 3816 κληθεὶς
2725 3747 2752 3796 ὁ
2780 3742 3261 3812 κατηγορούμενος
3294 3743 3394 3794 οὐκ
3427 3743 3734 3812 ἀπαντήσει
3761 3781 3774 3803 ,
3831 3740 3909 3808 τῷ
3960 3740 4061 3807 τῆς

2477 3838 2824 3906 φευγοδικίας
2854 3837 2946 3888 καὶ
2991 3837 3150 3904 μόνον
3179 3833 3468 3886 ὑπόκειται
3520 3836 3806 3902 ἐπιτιμίῳ,
3846 3832 3952 3894 ἐως
3997 3821 4061 3882 οὗ

2480 3930 2768 4000 ἀπαντήσῃ
2796 3931 2874 3991 εἱς
2906 3928 2965 3981 τὸ
2995 3931 3301 3996 κριτήριον.
3337 3927 3433 3978 Διὰ
3473 3924 3630 3977 τοῦτο
3682 3924 3778 3976 καὶ
3821 3923 3930 3975 τῶν
3980 3923 4062 3974 δι-

2481 4023 2704 4090 πτύχων
2740 4020 2801 4072 τὸ
2829 4020 2923 4072 τοῦ
2959 4021 3161 4073 πάππα
3210 4020 3378 4085 δνομα
3436 4015 3702 4085 ἐξεϐλήθη
3735 4016 3746 4067 ί
3797 4016 3880 4067 ὅτι
3933 4014 3991 4066 δὲ
4029 4014 4058 4064 6

2483 4114 2748 4166 ἐκκλίνων
2780 4111 2880 4175 τῆς
2923 4112 3212 4181 ὀρθοδὸξου
3266 4111 3504 4170 πίστεως
3552 4106 3831 4176 αἱρετικὸς
3882 4108 4054 4168 ἐστιν,

2481 4205 2543 4258 οὑ
2593 4205 2754 4273 χρεία
2781 4204 2983 4272 νόμου·
3023 4203 3225 4263 πάντες
3275 4201 3384 4269 γὰρ
3430 4199 3480 4252 οί
3520 4197 3843 4268 Χριστιανοὶ
3890 4195 4054 4248 τοῦτο

2487 4298 2808 4353 πιστεύουσι
2839 4297 2933 4350 καὶ
2964 4294 3298 4362 κηρύττουσι
3327 4292 3421 4344 καὶ
3454 4294 3561 4360 πρδ
3596 4290 3691 4342 τοῦ
3743 4289 3935 4357 νόμον,
3969 4286 4068 4340 καὶ

2491 4391 2630 4458 μετᾶ
2653 4390 2742 4441 τὸν
2772 4387 2960 4456 νόμον.
2998 4385 3136 4437 Ἀλλ’
3166 4385 3265 4436 οὐκ
3297 4382 3546 4445 ἀπέδειξε
3571 4381 3730 4434 τοῦτο
3753 4382 3932 4433 ἐκεῖσε
3960 4394 4061 4430 πα-

2493 4484 2602 4554 ρὼν
2632 4483 2728 4535 καὶ
2756 4480 3178 4546 διαλεγόμενος;
3222 4475 3360 4528 ἀλλὰ
3418 4475 3622 4543 μᾶλλον
3666 4475 3724 4526 ἐν
3768 4474 3845 4540 τῷ
3895 4471 4070 4541 καιρῷ

814 4564 1267 4626 demonstrasset,
1311 4565 1494 4617 nullus
1553 4565 1784 4618 omnino
1845 4566 2188 4620 Christianus
2226 4569 2385 4621 unio-
2423 4581 2464 4635 ι)
2495 4579 2579 4643 τῆς

2308 4569 2385 4621 ίθ⁶
2423 4581 2464 4635 D
2495 4579 2591 4643 τῆς
2621 4571 2908 4636 διαλέξεως
2941 4570 3215 4623 ἀπείπατο
3241 4571 3340 4636 τήν
3385 4567 3621 4630 διάλεξιν
3644 4581 3657 4595 ’
3689 4567 3736 4616 εί
3768 4565 3874 4633 γὰρ
3903 4564 4064 4616 τοῦτο

816 4673 937 4712 nem
974 4672 1097 4710 cum
1123 4656 1332 4711 Latinis
1397 4657 1740 4723 admisisset,
1770 4659 2072 4727 praesertim
2131 4659 2389 4714 Ecclesiae

817 4749 1101 4819 prae-oles,
1133 4757 1188 4804 et
1213 4750 1398 4804 clerici
1433 4751 1527 4819 qui
1551 4751 2023 4818 subscripserunt.
2044 4750 2217 4807 Nemo
2243 4754 2389 4807 enim

817 4845 934 4895 sive
969 4843 1171 4905 minor,
1206 4843 1320 4896 sive
1351 4842 1524 4910 major
1559 4842 1766 4897 Christi
1798 4844 2068 4898 beneﬁcio
2128 4848 2394 4900 voluisset

820 4934 1104 5000 suscipere
1134 4936 1393 4987 unionem
1445 4933 1792 4999 Latinorum,
1850 4937 1895 4990 si
1957 4938 2396 4994 demonstrasset

824 5026 940 5092 ip~e
975 5042 1084 5080 non
1119 5035 1271 5080 recte
1308 5027 1429 5082 illos
1466 5029 1691 5082 sentire.
1759 5029 1864 5083 Sed
1930 5030 2393 5097 quemadmodum

824 5119 877 5170 in
908 5118 1011 5172 hac
1034 5119 1265 5187 epistola
1286 5135 1497 5184 vocem,
1523 5120 1599 5174 Ex
1626 5123 1766 5186 solo,
1793 5124 2137 5190 pronuntiat:
2161 5124 2234 5175 ita
2265 5137 2401 5191 quo-

1915 5216 2163 5281 inlerret,
2223 5215 2399 5269 Latini

828 5302 1050 5356 Patrum
1086 5302 1402 5356 testimonio
1433 5304 1709 5372 protulere
1743 5321 1756 5357 :
1787 5306 1903 5372 ipse
1965 5320 2092 5356 vero
2147 5304 2400 5372 disputa-

832 5414 890 5452 re
922 5399 1158 5466 amplius
1193 5399 1388 5463 noluit,
1423 5414 1523 5452 nec
1559 5400 1783 5451 omnino
1813 5398 1878 5450 ad
1923 5397 2190 5468 synodum
2248 5413 2406 5451 acce-

833 5496 965 5546 dere
992 5492 1166 5545 voluit
1208 5509 1219 5544 :
1256 5508 1380 5545 cum
1409 5501 1586 5546 tamen
1621 5494 1667 5545 is
1700 5493 1792 5560 qui
1824 5507 1943 5544 cum
1980 5507 2044 5545 eo
2070 5490 2405 5560 disputabat,

838 5598 1116 5656 praesente
1146 5587 1500 5656 imperatore,
1545 5597 1599 5641 et
1625 5587 2008 5656 optimatibus,
2045 5595 2098 5640 ct
2157 5587 2408 5655 praesuli-

840 5683 966 5745 bus,
995 5690 1048 5734 ct
1071 5682 1331 5734 universo
1369 5683 1572 5749 populo
1605 5680 1864 5734 clamaret
1905 5698 1918 5734 :
1977 5679 2221 5733 Accedat
2277 5680 2400 5732 volo

844 5771 1102 5825 dominus
1155 5771 1491 5826 reverendus
1559 5771 1844 5837 Ephesius,
1905 5780 1962 5823 ut
2028 5770 2411 5839 responsiones

850 5864 1036 5920 audiat
1070 5863 1134 5918 ad
1155 5879 1218 5920 ea
1254 5878 1373 5935 qua:
1397 5863 1556 5930 dixit,
1600 5862 1896 5932 reddatque
1918 5862 2183 5918 rationem
2216 5860 2280 5917 de
2322 5861 2406 5917 iis.

825 5229 932 5275 que
965 5210 1038 5264 ibi
1074 5228 1194 5264 cum
1225 5213 1339 5266 hoc‘
1359 5214 1527 5278 idem,
1571 5213 1646 5268 Ex
1700 5216 1841 5280 solo,

2494 4667 2870 4727 ἀπεδείκνυεν,
2908 4663 3082 4724 οὐδεὶς
3129 4663 3195 4715 ἂν
3226 4662 3570 4730 Χριστιανοῖς
3608 4658 3866 4711 συνέθετο
3902 4673 4070 4706 κατα-

2495 4762 2754 4827 δέξασθαι
2806 4759 2906 4828 τὴν
2945 4759 3055 4810 τῶν
3118 4756 3366 4809 Λατίνων
3411 4754 3628 4814 ἕνωσιν,
3681 4751 3773 4803 καὶ
3831 4747 4070 4817 μάλιστα

2495 4857 2544 4906 οἱ
2575 4854 2673 4920 τῆς
2700 4849 3026 4918 Ἐκκλησίας
3075 4846 3378 4915 προστάται
3407 4844 3502 4896 καὶ
3536 4841 3794 4911 κληρικοὶ
3830 4839 4077 4908 ὑπογρά-

2496 4945 2697 5015 ψαντες
2719 4961 2734 4976 ο
2758 4943 2935 5001 οὐδεὶς
2964 4940 3072 5009 γὰρ
3101 4941 3185 4992 διὰ
3207 4937 3307 5002 τῆς
3336 4938 3555 5006 χάριτος
3590 4935 3683 4986 τοῦ
3718 4931 3980 5002 Χριστοῦ,
4006 4932 4070 4983 οὐ

2503 5038 2721 5107 μικρὸς,
2770 5036 2832 5087 οὐ
2874 5035 3066 5102 μέγας,
3101 5030 3334 5100 ἠθέλησε
3391 5025 3795 5089 καταδέξισθαι
3828 5025 3931 5092 τὴν
3970 5024 4079 5075 τῶν

2502 5128 2743 5182 Λατίνων
2779 5125 2996 5187 ἕνωσιν,
3021 5123 3066 5173 εί
3084 5121 3244 5182 αὐτὸς
3267 5118 3623 5172 ἀπεδείκνυεν
3640 5116 3837 5176 αὐτοὺς
3856 5115 4080 5167 κακοδό-

2506 5214 2650 5279 ξους·
2683 5216 2796 5268 ἀλλ’
2814 5215 3001 5281 ὥσπερ
3028 5214 3081 5265 ἐν
3098 5212 3268 5280 ταύτῃ
3287 5215 3351 5279 τῇ
3375 5212 3636 5277 επιστολῇ
3667 5209 3727 5259 τὸ
3752 5207 3850 5260 Ἐκ
3877 5207 4066 5273 μόνου,

2503 5312 2675 5377 λέγει,
2719 5307 2864 5359 οὕτω
2901 5308 3124 5358 κάκεῖσε
3151 5305 3211 5355 τὸ
3266 5304 3362 5354 Ἐκ
3416 5303 3601 5370 μόνου,
3658 5299 4078 5368 συμπεραίνων,

2508 5403 2556 5455 οἱ
2597 5403 2817 5454 Λατῖνοι
2851 5401 2949 5460 τὰς
3004 5398 3112 5450 τῶν
3149 5398 3410 5463 [Ιατέρων
3449 5391 3758 5462 μαρτυρίας
3811 5390 4083 5459 προκομί-

2512 5508 2741 5558 σαντες,
2784 5489 2946 5550 αύτὸς
2988 5488 3306 5558 ἀπηνήνατο
3367 5486 3466 5553 τὴν
3529 5481 3784 5546 διάλεξιν,
3841 5479 4086 5550 μηδόλως

2512 5581 2774 5650 ἐθελήσας
2826 5578 3172 5647 ἀπαντῆσαν
3226 5577 3407 5630 καίτοι
3449 5590 3512 5641 γε
3553 5573 3644 5626 τοῦ
3695 5571 4086 5641 προσδιαλεγο-

2518 5675 2683 5742 μένου
2727 5673 2960 5742 βοῶντος
3015 5670 3251 5723 ἐνώπιον
3305 5668 3598 5737 βασιλέως,
3641 5666 3735 5716 καὶ
3787 5664 4084 5731 ἀρχόντων,

2518 5767 2608 5818 καὶ
2646 5766 2978 5835 ἀρχιερέων,
3013 5766 3107 5817 καὶ
3141 5764 3339 5824 παντδς
3390 5760 3486 5812 τοῦ
3548 5757 3701 5819 λαοῦ,
3758 5757 3846 5807 τίεν
3900 5753 4087 5823 κύριον

2519 5859 2607 5913 τὸν
2638 5858 2915 5927 αἰδέσιμον
2946 5857 3032 5910 τὸν
3063 5854 3294 5923 Ἐφέσου
3331 5852 3500 5907 ἐθέλω
3531 5851 3725 5916 ἐλθεῖν,
3761 5847 3844 5902 ἵνα
3873 5845 4082 5915 ἀκούσῃ
