4470 6452
458 413 559 479 165

1717 415 2013 477 CONTRA
2053 414 2204 475 EPH
2218 414 2476 475 ESIUM.

3614 416 3714 484 166

453 522 742 592 αἱρετικο“·.,
773 521 933 592 δῆλον
973 522 1238 576 κάκεῖνοι.
1280 522 1347 576 Τί
1393 524 1450 578 δὲ
1497 525 1525 578 ὁ
1572 525 1884 593 σοφώτατος
1929 544 2029 578 παρ
2057 526 2107 585 Α
2137 539 2218 578 res

1948 544 2029 578 τα·
2057 526 2107 585 Α
2137 521 2479 591 respondens
2511 522 2578 577 ad
2609 523 2840 593 quaesita
2903 522 3067 580 Marci
3104 526 3444 582 sanctissimi
3479 532 3713 596 patriar-

452 610 722 679 τριόρχης
763 612 1088 681 ’Λντιοχείας
1120 611 1397 684 Θεόδωρος
1427 615 1456 667 ὁ
1481 613 1790 684 Βαλσαμὼν
1816 617 1874 669 ιν
1909 618 2028 679 ταῖς

455 703 590 773 πρὸς
627 703 854 774 Μάρκον
901 704 992 757 τδν
1036 702 1341 769 ἁγιώτατον
1394 705 1743 776 πατριάρχην
1783 706 2032 771 Ἀλεξαν-

451 793 634 862 δρείας
671 793 998 864 ἀποκρίσεσι
1032 795 1160 864 περὶ
1202 796 1408 850 τούτων
1435 796 1667 866 γράφεις
1703 796 2031 866 Ἐρώτησις

455 883 719 951 Μάρκου.
749 885 1096 955 Δίχμάλωτοι
1149 888 1367 941 Λατῖνοι
1431 887 1524 941 καὶ
1581 888 1758 956 ἕτεροι
1825 906 2028 957 παρου-

456 977 734 1039 σιάζοντες
780 979 858 1039 εἰς
900 978 1001 1041 τὰς
1044 978 1343 1041 καθολικὰς
1394 980 1693 1051 ἱκκλησίας
1739 980 1894 1053 ἡμῶν
1931 980 2030 1048 ζη-

452 1068 603 1119 τοῦσι
631 1068 1076 1138 μεταλαμϐάνειν
1100 1070 1207 1123 τῶν
1241 1071 1401 1126 θείων
1437 1073 1820 1141 ἁγιασμάτων.
1845 1074 1904 1125 El
1936 1073 2029 1125 οὖν

454 1160 796 1228 ἐγχωρητέον
832 1159 987 1212 τοῦτό
1022 1162 1157 1222 ἐστι,
1199 1160 1468 1232 ζητοῦμεν
1505 1164 1718 1231 μαθεῖν.
1752 1164 2026 1231 Ἀπόκρι-

452 1266 552 1314 σις
613 1251 934 1320 Θεοδώρου.
978 1253 1041 1306 '0
1073 1254 1159 1321 μὴ
1205 1253 1290 1306 ὢν
1335 1255 1464 1323 μετ’
1510 1255 1680 1323 ἐμοῦ,
1715 1256 1842 1308 κατ’
1879 1255 2027 1322 ἐμοῦ

451 1340 620 1392 ἐστι’
652 1343 750 1394 καὶ
800 1345 832 1396 d
881 1341 966 1410 μὴ
1017 1343 1304 1410 συνάγων
1350 1345 1481 1408 μετ’
1525 1346 1672 1413 ἐμοῦ
1699 1345 2024 1414 σκορπίζει.

468 1433 618 1484 Ἐπεὶ
656 1429 749 1486 οὖν
776 1435 882 1500 πρὸ
912 1435 1120 1502 χρόνων
1152 1434 1362 1487 πολλῶν
1406 1437 1713 1507 ἀπεσχὲσθη
1751 1437 1848 1505 τῆς
1879 1439 2026 1489 δυτι-

456 1523 556 1589 κῆς
601 1522 949 1591 Ἐκκλησίας,
973 1524 1072 1592 τῆς
1107 1524 1325 1595 Ῥώμης
1353 1527 1556 1595 φαμὲν,
1586 1530 1648 1580 τὸ
1682 1530 2026 1599 περιώνυμον

455 1613 729 1680 ἄθροισμα
762 1615 825 1664 ἐκ
856 1614 951 1680 τῆς
984 1613 1093 1664 τῶν
1143 1615 1346 1686 ἑτέρων
1389 1619 1672 1688 τεσσάρων
1707 1620 2026 1686 ἀγιωτᾶτων

457 1703 815 1772 πατριαρχῶν
839 1705 1140 1765 κοινωνίας,
1162 1705 1579 1776 ἀποσχοινισθὲν
1609 1710 1686 1773 είς
1704 1710 1800 1778 ἔθη
1833 1713 1913 1783 (a)
1934 1713 2026 1766 κα)⁵

452 1795 696 1862 δόγματα
737 1796 835 1863 τῆς
870 1796 1163 1867 καθολικῆς
1194 1797 1548 1868 Ἐκκλησίας,
1584 1804 1680 1855 καὶ
1715 1803 1824 1856 τῶν
1860 1806 2021 1874 ὀρθο-

451 1886 616 1950 δὸξων
663 1886 953 1956 ἀλλότρια·
983 1889 1072 1942 διὰ
1110 1866 1217 1958 γὰρ
1251 1866 1408 1945 τοῦτο
1456 1891 1580 1945 οὗτε
1612 1895 1670 1948 έν
1702 1899 1821 1959 ταῖς
1853 1866 2028 1960 θείαις
2063 1866 2102 1920 Β

453 1979 838 2046 ἱεροτελεσίαις
889 1980 1074 2052 κοινῆς
1103 1981 1210 2034 τῶν
1269 1986 1690 2055 πατριαρχικῶν
1739 1987 2025 2058 ὀνομάτων

451 2069 732 2136 ἀναφορᾶς
790 2070 818 2122 ὁ
875 2071 1106 2135 πάππας
1140 2073 1368 2141 ἠξίωται
1397 2091 1409 2106 ⁸
1450 2077 1550 2129 οὐκ
1615 2078 1821 2146 ὀφείλει
1870 2082 2025 2147 γένος

450 2161 739 2213 Λατινικὸν
789 2164 846 2214 ὲν
889 2164 1068 2232 χειρὸς
1120 2164 1399 2233 ἱερατικῆς
1459 2167 1546 2220 διὰ
1588 2167 1695 2221 τῶν
1740 2169 1900 2222 θείων
1934 2172 2028 2223 καὶ

449 2251 738 2317 ἀχράντων
796 2254 1112 2320 μυστηρίων
1150 2254 1496 2321 ἁγιάζεσθαι,
1526 2257 1574 2308 εί
1608 2259 1682 2327 μὴ
1718 2260 2025 2329 κατάθηται

452 2342 720 2412 πρότερον
771 2343 1106 2414 ἀποσχέσθαι
1156 2345 1265 2399 τῶν
1315 2349 1624 2402 Λατινικῶν
1652 2351 1938 2420 δογμάτων
1962 2368 2024 2404 τε

450 2436 546 2486 καὶ
601 2436 923 2503 συνηθειῶν,
962 2439 1052 2490 καὶ
1101 2440 1243 2492 κατὰ
1289 2443 1519 2504 κανόνας
1577 2444 1890 2513 κατηχηθῇ,
1932 2446 2027 2497 καὶ

450 2528 561 2588 τοῖς
605 2526 907 2594 όρθοδόξοις
959 2529 1214 2599 ἐξισωθῇ.
1276 2533 1554 2598 Ἀκούεις;
1615 2537 2028 2605 ἀπεσχίσθησαν

452 2616 512 2666 ού
553 2619 714 2682 μόνον
765 2619 845 2678 είς
897 2617 1018 2687 ἔθη,
1053 2621 1188 2673 ἀλλὰ
1239 2624 1335 2676 καὶ
1383 2623 1635 2694 δόγματα
1667 2629 1766 2696 τῆς
1797 2627 2027 2695 Ἐκκλη-

454 2708 572 2769 σίας
604 2709 861 2778 ἀλλότρια
883 2726 898 2742 ο
932 2713 1000 2763 τὰ
1029 2713 1084 2764 δὲ
1114 2713 1226 2766 τῶν
1255 2715 1560 2785 ὀρθοδόξων
1596 2718 1855 2787 ἀλλότρια
1893 2721 2023 2772 πάν-

452 2815 558 2862 τως
593 2803 880 2872 αίρετικὰ·
931 2807 1022 2856 καὶ
1070 2806 1152 2857 δτι
1184 2808 1324 2859 κατὰ
1380 2808 1610 2872 κανόνας
1642 2810 2019 2877 κατηχηθῆναι

453 2890 679 2957 ὀφείλει,
715 2895 810 2945 καὶ
856 2896 969 2955 τοῖς
1013 2894 1318 2962 ὀρθοδόξοις
1364 2897 1729 2966 ὲξισωθῆναι;
1760 2899 1822 2950 Ei.
1848 2898 1902 2949 δὲ
1933 2914 2033 2948 καο

2132 615 2249 668 cha:
2289 614 2666 675 Alexandrini.
2723 616 2991 684 scriptum
3030 617 3305 687 reliquit?
3343 617 3710 689 Interrogatio

2133 703 2326 760 Marri.
2359 705 2569 774 Captivi
2602 705 2783 760 Latini
2831 715 2885 762 et
2919 708 3007 761 alii
3041 709 3106 762 ad
3149 721 3366 764 nostras
3396 712 3706 769 catholicas

2131 797 2395 852 ecclesias
2421 800 2741 852 accedentes
2771 805 2967 867 petunt
2991 798 3193 853 divina
3233 800 3700 857 sanctiﬁcationis

2131 888 2595 942 communionem.
2634 890 2713 941 An
2742 890 2813 943 sit
2833 889 3246 944 concedendum
3274 891 3398 954 hoc,
3425 892 3570 945 scire
3609 907 3708 946 cu-

2131 979 2327 1046 pimus.
2394 978 2675 1045 Responsio
2720 979 3002 1033 Theodori.
3069 980 3176 1044 Qui
3227 998 3330 1033 non
3362 992 3438 1033 est
3484 999 3709 1045 mecum,

2131 1081 2313 1122 contra
2347 1087 2426 1124 me
2457 1081 2534 1124 est
2555 1087 2572 1122 .·
2594 1080 2640 1122 et
2665 1071 2754 1138 qui
2777 1087 2879 1123 non
2903 1071 3098 1140 colligit
3119 1088 3339 1137 mecum,
3372 1074 3616 1140 dispergit
3641 1073 3707 1122 “.

2130 1159 2397 1225 Quoniam
2436 1161 2600 1230 igitur
2627 1169 2754 1216 ante
2807 1163 3012 1217 multos
3041 1179 3214 1217 annos
3266 1163 3522 1220 Ecclesia:
3554 1164 3710 1220 Occi-

2129 1251 2386 1312 dentalis,
2438 1249 2697 1306 Romanae
2760 1253 3007 1320 inquam,
3034 1254 3264 1309 celebris
3301 1256 3386 1308 illa
3420 1260 3598 1322 portio
3629 1259 3710 1312 di.

2128 1343 2282 1398 vulsa
2315 1351 2398 1396 est
2434 1357 2462 1395 a
2503 1344 2783 1398 consortio
2839 1345 3174 1413 reiiquorum
3229 1348 3709 1404 sanctissimorum

2129 1443 2366 1500 quatuor
2402 1436 2859 1500 patriarcharum,
2926 1450 3019 1502 per
3056 1451 3237 1490 mores
3273 1446 3327 1490 et
3383 1437 3634 1507 dogmata
3680 1457 3709 1494 a

2129 1524 2401 1577 catholica
2434 1524 2672 1578 Ecclesia
2731 1535 2784 1577 et
2812 1527 3131 1581 orthodoxis
3161 1528 3359 1584 aliena.
3399 1528 3531 1584 Nam
3587 1547 3714 1600 pro-

2131 1623 2312 1683 pterea
2340 1615 2461 1679 etin
2487 1615 2686 1669 divinis
2705 1617 2987 1670 sacriﬁciis
3008 1633 3139 1686 papa
3159 1633 3265 1671 non
3288 1621 3546 1674 inseritur
3562 1638 3721 1676 coni-

2129 1707 2277 1758 muni
2317 1706 2594 1759 nominum
2633 1706 3089 1774 patriarchalium
3135 1713 3652 1764 commemorationi
3691 1729 3708 1777 ;

2131 1795 2337 1849 idcirco
2377 1810 2485 1848 non
2521 1796 2684 1849 debet
2711 1797 2870 1848 homo
2904 1797 3128 1851 Latinus
3169 1800 3501 1853 sacerdotali
3533 1817 3696 1853 manu

2134 1901 2229 1955 per
2265 1887 2447 1940 divina
2474 1894 2528 1940 et
2566 1887 2914 1944 immaculata
2950 1889 3212 1958 mysteria
3244 1890 3611 1954 sanctiﬁcarl,
3650 1891 3701 1945 ni

2133 1978 2286 2045 prius
2319 1977 2637 2031 Latinorum
2671 1980 2922 2047 dogmata
2967 1994 3252 2048 moresque
3283 1982 3410 2034 velit
3444 1983 3661 2050 ejurare
3689 2022 3704 2044 ,

2134 2079 2188 2123 et
2240 2073 2505 2123 canOnice
2540 2073 2880 2124 caterhismo
2922 2072 3194 2138 initietur,
3232 2073 3363 2127 etin
3416 2089 3703 2127 numerum

2133 2161 2566 2214 orthodoxorum
2602 2160 2893 2215 referatur.
2930 2163 3104 2216 Audis
3137 2163 3160 2215 ?
3190 2163 3390 2216 divulsi
3428 2175 3555 2217 sunt
3596 2179 3702 2217 non

2135 2251 2301 2305 modo
2331 2265 2426 2320 per
2451 2266 2650 2312 mores.
2679 2252 2773 2306 sed
2799 2253 2962 2306 etiam
2992 2254 3245 2324 dogmata
3269 2270 3392 2323 quae
3415 2271 3520 2309 non
3545 2271 3709 2325 agno-

2137 2345 2240 2398 scit
2284 2343 2523 2396 Ecclesia
2549 2359 2566 2409 ;
2591 2359 2712 2412 qua:
2742 2360 2871 2398 vero
2905 2359 3010 2397 non
3047 2357 3352 2414 agnoscunt
3387 2347 3703 2409 orthodoxi,

2134 2435 2390 2488 hmretica
2421 2449 2570 2488 certe
2607 2445 2754 2488 sunt.
2794 2437 2963 2490 Audis
3001 2438 3191 2496 etiam,
3222 2440 3548 2493 initiandum
3585 2455 3708 2493 esse

2133 2527 2419 2587 canonice,
2471 2532 2636 2592 atque
2676 2525 2729 2577 in
2780 2540 3070 2579 numerum
3099 2527 3535 2582 orthodoxarum
3572 2531 3709 2582 refc-

2135 2617 2364 2670 retidum
2395 2616 2417 2669 ?
2453 2615 2606 2681 Quod
2638 2618 2682 2670 si
2716 2617 3020 2672 iuitiandus
3052 2629 3156 2678 est.
3195 2621 3490 2674 chrismate
3540 2623 3706 2673 etiam

2136 2709 2376 2776 profecto
2407 2709 2716 2777 ungendus.
2740 2708 2892 2762 Unde
2921 2719 3053 2779 ergo
3081 2712 3239 2765 nobis
3271 2722 3496 2781 repente
3521 2714 3712 2766 ortho-

2135 2801 2263 2856 doxi
2300 2813 2714 2871 apparuerunt.
2748 2805 2838 2872 qui
2879 2819 2973 2871 per
3001 2813 3079 2857 tot
3129 2815 3394 2873 tempora,
3435 2816 3488 2860 et
3513 2815 3708 2875 pi-rtot

2137 2893 2330 2948 Patres
2364 2903 2418 2948 et
2444 2895 2696 2949 doctores
2725 2897 2962 2950 limretici
3001 2896 3231 2965 judicmi
3258 2898 3430 2950 sunt?

452 2987 776 3055 τηχηθῆναι,
805 2985 1045 3057 δηλονότι
1073 2991 1166 3041 καὶ
1195 2989 1273 3058 τῷ
1317 2990 1476 3060 μύρῳ
1510 2991 1815 3061 χρισθῆναι.
1849 2989 2018 3043 Πόθεν
2056 2988 2149 3041 οὖν
2221 2989 2356 3056 ἡμῖν
2413 2987 2762 3055 ἀνεφάνησαν
2834 2989 3097 3058 ἐξαίφνης
3141 2989 3292 3054 ὄντες
3345 2990 3614 3059 ὀρθόδοξοι
3660 2990 3711 3044 οι

454 3080 542 3133 διὰ
566 3079 834 3133 τοσούτων
861 3081 1068 3150 χρόνων
1098 3083 1193 3134 καὶ
1221 3082 1325 3134 ὑπὸ
1347 3082 1614 3135 τοσούτων
1644 3084 1900 3151 Πατέρων
1927 3082 2019 3134 καὶ
2057 3079 2392 3142 διδασκάλοιν
2429 3077 2704 3145 κριθέντες
2737 3080 3033 3146 αἱρετικοί;

1139 3200 1351 3256 ΑΠΟΛ.

525 3311 630 3362 ch
663 3310 863 3363 κανόνα
913 3311 1258 3380 προκομίσας
1307 3310 1397 3363 τὸν
1448 3307 1845 3377 νομοθετοῦντα
1875 3309 2029 3369 τίνας

455 3402 535 3455 δεῖ
572 3404 767 3472 χρίειν,
805 3402 971 3470 μηδὲν
1020 3402 1150 3471 περὶ
1199 3401 1306 3453 τῶν
1353 3402 1601 3454 Λατίνων
1651 3401 1901 3468 λέγοντα,
1935 3400 2029 3452 καὶ

455 3495 792 3563 ἐπισυνάψας
815 3494 1028 3565 καὶτὴν
1051 3493 1143 3547 τοῦ
1168 3492 1472 3562 Βαλσαμὼν
1504 3493 1638 3562 πρὸς
1667 3493 1757 3544 τὸν
1777 3492 2029 3555 Ἀλεξαν-

455 3587 633 3656 δρείας
688 3588 979 3655 ἀπόκρισιν
1034 3586 1128 3639 καὶ
1176 3586 1364 3656 μόνην,
1395 3585 1651 3652 ἐπιφέρει
1674 3597 1687 3613 ⁸
1722 3584 1785 3638 OE
1821 3584 1905 3636 διὰ
1935 3601 2026 3636 το-

457 3677 662 3731 σούτων
692 3679 952 3747 Πατέρων
975 3676 1253 3745 κριθέντες
1286 3675 1572 3745 αἱρετικοί.
1613 3673 1883 3743 Πρόδηλον
1909 3669 2023 3737 οὖν,

455 3772 530 3834 ὡς
566 3773 662 3840 οὐχ
709 3771 812 3822 ὑπὸ
870 3769 1079 3822 πολλῶν
1113 3770 1372 3837 Πατέρων
1417 3766 1739 3836 ἐκρίθησαν,
1771 3765 1884 3817 ἀλλ’
1920 3765 2024 3817 ὑπὸ

452 3862 546 3914 τοῦ
577 3860 880 3929 Βαλσαμὼν
908 3860 1000 3912 καὶ
1034 3861 1216 3928 μόνου,
1247 3857 1342 3910 καὶ
1367 3857 1535 3909 ταῦτα
1569 3857 1705 3924 μετὰ
1728 3858 1788 3908 es
1812 3855 2018 3926 σχίσμα

454 3953 548 4005 καὶ
597 3953 696 4022 τὴν
742 3951 1094 4020 φιλονεικίαν.
1134 3951 1196 4002 El
1247 3945 1340 4003 οὖν
1370 3949 1398 4001 ό
1439 3949 1846 4019 Ἀλεξανδρείας
1885 3945 2023 4016 μετὰ

451 4045 722 4097 τοσούτων
746 4045 956 4112 χρόνων
980 4042 1359 4112 παρίππευσιν
1396 4042 1720 4112 (τριακόσιοι
1749 4041 1858 4111 γὰρ
1898 4039 2026 4109 χρό-

454 4155 535 4189 νοι
574 4137 876 4208 παρῆλθον)
907 4137 1006 4188 οὐκ
1035 4131 1142 4188 οἶδε
1172 4137 1301 4204 περὶ
1327 4134 1420 4188 τοῦ
1461 4137 1609 4196 ὅπως
1642 4134 1723 4186 δεῖ
1748 4136 1874 4195 τοὺς
1912 4131 2020 4186 ἀπὸ

451 4229 696 4282 Λατίνων
753 4228 1227 4298 προσερχομένους
1273 4225 1694 4295 προσδέχεσθαι,
1756 4224 2024 4294 πρόδηλον

449 4322 524 4376 ὡς
554 4320 650 4388 οὐχ
685 4319 957 4389 αίρετικοὶ
999 4317 1104 4370 ὑπὸ
1137 4317 1348 4370 πολλῶν
1404 4317 1662 4385 Πατέρων
1694 4317 2022 4385 ἐκρίθησανο

451 4413 667 4473 πάντως
697 4413 806 4480 γὰρ
838 4411 933 4464 καὶ
967 4413 995 4464 ό
1027 4409 1440 4477 Ἀλεξανδρείας
1475 4411 1569 4462 καὶ
1611 4410 1665 4460 αί
1712 4408 1895 4461 λοιπαὶ
1941 4407 2026 4459 ικ-

2059 3183 2106 3242 C

2826 3192 3024 3248 llESP.

2203 3309 2337 3363 Cum
2372 3309 2687 3377 protulisset
2719 3323 2982 3362 canonem
3018 3311 3445 3378 praecipientem,
3477 3313 3704 3381 quinam

2132 3401 2243 3456 sint
2285 3401 2670 3468 consignandi,
2709 3402 2798 3453 ubi
2836 3401 2985 3454 nulla
3031 3412 3236 3454 mentio
3269 3404 3335 3456 de
3383 3403 3609 3471 Latinis,
3647 3420 3701 3459 et

2131 3493 2461 3560 subiecisset
2522 3493 2937 3561 responsionem
3006 3495 3168 3548 unius
3227 3494 3570 3550 Balsamonis
3630 3500 3697 3551 ad

2129 3584 2577 3648 Alexandrinum,
2634 3585 2818 3637 intulit
2850 3602 2861 3636 :
2907 3585 3008 3650 Qui
3060 3601 3155 3652 per
3187 3596 3258 3640 tot
3297 3586 3489 3642 Patres
3523 3590 3695 3643 hare-

2128 3675 2220 3729 tici
2243 3675 2468 3743 judicati
2491 3685 2639 3729 Sunt.
2669 3674 3012 3744 Liquetergo
3043 3691 3069 3727 a
3101 3674 3423 3731 B.dsamone
3452 3689 3698 3744 tantum,

2127 3783 2232 3821 non
2271 3783 2300 3820 a
2335 3767 2519 3832 multis
2555 3767 2807 3820 Patribus
2839 3769 2975 3821 tales
3009 3785 3129 3822 esse
3176 3770 3475 3837 judicatos,
3525 3773 3689 3841 idque

2126 3868 2249 3930 post
2282 3861 2520 3913 schisma
2560 3869 2611 3912 et
2647 3860 3139 3914 concertationem.
3177 3861 3335 3915 Certe
3367 3864 3412 3917 si
3454 3864 3693 3917 Alexan-

2127 3953 2320 4007 drinus
2373 3959 2493 4022 post
2546 3959 2623 4004 tot
2665 3960 2853 4004 exacta
2907 3960 3152 4019 tempora
3189 3953 3333 4020 (jam
3373 3954 3516 4005 enim
3570 3955 3696 4006 anni

2126 4044 2351 4098 trecenti
2396 4042 2680 4111 abierant)
2719 4042 3038 4112 ignorabat,
3081 4044 3359 4111 quomodo
3397 4045 3694 4112 recipiendi

2127 4148 2306 4191 essent
2348 4135 2544 4198 Latini,
2582 4137 2930 4204 perspicuum
2961 4145 3044 4188 est
3081 4136 3202 4189 illos
3244 4153 3348 4188 non
3377 4135 3549 4191 fuisse
3586 4139 3701 4191 hae-

2126 4229 2328 4283 reticos
2353 4242 2380 4278 a
2410 4228 2594 4281 multis
2626 4225 2879 4279 Patrihus
2902 4227 3212 4296 iudicatos;
3241 4240 3364 4281 nota
3392 4230 3533 4282 em'm
3561 4229 3696 4283 fuis-

2128 4330 2250 4374 sent
2287 4319 2673 4388 proculdubio
2703 4318 3073 4372 Alexandrino
3129 4329 3182 4371 et
3241 4319 3466 4388 reliquis
3526 4323 3698 4377 eccle-

2128 4412 2221 4466 siis
2252 4409 2516 4479 judicium
2549 4422 2603 4463 et
2635 4412 2926 4472 sententia,
2955 4425 3061 4479 qua
3102 4411 3346 4464 damnati
3380 4423 3563 4466 essent
3592 4411 3699 4466 La-

450 4502 671 4568 κλησίαι
712 4501 1005 4566 ἐγίνωσκον
1041 4500 1106 4553 ἂν
1137 4501 1236 4570 τὴν
1267 4501 1405 4552 κατὰ
1450 4500 1696 4552 Λατίνων
1749 4497 1933 4566 κρίσιν
1963 4512 2020 4547 τε
2054 4522 2097 4575 D
2129 4501 2215 4553 lini

1931 4516 1933 4531 ν
1963 4512 2020 4547 τε
2054 4522 2097 4575 D
2129 4501 2259 4562 lini;
2289 4515 2476 4553 verum
2501 4497 2675 4552 Latini
2707 4502 2869 4552 etiam
2900 4512 3116 4553 nostros
3138 4501 3611 4570 consignnbanti‘,
3645 4511 3696 4555 et

451 4595 545 4645 καὶ
579 4593 902 4661 καταδίκην.
945 4592 1108 4645 Ἀλλὰ
1156 4593 1248 4643 καὶ
1287 4592 1506 4643 Λατῖνοι
1539 4591 1666 4650 τοὺς
1717 4590 2020 4658 ἡμετέρους

450 4683 490 4752 ἰ-
545 4686 722 4752 ἕχριον
765 4685 859 4735 καὶ
903 4683 1407 4751 χρισμαρισμένους
1449 4679 1760 4750 ὠνόμαζον.
1796 4680 1920 4732 Ὀτι
1965 4679 2022 4732 δὲ

449 4777 510 4828 οὖ
542 4779 681 4828 κατα
712 4775 917 4826 δίκαιον
950 4775 1110 4841 λόγον
1139 4773 1316 4824 ταῦτα.
1340 4774 1598 4839 ἐγίνοντο,
1631 4771 1812 4840 δῆλον,
1845 4771 1926 4821 δτι
1959 4771 2019 4821 ὲν

449 4871 515 4934 τῇ
564 4868 754 4918 ένώσει
807 4867 964 4934 ἡμῶν
1009 4865 1201 4916 οὐδένα
1257 4865 1414 4932 λόγον
1469 4858 1616 4932 εἶχον
1672 4865 1849 4914 εἰπεῖν
1892 4859 2020 4934 καθ’

450 4960 629 5026 ἡυῶν,
661 4959 774 5010 ἀλλ’
807 4958 1073 5028 ὀρθόδοξοι
1100 4959 1262 5018 ὄντες.
1282 4957 1432 5026 παρὰ
1453 4956 1561 5010 τῶν
1595 4956 1893 5026 όρθοδόξων
1926 4955 2019 5022 όρο

451 5049 652 5111 Θὸδοξοι
691 5049 878 5117 ἐκρίθη
890 5067 1008 5117 μεν.

520 5163 559 5233 ’ζ-
598 5164 858 5232 Ἐχρισαν
887 5164 1056 5215 ἐνίοτε
1090 5165 1136 5215 ol
1168 5163 1385 5216 Λατῖνοι
1412 5163 1537 5223 τοὺς
1568 5161 1838 5232 Γραικοὺς
1881 5162 2021 5230 μετὰ

451 5255 875 5325 προσδιορισμοῦ
913 5260 1003 5308 καὶ
1031 5256 1340 5326 διαστολῆς,
1373 5255 1672 5323 ἐπειδήπερ
1701 5256 1747 5305 οί
1784 5253 2023 5322 πρεσϐύ-

448 5361 595 5412 τεροι
619 5347 717 5400 οῦκ
734 5348 870 5398 εἰσιν
883 5350 1068 5399 οἰκεῖοι
1091 5347 1183 5399 τοῦ
1210 5348 1508 5417 μυστηρίου
1528 5347 1715 5398 τούτου
1735 5344 2022 5413 ὑπηρέται.

2126 4591 2450 4644 chrismatos
2507 4591 2871 4661 appellabant.
2909 4591 3012 4645 Sed
3077 4593 3191 4646 haec
3249 4607 3356 4645 non
3416 4592 3583 4646 fuisse
3643 4592 3699 4644 in

2126 4695 2281 4748 aequo
2316 4687 2369 4733 et
2407 4681 2550 4735 bono
2593 4679 2733 4734 facta
2771 4688 2983 4733 constat
3021 4695 3083 4734 ex
3118 4695 3209 4742 eo,
3238 4678 3383 4747 quod
3422 4680 3472 4732 in
3517 4689 3702 4731 nostra

2126 4773 2328 4827 unione
2367 4773 2502 4825 nihil
2535 4773 2846 4827 habuerunt
2887 4772 3028 4840 quod
3053 4773 3206 4826 nobis
3243 4772 3568 4840 objicerent,
3600 4770 3695 4822 sed

2124 4880 2246 4917 cum
2279 4879 2534 4918 essemus
2563 4865 2878 4930 orthodoxi,
2918 4865 3085 4917 habiti
3117 4879 3312 4917 sumus
3343 4863 3411 4916 ab
3437 4863 3704 4916 orthodo-

2128 4957 2213 5010 κίε
2262 4957 2574 5010 orthodoxi.

2201 5159 2239 5229 ’ί-
2279 5157 2526 5228 Episcopi
2567 5157 2746 5211 Latini
2781 5157 3001 5212 Grzccos
3035 5157 3331 5224 aliquando
3363 5156 3465 5209 sub
3499 5155 3697 5209 condi-

2131 5253 2277 5304 tione
2311 5251 2730 5317 consignabant,
2758 5251 2840 5301 vel
2875 5250 2999 5317 quia
3033 5249 3270 5301 ministri
3317 5248 3478 5316 hujus
3507 5262 3698 5300 sacra-

2135 5346 2300 5397 menti
2339 5342 2799 5394 cxcommunicati
2842 5340 3054 5394 fuerant
3091 5349 3144 5393 et
3178 5355 3275 5408 pro
3307 5339 3458 5393 laicis
3503 5338 3703 5399 habiti,

450 5442 642 5507 quales
669 5452 826 5495 erant
850 5442 901 5494 in
940 5442 1188 5510 Bulgaria
1214 5444 1534 5496 sacerdotes
1569 5439 1770 5505 Photii,
1806 5441 1886 5492 vel
1919 5441 2042 5508 quia
2075 5437 2398 5508 presbyteri,
2442 5437 2532 5506 qui
2581 5437 2719 5505 apud
2760 5437 2978 5491 Graecos
3003 5447 3405 5490 sacramentum
3453 5436 3554 5487 hoc
3579 5447 3706 5502 pas~

449 5537 554 5589 Sim
599 5536 912 5604 conferunt,
959 5553 1067 5591 non
1115 5547 1240 5592 sunt
1287 5535 1552 5592 ordinarii
1600 5534 2031 5588 confirmationis
2063 5531 2320 5585 ministri.

522 5675 566 5705 ⁸⁸
595 5674 726 5729 Luc.
761 5689 838 5737 xi,
878 5672 969 5726 25.

525 5795 600 5862 lu)
639 5793 820 5849 Editio
851 5790 1090 5845 Dosithei
1122 5788 1175 5842 in
1211 5792 1374 5855 Τόμῳ
1401 5788 1684 5855 Ἀγάπης.
1723 5781 2020 5852 ἄθροισμα,
2061 5782 2188 5852 ἥτις
2239 5784 2290 5835 ἐκ

1934 5799 2020 5850 μα,
2061 5782 2188 5852 ἥτις
2239 5784 2300 5837 ἐκ
2327 5783 2434 5839 τῶν
2462 5785 2664 5855 ἑτέρων
2697 5787 2980 5856 τεσσάρων
3026 5783 3376 5852 πατριαρχῶν
3417 5789 3699 5844 κοινωνίας

449 5867 860 5936 ἀποσχισθεῖσαι,
899 5864 977 5925 εἰς
1019 5862 1137 5931 ἔθη,
1162 5871 1269 5914 etc.
