4470 6452
467 394 562 456 177

1709 403 2008 464 CONTRA
2038 404 2461 469 EPIIESIUM.

3622 415 3720 479 178

459 521 552 572 καὶ
595 518 670 588 μὴ
709 515 770 570 τίι
815 515 915 586 μὲν
947 516 1036 570 διά
1093 515 1186 570 τοῦ
1223 513 1352 570 Υἰοῦ
1391 515 1799 586 παραδραμεῖν,
1845 519 1906 570 τὸ
1944 519 2001 571 δέ
2025 536 2039 550 ·
2074 527 2116 580 Α
2148 524 2222 577 illi

1955 519 2001 571 δέ
2025 536 2039 550 ⁸
2074 527 2116 580 Α
2148 524 2303 591 illud,
2371 526 2471 582 Per
2507 527 2730 593 Filium,
2784 531 3066 598 praterire
3125 531 3378 597 silentio;
3414 519 3534 584 illas
3592 546 3720 584 vero

459 614 575 662 Οὐκ
609 609 794 664 αἰτίαν
829 609 1125 672 ποιοῦντας
1176 610 1269 663 τὸν
1328 609 1455 663 rev
1502 611 1661 678 σφᾶς
1685 611 1885 673 αὐτοὺς
1913 611 2042 664 ἀπέ-

460 702 669 766 δειξαν·
700 703 793 753 καὶ
839 703 1001 771 μόνον
1043 702 1426 772 προκομίζειν.
1476 703 1618 756 Ἀλλ’
1645 703 1810 772 ἡμεῖς
1846 702 1905 755 τὸ
1932 722 2041 774 χω-

463 795 573 866 ρίον
603 796 726 848 ὅλον
773 796 1106 866 ὲκθήσομεν,
1161 795 1247 848 ἵνα
1299 797 1394 850 καί
1429 797 1740 866 σαφεστέρα
1803 796 2042 864 γένηται

462 891 492 953 ἡ
539 888 777 957 δήλωσις
803 930 817 953 ,
849 887 1115 950 ὡσαύτως
1156 889 1252 942 καὶ
1295 890 1328 958 ἡ
1357 889 1689 956 ἀπάντησις,
1719 888 1860 954 Φησὶ
1898 890 2005 958 γάρ
2026 903 2044 923 ο

460 981 582 1032 Τῶν
614 981 709 1033 τοῦ
745 981 841 1033 νῦν
890 981 1203 1048 ἁγιωτάτου
1241 983 1444 1036 πάππα
1501 981 1800 1035 συνοδικῶν
1845 983 1948 1035 οὐκ
1988 982 2046 1034 ἐν

461 1074 739 1134 τοσούτοις
776 1075 924 1137 ὅσοις
963 1073 1280 1142 γεγράφατε
1328 1074 1652 1144 κεφαλαίοις
1675 1077 1724 1128 οἰ
1765 1077 1861 1146 τῆς
1894 1075 2047 1144 βασι-

460 1165 603 1227 λίδος
637 1163 986 1229 ἐπελάϐοντο,
1015 1165 1136 1220 δυσὶ
1168 1166 1223 1218 δὲ
1261 1167 1470 1234 μόνοις·
1507 1159 1583 1220 ὧν
1627 1167 1688 1220 τὸ
1722 1168 1822 1237 μὲν
1870 1169 2048 1236 ὑπάρ-

464 1275 549 1326 χει
604 1259 734 1323 περὶ
781 1256 1105 1324 θεολογίας,
1161 1258 1246 1310 ὅτι
1281 1276 1364 1321 τε,
1407 1259 1594 1327 φησὶν,
1648 1254 1840 1325 εἶπεν,
1882 1262 2050 1313 ἐκποο

467 1349 723 1418 ρεύεσθαι
757 1351 866 1403 κάκ
897 1350 993 1406 τοῦ
1051 1351 1184 1403 Υίοῦ
1213 1351 1274 1402 τὸ
1304 1351 1534 1421 Πνεῦμα
1581 1353 1642 1404 τὸ
1675 1353 1833 1420 ἆγιον
1859 1369 1870 1381 -
1907 1353 1966 1405 τὸ
2004 1353 2049 1404 δ’

466 1441 593 1492 ἄλλο
638 1442 770 1510 περὶ
828 1441 928 1509 τῆς
972 1441 1126 1501 θείας
1181 1444 1538 1512 σαρκώσεως.
1572 1444 1682 1496 Καὶ
1717 1445 1854 1512 μετὰ
1905 1445 2050 1497 πάνυ

468 1532 696 1600 βραχέα·
739 1533 853 1586 Καὶ
897 1532 978 1601 τῷ
1023 1533 1122 1602 μὲν
1181 1532 1389 1603 πρώτῳ
1438 1536 1767 1604 συμφώνους
1801 1535 2054 1603 παρήγα-

469 1641 565 1689 γον
606 1625 838 1692 χρήσεις
891 1625 1184 1692 Ῥωμαίων
1230 1625 1533 1693 Πατὲρων,
1566 1627 1645 1678 ἔτι
1686 1644 1748 1693 γε
1803 1626 1909 1695 μὴν
1958 1628 2054 1679 καὶ

473 1716 747 1784 Κυρίλλου
793 1715 1211 1783 ’Δλεξανδρείας
1267 1718 1331 1770 ὲκ
1382 1719 1482 1786 τῆς
1541 1717 1872 1786 πονηθείσης
1906 1719 2053 1788 αὖτῷ

470 1805 550 1866 εἰς
575 1804 666 1856 τον
711 1805 1106 1873 εὐαγγελιστὴν
1146 1807 1403 1877 Ἰωάννην
1439 1809 1595 1876 ἱερᾶς
1625 1809 2014 1877 πραγματείας
2038 1826 2052 1838 ·

471 1895 531 1959 ἐξ
577 1888 651 1947 ὧν
708 1895 769 1948 οὐ
824 1896 916 1946 τὸν
959 1896 1090 1949 Υἰδν
1126 1897 1306 1950 αἰτίαν
1347 1898 1636 1962 ποιοῦντας
1673 1900 1767 1952 τοῦ
1807 1902 2058 1966 Πνεύμα-

469 2005 562 2050 τος
595 1990 736 2055 σφᾶς
772 1988 972 2052 αὐτοὺς
1007 1989 1318 2055 ἀπέδειξαν.
1368 1990 1516 2044 Μίαν
1556 1991 1663 2062 γὰρ
1701 1993 1882 2044 ἴσασιν
1927 1993 2056 2045 Υἱοῦ

472 2084 570 2137 καὶ
614 2082 933 2154 Πνεύματος
971 2085 1062 2137 τὸν
1105 2087 1326 2154 Πατέρα
1383 2087 1583 2152 αἰτίαν,
1616 2087 1712 2139 τοῦ
1763 2089 1861 2156 μὲν
1914 2090 2058 2140 κατὰ

472 2175 753 2242 γέννησιν,
783 2177 878 2227 τοῦ
934 2177 990 2229 δὲ
1028 2175 1145 2229 κατ’
1179 2177 1510 2246 ὲκπ-ὅρευσιν
1534 2193 1547 2207 °
1582 2178 1698 2229 ἀλλ’
1741 2179 1827 2231 ἴνα
1883 2179 1941 2230 τὸ
1991 2178 2058 2230 δι’

471 2267 638 2321 αὐτοῦ
675 2268 928 2337 προϊέναι
960 2269 1251 2336 δηλώσωσι
1282 2309 1296 2330 ,
1344 2269 1436 2322 καὶ
1491 2270 1668 2341 ταύτῃ
1707 2271 1767 2322 τὸ
1823 2273 2060 2337 συναφὲς

473 2361 571 2425 τῆς
600 2360 789 2422 οὐσίας
840 2363 936 2411 καὶ
985 2360 1415 2428 ἀπαράλλακτον
1442 2365 1903 2431 κπαραστήσωσιν.
1941 2364 2061 2415 Οὐκ

485 2452 597 2504 ἔδει
629 2451 725 2504 οὖν
776 2451 868 2503 τὸν
912 2453 1195 2520 αἰδέσιμον
1225 2455 1394 2521 ἄνδρα
1421 2454 1609 2507 τοῦτον
1640 2454 1821 2520 λέγειν
1852 2454 1931 2516 τὺ,
1965 2455 2061 2507 Ἐκ

478 2544 641 2610 μόνου
667 2559 682 2573 '
729 2543 841 2596 ἰδοὺ
882 2543 991 2613 γὰρ
1050 2545 1344 2610 προφανῶς
1410 2548 1503 2597 καὶ
1545 2546 1813 2615 ἀριδήλως
1843 2549 1870 2598 6
1905 2546 2061 2613 ἆγιος

476 2637 729 2700 Μάξιμος
779 2622 1069 2707 μαρτυρεῖ,
1127 2637 1202 2698 ὼς
1261 2638 1311 2689 οἰ
1363 2638 1510 2703 ἅγιοι
1571 2638 1815 2707 Πατέρες
1867 2640 1914 2690 οἰ
1963 2638 2060 2704 τῆς

488 2725 762 2794 Ἐσπέρας
820 2727 959 2794 μετὰ
1001 2727 1090 2778 καὶ
1123 2725 1216 2779 τοῦ
1253 2726 1402 2779 Οείου
1435 2728 1708 2796 Κυρὲλλου
1747 2729 1938 2781 καίτὲκ
1969 2729 2062 2780 τοῦ

481 2816 612 2868 Υἰοῦ
653 2817 1057 2884 ἐκπορεύεσθαι
1107 2819 1167 2869 τὸ
1221 2818 1379 2884 ἅγιον
1415 2818 1639 2887 Πνεῦμα
1695 2819 2061 2886 θεολογοῦσιν.

480 2907 540 2958 ί·ὶί
571 2907 665 2959 οὖν
694 2911 788 2961 καὶ
819 2911 881 2961 ἐκ
916 2910 1008 2961 τοῦ
1046 2909 1200 2971 Υἰοῦ,
1226 2911 1388 2978 δῆλον
1421 2909 1495 2972 ὡς
1524 2912 1626 2963 οὐκ
1658 2911 1724 2963 ὲκ
1758 2911 1922 2980 μόνου
1970 2912 2063 2963 τοῦ

477 2999 710 3067 Πατρδς,
743 2999 818 3062 ὡς
865 3001 1027 3059 αὐτὸς
1081 3001 1345 3062 πολλάκις
1397 3000 1618 3070 εἴρηκε.
1658 3002 1796 3070 Περὶ
1846 3004 1901 3055 δὲ
1941 3002 2059 3063 τοῦ.

476 3089 578 3140 οὐκ
632 3090 816 3141 αἰτίαν
845 3095 937 3141 τὸν
988 3090 1116 3142 Υἰὸν
1182 3089 1498 3153 ποιοῦντας,
1529 3092 1813 3144 τουτέστιν
1867 3093 1984 3144 οἵαν
2039 3095 2066 3144 ὀ

2146 620 2358 668 tantum
2389 631 2554 672 vocas
2576 617 2789 682 aderre,
2838 617 3205 675 Ostenderunt
3228 635 3256 673 a
3293 637 3351 675 se
3384 620 3580 675 Filium
3616 636 3721 674 non

2148 710 2315 761 statui
2346 723 2567 763 causam
2593 711 2834 769 Spiritus
2867 713 3066 766 sancti.
3100 713 3241 782 Ergo
3274 729 3372 768 nos
3415 713 3597 767 locum
3636 714 3690 767 iu
3711 740 3726 753 -

2149 810 2358 869 tegrum
2392 816 2750 868 exponemus,
2793 815 2855 860 ut
2897 820 2987 860 res
3019 803 3219 859 clarius
3275 805 3628 874 intelligatur,
3669 813 3727 860 et

2147 892 2444 961 objectioni
2481 894 2777 950 dilucidius
2813 898 3235 966 respondeatur.
3289 897 3378 951 Ait
3413 896 3579 966 igitttr
3614 915 3626 951 :
3668 898 3723 952 In

2152 985 2433 1056 synodicis
2516 988 2855 1054 sanctissimi
2924 1004 3094 1058 papae,
3155 989 3246 1057 qui
3309 1004 3452 1043 nunc
3513 1001 3728 1057 prmest,

2151 1076 2349 1131 litteris
2391 1092 2495 1130 non
2560 1084 2637 1130 tot
2671 1078 2869 1146 capita,
2900 1090 2958 1134 ut
3013 1079 3338 1150 scripsistis,
3396 1082 3557 1150 regiae
3583 1082 3732 1136 urbis

2151 1168 2346 1222 incolze
2369 1177 2646 1229 notarunt.
2674 1171 2766 1225 sed
2802 1171 2910 1223 duo
2935 1179 3146 1225 tantum
3179 1190 3191 1237 ;
3225 1189 3461 1242 quorum
3495 1174 3730 1228 alterum

2153 1259 2217 1313 ad
2252 1259 2432 1312 divina
2486 1269 2720 1327 spectat,
2775 1263 2926 1331 quod
2979 1263 3245 1332 Spiritum
3296 1273 3544 1318 sanctum
3579 1265 3736 1319 aiunt

2153 1352 2314 1404 etiam
2351 1366 2413 1406 ex
2459 1351 2593 1404 Filio
2620 1353 2918 1418 procedere
2965 1354 3188 1418 dixerit,
3225 1355 3459 1408 alterum
3510 1371 3641 1410 vero
3667 1355 3735 1408 ad

2155 1443 2613 1496 incarnationem.
2673 1444 2738 1496 Et
2805 1447 2992 1514 paucis
3034 1446 3331 1501 admodum
3391 1447 3736 1515 interiectis:

2158 1533 2220 1586 Et
2248 1536 2299 1586 in
2326 1534 2560 1599 primum
2585 1535 2802 1603 quidem
2828 1551 3099 1592 consouas
3119 1538 3493 1591 Romanorum
3516 1537 3736 1591 Patrum

2158 1625 2390 1680 attulere
2432 1628 2760 1692 sententias,
2825 1643 2925 1681 nee
2979 1645 3084 1682 non
3141 1630 3327 1700 Cyrilli
3385 1630 3738 1685 Alexandrini

2156 1734 2219 1770 ex
2275 1717 2449 1771 sacris
2513 1717 2632 1785 ejus
2695 1719 2747 1771 in
2818 1719 3080 1773 Joannem
3140 1722 3587 1784 commentariis;
3643 1734 3740 1788 per

2160 1824 2296 1876 quas
2325 1809 2609 1862 evidenter
2651 1810 3032 1873 ostenderunt,
3068 1827 3190 1866 sese
3215 1827 3322 1866 non
3383 1804 3624 1867 statuere
3653 1810 3739 1865 Fi-

2162 1901 2291 1954 lium
2327 1900 2566 1971 Spiritus
2603 1905 2779 1957 sancti
2812 1919 3034 1958 causam
3070 1907 3259 1972 (unam
3307 1906 3507 1974 quippe
3538 1915 3741 1958 norunt

2161 2010 2384 2049 causam
2413 1995 2532 2050 Filii
2563 2007 2617 2050 et
2649 1997 2887 2066 Spiritus
2929 1997 3166 2061 Patrem,
3203 1999 3348 2052 illius
3385 2014 3478 2067 per
3509 2012 3740 2064 genera-

2163 2087 2386 2148 tionem,
2421 2089 2580 2154 huius
2628 2103 2723 2156 per
2773 2090 3227 2156 processionem),
3261 2090 3355 2144 sed
3396 2090 3634 2142 voluisse
3663 2089 3744 2141 si-

2162 2178 2421 2248 gnificare
2455 2178 2718 2248 Spiritum
2787 2181 3014 2250 produci
3076 2197 3170 2248 per
3226 2182 3471 2245 Filium;
3529 2186 3580 2234 et
3639 2179 3743 2234 hac

2163 2271 2378 2323 ratione
2451 2275 2682 2339 probare
2745 2274 2998 2327 essentia:
3071 2274 3216 2347 nulla
3291 2289 3414 2326 cum
3475 2272 3743 2326 varietate

2160 2365 2631 2417 communionem.
2669 2362 2786 2418 Non
2818 2381 2947 2432 ergo
2984 2365 3215 2419 debebat
3268 2365 3519 2434 egregius
3549 2366 3637 2418 hic
3660 2363 3745 2418 vir

2165 2468 2434 2519 usurpare
2491 2468 2701 2513 vocem.
2768 2455 2840 2507 lix
2915 2461 3055 2510 solo.
3113 2453 3190 2508 Eu
3260 2455 3460 2524 quippe
3521 2465 3746 2510 sanctus

2164 2541 2434 2598 Maximus
2469 2555 2652 2613 aperte
2689 2547 2979 2616 palamque
3008 2557 3263 2611 testatur,
3307 2557 3527 2602 sanctos
3560 2549 3746 2602 Patres

2165 2634 2542 2690 Occidentales
2571 2654 2674 2690 una
2701 2653 2822 2691 eum
2851 2648 3040 2693 sancto
3069 2639 3276 2708 Cyrillo
3311 2635 3748 2707 asserere'Spiri-

2167 2739 2277 2780 tum
2298 2740 2544 2782 Sanctum
2563 2729 2723 2782 etiam
2744 2746 2806 2782 ex
2823 2729 2961 2783 Filio
3004 2731 3329 2797 procedere;
3354 2731 3497 2799 quod
3521 2731 3565 2785 si
3585 2732 3746 2783 eliztm

2166 2834 2229 2872 ex
2257 2818 2411 2881 Filio,
2445 2829 2681 2883 constat,
2713 2837 2819 2874 non
2846 2837 2907 2875 ex
2942 2821 3100 2876 P..tre
3140 2824 3279 2885 solo,
3318 2823 3458 2888 quod
3497 2838 3640 2891 εαξρο
3671 2823 3753 2876 di-

2166 2917 2314 2962 ctum
2343 2909 2411 2961 ab
2436 2911 2552 2977 ipso
2571 2920 2674 2963 est.
2691 2909 2859 2964 Porro
2878 2920 3058 2965 autem
3079 2927 3239 2967 voces
3264 2913 3391 2976 illae,
3414 2929 3535 2968 sese
3552 2912 3747 2967 Filium

2166 3015 2275 3052 non
2297 3009 2535 3054 statuere
2553 3017 2796 3063 causam,
2815 3003 3183 3071 intelligenda:
3204 3013 3334 3058 sunt
3350 3005 3414 3058 de
3433 3019 3598 3058 causa
3615 3020 3748 3072 qua-

2165 3092 2272 3146 lem
2307 3096 2542 3161 ponebat
2583 3094 2905 3160 Ennomius,
2943 3099 3408 3163 quemadmodum
3447 3099 3752 3152 declarari-

476 3180 751 3249 Εὑνόμιος
785 3181 995 3248 ἔλεγεν,
1024 3182 1101 3243 ῶς
1136 3182 1232 3234 καὶ
1264 3183 1322 3233 ἐν
1354 3183 1466 3244 τοῖς
1495 3180 1812 3252 ἔμπροσθεν
1864 3182 2065 3250 ἐδηλώ-
2093 3216 2138 3274 C
2170 3199 2241 3236 mt

1987 3184 2065 3232 ,ώ-
2093 3216 2138 3274 C
2170 3199 2312 3236 mus.
2335 3183 2568 3238 Causam
2601 3186 2746 3238 enim
2778 3188 2997 3253 proiiric
3021 3188 3422 3255 primordialem
3453 3187 3626 3242 sancti
3655 3189 3752 3242 Pa-

480 3293 653 3343 σαμεν
675 3291 688 3304 ο
727 3276 820 3328 καὶ
848 3277 955 3343 γάρ
986 3275 1166 3328 αἰτίαν
1194 3275 1414 3344 κυρίως
1457 3277 1505 3326 οἰ
1546 3275 1694 3343 ἆγιοι
1728 3274 1824 3344 τὴν
1849 3275 2065 3345 ἀρχοει-
2166 3283 2245 3328 tre

1991 3292 2065 3326 ει-
2166 3283 2280 3328 tres
2303 3290 2622 3343 nuncupare
2646 3277 2846 3340 solent,
2868 3287 2926 3330 ut
2951 3278 3250 3346 Gregorius
3271 3279 3647 3334 Nazianzenus
3660 3281 3754 3334 do-

475 3369 545 3435 ὂῆ
569 3372 666 3420 καὶ
697 3367 1188 3438 προκαταρκτικὴν
1227 3369 1451 3421 εἰώθασι
1503 3368 1702 3435 λέγειν,
1740 3368 1924 3430 καθὼς
1971 3369 2066 3420 καὶ

472 3463 505 3513 ὁ
564 3462 824 3528 Θεολόγος
867 3461 1172 3530 Γρηγὸριος
1218 3460 1372 3529 δηλοῖ
1419 3461 1475 3512 ὲν
1529 3460 1608 3528 τῷ
1662 3461 1743 3523 εἰς
1777 3460 1869 3512 τὸν
1900 3460 2066 3512 κατά-

484 3553 652 3604 πλουν
682 3551 774 3603 τὸν
809 3552 906 3604 ἀπ’
943 3552 1248 3619 Αἰγύπτου,
1286 3552 1518 3617 φάσκων
1573 3550 1750 3612 οὕτως
1778 3568 1792 3581 ο
1843 3550 1977 3611 Θεὸς
2010 3551 2068 3602 ἓν

479 3643 661 3710 ⁴τρισὶν
705 3643 926 3695 ἵσταται
981 3643 1094 3704 τοῖς
1130 3642 1433 3710 μεγίστοις,
1467 3642 1650 3712 αἰτίῳ,
1678 3642 1770 3694 καὶ
1804 3641 2038 3709 δημιουρ

483 3731 586 3800 τῷ,
623 3733 714 3783 καὶ
759 3731 1104 3800 τελειοποιῷ,
1165 3731 1242 3800 τῷ
1295 3732 1474 3796 Πατρί
1520 3731 1664 3798 λέγω
1697 3732 1790 3784 καὶ
1839 3731 1916 3798 τῷ
1959 3731 2070 3800 Υἰῴ

485 3825 582 3876 καὶ
630 3824 705 3893 τῷ
750 3825 891 3894 ἁγίῳ
933 3824 1236 3892 Πνεύματι.
1274 3824 1338 3874 Τί
1371 3823 1486 3888 οὖν,
1520 3824 1624 3875 οὐκ
1653 3825 1824 3885 αἴτιος
1861 3825 1889 3875 6
1939 3823 2066 3886 Υἱὸς

483 3920 580 3986 τῆς
611 3917 706 3968 τοῦ
747 3918 955 3984 κόσμου
1007 3916 1414 3985 δημιουργίαςς
1473 3916 1594 3978 Πῶς
1633 3911 1958 3984 οὖν’φαμεν
2015 3919 2072 3966 ὲν

484 4013 552 4077 τῇ
593 4009 858 4078 ὁμολογίᾳ
884 4013 978 4077 τῆς
1014 4011 1276 4071 πίστεως,
1311 4008 1393 4062 Δι’
1439 4003 1510 4064 οὗ
1553 4007 1624 4061 τὰ
1679 4007 1879 4061 πάντα
1947 4008 2070 4075 ὲ·γέ-

486 4120 626 4156 νετο
662 4119 676 4163 ;
726 4102 872 4155 Ἀλλ’
905 4105 932 4154 ὀ
962 4102 1224 4168 Θεολόγος
1259 4104 1355 4154 καί
1382 4105 1409 4154 ὁ
1436 4101 1721 4162 Βασίλειος
1755 4103 1837 4163 τὸ,
1874 4103 2068 4164 αἴτιος,

487 4195 582 4244 ἐπὶ
620 4194 782 4261 μόνου
814 4192 909 4245 τοῦ
962 4194 1175 4260 Harpe;
1209 4195 1438 4262 ἔφησαν.
1488 4193 1628 4246 Ἀλλ’
1667 4193 1784 4246 οὐδὲ
1837 4194 2014 4263 μάτην
2044 4194 2072 4245 6

483 4286 636 4348 θεῖος
671 4285 925 4353 Μάξιμος
982 4289 1067 4350 τὸ,
1121 4288 1200 4339 Δι’
1239 4287 1409 4339 αὑτοῦ
1465 4288 1740 4351 προῖέναι,
1796 4288 2069 4358 ἐπιφέρειο

489 4381 616 4431 ἐπεὶ
663 4380 925 4431 ἀδύνατον
956 4380 1045 4433 διὰ
1079 4379 1171 4431 τοῦ
1207 4380 1339 4432 Υἱοῦ
1394 4381 1669 4449 προϊέναι,
1715 4383 1809 4434 καὶ
1867 4381 1942 4450 μὴ
1979 4382 2074 4433 καὶ

485 4475 581 4525 τὸν
625 4472 753 4524 Υἰὸν
786 4474 962 4524 αἴτιον
996 4473 1264 4541 ὑπάρχειν
1294 4473 1394 4540 τῆς
1434 4472 1528 4524 τοῦ
1563 4474 1878 4540 Πνεύματος
1910 4476 2072 4525 ἐκπο-

2167 3371 2257 3416 cet
2298 3366 2542 3417 oratione
2585 3365 2648 3416 ad
2692 3381 2786 3420 eos
2828 3369 2916 3434 qui
2950 3383 3017 3420 ex
3054 3367 3287 3438 Egypto
3322 3369 3748 3439 adnavigarunt.

2174 3454 2258 3508 liis
2281 3456 2459 3509 verbis
2492 3474 2503 3507 :
2532 3455 2673 3511 Deus
2698 3457 2750 3510 in
2780 3459 2954 3510 tribus
2988 3459 3136 3512 hisce
3172 3459 3427 3512 maximis
3477 3459 3752 3522 subsistit,

2172 3560 2360 3605 causa,
2396 3555 2646 3599 creatore
2684 3555 2739 3600 et
2767 3545 3096 3615 perfectore,
3123 3545 3302 3611 Patre,
3329 3551 3569 3617 inquam,
3590 3557 3644 3603 et
3670 3550 3727 3602 Pi
3751 3580 3758 3587 -

2173 3637 2268 3698 lio,
2293 3647 2343 3689 et
2365 3635 2570 3704 Spiritu
2595 3651 2804 3690 saneto.
2826 3640 2981 3692 Anne
3003 3639 3167 3707 igitur
3186 3638 3356 3694 Filius
3391 3655 3494 3703 non
3535 3640 3640 3693 erit
3662 3655 3758 3692 an-

2170 3737 2292 3782 ctor
2310 3729 2607 3784 ereationis
2626 3729 2846 3783 mundi?
2864 3730 3152 3796 Quomodo
3167 3747 3295 3800 ergo
3320 3733 3372 3786 in
3399 3733 3519 3787 tidei
3541 3733 3755 3787 confes-

2174 3824 2324 3876 sione
2352 3823 2623 3876 dicimus:
2660 3821 2760 3875 Per
2790 3810 2939 3892 qiiem
2962 3825 3142 3877 omnia
3176 3825 3321 3893 facta
3353 3837 3473 3879 sunt
3501 3828 3525 3881 Ρ
3557 3825 3755 3881 Verum

2174 3912 2548 3968 Nazianzenus
2579 3924 2630 3967 et
2657 3914 2890 3970 Basilius
2919 3930 3099 3970 causa:
3119 3932 3315 3972 nomen
3351 3919 3449 3972 soli
3485 3917 3632 3972 Patri
3666 3921 3760 3972 tri-

2176 4005 2372 4059 buunt.
2417 4006 2525 4060 Nec
2576 4023 2705 4060 vero
2758 4006 2964 4062 flustra
3009 4009 3230 4064 divinus
3280 4010 3548 4065 Maximus
3599 4012 3762 4064 infert

2176 4100 2339 4153 verba
2369 4100 2480 4163 illa,
2526 4098 2629 4152 Per
2665 4100 2843 4168 ipsum
2872 4100 3097 4168 produci
3125 4118 3298 4172 ;_cum
3327 4104 3663 4172 impossibile
3692 4109 3762 4158 all

2177 4209 2272 4262 per
2308 4191 2507 4245 Filium
2548 4192 2868 4260 procedere,
2899 4193 3029 4260 quin
3073 4194 3145 4246 sit
3173 4205 3225 4246 et
3251 4193 3366 4262 ipse
3395 4193 3568 4248 Filius
3597 4211 3761 4248 causa

2179 4284 2550 4354 processionis
2585 4283 2849 4353 Spiritus.
2893 4282 3007 4336 Hoc
3053 4282 3194 4337 idem
3222 4286 3437 4353 egregie
3469 4285 3760 4349 admodum

2183 4377 2475 4430 conﬁrmat
2525 4377 2691 4430 etiam
2748 4376 3042 4444 Gregorius
3099 4373 3377 4444 Nyssenus
3442 4377 3614 4446 prima
3665 4395 3761 4432 sua

2183 4471 2432 4524 oratione
2467 4471 2607 4522 inter
2630 4477 2744 4530 e’as,
2777 4470 2978 4538 quibus
3020 4468 3271 4524 eonfutat
3295 4469 3643 4534 Eunomium,
3673 4488 3765 4539 per

491 4568 752 4636 ρεὺσεως.
779 4565 951 4617 Τοῦτο
982 4567 1077 4616 καὶ
1111 4563 1415 4633 Γρηγόριος
1458 4568 1486 4617 6
1534 4565 1760 4632 Νύσσης
1806 4564 1950 4632 μάλα
1980 4581 2077 4617 κα-
2111 4566 2152 4621 D
2186 4562 2256 4616 lui

2000 4581 2077 4617 ια-
2111 4566 2152 4621 D
2186 4562 2299 4616 haec
2332 4563 2495 4615 verba
2536 4577 2550 4612 :
2585 4560 2716 4614 Nam
2756 4565 2803 4615 si
2832 4561 3070 4629 spatium
3104 4564 3369 4631 temporis
3420 4573 3545 4614 ante
3579 4578 3765 4630 persti-

489 4660 599 4721 λῶς
629 4659 839 4727 βεϐαιοῖ
884 4662 942 4709 ἐν
973 4656 1052 4725 τῷ
1082 4659 1205 4710 κατ’
1247 4659 1518 4725 Εὑνομίου
1568 4658 1943 4729 ἀπιρῤητικῷ
1974 4660 2074 4712 at)-

491 4752 589 4804 τοῦ
621 4751 766 4819 λόγῳ
797 4749 1022 4820 πρώτῳ,
1073 4750 1248 4816 λέγων
1280 4751 1454 4811 οὕτως
1481 4768 1494 4779 ·
1546 4748 1610 4803 Εἰ
1647 4750 1746 4818 μὲν
1773 4745 1868 4803 οὖν
1897 4768 2078 4820 χρονι-

492 4849 595 4915 κὴν
640 4845 884 4912 ἔμφασιν
919 4842 1218 4912 ὑπερετίθη
1265 4843 1365 4910 τῆς
1414 4842 1510 4894 τοῦ
1567 4844 1909 4910 Μονογενοῦς
1944 4845 2078 4896 ὑπο-

495 4938 739 4998 στάσεως
777 4937 806 4988 6
860 4935 952 4987 τὸν
985 4936 1206 5004 Πατέρα
1253 4934 1347 4987 τοῦ
1405 4934 1536 4988 Υἱοῦ
1577 4937 1724 5005 μόνῳ
1750 4936 1827 5005 τῷ
1854 4937 1954 5002 τῆς
1989 4940 2080 4988 αἰ-

493 5031 614 5091 τίας
643 5028 786 5096 λόγῳ
818 5026 1154 5096 προοεωρῶν
1187 5066 1199 5084 ,
1238 5029 1462 5088 εἰκότως
1506 5027 1571 5078 ἂν
1621 5031 1649 5078 6
1688 5029 1788 5095 τῆς
1836 5029 2079 5096 ἀῖδιότη-

495 5135 590 5178 τος
629 5118 762 5185 ἡμῖν
818 5117 946 5182 περὶ
999 5115 1094 5166 τοῦ
1143 5114 1273 5166 Υἱοῦ
1325 5115 1480 5181 λόγος
1521 5115 1913 5169 ὲκινδυνεύετο.
1970 5118 2080 5168 Καὶ

501 5212 645 5279 μετὰ
671 5228 792 5261 τινα
818 5225 830 5238 '
877 5211 964 5271 Ὠς
1009 5209 1116 5277 γὰρ
1153 5208 1487 5260 συνάπτεται
1526 5211 1604 5277 τῷ
1649 5208 1822 5275 Παερὶ
1869 5208 1896 5259 6
1930 5209 2077 5273 Υἰλις,

498 5306 596 5357 καὶ
642 5303 719 5372 τῷ
771 5303 829 5367 ἐξ
888 5301 1057 5355 αὑτοῦ
1117 5297 1258 5354 εἶναι
1321 5301 1417 5368 οὐχ
1475 5301 1748 5370 ὑστερίζει
1797 5303 1937 5353 κατὰ
1984 5302 2080 5369 τὴν

500 5397 774 5464 ὓπαρξιν·
812 5395 956 5448 οὕτω
1013 5395 1176 5447 πάλιν
1231 5392 1323 5445 τοῦ
1389 5392 1725 5458 Μονογενοῦς
1786 5393 1972 5462 ἔχεται
2023 5395 2080 5445 τὸ

503 5489 730 5557 Πνεῦμα
781 5489 841 5538 το
894 5489 1071 5555 ἇγιον,
1108 5484 1325 5552 ἐπινοίᾳ
1365 5485 1500 5554 μόνῃ
1561 5486 1700 5536 κατὰ
1754 5486 1845 5537 τὴν
1901 5486 2081 5545 αἰτίας

504 5583 665 5646 λόγον
695 5579 1186 5648 προΟεωρουμέ-ιου
1238 5581 1336 5646 τῆς
1371 5576 1464 5628 τοῦ
1499 5575 1815 5642 Πνεῦματος
1849 5576 2081 5627 ὑποστά-

505 5689 666 5733 σεως.
700 5672 808 5723 Καὶ
839 5671 1122 5732 Βασίλειος
1169 5673 1224 5722 ὲν
1265 5670 1342 5738 τῷ
1375 5668 1510 5736 πρὸς
1540 5667 1888 5736 Ἀμφιλὸχιον
1927 5671 1980 5720 ὲν
2008 5667 2082 5734 τῷ

508 5772 584 5828 ις’
609 5765 908 5832 κεψσλαίῳ,
939 5758 1000 5816 οὗ
1033 5765 1062 5833 ἡ
1098 5762 1405 5831 ἐπιγραφὴ.
1444 5762 1572 5812 ’Ὁτι
1605 5761 1950 5828 ἀχώριστον
1981 5760 2079 5811 ἐ.τί

501 5857 709 5923 ,τάπης
760 5857 1000 5921 ἑννοίας
1048 5855 1275 5925 [ἰατρὸς
1326 5853 1420 5908 καὶ
1487 5850 1618 5907 Υίοῐο
1685 5856 1742 5905 τὸ
1805 5852 2079 5923 Πνεῦμα,

2184 4669 2309 4708 nam
2335 4653 2600 4722 unigeniti
2627 4661 2916 4715 statueret,
2952 4653 3044 4721 qui
3077 4651 3294 4707 Patrem
3329 4651 3469 4708 Filio
3493 4654 3764 4723 praeintnl-

2185 4746 2301 4816 ligit
2327 4746 2442 4800 sola
2471 4760 2657 4799 causa:
2685 4745 2992 4814 prioritate,
3021 4745 3144 4810 iure
3177 4744 3426 4815 proiecto
3452 4746 3612 4799 nobis
3641 4741 3762 4797 Filii

2183 4839 2462 4892 :cternitas
2488 4817 2915 4905 periclitaretur.
2969 4837 3034 4890 Et
3080 4838 3240 4905 paulo
3294 4845 3460 4906 post:
3493 4835 3768 4903 Quemad-

2185 4931 2404 4982 modum
2452 4929 2599 4982 enim
2628 4929 2960 4998 coniunctus
2993 4937 3077 4983 est
3126 4927 3267 4981 Patri
3313 4928 3504 4993 Filius,
3543 4945 3639 4981 nec
3683 4940 3765 4982 est

2185 5019 2277 5071 illo
2327 5021 2617 5087 pOStei-ior,
2669 5019 2813 5087 quod
2870 5021 2936 5072 ab
2980 5019 3100 5087 ipso
3154 5019 3262 5071 sit:
3312 5019 3382 5071 ita
3442 5028 3496 5072 ct
3528 5018 3766 5086 Spiritus

2185 5123 2410 5166 sanctus
2436 5109 2786 5179 Unigenitum
2818 5112 3090 5178 sequitur,
3122 5111 3238 5164 sola
3284 5112 3482 5165 mentis
3514 5111 3768 5163 conside-

2187 5206 2400 5259 ratione
2432 5209 2791 5256 auteec-lente
2824 5203 2962 5256 Filio
3016 5205 3330 5273 liypostasiu
3395 5203 3630 5270 Spiritus
3678 5221 3763 5257 ra-

2187 5301 2334 5353 tiOne
2363 5299 2728 5350 causalitatis.
2767 5297 2830 5348 Et
2887 5297 3118 5350 llasilius
3169 5298 3219 5348 in
3257 5297 3395 5350 lllll'O
3444 5298 3507 5349 ad
3548 5299 3768 5363 Amphi-

2187 5392 2449 5449 lochium,
2509 5393 2688 5458 capite
2722 5392 2938 5444 decimo
2971 5400 3149 5450 sexto,
3210 5391 3297 5442 cui
3347 5390 3535 5444 titulus
3571 5407 3583 5441 :
3614 5390 3766 5454 Quod

2186 5483 2556 5548 inseparabilis
2582 5485 2649 5534 sit
2691 5483 2922 5548 Spiritus
2951 5491 3165 5533 sanctus
3189 5498 3220 5532 a
3263 5479 3422 5533 I’atre
3454 5491 3502 5533 et
3547 5480 3678 5534 Filio
3711 5483 3766 5533 in

2187 5578 2365 5639 quovis
2401 5591 2571 5627 rerum
2601 5589 2873 5641 conceptu.
2897 5573 3334 5642 Comprclteude.
3361 5574 3554 5642 inquit,
3583 5573 3765 5624 animo

2190 5668 2430 5730 Patrem,
2467 5684 2647 5720 terum
2696 5683 2813 5734 quze
2845 5669 2980 5720 linut
3038 5668 3446 5736 primordialem
3509 5680 3756 5722 causam,

2190 5755 2509 5807 creatriccm
2540 5752 2756 5814 Filium,
2786 5757 3162 5822 pet‘l'cctriccm
3190 5755 3454 5822 Spiritum
3481 5761 3756 5806 satu-tum.

2192 5847 2254 5900 lli
2294 5862 2483 5903 omnes
2528 5846 2904 5903 causalitatcm
2961 5849 3203 5904 referunt
3234 5847 3298 5902 ad
3348 5847 3583 5912 Patrem,
3634 5861 3759 5900 cum
