4462 6450
735 385 835 450 187

1672 396 2057 459 GREGORH
2098 400 2403 461 MAMM£
2436 401 2550 465 CP.
2580 403 3097 467 PATRIARCUIE

3878 408 4031 475 '188

729 482 839 588 psit
857 522 1189 571 sermonem.
1211 510 1373 581 cujus
1398 514 1733 586 principium
1761 519 1869 575 tale
1891 531 2009 577 est:
2031 520 2184 589 Opus
2206 539 2334 592 pro—
2364 527 2409 585 Δ
2443 524 2491 576 Ἰ

2272 540 2334 580 ο-
2364 527 2409 585 Α
2443 524 2595 578 Ἔδει
2630 528 2733 595 μιν
2781 525 3003 596 άληθῶς
3066 526 3201 600 ημῖν
3249 525 3657 599 οὕρανοδρόμου
3694 524 3792 581 τοῦ
3842 490 4032 597 λόγου,

728 600 892 657 fecto.
942 611 1089 655 esset
1146 603 1310 657 nobis
1385 620 1571 661 sermo
1644 606 1956 676 granditate
2035 616 2328 671 verborum

2443 614 2862 692 ωνεπαρθῆναι
2896 618 2966 672 δι’
3025 617 3197 679 αὐτοῦ
3256 617 3335 688 τῷ
3396 619 3605 693 θεόπτῃ
3638 620 4029 690 προθυμουμι-

727 690 977 759 turgidus
1006 694 1254 761 atquein
1286 698 1534 750 cmlestia
1574 703 1889 769 pervolans,
1922 704 2051 757 dum
2083 707 2336 775 cupimus
2437 722 2489 760 νυ

2272 724 2336 764 ns
2437 690 2551 769 νοις
2572 724 2587 739 ο
2613 710 2673 761 ιν
2695 709 2871 777 τούτῳ
2901 710 3069 779 φησίν
3088 727 3101 741 ·
3147 710 3295 779 ἐγὼ
3314 711 3459 766 seu
3492 690 3601 783 μιν
3618 713 3828 779 ἔξεστιν
3850 704 4032 779 αὐτῷ,

729 798 829 853 per
846 800 971 841 eum
988 802 1095 840 una
1122 802 1247 841 rum
1269 802 1459 846 sancto
1476 792 1567 848 Dei
1591 804 1812 864 aspectu
1831 796 2055 869 dignata
2077 801 2333 856 sublimia

730 888 942 943 petere.
989 880 1053 935 In
1087 882 1190 936 hoc
1224 883 1343 951 ipso
1378 885 1547 955 igitur
1606 893 1771 947 verba
1802 894 1920 948 haec
1952 896 2116 951 habet
2162 915 2176 952 :
2220 895 2334 969 Ego

726 984 859 1022 vero
899 971 1064 1027 licere
1091 976 1316 1042 quidem
1350 978 1475 1045 ipsi,
1547 981 1690 1036 sicut
1753 995 1807 1039 et
1861 987 2150 1043 animabus
2204 1005 2331 1045 san-

724 1069 965 1125 etorum,
1010 1079 1342 1145 quocunque
1374 1069 1631 1136 voluerit,
1661 1090 1757 1141 per
1804 1085 2019 1144 tempus
2049 1092 2172 1133 sese
2194 1095 2331 1133 con-

731 1151 895 1218 ferre,
924 1157 1141 1227 sibique
1167 1162 1348 1215 dicata
1398 1166 1598 1233 templa
1656 1167 1912 1231 invisere,
1941 1184 2104 1239 atque
2133 1170 2200 1225 ad
2231 1187 2329 1229 eos

724 1248 1015 1311 accedere,
1052 1252 1145 1318 qui
1201 1255 1323 1321 ejus
1351 1270 1509 1323 opem
1566 1260 1882 1327 implorant,
1947 1262 2325 1318 necessarium

696 1336 968 1393 arbitror
997 1352 1047 1394 et
1083 1358 1271 1397 rerum
1309 1360 1454 1404 esse:
1491 1363 1597 1400 non
1632 1359 1811 1403 tamen
1840 1361 2135 1421 propterea
2170 1354 2327 1410 dixe-

726 1425 830 1479 rim
867 1430 1065 1485 abesse
1102 1434 1256 1486 illum
1280 1437 1483 1491 acmlis
1528 1446 1583 1490 ct
1630 1440 1965 1498 micantibus
2000 1443 2111 1499 illic
2136 1446 2325 1515 splen-

727 1518 983 1582 duribus,
1020 1534 1261 1578 autcum
1292 1527 1501 1594 angelis
1552 1538 1607 1583 et
1658 1531 1840 1600 ipsum
1900 1538 2325 1592 nou'assistere

729 1611 1002 1677 lloniiuo;
1044 1617 1117 1667 ita
1146 1618 1491 1682 euinilleret,
1527 1633 1583 1674 ut
1610 1623 1822 1677 cmteris
1872 1628 2079 1682 sanctis
2138 1629 2322 1684 minus

730 1704 971 1770 haberet,
1008 1709 1103 1775 qui
1138 1708 1252 1763 fere
1277 1713 1538 1768 omnibus
1596 1715 1793 1780 anteit,
1831 1715 1874 1769 si
1904 1717 2034 1785 quia
2097 1733 2318 1774 carnem

726 1805 924 1857 gestat,
964 1799 1192 1854 orbatus
1217 1811 1364 1857 esset
1426 1818 1617 1857 eorum
1688 1808 1996 1870 consortio,
2056 1819 2109 1861 et
2172 1812 2317 1865 clara

725 1890 821 1944 Dei
856 1893 1071 1948 visione
1096 1910 1210 1947 non
1246 1896 1549 1958 frueretur,
1578 1900 1744 1968 cujus
1798 1902 2075 1970 prmcipue
2101 1901 2320 1957 fruitio-

726 1982 792 2034 ne
820 1999 927 2037 non
958 1988 1138 2040 caruit
1174 2002 1272 2056 per
1310 1997 1485 2042 totum
1543 1991 1667 2043 vitae
1731 1993 2092 2047 curriculum.
2138 1994 2320 2050 Testi-

726 2077 907 2128 monio
937 2078 1069 2131 mihi
1109 2091 1195 2133 εει
1231 2081 1359 2133 illud
1389 2080 1578 2145 etiam,
1634 2084 1780 2150 quod
1818 2084 1871 2138 in
1925 2101 2049 2139 eum
2084 2089 2167 2142 his
2198 2103 2322 2141 ver-

725 2167 807 2221 his
842 2170 1250 2225 cauitEi-clvsia
1281 2192 1293 2226 :
1360 2173 1627 2244 Propheta
1651 2173 1855 2229 Christi
1878 2191 2056 2247 praeco
2086 2187 2140 2233 tu
2173 2195 2319 2233 nun-

725 2274 888 2324 quam
947 2276 977 2313 a
1039 2264 1170 2317 sedc
1231 2266 1537 2334 niajestatis
1581 2266 1921 2336 abjungeris,
1982 2280 2032 2323 et
2088 2270 2319 2338 singulis

720 2354 1124 2419 :rgrotantibus
1153 2371 1372 2426 semper
1400 2360 1555 2426 ades,
1594 2362 1648 2415 in
1686 2362 1919 2415 excelsis
1951 2362 2186 2417 fundens
2219 2380 2317 2433 pro

720 2441 982 2498 oumibus
1012 2460 1224 2513 preces,
1251 2449 1371 2503 orbi
1433 2459 1707 2505 terrarum
1766 2452 2033 2507 beneﬁcia
2092 2456 2313 2519 tribuis,

722 2545 776 2586 vt
812 2537 1293 2609 laudibusnbique
1341 2543 1666 2600 celebraris.
1695 2546 1772 2598 En
1799 2548 1881 2599 vir
1933 2548 2172 2604 eximius
2226 2565 2317 2617 pa-

722 2627 828 2678 lum
858 2640 1155 2699 aperteque
1185 2644 1469 2689 asseverat
1528 2646 1752 2693 sanctos
1803 2638 1910 2694 frui
1943 2640 2091 2695 clara
2115 2641 2207 2697 Dci
2240 2643 2320 2696 vi-

720 2721 1238 2784 sione,etsan¢tum
1272 2726 1443 2780 Elism
1472 2728 1554 2781 vel
1587 2745 1714 2783 cum
1748 2732 1868 2799 ipso
1924 2747 2158 2803 corpore
2214 2734 2318 2789 hu—

714 2812 960 2879 iusmodi
998 2816 1215 2873 visione
1240 2834 1347 2873 non
1368 2820 1552 2877 defici.
1577 2824 1777 2876 Doceat
1800 2839 1935 2893 ergo
1966 2840 2090 2891 nos,
2120 2840 2187 2879 an
2221 2840 2318 2896 pa-

718 2912 901 2961 ratum
934 2922 1165 2977 regnum
1193 2920 1248 2965 et
1281 2926 1484 2967 arcana
1518 2913 1607 2966 illa
1642 2915 1786 2970 bona
1847 2915 2134 2971 diversum
2186 2917 2315 2988 quid

716 3001 878 3054 sinta
907 3000 1056 3055 clara
1094 3001 1188 3056 Dei
1222 3003 1459 3068 visione,
1489 3004 1561 3059 ita
1630 3006 1776 3061 enim
1825 3006 2017 3062 fruilio
2074 3008 2165 3062 illa
2212 3009 2319 3063 erit

717 3093 931 3149 visione
962 3094 1054 3150 Dei
1085 3095 1214 3166 quid
1278 3097 1481 3168 majus.
1535 3100 1608 3153 At
1662 3114 1825 3153 nemo
1872 3109 2192 3156 sanctorum
2247 3104 2313 3155 ad

719 3187 861 3242 hanc
894 3187 1039 3243 diem
1070 3188 1231 3257 dixit,
1267 3201 1392 3246 esse
1414 3208 1420 3214 ’
1442 3192 1748 3261 quidpiam,
1794 3194 1940 3263 quod
1974 3210 2079 3249 una
2104 3195 2317 3251 visione

719 3276 810 3332 1δοί
845 3277 969 3345 plus
995 3276 1247 3335 conferat
1279 3280 1344 3334 ad
1366 3280 1685 3335 fruitionem
1726 3298 1741 3334 :
1782 3281 1926 3339 sicut
1956 3285 2123 3337 etiam
2156 3300 2320 3340 nemo

714 3371 873 3433 dixit,
903 3372 1051 3441 quod
1088 3372 1208 3441 ipse
1231 3374 1457 3440 asserit,
1491 3374 1547 3429 in
1604 3376 1777 3445 hujus
1805 3377 2019 3433 scilicet
2038 3378 2164 3433 vita
2193 3394 2320 3433 cur-

712 3462 887 3517 riculo
925 3462 1203 3532 ejusmodi
1242 3465 1510 3521 visionem
1534 3468 1789 3523 concedi.
1828 3468 2009 3535 Quod-
2039 3484 2169 3523 vero
2192 3485 2321 3525 sau-

714 3571 746 3610 c
776 3557 790 3608 i
828 3555 995 3611 Deum
1028 3557 1181 3612 clare
1217 3574 1366 3613 nunc
1398 3558 1643 3625 videant,
1670 3571 2048 3630 congruenter
2079 3548 2321 3632 vereque

711 3648 993 3718 afﬁrmat;
1054 3652 1221 3709 habet
1267 3652 1414 3708 enim
1465 3652 1632 3724 hujus
1696 3655 1774 3709 rei
1842 3664 2008 3711 testes
2065 3666 2119 3711 et
2147 3657 2317 3717 alios.

711 3742 911 3814 nempe
947 3754 1196 3807 sanctos,
1254 3746 1401 3801 inter
1432 3762 1576 3815 quos
1636 3745 1857 3802 Patrem
1924 3748 2320 3819 doctoremque

707 3832 978 3892 Joannem
1012 3828 1502 3909 Chrysostomitm,
1534 3822 1635 3909 qui
1669 3839 1723 3895 in
1748 3838 1844 3894 illo
1906 3855 2189 3908 sermone,
2218 3858 2320 3897 cu-

703 3928 797 3999 jus
852 3930 1146 4000 inscriptio
1202 3941 1288 3986 est
1335 3948 1349 3985 :
1413 3930 1571 3997 Quod
1627 3941 1937 4002 peccatores
1992 3933 2316 4003 deplorandi

706 4025 839 4085 sint,
894 4024 1135 4094 quodque
1182 4026 1570 4079 dormientibus
1621 4042 1873 4095 magnam
1911 4027 2146 4095 aferant
2210 4032 2321 4084 uti-

711 4117 916 4170 litatem
951 4116 1226 4184 sacriﬁcia
1254 4134 1351 4184 pro
1384 4118 1493 4171 illis
1532 4119 1717 4173 oblata
1748 4134 1767 4172 :
1794 4119 2015 4174 initium
2047 4136 2178 4176 vero
2202 4138 2320 4177 ser-

709 4208 891 4263 monis
937 4208 1087 4265 tale:
1156 4206 1329 4275 Mors,
1384 4213 1611 4275 fratres,
1675 4225 1765 4265 res
1826 4219 1915 4268 est
1970 4211 2312 4280 indifferens,

706 4301 1081 4365 Gaudeamus.
1113 4300 1319 4372 inquit,
1347 4312 1573 4371 propter
1619 4302 1803 4372 justos
1846 4318 1956 4360 non
2016 4305 2195 4360 solum
2223 4321 2317 4361 su-

710 4386 993 4464 perstites,
1012 4392 1105 4449 sed
1134 4392 1300 4447 etiam
1322 4394 1432 4449 vita
1450 4394 1695 4453 functos.
1719 4395 1797 4449 Illi
1821 4395 1950 4452 dum
1971 4394 2151 4450 adhuc
2176 4394 2319 4453 hanc

712 4488 888 4542 lucem
910 4488 1211 4558 aspiciunt,
1238 4488 1542 4544 miserandi
1582 4489 1843 4543 omnibus
1869 4498 2022 4553 sunt,
2052 4490 2314 4559 quoniam

2437 798 2696 869 καθάπερ
2719 800 2811 854 καὶ
2836 802 2953 864 ταῖς
2979 802 3091 855 τῶν
3120 802 3295 870 ἁγίων
3322 802 3546 873 ψυχαῖς,
3577 803 3703 857 ὅποι
3730 802 3861 859 ποτὶ
3894 802 4026 872 βού-

2434 892 2586 945 λεται
2609 893 2750 946 κατά
2770 894 2964 962 καιρὸν
2993 894 3408 963 ιπιχωριάζειν,
3427 897 3577 958 ναοῖς
3594 913 3654 948 τε
3680 894 3904 956 οίκείοις
3924 894 4027 960 ἰμ-

2434 984 2786 1054 φιλυχωρεῖν,
2818 986 2916 1039 καὶ
2952 987 3066 1047 τοῖς
3092 986 3352 1045 ἑκάστοτε
3393 986 3670 1056 δεομέναις
3706 986 4019 1054 ἐπιφοιτᾷν,

2432 1075 2735 1144 ἀναγκαῖόν
2768 1094 2826 1131 τε
2858 1078 3104 1148 ἡγοῦμαι
3134 1078 3231 1133 καὶ
3258 1078 3463 1148 ἀληθὲς
3495 1074 3669 1131 εἶναι’
3703 1077 3765 1130 οὐ
3798 1075 3908 1146 μὴν
3935 1076 4027 1129 διά

2430 1165 2605 1219 ταῦτα
2632 1167 2802 1237 φαίην
2837 1169 2906 1222 ἂν
2935 1168 3106 1231 αὑτὸν.
3139 1168 3251 1223 τῶν
3302 1166 3551 1239 οὐρανῶν
3602 1164 4023 1230 ἀπολείπεσθαι,

2432 1257 2530 1309 καὶ
2564 1258 2666 1327 τῆς
2705 1260 2887 1313 dissim
2917 1259 3371 1331 λαμπροφορίας,
3417 1260 3514 1313 καὶ
3549 1259 3687 1330 μετά
3713 1259 3823 1311 τῶν
3849 1258 4022 1325 ἀγγέ-

2428 1347 2538 1399 λων
2596 1349 2929 1420 δεσποτικῆς
2987 1346 3488 1421 παραστάσεωςοῆ
3526 1350 3636 1421 γάρ
3671 1350 3740 1404 ἀν
3797 1347 4023 1401 ἔλαττον

2427 1438 2541 1514 εἷχε
2589 1442 2701 1495 τῶν
2732 1442 2911 1497 ἄλλων
2938 1443 3111 1512 ἁγίων
3136 1446 3165 1497 ὁ
3188 1444 3331 1512 ὑπὲρ
3370 1443 3583 1506 πάντας
3635 1440 3848 1512 σχεδὸν,
3882 1440 3936 1494 εῖ
3956 1456 4021 1505 γε

2426 1532 2512 1585 διά
2544 1532 2604 1584 τὸ
2626 1532 2727 1602 τὴν
2748 1531 2928 1601 σάρκα
2958 1534 3147 1602 φορεῖν
3171 1531 3501 1602 ἀφειστήκει
3535 1533 3637 1601 τῆς
3682 1529 3800 1600 μετ’
3837 1529 4021 1582 αὐτῶν

2426 1623 2713 1685 κοινωνίας
2735 1625 2831 1676 καὶ
2850 1624 2953 1692 τῆς
2974 1624 3070 1677 τοῦ
3094 1623 3233 1677 Θεοῦ
3259 1622 3398 1693 πρὸς
3429 1622 3726 1696 πρόσωπον
3756 1621 4017 1691 θεωρίας.

2423 1710 2492 1784 ἧς
2522 1714 2618 1767 καὶ
2653 1714 2807 1784 παρά
2839 1715 3017 1768 πάντα
3044 1714 3139 1767 τὸν
3169 1713 3286 1784 βίον
3364 1712 3665 1780 ἐξαιρέτως
3702 1710 4015 1778 άπήλαυσε.

2424 1807 2715 1876 Μαρτυρεῖ
2761 1822 2854 1875 μοι
2884 1805 2962 1875 τῷ
3009 1805 3153 1875 λόγῳ
3187 1803 3282 1858 καὶ
3312 1804 3373 1858 τὺ
3426 1806 3507 1865 είς
3545 1802 3708 1855 αὑτδν
3739 1801 3891 1872 παρὰ
3918 1802 4021 1871 τῆς

2357 1866 2399 1921 Β
2439 1866 2773 1964 Ἐκκλησίας
2810 1866 3285 1966 ᾀδόμενον-οὕτως
3321 1892 3482 1963 ἔχον⁶
3519 1892 3781 1961 Προφῆτα
3821 1866 4020 1959 ’κῆρυξ

2431 1985 2671 2059 Χριστοῦ
2725 1986 2822 2039 τοῦ
2885 1986 3079 2055 θρόνου
3130 1984 3232 2054 τῆς
3298 1981 3701 2053 μεγαλωσύνης
3758 1980 4019 2033 οὐδέποτε

2428 2076 2660 2147 χωρίζῃ,
2714 2078 2803 2128 καί
2862 2076 3079 2145 ἑκάστῳ
3130 2072 3449 2126 ἀσθενοῦντι
3510 2072 3597 2124 ἀεὶ
3654 2072 4019 2138 παρίστασαι,

2429 2170 2487 2221 ἐν
2505 2170 2620 2232 τοῖς
2638 2168 2888 2237 ὑψίστοις
2918 2166 3255 2236 λειτουργῶν
3277 2166 3376 2237 τὴν
3408 2164 3744 2233 οἰκουμένην
3770 2162 4017 2229 εὐλογεῖς

2430 2258 2710 2330 πανταχοῦ
2747 2260 3138 2331 δοξαζόμενος.
3178 2260 3313 2315 Ἰδοὺ
3356 2257 3628 2329 λαμπρῶς
3668 2258 3763 2310 καὶ
3798 2272 4015 2325 προφα-

2429 2356 2800 2424 νῶςότίμιος
2873 2349 3029 2419 οὗτος
3056 2357 3157 2426 τῆς
3214 2354 3352 2423 πρὸς
3426 2355 3720 2416 πρόσωπον
3779 2349 4018 2418 θεωρίας

2425 2447 2519 2501 τοῦ
2562 2448 2699 2501 Θεοῦ
2750 2449 2879 2511 τοὺς
2930 2449 3121 2516 ἁγίους
3151 2446 3447 2501 ἀπολαύειν
3468 2442 3887 2515 διισχυρίζεται,
3925 2440 4021 2494 καὶ

2426 2539 2520 2593 τὸν
2546 2540 2706 2608 ἅγιον
2738 2542 2928 2595 Ἠλίαν
2949 2539 3044 2594 καὶ
3066 2540 3211 2610 μετά
3225 2540 3322 2594 τοῦ
3352 2540 3601 2609 σώματος
3635 2538 3737 2609 τῆς
3757 2538 4018 2605 τοιαύτης

2425 2634 2710 2699 ἀξιοῦσθαι
2762 2634 3003 2705 θεωρίας
3072 2635 3295 2702 φάσκει.
3365 2634 3427 2685 El
3476 2631 3570 2685 οῦν
3609 2633 3739 2685 ἄλλο
3782 2633 3836 2683 τί
3868 2633 4019 2684 ἐστιν

2427 2725 2462 2795 ἡ
2496 2726 2881 2795 ἡτοιμασμένη
2917 2722 3168 2793 βασιλεία
3228 2722 3325 2775 καὶ
3376 2722 3443 2774 τά
3490 2723 3785 2792 άπόρῤητα
3837 2717 4018 2785 ἀγαθά

2426 2817 2475 2867 εί
2508 2815 2583 2885 μὴ
2606 2817 2639 2884 ἡ
2677 2815 2771 2868 τοῦ
2800 2814 2939 2868 Θεοῦ
2978 2814 3185 2883 θεωρία
3221 2815 3253 2884 ἡ
3289 2814 3586 2883 πρόσωπον
3626 2812 3764 2881 πρδς
3795 2809 4018 2881 πρόσω-

2426 2926 2553 2975 πον,
2587 2908 2949 2982 ἐμφανισάτω
2981 2909 3116 2978 ἡμῖν
3141 2924 3155 2939 ο
3186 2906 3363 2961 ,ἔσται
3404 2906 3511 2975 γὰρ
3571 2907 3754 2976 ἐκείνη
3812 2903 4017 2972 μείζων

2424 3003 2527 3072 τῆς
2560 3002 2798 3070 θεωρίας
2830 3000 2998 3055 αὑτοῦ
3032 2998 3125 3053 τοῦ
3162 2998 3296 3053 Θεοῦ
3320 3000 3364 3069 αὴ
3399 2999 3721 3060 ἀπόλαυσις.
3754 2996 3901 3050 Ἀλλ’
3928 2996 4017 3049 οὐ-

2424 3094 2539 3157 δεὶς
2575 3093 2684 3145 τῶν
2719 3092 2896 3161 ἀγίων
2931 3091 3098 3162 μέχρι
3150 3090 3257 3144 ita?
3294 3090 3539 3160 τήμερον
3590 3088 3739 3142 τοῦτ’
3767 3087 4015 3158 εἴρηκεν,

2426 3187 2510 3239 ὅτι
2543 3184 2662 3238 εστι
2694 3202 2747 3238 τι
2781 3185 2969 3255 μεῖζον
3004 3186 3087 3248 εἰς
3119 3182 3449 3247 ἀπόλαυσιν,
3488 3181 3534 3234 εἰ
3570 3182 3647 3251 μὴ
3681 3181 3823 3249 μόνη
3854 3178 4018 3247 ή.τοῦ

2424 3278 2561 3333 Θεοῦ
2596 3279 2825 3349 θεωρία.
2858 3278 3027 3333 Ἀλλά
3060 3280 3158 3333 καὶ
3192 3277 3253 3330 τὸ
3305 3276 3460 3346 παρά
3513 3273 3707 3329 τοῦτον
3757 3273 3851 3327 τὸν
3901 3271 4018 3345 βίον

2425 3373 2688 3442 τοιαύτης
2723 3371 3014 3437 ἀξιοῦσθαι
3049 3372 3317 3442 θεωρίας,
3350 3371 3428 3433 ὡς
3472 3370 3639 3433 αὑτός
3693 3387 3881 3445 φησιν,
3930 3371 4023 3423 οὐ-

2422 3466 2532 3529 δεὶς
2556 3468 2749 3536 εἴρηκε
2769 3479 2782 3493 ’
2817 3465 2878 3519 τὸ
2916 3465 2976 3519 δι
3007 3465 3307 3533 πρόσωπον
3352 3463 3491 3534 πρὸς
3522 3462 3819 3533 πρόσωπον
3877 3462 4015 3533 όρᾷν

2422 3561 2552 3623 τοὺς
2587 3557 2778 3625 ἁγίους
2812 3558 2912 3612 νῦν
2938 3560 3031 3611 τὸν
3058 3558 3191 3611 Θεὸν
3227 3556 3413 3618 καλῶς
3437 3557 3535 3609 καὶ
3563 3555 3785 3625 άληθῶς
3833 3555 3982 3625 λέγει
4001 3571 4018 3588 ο

2420 3636 2684 3725 ἔχει’γάρ
2738 3652 2833 3707 καὶ
2885 3652 3080 3716 ἄλλους
3142 3653 3250 3705 τῶν
3298 3650 3474 3717 άγίων
3526 3648 3789 3717 λόγοντας
3843 3647 4022 3713 τοῦτο,

2421 3747 2560 3803 ἀλλὰ
2587 3748 2683 3803 καὶ
2717 3749 2809 3802 τὸν
2848 3747 3070 3819 Πατέρα
3102 3748 3200 3801 καὶ
3254 3745 3582 3800 διδάσκαλον
3631 3744 3888 3813 Ἰωάννην
3931 3741 4024 3795 τδν

2423 3841 2661 3914 χρυσοῦν
2700 3841 2800 3913 τὴν
2835 3840 3126 3911 γλῶττανο
3181 3840 3320 3909 φησὶ
3349 3837 3462 3908 γὰρ
3499 3838 3560 3893 ιν
3615 3837 3693 3906 τῷ
3742 3836 3911 3906 λόγῳ,
3960 3828 4025 3890 οὖ

2422 3937 2455 4005 ἡ
2474 3935 2781 4005 δπιγραφή·
2804 3933 2935 3988 Ὀει
2962 3932 3107 4000 τοὺς
3126 3930 3521 4002 ἁμαρτωλοὺς
3547 3930 3644 3985 δεῖ
3662 3929 3908 3999 θρηνεῖν
3924 3929 4023 3985 καί

2422 4028 2512 4081 ὅτι
2546 4026 2823 4097 μεγάλως
2865 4024 3175 4094 ὠφελοῦσι
3212 4024 3359 4093 τοὺς
3402 4023 3886 4091 summaalch
3953 4024 4017 4075 al

2422 4121 2579 4191 ὑπὲρ
2627 4118 2833 4175 αὐτῶν
2884 4119 3253 4188 λειτουργίαι
3280 4134 3296 4150 ·
3327 4118 3363 4189 ἡ
3406 4117 3465 4172 δι
3509 4115 3656 4188 ἀρχὴ
3691 4116 3788 4171 τοῦ
3819 4116 3982 4183 λόγου
4007 4130 4023 4145 ·

2420 4214 2687 4278 Θάνατνις.
2734 4213 2975 4283 ἀδελφοὶ,
2998 4210 3109 4266 τῶν
3130 4210 3452 4283 ἀδιαφόρων
3471 4210 3621 4263 ἔστί·
3646 4209 3945 4279 Χαίρωμεν
3968 4206 4027 4261 δὲ

2422 4305 2519 4357 issi
2549 4307 2666 4366 τοῖς
2699 4291 2938 4367 δικαίοις
2973 4302 3050 4374 μὴ
3092 4302 3231 4367 ζῶσι
3281 4302 3468 4372 μόνον,
3498 4300 3637 4356 ἀλλά
3691 4300 3785 4354 καὶ
3868 4315 4026 4352 τετερ

2422 4399 2771 4469 λευτηκόσιν.
2830 4396 3068 4450 Ἐκεῖνοι
3128 4395 3228 4449 καὶ
3290 4392 3534 4449 ἐνταῦθα
3587 4393 3747 4456 ὄντες
3798 4392 4027 4447 ἐλεεινοί.

2423 4493 2590 4548 πᾶσίν
2621 4493 2785 4555 είσιν,
2831 4481 3021 4557 ἔπειδῆ
3054 4488 3503 4559 προσκρούουσιν
3526 4503 3539 4518 ·
3588 4485 3736 4539 οὗτοι
3764 4485 3859 4538 καὶ
3896 4486 4018 4537 ἐκεῖ

705 4579 1021 4648 offendunt,
1056 4580 1109 4635 hi
1132 4596 1263 4636 vero
1287 4582 1376 4635 ubi
1406 4580 1570 4635 etiam
1593 4582 1724 4642 illuc
1770 4582 2154 4653 migraverint,
2182 4582 2307 4637 bca-
2339 4588 2393 4649 ι)
2424 4605 2467 4655 μ

2259 4598 2307 4636 a-
2339 4588 2393 4649 D
2424 4587 2798 4655 μεταστάντες
2835 4583 3121 4652 μακάριοι,
3181 4583 3268 4634 ὅτι
3303 4580 3445 4652 πρὸς
3479 4579 3719 4651 Χριστὸν
3749 4578 4021 4648 ἀπῆλθον·

708 4674 744 4724 li
796 4682 951 4734 sunt,
984 4673 1251 4743 quoniam
1293 4673 1590 4728 evolarunt
1641 4673 1707 4726 ad
1763 4673 2077 4729 Christum.
2110 4674 2311 4729 Pecca-

708 4779 855 4821 tores
888 4766 1206 4837 ubicunque
1235 4767 1467 4831 fuerint,
1523 4768 1717 4838 procul
1781 4782 1809 4821 a
1866 4784 1993 4837 rege
2047 4781 2197 4835 sum,
2260 4778 2315 4825 et

706 4872 992 4929 psrnptcrea
1029 4860 1268 4915 deflendi
1290 4878 1305 4927 ;
1330 4860 1464 4930 justi
1496 4872 1680 4916 autem
1705 4861 1820 4917 sive
1844 4862 1958 4926 hic,
1986 4862 2103 4916 sive
2131 4863 2203 4916 ibi
2238 4864 2316 4917 vi-

705 4965 813 5007 tam
835 4965 1022 5027 agant,
1043 4971 1168 5009 cum
1190 4970 1317 5023 rege
1332 4962 1494 5011 sunt:
1519 4965 1684 5025 atque
1717 4955 1790 5009 ibi
1818 4956 2046 5026 prapius
2083 4954 2316 5025 conjun-

702 5052 981 5119 ctiusque,
1019 5065 1127 5105 non
1154 5065 1249 5119 per
1278 5050 1592 5119 speculum,
1627 5065 1738 5103 non
1769 5065 1864 5117 per
1895 5048 2079 5115 fidem,
2106 5051 2201 5105 sed
2227 5065 2320 5103 co-

703 5145 1017 5213 rainjpsum
1038 5143 1336 5198 intuentes.
1364 5141 1431 5197 Et
1449 5142 1751 5213 Gregorius
1766 5141 2149 5197 Nazianzenus
2174 5143 2242 5197 ad
2262 5142 2323 5197 ft-

705 5254 827 5291 ncm
847 5236 1122 5294 sermonis
1152 5238 1204 5292 in
1232 5235 1859 5309 sauctumCyprianum,
1902 5236 1966 5291 Et
1990 5237 2321 5303 radiantem,

710 5332 910 5401 inquit,
939 5331 1210 5402 fulgorem
1246 5344 1454 5387 saneta
1493 5330 1806 5395 Trinitatis,
1833 5331 1923 5400 cui
1965 5346 2113 5386 nunc
2145 5341 2321 5385 astas.

706 5427 854 5481 Idem
889 5426 1069 5481 fusius
1098 5426 1167 5481 de
1207 5427 1312 5481 hac
1343 5427 1459 5497 ipsa
1493 5443 1550 5482 re
1582 5428 1636 5480 in
1704 5425 1922 5479 funebri
1976 5425 2226 5480 oratione
2266 5426 2317 5478 in

707 5520 979 5574 sororem.
1004 5519 1074 5575 At
1096 5520 1229 5591 quid
1248 5534 1389 5590 opus
1414 5531 1500 5577 est
1518 5518 1718 5574 afferre
1739 5519 1911 5571 multa
1958 5518 2275 5573 testimonia
2302 5516 2322 5569 ἲ

710 5614 849 5670 Nam
893 5615 947 5668 in
977 5624 1243 5679 tractatu,
1276 5631 1443 5685 quem
1471 5614 1539 5671 de
1594 5613 1698 5668 hac
1751 5612 1981 5669 materia
2020 5609 2317 5677 edidimus,

712 5710 998 5782 CUpiOSlUS
1052 5710 1504 5782 esplicatiusque
1584 5706 2315 5778 disseruimus,apologium

789 5893 900 5963 (ει)
940 5893 1393 5966 ῦρςςιῦπᾶρχιις
1429 5903 1521 5949 aut
1565 5889 1697 5963 quid
1750 5864 1949 5946 suum.

2415 4680 2481 4734 Οί
2549 4677 2868 4749 ἁμαρτωλοὶ⁵
2929 4676 3065 4730 ὅπου
3117 4675 3185 4731 ἂν
3236 4666 3343 4728 ὦσι
3375 4673 3571 4744 πόρῤω
3608 4671 3704 4724 τοῦ
3758 4669 4027 4740 βασιλέως

2417 4774 2551 4836 εἰσὶ,
2584 4773 2674 4826 διὰ
2722 4771 2880 4828 τοῦτο
2928 4770 3025 4822 καὶ
3080 4768 3340 4838 δακρύων
3375 4764 3557 4831 ἄξιοι·
3598 4766 3648 4825 oi
3702 4764 3763 4818 δὲ
3803 4765 4013 4829 δίκαιοι

2419 4870 2484 4924 ἄν
2514 4885 2574 4921 τε
2613 4864 2870 4930 ἐνταῦθα,
2900 4862 2966 4915 ἀν
2998 4879 3058 4915 τε
3096 4861 3237 4927 ἐκεῖ,
3273 4858 3417 4930 μετά
3448 4856 3545 4912 τοῦ
3578 4856 3852 4928 βασιλέως
3886 4860 4020 4923 είσὶ,

2420 4962 2583 5016 κάκεῖ
2621 4959 2825 5029 μᾶλλον
2856 4957 2953 5010 καὶ⁵
2983 4956 3311 5025 ὶγγῦτερον,
3365 4951 3428 5013 οῦ
3490 4950 3580 5004 διά
3616 4950 3917 5021 ἐσόπτρου,
3946 4952 4024 5005 οὐ

2423 5052 2513 5105 διὰ
2539 5054 2767 5114 πίστως.
2806 5048 2946 5103 ἀλλὰ
2991 5047 3287 5123 πρόσωπον
3336 5045 3475 5114 πρ’›ς
3527 5042 3851 5115 πρόσωπον.
3912 5042 4025 5097 Καὶ

2429 5145 2739 5217 ι’ρηγόριος
2771 5143 2827 5206 δὲ
2854 5144 2884 5196 ό
2908 5139 3179 5209 Θεολόγος
3220 5141 3280 5193 ἐν
3312 5136 3389 5208 τῷ
3420 5136 3570 5189 τέλει
3596 5133 3693 5189 τοῦ
3723 5135 3885 5202 λόγου
3930 5133 4026 5191 τοῦ

2424 5244 2503 5305 εἰς
2536 5240 2627 5293 τὸν
2655 5240 2813 5307 ἆγιον
2846 5235 3173 5305 Κυπριανόν
3222 5245 3384 5302 φησι·
3430 5230 3543 5293 Καὶ
3570 5228 3685 5300 τῆν’
3718 5227 3817 5299 τῆς
3840 5228 4026 5299 ’άγίας

2425 5335 2659 5405 Τριάδος
2711 5332 3007 5404 ἐλλαμψιν,
3068 5324 3136 5405 ἧς
3196 5328 3292 5383 νῦν
3322 5326 3689 5397 παραστάτης
3732 5322 3889 5395 (λη’
3946 5322 4025 5376 εει

2429 5422 2829 5491 πλατύτερονό
2860 5420 3022 5483 αὐτὸς
3086 5418 3219 5488 περὶ
3286 5416 3482 5469 τούτου
3535 5416 3595 5466 ὲν
3658 5412 3739 5484 τῷ
3796 5414 3877 5477 είς
3924 5409 4027 5481 τὴν

2429 5516 2675 5586 ἀδελφὴν
2705 5513 3009 5584 ἐπιταφίῳ.
3048 5511 3161 5567 Καὶ
3190 5509 3243 5563 τί
3265 5510 3350 5563 δεῖ
3382 5505 3860 5573 πολλὰςιείσὰγειν
3888 5518 4027 5574 μαρ-

2428 5610 2621 5680 τυρίας
2649 5627 2662 5675 ;
2688 5608 2790 5662 ’Ἑν
2837 5608 2945 5679 γὰρ
2985 5606 3051 5677 τῇ
3084 5604 3215 5674 περὶ
3250 5601 3444 5655 τούτου
3483 5595 3844 5671 πραγματείᾳ
3892 5594 4031 5647 πλα-

2431 5704 2659 5775 τύτερον
2692 5702 2921 5773 είπομεν
2956 5701 3049 5754 καὶ
3085 5694 3443 5767 σαφέστερον,
3494 5686 4030 5760 ὑπεραπολογούμε-
