4462 6450
773 425 864 488 illi

1682 428 2063 490 GREGORII
2105 425 2409 487 ΜΛΜῦίῶ
2455 425 2564 486 CP.
2602 426 3113 488 PATRIABCH/E

3935 431 4027 497 ιιη

771 539 1024 611 quosdam
1059 535 1121 587 ³⁷.
1161 537 1322 606 Atqui
1351 537 1492 606 ignis
1521 538 1612 592 ille
1640 547 1880 594 :eternus
1916 541 2189 594 neminem
2214 553 2340 607 pur-
2371 537 2415 595 Α
2445 538 2531 590 El'

2264 553 2340 590 π-
2371 537 2415 595 Α
2445 538 2634 590 Εἱόὒν
2668 540 2718 591 οί
2762 540 3174 609 ἁμαρτάνοντες
3213 539 3320 593 ἀπὸ
3360 539 3529 610 μόνης
3581 539 4026 612 ἐξομολογήσεως

774 630 941 696 gabit,
989 628 1189 681 nullius
1221 630 1460 683 maculas
1495 630 1784 700 absterget.
1811 630 1966 696 Quod
1999 631 2042 685 si
2091 639 2344 699 peccato-

775 721 928 774 ribus
954 721 1017 772 ad
1053 720 1212 773 ﬁnem
1249 719 1369 772 vitae
1399 735 1493 787 per
1520 723 1688 773 solam
1723 721 2126 774 confessionem
2185 736 2344 789 pcena

773 813 954 864 omnis
979 814 1298 875 remittitur,
1331 813 1603 879 superﬂua
1655 822 1802 866 certe
1859 823 2043 876 erunt,
2090 828 2350 881 quzecun-

776 923 883 973 que
909 923 1000 958 seu
1036 916 1287 958 manente
1321 910 1369 957 in
1405 908 1531 964 v'ta,
1586 920 1675 959 seu
1734 905 1994 958 defuncto
2053 907 2350 975 panitente

779 998 1118 1051 observanda
1150 998 1336 1050 statuit
1373 997 1608 1050 Ecclesia
1641 1013 1737 1062 pro
1767 999 1902 1050 vivis
1951 1007 2112 1066 atque
2154 997 2352 1050 defun-

774 1093 903 1140 ctis.
946 1088 1079 1141 Illud
1115 1098 1366 1155 praeterea
1389 1096 1717 1150 eertumest,
1746 1098 2059 1154 peccatores
2093 1089 2211 1140 sine
2237 1103 2350 1154 μω·-

785 1181 1010 1232 nilentia
1046 1179 1375 1230 dccctlcnlcs
1408 1177 1472 1230 ad
1509 1187 1709 1231 aeterna
1761 1179 1998 1248 migrare
2041 1178 2348 1247 supplicia:

782 1287 906 1323 nam
952 1282 1172 1323 Sanctus
1204 1269 1470 1322 Maximus
1506 1269 1860 1324 Cubiculario
1876 1271 2128 1324 scribens
2149 1271 2226 1324 sic
2243 1271 2354 1322 ait:

779 1364 914 1426 Quis
937 1364 1038 1414 mei
1074 1363 1354 1422 similium,
1384 1363 1757 1424 dilectissime,
1786 1373 2132 1431 peccatorum
2185 1362 2361 1415 sordi—

787 1457 888 1505 bus
923 1456 1158 1519 pollutus
1191 1470 1294 1506 non
1329 1465 1518 1522 paveat
1549 1464 1862 1508 sanctorum
1884 1456 2198 1523 angelorum
2225 1470 2352 1523 prm-

782 1547 1040 1604 smtiam,
1067 1563 1090 1596 a
1112 1546 1313 1612 quibus
1345 1562 1407 1598 ex
1438 1549 1537 1599 bac
1567 1548 1672 1598 vita
1695 1545 1849 1610 jussu
1883 1545 1972 1599 Dei
1992 1547 2360 1606 discessurus,

788 1638 834 1688 vi
861 1649 912 1687 et
964 1638 1276 1688 iraruudee
1329 1652 1564 1702 corpore
1628 1638 1710 1689 vel
1766 1639 1968 1690 invitus
2016 1638 2366 1690 extruditur?

783 1728 918 1792 Quis
948 1729 1047 1779 sibi
1083 1731 1334 1781 conscius
1370 1730 1636 1781 scelerum
1687 1745 1794 1781 non
1847 1730 2164 1782 reformidet
2227 1730 2366 1782 fero-

785 1820 1067 1872 cissimum
1098 1829 1148 1871 et
1187 1820 1544 1872 inhumanum
1579 1821 1866 1888 imp’oruin
1917 1821 2225 1873 daemonum
2276 1835 2368 1873 oc-

788 1927 1030 1968 cursum.
1059 1927 1180 1964 cum
1211 1928 1395 1964 eorum
1426 1915 1802 1980 unusquisque
1837 1929 1930 1981 per
1959 1913 2102 1966 aeris
2135 1913 2368 1980 spatium

792 2005 1046 2054 misl'ram
1073 2004 1308 2054 animam
1344 2013 1464 2070 post
1490 2020 1772 2070 egressum
1828 2005 1893 2055 ad
1949 2019 2069 2058 sese
2130 2004 2373 2058 tenacis-

793 2097 927 2146 sime
962 2095 1336 2160 ιὶιιιιιΩΙιέη,ει
1372 2095 1460 2147 illa
1515 2095 1821 2147 manifestis
1878 2097 2124 2147 convicta
2183 2096 2372 2148 crimi-

792 2186 952 2236 nibus
990 2202 1138 2250 spem
1177 2201 1393 2237 omnem
1452 2186 1795 2251 acquireudre
1859 2187 2211 2240 beatitudinis
2272 2187 2374 2237 uii-

795 2279 1102 2328 serabiliter
1129 2277 1351 2344 abjiciat
1379 2277 1401 2327 ?
1429 2277 1500 2327 Ita
1541 2289 1662 2345 post
1723 2277 1957 2330 babitam
2021 2278 2074 2329 in
2134 2293 2258 2330 aere
2282 2293 2376 2346 per

798 2370 895 2432 spii
915 2368 1097 2420 ilttalia
1126 2367 1380 2435 nequitim
1403 2369 1783 2436 qumstiouem,
1810 2369 2146 2438 rationisque
2171 2385 2375 2438 suppu-

796 2461 1080 2518 tationem.
1116 2461 1366 2528 sequitur
1405 2461 1760 2527 praecipitatio
1792 2461 1856 2514 ad
1894 2462 2099 2516 inferos
2127 2471 2182 2515 et
2218 2463 2373 2514 inco-

796 2553 940 2604 latus
970 2571 981 2605 :
1009 2553 1097 2604 ubi
1126 2554 1466 2606 densissima:
1495 2553 1731 2606 tenebrte
1757 2561 1809 2606 et
1835 2554 2162 2608 altissimum
2214 2555 2380 2610 silen-

802 2645 932 2695 tium
969 2660 983 2705 ;
1018 2644 1105 2694 ubi
1140 2644 1522 2696 damnatorum
1563 2645 1760 2696 animae
1808 2659 1906 2712 pro
1965 2644 2225 2696 alimento
2284 2644 2380 2696 ba-

799 2738 926 2788 bcnt
959 2737 1337 2789 acerbissimos
1360 2735 1614 2805 gemitus,
1669 2746 1722 2789 et
1776 2736 2156 2789 amarissimas
2207 2739 2380 2805 lacry-

803 2842 941 2890 tuas,
1005 2835 1058 2878 et
1120 2841 1405 2880 maerorem
1472 2827 1524 2879 in
1575 2826 1948 2894 perditissimo
2003 2835 2147 2880 statu
2183 2844 2196 2878 :
2231 2827 2378 2879 omni

805 2932 1044 2986 tempore.
1072 2919 1203 2972 nibil
1234 2918 1381 2972 aliud
1414 2921 1810 2987 praetolantes,
1841 2933 2004 2987 quam
2043 2933 2198 2985 tequo
2243 2917 2384 2986 judi-

803 3013 887 3063 cio
920 3011 1192 3062 ferendum
1221 3013 1284 3063 de
1313 3010 1520 3064 meritis
1557 3011 1672 3064 suis
1699 3010 2048 3063 sententiam.
2119 3007 2270 3062 Hanc
2320 3009 2385 3060 il-

811 3105 876 3156 lis
917 3111 1228 3170 perpetuam
1261 3103 1534 3154 tristitiam
1562 3117 1624 3154 ac
1657 3101 1902 3156 dolorem
1959 3102 2088 3155 facit
2142 3116 2375 3155 resurre-

2453 633 2512 682 ἐν
2540 630 2618 699 τῷ
2643 630 2791 683 τέλει
2824 632 2919 683 τοῦ
2958 631 3076 701 βίου
3111 632 3549 702 συγχωροῦνται,
3587 634 3824 702 περισσά
3854 634 4030 688 πάντα

2451 723 2551 776 ὅσα
2583 724 2722 793 μετά
2758 723 2992 778 θάνατον
3031 725 3063 794 ἦ
3096 725 3193 777 καλ⁵
3223 724 3427 786 ζῶντος
3455 724 3549 777 τοῦ
3600 723 4033 793 ἐξομολογουμέ-

2454 833 2547 868 νου
2598 818 2630 884 ἡ
2680 816 2980 886 Ἐκκλησία
3038 815 3438 886 νενομοθέτηκε
3499 819 3673 869 ποιεῖν
3730 816 3869 884 ὑπὲρ
3923 817 4031 866 τῶν

2458 907 2680 972 ζώντων
2707 925 2763 960 τε
2791 909 2888 960 καὶ
2916 906 3250 961 τεθνεώτων.
3299 908 3461 960 Ἀλλά
3497 909 3593 962 καὶ
3635 909 3682 960 οί
3725 909 4031 978 ἀμετανοή-

2459 1019 2568 1064 τως
2602 1001 3039 1072 ἀποθνήσκοντες
3082 1002 3399 1073 ἁμαρτωλοὶ
3449 1002 3528 1063 είς
3581 1001 3804 1055 κόλασιν
3855 1003 4033 1069 ἀπέρ-

2464 1108 2670 1159 χονται.
2705 1093 2844 1159 Φησὶ
2875 1091 2985 1160 γὰρ
3031 1093 3058 1144 6
3105 1092 3247 1154 θεῖος
3277 1091 3528 1160 Μάξιμος
3567 1091 3702 1161 πρὸς
3731 1091 4036 1143 Κουΰικου-

2464 1177 2654 1247 λάριον
2697 1179 2944 1246 γράφωνο
2981 1180 3079 1243 Τίς
3133 1181 3262 1249 γάρ,
3313 1179 3593 1249 ἀγαπητέ,
3635 1180 3745 1232 τῶν
3776 1181 3895 1232 κατ’
3937 1181 4036 1248 ἐμὲ

2467 1271 2661 1338 ρύποις
2714 1270 3132 1339 ἁμαρτημάτων
3185 1274 3623 1338 κατεστιγμένος
3679 1272 3740 1324 οὐ
3796 1271 4041 1338 φοϐεῖται

2467 1364 2565 1432 τὴν
2611 1363 2720 1414 τῶν
2765 1363 2939 1428 ἁγίων
2983 1363 3232 1430 ἀγγέλων
3272 1363 3617 1424 ἐπιστασίαν,
3667 1362 3758 1429 ὑφ’
3786 1355 3859 1414 ὧν
3899 1366 4040 1412 κατὰ

2470 1456 2568 1526 τὴν
2601 1455 2752 1508 θείαν
2776 1455 2959 1522 ψῆφον
2983 1455 3081 1522 τῆς
3118 1455 3402 1524 παρούσης
3430 1454 3574 1523 ζωῆς
3604 1453 3664 1506 τὸ
3693 1455 3865 1520 πέρας
3893 1453 4044 1521 δεχὸρ

2477 1563 2637 1614 μενος
2664 1546 2758 1615 βίᾳ
2787 1545 2882 1598 τοῦ
2908 1549 3162 1614 σώματος
3192 1547 3310 1614 μετ’
3335 1545 3506 1614 όργῆς
3533 1545 3815 1609 ἐξωθεῖται
3845 1545 3938 1594 καὶ
3972 1529 4046 1609 μὴ

2478 1638 2833 1707 βουλόμενος;
2873 1638 2970 1699 Τίς
3012 1637 3458 1704 κεκηλιδωμένην
3500 1637 3678 1704 ἐαυτῷ
3717 1636 4044 1687 συνεπιστά-

2479 1747 2643 1799 μενος
2671 1729 2770 1797 τὴν
2798 1730 3128 1796 συνείδησιν,
3161 1729 3221 1780 οὐ
3251 1728 3458 1780 δέδοικε
3490 1729 3589 1796 τὴν
3620 1729 3910 1795 ὠμοτάτην
3941 1727 4046 1778 τῶν

2478 1823 2730 1894 πονηρῶν
2759 1822 3030 1890 δαιμόνων
3059 1822 3149 1874 καὶ
3177 1820 3504 1889 βαρϐαρώδη
3550 1820 3877 1886 ὑπάντησιν,
3922 1820 4051 1870 ἐκά-

2480 1935 2614 1968 στου
2659 1917 2864 1967 τούτων
2901 1916 3041 1966 κατὰ
3087 1915 3180 1964 τὸν
3217 1913 3353 1980 ἀέρα
3388 1913 3524 1980 μετὰ
3579 1913 3679 1980 τὴν
3710 1911 3885 1974 ἔξοδον
3918 1909 4050 1975 πρὸς

2473 2007 2669 2059 ἑαυτὸν
2701 2006 2934 2072 ἀφειδῶς
2977 2006 3074 2071 τὴν
3107 2005 3293 2058 ἀθλίαν
3322 2004 3502 2073 ψυχὴν
3525 2003 3810 2065 ἐλκοντοςε
3849 2002 3940 2054 καὶ
3973 2001 4046 2070 τῷ

2477 2102 2683 2169 ἐλέγχῳ
2719 2101 2829 2150 τῶν
2857 2100 2993 2167 αὐτῇ
3038 2099 3450 2165 πεπραγμένων
3491 2099 3588 2161 τῆς
3642 2099 3732 2149 ἐπὶ
3773 2098 3882 2156 τοῖς
3925 2095 4045 2161 μὲλ-

2475 2191 2665 2242 λουσιν
2696 2189 2922 2255 ἀγαθοῖς
2963 2187 3180 2248 ἐλπίδος
3226 2185 3466 2254 ἐλεεινὴν
3506 2185 3855 2250 ἀπόγνωσιν;
3902 2183 4057 2234 Μετὰ.

2476 2281 2533 2333 δὲ
2565 2280 2665 2348 τὴν
2703 2281 3006 2348 γενομένην
3045 2278 3187 2331 κατά
3227 2277 3317 2328 τὸν
3354 2277 3490 2344 ἀέρα
3529 2274 3663 2344 πρὸς
3702 2274 3771 2326 τά
3812 2291 4060 2341 πνευμα-

2477 2372 2603 2424 τικά
2636 2372 2731 2433 τῆς
2769 2372 3034 2441 πονηρίας
3070 2369 3364 2436 διάγνωσίν
3401 2385 3458 2419 τε
3501 2368 3596 2419 καὶ
3641 2366 3990 2433 λογοθέτησιν
4022 2365 4057 2433 ἡ

2480 2464 2616 2530 πρδς
2646 2465 2737 2515 τὸν
2764 2464 2899 2534 ᾅδην
2935 2462 3289 2522 κατάπτωσις
3321 2459 3632 2527 διαδέχεται.
3668 2458 3761 2509 καὶ
3794 2456 4061 2524 παροίκη-

2483 2576 2586 2618 σις⁸
2625 2559 2684 2608 ὲν
2713 2549 2757 2623 ᾧ
2788 2558 2978 2608 σκότος
3027 2554 3161 2623 βαθὺ
3195 2553 3292 2604 καὶ
3337 2550 3611 2620 βαθυτάτη
3659 2550 3811 2617 σιγή·
3852 2547 4060 2616 τροφὴν

2481 2649 2702 2718 ἔχουσαι
2750 2647 2807 2699 αἱ
2868 2648 3046 2698 ἐκεῖσε
3106 2642 3648 2710 καταδεδικασμέναι
3703 2640 3874 2709 ψυχαὶ
3931 2640 4058 2692 τοῦς

2481 2739 2848 2807 δριμυτάτους
2880 2737 3244 2801 στεναγμοὺς,
3269 2735 3363 2785 καὶ
3387 2733 3454 2786 τὰ
3488 2733 3796 2800 πικρότατα
3825 2729 4070 2798 δάκρυα,·

2483 2832 2576 2883 καὶ
2608 2831 2705 2897 τὴν
2737 2829 2828 2880 ἐπὶ
2861 2830 2973 2890 τοῖς
2998 2828 3186 2886 δεινοῖς
3223 2827 3551 2892 κατήφειανο
3591 2823 3948 2891 ἐκδεχόμεναι
3975 2821 4063 2872 διὰ

2485 2921 2688 2982 παντδς
2717 2920 2868 2971 οὐδὲν
2900 2919 3028 2972 ἀλλο
3064 2919 3096 2986 ἢ
3139 2917 3308 2985 μόνην
3333 2918 3433 2984 τὴν
3462 2915 3554 2965 ἐπὶ
3581 2917 3644 2982 τῇ
3673 2913 3860 2983 δικαίᾳ
3898 2912 4064 2981 ψήφῳ

2483 3011 2703 3065 δικαίαν
2737 3010 3115 3062 ἀνταπόδοσιν.
3153 3008 3371 3075 Ταὸτην
3403 3007 3495 3060 οῦν
3531 3007 3850 3075 συνίστησιν
3884 3005 4067 3065 αὐτοῖς

2486 3106 2583 3173 τὴν
2622 3106 2904 3158 ἄπαυστον
2932 3103 3109 3166 λύπην
3145 3105 3240 3156 καὶ
3283 3101 3475 3168 ὀδύνην
3507 3101 3539 3168 ἠ
3585 3098 3684 3167 τῆς
3715 3098 4068 3158 ἀναστάσεως

812 3195 1012 3248 Cilonis
1054 3208 1201 3262 spes,
1241 3194 1505 3247 terribilis
1529 3194 1729 3247 Christi
1773 3193 2037 3246 adventus
2070 3193 2208 3258 dies,
2262 3193 2383 3246 hor-
2412 3211 2453 3268 ο
2488 3201 2574 3251 ἐλτ

2303 3207 2383 3245 οι·-
2412 3211 2453 3268 c
2488 3197 2715 3264 ἐλπὶςμί)
2744 3196 2840 3261 τῆς
2864 3195 3104 3263 φοϐερᾶς
3136 3192 3228 3246 τοῦ
3253 3192 3494 3245 Χριστοῦ
3526 3191 3832 3260 παρουσίας
3863 3190 4065 3258 ἡμέρα,

808 3288 948 3340 roris
984 3285 1332 3354 plenissimus
1362 3286 1425 3338 ad
1462 3285 1699 3338 tribunal
1735 3301 2013 3349 accessus,
2046 3286 2212 3339 totius
2263 3284 2385 3339 vitae

808 3379 1080 3433 reddenda
1117 3376 1253 3428 ratio
1280 3417 1294 3440 ,
1338 3392 1433 3444 per
1460 3391 1620 3444 quam
1653 3377 1744 3444 qui
1767 3375 1830 3428 ad
1864 3376 2071 3429 Christi
2108 3377 2385 3428 dexteram

804 3475 1047 3536 Stabunt,
1069 3473 1337 3542 promissa
1358 3471 1709 3526 ineﬂ'abilium
1735 3471 2000 3524 bonorum
2023 3470 2240 3538 praemia
2259 3486 2392 3523 eon-

805 3575 1128 3632 cequentur,
1175 3564 1266 3632 qui
1299 3579 1427 3618 vero
1464 3560 1528 3614 ad
1563 3562 1864 3624 sinistram,
1893 3562 2068 3630 ignem
2111 3561 2390 3615 habebunt

809 3666 1095 3718 retentum,
1131 3664 1181 3708 et
1210 3654 1463 3708 tenebras
1493 3654 1815 3717 exteriores,
1867 3663 1921 3706 et
1980 3668 2214 3706 vermem
2268 3667 2392 3721 per-

812 3758 974 3817 pcttto
1015 3746 1322 3807 radentem,
1349 3753 1404 3799 et
1444 3745 1732 3799 stridorem
1757 3744 2026 3807 dentium,
2077 3753 2130 3797 et
2187 3742 2394 3811 iugiter

813 3835 1541 3906 manentemlacrymam,et
1596 3851 1810 3906 semper
1867 3836 2186 3889 duraturam
2244 3835 2395 3904 igno-

815 3932 1064 3984 miniam.
1101 3930 1163 3982 Et
1192 3930 1380 3984 beatus
1411 3928 1709 3998 Gregorius
1767 3943 1902 3998 papa
1951 3927 2087 3982 libro
2139 3926 2394 3996 Dialogo-

818 4042 935 4078 rum
971 4025 1139 4078 citato
1163 4025 1274 4088 (9.3)
1299 4025 1371 4076 ait
1407 4040 1418 4075 :

885 4118 1096 4171 Petrus.
1124 4115 1472 4183 Inquisitioni
1515 4129 1649 4168 mea:
1711 4114 2040 4169 sufﬁcienter
2080 4116 2189 4184 jam
2243 4116 2400 4170 video

819 4212 1158 4264 satisfactum
1197 4226 1211 4272 ;
1247 4211 1338 4262 sed
1371 4211 1471 4264 boc
1500 4219 1585 4265 est
1646 4211 1848 4273 adhuc,
1902 4209 2046 4276 quod
2105 4210 2403 4278 quzesﬁone

817 4307 1058 4356 animum
1094 4303 1271 4371 pulsat
1311 4303 1486 4369 ;quia
1551 4317 1671 4354 cum
1737 4302 1991 4368 superius
2048 4300 2254 4352 dictum
2309 4300 2402 4360 sit,

817 4396 1068 4465 essejam
1100 4404 1410 4450 sanctormu
1443 4393 1655 4448 animas
1690 4385 1741 4444 in
1781 4392 1939 4454 caelo,
2001 4401 2166 4444 restat
2221 4405 2406 4460 procul

817 4492 987 4547 dubio
1025 4497 1086 4543 ut
1115 4489 1425 4556 iniquorum
1467 4499 1681 4553 quoque
1715 4484 1909 4535 anima:
1968 4497 2090 4535 esse
2141 4497 2247 4533 non
2292 4481 2406 4537 Ρὶεῖ

2488 3291 2522 3358 ἡ
2557 3285 2970 3355 φρικωδεστάτη
3013 3284 3382 3352 παράστασις,
3412 3285 3444 3352 ή
3479 3282 3610 3351 περὶ
3655 3281 3764 3333 τῶν
3797 3280 4071 3348 βεϐιωμέ-

2489 3397 2599 3432 νων
2632 3378 2851 3431 πάντων
2885 3374 3176 3441 ἀπολογία·
3208 3373 3333 3427 καθ’
3362 3375 3429 3444 ἦν
3460 3374 3510 3426 οί
3541 3373 3640 3442 μὲν
3670 3374 3734 3424 ἐκ
3761 3371 3951 3436 δεξιῶν
3977 3370 4072 3423 τοῦ

2491 3469 2732 3541 Χριστοῦ
2771 3469 3000 3530 στάντες
3031 3468 3292 3537 λήψονται
3328 3467 3437 3518 τῶν
3483 3467 3812 3536 ἀπορρήτων
3851 3463 4074 3529 ἀγαθῶν

2493 3554 2592 3622 τὰς
2624 3559 2983 3626 ἐπαγγελίας,
3018 3559 3066 3609 οί
3097 3559 3153 3610 δὲ
3185 3556 3282 3624 τὴν
3318 3555 3616 3622 ἀριστεράν
3653 3556 3844 3605 στάσιν
3881 3551 4075 3619 λαχόν⁶

2494 3670 2587 3714 τες
2618 3652 2678 3705 τὸ
2709 3650 2818 3718 πῦρ
2847 3649 2906 3703 τὸ
2940 3650 3180 3713 αἰώνιον,
3222 3647 3318 3699 καὶ
3345 3645 3408 3698 τὸ
3439 3645 3704 3714 ἐξώτερον
3733 3644 3947 3702 σκότος.
3980 3643 4076 3696 καὶ

2498 3744 2587 3796 τὸν
2619 3740 2921 3808 ἀκοίμητον
2954 3735 3236 3804 σκώληκα,
3272 3733 3366 3784 τὸν
3413 3731 3658 3800 βρυγμδν
3685 3729 3791 3782 τῶν
3823 3729 4073 3791 ὀδόντων,

2500 3839 2593 3890 καὶ
2623 3836 2685 3888 τὸ
2724 3833 2972 3904 διηνεκὲς
2999 3831 3258 3899 δάκρυον,
3293 3827 3388 3879 καὶ
3421 3826 3521 3892 τὴν
3549 3824 3864 3894 ἀπέραντον
3891 3820 4080 3889 αίσχύυ

2502 3945 2619 3996 νην.
2647 3926 2758 3978 Καὶ
2799 3926 2826 3976 ὁ
2879 3922 3149 3991 μακάριος
3203 3916 3508 3988 Γρηγόριος
3538 3917 3566 3967 ὁ
3595 3914 3854 3980 Διάλογος
3897 3913 3954 3964 ἐν
3999 3910 4078 3976 τῷ

2504 4011 3043 4085 προμνημονευθέντι
3080 4008 3224 4076 λόγῳ
3253 4007 3364 4058 τῶν
3392 4004 3654 4070 διαλόγων
3689 4002 3877 4070 φησίν·

2578 4105 2795 4172 Πέτρος
2828 4103 3130 4165 διάκονος.
3181 4097 3529 4163 Συντίθεμαι·
3579 4092 3739 4146 τοῦτο
3788 4093 3845 4145 δὲ
3897 4093 4082 4161 ἀκμὴν

2509 4197 2722 4267 ἀπορῶ,
2755 4197 2803 4245 εί
2833 4192 3013 4252 καθὼς
3046 4191 3147 4251 τὰς
3176 4188 3285 4240 τῶν
3318 4187 3495 4254 ἁγίων
3523 4184 3703 4254 ψυχάς
3729 4183 3789 4234 ἐν
3817 4182 3892 4252 τῷ
3919 4183 4086 4250 οὐρα-

2511 4291 2587 4360 νῷ
2614 4287 2754 4340 εῖναι
2803 4284 3120 4352 ἀπεδείχθη,
3149 4281 3292 4334 οὕτω
3332 4279 3427 4332 καὶ
3471 4277 3568 4340 τὰς
3598 4276 3706 4328 τῶν
3745 4275 4085 4344 ἁμαρτωλῶν

2513 4386 2570 4436 ἐν
2598 4381 2673 4449 τῷ
2708 4379 2807 4450 ᾄδῃ
2843 4372 2982 4429 εἶναι
3014 4374 3352 4425 πιστευτέον.
3393 4370 3460 4423 Τί
3498 4370 3553 4421 δὲ
3585 4368 3716 4438 περὶ
3754 4368 3948 4420 τούτου
3991 4365 4082 4419 τοῦ

2516 4473 2826 4542 ζητήματος
2873 4470 2905 4534 ἡ
2952 4465 3178 4533 ἀλήθεια
3213 4463 3325 4532 ἔχει
3356 4460 3557 4527 ἀγνοῶ·
3599 4461 3633 4529 ἡ
3677 4458 3784 4528 γὰρ
3819 4458 3927 4510 τῶν
3959 4458 4084 4509 πολ-

823 4588 874 4638 in
906 4583 1119 4637 inferno
1148 4580 1474 4642 credantur;
1533 4584 1586 4630 et
1608 4576 1736 4645 quid
1771 4578 1868 4628 bac
1911 4576 1978 4628 de
2011 4590 2069 4628 re
2087 4574 2287 4628 veritas
2315 4576 2402 4624 ba-
2433 4546 2484 4604 D
2513 4567 2585 4617 λῶ

2322 4576 2402 4624 ιη.-
2433 4546 2484 4604 ι)
2513 4567 2618 4617 λῶν
2653 4560 2922 4631 ὑπόληψις
2957 4559 3059 4609 οὐκ
3093 4557 3207 4624 εχει
3240 4555 3339 4616 τάς
3383 4553 3490 4604 τῶν
3529 4550 3876 4622 ἁμαρτωλῶν
3908 4549 4084 4618 ψυ-οάς

824 4679 964 4736 beat,
1000 4677 1208 4742 ignoro.
1254 4669 1383 4722 Nam
1419 4669 1656 4721 humana
1713 4666 2007 4720 aestimatio
2061 4681 2166 4717 non
2218 4663 2400 4721 liabet,

825 4772 1169 4832 peccatorum
1200 4760 1412 4813 animus
1442 4767 1566 4810 ante
1605 4756 1872 4823 judicium
1935 4769 2092 4821 posse
2147 4753 2399 4807 cruciari.

898 4855 1203 4922 Gregorius.
1244 4851 1298 4904 Si
1339 4867 1459 4905 esse
1490 4859 1801 4904 sanctorum
1839 4848 2048 4900 animas
2081 4846 2131 4898 in
2163 4845 2405 4898 ctelosa-

828 4949 905 5000 eri
938 4947 1141 5014 eloquii
1179 4943 1554 4997 satisfactione
1593 4942 1895 5002 credidisti,
1947 4947 2159 5008 oportet
2202 4947 2258 4990 ut
2312 4952 2409 5007 per

831 5036 1012 5088 omnia
1051 5049 1170 5088 esse
1195 5033 1386 5086 credas
1418 5043 1470 5087 et
1505 5032 1816 5100 iniquorum
1847 5031 2059 5083 animas
2089 5030 2137 5080 in
2173 5028 2402 5080 inferno.

831 5130 967 5193 Quia
1004 5143 1064 5180 ex
1103 5127 1464 5179 retributione
1491 5123 1982 5190 teternaajustitiar,
2011 5138 2074 5174 ex
2116 5137 2219 5187 qua
2273 5120 2405 5186 ᾔειςιί

2513 4658 2622 4726 πρὸ
2656 4657 2753 4723 τῆς
2786 4652 3021 4722 κρίσεως
3053 4648 3315 4701 δύνασθαι
3346 4644 3728 4713 τιμωρεῖσθαι.

2585 4839 2932 4910 Γρηγόριος.
2983 4834 3107 4885 Ἐἀν
3160 4830 3254 4890 τάς
3303 4826 3411 4880 τῶν
3469 4824 3641 4888 ἀγὶων
3686 4821 3865 4889 ψυχὰς
3910 4822 3968 4871 ἂν
4010 4819 4087 4885 τῷ

2510 4931 2728 5005 οὐρανῷ
2751 4925 2891 4981 εἶναι
2923 4927 3271 4982 ἐπίστευσας,
3301 4919 3416 4970 δέον
3442 4918 3588 4967 ἐστὶν
3618 4914 3704 4966 ἴνα
3729 4915 3823 4965 καὶ
3855 4914 3955 4974 τὰς
3982 4913 4088 4962 τῶν

2510 5030 2712 5082 ἀδίκων
2746 5023 2927 5093 ψυχάς
2956 5022 3014 5071 ἐν
3049 5017 3125 5086 τῷ
3149 5016 3249 5085 ᾅδῃ
3278 5008 3415 5064 εἶναι
3447 5012 3507 5061 ἐκ
3540 5009 3741 5068 παντὸς
3766 5006 4086 5073 πιστεύσῃς.

2523 5119 2614 5170 Ἐκ
2657 5117 2763 5182 γὰρ
2790 5115 2888 5180 τῆς
2921 5107 3334 5165 ἀνταποδόσεως
3371 5103 3469 5168 τῆς
3503 5099 3671 5150 ἀϊδίου
3714 5096 4086 5164 δικαιοσύνης,

2512 5209 2571 5274 ἐξ
2605 5204 2672 5280 ἦς
2704 5209 2750 5258 οἱ
2779 5204 2975 5257 δίκαιοι
3005 5198 3344 5263 δοξάζονται,
3385 5195 3687 5257 ἀναγκαῖον
3717 5191 3810 5242 καὶ
3855 5190 4088 5241 ἀκόλου-

2522 5302 2613 5353 θόν
2661 5303 2830 5356 ἐστιν,
2872 5295 2958 5346 ἵνα
2999 5291 3095 5343 καὶ
3149 5291 3196 5340 οἱ
3233 5286 3407 5339 ἄδικοι
3467 5284 3685 5342 πάντως
3736 5280 4090 5339 κολάζωνται.

2523 5393 2791 5457 Καθάπερ
2822 5386 2932 5454 γὰρ
2962 5385 3086 5444 τοὺς
3119 5379 3407 5439 ἐκλεκτοὺς
3432 5378 3465 5444 ἡ
3495 5373 3834 5443 μακαριότης
3864 5371 4091 5438 εὐφραί-

2519 5501 2622 5546 νει,
2650 5481 2794 5533 οῦτω
2837 5473 3116 5529 πιστεύειν
3161 5469 3266 5539 χρὴ
3305 5470 3390 5520 ὅτι
3436 5467 3530 5519 καὶ
3565 5465 3691 5525 τοὺς
3727 5462 3946 5522 ἀδίκους
3988 5461 4093 5511 ἀπὺ

2522 5576 2619 5636 τῆς
2653 5569 2864 5638 ἡμέρας
2904 5565 3003 5632 τῆς
3036 5562 3218 5627 ἐξόδου
3267 5557 3446 5611 αὐτῶν
3481 5555 3538 5607 τὺ
3574 5552 3688 5623 πῦρ
3731 5548 4090 5620 καταφλέγει.

831 5223 940 5288 jam
983 5221 1300 5286 gloriantur,
1338 5232 1565 5270 necesse
1593 5225 1673 5269 est
1705 5217 1997 5285 pcromnia
2032 5223 2090 5265 ut
2124 5223 2174 5266 et
2217 5213 2408 5280 iniusti

839 5313 1168 5363 t'lllclt'llltll'.
1201 5307 1333 5359 Nam
1369 5308 1510 5361 sicut
1563 5307 1764 5360 electos
1818 5304 2096 5357 beatitudo
2152 5303 2409 5363 Ill‘ilﬁf'ﬂl,

839 5407 909 5457 ita
940 5404 1084 5455 credi
1119 5417 1343 5454 necesse
1375 5409 1480 5464 est,
1509 5400 1653 5467 quod
1685 5414 1709 5447 a
1745 5399 1833 5451 die
1893 5396 2072 5450 exitus
2131 5395 2213 5447 sui
2272 5394 2412 5462 ignis

844 5495 1102 5563 reprobos
1133 5504 1342 5546 exural.

916 5698 956 5728 ³⁷
976 5697 1202 5750 Malaeb.
1244 5711 1301 5758 ll,
1330 5698 1381 5748 5.

920 5859 1030 5927 (‘25)
1061 5856 1176 5910 Lib.
1205 5871 1274 5920 Iv,
1307 5869 1354 5908 ο.
1387 5852 1474 5906 28.
