4462 6450
691 375 793 442 907

1612 369 1986 432 GREGORH
2025 368 2320 430 ΜΛΜΜᾸΞ
2364 372 2468 434 CP.
2511 373 3022 434 PATRIARCIIJ’Z

3819 376 3923 439 2-38

692 491 1050 557 praebeamus.
1090 507 1104 539 ι
1144 486 1204 538 Et
1238 485 1594 539 nihilominus
1623 500 1743 549 nos,
1774 487 2024 545 veritate,
2059 491 2110 534 et
2139 497 2254 533 mu-
2289 491 2328 540 Α
2367 501 2454 551 μεε.

2161 497 2254 533 nu-
2289 491 2328 540 Α
2367 501 2496 551 μεν·
2530 487 2621 537 καὶ
2656 488 2820 540 πλέον
2869 487 2970 539 οὐκ
3019 483 3281 556 ἐθέλομεν
3307 486 3542 538 ἀκούειν.
3582 503 3597 534 i
3638 487 3828 538 Καίτοι
3863 504 3923 552 γε

693 595 846 644 ncre,
893 582 1175 650 gratiaque
1222 575 1441 630 Domini
1473 587 1524 629 et
1552 575 1865 634 Servatoris
1908 575 2084 628 nostri
2126 571 2254 626 Jesu

693 672 897 727 Christi
926 678 977 724 et
1003 670 1119 731 Dei,
1154 678 1441 739 paternum
1474 667 1668 733 dogma
1698 665 1862 718 rebus
1913 663 1966 716 in
2001 664 2255 716 omnibus

697 765 970 832 integrum
1024 771 1295 823 ιθηεῐιιυε,
1332 769 1384 813 et
1430 769 1840 818 conservemus,
1865 763 1920 808 τι
1951 769 2254 807 τοηεσιιυνσ-

699 859 905 921 bimus,
939 863 998 908 ut
1031 853 1333 924 procedens
1356 851 1531 904 oratio
1552 848 1898 917 apertissime
1931 844 2253 898 declarabit.

699 950 1113 1016 Proptereaque
1151 943 1500 1012 simplicibus
1545 939 1724 994 Verbis
1768 938 1881 990 haec
1908 935 2255 1005 expdnimus,

702 1041 985 1094 industriis
1013 1078 1028 1102 ,
1058 1047 1111 1091 ct
1141 1035 1440 1090 dietiouum
1476 1033 1634 1102 plicis
1657 1070 1670 1092 ,
1710 1030 1926 1094 illisque
1959 1029 2256 1096 perobscu-

703 1133 779 1184 ris
807 1128 1128 1190 eliminatis,
1185 1141 1253 1179 ne
1307 1139 1426 1193 qua:
1453 1137 1481 1174 a
1514 1121 1668 1173 nobis
1700 1120 1977 1181 dicuntur,
2004 1124 2100 1169 aut
2129 1116 2260 1170 seri-

702 1220 908 1273 buntur
938 1215 1236 1284 perniciem
1261 1212 1510 1273 aﬂ‘rrant,
1545 1209 1600 1262 in
1642 1210 1743 1261 hoc
1769 1219 1988 1275 quoque
2019 1219 2262 1260 cominu-

703 1323 825 1360 nem
890 1306 1132 1360 omnium
1196 1301 1485 1355 Dominum
1542 1313 1604 1352 ac
1647 1297 1964 1364 Magistrum
1998 1296 2259 1358 annulati,

623 1467 625 1469 ι
701 1401 972 1453 dicentem
997 1413 1012 1452 ι
1037 1395 1219 1450 Sermo
1248 1405 1294 1446 et
1319 1391 1626 1460 prtcdicalio
1671 1405 1733 1441 ne
1763 1389 1829 1439 sit
1863 1389 1913 1438 in
1943 1387 2262 1452 persuasibi-

701 1487 838 1538 libus
891 1485 1134 1557 humana:
1186 1480 1458 1547 sapientia:
1504 1476 1693 1538 verbis,
1737 1474 1824 1527 sed
1862 1475 1915 1525 in
1971 1475 2263 1525 ostensione

708 1577 939 1645 Spiritus
979 1587 1029 1627 et
1062 1573 1299 1634 virtutis,
1373 1580 1428 1622 ut
1485 1569 1612 1636 ﬁdes
1645 1577 1821 1618 nostra
1857 1582 1956 1618 non
1997 1566 2063 1617 sit
2093 1565 2145 1616 in
2179 1580 2266 1616 sa-

706 1669 903 1737 pientia
935 1667 1200 1718 hominum
1235 1702 1249 1725 ,
1282 1661 1370 1715 sed
1408 1662 1457 1713 in
1492 1661 1679 1711 virtute
1714 1658 1810 1709 Dei
1849 1658 1886 1707 ¹.
1922 1658 2263 1722 Quapropter

707 1774 809 1812 nos
848 1771 1089 1824 quoque,
1121 1754 1270 1806 illius
1291 1751 1595 1804 doctrinam
1623 1757 1933 1814 sequentes,
1960 1761 2079 1814 quae
2113 1745 2266 1798 nobis

2367 578 2450 627 ἐπ’
2488 576 2745 646 ἀληθείας
2794 579 2887 630 xai
2949 578 3157 645 δωρεᾶς
3208 581 3301 628 καὶ
3330 578 3549 643 χ’ἱριτος
3579 576 3674 628 τοῦ
3718 578 3926 644 Κυρίου

2368 669 2460 718 καὶ
2490 668 2737 736 Σωτῆρος
2767 669 2924 737 ἡμῶν
2969 666 3145 737 Ἰησοῦ
3195 666 3430 736 λριστοῦ
3463 668 3553 718 καὶ
3581 666 3741 731 Θεοῦ,
3769 670 3927 736 ἡμεῖς

2368 759 2429 810 τὸ
2465 759 2692 826 πάτριον
2726 760 2902 828 δόγμα
2945 761 3001 810 ὲν
3037 761 3170 811 πᾶσι
3209 758 3505 829 τηροῦμεν,
3534 757 3628 808 καὶ
3667 759 3929 825 φυλάττο-

2371 865 2491 916 μεν,
2545 849 2639 902 καὶ
2692 849 3023 919 φυλάξομεν,
3067 850 3142 912 ὡς
3200 851 3405 918 προῖὼν
3470 849 3499 899 ό
3541 847 3695 912 λόγος
3745 863 3920 914 παρα-

2370 941 2554 1006 στήσει
2594 941 2930 1008 σαφέστατα.
2972 940 3070 992 Διὰ
3114 938 3274 991 τοῦτο
3305 939 3399 992 καὶ
3432 940 3489 990 ἐν
3518 937 3797 996 ἁπλοῖκοῖς
3831 938 3927 1006 ῥή-

2374 1031 2506 1102 μασι
2535 1032 2713 1084 ταῦτα
2742 1032 3051 1101 ἐκτίθεμεν,
3089 1032 3226 1101 μηδὲ
3253 1031 3461 1100 κομψὴν
3494 1031 3648 1100 ῥῆμα
3671 1029 3930 1090 τιθέντες,

2373 1126 2510 1192 μήτε
2565 1122 2770 1184 πλοκὰς
2822 1124 3019 1187 λέξεων
3051 1124 3130 1184 είς
3160 1123 3229 1174 τὰ
3263 1122 3444 1190 ἀσαφῆ
3519 1121 3613 1174 καὶ
3647 1119 3932 1188 δηλήματα

2369 1209 2510 1267 εἶναι
2545 1214 2613 1268 τὰ
2661 1215 2791 1282 παρ’
2832 1214 2990 1283 ἡμῶν
3031 1214 3328 1282 λεγόμενα,
3379 1213 3412 1281 ἢ
3460 1211 3802 1281 γραφόμενα,
3832 1209 3932 1260 κὰν

2375 1307 2547 1374 τούτῳ
2574 1306 2662 1357 τὸν
2693 1304 2871 1357 κοινὸν
2906 1305 3236 1372 μιμούμενοι
3267 1302 3531 1368 δεσπότην
3561 1301 3654 1352 καὶ
3677 1299 3930 1352 διδάσκα-

2373 1396 2462 1448 λον
2492 1397 2792 1463 φάσκοντα,
2861 1395 2944 1447 ὅτι
2985 1394 3048 1445 '0
3080 1395 3263 1462 λόγος
3291 1392 3385 1445 καὶ
3416 1392 3482 1444 τὸ
3511 1389 3781 1458 κήρυγμά
3809 1407 3926 1457 μου

2373 1490 2483 1539 οὐκ
2513 1487 2582 1539 ἐν
2632 1485 2831 1542 πειθοῖ
2874 1487 3255 1554 ἀνθρωπίνης
3290 1485 3510 1553 σοφίας
3537 1484 3762 1550 λόγοις,
3789 1481 3927 1534 ἀλλ’

2372 1577 2440 1628 ἐν
2492 1576 2799 1638 ἀποδείξει
2848 1577 3187 1644 πνεύματος
3233 1574 3333 1627 καὶ
3385 1573 3714 1642 δυνάμεως,
3760 1573 3860 1624 ἵνα
3892 1572 3930 1636 1':

2377 1669 2580 1731 πίστις
2628 1667 2796 1736 ἡμῶν
2817 1668 2902 1736 μὴ
2927 1662 2967 1738 ᾖ
2997 1669 3063 1721 ἐν
3093 1667 3280 1736 σοφίᾳ
3315 1667 3658 1733 ἀνθρώπων,
3684 1665 3823 1718 ἀλλ’
3868 1664 3935 1715 ὲν

2373 1760 2623 1826 δυνάμει
2676 1760 2844 1814 Θεοῦ.
2895 1759 2984 1812 Διὸ
3029 1760 3122 1812 καὶ
3155 1761 3315 1828 ἡμεῖς
3364 1758 3620 1826 ἑπόμενοι
3648 1758 3714 1825 τῇ
3745 1755 3933 1808 τούτου

707 1850 906 1904 tradita
931 1855 1060 1902 sunt
1085 1863 1111 1898 a
1140 1843 1342 1898 Christi
1378 1841 1618 1895 Ecclesia
1644 1839 1881 1893 dicimus
1927 1849 1980 1892 et
2004 1838 2264 1906 przedica-
2300 1828 2342 1884 Β
2373 1852 2469 1905 διδε

2176 1851 2264 1889 εδ·
2300 1828 2342 1884 Β
2373 1852 2719 1921 διδασκαλίᾳ,
2743 1852 2812 1904 τὰ
2862 1851 3237 1920 παραδοθέντα
3269 1851 3399 1919 ἡμῖν
3423 1848 3530 1900 ἀπὸ
3563 1848 3661 1915 τῆς
3705 1846 3931 1912 Ἐκκλη-

709 1958 856 2005 nius,
887 1955 994 1992 non
1024 1937 1370 1992 sermonibus
1397 1933 1643 1986 venustis
1671 1931 1955 1998 scitisque,
1989 1943 2165 1995 neque
2196 1927 2264 1980 ab

705 2030 944 2087 externis
975 2028 1156 2095 petitis
1193 2021 1760 2093 argumentationibus
1791 2061 1803 2082 ,
1837 2028 1895 2071 ut
1927 2018 2130 2071 dictum
2157 2026 2262 2080 est,

707 2131 802 2179 sed
829 2139 893 2178 cx
927 2120 1151 2173 Patrum
1179 2115 1401 2170 monitis
1427 2124 1479 2164 et
1501 2113 1707 2179 scripto
1739 2110 1897 2163 nobis
1929 2108 2124 2161 tradita
2156 2115 2264 2157 tra-

707 2218 933 2279 ditione,
953 2214 1113 2266 verba
1142 2220 1324 2263 nostra
1351 2208 1665 2273 scriptaque
1685 2202 2132 2268 comprobemus,
2162 2196 2262 2252 Pa-

710 2321 962 2376 trumque
987 2315 1300 2359 nostrorum
1337 2301 1389 2352 iu
1422 2297 1678 2351 omnibus
1701 2293 1925 2362 testigia
1956 2293 2261 2359 sequimur,

707 2410 1135 2470 sequemurque,
1179 2407 1355 2459 neque
1400 2403 1638 2454 unquam
1680 2387 1838 2439 aliter
1884 2385 2264 2438 comminisce-

709 2509 832 2547 mur
868 2509 882 2544 :
915 2482 1372 2558 quemadmodum
1417 2491 1626 2532 sacram
1671 2485 1816 2528 trram
1852 2485 1902 2527 et
1933 2474 2262 2541 imperialem

707 2586 944 2638 animam
985 2577 1367 2646 imaginamur,
1389 2585 1442 2624 et
1468 2571 1768 2632 credimus,
1798 2580 2075 2633 nunquam
2109 2567 2265 2619 aliter

708 2692 766 2731 se
799 2676 1126 2728 habituram.

776 2770 828 2821 5.
849 2767 1034 2831 Neque
1059 2768 1278 2829 propter
1301 2759 1364 2811 de
1391 2771 1526 2809 noro
1555 2754 1708 2806 statis
1733 2751 2064 2818 temporibus
2117 2764 2260 2816 qua:-

706 2861 910 2910 stiones
934 2863 1170 2915 exortas,
1190 2858 1240 2904 et
1260 2848 1396 2901 male
1419 2845 1757 2913 opinantium
1815 2856 1949 2893 nova
1994 2855 2268 2892 commcn-

712 2961 787 3009 ta,
814 2948 969 3000 tidem
1001 2945 1161 2996 aliam
1198 2949 1418 2995 sanctos
1448 2936 1637 2989 Patres
1669 2936 1717 2986 id
1744 2933 1839 2986 arvi
1872 2937 1920 2984 in
1948 2947 2111 2984 unum
2144 2945 2268 2983 coa-

706 3050 826 3092 ctos
853 3035 1197 3106 propriorum
1225 3032 1509 3084 verborum
1544 3041 1680 3078 nova
1699 3025 2013 3078 inductione
2037 3023 2268 3090 edidisse

2369 1944 2488 2006 σίας
2521 1943 2756 2011 Χριστοῦ
2786 1943 3016 2011 λέγομέν
3049 1959 3112 1996 τε
3149 1941 3244 1993 καὶ
3274 1940 3622 2009 κηρύττομεν
3654 1937 3715 1990 οὐ
3747 1937 3931 2005 λόγοις

2369 2035 2604 2103 κομψοῖς
2650 2035 2742 2087 καὶ
2781 2034 3166 2102 συλλογισμοῖς
3196 2035 3259 2085 ἐκ
3308 2033 3413 2085 τῶν
3444 2031 3665 2095 ἔξωθεν,
3692 2030 3765 2091 ὡς
3797 2046 3931 2097 προ-

2370 2125 2656 2190 λέλεκται,
2675 2125 2790 2178 ἀλλ’
2849 2129 2911 2177 ἐκ
2961 2126 3062 2193 τῆς
3109 2126 3217 2177 τῶν
3266 2123 3525 2191 Πατέρων
3561 2121 3930 2181 διδασκαλίας,

2369 2217 2463 2269 καὶ
2499 2217 2594 2285 τῆς
2626 2217 2904 2287 ἐγγράφου
2941 2216 3098 2285 ἡμῶν
3126 2215 3477 2284 παραδόσεως
3509 2211 3831 2274 πιστοῦντες
3864 2213 3932 2262 τὰ

2369 2304 2499 2374 παρ’
2551 2306 2707 2374 ἡμῶν
2760 2304 3030 2372 λεγόμενά
3066 2321 3124 2354 τε
3161 2304 3255 2355 καὶ
3306 2301 3653 2372 γραφόμενα,
3688 2301 3781 2351 καὶ
3822 2302 3932 2361 τοῖς

2369 2397 2644 2465 Πατρὰσιν
2689 2397 2843 2466 ἡμῶν
2888 2397 2944 2448 ὲν
2993 2395 3195 2449 ἇπασιν
3241 2393 3640 2462 ἀκολουθοῦμεν
3686 2392 3778 2444 καὶ
3808 2392 3935 2442 ἀκο·

2367 2489 2723 2558 λουθήσομεν,
2743 2490 2836 2542 καὶ
2856 2487 3108 2542 οὐδέποτε
3139 2487 3311 2548 ἄλλως
3338 2487 3532 2554 ἕξομεν
3558 2501 3571 2514 ·
3596 2483 3787 2553 ὥσπερ
3811 2484 3927 2534 οὐδὲ

2367 2581 2466 2649 τὴν
2499 2582 2597 2650 σὴν
2623 2581 2776 2651 ἱερὰν
2827 2580 2919 2632 καὶ
2951 2579 3234 2649 βασιλικὴν
3286 2577 3464 2648 ψυχὴν
3497 2575 3787 2644 ἐννοοῦμεν
3839 2573 3933 2629 καὶ

2372 2672 2698 2740 πιστεύομεν
2733 2672 2908 2733 ἄλλως
2927 2672 3066 2736 ἕξειν
3098 2670 3334 2722 πώποτε.

2442 2768 2513 2830 γ’.
2561 2763 2694 2815 Οὐδὲ
2742 2764 2830 2815 διὰ
2872 2762 2968 2823 τὰς
2999 2762 3330 2829 ἀναφυείσας
3365 2761 3507 2813 κατὰ
3542 2760 3733 2828 καιρὸν
3763 2760 3930 2826 ζητή-

2375 2871 2506 2917 σεις,
2535 2853 2761 2906 καὶτῶν
2803 2852 3109 2915 κακοδόξων
3162 2850 3523 2917 καινοφωνίας
3555 2849 3720 2916 ἄλλην
3754 2849 3935 2900 πίστιν

2370 2949 2493 3008 τοὺς
2525 2947 2707 3012 ἁγίους
2744 2946 2992 3012 Πατέρας
3023 2943 3252 3013 ἐροῦμεν
3268 2943 3393 2996 τούς
3414 2941 3553 2995 κατὰ
3583 2941 3772 3010 καιρδν
3801 2957 3926 2991 συν-

2369 3036 2632 3104 αχθέντας
2686 3036 3040 3103 πεποιηκέναι
3089 3033 3178 3087 διὰ
3255 3033 3354 3102 τῆς
3412 3033 3792 3099 ὲπεισαγωγῆς
3824 3030 3929 3080 τῶν

708 3127 1122 3207 :illirmabimus,
1154 3131 1214 3176 ut
1242 3130 1464 3176 sanctus
1495 3117 1762 3170 Maximus
1802 3115 1973 3182 palam
2010 3114 2266 3182 explicat,
2293 3144 2337 3205 Ο
2370 3131 2470 3181 om

2168 3123 2266 3177 la"
2293 3144 2337 3205 C
2370 3130 2587 3181 οἰκείων
2624 3130 2903 3197 ῥημάτων,
2939 3129 3012 3190 ὡς
3041 3130 3134 3181 καὶ
3163 3130 3190 3180 ὁ
3221 3127 3360 3188 θεῖος
3395 3125 3644 3192 Μάξιμος
3676 3123 3930 3189 διασαφεῖ

705 3204 836 3274 eum
880 3222 1026 3272 hunc
1068 3217 1121 3269 in
1157 3215 1375 3268 modum
1413 3209 1664 3264 edisserit
1696 3224 1710 3260 :
1743 3229 1759 3257 ι
1797 3204 2041 3273 Namque
2089 3206 2132 3259 si
2170 3220 2266 3273 pro

705 3313 932 3366 veritate
973 3322 1096 3361 vera
1147 3299 1478 3359 enuntianda
1519 3309 1666 3361 sunt,
1702 3311 1892 3350 omnes
1927 3307 2046 3363 post
2091 3295 2265 3348 Nica-

706 3419 828 3456 nam
861 3378 1185 3470 synodum'a
1221 3397 1326 3448 Deo
1355 3391 1512 3464 electi
1536 3390 1744 3451 Patres,
1779 3387 2152 3454 universa-que
2181 3401 2267 3455 sy-

707 3495 832 3548 nodi
862 3499 1006 3546 recte
1033 3485 1413 3544 sentientium,
1447 3491 1500 3535 et
1524 3483 1811 3535 sanctitate
1837 3478 2128 3531 illustrium
2164 3475 2266 3528 Pa-

705 3598 876 3646 trum,
905 3597 1011 3635 nou
1038 3580 1200 3631 aliam
1234 3574 1354 3629 lidei
1375 3573 1750 3628 deﬁnitionem
1780 3568 2122 3639 propriorum
2145 3581 2266 3619 ver-

707 3679 895 3730 borum
920 3671 1191 3725 additione
1210 3681 1432 3737 prorsus
1452 3664 1746 3732 superindu
1758 3668 1970 3722 xerunt,
1991 3658 2156 3713 veluti
2173 3672 2267 3710 vos

707 3766 935 3819 nimium
975 3774 1256 3830 perperam
1289 3757 1667 3824 obloquentes,
1701 3762 1754 3803 et
1795 3751 1955 3818 plane
1988 3747 2267 3800 insanien-

705 3868 787 3911 tes
834 3853 1151 3914 decernitis,
1183 3869 1200 3900 ι
1244 3857 1297 3901 et
1346 3863 1465 3916 quae
1508 3853 1833 3912 Sequuntur,
1879 3854 2002 3907 qua:
2055 3847 2265 3903 tempo-

707 3967 765 4003 re
811 3956 1118 4014 opportuno
1142 3942 1207 3993 ad
1253 3940 1538 3991 veritatem
1588 3943 1830 3986 nostram
1871 3925 2264 3996 explauandam

707 4041 759 4092 in
803 4037 1037 4089 medium
1075 4032 1428 4084 adducemus.
1457 4025 2058 4092 Namqueuuaqumque
2081 4025 2267 4070 sancta

708 4143 878 4195 atque
910 4125 1244 4180 (Betuiicnica
1277 4119 1513 4189 synodus
1546 4114 1938 4183 superaddidit,
1968 4111 2109 4180 quod
2144 4124 2268 4163 ver-

707 4223 787 4273 bis
820 4219 953 4286 ipsis
997 4216 1139 4268 haud
1169 4222 1284 4265 erat
1322 4211 1375 4263 in
1413 4223 1561 4263 sacra
1601 4207 1879 4272 Scriptura
1926 4201 2263 4269 explicitum,

706 4314 799 4365 sed
849 4312 935 4361 illa
983 4323 1076 4360 sua
1106 4304 1381 4358 additione
1427 4303 1583 4354 aliam
1635 4310 1934 4363 novamque
1979 4293 2134 4346 ﬁdem
2169 4293 2268 4344 iiii—

706 4406 852 4456 nime
884 4398 1252 4457 Concinnavit,
1292 4395 1417 4446 licet
1455 4391 1696 4444 additum
1748 4387 1981 4440 nulloin
2013 4384 2133 4437 loco
2174 4399 2268 4433 au-

2370 3220 2542 3287 λέγων
2572 3219 2745 3279 οὕτως
2765 3236 2777 3248 ·
2814 3237 2832 3270 ι
2879 3219 2943 3272 Ei
2971 3219 3076 3287 γάρ
3109 3221 3224 3271 ἐστι
3265 3218 3472 3286 τάληθῆ
3502 3216 3643 3285 ὑπὲρ
3672 3215 3932 3284 ἀληθείας

2371 3311 2779 3375 είικτννπάντες
2811 3311 2861 3363 σί
2900 3311 3038 3379 μετὰ
3071 3311 3167 3380 τὴν
3219 3309 3469 3362 Νικαέων
3519 3308 3786 3378 Θεόκριτοι
3816 3309 3931 3359 Πα-

2369 3409 2546 3476 τόρες,
2570 3406 2667 3458 stai
2691 3405 2839 3456 πᾶσα
2863 3403 3079 3465 σύνοδος
3096 3402 3392 3470 ὁρθοδόξων
3415 3403 3506 3451 καὶ
3527 3400 3698 3466 ἁγίων
3720 3398 3929 3466 ἀνδρῶν

2367 3500 2466 3552 οὐκ
2514 3499 2672 3552 ἄλλον
2719 3497 2954 3558 πίστεως
3004 3496 3130 3564 ὅρον
3156 3494 3242 3546 διὰ
3274 3493 3372 3560 τῆς
3409 3489 3792 3560 ἐπεισαγωγῆς
3824 3489 3930 3540 τῶν

2369 3592 2583 3643 οἰκείων
2618 3589 2883 3658 ῥημάτων
2927 3585 3205 3647 παντελῶς
3256 3585 3645 3650 ἒπεισήγαγον,
3674 3580 3746 3640 ὡς
3776 3581 3932 3647 ὑμεῖς

2370 3680 2737 3748 ἀποφαίνεσθε
2792 3680 3042 3732 πλεῖστον
3075 3674 3548 3745 παραληροῦντες,
3582 3671 3675 3724 καὶ
3703 3673 3764 3723 τὸ
3807 3672 3928 3722 ὅλον

2373 3775 2722 3843 μαινόμενοι·
2763 3791 2780 3824 ι
2827 3772 2922 3823 καὶ⁵
2951 3770 3015 3822 τὰ
3044 3769 3170 3837 ἑξῆς
3215 3769 3270 3818 ὲν
3305 3765 3380 3835 τῷ
3410 3766 3746 3835 προσήκοντι
3779 3764 3928 3830 τόπῳ

2371 3866 2695 3934 ὲκθήσομεν,
2747 3864 3162 3932 διατρανούντες
3191 3860 3288 3929 τὴν
3325 3859 3582 3929 ἀληθειαν
3613 3857 3786 3927 ἡμῶν.
3825 3857 3933 3909 Καὶ

2371 3959 2480 4027 γὰρ
2508 3958 2711 4022 ἑκάστη
2745 3954 2876 4022 ἁγία
2911 3955 3007 4006 καὶ
3056 3951 3410 4021 οἰκουμενικὴ
3464 3950 3680 4011 σύνοδος
3733 3948 3902 4017 προσέ

2371 4050 2558 4116 Οηκεν,
2589 4047 2617 4100 δ
2650 4046 2723 4115 μὴ
2753 4045 2929 4114 ῥητῶς
2965 4044 3288 4112 προσέκειτο
3318 4045 3385 4109 τῇ
3422 4041 3542 4110 θείᾳ
3575 4040 3784 4110 Γραφῇ,
3818 4039 3931 4091 ἀλλ’

2369 4137 2465 4189 οὐκ
2515 4135 2679 4201 ἄλλην
2726 4133 2906 4185 πίστιν
2943 4133 3212 4199 πεποίηκε
3262 4131 3346 4182 διὰ
3378 4132 3473 4198 τῆς
3503 4130 3884 4195 ὲπεισαγωγῆς
3912 4145 3925 4157 ·

2372 4230 2549 4281 καίτοι
2585 4244 2646 4294 γε
2676 4226 2768 4278 τοῦ
2793 4225 3185 4293 προστεθέντος
3212 4221 3451 4290 οὐδαμοῦ
3484 4220 3927 4289 προκηρυττομέ-

2372 4337 2461 4374 νου
2510 4319 2683 4379 ὄντος.
2734 4317 2939 4369 Αὐτίκα
2992 4315 3101 4384 γὰρ
3133 4314 3191 4366 τὸ
3240 4313 3587 4380 ὀμοούσιον,
3638 4311 3665 4361 δ
3704 4311 3840 4379 μήτε
3874 4311 3930 4360 ὲν

2371 4413 2435 4477 τῇ
2474 4410 2592 4478 ἱερᾷ
2629 4409 2815 4477 Γραφῇ
2847 4407 3234 4473 εὑρισκόμενον
3262 4404 3518 4471 ὑπάρχει,
3556 4403 3693 4470 μήτε
3717 4403 3773 4452 ὲν
3810 4400 3929 4451 Ἐλ-

707 4505 790 4546 tea
828 4492 1170 4546 enuntiatum
1214 4495 1393 4549 esset;
1443 4494 1495 4537 et
1543 4490 1667 4535 ante
1711 4480 1891 4533 omnia
1933 4476 2262 4536 homousion,
2292 4483 2344 4541 ι)
2371 4476 2468 4570 MV

2170 4477 2262 4536 ου’
2292 4483 2344 4541 D
2371 4476 2586 4570 ληνικῇ,
2639 4476 2753 4552 ἀλλ’
2785 4498 2904 4549 οὐδὲ
2937 4499 3041 4549 τῶν
3093 4497 3265 4563 ἁγίων
3297 4494 3612 4547 ἀποστόλων
3645 4492 3800 4544 τοῦτο
3834 4493 3932 4561 ρη-

706 4589 818 4637 sive
845 4578 1312 4637 consubstantiale.
1344 4591 1517 4648 neque
1542 4575 1596 4626 iu
1635 4585 1792 4626 sacra
1825 4568 2132 4634 Scriptura,
2170 4581 2262 4617 ne-

706 4690 811 4742 que
852 4673 1016 4725 ctiam
1072 4670 1124 4721 in
1177 4665 1460 4735 gentilium
1520 4659 1906 4720 monumentis,
1956 4658 2064 4709 imo
2112 4670 2208 4708 nec
2241 4669 2269 4706 a

706 4763 909 4813 sanctis
934 4757 1193 4827 apostolis
1224 4768 1480 4822 expresse
1504 4752 1761 4803 traditum
1787 4749 1897 4800 ha:c
1919 4745 2159 4815 synodus
2180 4743 2272 4795 ad-

706 4853 873 4915 didit;
907 4865 1011 4900 uon
1062 4849 1179 4900 ideo
1220 4857 1397 4898 tamen
1431 4845 1572 4912 apud
1615 4856 1709 4894 cos
1739 4840 1826 4906 qui
1876 4838 2156 4890 veritatem
2183 4851 2272 4887 se-

707 4946 834 4996 dulo
883 4941 1214 5009 exquirunt,
1262 4936 1420 4988 aliam
1469 4935 1625 4987 tidem
1674 4929 1984 4984 condidisse
2027 4933 2271 4994 reputata

706 5049 806 5090 est.
839 5034 954 5087 Dion
988 5032 1091 5084 alia
1124 5030 1332 5083 ratione
1361 5038 1415 5081 et
1440 5036 1625 5080 saneta
1655 5020 1991 5076 (ecumenica
2026 5019 2264 5073 secunda

709 5126 951 5191 synodus
979 5121 1384 5178 sanctissimum
1406 5117 1666 5186 Spiritum
1693 5115 1858 5167 Deum
1880 5127 2001 5166 esse
2025 5126 2268 5180 pronun-

709 5221 879 5278 tiavit,
928 5227 982 5270 et
1029 5230 1178 5278 vere,
1228 5207 1685 5281 quemadmodum
1720 5214 1774 5259 et
1824 5206 1997 5274 prima
2045 5205 2270 5255 homon-

708 5315 852 5362 siou.
873 5309 975 5361 Sed
1005 5307 1055 5360 id
1082 5317 1348 5372 nusquam
1377 5304 1431 5354 in
1465 5299 1662 5352 divinis
1711 5294 1933 5349 Litteris
1962 5303 2099 5346 erat.
2133 5289 2270 5342 San-

706 5415 902 5468 etaque
938 5400 1063 5451 item
1114 5396 1270 5449 tertia
1309 5394 1549 5462 synodus
1584 5403 1791 5451 vocem,
1838 5385 2091 5453 Deipara.
2142 5383 2272 5446 Qua:

707 5493 890 5543 omnia
925 5489 1203 5541 verissima
1239 5496 1385 5549 sunt,
1417 5497 1590 5550 eoque
1633 5479 1790 5533 modo
1821 5492 1879 5532 sc
1909 5478 2130 5538 habent,
2163 5487 2270 5540 quo

711 5583 882 5634 sancti
906 5581 1089 5633 divino
1118 5578 1322 5644 Spiritu
1352 5575 1551 5629 conciti
1581 5574 1962 5626 decreverunt.
2001 5569 2062 5621 Et
2099 5581 2268 5635 quar-

707 5679 761 5725 ta
792 5675 916 5724 item
957 5673 1219 5739 synodus,
1251 5668 1384 5722 duas
1416 5676 1640 5721 naturas
1681 5677 1732 5720 et
1770 5669 2022 5723 unionem
2048 5682 2268 5720 .secun-

784 5811 800 5838 ‘
833 5807 850 5861 l
881 5805 1006 5859 (lor.
1039 5807 1164 5864 u,4.

2374 4594 2481 4654 τῶς
2515 4592 2804 4652 εἰπόντων,
2838 4592 2869 4657 ἡ
2909 4589 3124 4649 σύνοδος
3156 4587 3291 4653 αῦτη
3323 4586 3680 4655 προσέθηκεν,
3713 4585 3933 4654 ἀλλὀύ-

2371 4684 2554 4751 δαμῶς
2585 4681 2840 4749 ἐνομίσθη
2878 4681 3028 4748 παρὰ
3071 4683 3182 4740 τοῖς
3236 4679 3332 4748 τὴν
3380 4679 3637 4747 ἀλήθειαν
3667 4676 3926 4744 ὲκζητοῦυ

2374 4791 2480 4834 σιν,
2536 4773 2727 4840 ἑτέραν
2787 4772 2967 4822 πίστιν
3019 4773 3402 4837 πεποιηκέναι.
3468 4770 3738 4829 Ὡσαύτως
3787 4769 3844 4820 δὲ
3897 4770 3928 4837 ὴ

2377 4864 2508 4930 ἁγία
2543 4861 2895 4929 οἰκουμενικὴ
2927 4859 3151 4927 δευτέρα
3182 4859 3395 4918 σύνοδος
3428 4859 3561 4909 Θεδν
3585 4859 3645 4910 τὸ
3665 4859 3930 4924 πανὰγιον

2375 4951 2596 5019 Πνεῦμα
2629 4951 2873 5019 εἴρηκεν,
2910 4951 3001 5000 καὶ
3033 4948 3269 5015 ἀληθῶς,
3308 4949 3495 5016 ὥσπερ
3522 4947 3618 4998 καὶ
3643 4947 3703 4998 τὸ
3735 4947 3927 5015 όμοού-

2375 5059 2508 5096 σιον.
2554 5040 2692 5091 Ἀλλ’
2719 5038 2958 5107 οὐδαμοῦ
2993 5041 3050 5090 ὲν
3081 5041 3147 5107 τῇ
3201 5040 3388 5107 Γραφῇ
3431 5038 3588 5089 τοῦτο
3621 5039 3924 5106 εὑρίσκετο.

2372 5132 2539 5199 Καλή
2577 5131 2708 5197 ἁγία
2759 5130 2815 5181 δὲ
2871 5131 3028 5197 τρίτη
3091 5129 3302 5188 σύνοδος
3354 5131 3433 5191 τὸ,
3468 5132 3773 5195 θεοτόκος.
3825 5134 3932 5183 Καὶ

2375 5225 2596 5294 ἀληθῶς
2653 5224 2835 5291 ἔχουσι
2892 5221 2991 5291 μὲν
3043 5221 3234 5283 ταῦτα,
3278 5223 3370 5274 καὶ
3422 5221 3591 5283 οὕτως
3628 5223 3698 5282 ὡς
3759 5223 3851 5274 καὶ
3883 5225 3929 5274 οί

2377 5317 2519 5382 ᾶγιοι
2571 5313 3088 5381 πνευματοκινήτως
3138 5311 3592 5380 ὲθεσμοθέτησαν.
3645 5313 3811 5383 Καλή
3848 5332 3932 5366 τε·

2379 5408 2549 5478 τάρτη
2597 5406 2652 5457 δὲ
2702 5405 2798 5464 τὰς
2831 5404 2921 5454 δύο
2959 5403 3169 5470 φύσεις,
3216 5407 3309 5456 καὶ
3359 5406 3453 5472 τὴν
3484 5400 3603 5456 καθ’
3640 5405 3931 5460 ὑπόστασιν

2377 5498 2590 5556 ἕνωσιν,
2625 5497 2716 5545 καὶ
2759 5496 2790 5562 ἡ
2826 5493 3048 5560 πέμπτη
3080 5494 3134 5545 δὲ
3165 5495 3231 5544 τὰ
3265 5495 3357 5545 δύο
3386 5495 3684 5563 θελήματα,
3710 5497 3802 5547 καὶ
3837 5497 3933 5550 ἕνα

2379 5589 2468 5639 τὸν
2517 5588 2758 5656 θέλοντα,
2796 5589 2886 5635 καὶ
2921 5587 2952 5653 ἠ
2987 5585 3120 5651 ἕκτη
3154 5586 3207 5635 δὲ
3244 5586 3338 5646 τὰς
3384 5585 3477 5636 δύο
3506 5587 3806 5654 ἐνεργείας,
3845 5589 3935 5640 καὶ

2383 5680 2477 5729 ἕνα
2514 5681 2603 5731 τὸν
2661 5676 3005 5746 ἐνεργοῦντα.
3059 5678 3192 5727 Ἀλλ’
3225 5677 3455 5746 οὐδαμοῦ
3484 5679 3736 5746 εὑρήσεις
3769 5679 3934 5730 ταῦτα
