  <div class='ocr_page' id='page_1' title='image "/cluster/home/n/w/nwhite01/storage/ocr_20150623/160/nnc1.0046980687/114.png"; bbox 0 0 4462 6450; ppageno 0'>
   <div class='ocr_carea' id='block_1_1' title="bbox 512 409 614 468">
    <p class='ocr_par' dir='ltr' id='par_1_1' title="bbox 512 409 614 468">
     <span class='ocr_line' id='line_1_1' title="bbox 512 409 614 468; baseline -0.039 0"><span class='ocrx_word' id='word_1_1' title='bbox 512 409 614 468; x_wconf 71' lang='grc'><strong>209</strong></span> 
     </span>
    </p>
   </div>
   <div class='ocr_carea' id='block_1_2' title="bbox 1619 401 2652 462">
    <p class='ocr_par' dir='ltr' id='par_1_2' title="bbox 1619 401 2652 462">
     <span class='ocr_line' id='line_1_2' title="bbox 1619 401 2652 462; baseline 0.005 -6"><span class='ocrx_word' id='word_1_2' title='bbox 1619 403 1708 458; x_wconf 67' lang='lat' dir='ltr'><strong>\i)</strong></span> <span class='ocrx_word' id='word_1_3' title='bbox 1761 401 2120 460; x_wconf 72' lang='lat' dir='ltr'><strong>iMPEH_\T.</strong></span> <span class='ocrx_word' id='word_1_4' title='bbox 2165 401 2313 459; x_wconf 63' lang='grc' dir='ltr'><strong>’ΠΗ</strong></span> <span class='ocrx_word' id='word_1_5' title='bbox 2333 402 2652 462; x_wconf 65' lang='lat' dir='ltr'><strong>i’iiZUN&#39;l&#39;.</strong></span> 
     </span>
    </p>
   </div>
   <div class='ocr_carea' id='block_1_3' title="bbox 3657 396 3761 463">
    <p class='ocr_par' dir='ltr' id='par_1_3' title="bbox 3657 396 3761 463">
     <span class='ocr_line' id='line_1_3' title="bbox 3657 396 3761 463; baseline -0.019 0"><span class='ocrx_word' id='word_1_6' title='bbox 3657 396 3761 463; x_wconf 76' lang='grc'><strong>210</strong></span> 
     </span>
    </p>
   </div>
   <div class='ocr_carea' id='block_1_4' title="bbox 515 517 2277 590">
    <p class='ocr_par' dir='ltr' id='par_1_4' title="bbox 515 518 2277 590">
     <span class='ocr_line' id='line_1_4' title="bbox 515 518 2277 590; baseline -0.003 -15"><span class='ocrx_word' id='word_1_7' title='bbox 515 524 745 590; x_wconf 73' lang='grc' dir='ltr'>κείμενα</span> <span class='ocrx_word' id='word_1_8' title='bbox 775 523 828 571; x_wconf 75' lang='grc' dir='ltr'>ἐν</span> <span class='ocrx_word' id='word_1_9' title='bbox 857 523 920 590; x_wconf 79' lang='grc' dir='ltr'>τῇ</span> <span class='ocrx_word' id='word_1_10' title='bbox 960 521 1170 588; x_wconf 65' lang='grc' dir='ltr'><strong>Γραφῇ.</strong></span> <span class='ocrx_word' id='word_1_11' title='bbox 1227 519 1367 571; x_wconf 68' lang='grc' dir='ltr'><strong>Ἀλλ’</strong></span> <span class='ocrx_word' id='word_1_12' title='bbox 1402 521 1456 571; x_wconf 79' lang='grc' dir='ltr'>αἱ</span> <span class='ocrx_word' id='word_1_13' title='bbox 1496 518 1704 570; x_wconf 71' lang='grc' dir='ltr'>σύνοδοι</span> <span class='ocrx_word' id='word_1_14' title='bbox 1741 520 2085 589; x_wconf 65' lang='grc' dir='ltr'>θαρρούντως</span> <span class='ocrx_word' id='word_1_15' title='bbox 2115 526 2160 580; x_wconf 82' lang='grc' dir='ltr'>Α</span> <span class='ocrx_word' id='word_1_16' title='bbox 2191 520 2277 571; x_wconf 84' lang='lat' dir='ltr'><strong>dut</strong></span> 
     </span>
    </p>
   </div>
   <div class='ocr_carea' id='block_1_5' title="bbox 2007 517 3769 590">
    <p class='ocr_par' dir='ltr' id='par_1_5' title="bbox 2014 517 3769 588">
     <span class='ocr_line' id='line_1_5' title="bbox 2014 517 3769 588; baseline -0.001 -17"><span class='ocrx_word' id='word_1_17' title='bbox 2014 538 2085 581; x_wconf 89' lang='grc' dir='ltr'><strong>ως</strong></span> <span class='ocrx_word' id='word_1_18' title='bbox 2115 526 2160 580; x_wconf 83' lang='grc' dir='ltr'>Α</span> <span class='ocrx_word' id='word_1_19' title='bbox 2191 520 2319 571; x_wconf 89' lang='lat' dir='ltr'><strong>dum</strong></span> <span class='ocrx_word' id='word_1_20' title='bbox 2366 521 2736 588; x_wconf 76' lang='lat' dir='ltr'><strong>hypnstasiin:</strong></span> <span class='ocrx_word' id='word_1_21' title='bbox 2795 528 2846 572; x_wconf 88' lang='lat' dir='ltr'><strong>et</strong></span> <span class='ocrx_word' id='word_1_22' title='bbox 2897 521 3086 588; x_wconf 90' lang='lat' dir='ltr'><strong>quinta</strong></span> <span class='ocrx_word' id='word_1_23' title='bbox 3137 520 3272 573; x_wconf 88' lang='lat' dir='ltr'><strong>duas</strong></span> <span class='ocrx_word' id='word_1_24' title='bbox 3316 517 3659 578; x_wconf 85' lang='lat' dir='ltr'><strong>voluntates,</strong></span> <span class='ocrx_word' id='word_1_25' title='bbox 3715 527 3769 571; x_wconf 87' lang='lat' dir='ltr'><strong>et.</strong></span> 
     </span>
    </p>
   </div>
   <div class='ocr_carea' id='block_1_6' title="bbox 519 610 2082 682">
    <p class='ocr_par' dir='ltr' id='par_1_6' title="bbox 519 610 2082 682">
     <span class='ocr_line' id='line_1_6' title="bbox 519 610 2082 682; baseline -0.002 -17"><span class='ocrx_word' id='word_1_26' title='bbox 519 613 885 682; x_wconf 71' lang='grc' dir='ltr'><strong>προσέθηκαν,</strong></span> <span class='ocrx_word' id='word_1_27' title='bbox 913 614 973 664; x_wconf 74' lang='grc' dir='ltr'><strong>ἐκ</strong></span> <span class='ocrx_word' id='word_1_28' title='bbox 1001 612 1110 664; x_wconf 78' lang='grc' dir='ltr'><strong>τῶν</strong></span> <span class='ocrx_word' id='word_1_29' title='bbox 1145 611 1310 664; x_wconf 81' lang='grc' dir='ltr'>θείων</span> <span class='ocrx_word' id='word_1_30' title='bbox 1345 610 1584 681; x_wconf 71' lang='grc' dir='ltr'>Γραφῶν</span> <span class='ocrx_word' id='word_1_31' title='bbox 1616 610 1788 662; x_wconf 81' lang='grc' dir='ltr'>ταῦτα</span> <span class='ocrx_word' id='word_1_32' title='bbox 1825 612 2082 677; x_wconf 73' lang='grc' dir='ltr'>συνάγου‹</span> 
     </span>
    </p>
   </div>
   <div class='ocr_carea' id='block_1_7' title="bbox 520 701 2086 773">
    <p class='ocr_par' dir='ltr' id='par_1_7' title="bbox 520 701 2086 773">
     <span class='ocr_line' id='line_1_7' title="bbox 520 701 2086 773; baseline -0.003 -17"><span class='ocrx_word' id='word_1_33' title='bbox 520 721 633 767; x_wconf 77' lang='grc' dir='ltr'>σαι,</span> <span class='ocrx_word' id='word_1_34' title='bbox 661 703 835 773; x_wconf 80' lang='grc' dir='ltr'>ἀληθῆ</span> <span class='ocrx_word' id='word_1_35' title='bbox 868 721 930 770; x_wconf 87' lang='grc' dir='ltr'><strong>γε</strong></span> <span class='ocrx_word' id='word_1_36' title='bbox 962 705 1110 756; x_wconf 69' lang='grc' dir='ltr'>εντα.</span> <span class='ocrx_word' id='word_1_37' title='bbox 1136 704 1243 756; x_wconf 73' lang='grc' dir='ltr'>Καὶ</span> <span class='ocrx_word' id='word_1_38' title='bbox 1273 705 1373 754; x_wconf 79' lang='grc' dir='ltr'>οὐκ</span> <span class='ocrx_word' id='word_1_39' title='bbox 1399 701 1650 754; x_wconf 81' lang='grc' dir='ltr'>ἐντεῦθεν</span> <span class='ocrx_word' id='word_1_40' title='bbox 1683 703 1878 770; x_wconf 77' lang='grc' dir='ltr'>ἑτέραν</span> <span class='ocrx_word' id='word_1_41' title='bbox 1905 702 2086 753; x_wconf 83' lang='grc' dir='ltr'>πίστιν</span> 
     </span>
    </p>
   </div>
   <div class='ocr_carea' id='block_1_8' title="bbox 518 785 2090 867">
    <p class='ocr_par' dir='ltr' id='par_1_8' title="bbox 518 785 2090 867">
     <span class='ocr_line' id='line_1_8' title="bbox 518 785 2090 867; baseline -0.001 -17"><span class='ocrx_word' id='word_1_42' title='bbox 518 798 902 867; x_wconf 79' lang='grc' dir='ltr'><strong>πεποιήκασιν,</strong></span> <span class='ocrx_word' id='word_1_43' title='bbox 936 798 1010 859; x_wconf 84' lang='grc' dir='ltr'>ὡς</span> <span class='ocrx_word' id='word_1_44' title='bbox 1043 798 1138 850; x_wconf 74' lang='grc' dir='ltr'>καὶ</span> <span class='ocrx_word' id='word_1_45' title='bbox 1174 785 1464 866; x_wconf 68' lang='grc' dir='ltr'>τέρολαϐὼν</span> <span class='ocrx_word' id='word_1_46' title='bbox 1488 797 1515 848; x_wconf 91' lang='lat'><strong>6</strong></span> <span class='ocrx_word' id='word_1_47' title='bbox 1543 795 1684 857; x_wconf 77' lang='grc' dir='ltr'>θεῖος</span> <span class='ocrx_word' id='word_1_48' title='bbox 1711 796 1966 862; x_wconf 74' lang='grc' dir='ltr'>Μάξιμος</span> <span class='ocrx_word' id='word_1_49' title='bbox 1991 811 2090 849; x_wconf 81' lang='grc' dir='ltr'>σα-</span> 
     </span>
    </p>
   </div>
   <div class='ocr_carea' id='block_1_9' title="bbox 519 885 2090 957">
    <p class='ocr_par' dir='ltr' id='par_1_9' title="bbox 519 885 2090 957">
     <span class='ocr_line' id='line_1_9' title="bbox 519 885 2090 957; baseline -0.003 -16"><span class='ocrx_word' id='word_1_50' title='bbox 519 889 757 957; x_wconf 83' lang='grc' dir='ltr'>φέστατα</span> <span class='ocrx_word' id='word_1_51' title='bbox 787 889 1078 957; x_wconf 77' lang='grc' dir='ltr'>ἐδήλωσεν,</span> <span class='ocrx_word' id='word_1_52' title='bbox 1109 887 1278 940; x_wconf 83' lang='grc' dir='ltr'>είπὼν</span> <span class='ocrx_word' id='word_1_53' title='bbox 1308 904 1320 918; x_wconf 87' lang='grc'><strong>·</strong></span> <span class='ocrx_word' id='word_1_54' title='bbox 1365 907 1384 939; x_wconf 78' lang='grc' dir='ltr'><strong>ι</strong></span> <span class='ocrx_word' id='word_1_55' title='bbox 1435 889 1588 942; x_wconf 77' lang='grc' dir='ltr'>Πᾶσα</span> <span class='ocrx_word' id='word_1_56' title='bbox 1624 885 1839 948; x_wconf 76' lang='grc' dir='ltr'><strong>σύνοδος</strong></span> <span class='ocrx_word' id='word_1_57' title='bbox 1872 887 2090 953; x_wconf 57' lang='lat'><strong>690086-</strong></span> 
     </span>
    </p>
   </div>
   <div class='ocr_carea' id='block_1_10' title="bbox 522 977 2092 1049">
    <p class='ocr_par' dir='ltr' id='par_1_10' title="bbox 522 977 2092 1049">
     <span class='ocr_line' id='line_1_10' title="bbox 522 977 2092 1049; baseline 0.001 -21"><span class='ocrx_word' id='word_1_58' title='bbox 522 981 628 1044; x_wconf 83' lang='grc' dir='ltr'><strong>ξων</strong></span> <span class='ocrx_word' id='word_1_59' title='bbox 677 981 772 1032; x_wconf 81' lang='grc' dir='ltr'>καὶ</span> <span class='ocrx_word' id='word_1_60' title='bbox 819 979 990 1045; x_wconf 84' lang='grc' dir='ltr'>ἁγίων</span> <span class='ocrx_word' id='word_1_61' title='bbox 1020 979 1230 1049; x_wconf 83' lang='grc' dir='ltr'>ἀνδρῶν</span> <span class='ocrx_word' id='word_1_62' title='bbox 1272 980 1370 1030; x_wconf 82' lang='grc' dir='ltr'><strong>οὐκ</strong></span> <span class='ocrx_word' id='word_1_63' title='bbox 1401 979 1560 1032; x_wconf 79' lang='grc' dir='ltr'>ἄλλον</span> <span class='ocrx_word' id='word_1_64' title='bbox 1593 977 1832 1038; x_wconf 76' lang='grc' dir='ltr'>πίστεως</span> <span class='ocrx_word' id='word_1_65' title='bbox 1857 977 1979 1046; x_wconf 85' lang='grc' dir='ltr'>ὅρον</span> <span class='ocrx_word' id='word_1_66' title='bbox 2006 978 2092 1030; x_wconf 86' lang='grc' dir='ltr'><strong>διὰ</strong></span> 
     </span>
    </p>
   </div>
   <div class='ocr_carea' id='block_1_11' title="bbox 519 1070 2095 1140">
    <p class='ocr_par' dir='ltr' id='par_1_11' title="bbox 519 1070 2095 1140">
     <span class='ocr_line' id='line_1_11' title="bbox 519 1070 2095 1140; baseline -0.003 -16"><span class='ocrx_word' id='word_1_67' title='bbox 519 1074 616 1140; x_wconf 82' lang='grc' dir='ltr'><strong>τῆς</strong></span> <span class='ocrx_word' id='word_1_68' title='bbox 648 1073 1034 1140; x_wconf 83' lang='grc' dir='ltr'>ὲπεισαγωγῆς</span> <span class='ocrx_word' id='word_1_69' title='bbox 1082 1071 1191 1121; x_wconf 81' lang='grc' dir='ltr'><strong>τῶν</strong></span> <span class='ocrx_word' id='word_1_70' title='bbox 1245 1070 1461 1123; x_wconf 79' lang='grc' dir='ltr'>οἰκείων</span> <span class='ocrx_word' id='word_1_71' title='bbox 1516 1071 1777 1140; x_wconf 74' lang='grc' dir='ltr'>ῥημάτων</span> <span class='ocrx_word' id='word_1_72' title='bbox 1818 1070 2095 1131; x_wconf 82' lang='grc' dir='ltr'>παντε)ὦς</span> 
     </span>
    </p>
   </div>
   <div class='ocr_carea' id='block_1_12' title="bbox 522 1161 2090 1235">
    <p class='ocr_par' dir='ltr' id='par_1_12' title="bbox 522 1161 2090 1235">
     <span class='ocr_line' id='line_1_12' title="bbox 522 1161 2090 1235; baseline -0.003 -17"><span class='ocrx_word' id='word_1_73' title='bbox 522 1167 910 1235; x_wconf 80' lang='grc' dir='ltr'>ἐπεισήγαγον,</span> <span class='ocrx_word' id='word_1_74' title='bbox 937 1164 1011 1227; x_wconf 87' lang='grc' dir='ltr'>ὠς</span> <span class='ocrx_word' id='word_1_75' title='bbox 1057 1164 1213 1233; x_wconf 79' lang='grc' dir='ltr'>ὑμεῖς</span> <span class='ocrx_word' id='word_1_76' title='bbox 1243 1161 1633 1228; x_wconf 58' lang='grc' dir='ltr'>ἀποφαίνεσθε,</span> <span class='ocrx_word' id='word_1_77' title='bbox 1664 1177 1683 1212; x_wconf 69' lang='grc' dir='ltr'><strong>ι</strong></span> <span class='ocrx_word' id='word_1_78' title='bbox 1717 1163 1809 1213; x_wconf 72' lang='grc' dir='ltr'><strong>καὶ</strong></span> <span class='ocrx_word' id='word_1_79' title='bbox 1843 1162 1907 1214; x_wconf 82' lang='grc' dir='ltr'>τὰ</span> <span class='ocrx_word' id='word_1_80' title='bbox 1945 1161 2090 1228; x_wconf 81' lang='grc' dir='ltr'>ἑξῆς.</span> 
     </span>
    </p>
   </div>
   <div class='ocr_carea' id='block_1_13' title="bbox 522 1252 2097 1327">
    <p class='ocr_par' dir='ltr' id='par_1_13' title="bbox 522 1252 2097 1327">
     <span class='ocr_line' id='line_1_13' title="bbox 522 1252 2097 1327; baseline -0.004 -16"><span class='ocrx_word' id='word_1_81' title='bbox 522 1261 631 1312; x_wconf 73' lang='grc' dir='ltr'>Καὶ</span> <span class='ocrx_word' id='word_1_82' title='bbox 663 1260 695 1327; x_wconf 78' lang='grc' dir='ltr'>ἡ</span> <span class='ocrx_word' id='word_1_83' title='bbox 733 1259 860 1323; x_wconf 82' lang='grc' dir='ltr'>ἁγία</span> <span class='ocrx_word' id='word_1_84' title='bbox 891 1257 946 1310; x_wconf 77' lang='grc' dir='ltr'>δὲ</span> <span class='ocrx_word' id='word_1_85' title='bbox 994 1255 1347 1324; x_wconf 79' lang='grc' dir='ltr'>οἰκουμενικὴ</span> <span class='ocrx_word' id='word_1_86' title='bbox 1386 1254 1588 1322; x_wconf 79' lang='grc' dir='ltr'>ἑϐδόμη</span> <span class='ocrx_word' id='word_1_87' title='bbox 1640 1252 1857 1315; x_wconf 75' lang='grc' dir='ltr'><strong>σύνοδος</strong></span> <span class='ocrx_word' id='word_1_88' title='bbox 1893 1255 1956 1305; x_wconf 80' lang='grc' dir='ltr'><strong>ὲκ</strong></span> <span class='ocrx_word' id='word_1_89' title='bbox 1989 1253 2097 1305; x_wconf 84' lang='grc' dir='ltr'>Πα-</span> 
     </span>
    </p>
   </div>
   <div class='ocr_carea' id='block_1_14' title="bbox 516 1345 2096 1420">
    <p class='ocr_par' dir='ltr' id='par_1_14' title="bbox 516 1345 2096 1420">
     <span class='ocr_line' id='line_1_14' title="bbox 516 1345 2096 1420; baseline -0.004 -17"><span class='ocrx_word' id='word_1_90' title='bbox 516 1351 645 1420; x_wconf 81' lang='grc' dir='ltr'>τρδς</span> <span class='ocrx_word' id='word_1_91' title='bbox 667 1350 732 1402; x_wconf 75' lang='grc' dir='ltr'>δι’</span> <span class='ocrx_word' id='word_1_92' title='bbox 757 1349 884 1401; x_wconf 81' lang='grc' dir='ltr'>Υίοῦ</span> <span class='ocrx_word' id='word_1_93' title='bbox 915 1349 1315 1418; x_wconf 78' lang='grc' dir='ltr'>ἐκπορεύεσθαι</span> <span class='ocrx_word' id='word_1_94' title='bbox 1341 1348 1402 1399; x_wconf 75' lang='grc' dir='ltr'>τὸ</span> <span class='ocrx_word' id='word_1_95' title='bbox 1433 1345 1660 1416; x_wconf 84' lang='grc' dir='ltr'>Πνεῦμα</span> <span class='ocrx_word' id='word_1_96' title='bbox 1682 1345 1742 1398; x_wconf 79' lang='grc' dir='ltr'>τὸ</span> <span class='ocrx_word' id='word_1_97' title='bbox 1766 1346 1924 1412; x_wconf 77' lang='grc' dir='ltr'>ἅγιον</span> <span class='ocrx_word' id='word_1_98' title='bbox 1952 1346 2096 1398; x_wconf 76' lang='grc' dir='ltr'>ἔθεο-</span> 
     </span>
    </p>
   </div>
   <div class='ocr_carea' id='block_1_15' title="bbox 521 1437 2097 1510">
    <p class='ocr_par' dir='ltr' id='par_1_15' title="bbox 521 1437 2097 1510">
     <span class='ocr_line' id='line_1_15' title="bbox 521 1437 2097 1510; baseline -0.001 -18"><span class='ocrx_word' id='word_1_99' title='bbox 521 1443 742 1510; x_wconf 79' lang='grc' dir='ltr'>λόγησε.</span> <span class='ocrx_word' id='word_1_100' title='bbox 783 1441 898 1493; x_wconf 71' lang='grc' dir='ltr'><strong>Καὶ</strong></span> <span class='ocrx_word' id='word_1_101' title='bbox 957 1441 1068 1507; x_wconf 79' lang='grc' dir='ltr'>πρὸ</span> <span class='ocrx_word' id='word_1_102' title='bbox 1094 1439 1299 1507; x_wconf 81' lang='grc' dir='ltr'><strong>ταύτης</strong></span> <span class='ocrx_word' id='word_1_103' title='bbox 1337 1439 1579 1490; x_wconf 79' lang='grc' dir='ltr'>πλεῖστοι</span> <span class='ocrx_word' id='word_1_104' title='bbox 1613 1437 1721 1488; x_wconf 84' lang='grc' dir='ltr'>τῶν</span> <span class='ocrx_word' id='word_1_105' title='bbox 1748 1438 1923 1503; x_wconf 83' lang='grc' dir='ltr'>ἁγίων</span> <span class='ocrx_word' id='word_1_106' title='bbox 1955 1437 2097 1490; x_wconf 73' lang='grc' dir='ltr'>οὕτω</span> 
     </span>
    </p>
   </div>
   <div class='ocr_carea' id='block_1_16' title="bbox 520 1526 2100 1602">
    <p class='ocr_par' dir='ltr' id='par_1_16' title="bbox 520 1526 2100 1602">
     <span class='ocr_line' id='line_1_16' title="bbox 520 1526 2100 1602; baseline -0.006 -18"><span class='ocrx_word' id='word_1_107' title='bbox 520 1548 582 1598; x_wconf 83' lang='grc' dir='ltr'><strong>γε</strong></span> <span class='ocrx_word' id='word_1_108' title='bbox 640 1533 1026 1602; x_wconf 82' lang='grc' dir='ltr'>ὲθεο).όγησαν,</span> <span class='ocrx_word' id='word_1_109' title='bbox 1065 1531 1163 1583; x_wconf 79' lang='grc' dir='ltr'>καί</span> <span class='ocrx_word' id='word_1_110' title='bbox 1191 1530 1257 1592; x_wconf 79' lang='grc' dir='ltr'><strong>ἐξ</strong></span> <span class='ocrx_word' id='word_1_111' title='bbox 1283 1529 1470 1583; x_wconf 83' lang='grc' dir='ltr'>αὑτοῦ</span> <span class='ocrx_word' id='word_1_112' title='bbox 1501 1528 1608 1582; x_wconf 80' lang='grc' dir='ltr'><strong>τοῦ</strong></span> <span class='ocrx_word' id='word_1_113' title='bbox 1639 1527 1795 1589; x_wconf 82' lang='grc' dir='ltr'>Υίοῦ,</span> <span class='ocrx_word' id='word_1_114' title='bbox 1817 1528 1913 1580; x_wconf 79' lang='grc' dir='ltr'><strong>καὶ</strong></span> <span class='ocrx_word' id='word_1_115' title='bbox 1946 1526 2100 1578; x_wconf 75' lang='grc' dir='ltr'>ἴδιον</span> 
     </span>
    </p>
   </div>
   <div class='ocr_carea' id='block_1_17' title="bbox 521 1619 2099 1687">
    <p class='ocr_par' dir='ltr' id='par_1_17' title="bbox 521 1619 2099 1687">
     <span class='ocr_line' id='line_1_17' title="bbox 521 1619 2099 1687; baseline -0.005 -11"><span class='ocrx_word' id='word_1_116' title='bbox 521 1624 711 1677; x_wconf 79' lang='grc' dir='ltr'>αὑτοῦ</span> <span class='ocrx_word' id='word_1_117' title='bbox 759 1640 844 1687; x_wconf 86' lang='grc' dir='ltr'><strong>τε,</strong></span> <span class='ocrx_word' id='word_1_118' title='bbox 900 1621 998 1677; x_wconf 80' lang='grc' dir='ltr'><strong>καὶ</strong></span> <span class='ocrx_word' id='word_1_119' title='bbox 1034 1621 1103 1686; x_wconf 80' lang='grc' dir='ltr'><strong>ἐξ</strong></span> <span class='ocrx_word' id='word_1_120' title='bbox 1143 1621 1356 1682; x_wconf 74' lang='grc' dir='ltr'>αὑτοῦ,</span> <span class='ocrx_word' id='word_1_121' title='bbox 1408 1619 1484 1684; x_wconf 80' lang='grc' dir='ltr'>ὡς</span> <span class='ocrx_word' id='word_1_122' title='bbox 1531 1621 1557 1672; x_wconf 97' lang='lat'><strong>6</strong></span> <span class='ocrx_word' id='word_1_123' title='bbox 1592 1619 1863 1687; x_wconf 80' lang='grc' dir='ltr'>Κύριλ).ος</span> <span class='ocrx_word' id='word_1_124' title='bbox 1896 1621 1952 1669; x_wconf 85' lang='grc' dir='ltr'>ὲν</span> <span class='ocrx_word' id='word_1_125' title='bbox 1988 1619 2099 1677; x_wconf 84' lang='grc' dir='ltr'>τοῖς</span> 
     </span>
    </p>
   </div>
   <div class='ocr_carea' id='block_1_18' title="bbox 533 1709 2098 1784">
    <p class='ocr_par' dir='ltr' id='par_1_18' title="bbox 533 1709 2098 1784">
     <span class='ocr_line' id='line_1_18' title="bbox 533 1709 2098 1784; baseline -0.006 -15"><span class='ocrx_word' id='word_1_126' title='bbox 533 1715 1055 1784; x_wconf 80' lang='grc' dir='ltr'>Ἀναοεματισμοῖς</span> <span class='ocrx_word' id='word_1_127' title='bbox 1103 1716 1129 1766; x_wconf 89' lang='lat'><strong>6</strong></span> <span class='ocrx_word' id='word_1_128' title='bbox 1165 1714 1474 1777; x_wconf 77' lang='grc' dir='ltr'>θεσπέσιος,</span> <span class='ocrx_word' id='word_1_129' title='bbox 1506 1712 1596 1764; x_wconf 70' lang='grc' dir='ltr'><strong>καὶ</strong></span> <span class='ocrx_word' id='word_1_130' title='bbox 1628 1711 1909 1771; x_wconf 76' lang='grc' dir='ltr'>Βασίλειος</span> <span class='ocrx_word' id='word_1_131' title='bbox 1963 1709 2098 1777; x_wconf 73' lang='grc' dir='ltr'>πρὸς</span> 
     </span>
    </p>
   </div>
   <div class='ocr_carea' id='block_1_19' title="bbox 521 1805 2099 1876">
    <p class='ocr_par' dir='ltr' id='par_1_19' title="bbox 521 1805 2099 1876">
     <span class='ocr_line' id='line_1_19' title="bbox 521 1805 2099 1876; baseline -0.003 -14"><span class='ocrx_word' id='word_1_132' title='bbox 521 1810 647 1871; x_wconf 72' lang='grc' dir='ltr'>τοῦς</span> <span class='ocrx_word' id='word_1_133' title='bbox 677 1809 959 1876; x_wconf 76' lang='grc' dir='ltr'>λέγοντας,</span> <span class='ocrx_word' id='word_1_134' title='bbox 996 1807 1148 1861; x_wconf 76' lang='grc' dir='ltr'>Διατί</span> <span class='ocrx_word' id='word_1_135' title='bbox 1183 1809 1256 1876; x_wconf 77' lang='grc' dir='ltr'>μὴ</span> <span class='ocrx_word' id='word_1_136' title='bbox 1294 1808 1421 1869; x_wconf 73' lang='grc' dir='ltr'>Υἱὸς</span> <span class='ocrx_word' id='word_1_137' title='bbox 1453 1805 1548 1860; x_wconf 89' lang='grc' dir='ltr'><strong>τοῦ</strong></span> <span class='ocrx_word' id='word_1_138' title='bbox 1577 1806 1709 1858; x_wconf 85' lang='grc' dir='ltr'>Υίοῦ</span> <span class='ocrx_word' id='word_1_139' title='bbox 1741 1807 1800 1858; x_wconf 75' lang='grc' dir='ltr'><strong>τὸ</strong></span> <span class='ocrx_word' id='word_1_140' title='bbox 1835 1805 2056 1871; x_wconf 87' lang='grc' dir='ltr'>Πνεῦμα</span> <span class='ocrx_word' id='word_1_141' title='bbox 2087 1823 2099 1867; x_wconf 88' lang='lat'>;</span> 
     </span>
    </p>
   </div>
   <div class='ocr_carea' id='block_1_20' title="bbox 2195 612 3770 681">
    <p class='ocr_par' dir='ltr' id='par_1_20' title="bbox 2195 612 3770 681">
     <span class='ocr_line' id='line_1_20' title="bbox 2195 612 3770 681; baseline -0.003 -15"><span class='ocrx_word' id='word_1_142' title='bbox 2195 629 2362 666; x_wconf 91' lang='lat' dir='ltr'><strong>unum</strong></span> <span class='ocrx_word' id='word_1_143' title='bbox 2397 614 2700 678; x_wconf 81' lang='lat' dir='ltr'><strong>volentem;</strong></span> <span class='ocrx_word' id='word_1_144' title='bbox 2733 622 2783 665; x_wconf 81' lang='lat' dir='ltr'><strong>et</strong></span> <span class='ocrx_word' id='word_1_145' title='bbox 2807 622 2960 668; x_wconf 82' lang='lat' dir='ltr'><strong>sexta</strong></span> <span class='ocrx_word' id='word_1_146' title='bbox 2985 613 3119 667; x_wconf 90' lang='lat' dir='ltr'><strong>duas</strong></span> <span class='ocrx_word' id='word_1_147' title='bbox 3145 612 3495 681; x_wconf 82' lang='lat' dir='ltr'><strong>operationes</strong></span> <span class='ocrx_word' id='word_1_148' title='bbox 3525 621 3580 664; x_wconf 90' lang='lat' dir='ltr'><strong>et</strong></span> <span class='ocrx_word' id='word_1_149' title='bbox 3603 624 3770 662; x_wconf 90' lang='lat' dir='ltr'><strong>unum</strong></span> 
     </span>
    </p>
   </div>
   <div class='ocr_carea' id='block_1_21' title="bbox 2192 702 3772 774">
    <p class='ocr_par' dir='ltr' id='par_1_21' title="bbox 2192 702 3772 774">
     <span class='ocr_line' id='line_1_21' title="bbox 2192 702 3772 774; baseline -0.001 -18"><span class='ocrx_word' id='word_1_150' title='bbox 2192 715 2506 774; x_wconf 85' lang='lat' dir='ltr'><strong>operantem</strong></span> <span class='ocrx_word' id='word_1_151' title='bbox 2560 725 2572 759; x_wconf 93' lang='lat'><strong>:</strong></span> <span class='ocrx_word' id='word_1_152' title='bbox 2615 722 2735 774; x_wconf 77' lang='lat' dir='ltr'><strong>ane</strong></span> <span class='ocrx_word' id='word_1_153' title='bbox 2784 708 2964 758; x_wconf 86' lang='lat' dir='ltr'><strong>tamen</strong></span> <span class='ocrx_word' id='word_1_154' title='bbox 3019 718 3299 774; x_wconf 91' lang='lat' dir='ltr'><strong>nunquam</strong></span> <span class='ocrx_word' id='word_1_155' title='bbox 3356 704 3411 756; x_wconf 93' lang='lat' dir='ltr'><strong>in</strong></span> <span class='ocrx_word' id='word_1_156' title='bbox 3483 702 3772 769; x_wconf 73' lang='lat' dir='ltr'><strong>Scriptura</strong></span> 
     </span>
    </p>
   </div>
   <div class='ocr_carea' id='block_1_22' title="bbox 2196 794 3772 868">
    <p class='ocr_par' dir='ltr' id='par_1_22' title="bbox 2196 794 3772 868">
     <span class='ocr_line' id='line_1_22' title="bbox 2196 794 3772 868; baseline -0.003 -18"><span class='ocrx_word' id='word_1_157' title='bbox 2196 799 2488 852; x_wconf 78' lang='lat' dir='ltr'><strong>inveneris.</strong></span> <span class='ocrx_word' id='word_1_158' title='bbox 2517 798 2622 852; x_wconf 89' lang='lat' dir='ltr'><strong>Sed</strong></span> <span class='ocrx_word' id='word_1_159' title='bbox 2659 799 2852 868; x_wconf 77' lang='lat' dir='ltr'><strong>synodi</strong></span> <span class='ocrx_word' id='word_1_160' title='bbox 2880 797 3219 852; x_wconf 74' lang='lat' dir='ltr'><strong>conﬁdenter</strong></span> <span class='ocrx_word' id='word_1_161' title='bbox 3249 794 3572 862; x_wconf 77' lang='lat' dir='ltr'><strong>colligentes</strong></span> <span class='ocrx_word' id='word_1_162' title='bbox 3596 810 3658 848; x_wconf 89' lang='lat' dir='ltr'><strong>ea</strong></span> <span class='ocrx_word' id='word_1_163' title='bbox 3691 794 3772 848; x_wconf 80' lang='lat' dir='ltr'><strong>uti</strong></span> 
     </span>
    </p>
   </div>
   <div class='ocr_carea' id='block_1_23' title="bbox 2196 888 3773 957">
    <p class='ocr_par' dir='ltr' id='par_1_23' title="bbox 2196 888 3773 957">
     <span class='ocr_line' id='line_1_23' title="bbox 2196 888 3773 957; baseline 0.001 -18"><span class='ocrx_word' id='word_1_164' title='bbox 2196 906 2321 944; x_wconf 87' lang='lat' dir='ltr'><strong>vera</strong></span> <span class='ocrx_word' id='word_1_165' title='bbox 2354 907 2416 944; x_wconf 81' lang='lat' dir='ltr'><strong>ex</strong></span> <span class='ocrx_word' id='word_1_166' title='bbox 2453 891 2630 945; x_wconf 77' lang='lat' dir='ltr'><strong>sacris</strong></span> <span class='ocrx_word' id='word_1_167' title='bbox 2648 888 2870 944; x_wconf 76' lang='lat' dir='ltr'><strong>Litteris</strong></span> <span class='ocrx_word' id='word_1_168' title='bbox 2902 891 3252 952; x_wconf 89' lang='lat' dir='ltr'><strong>addiderunt,</strong></span> <span class='ocrx_word' id='word_1_169' title='bbox 3281 901 3459 956; x_wconf 88' lang='lat' dir='ltr'><strong>neque</strong></span> <span class='ocrx_word' id='word_1_170' title='bbox 3490 896 3773 957; x_wconf 74' lang='lat' dir='ltr'><strong>propterea</strong></span> 
     </span>
    </p>
   </div>
   <div class='ocr_carea' id='block_1_24' title="bbox 2199 981 3780 1052">
    <p class='ocr_par' dir='ltr' id='par_1_24' title="bbox 2199 981 3780 1052">
     <span class='ocr_line' id='line_1_24' title="bbox 2199 981 3780 1052; baseline -0.003 -16"><span class='ocrx_word' id='word_1_171' title='bbox 2199 985 2353 1038; x_wconf 84' lang='lat' dir='ltr'><strong>iidem</strong></span> <span class='ocrx_word' id='word_1_172' title='bbox 2400 984 2563 1037; x_wconf 89' lang='lat' dir='ltr'><strong>aliam</strong></span> <span class='ocrx_word' id='word_1_173' title='bbox 2602 999 2980 1052; x_wconf 86' lang='lat' dir='ltr'><strong>composuere,</strong></span> <span class='ocrx_word' id='word_1_174' title='bbox 3013 982 3476 1052; x_wconf 89' lang='lat' dir='ltr'><strong>quemadmodum</strong></span> <span class='ocrx_word' id='word_1_175' title='bbox 3526 981 3641 1049; x_wconf 85' lang='lat' dir='ltr'><strong>jam</strong></span> <span class='ocrx_word' id='word_1_176' title='bbox 3688 996 3780 1033; x_wconf 83' lang='lat' dir='ltr'><strong>su-</strong></span> 
     </span>
    </p>
   </div>
   <div class='ocr_carea' id='block_1_25' title="bbox 2198 1072 3780 1146">
    <p class='ocr_par' dir='ltr' id='par_1_25' title="bbox 2198 1072 3780 1146">
     <span class='ocr_line' id='line_1_25' title="bbox 2198 1072 3780 1146; baseline -0.004 -18"><span class='ocrx_word' id='word_1_177' title='bbox 2198 1078 2478 1146; x_wconf 83' lang='lat' dir='ltr'><strong>pradictus</strong></span> <span class='ocrx_word' id='word_1_178' title='bbox 2509 1075 2668 1129; x_wconf 87' lang='lat' dir='ltr'><strong>divus</strong></span> <span class='ocrx_word' id='word_1_179' title='bbox 2697 1075 2966 1128; x_wconf 82' lang='lat' dir='ltr'><strong>Maximus</strong></span> <span class='ocrx_word' id='word_1_180' title='bbox 2999 1075 3349 1144; x_wconf 82' lang='lat' dir='ltr'><strong>apertissime</strong></span> <span class='ocrx_word' id='word_1_181' title='bbox 3386 1073 3492 1128; x_wconf 89' lang='lat' dir='ltr'><strong>illis</strong></span> <span class='ocrx_word' id='word_1_182' title='bbox 3533 1072 3780 1126; x_wconf 85' lang='lat' dir='ltr'><strong>declara-</strong></span> 
     </span>
    </p>
   </div>
   <div class='ocr_carea' id='block_1_26' title="bbox 2199 1163 3781 1234">
    <p class='ocr_par' dir='ltr' id='par_1_26' title="bbox 2199 1163 3781 1234">
     <span class='ocr_line' id='line_1_26' title="bbox 2199 1163 3781 1234; baseline 0.001 -21"><span class='ocrx_word' id='word_1_183' title='bbox 2199 1168 2267 1218; x_wconf 88' lang='lat' dir='ltr'><strong>vit</strong></span> <span class='ocrx_word' id='word_1_184' title='bbox 2301 1185 2314 1220; x_wconf 91' lang='lat'><strong>:</strong></span> <span class='ocrx_word' id='word_1_185' title='bbox 2353 1184 2369 1214; x_wconf 75' lang='lat' dir='ltr'><strong>r</strong></span> <span class='ocrx_word' id='word_1_186' title='bbox 2414 1164 2604 1218; x_wconf 80' lang='lat' dir='ltr'><strong>Omnis</strong></span> <span class='ocrx_word' id='word_1_187' title='bbox 2639 1165 2884 1234; x_wconf 78' lang='lat' dir='ltr'><strong>synodus</strong></span> <span class='ocrx_word' id='word_1_188' title='bbox 2920 1174 3066 1218; x_wconf 87' lang='lat' dir='ltr'><strong>recte</strong></span> <span class='ocrx_word' id='word_1_189' title='bbox 3096 1164 3455 1218; x_wconf 84' lang='lat' dir='ltr'><strong>sentientium</strong></span> <span class='ocrx_word' id='word_1_190' title='bbox 3489 1173 3543 1216; x_wconf 86' lang='lat' dir='ltr'><strong>et</strong></span> <span class='ocrx_word' id='word_1_191' title='bbox 3571 1163 3781 1216; x_wconf 86' lang='lat' dir='ltr'><strong>sancti-</strong></span> 
     </span>
    </p>
   </div>
   <div class='ocr_carea' id='block_1_27' title="bbox 2200 1253 3779 1311">
    <p class='ocr_par' dir='ltr' id='par_1_27' title="bbox 2200 1253 3779 1311">
     <span class='ocr_line' id='line_1_27' title="bbox 2200 1253 3779 1311; baseline -0.003 -1"><span class='ocrx_word' id='word_1_192' title='bbox 2200 1267 2308 1311; x_wconf 82' lang='lat' dir='ltr'><strong>tate</strong></span> <span class='ocrx_word' id='word_1_193' title='bbox 2361 1256 2650 1310; x_wconf 73' lang='lat' dir='ltr'><strong>illustrium</strong></span> <span class='ocrx_word' id='word_1_194' title='bbox 2703 1257 2942 1308; x_wconf 85' lang='lat' dir='ltr'><strong>virorum</strong></span> <span class='ocrx_word' id='word_1_195' title='bbox 2981 1270 3087 1309; x_wconf 92' lang='lat' dir='ltr'><strong>non</strong></span> <span class='ocrx_word' id='word_1_196' title='bbox 3122 1255 3280 1309; x_wconf 87' lang='lat' dir='ltr'><strong>aliam</strong></span> <span class='ocrx_word' id='word_1_197' title='bbox 3336 1255 3460 1309; x_wconf 81' lang='lat' dir='ltr'><strong>ﬁdei</strong></span> <span class='ocrx_word' id='word_1_198' title='bbox 3500 1253 3779 1309; x_wconf 82' lang='lat' dir='ltr'><strong>deﬁnitio-</strong></span> 
     </span>
    </p>
   </div>
   <div class='ocr_carea' id='block_1_28' title="bbox 2202 1347 3786 1419">
    <p class='ocr_par' dir='ltr' id='par_1_28' title="bbox 2202 1347 3786 1419">
     <span class='ocr_line' id='line_1_28' title="bbox 2202 1347 3786 1419; baseline -0.004 -16"><span class='ocrx_word' id='word_1_199' title='bbox 2202 1364 2324 1403; x_wconf 88' lang='lat' dir='ltr'><strong>nem</strong></span> <span class='ocrx_word' id='word_1_200' title='bbox 2375 1350 2720 1419; x_wconf 86' lang='lat' dir='ltr'><strong>propriorum</strong></span> <span class='ocrx_word' id='word_1_201' title='bbox 2765 1348 3058 1401; x_wconf 83' lang='lat' dir='ltr'><strong>verborum</strong></span> <span class='ocrx_word' id='word_1_202' title='bbox 3106 1347 3384 1401; x_wconf 87' lang='lat' dir='ltr'><strong>additione</strong></span> <span class='ocrx_word' id='word_1_203' title='bbox 3425 1363 3651 1415; x_wconf 85' lang='lat' dir='ltr'><strong>prorsus</strong></span> <span class='ocrx_word' id='word_1_204' title='bbox 3689 1363 3786 1400; x_wconf 69' lang='lat' dir='ltr'><strong>su.</strong></span> 
     </span>
    </p>
   </div>
   <div class='ocr_carea' id='block_1_29' title="bbox 2204 1436 3780 1507">
    <p class='ocr_par' dir='ltr' id='par_1_29' title="bbox 2204 1436 3780 1507">
     <span class='ocr_line' id='line_1_29' title="bbox 2204 1436 3780 1507; baseline -0.005 -15"><span class='ocrx_word' id='word_1_205' title='bbox 2204 1438 2535 1507; x_wconf 77' lang='lat' dir='ltr'><strong>perinduxit,</strong></span> <span class='ocrx_word' id='word_1_206' title='bbox 2564 1438 2728 1492; x_wconf 80' lang='lat' dir='ltr'><strong>veluti</strong></span> <span class='ocrx_word' id='word_1_207' title='bbox 2765 1453 2858 1493; x_wconf 82' lang='lat' dir='ltr'><strong>vos</strong></span> <span class='ocrx_word' id='word_1_208' title='bbox 2883 1438 3200 1504; x_wconf 85' lang='lat' dir='ltr'><strong>decernitis,</strong></span> <span class='ocrx_word' id='word_1_209' title='bbox 3237 1457 3255 1490; x_wconf 75' lang='grc' dir='ltr'><strong>ι</strong></span> <span class='ocrx_word' id='word_1_210' title='bbox 3309 1448 3361 1492; x_wconf 92' lang='lat' dir='ltr'><strong>et</strong></span> <span class='ocrx_word' id='word_1_211' title='bbox 3390 1439 3617 1505; x_wconf 89' lang='lat' dir='ltr'><strong>reliqua.</strong></span> <span class='ocrx_word' id='word_1_212' title='bbox 3646 1436 3780 1488; x_wconf 84' lang='lat' dir='ltr'><strong>Tum</strong></span> 
     </span>
    </p>
   </div>
   <div class='ocr_carea' id='block_1_30' title="bbox 2202 1530 3781 1601">
    <p class='ocr_par' dir='ltr' id='par_1_30' title="bbox 2202 1530 3781 1601">
     <span class='ocr_line' id='line_1_30' title="bbox 2202 1530 3781 1601; baseline -0.004 -16"><span class='ocrx_word' id='word_1_213' title='bbox 2202 1542 2462 1601; x_wconf 81' lang='lat' dir='ltr'><strong>praeterea</strong></span> <span class='ocrx_word' id='word_1_214' title='bbox 2506 1540 2700 1584; x_wconf 86' lang='lat' dir='ltr'><strong>sancta</strong></span> <span class='ocrx_word' id='word_1_215' title='bbox 2755 1534 3098 1586; x_wconf 69' lang='lat' dir='ltr'><strong>meumeniea</strong></span> <span class='ocrx_word' id='word_1_216' title='bbox 3150 1532 3381 1601; x_wconf 82' lang='lat' dir='ltr'><strong>septima</strong></span> <span class='ocrx_word' id='word_1_217' title='bbox 3427 1530 3671 1601; x_wconf 75' lang='lat' dir='ltr'><strong>synodus</strong></span> <span class='ocrx_word' id='word_1_218' title='bbox 3719 1544 3781 1579; x_wconf 73' lang='lat' dir='ltr'><strong>ex</strong></span> 
     </span>
    </p>
   </div>
   <div class='ocr_carea' id='block_1_31' title="bbox 2203 1622 3784 1693">
    <p class='ocr_par' dir='ltr' id='par_1_31' title="bbox 2203 1622 3784 1693">
     <span class='ocr_line' id='line_1_31' title="bbox 2203 1622 3784 1693; baseline -0.004 -17"><span class='ocrx_word' id='word_1_219' title='bbox 2203 1622 2364 1677; x_wconf 84' lang='lat' dir='ltr'><strong>Patre</strong></span> <span class='ocrx_word' id='word_1_220' title='bbox 2398 1638 2490 1689; x_wconf 91' lang='lat' dir='ltr'><strong>per</strong></span> <span class='ocrx_word' id='word_1_221' title='bbox 2522 1622 2718 1676; x_wconf 84' lang='lat' dir='ltr'><strong>Filium</strong></span> <span class='ocrx_word' id='word_1_222' title='bbox 2749 1623 3019 1693; x_wconf 89' lang='lat' dir='ltr'><strong>Spiritum</strong></span> <span class='ocrx_word' id='word_1_223' title='bbox 3057 1635 3305 1678; x_wconf 84' lang='lat' dir='ltr'><strong>sanetum</strong></span> <span class='ocrx_word' id='word_1_224' title='bbox 3338 1623 3634 1691; x_wconf 87' lang='lat' dir='ltr'><strong>procedere</strong></span> <span class='ocrx_word' id='word_1_225' title='bbox 3672 1631 3784 1670; x_wconf 84' lang='lat' dir='ltr'><strong>tra-</strong></span> 
     </span>
    </p>
   </div>
   <div class='ocr_carea' id='block_1_32' title="bbox 2206 1710 3784 1782">
    <p class='ocr_par' dir='ltr' id='par_1_32' title="bbox 2206 1710 3784 1782">
     <span class='ocr_line' id='line_1_32' title="bbox 2206 1710 3784 1782; baseline -0.006 -15"><span class='ocrx_word' id='word_1_226' title='bbox 2206 1713 2361 1777; x_wconf 88' lang='lat' dir='ltr'><strong>didit,</strong></span> <span class='ocrx_word' id='word_1_227' title='bbox 2385 1725 2439 1768; x_wconf 91' lang='lat' dir='ltr'><strong>et</strong></span> <span class='ocrx_word' id='word_1_228' title='bbox 2467 1724 2591 1766; x_wconf 88' lang='lat' dir='ltr'><strong>ante</strong></span> <span class='ocrx_word' id='word_1_229' title='bbox 2617 1728 2734 1766; x_wconf 89' lang='lat' dir='ltr'><strong>eam</strong></span> <span class='ocrx_word' id='word_1_230' title='bbox 2769 1726 3086 1767; x_wconf 88' lang='lat' dir='ltr'><strong>sanctorum</strong></span> <span class='ocrx_word' id='word_1_231' title='bbox 3129 1713 3346 1782; x_wconf 82' lang='lat' dir='ltr'><strong>plurimi</strong></span> <span class='ocrx_word' id='word_1_232' title='bbox 3393 1711 3604 1765; x_wconf 72' lang='lat' dir='ltr'><strong>dicendi</strong></span> <span class='ocrx_word' id='word_1_233' title='bbox 3639 1710 3784 1760; x_wconf 85' lang='lat' dir='ltr'><strong>illum</strong></span> 
     </span>
    </p>
   </div>
   <div class='ocr_carea' id='block_1_33' title="bbox 2210 1802 3788 1874">
    <p class='ocr_par' dir='ltr' id='par_1_33' title="bbox 2210 1802 3788 1874">
     <span class='ocr_line' id='line_1_33' title="bbox 2210 1802 3788 1874; baseline -0.006 -15"><span class='ocrx_word' id='word_1_234' title='bbox 2210 1805 2430 1859; x_wconf 88' lang='lat' dir='ltr'><strong>modum</strong></span> <span class='ocrx_word' id='word_1_235' title='bbox 2477 1815 2837 1874; x_wconf 90' lang='lat' dir='ltr'><strong>usurparunt,</strong></span> <span class='ocrx_word' id='word_1_236' title='bbox 2871 1813 2924 1858; x_wconf 83' lang='lat' dir='ltr'><strong>et</strong></span> <span class='ocrx_word' id='word_1_237' title='bbox 2964 1821 3029 1858; x_wconf 76' lang='lat' dir='ltr'><strong>ex</strong></span> <span class='ocrx_word' id='word_1_238' title='bbox 3064 1808 3176 1874; x_wconf 76' lang='lat' dir='ltr'><strong>ipso</strong></span> <span class='ocrx_word' id='word_1_239' title='bbox 3219 1803 3387 1864; x_wconf 78' lang='lat' dir='ltr'><strong>Filio,</strong></span> <span class='ocrx_word' id='word_1_240' title='bbox 3427 1812 3478 1855; x_wconf 88' lang='lat' dir='ltr'><strong>et</strong></span> <span class='ocrx_word' id='word_1_241' title='bbox 3515 1802 3788 1869; x_wconf 83' lang='lat' dir='ltr'><strong>proprium</strong></span> 
     </span>
    </p>
   </div>
   <div class='ocr_carea' id='block_1_34' title="bbox 521 1864 2283 1969">
    <p class='ocr_par' dir='ltr' id='par_1_34' title="bbox 521 1864 2283 1969">
     <span class='ocr_line' id='line_1_34' title="bbox 521 1864 2283 1969; baseline -0.003 -16"><span class='ocrx_word' id='word_1_242' title='bbox 521 1864 961 1969; x_wconf 46' lang='grc' dir='ltr'>ἀπολογούμενος</span> <span class='ocrx_word' id='word_1_243' title='bbox 998 1917 1011 1931; x_wconf 79' lang='grc'><strong><em>⁸</em></strong></span> <span class='ocrx_word' id='word_1_244' title='bbox 1052 1920 1070 1951; x_wconf 78' lang='grc' dir='ltr'><strong>ι</strong></span> <span class='ocrx_word' id='word_1_245' title='bbox 1123 1864 1194 1952; x_wconf 71' lang='lat' dir='ltr'><strong>Ot&#39;i</strong></span> <span class='ocrx_word' id='word_1_246' title='bbox 1225 1864 1312 1952; x_wconf 78' lang='grc' dir='ltr'>διὰ</span> <span class='ocrx_word' id='word_1_247' title='bbox 1365 1864 1424 1950; x_wconf 72' lang='grc' dir='ltr'><strong>τδ</strong></span> <span class='ocrx_word' id='word_1_248' title='bbox 1465 1899 1538 1966; x_wconf 78' lang='grc' dir='ltr'>μὴ</span> <span class='ocrx_word' id='word_1_249' title='bbox 1571 1894 1708 1950; x_wconf 82' lang='grc' dir='ltr'>εἶναι</span> <span class='ocrx_word' id='word_1_250' title='bbox 1759 1899 1822 1948; x_wconf 84' lang='grc' dir='ltr'>ἐκ</span> <span class='ocrx_word' id='word_1_251' title='bbox 1871 1864 2004 1948; x_wconf 78' lang='grc' dir='ltr'>Θεοῦ</span> <span class='ocrx_word' id='word_1_252' title='bbox 2035 1864 2100 1947; x_wconf 38' lang='grc' dir='ltr'>διλ</span> <span class='ocrx_word' id='word_1_253' title='bbox 2139 1864 2177 1920; x_wconf 75' lang='grc' dir='ltr'>Β</span> <span class='ocrx_word' id='word_1_254' title='bbox 2208 1895 2283 1947; x_wconf 82' lang='lat' dir='ltr'><strong>illi</strong></span> 
     </span>
    </p>
   </div>
   <div class='ocr_carea' id='block_1_35' title="bbox 2030 1864 3792 1969">
    <p class='ocr_par' dir='ltr' id='par_1_35' title="bbox 2035 1864 3792 1966">
     <span class='ocr_line' id='line_1_35' title="bbox 2035 1864 3792 1966; baseline -0.003 -19"><span class='ocrx_word' id='word_1_255' title='bbox 2035 1864 2100 1947; x_wconf 48' lang='grc' dir='ltr'><strong>διζ</strong></span> <span class='ocrx_word' id='word_1_256' title='bbox 2139 1864 2177 1920; x_wconf 73' lang='grc' dir='ltr'>Β</span> <span class='ocrx_word' id='word_1_257' title='bbox 2208 1895 2376 1957; x_wconf 83' lang='lat' dir='ltr'><strong>illius,</strong></span> <span class='ocrx_word' id='word_1_258' title='bbox 2405 1904 2457 1950; x_wconf 87' lang='lat' dir='ltr'><strong>et</strong></span> <span class='ocrx_word' id='word_1_259' title='bbox 2497 1911 2561 1948; x_wconf 73' lang='lat' dir='ltr'><strong>ex</strong></span> <span class='ocrx_word' id='word_1_260' title='bbox 2605 1864 2697 1948; x_wconf 77' lang='lat' dir='ltr'><strong>illo</strong></span> <span class='ocrx_word' id='word_1_261' title='bbox 2731 1905 2787 1949; x_wconf 91' lang='lat' dir='ltr'><strong>ut</strong></span> <span class='ocrx_word' id='word_1_262' title='bbox 2816 1864 3038 1949; x_wconf 86' lang='lat' dir='ltr'><strong>divinus</strong></span> <span class='ocrx_word' id='word_1_263' title='bbox 3084 1864 3320 1966; x_wconf 54' lang='lat' dir='ltr'><strong>tyrillns</strong></span> <span class='ocrx_word' id='word_1_264' title='bbox 3361 1896 3412 1947; x_wconf 93' lang='lat' dir='ltr'><strong>in</strong></span> <span class='ocrx_word' id='word_1_265' title='bbox 3459 1864 3792 1947; x_wconf 85' lang='lat' dir='ltr'><strong>Anathema-</strong></span> 
     </span>
    </p>
   </div>
   <div class='ocr_carea' id='block_1_36' title="bbox 524 1987 2101 2061">
    <p class='ocr_par' dir='ltr' id='par_1_36' title="bbox 524 1987 2101 2061">
     <span class='ocr_line' id='line_1_36' title="bbox 524 1987 2101 2061; baseline -0.005 -16"><span class='ocrx_word' id='word_1_266' title='bbox 524 1993 678 2056; x_wconf 75' lang='grc' dir='ltr'>Υίοῦ,</span> <span class='ocrx_word' id='word_1_267' title='bbox 727 1993 950 2061; x_wconf 74' lang='grc' dir='ltr'>ἔφησεν,</span> <span class='ocrx_word' id='word_1_268' title='bbox 983 1993 1096 2044; x_wconf 76' lang='grc' dir='ltr'><strong>ἀλλ’</strong></span> <span class='ocrx_word' id='word_1_269' title='bbox 1129 1993 1214 2044; x_wconf 77' lang='grc' dir='ltr'><strong>ἵνα</strong></span> <span class='ocrx_word' id='word_1_270' title='bbox 1245 1994 1276 2058; x_wconf 75' lang='grc' dir='ltr'>ἡ</span> <span class='ocrx_word' id='word_1_271' title='bbox 1315 1990 1488 2060; x_wconf 72' lang='grc' dir='ltr'>Τριὰς</span> <span class='ocrx_word' id='word_1_272' title='bbox 1527 1989 1600 2059; x_wconf 84' lang='grc' dir='ltr'>μὴ</span> <span class='ocrx_word' id='word_1_273' title='bbox 1649 1987 1933 2058; x_wconf 84' lang='grc' dir='ltr'>νομισθείη</span> <span class='ocrx_word' id='word_1_274' title='bbox 1967 1987 2101 2053; x_wconf 78' lang='grc' dir='ltr'><strong>πλῆ-</strong></span> 
     </span>
    </p>
   </div>
   <div class='ocr_carea' id='block_1_37' title="bbox 522 2079 2100 2155">
    <p class='ocr_par' dir='ltr' id='par_1_37' title="bbox 522 2079 2100 2155">
     <span class='ocr_line' id='line_1_37' title="bbox 522 2079 2100 2155; baseline -0.007 -15"><span class='ocrx_word' id='word_1_275' title='bbox 522 2085 612 2149; x_wconf 86' lang='grc' dir='ltr'><strong>θος</strong></span> <span class='ocrx_word' id='word_1_276' title='bbox 661 2089 887 2155; x_wconf 81' lang='grc' dir='ltr'>ἄπειρον</span> <span class='ocrx_word' id='word_1_277' title='bbox 931 2087 1080 2148; x_wconf 74' lang='grc' dir='ltr'>υἱοὺς</span> <span class='ocrx_word' id='word_1_278' title='bbox 1127 2084 1184 2150; x_wconf 77' lang='grc' dir='ltr'><strong>ἐξ</strong></span> <span class='ocrx_word' id='word_1_279' title='bbox 1237 2084 1391 2144; x_wconf 84' lang='grc' dir='ltr'>υἱῶν,</span> <span class='ocrx_word' id='word_1_280' title='bbox 1452 2083 1524 2145; x_wconf 84' lang='grc' dir='ltr'>ὼς</span> <span class='ocrx_word' id='word_1_281' title='bbox 1580 2085 1674 2134; x_wconf 73' lang='grc' dir='ltr'>καὶ</span> <span class='ocrx_word' id='word_1_282' title='bbox 1703 2084 1759 2132; x_wconf 82' lang='grc' dir='ltr'>ὲν</span> <span class='ocrx_word' id='word_1_283' title='bbox 1791 2079 2100 2146; x_wconf 77' lang='grc' dir='ltr'>ἀνθρώποις</span> 
     </span>
    </p>
   </div>
   <div class='ocr_carea' id='block_1_38' title="bbox 522 2170 2099 2247">
    <p class='ocr_par' dir='ltr' id='par_1_38' title="bbox 522 2170 2099 2247">
     <span class='ocr_line' id='line_1_38' title="bbox 522 2170 2099 2247; baseline -0.006 -17"><span class='ocrx_word' id='word_1_284' title='bbox 522 2181 663 2247; x_wconf 76' lang='grc' dir='ltr'>ἔχειν</span> <span class='ocrx_word' id='word_1_285' title='bbox 692 2178 1118 2231; x_wconf 82' lang='grc' dir='ltr'>ὑποπτευθεῖσα.</span> <span class='ocrx_word' id='word_1_286' title='bbox 1156 2194 1173 2227; x_wconf 72' lang='grc' dir='ltr'><strong>ι</strong></span> <span class='ocrx_word' id='word_1_287' title='bbox 1204 2177 1315 2228; x_wconf 78' lang='grc' dir='ltr'>Καὶ</span> <span class='ocrx_word' id='word_1_288' title='bbox 1347 2176 1451 2244; x_wconf 83' lang='grc' dir='ltr'>πρὸ</span> <span class='ocrx_word' id='word_1_289' title='bbox 1472 2173 1662 2226; x_wconf 74' lang='grc' dir='ltr'>τούτου</span> <span class='ocrx_word' id='word_1_290' title='bbox 1687 2173 1779 2224; x_wconf 90' lang='grc' dir='ltr'><strong>τοῦ</strong></span> <span class='ocrx_word' id='word_1_291' title='bbox 1804 2170 2099 2238; x_wconf 85' lang='grc' dir='ltr'>κεφαλαίου</span> 
     </span>
    </p>
   </div>
   <div class='ocr_carea' id='block_1_39' title="bbox 524 2261 2098 2338">
    <p class='ocr_par' dir='ltr' id='par_1_39' title="bbox 524 2261 2098 2338">
     <span class='ocr_line' id='line_1_39' title="bbox 524 2261 2098 2338; baseline -0.006 -17"><span class='ocrx_word' id='word_1_292' title='bbox 524 2271 688 2338; x_wconf 77' lang='grc' dir='ltr'>φησὶν</span> <span class='ocrx_word' id='word_1_293' title='bbox 713 2271 738 2321; x_wconf 75' lang='grc' dir='ltr'>ὁ</span> <span class='ocrx_word' id='word_1_294' title='bbox 773 2269 935 2330; x_wconf 75' lang='grc' dir='ltr'>αῦτδς</span> <span class='ocrx_word' id='word_1_295' title='bbox 968 2267 1147 2334; x_wconf 77' lang='grc' dir='ltr'>ἅγιος·</span> <span class='ocrx_word' id='word_1_296' title='bbox 1183 2285 1198 2316; x_wconf 88' lang='grc' dir='ltr'><strong>ι</strong></span> <span class='ocrx_word' id='word_1_297' title='bbox 1244 2269 1341 2318; x_wconf 71' lang='grc' dir='ltr'>Δια</span> <span class='ocrx_word' id='word_1_298' title='bbox 1390 2265 1545 2316; x_wconf 86' lang='grc' dir='ltr'>τοῦτο</span> <span class='ocrx_word' id='word_1_299' title='bbox 1577 2265 1669 2315; x_wconf 79' lang='grc' dir='ltr'><strong>καὶ</strong></span> <span class='ocrx_word' id='word_1_300' title='bbox 1700 2262 1834 2314; x_wconf 84' lang='grc' dir='ltr'>Θεοῦ</span> <span class='ocrx_word' id='word_1_301' title='bbox 1876 2261 1974 2330; x_wconf 86' lang='grc' dir='ltr'>μὲν</span> <span class='ocrx_word' id='word_1_302' title='bbox 2003 2261 2098 2312; x_wconf 67' lang='lat' dir='ltr'><strong>A6-</strong></span> 
     </span>
    </p>
   </div>
   <div class='ocr_carea' id='block_1_40' title="bbox 525 2349 2100 2432">
    <p class='ocr_par' dir='ltr' id='par_1_40' title="bbox 525 2349 2100 2432">
     <span class='ocr_line' id='line_1_40' title="bbox 525 2349 2100 2432; baseline -0.008 -19"><span class='ocrx_word' id='word_1_303' title='bbox 525 2379 616 2428; x_wconf 87' lang='grc' dir='ltr'><strong>γος</strong></span> <span class='ocrx_word' id='word_1_304' title='bbox 650 2362 856 2427; x_wconf 76' lang='grc' dir='ltr'>όΥίὸς,</span> <span class='ocrx_word' id='word_1_305' title='bbox 905 2363 1058 2432; x_wconf 79' lang='grc' dir='ltr'><strong>ρἦα</strong></span> <span class='ocrx_word' id='word_1_306' title='bbox 1112 2359 1167 2411; x_wconf 81' lang='grc' dir='ltr'>δὲ</span> <span class='ocrx_word' id='word_1_307' title='bbox 1221 2355 1352 2412; x_wconf 82' lang='grc' dir='ltr'>Υίοῦ</span> <span class='ocrx_word' id='word_1_308' title='bbox 1408 2357 1468 2408; x_wconf 71' lang='grc' dir='ltr'>τὸ</span> <span class='ocrx_word' id='word_1_309' title='bbox 1526 2355 1773 2421; x_wconf 71' lang='grc' dir='ltr'>Πνεῦμα*</span> <span class='ocrx_word' id='word_1_310' title='bbox 1824 2372 1841 2404; x_wconf 81' lang='grc' dir='ltr'><strong>ι</strong></span> <span class='ocrx_word' id='word_1_311' title='bbox 1885 2353 1976 2404; x_wconf 72' lang='grc' dir='ltr'><strong>καὶ</strong></span> <span class='ocrx_word' id='word_1_312' title='bbox 2033 2349 2100 2401; x_wconf 75' lang='grc' dir='ltr'>τὰ</span> 
     </span>
    </p>
   </div>
   <div class='ocr_carea' id='block_1_41' title="bbox 524 2453 670 2521">
    <p class='ocr_par' dir='ltr' id='par_1_41' title="bbox 524 2453 670 2521">
     <span class='ocr_line' id='line_1_41' title="bbox 524 2453 670 2521; baseline -0.007 -2"><span class='ocrx_word' id='word_1_313' title='bbox 524 2453 670 2521; x_wconf 70' lang='grc' dir='ltr'><strong>ἑξῆς.</strong></span> 
     </span>
    </p>
   </div>
   <div class='ocr_carea' id='block_1_42' title="bbox 2207 1984 3788 2056">
    <p class='ocr_par' dir='ltr' id='par_1_42' title="bbox 2207 1984 3788 2056">
     <span class='ocr_line' id='line_1_42' title="bbox 2207 1984 3788 2056; baseline -0.006 -16"><span class='ocrx_word' id='word_1_314' title='bbox 2207 1988 2410 2051; x_wconf 85' lang='lat' dir='ltr'><strong>tismis,</strong></span> <span class='ocrx_word' id='word_1_315' title='bbox 2457 1998 2510 2041; x_wconf 90' lang='lat' dir='ltr'><strong>et</strong></span> <span class='ocrx_word' id='word_1_316' title='bbox 2546 1988 2782 2041; x_wconf 84' lang='lat' dir='ltr'><strong>Basilius</strong></span> <span class='ocrx_word' id='word_1_317' title='bbox 2833 1988 2943 2042; x_wconf 88' lang='lat' dir='ltr'><strong>illis</strong></span> <span class='ocrx_word' id='word_1_318' title='bbox 2994 1989 3083 2056; x_wconf 92' lang='lat' dir='ltr'><strong>qni</strong></span> <span class='ocrx_word' id='word_1_319' title='bbox 3115 1987 3415 2040; x_wconf 81' lang='lat' dir='ltr'><strong>dicebant:</strong></span> <span class='ocrx_word' id='word_1_320' title='bbox 3460 1984 3640 2050; x_wconf 85' lang='lat' dir='ltr'><strong>Quare</strong></span> <span class='ocrx_word' id='word_1_321' title='bbox 3684 1998 3788 2035; x_wconf 89' lang='lat' dir='ltr'><strong>non</strong></span> 
     </span>
    </p>
   </div>
   <div class='ocr_carea' id='block_1_43' title="bbox 2208 2075 3791 2146">
    <p class='ocr_par' dir='ltr' id='par_1_43' title="bbox 2208 2075 3791 2146">
     <span class='ocr_line' id='line_1_43' title="bbox 2208 2075 3791 2146; baseline -0.005 -15"><span class='ocrx_word' id='word_1_322' title='bbox 2208 2079 2375 2133; x_wconf 86' lang='lat' dir='ltr'><strong>Filius</strong></span> <span class='ocrx_word' id='word_1_323' title='bbox 2403 2078 2526 2132; x_wconf 87' lang='lat' dir='ltr'><strong>Filii</strong></span> <span class='ocrx_word' id='word_1_324' title='bbox 2554 2078 3208 2146; x_wconf 87' lang='lat' dir='ltr'><strong>Spiritus?respnndcns,</strong></span> <span class='ocrx_word' id='word_1_325' title='bbox 3242 2077 3412 2131; x_wconf 77' lang='lat' dir='ltr'><strong>dixit:</strong></span> <span class='ocrx_word' id='word_1_326' title='bbox 3453 2097 3470 2129; x_wconf 87' lang='grc' dir='ltr'><strong>ι</strong></span> <span class='ocrx_word' id='word_1_327' title='bbox 3506 2076 3620 2127; x_wconf 82' lang='lat' dir='ltr'><strong>Non</strong></span> <span class='ocrx_word' id='word_1_328' title='bbox 3647 2075 3791 2142; x_wconf 86' lang='lat' dir='ltr'><strong>quod</strong></span> 
     </span>
    </p>
   </div>
   <div class='ocr_carea' id='block_1_44' title="bbox 2208 2165 3791 2240">
    <p class='ocr_par' dir='ltr' id='par_1_44' title="bbox 2208 2165 3791 2240">
     <span class='ocr_line' id='line_1_44' title="bbox 2208 2165 3791 2240; baseline -0.005 -19"><span class='ocrx_word' id='word_1_329' title='bbox 2208 2184 2318 2223; x_wconf 92' lang='lat' dir='ltr'><strong>non</strong></span> <span class='ocrx_word' id='word_1_330' title='bbox 2356 2177 2504 2223; x_wconf 86' lang='lat' dir='ltr'><strong>esset</strong></span> <span class='ocrx_word' id='word_1_331' title='bbox 2539 2186 2601 2222; x_wconf 82' lang='lat' dir='ltr'><strong>cx</strong></span> <span class='ocrx_word' id='word_1_332' title='bbox 2642 2170 2748 2222; x_wconf 85' lang='lat' dir='ltr'><strong>Deo</strong></span> <span class='ocrx_word' id='word_1_333' title='bbox 2791 2185 2888 2240; x_wconf 89' lang='lat' dir='ltr'><strong>per</strong></span> <span class='ocrx_word' id='word_1_334' title='bbox 2926 2169 3144 2231; x_wconf 87' lang='lat' dir='ltr'><strong>Filium,</strong></span> <span class='ocrx_word' id='word_1_335' title='bbox 3179 2168 3272 2220; x_wconf 85' lang='lat' dir='ltr'><strong>sed</strong></span> <span class='ocrx_word' id='word_1_336' title='bbox 3313 2182 3378 2220; x_wconf 93' lang='lat' dir='ltr'><strong>ne</strong></span> <span class='ocrx_word' id='word_1_337' title='bbox 3401 2165 3648 2218; x_wconf 75' lang='lat' dir='ltr'><strong>Trinitas</strong></span> <span class='ocrx_word' id='word_1_338' title='bbox 3689 2179 3791 2215; x_wconf 92' lang='lat' dir='ltr'><strong>nu-</strong></span> 
     </span>
    </p>
   </div>
   <div class='ocr_carea' id='block_1_45' title="bbox 2210 2257 3797 2330">
    <p class='ocr_par' dir='ltr' id='par_1_45' title="bbox 2210 2257 3797 2330">
     <span class='ocr_line' id='line_1_45' title="bbox 2210 2257 3797 2330; baseline -0.003 -18"><span class='ocrx_word' id='word_1_339' title='bbox 2210 2277 2390 2314; x_wconf 79' lang='lat' dir='ltr'><strong>merus</strong></span> <span class='ocrx_word' id='word_1_340' title='bbox 2426 2263 2745 2318; x_wconf 84' lang='lat' dir='ltr'><strong>innumerus</strong></span> <span class='ocrx_word' id='word_1_341' title='bbox 2775 2269 3143 2330; x_wconf 86' lang='lat' dir='ltr'><strong>reputaretur,</strong></span> <span class='ocrx_word' id='word_1_342' title='bbox 3188 2274 3234 2314; x_wconf 88' lang='lat' dir='ltr'><strong>et</strong></span> <span class='ocrx_word' id='word_1_343' title='bbox 3282 2258 3422 2312; x_wconf 84' lang='lat' dir='ltr'><strong>ﬁlios</strong></span> <span class='ocrx_word' id='word_1_344' title='bbox 3452 2274 3516 2312; x_wconf 80' lang='lat' dir='ltr'><strong>ex</strong></span> <span class='ocrx_word' id='word_1_345' title='bbox 3555 2257 3702 2317; x_wconf 83' lang='lat' dir='ltr'><strong>ﬁliis,</strong></span> <span class='ocrx_word' id='word_1_346' title='bbox 3737 2262 3797 2309; x_wconf 75' lang='lat' dir='ltr'><strong>ut</strong></span> 
     </span>
    </p>
   </div>
   <div class='ocr_carea' id='block_1_46' title="bbox 2210 2349 3786 2421">
    <p class='ocr_par' dir='ltr' id='par_1_46' title="bbox 2210 2349 3786 2421">
     <span class='ocr_line' id='line_1_46' title="bbox 2210 2349 3786 2421; baseline -0.004 -15"><span class='ocrx_word' id='word_1_347' title='bbox 2210 2355 2348 2421; x_wconf 87' lang='lat' dir='ltr'><strong>apud</strong></span> <span class='ocrx_word' id='word_1_348' title='bbox 2391 2355 2641 2406; x_wconf 82' lang='lat' dir='ltr'><strong>homines</strong></span> <span class='ocrx_word' id='word_1_349' title='bbox 2671 2352 2784 2406; x_wconf 83' lang='lat' dir='ltr'><strong>ﬁeri</strong></span> <span class='ocrx_word' id='word_1_350' title='bbox 2817 2355 3018 2415; x_wconf 83' lang='lat' dir='ltr'><strong>suevit,</strong></span> <span class='ocrx_word' id='word_1_351' title='bbox 3053 2352 3276 2410; x_wconf 88' lang='lat' dir='ltr'><strong>habere.</strong></span> <span class='ocrx_word' id='word_1_352' title='bbox 3318 2353 3371 2404; x_wconf 92' lang='lat' dir='ltr'><strong>in</strong></span> <span class='ocrx_word' id='word_1_353' title='bbox 3416 2349 3786 2417; x_wconf 84' lang='lat' dir='ltr'><strong>suspicionem</strong></span> 
     </span>
    </p>
   </div>
   <div class='ocr_carea' id='block_1_47' title="bbox 2213 2441 3791 2512">
    <p class='ocr_par' dir='ltr' id='par_1_47' title="bbox 2213 2441 3791 2512">
     <span class='ocr_line' id='line_1_47' title="bbox 2213 2441 3791 2512; baseline -0.003 -17"><span class='ocrx_word' id='word_1_354' title='bbox 2213 2445 2440 2498; x_wconf 89' lang='lat' dir='ltr'><strong>veniret.</strong></span> <span class='ocrx_word' id='word_1_355' title='bbox 2476 2464 2492 2495; x_wconf 76' lang='grc' dir='ltr'><strong>ι</strong></span> <span class='ocrx_word' id='word_1_356' title='bbox 2521 2443 2583 2497; x_wconf 86' lang='lat' dir='ltr'><strong>Et</strong></span> <span class='ocrx_word' id='word_1_357' title='bbox 2609 2456 2733 2499; x_wconf 90' lang='lat' dir='ltr'><strong>ante</strong></span> <span class='ocrx_word' id='word_1_358' title='bbox 2766 2444 2894 2498; x_wconf 89' lang='lat' dir='ltr'><strong>illud</strong></span> <span class='ocrx_word' id='word_1_359' title='bbox 2922 2452 3085 2512; x_wconf 88' lang='lat' dir='ltr'><strong>caput</strong></span> <span class='ocrx_word' id='word_1_360' title='bbox 3117 2444 3256 2497; x_wconf 89' lang='lat' dir='ltr'><strong>idem</strong></span> <span class='ocrx_word' id='word_1_361' title='bbox 3285 2452 3509 2497; x_wconf 84' lang='lat' dir='ltr'><strong>sanctus</strong></span> <span class='ocrx_word' id='word_1_362' title='bbox 3540 2441 3791 2495; x_wconf 78' lang='lat' dir='ltr'><strong>dicebat:</strong></span> 
     </span>
    </p>
   </div>
   <div class='ocr_carea' id='block_1_48' title="bbox 532 2537 3479 2619">
    <p class='ocr_par' dir='ltr' id='par_1_48' title="bbox 532 2537 3479 2619">
     <span class='ocr_line' id='line_1_48' title="bbox 532 2537 3479 2619; baseline -0.003 -16"><span class='ocrx_word' id='word_1_363' title='bbox 532 2571 549 2603; x_wconf 85' lang='grc' dir='ltr'><strong>ι</strong></span> <span class='ocrx_word' id='word_1_364' title='bbox 588 2551 876 2619; x_wconf 81' lang='lat' dir='ltr'><strong>Propterea</strong></span> <span class='ocrx_word' id='word_1_365' title='bbox 908 2560 961 2606; x_wconf 87' lang='lat' dir='ltr'><strong>et</strong></span> <span class='ocrx_word' id='word_1_366' title='bbox 1006 2549 1095 2603; x_wconf 87' lang='lat' dir='ltr'><strong>Dei</strong></span> <span class='ocrx_word' id='word_1_367' title='bbox 1130 2549 1346 2616; x_wconf 85' lang='lat' dir='ltr'><strong>quidem</strong></span> <span class='ocrx_word' id='word_1_368' title='bbox 1384 2545 1619 2601; x_wconf 82' lang='lat' dir='ltr'><strong>Verbum</strong></span> <span class='ocrx_word' id='word_1_369' title='bbox 1651 2544 1845 2604; x_wconf 80' lang='lat' dir='ltr'><strong>Filius.</strong></span> <span class='ocrx_word' id='word_1_370' title='bbox 1875 2541 2108 2596; x_wconf 83' lang='lat' dir='ltr'><strong>Verbum</strong></span> <span class='ocrx_word' id='word_1_371' title='bbox 2155 2546 2335 2593; x_wconf 89' lang='lat' dir='ltr'><strong>autem</strong></span> <span class='ocrx_word' id='word_1_372' title='bbox 2371 2540 2491 2594; x_wconf 80' lang='lat' dir='ltr'><strong>Filii</strong></span> <span class='ocrx_word' id='word_1_373' title='bbox 2533 2537 2790 2608; x_wconf 84' lang='lat' dir='ltr'><strong>Spiritus,</strong></span> <span class='ocrx_word' id='word_1_374' title='bbox 2833 2558 2850 2589; x_wconf 79' lang='grc' dir='ltr'><strong>ι</strong></span> <span class='ocrx_word' id='word_1_375' title='bbox 2896 2549 2949 2591; x_wconf 89' lang='lat' dir='ltr'><strong>et</strong></span> <span class='ocrx_word' id='word_1_376' title='bbox 2991 2555 3113 2608; x_wconf 65' lang='lat' dir='ltr'><strong>qua:</strong></span> <span class='ocrx_word' id='word_1_377' title='bbox 3153 2548 3479 2606; x_wconf 83' lang='lat' dir='ltr'><strong>sequuntur.</strong></span> 
     </span>
    </p>
   </div>
   <div class='ocr_carea' id='block_1_49' title="bbox 595 2636 2098 2711">
    <p class='ocr_par' dir='ltr' id='par_1_49' title="bbox 595 2636 2098 2711">
     <span class='ocr_line' id='line_1_49' title="bbox 595 2636 2098 2711; baseline -0.007 -12"><span class='ocrx_word' id='word_1_378' title='bbox 595 2647 654 2701; x_wconf 81' lang='grc' dir='ltr'><strong>δ’.</strong></span> <span class='ocrx_word' id='word_1_379' title='bbox 703 2646 1064 2699; x_wconf 82' lang='grc' dir='ltr'>Συνελθοῦσαι</span> <span class='ocrx_word' id='word_1_380' title='bbox 1100 2645 1280 2697; x_wconf 85' lang='grc' dir='ltr'>τοίνυν</span> <span class='ocrx_word' id='word_1_381' title='bbox 1315 2648 1406 2698; x_wconf 70' lang='grc' dir='ltr'><strong>καὶ</strong></span> <span class='ocrx_word' id='word_1_382' title='bbox 1435 2645 1468 2711; x_wconf 81' lang='grc' dir='ltr'><strong>ἡ</strong></span> <span class='ocrx_word' id='word_1_383' title='bbox 1511 2639 1832 2707; x_wconf 79' lang='grc' dir='ltr'>’Λνατολικὴ</span> <span class='ocrx_word' id='word_1_384' title='bbox 1865 2636 2098 2703; x_wconf 78' lang='grc' dir='ltr'>Ἐκκλη-</span> 
     </span>
    </p>
   </div>
   <div class='ocr_carea' id='block_1_50' title="bbox 526 2727 2102 2807">
    <p class='ocr_par' dir='ltr' id='par_1_50' title="bbox 526 2727 2102 2807">
     <span class='ocr_line' id='line_1_50' title="bbox 526 2727 2102 2807; baseline -0.01 -15"><span class='ocrx_word' id='word_1_385' title='bbox 526 2740 616 2792; x_wconf 81' lang='grc' dir='ltr'><strong>σία</strong></span> <span class='ocrx_word' id='word_1_386' title='bbox 647 2741 741 2792; x_wconf 74' lang='grc' dir='ltr'><strong>καὶ</strong></span> <span class='ocrx_word' id='word_1_387' title='bbox 772 2741 800 2805; x_wconf 76' lang='grc' dir='ltr'>ἡ</span> <span class='ocrx_word' id='word_1_388' title='bbox 828 2738 1052 2807; x_wconf 81' lang='grc' dir='ltr'>Δυτικὴ,</span> <span class='ocrx_word' id='word_1_389' title='bbox 1079 2740 1173 2790; x_wconf 71' lang='grc' dir='ltr'>καὶ</span> <span class='ocrx_word' id='word_1_390' title='bbox 1209 2733 1596 2803; x_wconf 80' lang='grc' dir='ltr'>οἱκουμενικῆς</span> <span class='ocrx_word' id='word_1_391' title='bbox 1621 2731 1838 2783; x_wconf 78' lang='grc' dir='ltr'>συνόδου</span> <span class='ocrx_word' id='word_1_392' title='bbox 1875 2727 2102 2796; x_wconf 77' lang='grc' dir='ltr'>γενομέ-</span> 
     </span>
    </p>
   </div>
   <div class='ocr_carea' id='block_1_51' title="bbox 523 2816 2100 2900">
    <p class='ocr_par' dir='ltr' id='par_1_51' title="bbox 523 2816 2100 2900">
     <span class='ocr_line' id='line_1_51' title="bbox 523 2816 2100 2900; baseline -0.01 -18"><span class='ocrx_word' id='word_1_393' title='bbox 523 2849 640 2900; x_wconf 80' lang='grc' dir='ltr'><strong>νης,</strong></span> <span class='ocrx_word' id='word_1_394' title='bbox 669 2831 763 2884; x_wconf 80' lang='grc' dir='ltr'><strong>καὶ</strong></span> <span class='ocrx_word' id='word_1_395' title='bbox 800 2829 1045 2893; x_wconf 70' lang='grc' dir='ltr'>ἐξέτασιν</span> <span class='ocrx_word' id='word_1_396' title='bbox 1075 2829 1392 2896; x_wconf 83' lang='grc' dir='ltr'>ποιήσασαι,</span> <span class='ocrx_word' id='word_1_397' title='bbox 1421 2825 1519 2885; x_wconf 83' lang='grc' dir='ltr'><strong>·ὼς</strong></span> <span class='ocrx_word' id='word_1_398' title='bbox 1548 2821 1601 2876; x_wconf 87' lang='grc' dir='ltr'><strong>τί</strong></span> <span class='ocrx_word' id='word_1_399' title='bbox 1636 2821 1702 2875; x_wconf 80' lang='grc' dir='ltr'><strong>ἂν</strong></span> <span class='ocrx_word' id='word_1_400' title='bbox 1739 2819 2023 2890; x_wconf 72' lang='grc' dir='ltr'>βούλοιντο</span> <span class='ocrx_word' id='word_1_401' title='bbox 2053 2816 2100 2868; x_wconf 77' lang='grc' dir='ltr'>οἱ</span> 
     </span>
    </p>
   </div>
   <div class='ocr_carea' id='block_1_52' title="bbox 523 2911 2099 2991">
    <p class='ocr_par' dir='ltr' id='par_1_52' title="bbox 523 2911 2099 2991">
     <span class='ocr_line' id='line_1_52' title="bbox 523 2911 2099 2991; baseline -0.011 -14"><span class='ocrx_word' id='word_1_402' title='bbox 523 2924 620 2991; x_wconf 66' lang='grc' dir='ltr'>τῆς</span> <span class='ocrx_word' id='word_1_403' title='bbox 653 2917 1348 2990; x_wconf 75' lang='grc' dir='ltr'>ἈνατολικῆςἜκκλησίας</span> <span class='ocrx_word' id='word_1_404' title='bbox 1381 2916 1716 2978; x_wconf 69' lang='grc' dir='ltr'>διδάσκαλοι,</span> <span class='ocrx_word' id='word_1_405' title='bbox 1745 2913 1838 2964; x_wconf 72' lang='grc' dir='ltr'>καὶ</span> <span class='ocrx_word' id='word_1_406' title='bbox 1868 2911 1966 2976; x_wconf 81' lang='grc' dir='ltr'><strong>τῆς</strong></span> <span class='ocrx_word' id='word_1_407' title='bbox 1997 2913 2099 2960; x_wconf 82' lang='grc' dir='ltr'><strong>Δυ-</strong></span> 
     </span>
    </p>
   </div>
   <div class='ocr_carea' id='block_1_53' title="bbox 524 3002 2100 3083">
    <p class='ocr_par' dir='ltr' id='par_1_53' title="bbox 524 3002 2100 3083">
     <span class='ocr_line' id='line_1_53' title="bbox 524 3002 2100 3083; baseline -0.011 -15"><span class='ocrx_word' id='word_1_408' title='bbox 524 3015 681 3083; x_wconf 77' lang='grc' dir='ltr'>τικῆς</span> <span class='ocrx_word' id='word_1_409' title='bbox 723 3014 901 3080; x_wconf 80' lang='grc' dir='ltr'>λέγειν</span> <span class='ocrx_word' id='word_1_410' title='bbox 949 3013 1078 3080; x_wconf 76' lang='grc' dir='ltr'>περὶ</span> <span class='ocrx_word' id='word_1_411' title='bbox 1124 3013 1223 3079; x_wconf 80' lang='grc' dir='ltr'>τῆς</span> <span class='ocrx_word' id='word_1_412' title='bbox 1269 3008 1652 3078; x_wconf 81' lang='grc' dir='ltr'>ὲκπορεύσεως</span> <span class='ocrx_word' id='word_1_413' title='bbox 1692 3002 1787 3056; x_wconf 88' lang='grc' dir='ltr'><strong>τοῦ</strong></span> <span class='ocrx_word' id='word_1_414' title='bbox 1829 3002 2100 3068; x_wconf 80' lang='grc' dir='ltr'>παναγίου</span> 
     </span>
    </p>
   </div>
   <div class='ocr_carea' id='block_1_54' title="bbox 527 3093 2105 3175">
    <p class='ocr_par' dir='ltr' id='par_1_54' title="bbox 527 3093 2105 3175">
     <span class='ocr_line' id='line_1_54' title="bbox 527 3093 2105 3175; baseline -0.01 -16"><span class='ocrx_word' id='word_1_415' title='bbox 527 3107 848 3175; x_wconf 75' lang='grc' dir='ltr'>Πνεύματος</span> <span class='ocrx_word' id='word_1_416' title='bbox 869 3121 882 3135; x_wconf 89' lang='grc'><strong>·</strong></span> <span class='ocrx_word' id='word_1_417' title='bbox 918 3106 980 3157; x_wconf 86' lang='grc' dir='ltr'><strong>Εἰ</strong></span> <span class='ocrx_word' id='word_1_418' title='bbox 1013 3105 1120 3174; x_wconf 81' lang='grc' dir='ltr'>ἄρα</span> <span class='ocrx_word' id='word_1_419' title='bbox 1152 3105 1214 3155; x_wconf 81' lang='grc' dir='ltr'><strong>ὲκ</strong></span> <span class='ocrx_word' id='word_1_420' title='bbox 1255 3103 1418 3170; x_wconf 83' lang='grc' dir='ltr'>μόνου</span> <span class='ocrx_word' id='word_1_421' title='bbox 1441 3099 1534 3151; x_wconf 86' lang='grc' dir='ltr'><strong>τοῦ</strong></span> <span class='ocrx_word' id='word_1_422' title='bbox 1565 3097 1776 3165; x_wconf 69' lang='grc' dir='ltr'>Πατρδς</span> <span class='ocrx_word' id='word_1_423' title='bbox 1806 3093 2105 3164; x_wconf 79' lang='grc' dir='ltr'>ἐκπορεύε-</span> 
     </span>
    </p>
   </div>
   <div class='ocr_carea' id='block_1_55' title="bbox 2279 2632 3795 2701">
    <p class='ocr_par' dir='ltr' id='par_1_55' title="bbox 2279 2632 3795 2701">
     <span class='ocr_line' id='line_1_55' title="bbox 2279 2632 3795 2701; baseline -0.003 -13"><span class='ocrx_word' id='word_1_424' title='bbox 2279 2637 2331 2688; x_wconf 72' lang='grc'><strong>4.</strong></span> <span class='ocrx_word' id='word_1_425' title='bbox 2375 2635 2554 2701; x_wconf 80' lang='lat' dir='ltr'><strong>Quare</strong></span> <span class='ocrx_word' id='word_1_426' title='bbox 2584 2650 2707 2688; x_wconf 79' lang='lat' dir='ltr'><strong>cunt</strong></span> <span class='ocrx_word' id='word_1_427' title='bbox 2741 2636 2793 2688; x_wconf 92' lang='lat' dir='ltr'><strong>in</strong></span> <span class='ocrx_word' id='word_1_428' title='bbox 2837 2650 3002 2688; x_wconf 93' lang='lat' dir='ltr'><strong>unum</strong></span> <span class='ocrx_word' id='word_1_429' title='bbox 3035 2645 3088 2690; x_wconf 84' lang='lat' dir='ltr'><strong>et</strong></span> <span class='ocrx_word' id='word_1_430' title='bbox 3115 2632 3408 2689; x_wconf 86' lang='lat' dir='ltr'><strong>Orientalis</strong></span> <span class='ocrx_word' id='word_1_431' title='bbox 3436 2644 3488 2686; x_wconf 89' lang='lat' dir='ltr'><strong>et</strong></span> <span class='ocrx_word' id='word_1_432' title='bbox 3527 2632 3795 2686; x_wconf 79' lang='lat' dir='ltr'><strong>Occiden-</strong></span> 
     </span>
    </p>
   </div>
   <div class='ocr_carea' id='block_1_56' title="bbox 2210 2725 3793 2792">
    <p class='ocr_par' dir='ltr' id='par_1_56' title="bbox 2210 2725 3793 2792">
     <span class='ocr_line' id='line_1_56' title="bbox 2210 2725 3793 2792; baseline -0.008 -10"><span class='ocrx_word' id='word_1_433' title='bbox 2210 2729 2337 2785; x_wconf 82' lang='lat' dir='ltr'><strong>talis</strong></span> <span class='ocrx_word' id='word_1_434' title='bbox 2365 2727 2610 2782; x_wconf 85' lang='lat' dir='ltr'><strong>Ecclesia</strong></span> <span class='ocrx_word' id='word_1_435' title='bbox 2643 2728 3061 2792; x_wconf 84' lang='lat' dir='ltr'><strong>convenissent,</strong></span> <span class='ocrx_word' id='word_1_436' title='bbox 3091 2734 3145 2780; x_wconf 90' lang='lat' dir='ltr'><strong>ct</strong></span> <span class='ocrx_word' id='word_1_437' title='bbox 3175 2726 3518 2780; x_wconf 78' lang='lat' dir='ltr'><strong>mcumenieo</strong></span> <span class='ocrx_word' id='word_1_438' title='bbox 3554 2725 3793 2777; x_wconf 78' lang='lat' dir='ltr'><strong>concilio</strong></span> 
     </span>
    </p>
   </div>
   <div class='ocr_carea' id='block_1_57' title="bbox 2210 2815 3799 2886">
    <p class='ocr_par' dir='ltr' id='par_1_57' title="bbox 2210 2815 3799 2886">
     <span class='ocr_line' id='line_1_57' title="bbox 2210 2815 3799 2886; baseline -0.004 -13"><span class='ocrx_word' id='word_1_439' title='bbox 2210 2821 2523 2880; x_wconf 85' lang='lat' dir='ltr'><strong>celebrato.</strong></span> <span class='ocrx_word' id='word_1_440' title='bbox 2589 2819 2995 2873; x_wconf 80' lang='lat' dir='ltr'><strong>examinassent</strong></span> <span class='ocrx_word' id='word_1_441' title='bbox 3077 2817 3207 2886; x_wconf 88' lang='lat' dir='ltr'><strong>quid</strong></span> <span class='ocrx_word' id='word_1_442' title='bbox 3291 2815 3584 2871; x_wconf 86' lang='lat' dir='ltr'><strong>Orientalis</strong></span> <span class='ocrx_word' id='word_1_443' title='bbox 3636 2828 3799 2883; x_wconf 89' lang='lat' dir='ltr'><strong>atque</strong></span> 
     </span>
    </p>
   </div>
   <div class='ocr_carea' id='block_1_58' title="bbox 2211 2909 3800 2980">
    <p class='ocr_par' dir='ltr' id='par_1_58' title="bbox 2211 2909 3800 2980">
     <span class='ocr_line' id='line_1_58' title="bbox 2211 2909 3800 2980; baseline -0.005 -14"><span class='ocrx_word' id='word_1_444' title='bbox 2211 2911 2579 2967; x_wconf 87' lang='lat' dir='ltr'><strong>Occidentalis</strong></span> <span class='ocrx_word' id='word_1_445' title='bbox 2611 2910 2868 2966; x_wconf 64' lang='lat' dir='ltr'><strong>Ecclesiae</strong></span> <span class='ocrx_word' id='word_1_446' title='bbox 2916 2911 3158 2980; x_wconf 79' lang='lat' dir='ltr'><strong>magistri</strong></span> <span class='ocrx_word' id='word_1_447' title='bbox 3184 2909 3250 2964; x_wconf 91' lang='lat' dir='ltr'><strong>de</strong></span> <span class='ocrx_word' id='word_1_448' title='bbox 3274 2911 3623 2979; x_wconf 88' lang='lat' dir='ltr'><strong>processione</strong></span> <span class='ocrx_word' id='word_1_449' title='bbox 3673 2923 3800 2962; x_wconf 80' lang='lat' dir='ltr'><strong>san-</strong></span> 
     </span>
    </p>
   </div>
   <div class='ocr_carea' id='block_1_59' title="bbox 2214 2999 3798 3072">
    <p class='ocr_par' dir='ltr' id='par_1_59' title="bbox 2214 2999 3798 3072">
     <span class='ocr_line' id='line_1_59' title="bbox 2214 2999 3798 3072; baseline -0.005 -13"><span class='ocrx_word' id='word_1_450' title='bbox 2214 3004 2444 3059; x_wconf 87' lang='lat' dir='ltr'><strong>ctissimi</strong></span> <span class='ocrx_word' id='word_1_451' title='bbox 2498 3001 2736 3072; x_wconf 89' lang='lat' dir='ltr'><strong>Spiritus</strong></span> <span class='ocrx_word' id='word_1_452' title='bbox 2769 3003 3087 3056; x_wconf 85' lang='lat' dir='ltr'><strong>statuissent.</strong></span> <span class='ocrx_word' id='word_1_453' title='bbox 3121 3021 3133 3054; x_wconf 89' lang='lat'><strong>:</strong></span> <span class='ocrx_word' id='word_1_454' title='bbox 3165 3017 3293 3056; x_wconf 91' lang='lat' dir='ltr'><strong>num</strong></span> <span class='ocrx_word' id='word_1_455' title='bbox 3347 3017 3412 3055; x_wconf 59' lang='lat' dir='ltr'><strong>es</strong></span> <span class='ocrx_word' id='word_1_456' title='bbox 3472 3002 3589 3054; x_wconf 88' lang='lat' dir='ltr'><strong>solo</strong></span> <span class='ocrx_word' id='word_1_457' title='bbox 3637 2999 3798 3053; x_wconf 87' lang='lat' dir='ltr'><strong>Patro</strong></span> 
     </span>
    </p>
   </div>
   <div class='ocr_carea' id='block_1_60' title="bbox 2213 3091 3798 3164">
    <p class='ocr_par' dir='ltr' id='par_1_60' title="bbox 2213 3091 3798 3164">
     <span class='ocr_line' id='line_1_60' title="bbox 2213 3091 3798 3164; baseline -0.004 -14"><span class='ocrx_word' id='word_1_458' title='bbox 2213 3096 2533 3164; x_wconf 88' lang='lat' dir='ltr'><strong>procederet</strong></span> <span class='ocrx_word' id='word_1_459' title='bbox 2572 3095 2814 3164; x_wconf 84' lang='lat' dir='ltr'><strong>Spiritus</strong></span> <span class='ocrx_word' id='word_1_460' title='bbox 2844 3105 3092 3157; x_wconf 83' lang='lat' dir='ltr'><strong>sanctus,</strong></span> <span class='ocrx_word' id='word_1_461' title='bbox 3128 3109 3196 3148; x_wconf 87' lang='lat' dir='ltr'><strong>an</strong></span> <span class='ocrx_word' id='word_1_462' title='bbox 3227 3095 3388 3148; x_wconf 87' lang='lat' dir='ltr'><strong>etiam</strong></span> <span class='ocrx_word' id='word_1_463' title='bbox 3421 3109 3486 3146; x_wconf 83' lang='lat' dir='ltr'><strong>ex</strong></span> <span class='ocrx_word' id='word_1_464' title='bbox 3526 3091 3696 3156; x_wconf 79' lang='lat' dir='ltr'><strong>Filio,</strong></span> <span class='ocrx_word' id='word_1_465' title='bbox 3744 3101 3798 3147; x_wconf 87' lang='lat' dir='ltr'><strong>et</strong></span> 
     </span>
    </p>
   </div>
   <div class='ocr_carea' id='block_1_61' title="bbox 524 3182 2286 3265">
    <p class='ocr_par' dir='ltr' id='par_1_61' title="bbox 524 3187 2280 3265">
     <span class='ocr_line' id='line_1_61' title="bbox 524 3187 2280 3265; baseline -0.006 -16"><span class='ocrx_word' id='word_1_466' title='bbox 524 3215 613 3249; x_wconf 85' lang='grc' dir='ltr'><strong>ται</strong></span> <span class='ocrx_word' id='word_1_467' title='bbox 645 3200 704 3249; x_wconf 80' lang='grc' dir='ltr'>τὸ</span> <span class='ocrx_word' id='word_1_468' title='bbox 734 3196 959 3265; x_wconf 78' lang='grc' dir='ltr'>Πνεῦμα</span> <span class='ocrx_word' id='word_1_469' title='bbox 1007 3196 1069 3248; x_wconf 74' lang='grc' dir='ltr'><strong>τὸ</strong></span> <span class='ocrx_word' id='word_1_470' title='bbox 1111 3193 1343 3262; x_wconf 80' lang='grc' dir='ltr'>ἆγιον,ἥ</span> <span class='ocrx_word' id='word_1_471' title='bbox 1382 3194 1475 3245; x_wconf 67' lang='grc' dir='ltr'>καὶ</span> <span class='ocrx_word' id='word_1_472' title='bbox 1505 3194 1567 3242; x_wconf 79' lang='grc' dir='ltr'>ἐκ</span> <span class='ocrx_word' id='word_1_473' title='bbox 1598 3189 1689 3240; x_wconf 85' lang='grc' dir='ltr'><strong>τοῦ</strong></span> <span class='ocrx_word' id='word_1_474' title='bbox 1735 3187 1888 3252; x_wconf 80' lang='grc' dir='ltr'>Υίοῦ,</span> <span class='ocrx_word' id='word_1_475' title='bbox 1987 3187 2104 3246; x_wconf 74' lang='grc' dir='ltr'><strong>πῶς</strong></span> <span class='ocrx_word' id='word_1_476' title='bbox 2134 3202 2176 3261; x_wconf 78' lang='lat' dir='ltr'><strong>C</strong></span> <span class='ocrx_word' id='word_1_477' title='bbox 2211 3201 2280 3253; x_wconf 88' lang='lat' dir='ltr'><strong>qu</strong></span> 
     </span>
    </p>
   </div>
   <div class='ocr_carea' id='block_1_62' title="bbox 2036 3182 3798 3265">
    <p class='ocr_par' dir='ltr' id='par_1_62' title="bbox 2036 3182 3798 3261">
     <span class='ocr_line' id='line_1_62' title="bbox 2036 3182 3798 3261; baseline -0.002 -23"><span class='ocrx_word' id='word_1_478' title='bbox 2036 3187 2104 3246; x_wconf 68' lang='grc' dir='ltr'>ὥς</span> <span class='ocrx_word' id='word_1_479' title='bbox 2134 3202 2176 3261; x_wconf 78' lang='lat' dir='ltr'><strong>C</strong></span> <span class='ocrx_word' id='word_1_480' title='bbox 2211 3185 2485 3253; x_wconf 87' lang='lat' dir='ltr'><strong>quomodo</strong></span> <span class='ocrx_word' id='word_1_481' title='bbox 2522 3183 2654 3238; x_wconf 89' lang='lat' dir='ltr'><strong>illud</strong></span> <span class='ocrx_word' id='word_1_482' title='bbox 2692 3183 3102 3254; x_wconf 79' lang='lat' dir='ltr'><strong>intelligendum</strong></span> <span class='ocrx_word' id='word_1_483' title='bbox 3160 3185 3251 3247; x_wconf 87' lang='lat' dir='ltr'><strong>sit,</strong></span> <span class='ocrx_word' id='word_1_484' title='bbox 3287 3199 3354 3237; x_wconf 72' lang='lat' dir='ltr'><strong>ex</strong></span> <span class='ocrx_word' id='word_1_485' title='bbox 3382 3182 3548 3238; x_wconf 77' lang='lat' dir='ltr'><strong>Patre</strong></span> <span class='ocrx_word' id='word_1_486' title='bbox 3578 3200 3670 3248; x_wconf 84' lang='lat' dir='ltr'><strong>per</strong></span> <span class='ocrx_word' id='word_1_487' title='bbox 3704 3182 3798 3235; x_wconf 76' lang='lat' dir='ltr'><strong>Fi-</strong></span> 
     </span>
    </p>
   </div>
   <div class='ocr_carea' id='block_1_63' title="bbox 523 3280 2100 3355">
    <p class='ocr_par' dir='ltr' id='par_1_63' title="bbox 523 3280 2100 3355">
     <span class='ocr_line' id='line_1_63' title="bbox 523 3280 2100 3355; baseline -0.009 -15"><span class='ocrx_word' id='word_1_488' title='bbox 523 3289 726 3355; x_wconf 78' lang='grc' dir='ltr'>όφεί).ει</span> <span class='ocrx_word' id='word_1_489' title='bbox 763 3288 1002 3341; x_wconf 83' lang='grc' dir='ltr'>νοεῖσθαι</span> <span class='ocrx_word' id='word_1_490' title='bbox 1039 3287 1099 3339; x_wconf 78' lang='grc' dir='ltr'>τὸ</span> <span class='ocrx_word' id='word_1_491' title='bbox 1130 3291 1191 3338; x_wconf 78' lang='grc' dir='ltr'>ἐκ</span> <span class='ocrx_word' id='word_1_492' title='bbox 1230 3283 1440 3351; x_wconf 73' lang='grc' dir='ltr'>Πατρδς</span> <span class='ocrx_word' id='word_1_493' title='bbox 1469 3281 1533 3334; x_wconf 71' lang='grc' dir='ltr'>δι’</span> <span class='ocrx_word' id='word_1_494' title='bbox 1561 3280 1710 3333; x_wconf 77' lang='grc' dir='ltr'>Υίοῦ.</span> <span class='ocrx_word' id='word_1_495' title='bbox 1755 3281 1862 3332; x_wconf 73' lang='grc' dir='ltr'>Καὶ</span> <span class='ocrx_word' id='word_1_496' title='bbox 1896 3281 1943 3330; x_wconf 86' lang='grc' dir='ltr'>εἰ</span> <span class='ocrx_word' id='word_1_497' title='bbox 1974 3294 2100 3328; x_wconf 84' lang='grc' dir='ltr'>συν-</span> 
     </span>
    </p>
   </div>
   <div class='ocr_carea' id='block_1_64' title="bbox 525 3369 2102 3452">
    <p class='ocr_par' dir='ltr' id='par_1_64' title="bbox 525 3369 2102 3452">
     <span class='ocr_line' id='line_1_64' title="bbox 525 3369 2102 3452; baseline -0.009 -19"><span class='ocrx_word' id='word_1_498' title='bbox 525 3382 772 3452; x_wconf 79' lang='grc' dir='ltr'>εισφέρει</span> <span class='ocrx_word' id='word_1_499' title='bbox 827 3384 854 3434; x_wconf 93' lang='lat'><strong>6</strong></span> <span class='ocrx_word' id='word_1_500' title='bbox 891 3381 1018 3443; x_wconf 80' lang='grc' dir='ltr'>Υἱὸς</span> <span class='ocrx_word' id='word_1_501' title='bbox 1059 3383 1140 3441; x_wconf 89' lang='grc' dir='ltr'><strong>είς</strong></span> <span class='ocrx_word' id='word_1_502' title='bbox 1193 3378 1292 3444; x_wconf 77' lang='grc' dir='ltr'><strong>τὴν</strong></span> <span class='ocrx_word' id='word_1_503' title='bbox 1340 3377 1510 3430; x_wconf 74' lang='grc' dir='ltr'>ἀΐδιον</span> <span class='ocrx_word' id='word_1_504' title='bbox 1546 3372 1770 3440; x_wconf 80' lang='grc' dir='ltr'>πρόοδον</span> <span class='ocrx_word' id='word_1_505' title='bbox 1802 3369 1895 3422; x_wconf 87' lang='grc' dir='ltr'><strong>τοῦ</strong></span> <span class='ocrx_word' id='word_1_506' title='bbox 1942 3369 2102 3436; x_wconf 83' lang='grc' dir='ltr'>ἁγίου</span> 
     </span>
    </p>
   </div>
   <div class='ocr_carea' id='block_1_65' title="bbox 529 3460 2104 3543">
    <p class='ocr_par' dir='ltr' id='par_1_65' title="bbox 529 3460 2104 3543">
     <span class='ocr_line' id='line_1_65' title="bbox 529 3460 2104 3543; baseline -0.009 -17"><span class='ocrx_word' id='word_1_507' title='bbox 529 3472 936 3543; x_wconf 75' lang='grc' dir='ltr'>Πνεύματος,ἢ</span> <span class='ocrx_word' id='word_1_508' title='bbox 977 3475 1040 3523; x_wconf 82' lang='grc' dir='ltr'><strong>ὲκ</strong></span> <span class='ocrx_word' id='word_1_509' title='bbox 1085 3471 1247 3538; x_wconf 58' lang='grc' dir='ltr'>μόνου</span> <span class='ocrx_word' id='word_1_510' title='bbox 1298 3467 1392 3520; x_wconf 87' lang='grc' dir='ltr'><strong>τοῦ</strong></span> <span class='ocrx_word' id='word_1_511' title='bbox 1447 3465 1660 3534; x_wconf 86' lang='grc' dir='ltr'>Πατρός</span> <span class='ocrx_word' id='word_1_512' title='bbox 1710 3464 1881 3525; x_wconf 76' lang='grc' dir='ltr'>ἐστιν,</span> <span class='ocrx_word' id='word_1_513' title='bbox 1914 3460 2104 3529; x_wconf 79' lang='grc' dir='ltr'>ὥσπερ</span> 
     </span>
    </p>
   </div>
   <div class='ocr_carea' id='block_1_66' title="bbox 527 3552 2103 3626">
    <p class='ocr_par' dir='ltr' id='par_1_66' title="bbox 527 3552 2103 3626">
     <span class='ocr_line' id='line_1_66' title="bbox 527 3552 2103 3626; baseline -0.01 -9"><span class='ocrx_word' id='word_1_514' title='bbox 527 3567 619 3617; x_wconf 74' lang='grc' dir='ltr'><strong>καὶ</strong></span> <span class='ocrx_word' id='word_1_515' title='bbox 652 3567 680 3615; x_wconf 91' lang='lat'><strong>6</strong></span> <span class='ocrx_word' id='word_1_516' title='bbox 713 3566 844 3626; x_wconf 76' lang='grc' dir='ltr'>Υἱὸς</span> <span class='ocrx_word' id='word_1_517' title='bbox 992 3562 1154 3626; x_wconf 85' lang='grc' dir='ltr'>μόνου</span> <span class='ocrx_word' id='word_1_518' title='bbox 1205 3558 1298 3611; x_wconf 51' lang='grc' dir='ltr'><strong>ταῦ</strong></span> <span class='ocrx_word' id='word_1_519' title='bbox 1354 3556 1588 3626; x_wconf 69' lang='grc' dir='ltr'>Πατρδς,</span> <span class='ocrx_word' id='word_1_520' title='bbox 1621 3554 1714 3605; x_wconf 73' lang='grc' dir='ltr'><strong>καὶ</strong></span> <span class='ocrx_word' id='word_1_521' title='bbox 1751 3555 1798 3604; x_wconf 84' lang='grc' dir='ltr'><strong>εί</strong></span> <span class='ocrx_word' id='word_1_522' title='bbox 1833 3552 2103 3618; x_wconf 70' lang='grc' dir='ltr'>λαμϐάνει</span> 
     </span>
    </p>
   </div>
   <div class='ocr_carea' id='block_1_67' title="bbox 525 3645 2103 3719">
    <p class='ocr_par' dir='ltr' id='par_1_67' title="bbox 525 3645 2103 3719">
     <span class='ocr_line' id='line_1_67' title="bbox 525 3645 2103 3719; baseline -0.01 -9"><span class='ocrx_word' id='word_1_523' title='bbox 525 3661 552 3711; x_wconf 87' lang='lat'><strong>6</strong></span> <span class='ocrx_word' id='word_1_524' title='bbox 587 3657 714 3719; x_wconf 73' lang='grc' dir='ltr'>Υἱὸς</span> <span class='ocrx_word' id='word_1_525' title='bbox 767 3657 875 3708; x_wconf 76' lang='grc' dir='ltr'><strong>ἀπὸ</strong></span> <span class='ocrx_word' id='word_1_526' title='bbox 930 3653 1024 3705; x_wconf 79' lang='grc' dir='ltr'><strong>τοῦ</strong></span> <span class='ocrx_word' id='word_1_527' title='bbox 1083 3651 1428 3717; x_wconf 77' lang='grc' dir='ltr'>Πνεύματος,</span> <span class='ocrx_word' id='word_1_528' title='bbox 1483 3648 1674 3714; x_wconf 74' lang='grc' dir='ltr'>ὥσπερ</span> <span class='ocrx_word' id='word_1_529' title='bbox 1726 3645 1996 3712; x_wconf 68' lang='grc' dir='ltr'>λαμϐάνει</span> <span class='ocrx_word' id='word_1_530' title='bbox 2043 3646 2103 3694; x_wconf 76' lang='grc' dir='ltr'><strong>τδ</strong></span> 
     </span>
    </p>
   </div>
   <div class='ocr_carea' id='block_1_68' title="bbox 531 3738 2104 3818">
    <p class='ocr_par' dir='ltr' id='par_1_68' title="bbox 531 3738 2104 3818">
     <span class='ocr_line' id='line_1_68' title="bbox 531 3738 2104 3818; baseline -0.01 -16"><span class='ocrx_word' id='word_1_531' title='bbox 531 3750 753 3815; x_wconf 77' lang='grc' dir='ltr'>Πνεῦμα</span> <span class='ocrx_word' id='word_1_532' title='bbox 796 3748 946 3818; x_wconf 77' lang='grc' dir='ltr'><strong>παρᾶ</strong></span> <span class='ocrx_word' id='word_1_533' title='bbox 989 3745 1085 3798; x_wconf 88' lang='grc' dir='ltr'><strong>τοῦ</strong></span> <span class='ocrx_word' id='word_1_534' title='bbox 1136 3744 1288 3796; x_wconf 82' lang='grc' dir='ltr'>Υἱοῦ.</span> <span class='ocrx_word' id='word_1_535' title='bbox 1345 3743 1505 3794; x_wconf 73' lang='grc' dir='ltr'>Ἀλλὰ</span> <span class='ocrx_word' id='word_1_536' title='bbox 1549 3739 1722 3792; x_wconf 75' lang='grc' dir='ltr'>ταῦτα</span> <span class='ocrx_word' id='word_1_537' title='bbox 1761 3739 1859 3807; x_wconf 76' lang='grc' dir='ltr'><strong>μὲν</strong></span> <span class='ocrx_word' id='word_1_538' title='bbox 1888 3739 1944 3789; x_wconf 83' lang='grc' dir='ltr'><strong>ἐν</strong></span> <span class='ocrx_word' id='word_1_539' title='bbox 1983 3738 2104 3798; x_wconf 82' lang='grc' dir='ltr'>ταῖς</span> 
     </span>
    </p>
   </div>
   <div class='ocr_carea' id='block_1_69' title="bbox 529 3826 2105 3907">
    <p class='ocr_par' dir='ltr' id='par_1_69' title="bbox 529 3826 2105 3907">
     <span class='ocr_line' id='line_1_69' title="bbox 529 3826 2105 3907; baseline -0.008 -17"><span class='ocrx_word' id='word_1_540' title='bbox 529 3842 772 3904; x_wconf 79' lang='grc' dir='ltr'>Γραφαῖς</span> <span class='ocrx_word' id='word_1_541' title='bbox 801 3839 898 3907; x_wconf 69' lang='grc' dir='ltr'>οὐχ</span> <span class='ocrx_word' id='word_1_542' title='bbox 940 3829 1120 3906; x_wconf 69' lang='grc' dir='ltr'>εὗρον.</span> <span class='ocrx_word' id='word_1_543' title='bbox 1167 3835 1238 3885; x_wconf 63' lang='grc' dir='ltr'><strong>Τὸ</strong></span> <span class='ocrx_word' id='word_1_544' title='bbox 1270 3834 1323 3884; x_wconf 74' lang='grc' dir='ltr'>δὲ</span> <span class='ocrx_word' id='word_1_545' title='bbox 1363 3832 1584 3900; x_wconf 83' lang='grc' dir='ltr'>Πνεῦμα</span> <span class='ocrx_word' id='word_1_546' title='bbox 1615 3831 1674 3882; x_wconf 69' lang='grc' dir='ltr'>τὸ</span> <span class='ocrx_word' id='word_1_547' title='bbox 1705 3830 1860 3896; x_wconf 69' lang='grc' dir='ltr'>ἅγιον</span> <span class='ocrx_word' id='word_1_548' title='bbox 1893 3826 2105 3895; x_wconf 67' lang='grc' dir='ltr'>λαμὸἁ-</span> 
     </span>
    </p>
   </div>
   <div class='ocr_carea' id='block_1_70' title="bbox 529 3920 2101 3997">
    <p class='ocr_par' dir='ltr' id='par_1_70' title="bbox 529 3920 2101 3997">
     <span class='ocr_line' id='line_1_70' title="bbox 529 3920 2101 3997; baseline -0.01 -11"><span class='ocrx_word' id='word_1_549' title='bbox 529 3952 660 3997; x_wconf 76' lang='grc' dir='ltr'>νει-ι,</span> <span class='ocrx_word' id='word_1_550' title='bbox 691 3935 784 3983; x_wconf 78' lang='grc' dir='ltr'><strong>καὶ</strong></span> <span class='ocrx_word' id='word_1_551' title='bbox 835 3930 894 3981; x_wconf 69' lang='grc' dir='ltr'>τὸ</span> <span class='ocrx_word' id='word_1_552' title='bbox 946 3926 1088 3981; x_wconf 73' lang='grc' dir='ltr'>εἶναι</span> <span class='ocrx_word' id='word_1_553' title='bbox 1121 3929 1268 3996; x_wconf 76' lang='grc' dir='ltr'>ἔχειν</span> <span class='ocrx_word' id='word_1_554' title='bbox 1300 3927 1368 3979; x_wconf 70' lang='grc' dir='ltr'>δι’</span> <span class='ocrx_word' id='word_1_555' title='bbox 1413 3925 1569 3985; x_wconf 78' lang='grc' dir='ltr'>Υἰοῦ,</span> <span class='ocrx_word' id='word_1_556' title='bbox 1620 3922 1793 3974; x_wconf 76' lang='grc' dir='ltr'>ταῦτα</span> <span class='ocrx_word' id='word_1_557' title='bbox 1834 3920 2101 3986; x_wconf 71' lang='grc' dir='ltr'>πολλαχοῦ</span> 
     </span>
    </p>
   </div>
   <div class='ocr_carea' id='block_1_71' title="bbox 528 4013 2104 4095">
    <p class='ocr_par' dir='ltr' id='par_1_71' title="bbox 528 4013 2104 4095">
     <span class='ocr_line' id='line_1_71' title="bbox 528 4013 2104 4095; baseline -0.011 -18"><span class='ocrx_word' id='word_1_558' title='bbox 528 4024 710 4095; x_wconf 62' lang='grc' dir='ltr'>εὗρον.</span> <span class='ocrx_word' id='word_1_559' title='bbox 756 4025 1071 4084; x_wconf 73' lang='grc' dir='ltr'>’Δθανὰσιςς</span> <span class='ocrx_word' id='word_1_560' title='bbox 1097 4022 1204 4092; x_wconf 63' lang='grc' dir='ltr'><strong>γὰρ</strong></span> <span class='ocrx_word' id='word_1_561' title='bbox 1242 4022 1272 4088; x_wconf 71' lang='grc' dir='ltr'>ἡ</span> <span class='ocrx_word' id='word_1_562' title='bbox 1305 4020 1401 4086; x_wconf 74' lang='grc' dir='ltr'>τῆς</span> <span class='ocrx_word' id='word_1_563' title='bbox 1431 4016 1686 4085; x_wconf 65' lang='grc' dir='ltr'>ἀληθείας</span> <span class='ocrx_word' id='word_1_564' title='bbox 1719 4016 1918 4082; x_wconf 68' lang='grc' dir='ltr'>κρηπὶς</span> <span class='ocrx_word' id='word_1_565' title='bbox 1950 4015 2006 4062; x_wconf 80' lang='grc' dir='ltr'>ὲν</span> <span class='ocrx_word' id='word_1_566' title='bbox 2029 4013 2104 4080; x_wconf 79' lang='grc' dir='ltr'><strong>τῷ</strong></span> 
     </span>
    </p>
   </div>
   <div class='ocr_carea' id='block_1_72' title="bbox 530 4105 2104 4185">
    <p class='ocr_par' dir='ltr' id='par_1_72' title="bbox 530 4105 2104 4185">
     <span class='ocr_line' id='line_1_72' title="bbox 530 4105 2104 4185; baseline -0.01 -15"><span class='ocrx_word' id='word_1_567' title='bbox 530 4121 668 4170; x_wconf 81' lang='grc' dir='ltr'>κατὰ</span> <span class='ocrx_word' id='word_1_568' title='bbox 720 4116 1012 4185; x_wconf 80' lang='grc' dir='ltr'>Ἀρειανῶν</span> <span class='ocrx_word' id='word_1_569' title='bbox 1039 4115 1207 4182; x_wconf 77' lang='grc' dir='ltr'>τρίτῳ</span> <span class='ocrx_word' id='word_1_570' title='bbox 1245 4112 1432 4180; x_wconf 67' lang='grc' dir='ltr'>φησὶν,</span> <span class='ocrx_word' id='word_1_571' title='bbox 1477 4129 1493 4159; x_wconf 84' lang='grc' dir='ltr'><strong>ι</strong></span> <span class='ocrx_word' id='word_1_572' title='bbox 1545 4110 1723 4160; x_wconf 71' lang='grc' dir='ltr'>Πάντα</span> <span class='ocrx_word' id='word_1_573' title='bbox 1757 4108 1854 4158; x_wconf 76' lang='grc' dir='ltr'><strong>ὅσα</strong></span> <span class='ocrx_word' id='word_1_574' title='bbox 1891 4105 2003 4173; x_wconf 78' lang='grc' dir='ltr'>ἔχει</span> <span class='ocrx_word' id='word_1_575' title='bbox 2045 4105 2104 4155; x_wconf 84' lang='grc' dir='ltr'><strong>τὸ</strong></span> 
     </span>
    </p>
   </div>
   <div class='ocr_carea' id='block_1_73' title="bbox 533 4196 2105 4276">
    <p class='ocr_par' dir='ltr' id='par_1_73' title="bbox 533 4196 2105 4276">
     <span class='ocr_line' id='line_1_73' title="bbox 533 4196 2105 4276; baseline -0.008 -17"><span class='ocrx_word' id='word_1_576' title='bbox 533 4207 780 4276; x_wconf 85' lang='grc' dir='ltr'>Πνεῦμα,</span> <span class='ocrx_word' id='word_1_577' title='bbox 803 4205 976 4257; x_wconf 81' lang='grc' dir='ltr'>ταῦτα</span> <span class='ocrx_word' id='word_1_578' title='bbox 1025 4203 1176 4271; x_wconf 72' lang='grc' dir='ltr'>παρὰ</span> <span class='ocrx_word' id='word_1_579' title='bbox 1223 4201 1316 4253; x_wconf 86' lang='grc' dir='ltr'><strong>τοῦ</strong></span> <span class='ocrx_word' id='word_1_580' title='bbox 1350 4201 1524 4267; x_wconf 86' lang='grc' dir='ltr'>Λόγου</span> <span class='ocrx_word' id='word_1_581' title='bbox 1562 4199 1726 4267; x_wconf 75' lang='grc' dir='ltr'>ἔχειν.</span> <span class='ocrx_word' id='word_1_582' title='bbox 1767 4215 1783 4246; x_wconf 77' lang='grc' dir='ltr'><strong>ι</strong></span> <span class='ocrx_word' id='word_1_583' title='bbox 1837 4197 1996 4247; x_wconf 73' lang='grc' dir='ltr'><strong>Ἀλλὰ</strong></span> <span class='ocrx_word' id='word_1_584' title='bbox 2023 4196 2105 4257; x_wconf 84' lang='grc' dir='ltr'><strong>τίς</strong></span> 
     </span>
    </p>
   </div>
   <div class='ocr_carea' id='block_1_74' title="bbox 535 4288 2105 4365">
    <p class='ocr_par' dir='ltr' id='par_1_74' title="bbox 535 4288 2105 4365">
     <span class='ocr_line' id='line_1_74' title="bbox 535 4288 2105 4365; baseline -0.01 -14"><span class='ocrx_word' id='word_1_585' title='bbox 535 4299 596 4351; x_wconf 68' lang='grc' dir='ltr'>ἂν</span> <span class='ocrx_word' id='word_1_586' title='bbox 633 4300 764 4365; x_wconf 84' lang='grc' dir='ltr'>φαίη</span> <span class='ocrx_word' id='word_1_587' title='bbox 799 4295 906 4348; x_wconf 83' lang='grc' dir='ltr'>τῶν</span> <span class='ocrx_word' id='word_1_588' title='bbox 961 4293 1019 4348; x_wconf 82' lang='grc' dir='ltr'><strong>εὖ</strong></span> <span class='ocrx_word' id='word_1_589' title='bbox 1076 4293 1440 4363; x_wconf 74' lang='grc' dir='ltr'>φρονούντων.</span> <span class='ocrx_word' id='word_1_590' title='bbox 1468 4291 1541 4353; x_wconf 80' lang='grc' dir='ltr'>ὡς</span> <span class='ocrx_word' id='word_1_591' title='bbox 1577 4291 1651 4360; x_wconf 81' lang='grc' dir='ltr'>μὴ</span> <span class='ocrx_word' id='word_1_592' title='bbox 1683 4288 1888 4342; x_wconf 77' lang='grc' dir='ltr'>ἁπλοῦν</span> <span class='ocrx_word' id='word_1_593' title='bbox 1929 4289 2105 4353; x_wconf 75' lang='grc' dir='ltr'>πάντη</span> 
     </span>
    </p>
   </div>
   <div class='ocr_carea' id='block_1_75' title="bbox 531 4379 2107 4454">
    <p class='ocr_par' dir='ltr' id='par_1_75' title="bbox 531 4379 2107 4454">
     <span class='ocr_line' id='line_1_75' title="bbox 531 4379 2107 4454; baseline -0.008 -15"><span class='ocrx_word' id='word_1_594' title='bbox 531 4392 748 4452; x_wconf 74' lang='grc' dir='ltr'>πάντως</span> <span class='ocrx_word' id='word_1_595' title='bbox 775 4384 914 4440; x_wconf 75' lang='grc' dir='ltr'>εἶναι</span> <span class='ocrx_word' id='word_1_596' title='bbox 939 4388 996 4438; x_wconf 76' lang='grc' dir='ltr'>τὸ</span> <span class='ocrx_word' id='word_1_597' title='bbox 1029 4387 1252 4454; x_wconf 84' lang='grc' dir='ltr'>Πνεῦμα</span> <span class='ocrx_word' id='word_1_598' title='bbox 1277 4385 1337 4437; x_wconf 69' lang='grc' dir='ltr'>τὸ</span> <span class='ocrx_word' id='word_1_599' title='bbox 1361 4383 1541 4449; x_wconf 75' lang='grc' dir='ltr'>ἅγιον,</span> <span class='ocrx_word' id='word_1_600' title='bbox 1566 4382 1660 4434; x_wconf 73' lang='grc' dir='ltr'>καὶ</span> <span class='ocrx_word' id='word_1_601' title='bbox 1684 4380 1900 4432; x_wconf 76' lang='grc' dir='ltr'>ἐπὶτῶν</span> <span class='ocrx_word' id='word_1_602' title='bbox 1920 4379 2107 4430; x_wconf 75' lang='grc' dir='ltr'>ἁπλῶν</span> 
     </span>
    </p>
   </div>
   <div class='ocr_carea' id='block_1_76' title="bbox 532 4472 2108 4548">
    <p class='ocr_par' dir='ltr' id='par_1_76' title="bbox 532 4472 2108 4548">
     <span class='ocr_line' id='line_1_76' title="bbox 532 4472 2108 4548; baseline -0.008 -17"><span class='ocrx_word' id='word_1_603' title='bbox 532 4483 640 4532; x_wconf 76' lang='grc' dir='ltr'><strong>πᾶν</strong></span> <span class='ocrx_word' id='word_1_604' title='bbox 670 4482 806 4547; x_wconf 78' lang='grc' dir='ltr'>ὅπερ</span> <span class='ocrx_word' id='word_1_605' title='bbox 856 4476 1148 4548; x_wconf 71' lang='grc' dir='ltr'>λαμϐάνει,</span> <span class='ocrx_word' id='word_1_606' title='bbox 1175 4476 1381 4528; x_wconf 78' lang='grc' dir='ltr'>τούτων</span> <span class='ocrx_word' id='word_1_607' title='bbox 1412 4477 1520 4544; x_wconf 73' lang='grc' dir='ltr'>γὰρ</span> <span class='ocrx_word' id='word_1_608' title='bbox 1562 4475 1656 4525; x_wconf 77' lang='grc' dir='ltr'><strong>ἐπὶ</strong></span> <span class='ocrx_word' id='word_1_609' title='bbox 1691 4473 1797 4526; x_wconf 83' lang='grc' dir='ltr'><strong>τῶν</strong></span> <span class='ocrx_word' id='word_1_610' title='bbox 1833 4472 2108 4524; x_wconf 76' lang='grc' dir='ltr'>συνθέτων</span> 
     </span>
    </p>
   </div>
   <div class='ocr_carea' id='block_1_77' title="bbox 2214 3275 3795 3345">
    <p class='ocr_par' dir='ltr' id='par_1_77' title="bbox 2214 3275 3795 3345">
     <span class='ocr_line' id='line_1_77' title="bbox 2214 3275 3795 3345; baseline 0 -15"><span class='ocrx_word' id='word_1_611' title='bbox 2214 3281 2362 3344; x_wconf 83' lang='lat' dir='ltr'><strong>lium,</strong></span> <span class='ocrx_word' id='word_1_612' title='bbox 2420 3285 2510 3340; x_wconf 89' lang='lat' dir='ltr'><strong>et,</strong></span> <span class='ocrx_word' id='word_1_613' title='bbox 2567 3293 2632 3330; x_wconf 87' lang='lat' dir='ltr'><strong>an</strong></span> <span class='ocrx_word' id='word_1_614' title='bbox 2679 3275 2880 3345; x_wconf 87' lang='lat' dir='ltr'><strong>aliquid</strong></span> <span class='ocrx_word' id='word_1_615' title='bbox 2925 3276 3172 3330; x_wconf 78' lang='lat' dir='ltr'><strong>conferat</strong></span> <span class='ocrx_word' id='word_1_616' title='bbox 3235 3275 3409 3332; x_wconf 82' lang='lat' dir='ltr'><strong>Filius</strong></span> <span class='ocrx_word' id='word_1_617' title='bbox 3464 3279 3516 3329; x_wconf 93' lang='lat' dir='ltr'><strong>in</strong></span> <span class='ocrx_word' id='word_1_618' title='bbox 3582 3277 3795 3330; x_wconf 66' lang='lat' dir='ltr'><strong>acriter-</strong></span> 
     </span>
    </p>
   </div>
   <div class='ocr_carea' id='block_1_78' title="bbox 2213 3366 3797 3436">
    <p class='ocr_par' dir='ltr' id='par_1_78' title="bbox 2213 3366 3797 3436">
     <span class='ocr_line' id='line_1_78' title="bbox 2213 3366 3797 3436; baseline -0.004 -15"><span class='ocrx_word' id='word_1_619' title='bbox 2213 3385 2338 3421; x_wconf 85' lang='lat' dir='ltr'><strong>nam</strong></span> <span class='ocrx_word' id='word_1_620' title='bbox 2382 3367 2615 3434; x_wconf 84' lang='lat' dir='ltr'><strong>Spiritus</strong></span> <span class='ocrx_word' id='word_1_621' title='bbox 2655 3368 2829 3421; x_wconf 90' lang='lat' dir='ltr'><strong>sancti</strong></span> <span class='ocrx_word' id='word_1_622' title='bbox 2881 3366 3313 3436; x_wconf 86' lang='lat' dir='ltr'><strong>processionem,</strong></span> <span class='ocrx_word' id='word_1_623' title='bbox 3349 3367 3432 3420; x_wconf 75' lang='lat' dir='ltr'><strong>vel</strong></span> <span class='ocrx_word' id='word_1_624' title='bbox 3475 3381 3542 3419; x_wconf 90' lang='lat' dir='ltr'><strong>an</strong></span> <span class='ocrx_word' id='word_1_625' title='bbox 3584 3382 3647 3420; x_wconf 79' lang='lat' dir='ltr'><strong>ex</strong></span> <span class='ocrx_word' id='word_1_626' title='bbox 3679 3366 3797 3420; x_wconf 75' lang='lat' dir='ltr'><strong>solo</strong></span> 
     </span>
    </p>
   </div>
   <div class='ocr_carea' id='block_1_79' title="bbox 2217 3459 3790 3524">
    <p class='ocr_par' dir='ltr' id='par_1_79' title="bbox 2217 3459 3790 3524">
     <span class='ocr_line' id='line_1_79' title="bbox 2217 3459 3790 3524; baseline 0 -12"><span class='ocrx_word' id='word_1_627' title='bbox 2217 3461 2370 3515; x_wconf 81' lang='lat' dir='ltr'><strong>Patre</strong></span> <span class='ocrx_word' id='word_1_628' title='bbox 2398 3469 2498 3523; x_wconf 89' lang='lat' dir='ltr'><strong>est,</strong></span> <span class='ocrx_word' id='word_1_629' title='bbox 2539 3461 2700 3515; x_wconf 80' lang='lat' dir='ltr'><strong>veluti</strong></span> <span class='ocrx_word' id='word_1_630' title='bbox 2741 3470 2794 3515; x_wconf 91' lang='lat' dir='ltr'><strong>et</strong></span> <span class='ocrx_word' id='word_1_631' title='bbox 2825 3459 2993 3515; x_wconf 78' lang='lat' dir='ltr'><strong>Filius</strong></span> <span class='ocrx_word' id='word_1_632' title='bbox 3019 3476 3082 3514; x_wconf 75' lang='lat' dir='ltr'><strong>ex</strong></span> <span class='ocrx_word' id='word_1_633' title='bbox 3119 3461 3236 3516; x_wconf 84' lang='lat' dir='ltr'><strong>30in</strong></span> <span class='ocrx_word' id='word_1_634' title='bbox 3265 3460 3424 3514; x_wconf 86' lang='lat' dir='ltr'><strong>Patre</strong></span> <span class='ocrx_word' id='word_1_635' title='bbox 3455 3469 3576 3524; x_wconf 86' lang='lat' dir='ltr'><strong>est,</strong></span> <span class='ocrx_word' id='word_1_636' title='bbox 3639 3469 3691 3511; x_wconf 92' lang='lat' dir='ltr'><strong>et</strong></span> <span class='ocrx_word' id='word_1_637' title='bbox 3725 3475 3790 3512; x_wconf 89' lang='lat' dir='ltr'><strong>an</strong></span> 
     </span>
    </p>
   </div>
   <div class='ocr_carea' id='block_1_80' title="bbox 2214 3551 3796 3621">
    <p class='ocr_par' dir='ltr' id='par_1_80' title="bbox 2214 3551 3796 3621">
     <span class='ocr_line' id='line_1_80' title="bbox 2214 3551 3796 3621; baseline 0 -17"><span class='ocrx_word' id='word_1_638' title='bbox 2214 3553 2411 3621; x_wconf 86' lang='lat' dir='ltr'><strong>accipit</strong></span> <span class='ocrx_word' id='word_1_639' title='bbox 2467 3551 2637 3608; x_wconf 79' lang='lat' dir='ltr'><strong>Filius</strong></span> <span class='ocrx_word' id='word_1_640' title='bbox 2695 3568 2722 3607; x_wconf 91' lang='lat' dir='ltr'><strong>a</strong></span> <span class='ocrx_word' id='word_1_641' title='bbox 2772 3552 3023 3620; x_wconf 81' lang='lat' dir='ltr'><strong>Spiritu,</strong></span> <span class='ocrx_word' id='word_1_642' title='bbox 3078 3551 3531 3621; x_wconf 80' lang='lat' dir='ltr'><strong>quemadmodum</strong></span> <span class='ocrx_word' id='word_1_643' title='bbox 3594 3552 3796 3620; x_wconf 81' lang='lat' dir='ltr'><strong>ar-cipit</strong></span> 
     </span>
    </p>
   </div>
   <div class='ocr_carea' id='block_1_81' title="bbox 2215 3643 3791 3714">
    <p class='ocr_par' dir='ltr' id='par_1_81' title="bbox 2215 3643 3791 3714">
     <span class='ocr_line' id='line_1_81' title="bbox 2215 3643 3791 3714; baseline -0.002 -15"><span class='ocrx_word' id='word_1_644' title='bbox 2215 3644 2448 3714; x_wconf 88' lang='lat' dir='ltr'><strong>Spiritus</strong></span> <span class='ocrx_word' id='word_1_645' title='bbox 2476 3661 2503 3699; x_wconf 89' lang='lat' dir='ltr'><strong>a</strong></span> <span class='ocrx_word' id='word_1_646' title='bbox 2531 3644 2708 3702; x_wconf 84' lang='lat' dir='ltr'><strong>Filio:</strong></span> <span class='ocrx_word' id='word_1_647' title='bbox 2767 3655 2819 3698; x_wconf 90' lang='lat' dir='ltr'><strong>at</strong></span> <span class='ocrx_word' id='word_1_648' title='bbox 2849 3646 2949 3698; x_wconf 90' lang='lat' dir='ltr'><strong>ista</strong></span> <span class='ocrx_word' id='word_1_649' title='bbox 2983 3643 3202 3714; x_wconf 86' lang='lat' dir='ltr'><strong>quidem</strong></span> <span class='ocrx_word' id='word_1_650' title='bbox 3237 3645 3289 3696; x_wconf 90' lang='lat' dir='ltr'><strong>in</strong></span> <span class='ocrx_word' id='word_1_651' title='bbox 3314 3644 3610 3710; x_wconf 82' lang='lat' dir='ltr'><strong>Seripturis</strong></span> <span class='ocrx_word' id='word_1_652' title='bbox 3647 3645 3791 3696; x_wconf 75' lang='lat' dir='ltr'><strong>nulla</strong></span> 
     </span>
    </p>
   </div>
   <div class='ocr_carea' id='block_1_82' title="bbox 2215 3739 3792 3807">
    <p class='ocr_par' dir='ltr' id='par_1_82' title="bbox 2215 3739 3792 3807">
     <span class='ocr_line' id='line_1_82' title="bbox 2215 3739 3792 3807; baseline -0.003 -15"><span class='ocrx_word' id='word_1_653' title='bbox 2215 3747 2372 3792; x_wconf 89' lang='lat' dir='ltr'><strong>sunt:</strong></span> <span class='ocrx_word' id='word_1_654' title='bbox 2404 3748 2780 3792; x_wconf 79' lang='lat' dir='ltr'><strong>verumtamen</strong></span> <span class='ocrx_word' id='word_1_655' title='bbox 2816 3739 3079 3807; x_wconf 75' lang='lat' dir='ltr'><strong>Spiritum</strong></span> <span class='ocrx_word' id='word_1_656' title='bbox 3129 3748 3382 3792; x_wconf 82' lang='lat' dir='ltr'><strong>sanetum</strong></span> <span class='ocrx_word' id='word_1_657' title='bbox 3424 3740 3691 3804; x_wconf 85' lang='lat' dir='ltr'><strong>accipere,</strong></span> <span class='ocrx_word' id='word_1_658' title='bbox 3738 3748 3792 3789; x_wconf 78' lang='lat' dir='ltr'><strong>et</strong></span> 
     </span>
    </p>
   </div>
   <div class='ocr_carea' id='block_1_83' title="bbox 2217 3829 3790 3899">
    <p class='ocr_par' dir='ltr' id='par_1_83' title="bbox 2217 3829 3790 3899">
     <span class='ocr_line' id='line_1_83' title="bbox 2217 3829 3790 3899; baseline -0.003 -15"><span class='ocrx_word' id='word_1_659' title='bbox 2217 3831 2360 3899; x_wconf 91' lang='lat' dir='ltr'><strong>quod</strong></span> <span class='ocrx_word' id='word_1_660' title='bbox 2397 3832 2487 3893; x_wconf 87' lang='lat' dir='ltr'><strong>sit,</strong></span> <span class='ocrx_word' id='word_1_661' title='bbox 2519 3831 2716 3884; x_wconf 87' lang='lat' dir='ltr'><strong>habere</strong></span> <span class='ocrx_word' id='word_1_662' title='bbox 2777 3846 2840 3884; x_wconf 70' lang='lat' dir='ltr'><strong>ex</strong></span> <span class='ocrx_word' id='word_1_663' title='bbox 2879 3830 3037 3892; x_wconf 78' lang='lat' dir='ltr'><strong>Filio,</strong></span> <span class='ocrx_word' id='word_1_664' title='bbox 3077 3832 3278 3899; x_wconf 84' lang='lat' dir='ltr'><strong>passim</strong></span> <span class='ocrx_word' id='word_1_665' title='bbox 3320 3832 3598 3882; x_wconf 77' lang='lat' dir='ltr'><strong>invenere.</strong></span> <span class='ocrx_word' id='word_1_666' title='bbox 3629 3829 3790 3882; x_wconf 77' lang='lat' dir='ltr'><strong>Nam.</strong></span> 
     </span>
    </p>
   </div>
   <div class='ocr_carea' id='block_1_84' title="bbox 2215 3922 3793 3992">
    <p class='ocr_par' dir='ltr' id='par_1_84' title="bbox 2215 3922 3793 3992">
     <span class='ocr_line' id='line_1_84' title="bbox 2215 3922 3793 3992; baseline 0.001 -17"><span class='ocrx_word' id='word_1_667' title='bbox 2215 3939 2320 3992; x_wconf 87' lang='lat' dir='ltr'><strong>que</strong></span> <span class='ocrx_word' id='word_1_668' title='bbox 2373 3923 2710 3976; x_wconf 82' lang='lat' dir='ltr'><strong>Athanasius</strong></span> <span class='ocrx_word' id='word_1_669' title='bbox 2758 3923 3005 3975; x_wconf 79' lang='lat' dir='ltr'><strong>veritatis</strong></span> <span class='ocrx_word' id='word_1_670' title='bbox 3053 3922 3490 3986; x_wconf 80' lang='lat' dir='ltr'><strong>fundamentum,</strong></span> <span class='ocrx_word' id='word_1_671' title='bbox 3542 3923 3793 3976; x_wconf 79' lang='lat' dir='ltr'><strong>oratione</strong></span> 
     </span>
    </p>
   </div>
   <div class='ocr_carea' id='block_1_85' title="bbox 2217 4013 3791 4081">
    <p class='ocr_par' dir='ltr' id='par_1_85' title="bbox 2217 4013 3791 4081">
     <span class='ocr_line' id='line_1_85' title="bbox 2217 4013 3791 4081; baseline -0.001 -17"><span class='ocrx_word' id='word_1_672' title='bbox 2217 4017 2372 4066; x_wconf 91' lang='lat' dir='ltr'><strong>tertia</strong></span> <span class='ocrx_word' id='word_1_673' title='bbox 2409 4015 2673 4068; x_wconf 78' lang='lat' dir='ltr'><strong>adversus</strong></span> <span class='ocrx_word' id='word_1_674' title='bbox 2701 4014 2934 4066; x_wconf 79' lang='lat' dir='ltr'><strong>Arianos</strong></span> <span class='ocrx_word' id='word_1_675' title='bbox 2968 4014 3140 4065; x_wconf 82' lang='lat' dir='ltr'><strong>dicit:</strong></span> <span class='ocrx_word' id='word_1_676' title='bbox 3181 4033 3197 4064; x_wconf 89' lang='grc' dir='ltr'><strong>ι</strong></span> <span class='ocrx_word' id='word_1_677' title='bbox 3244 4013 3594 4081; x_wconf 70' lang='lat' dir='ltr'><strong>Qumrunque</strong></span> <span class='ocrx_word' id='word_1_678' title='bbox 3633 4014 3791 4069; x_wconf 78' lang='lat' dir='ltr'><strong>habet</strong></span> 
     </span>
    </p>
   </div>
   <div class='ocr_carea' id='block_1_86' title="bbox 2217 4105 3789 4177">
    <p class='ocr_par' dir='ltr' id='par_1_86' title="bbox 2217 4105 3789 4177">
     <span class='ocr_line' id='line_1_86' title="bbox 2217 4105 3789 4177; baseline -0.003 -17"><span class='ocrx_word' id='word_1_679' title='bbox 2217 4108 2475 4175; x_wconf 86' lang='lat' dir='ltr'><strong>Spiritus,</strong></span> <span class='ocrx_word' id='word_1_680' title='bbox 2508 4121 2580 4160; x_wconf 80' lang='lat' dir='ltr'><strong>ex</strong></span> <span class='ocrx_word' id='word_1_681' title='bbox 2617 4105 2754 4160; x_wconf 85' lang='lat' dir='ltr'><strong>Filio</strong></span> <span class='ocrx_word' id='word_1_682' title='bbox 2787 4108 2963 4160; x_wconf 83' lang='lat' dir='ltr'><strong>habet.</strong></span> <span class='ocrx_word' id='word_1_683' title='bbox 3005 4126 3020 4157; x_wconf 76' lang='grc' dir='ltr'><strong>ι</strong></span> <span class='ocrx_word' id='word_1_684' title='bbox 3067 4107 3169 4161; x_wconf 88' lang='lat' dir='ltr'><strong>Sed</strong></span> <span class='ocrx_word' id='word_1_685' title='bbox 3205 4109 3349 4177; x_wconf 88' lang='lat' dir='ltr'><strong>quis,</strong></span> <span class='ocrx_word' id='word_1_686' title='bbox 3378 4107 3671 4160; x_wconf 90' lang='lat' dir='ltr'><strong>dummodo</strong></span> <span class='ocrx_word' id='word_1_687' title='bbox 3703 4123 3789 4157; x_wconf 84' lang='lat' dir='ltr'><strong>sa-</strong></span> 
     </span>
    </p>
   </div>
   <div class='ocr_carea' id='block_1_87' title="bbox 2215 4197 3789 4268">
    <p class='ocr_par' dir='ltr' id='par_1_87' title="bbox 2215 4197 3789 4268">
     <span class='ocr_line' id='line_1_87' title="bbox 2215 4197 3789 4268; baseline -0.002 -17"><span class='ocrx_word' id='word_1_688' title='bbox 2215 4200 2313 4268; x_wconf 87' lang='lat' dir='ltr'><strong>pit,</strong></span> <span class='ocrx_word' id='word_1_689' title='bbox 2343 4201 2569 4264; x_wconf 86' lang='lat' dir='ltr'><strong>diceret,</strong></span> <span class='ocrx_word' id='word_1_690' title='bbox 2612 4197 2874 4267; x_wconf 89' lang='lat' dir='ltr'><strong>Spiritum</strong></span> <span class='ocrx_word' id='word_1_691' title='bbox 2912 4208 3166 4253; x_wconf 87' lang='lat' dir='ltr'><strong>sanetum</strong></span> <span class='ocrx_word' id='word_1_692' title='bbox 3203 4215 3309 4252; x_wconf 92' lang='lat' dir='ltr'><strong>non</strong></span> <span class='ocrx_word' id='word_1_693' title='bbox 3340 4214 3460 4254; x_wconf 83' lang='lat' dir='ltr'><strong>esse</strong></span> <span class='ocrx_word' id='word_1_694' title='bbox 3489 4214 3716 4265; x_wconf 88' lang='lat' dir='ltr'><strong>prorsus</strong></span> <span class='ocrx_word' id='word_1_695' title='bbox 3736 4208 3789 4253; x_wconf 87' lang='lat' dir='ltr'><strong>et</strong></span> 
     </span>
    </p>
   </div>
   <div class='ocr_carea' id='block_1_88' title="bbox 2218 4287 3790 4356">
    <p class='ocr_par' dir='ltr' id='par_1_88' title="bbox 2218 4287 3790 4356">
     <span class='ocr_line' id='line_1_88' title="bbox 2218 4287 3790 4356; baseline 0.001 -20"><span class='ocrx_word' id='word_1_696' title='bbox 2218 4305 2311 4354; x_wconf 83' lang='lat' dir='ltr'><strong>per</strong></span> <span class='ocrx_word' id='word_1_697' title='bbox 2337 4289 2518 4340; x_wconf 88' lang='lat' dir='ltr'><strong>omnia</strong></span> <span class='ocrx_word' id='word_1_698' title='bbox 2560 4287 2906 4354; x_wconf 88' lang='lat' dir='ltr'><strong>simplicem;</strong></span> <span class='ocrx_word' id='word_1_699' title='bbox 2943 4297 2997 4340; x_wconf 89' lang='lat' dir='ltr'><strong>at</strong></span> <span class='ocrx_word' id='word_1_700' title='bbox 3029 4305 3092 4342; x_wconf 81' lang='lat' dir='ltr'><strong>ex</strong></span> <span class='ocrx_word' id='word_1_701' title='bbox 3147 4289 3494 4356; x_wconf 78' lang='lat' dir='ltr'><strong>simplicibus</strong></span> <span class='ocrx_word' id='word_1_702' title='bbox 3528 4287 3790 4356; x_wconf 81' lang='lat' dir='ltr'><strong>quidquid</strong></span> 
     </span>
    </p>
   </div>
   <div class='ocr_carea' id='block_1_89' title="bbox 2217 4379 3792 4451">
    <p class='ocr_par' dir='ltr' id='par_1_89' title="bbox 2217 4379 3792 4451">
     <span class='ocr_line' id='line_1_89' title="bbox 2217 4379 3792 4451; baseline 0.002 -21"><span class='ocrx_word' id='word_1_703' title='bbox 2217 4381 2433 4446; x_wconf 68' lang='lat' dir='ltr'><strong>accipit.</strong></span> <span class='ocrx_word' id='word_1_704' title='bbox 2469 4380 2612 4448; x_wconf 80' lang='lat' dir='ltr'><strong>quod</strong></span> <span class='ocrx_word' id='word_1_705' title='bbox 2651 4382 2704 4433; x_wconf 96' lang='lat' dir='ltr'><strong>in</strong></span> <span class='ocrx_word' id='word_1_706' title='bbox 2748 4382 3071 4451; x_wconf 88' lang='lat' dir='ltr'><strong>compositis</strong></span> <span class='ocrx_word' id='word_1_707' title='bbox 3101 4381 3259 4434; x_wconf 86' lang='lat' dir='ltr'><strong>aliter</strong></span> <span class='ocrx_word' id='word_1_708' title='bbox 3295 4382 3401 4445; x_wconf 90' lang='lat' dir='ltr'><strong>sit,</strong></span> <span class='ocrx_word' id='word_1_709' title='bbox 3441 4390 3612 4434; x_wconf 88' lang='lat' dir='ltr'><strong>totum</strong></span> <span class='ocrx_word' id='word_1_710' title='bbox 3645 4379 3792 4433; x_wconf 86' lang='lat' dir='ltr'><strong>acci-</strong></span> 
     </span>
    </p>
   </div>
   <div class='ocr_carea' id='block_1_90' title="bbox 2219 4471 3795 4541">
    <p class='ocr_par' dir='ltr' id='par_1_90' title="bbox 2219 4471 3795 4541">
     <span class='ocr_line' id='line_1_90' title="bbox 2219 4471 3795 4541; baseline 0.001 -19"><span class='ocrx_word' id='word_1_711' title='bbox 2219 4487 2346 4541; x_wconf 83' lang='lat' dir='ltr'><strong>pere</strong></span> <span class='ocrx_word' id='word_1_712' title='bbox 2399 4471 2640 4526; x_wconf 86' lang='lat' dir='ltr'><strong>dieitur?</strong></span> <span class='ocrx_word' id='word_1_713' title='bbox 2691 4473 2828 4526; x_wconf 83' lang='lat' dir='ltr'><strong>Ante</strong></span> <span class='ocrx_word' id='word_1_714' title='bbox 2862 4474 3025 4526; x_wconf 89' lang='lat' dir='ltr'><strong>etiam</strong></span> <span class='ocrx_word' id='word_1_715' title='bbox 3071 4474 3122 4526; x_wconf 93' lang='lat' dir='ltr'><strong>in</strong></span> <span class='ocrx_word' id='word_1_716' title='bbox 3164 4474 3266 4527; x_wconf 90' lang='lat' dir='ltr'><strong>hac</strong></span> <span class='ocrx_word' id='word_1_717' title='bbox 3312 4473 3497 4528; x_wconf 82' lang='lat' dir='ltr'><strong>eadem</strong></span> <span class='ocrx_word' id='word_1_718' title='bbox 3545 4472 3795 4526; x_wconf 82' lang='lat' dir='ltr'><strong>oratione</strong></span> 
     </span>
    </p>
   </div>
   <div class='ocr_carea' id='block_1_91' title="bbox 533 4564 2295 4637">
    <p class='ocr_par' dir='ltr' id='par_1_91' title="bbox 533 4565 2291 4637">
     <span class='ocr_line' id='line_1_91' title="bbox 533 4565 2291 4637; baseline -0.004 -15"><span class='ocrx_word' id='word_1_719' title='bbox 533 4574 764 4636; x_wconf 76' lang='grc' dir='ltr'>γίνεται,</span> <span class='ocrx_word' id='word_1_720' title='bbox 819 4570 932 4622; x_wconf 74' lang='grc' dir='ltr'><strong>ἀλλ’</strong></span> <span class='ocrx_word' id='word_1_721' title='bbox 967 4572 1105 4637; x_wconf 80' lang='grc' dir='ltr'>ὅπερ</span> <span class='ocrx_word' id='word_1_722' title='bbox 1160 4570 1228 4622; x_wconf 84' lang='grc' dir='ltr'><strong>ἂν</strong></span> <span class='ocrx_word' id='word_1_723' title='bbox 1281 4569 1496 4634; x_wconf 71' lang='grc' dir='ltr'>λέγοιτο</span> <span class='ocrx_word' id='word_1_724' title='bbox 1549 4567 1940 4637; x_wconf 69' lang='grc' dir='ltr'>λαμϐάνειντδ</span> <span class='ocrx_word' id='word_1_725' title='bbox 1992 4565 2110 4617; x_wconf 78' lang='grc' dir='ltr'>ὅλον</span> <span class='ocrx_word' id='word_1_726' title='bbox 2148 4566 2291 4616; x_wconf 85' lang='lat' dir='ltr'><strong>Dset</strong></span> 
     </span>
    </p>
   </div>
   <div class='ocr_carea' id='block_1_92' title="bbox 2032 4564 3794 4637">
    <p class='ocr_par' dir='ltr' id='par_1_92' title="bbox 2032 4564 3794 4635">
     <span class='ocr_line' id='line_1_92' title="bbox 2032 4564 3794 4635; baseline 0 -19"><span class='ocrx_word' id='word_1_727' title='bbox 2032 4567 2110 4616; x_wconf 69' lang='grc' dir='ltr'><strong>λον</strong></span> <span class='ocrx_word' id='word_1_728' title='bbox 2148 4566 2187 4616; x_wconf 86' lang='grc' dir='ltr'><strong>υ</strong></span> <span class='ocrx_word' id='word_1_729' title='bbox 2216 4565 2404 4617; x_wconf 68' lang='lat' dir='ltr'><strong>set-ibit</strong></span> <span class='ocrx_word' id='word_1_730' title='bbox 2439 4583 2451 4617; x_wconf 92' lang='lat'><strong>:</strong></span> <span class='ocrx_word' id='word_1_731' title='bbox 2501 4583 2517 4614; x_wconf 84' lang='grc' dir='ltr'><strong>ι</strong></span> <span class='ocrx_word' id='word_1_732' title='bbox 2563 4565 2748 4634; x_wconf 88' lang='lat' dir='ltr'><strong>Neque</strong></span> <span class='ocrx_word' id='word_1_733' title='bbox 2781 4566 2925 4619; x_wconf 90' lang='lat' dir='ltr'><strong>enim</strong></span> <span class='ocrx_word' id='word_1_734' title='bbox 2970 4565 3142 4620; x_wconf 77' lang='lat' dir='ltr'><strong>Filius</strong></span> <span class='ocrx_word' id='word_1_735' title='bbox 3189 4567 3462 4635; x_wconf 86' lang='lat' dir='ltr'><strong>particeps</strong></span> <span class='ocrx_word' id='word_1_736' title='bbox 3502 4575 3586 4618; x_wconf 86' lang='lat' dir='ltr'><strong>est.</strong></span> <span class='ocrx_word' id='word_1_737' title='bbox 3617 4564 3794 4633; x_wconf 83' lang='lat' dir='ltr'><strong>Spiri-</strong></span> 
     </span>
    </p>
   </div>
   <div class='ocr_carea' id='block_1_93' title="bbox 532 4661 2115 4732">
    <p class='ocr_par' dir='ltr' id='par_1_93' title="bbox 532 4661 2115 4732">
     <span class='ocr_line' id='line_1_93' title="bbox 532 4661 2115 4732; baseline -0.001 -17"><span class='ocrx_word' id='word_1_738' title='bbox 532 4665 710 4728; x_wconf 77' lang='grc' dir='ltr'>ἐστίν;</span> <span class='ocrx_word' id='word_1_739' title='bbox 750 4662 908 4716; x_wconf 70' lang='grc' dir='ltr'>Ἀλλὰ</span> <span class='ocrx_word' id='word_1_740' title='bbox 929 4664 1020 4716; x_wconf 76' lang='grc' dir='ltr'><strong>καὶ</strong></span> <span class='ocrx_word' id='word_1_741' title='bbox 1061 4663 1158 4722; x_wconf 60' lang='grc' dir='ltr'>πολι</span> <span class='ocrx_word' id='word_1_742' title='bbox 1189 4661 1383 4714; x_wconf 72' lang='grc' dir='ltr'>τούτου</span> <span class='ocrx_word' id='word_1_743' title='bbox 1419 4664 1474 4713; x_wconf 75' lang='grc' dir='ltr'>ἐν</span> <span class='ocrx_word' id='word_1_744' title='bbox 1508 4662 1585 4731; x_wconf 79' lang='grc' dir='ltr'>τῷ</span> <span class='ocrx_word' id='word_1_745' title='bbox 1617 4663 1766 4732; x_wconf 79' lang='grc' dir='ltr'>αὑτῷ</span> <span class='ocrx_word' id='word_1_746' title='bbox 1799 4662 1944 4729; x_wconf 79' lang='grc' dir='ltr'>λόγῳ</span> <span class='ocrx_word' id='word_1_747' title='bbox 2012 4675 2115 4724; x_wconf 55' lang='grc' dir='ltr'>φη*</span> 
     </span>
    </p>
   </div>
   <div class='ocr_carea' id='block_1_94' title="bbox 535 4752 2114 4825">
    <p class='ocr_par' dir='ltr' id='par_1_94' title="bbox 535 4752 2114 4825">
     <span class='ocr_line' id='line_1_94' title="bbox 535 4752 2114 4825; baseline -0.003 -18"><span class='ocrx_word' id='word_1_748' title='bbox 535 4761 618 4808; x_wconf 78' lang='grc' dir='ltr'><strong>σίν</strong></span> <span class='ocrx_word' id='word_1_749' title='bbox 643 4771 654 4784; x_wconf 84' lang='grc'><em>’</em></span> <span class='ocrx_word' id='word_1_750' title='bbox 688 4775 704 4807; x_wconf 79' lang='grc' dir='ltr'><strong>ι</strong></span> <span class='ocrx_word' id='word_1_751' title='bbox 753 4755 831 4810; x_wconf 82' lang='grc' dir='ltr'><strong>Οὐ</strong></span> <span class='ocrx_word' id='word_1_752' title='bbox 865 4757 975 4825; x_wconf 68' lang='grc' dir='ltr'><strong>γὰρ</strong></span> <span class='ocrx_word' id='word_1_753' title='bbox 1006 4756 1100 4806; x_wconf 57' lang='grc' dir='ltr'><strong>καὶ</strong></span> <span class='ocrx_word' id='word_1_754' title='bbox 1131 4759 1159 4808; x_wconf 73' lang='grc' dir='ltr'>ὁ</span> <span class='ocrx_word' id='word_1_755' title='bbox 1196 4756 1320 4817; x_wconf 68' lang='grc' dir='ltr'>Υίος</span> <span class='ocrx_word' id='word_1_756' title='bbox 1354 4755 1598 4824; x_wconf 81' lang='grc' dir='ltr'>μετέχων</span> <span class='ocrx_word' id='word_1_757' title='bbox 1650 4756 1766 4807; x_wconf 74' lang='grc' dir='ltr'>ἐστὶ</span> <span class='ocrx_word' id='word_1_758' title='bbox 1812 4752 1904 4806; x_wconf 85' lang='grc' dir='ltr'><strong>τοῦ</strong></span> <span class='ocrx_word' id='word_1_759' title='bbox 1942 4753 2114 4805; x_wconf 83' lang='grc' dir='ltr'>Πνεύ-</span> 
     </span>
    </p>
   </div>
   <div class='ocr_carea' id='block_1_95' title="bbox 537 4846 2112 4916">
    <p class='ocr_par' dir='ltr' id='par_1_95' title="bbox 537 4846 2112 4916">
     <span class='ocr_line' id='line_1_95' title="bbox 537 4846 2112 4916; baseline -0.002 -17"><span class='ocrx_word' id='word_1_760' title='bbox 537 4867 725 4916; x_wconf 84' lang='grc' dir='ltr'>ματος,</span> <span class='ocrx_word' id='word_1_761' title='bbox 757 4849 842 4900; x_wconf 80' lang='grc' dir='ltr'><strong>ἵνα</strong></span> <span class='ocrx_word' id='word_1_762' title='bbox 867 4848 955 4900; x_wconf 78' lang='grc' dir='ltr'><strong>διὰ</strong></span> <span class='ocrx_word' id='word_1_763' title='bbox 997 4848 1156 4899; x_wconf 77' lang='grc' dir='ltr'>τοῦτο</span> <span class='ocrx_word' id='word_1_764' title='bbox 1178 4849 1273 4899; x_wconf 75' lang='grc' dir='ltr'>καὶ</span> <span class='ocrx_word' id='word_1_765' title='bbox 1318 4849 1372 4898; x_wconf 83' lang='grc' dir='ltr'>ὲν</span> <span class='ocrx_word' id='word_1_766' title='bbox 1400 4847 1477 4914; x_wconf 82' lang='grc' dir='ltr'><strong>τῷ</strong></span> <span class='ocrx_word' id='word_1_767' title='bbox 1512 4848 1688 4915; x_wconf 76' lang='grc' dir='ltr'>Πατρὶ</span> <span class='ocrx_word' id='word_1_768' title='bbox 1717 4847 1964 4913; x_wconf 74' lang='grc' dir='ltr'>γένηται,</span> <span class='ocrx_word' id='word_1_769' title='bbox 1992 4846 2112 4897; x_wconf 70' lang='grc' dir='ltr'>οὐδὲ</span> 
     </span>
    </p>
   </div>
   <div class='ocr_carea' id='block_1_96' title="bbox 536 4939 2114 5007">
    <p class='ocr_par' dir='ltr' id='par_1_96' title="bbox 536 4939 2114 5007">
     <span class='ocr_line' id='line_1_96' title="bbox 536 4939 2114 5007; baseline 0.002 -19"><span class='ocrx_word' id='word_1_770' title='bbox 536 4940 833 5007; x_wconf 70' lang='grc' dir='ltr'>ὶαμὸἀνων</span> <span class='ocrx_word' id='word_1_771' title='bbox 861 4940 976 4991; x_wconf 69' lang='grc' dir='ltr'>ἐστὶ</span> <span class='ocrx_word' id='word_1_772' title='bbox 1013 4941 1073 4992; x_wconf 77' lang='grc' dir='ltr'><strong>τὸ</strong></span> <span class='ocrx_word' id='word_1_773' title='bbox 1111 4939 1354 5006; x_wconf 84' lang='grc' dir='ltr'>Πνεῦμα,</span> <span class='ocrx_word' id='word_1_774' title='bbox 1384 4940 1522 4991; x_wconf 71' lang='grc' dir='ltr'><strong>ἀλλὰ</strong></span> <span class='ocrx_word' id='word_1_775' title='bbox 1557 4939 1758 5004; x_wconf 76' lang='grc' dir='ltr'>μᾶλλον</span> <span class='ocrx_word' id='word_1_776' title='bbox 1788 4940 1848 4991; x_wconf 65' lang='grc' dir='ltr'>τὸ</span> <span class='ocrx_word' id='word_1_777' title='bbox 1889 4939 2114 5007; x_wconf 77' lang='grc' dir='ltr'>Πνεῦμα</span> 
     </span>
    </p>
   </div>
   <div class='ocr_carea' id='block_1_97' title="bbox 535 5029 2114 5099">
    <p class='ocr_par' dir='ltr' id='par_1_97' title="bbox 535 5029 2114 5099">
     <span class='ocr_line' id='line_1_97' title="bbox 535 5029 2114 5099; baseline 0.001 -20"><span class='ocrx_word' id='word_1_778' title='bbox 535 5031 688 5096; x_wconf 69' lang='grc' dir='ltr'>παρὰ</span> <span class='ocrx_word' id='word_1_779' title='bbox 733 5029 827 5082; x_wconf 91' lang='grc' dir='ltr'><strong>τοῦ</strong></span> <span class='ocrx_word' id='word_1_780' title='bbox 883 5031 1058 5097; x_wconf 80' lang='grc' dir='ltr'>Λόγου</span> <span class='ocrx_word' id='word_1_781' title='bbox 1107 5031 1396 5098; x_wconf 72' lang='grc' dir='ltr'>λαμῦἀνει,</span> <span class='ocrx_word' id='word_1_782' title='bbox 1451 5049 1467 5080; x_wconf 75' lang='grc' dir='ltr'><strong>ι</strong></span> <span class='ocrx_word' id='word_1_783' title='bbox 1507 5031 1605 5082; x_wconf 75' lang='grc' dir='ltr'><strong>Διὰ</strong></span> <span class='ocrx_word' id='word_1_784' title='bbox 1642 5030 1800 5082; x_wconf 87' lang='grc' dir='ltr'>τοῦτο</span> <span class='ocrx_word' id='word_1_785' title='bbox 1834 5031 1928 5082; x_wconf 71' lang='grc' dir='ltr'><strong>καὶ</strong></span> <span class='ocrx_word' id='word_1_786' title='bbox 1963 5031 2114 5099; x_wconf 72' lang='grc' dir='ltr'>παρὰ</span> 
     </span>
    </p>
   </div>
   <div class='ocr_carea' id='block_1_98' title="bbox 535 5121 2112 5192">
    <p class='ocr_par' dir='ltr' id='par_1_98' title="bbox 535 5121 2112 5192">
     <span class='ocr_line' id='line_1_98' title="bbox 535 5121 2112 5192; baseline -0.002 -17"><span class='ocrx_word' id='word_1_787' title='bbox 535 5125 644 5175; x_wconf 80' lang='grc' dir='ltr'><strong>τῶν</strong></span> <span class='ocrx_word' id='word_1_788' title='bbox 673 5121 1014 5176; x_wconf 78' lang='grc' dir='ltr'>διδασκάλων</span> <span class='ocrx_word' id='word_1_789' title='bbox 1045 5125 1268 5192; x_wconf 81' lang='grc' dir='ltr'>ὰμέσως</span> <span class='ocrx_word' id='word_1_790' title='bbox 1302 5124 1522 5190; x_wconf 79' lang='grc' dir='ltr'>λέγεται</span> <span class='ocrx_word' id='word_1_791' title='bbox 1555 5126 1582 5176; x_wconf 92' lang='lat'><strong>6</strong></span> <span class='ocrx_word' id='word_1_792' title='bbox 1612 5122 1737 5185; x_wconf 71' lang='grc' dir='ltr'>Υἱὸς</span> <span class='ocrx_word' id='word_1_793' title='bbox 1778 5125 1841 5174; x_wconf 83' lang='grc' dir='ltr'><strong>ὲκ</strong></span> <span class='ocrx_word' id='word_1_794' title='bbox 1877 5123 1969 5175; x_wconf 80' lang='grc' dir='ltr'><strong>τοῦ</strong></span> <span class='ocrx_word' id='word_1_795' title='bbox 2006 5125 2112 5175; x_wconf 84' lang='grc' dir='ltr'>Πα-</span> 
     </span>
    </p>
   </div>
   <div class='ocr_carea' id='block_1_99' title="bbox 535 5215 2115 5284">
    <p class='ocr_par' dir='ltr' id='par_1_99' title="bbox 535 5215 2115 5284">
     <span class='ocr_line' id='line_1_99' title="bbox 535 5215 2115 5284; baseline -0.001 -18"><span class='ocrx_word' id='word_1_796' title='bbox 535 5217 682 5283; x_wconf 73' lang='grc' dir='ltr'>τρδς,</span> <span class='ocrx_word' id='word_1_797' title='bbox 715 5217 790 5279; x_wconf 86' lang='grc' dir='ltr'>ὼς</span> <span class='ocrx_word' id='word_1_798' title='bbox 815 5219 948 5284; x_wconf 75' lang='grc' dir='ltr'>φησὶ</span> <span class='ocrx_word' id='word_1_799' title='bbox 974 5215 1235 5284; x_wconf 81' lang='grc' dir='ltr'>Κύριλ),ο;</span> <span class='ocrx_word' id='word_1_800' title='bbox 1268 5219 1324 5268; x_wconf 79' lang='grc' dir='ltr'>ἐν</span> <span class='ocrx_word' id='word_1_801' title='bbox 1354 5218 1462 5277; x_wconf 80' lang='grc' dir='ltr'>τοῖς</span> <span class='ocrx_word' id='word_1_802' title='bbox 1496 5215 1854 5284; x_wconf 76' lang='grc' dir='ltr'>Θῃσαινροῖς’</span> <span class='ocrx_word' id='word_1_803' title='bbox 1888 5233 1904 5265; x_wconf 67' lang='grc' dir='ltr'><strong>ι</strong></span> <span class='ocrx_word' id='word_1_804' title='bbox 1946 5215 2115 5284; x_wconf 77' lang='grc' dir='ltr'>Γεννᾷ</span> 
     </span>
    </p>
   </div>
   <div class='ocr_carea' id='block_1_100' title="bbox 533 5307 2114 5377">
    <p class='ocr_par' dir='ltr' id='par_1_100' title="bbox 533 5307 2114 5377">
     <span class='ocr_line' id='line_1_100' title="bbox 533 5307 2114 5377; baseline -0.002 -17"><span class='ocrx_word' id='word_1_805' title='bbox 533 5311 561 5360; x_wconf 86' lang='lat'><strong>6</strong></span> <span class='ocrx_word' id='word_1_806' title='bbox 596 5309 783 5377; x_wconf 81' lang='grc' dir='ltr'>Πατὴρ</span> <span class='ocrx_word' id='word_1_807' title='bbox 830 5309 920 5360; x_wconf 66' lang='grc' dir='ltr'><strong>τον</strong></span> <span class='ocrx_word' id='word_1_808' title='bbox 955 5309 1080 5360; x_wconf 82' lang='grc' dir='ltr'>Υίδν</span> <span class='ocrx_word' id='word_1_809' title='bbox 1124 5308 1529 5375; x_wconf 82' lang='grc' dir='ltr'>ἁμεσιτεῦτως.</span> <span class='ocrx_word' id='word_1_810' title='bbox 1573 5327 1590 5359; x_wconf 83' lang='grc' dir='ltr'><strong>ι</strong></span> <span class='ocrx_word' id='word_1_811' title='bbox 1628 5310 1736 5360; x_wconf 70' lang='grc' dir='ltr'>Καὶ</span> <span class='ocrx_word' id='word_1_812' title='bbox 1770 5307 1932 5358; x_wconf 72' lang='grc' dir='ltr'>πάλιν</span> <span class='ocrx_word' id='word_1_813' title='bbox 1963 5310 1988 5358; x_wconf 93' lang='lat'><strong>6</strong></span> <span class='ocrx_word' id='word_1_814' title='bbox 2019 5308 2114 5358; x_wconf 72' lang='grc' dir='ltr'>αῦ-</span> 
     </span>
    </p>
   </div>
   <div class='ocr_carea' id='block_1_101' title="bbox 533 5399 2115 5468">
    <p class='ocr_par' dir='ltr' id='par_1_101' title="bbox 533 5399 2115 5468">
     <span class='ocr_line' id='line_1_101' title="bbox 533 5399 2115 5468; baseline -0.001 -18"><span class='ocrx_word' id='word_1_815' title='bbox 533 5401 623 5460; x_wconf 71' lang='grc' dir='ltr'><strong>τος</strong></span> <span class='ocrx_word' id='word_1_816' title='bbox 657 5401 736 5459; x_wconf 83' lang='grc' dir='ltr'><strong>είς</strong></span> <span class='ocrx_word' id='word_1_817' title='bbox 774 5400 832 5450; x_wconf 71' lang='grc' dir='ltr'>τὸ</span> <span class='ocrx_word' id='word_1_818' title='bbox 877 5401 1038 5468; x_wconf 70' lang='grc' dir='ltr'>ῥητὸν</span> <span class='ocrx_word' id='word_1_819' title='bbox 1065 5401 1147 5462; x_wconf 59' lang='lat' dir='ltr'><strong>ab,</strong></span> <span class='ocrx_word' id='word_1_820' title='bbox 1177 5401 1376 5452; x_wconf 77' lang='grc' dir='ltr'>Πάντα</span> <span class='ocrx_word' id='word_1_821' title='bbox 1405 5399 1480 5451; x_wconf 85' lang='grc' dir='ltr'>δι’</span> <span class='ocrx_word' id='word_1_822' title='bbox 1519 5399 1705 5453; x_wconf 72' lang='grc' dir='ltr'>αὑτοῦ</span> <span class='ocrx_word' id='word_1_823' title='bbox 1733 5399 1995 5466; x_wconf 75' lang='grc' dir='ltr'>ἐγένετο,</span> <span class='ocrx_word' id='word_1_824' title='bbox 2029 5399 2115 5449; x_wconf 73' lang='grc' dir='ltr'><strong>λέ-</strong></span> 
     </span>
    </p>
   </div>
   <div class='ocr_carea' id='block_1_102' title="bbox 536 5490 2114 5560">
    <p class='ocr_par' dir='ltr' id='par_1_102' title="bbox 536 5490 2114 5560">
     <span class='ocr_line' id='line_1_102' title="bbox 536 5490 2114 5560; baseline -0.001 -17"><span class='ocrx_word' id='word_1_825' title='bbox 536 5506 656 5558; x_wconf 86' lang='grc' dir='ltr'>γει·</span> <span class='ocrx_word' id='word_1_826' title='bbox 689 5509 706 5542; x_wconf 80' lang='grc' dir='ltr'><strong>ι</strong></span> <span class='ocrx_word' id='word_1_827' title='bbox 754 5493 1002 5545; x_wconf 79' lang='grc' dir='ltr'>Συνεῖναι</span> <span class='ocrx_word' id='word_1_828' title='bbox 1030 5493 1108 5560; x_wconf 80' lang='grc' dir='ltr'>τῷ</span> <span class='ocrx_word' id='word_1_829' title='bbox 1140 5492 1256 5559; x_wconf 83' lang='grc' dir='ltr'><strong>Υἱῷ</strong></span> <span class='ocrx_word' id='word_1_830' title='bbox 1287 5493 1374 5544; x_wconf 61' lang='grc' dir='ltr'>τὸν</span> <span class='ocrx_word' id='word_1_831' title='bbox 1427 5493 1645 5558; x_wconf 78' lang='grc' dir='ltr'>Πατέρα</span> <span class='ocrx_word' id='word_1_832' title='bbox 1679 5490 1906 5560; x_wconf 88' lang='grc' dir='ltr'>νοοῦμεν</span> <span class='ocrx_word' id='word_1_833' title='bbox 1934 5491 2020 5542; x_wconf 73' lang='grc' dir='ltr'>διὰ</span> <span class='ocrx_word' id='word_1_834' title='bbox 2057 5491 2114 5541; x_wconf 63' lang='grc' dir='ltr'>τδ</span> 
     </span>
    </p>
   </div>
   <div class='ocr_carea' id='block_1_103' title="bbox 537 5583 2112 5651">
    <p class='ocr_par' dir='ltr' id='par_1_103' title="bbox 537 5583 2112 5651">
     <span class='ocr_line' id='line_1_103' title="bbox 537 5583 2112 5651; baseline 0.007 -18"><span class='ocrx_word' id='word_1_835' title='bbox 537 5583 963 5650; x_wconf 66' lang='grc' dir='ltr'>ἀπαρίὶλακτον</span> <span class='ocrx_word' id='word_1_836' title='bbox 1013 5585 1114 5651; x_wconf 78' lang='grc' dir='ltr'><strong>τῆς</strong></span> <span class='ocrx_word' id='word_1_837' title='bbox 1171 5586 1384 5646; x_wconf 75' lang='grc' dir='ltr'>οὐσίας,</span> <span class='ocrx_word' id='word_1_838' title='bbox 1417 5587 1510 5638; x_wconf 73' lang='grc' dir='ltr'><strong>καὶ</strong></span> <span class='ocrx_word' id='word_1_839' title='bbox 1554 5585 1611 5637; x_wconf 83' lang='grc' dir='ltr'><strong>τὸ</strong></span> <span class='ocrx_word' id='word_1_840' title='bbox 1643 5586 1811 5650; x_wconf 79' lang='grc' dir='ltr'>ἄκρον</span> <span class='ocrx_word' id='word_1_841' title='bbox 1841 5586 2112 5651; x_wconf 75' lang='grc' dir='ltr'>προσεχές</span> 
     </span>
    </p>
   </div>
   <div class='ocr_carea' id='block_1_104' title="bbox 535 5674 2116 5746">
    <p class='ocr_par' dir='ltr' id='par_1_104' title="bbox 535 5674 2116 5746">
     <span class='ocr_line' id='line_1_104' title="bbox 535 5674 2116 5746; baseline 0.009 -22"><span class='ocrx_word' id='word_1_842' title='bbox 535 5691 596 5725; x_wconf 86' lang='grc' dir='ltr'><strong>τε</strong></span> <span class='ocrx_word' id='word_1_843' title='bbox 628 5674 718 5726; x_wconf 65' lang='grc' dir='ltr'><strong>καὶ</strong></span> <span class='ocrx_word' id='word_1_844' title='bbox 748 5675 952 5743; x_wconf 79' lang='grc' dir='ltr'>ἆμεσον</span> <span class='ocrx_word' id='word_1_845' title='bbox 983 5676 1174 5729; x_wconf 61' lang='grc' dir='ltr'>αὐτοῦ.</span> <span class='ocrx_word' id='word_1_846' title='bbox 1217 5696 1234 5726; x_wconf 78' lang='grc' dir='ltr'><strong>ι</strong></span> <span class='ocrx_word' id='word_1_847' title='bbox 1277 5678 1382 5731; x_wconf 73' lang='grc' dir='ltr'>Καὶ</span> <span class='ocrx_word' id='word_1_848' title='bbox 1413 5679 1438 5729; x_wconf 79' lang='lat'><strong>6</strong></span> <span class='ocrx_word' id='word_1_849' title='bbox 1470 5679 1694 5742; x_wconf 77' lang='grc' dir='ltr'>Νύσσης</span> <span class='ocrx_word' id='word_1_850' title='bbox 1726 5677 2026 5746; x_wconf 74' lang='grc' dir='ltr'>Γρηγόριος</span> <span class='ocrx_word' id='word_1_851' title='bbox 2061 5680 2116 5728; x_wconf 73' lang='grc' dir='ltr'><strong>ἐν</strong></span> 
     </span>
    </p>
   </div>
   <div class='ocr_carea' id='block_1_105' title="bbox 535 5765 2110 5841">
    <p class='ocr_par' dir='ltr' id='par_1_105' title="bbox 535 5765 2110 5841">
     <span class='ocr_line' id='line_1_105' title="bbox 535 5765 2110 5841; baseline 0.001 -23"><span class='ocrx_word' id='word_1_852' title='bbox 535 5765 615 5835; x_wconf 76' lang='grc' dir='ltr'>τῷ</span> <span class='ocrx_word' id='word_1_853' title='bbox 650 5767 785 5834; x_wconf 64' lang='grc' dir='ltr'>πρδς</span> <span class='ocrx_word' id='word_1_854' title='bbox 831 5769 1110 5822; x_wconf 61' lang='grc' dir='ltr'>’Λίλλάιῖιον</span> <span class='ocrx_word' id='word_1_855' title='bbox 1141 5772 1285 5838; x_wconf 74' lang='grc' dir='ltr'>λόγῳ</span> <span class='ocrx_word' id='word_1_856' title='bbox 1317 5775 1536 5839; x_wconf 73' lang='grc' dir='ltr'>φάσκει,</span> <span class='ocrx_word' id='word_1_857' title='bbox 1569 5791 1584 5822; x_wconf 77' lang='grc' dir='ltr'><strong>ι</strong></span> <span class='ocrx_word' id='word_1_858' title='bbox 1635 5773 1708 5823; x_wconf 75' lang='lat' dir='ltr'><strong>&#39;l‘b</strong></span> <span class='ocrx_word' id='word_1_859' title='bbox 1741 5771 1839 5838; x_wconf 74' lang='grc' dir='ltr'>μὲν</span> <span class='ocrx_word' id='word_1_860' title='bbox 1865 5773 1970 5841; x_wconf 79' lang='grc' dir='ltr'>γάρ</span> <span class='ocrx_word' id='word_1_861' title='bbox 2001 5773 2110 5821; x_wconf 69' lang='lat' dir='ltr'><strong>seu</strong></span> 
     </span>
    </p>
   </div>
   <div class='ocr_carea' id='block_1_106' title="bbox 539 5863 2112 5935">
    <p class='ocr_par' dir='ltr' id='par_1_106' title="bbox 539 5863 2112 5935">
     <span class='ocr_line' id='line_1_106' title="bbox 539 5863 2112 5935; baseline 0.003 -24"><span class='ocrx_word' id='word_1_862' title='bbox 539 5863 822 5931; x_wconf 64' lang='grc' dir='ltr'>προσελὼς</span> <span class='ocrx_word' id='word_1_863' title='bbox 855 5866 916 5915; x_wconf 79' lang='grc' dir='ltr'><strong>ἐκ</strong></span> <span class='ocrx_word' id='word_1_864' title='bbox 949 5863 1038 5915; x_wconf 78' lang='grc' dir='ltr'><strong>τοῦ</strong></span> <span class='ocrx_word' id='word_1_865' title='bbox 1082 5865 1309 5932; x_wconf 52' lang='lat' dir='ltr'><strong>rapi-Urio.</strong></span> <span class='ocrx_word' id='word_1_866' title='bbox 1368 5885 1380 5915; x_wconf 75' lang='grc'><strong>&gt;</strong></span> <span class='ocrx_word' id='word_1_867' title='bbox 1424 5866 1526 5918; x_wconf 71' lang='grc' dir='ltr'><strong>Καὶ</strong></span> <span class='ocrx_word' id='word_1_868' title='bbox 1562 5866 1800 5935; x_wconf 69' lang='grc' dir='ltr'>οὐδαμοῦ</span> <span class='ocrx_word' id='word_1_869' title='bbox 1835 5866 2112 5934; x_wconf 64' lang='grc' dir='ltr'>φαίνονται</span> 
     </span>
    </p>
   </div>
   <div class='ocr_carea' id='block_1_107' title="bbox 2219 4657 3795 4727">
    <p class='ocr_par' dir='ltr' id='par_1_107' title="bbox 2219 4657 3795 4727">
     <span class='ocr_line' id='line_1_107' title="bbox 2219 4657 3795 4727; baseline 0.001 -20"><span class='ocrx_word' id='word_1_870' title='bbox 2219 4668 2328 4721; x_wconf 89' lang='lat' dir='ltr'><strong>tus,</strong></span> <span class='ocrx_word' id='word_1_871' title='bbox 2358 4667 2418 4710; x_wconf 88' lang='lat' dir='ltr'><strong>ut</strong></span> <span class='ocrx_word' id='word_1_872' title='bbox 2446 4673 2539 4725; x_wconf 89' lang='lat' dir='ltr'><strong>per</strong></span> <span class='ocrx_word' id='word_1_873' title='bbox 2588 4659 2735 4712; x_wconf 82' lang='lat' dir='ltr'><strong>i&#39;lum</strong></span> <span class='ocrx_word' id='word_1_874' title='bbox 2789 4659 2838 4712; x_wconf 93' lang='lat' dir='ltr'><strong>in</strong></span> <span class='ocrx_word' id='word_1_875' title='bbox 2885 4658 3044 4711; x_wconf 83' lang='lat' dir='ltr'><strong>Patre</strong></span> <span class='ocrx_word' id='word_1_876' title='bbox 3076 4660 3186 4723; x_wconf 83' lang='lat' dir='ltr'><strong>liat,</strong></span> <span class='ocrx_word' id='word_1_877' title='bbox 3221 4673 3398 4727; x_wconf 87' lang='lat' dir='ltr'><strong>neque</strong></span> <span class='ocrx_word' id='word_1_878' title='bbox 3428 4659 3626 4726; x_wconf 83' lang='lat' dir='ltr'><strong>accipit</strong></span> <span class='ocrx_word' id='word_1_879' title='bbox 3671 4657 3795 4725; x_wconf 84' lang='lat' dir='ltr'><strong>Spi-</strong></span> 
     </span>
    </p>
   </div>
   <div class='ocr_carea' id='block_1_108' title="bbox 2219 4750 3794 4820">
    <p class='ocr_par' dir='ltr' id='par_1_108' title="bbox 2219 4750 3794 4820">
     <span class='ocr_line' id='line_1_108' title="bbox 2219 4750 3794 4820; baseline 0 -17"><span class='ocrx_word' id='word_1_880' title='bbox 2219 4751 2406 4814; x_wconf 86' lang='lat' dir='ltr'><strong>ritum,</strong></span> <span class='ocrx_word' id='word_1_881' title='bbox 2435 4750 2529 4803; x_wconf 85' lang='lat' dir='ltr'><strong>sed</strong></span> <span class='ocrx_word' id='word_1_882' title='bbox 2571 4751 2752 4819; x_wconf 86' lang='lat' dir='ltr'><strong>potius</strong></span> <span class='ocrx_word' id='word_1_883' title='bbox 2785 4751 3022 4820; x_wconf 87' lang='lat' dir='ltr'><strong>Spiritus</strong></span> <span class='ocrx_word' id='word_1_884' title='bbox 3053 4766 3081 4803; x_wconf 91' lang='lat' dir='ltr'><strong>a</strong></span> <span class='ocrx_word' id='word_1_885' title='bbox 3117 4751 3292 4804; x_wconf 84' lang='lat' dir='ltr'><strong>Verbo</strong></span> <span class='ocrx_word' id='word_1_886' title='bbox 3318 4751 3540 4819; x_wconf 87' lang='lat' dir='ltr'><strong>accipit.</strong></span> <span class='ocrx_word' id='word_1_887' title='bbox 3587 4769 3604 4801; x_wconf 78' lang='grc' dir='ltr'><strong>ι</strong></span> <span class='ocrx_word' id='word_1_888' title='bbox 3649 4750 3794 4803; x_wconf 87' lang='lat' dir='ltr'><strong>Ideo--</strong></span> 
     </span>
    </p>
   </div>
   <div class='ocr_carea' id='block_1_109' title="bbox 2217 4843 3795 4910">
    <p class='ocr_par' dir='ltr' id='par_1_109' title="bbox 2217 4843 3795 4910">
     <span class='ocr_line' id='line_1_109' title="bbox 2217 4843 3795 4910; baseline 0.001 -14"><span class='ocrx_word' id='word_1_889' title='bbox 2217 4858 2322 4910; x_wconf 88' lang='lat' dir='ltr'><strong>que</strong></span> <span class='ocrx_word' id='word_1_890' title='bbox 2357 4858 2382 4893; x_wconf 90' lang='lat' dir='ltr'><strong>a</strong></span> <span class='ocrx_word' id='word_1_891' title='bbox 2415 4844 2732 4898; x_wconf 88' lang='lat' dir='ltr'><strong>doctoribus</strong></span> <span class='ocrx_word' id='word_1_892' title='bbox 2757 4845 3070 4897; x_wconf 80' lang='lat' dir='ltr'><strong>immediate</strong></span> <span class='ocrx_word' id='word_1_893' title='bbox 3095 4844 3298 4898; x_wconf 88' lang='lat' dir='ltr'><strong>dicitur</strong></span> <span class='ocrx_word' id='word_1_894' title='bbox 3321 4843 3492 4898; x_wconf 84' lang='lat' dir='ltr'><strong>Filius</strong></span> <span class='ocrx_word' id='word_1_895' title='bbox 3515 4861 3576 4898; x_wconf 79' lang='lat' dir='ltr'><strong>ex</strong></span> <span class='ocrx_word' id='word_1_896' title='bbox 3614 4843 3795 4905; x_wconf 77' lang='lat' dir='ltr'><strong>Patre.</strong></span> 
     </span>
    </p>
   </div>
   <div class='ocr_carea' id='block_1_110' title="bbox 2221 4937 3800 5006">
    <p class='ocr_par' dir='ltr' id='par_1_110' title="bbox 2221 4937 3800 5006">
     <span class='ocr_line' id='line_1_110' title="bbox 2221 4937 3800 5006; baseline 0.003 -20"><span class='ocrx_word' id='word_1_897' title='bbox 2221 4945 2278 4987; x_wconf 88' lang='lat' dir='ltr'><strong>ut</strong></span> <span class='ocrx_word' id='word_1_898' title='bbox 2326 4939 2496 4990; x_wconf 72' lang='lat' dir='ltr'><strong>tradit</strong></span> <span class='ocrx_word' id='word_1_899' title='bbox 2537 4937 2774 5006; x_wconf 68' lang='lat' dir='ltr'><strong>(lyrillus</strong></span> <span class='ocrx_word' id='word_1_900' title='bbox 2824 4938 2876 4990; x_wconf 92' lang='lat' dir='ltr'><strong>in</strong></span> <span class='ocrx_word' id='word_1_901' title='bbox 2928 4938 3251 4992; x_wconf 81' lang='lat' dir='ltr'><strong>Tliesauris:</strong></span> <span class='ocrx_word' id='word_1_902' title='bbox 3287 4958 3303 4990; x_wconf 78' lang='grc' dir='ltr'><strong>ι</strong></span> <span class='ocrx_word' id='word_1_903' title='bbox 3350 4940 3582 4992; x_wconf 77' lang='lat' dir='ltr'><strong>General</strong></span> <span class='ocrx_word' id='word_1_904' title='bbox 3636 4941 3800 4993; x_wconf 85' lang='lat' dir='ltr'><strong>Pater</strong></span> 
     </span>
    </p>
   </div>
   <div class='ocr_carea' id='block_1_111' title="bbox 2220 5027 3793 5100">
    <p class='ocr_par' dir='ltr' id='par_1_111' title="bbox 2220 5027 3793 5100">
     <span class='ocr_line' id='line_1_111' title="bbox 2220 5027 3793 5100; baseline 0.001 -20"><span class='ocrx_word' id='word_1_905' title='bbox 2220 5027 2414 5081; x_wconf 86' lang='lat' dir='ltr'><strong>Filium</strong></span> <span class='ocrx_word' id='word_1_906' title='bbox 2462 5029 2670 5097; x_wconf 86' lang='lat' dir='ltr'><strong>absque</strong></span> <span class='ocrx_word' id='word_1_907' title='bbox 2729 5031 2842 5084; x_wconf 87' lang='lat' dir='ltr'><strong>ullo</strong></span> <span class='ocrx_word' id='word_1_908' title='bbox 2887 5031 3086 5084; x_wconf 85' lang='lat' dir='ltr'><strong>medio.</strong></span> <span class='ocrx_word' id='word_1_909' title='bbox 3141 5053 3156 5080; x_wconf 71' lang='grc' dir='ltr'><strong>ι</strong></span> <span class='ocrx_word' id='word_1_910' title='bbox 3207 5030 3525 5100; x_wconf 78' lang='lat' dir='ltr'><strong>Rursusque</strong></span> <span class='ocrx_word' id='word_1_911' title='bbox 3568 5031 3707 5085; x_wconf 89' lang='lat' dir='ltr'><strong>idem</strong></span> <span class='ocrx_word' id='word_1_912' title='bbox 3743 5033 3793 5083; x_wconf 92' lang='lat' dir='ltr'><strong>in</strong></span> 
     </span>
    </p>
   </div>
   <div class='ocr_carea' id='block_1_112' title="bbox 2223 5121 3794 5192">
    <p class='ocr_par' dir='ltr' id='par_1_112' title="bbox 2223 5121 3794 5192">
     <span class='ocr_line' id='line_1_112' title="bbox 2223 5121 3794 5192; baseline 0.001 -19"><span class='ocrx_word' id='word_1_913' title='bbox 2223 5121 2573 5190; x_wconf 78' lang='lat' dir='ltr'><strong>Expositione</strong></span> <span class='ocrx_word' id='word_1_914' title='bbox 2605 5121 2732 5177; x_wconf 88' lang='lat' dir='ltr'><strong>dicti</strong></span> <span class='ocrx_word' id='word_1_915' title='bbox 2771 5141 2781 5176; x_wconf 95' lang='lat'><strong>:</strong></span> <span class='ocrx_word' id='word_1_916' title='bbox 2813 5123 3007 5179; x_wconf 78' lang='lat' dir='ltr'><strong>Omnia</strong></span> <span class='ocrx_word' id='word_1_917' title='bbox 3031 5141 3119 5191; x_wconf 72' lang='lat' dir='ltr'><strong>per</strong></span> <span class='ocrx_word' id='word_1_918' title='bbox 3154 5126 3322 5192; x_wconf 79' lang='lat' dir='ltr'><strong>ipsum</strong></span> <span class='ocrx_word' id='word_1_919' title='bbox 3356 5125 3501 5192; x_wconf 76' lang='lat' dir='ltr'><strong>facta</strong></span> <span class='ocrx_word' id='word_1_920' title='bbox 3532 5135 3674 5187; x_wconf 80' lang='lat' dir='ltr'><strong>sunt,</strong></span> <span class='ocrx_word' id='word_1_921' title='bbox 3699 5127 3794 5183; x_wconf 83' lang='lat' dir='ltr'><strong>ait,</strong></span> 
     </span>
    </p>
   </div>
   <div class='ocr_carea' id='block_1_113' title="bbox 2225 5216 3799 5288">
    <p class='ocr_par' dir='ltr' id='par_1_113' title="bbox 2225 5216 3799 5288">
     <span class='ocr_line' id='line_1_113' title="bbox 2225 5216 3799 5288; baseline 0.003 -21"><span class='ocrx_word' id='word_1_922' title='bbox 2225 5235 2242 5267; x_wconf 82' lang='grc' dir='ltr'><strong>ι</strong></span> <span class='ocrx_word' id='word_1_923' title='bbox 2277 5216 2450 5270; x_wconf 90' lang='lat' dir='ltr'><strong>Simul</strong></span> <span class='ocrx_word' id='word_1_924' title='bbox 2475 5232 2596 5271; x_wconf 79' lang='lat' dir='ltr'><strong>esse</strong></span> <span class='ocrx_word' id='word_1_925' title='bbox 2627 5233 2748 5270; x_wconf 91' lang='lat' dir='ltr'><strong>cum</strong></span> <span class='ocrx_word' id='word_1_926' title='bbox 2796 5218 2934 5271; x_wconf 78' lang='lat' dir='ltr'><strong>Filio</strong></span> <span class='ocrx_word' id='word_1_927' title='bbox 2969 5217 3181 5271; x_wconf 85' lang='lat' dir='ltr'><strong>Patrem</strong></span> <span class='ocrx_word' id='word_1_928' title='bbox 3251 5219 3604 5287; x_wconf 85' lang='lat' dir='ltr'><strong>intelligimus</strong></span> <span class='ocrx_word' id='word_1_929' title='bbox 3672 5235 3799 5288; x_wconf 87' lang='lat' dir='ltr'><strong>pro-</strong></span> 
     </span>
    </p>
   </div>
   <div class='ocr_carea' id='block_1_114' title="bbox 2220 5310 3800 5377">
    <p class='ocr_par' dir='ltr' id='par_1_114' title="bbox 2220 5310 3800 5377">
     <span class='ocr_line' id='line_1_114' title="bbox 2220 5310 3800 5377; baseline 0.001 -17"><span class='ocrx_word' id='word_1_930' title='bbox 2220 5318 2340 5377; x_wconf 85' lang='lat' dir='ltr'><strong>pter</strong></span> <span class='ocrx_word' id='word_1_931' title='bbox 2386 5310 2680 5362; x_wconf 81' lang='lat' dir='ltr'><strong>essentiam</strong></span> <span class='ocrx_word' id='word_1_932' title='bbox 2729 5324 2823 5375; x_wconf 85' lang='lat' dir='ltr'><strong>per</strong></span> <span class='ocrx_word' id='word_1_933' title='bbox 2862 5310 3042 5361; x_wconf 90' lang='lat' dir='ltr'><strong>omnia</strong></span> <span class='ocrx_word' id='word_1_934' title='bbox 3082 5310 3336 5371; x_wconf 85' lang='lat' dir='ltr'><strong>similem,</strong></span> <span class='ocrx_word' id='word_1_935' title='bbox 3370 5311 3623 5377; x_wconf 86' lang='lat' dir='ltr'><strong>illiusque</strong></span> <span class='ocrx_word' id='word_1_936' title='bbox 3649 5326 3800 5364; x_wconf 83' lang='lat' dir='ltr'><strong>sum-</strong></span> 
     </span>
    </p>
   </div>
   <div class='ocr_carea' id='block_1_115' title="bbox 2220 5401 3798 5472">
    <p class='ocr_par' dir='ltr' id='par_1_115' title="bbox 2220 5401 3798 5472">
     <span class='ocr_line' id='line_1_115' title="bbox 2220 5401 3798 5472; baseline -0.001 -20"><span class='ocrx_word' id='word_1_937' title='bbox 2220 5417 2365 5453; x_wconf 83' lang='grc' dir='ltr'>ιιιιιιιι</span> <span class='ocrx_word' id='word_1_938' title='bbox 2428 5401 2760 5463; x_wconf 86' lang='lat' dir='ltr'><strong>continens,</strong></span> <span class='ocrx_word' id='word_1_939' title='bbox 2802 5411 2962 5468; x_wconf 86' lang='lat' dir='ltr'><strong>atque</strong></span> <span class='ocrx_word' id='word_1_940' title='bbox 3007 5401 3403 5454; x_wconf 84' lang='lat' dir='ltr'><strong>irnmediatum.</strong></span> <span class='ocrx_word' id='word_1_941' title='bbox 3459 5420 3476 5451; x_wconf 87' lang='grc'>›</span> <span class='ocrx_word' id='word_1_942' title='bbox 3524 5402 3798 5472; x_wconf 63' lang='grc' dir='ltr'>Νγεεριιυς</span> 
     </span>
    </p>
   </div>
   <div class='ocr_carea' id='block_1_116' title="bbox 2221 5492 3799 5563">
    <p class='ocr_par' dir='ltr' id='par_1_116' title="bbox 2221 5492 3799 5563">
     <span class='ocr_line' id='line_1_116' title="bbox 2221 5492 3799 5563; baseline 0 -17"><span class='ocrx_word' id='word_1_943' title='bbox 2221 5495 2345 5546; x_wconf 83' lang='lat' dir='ltr'><strong>item</strong></span> <span class='ocrx_word' id='word_1_944' title='bbox 2372 5493 2686 5563; x_wconf 80' lang='lat' dir='ltr'><strong>Gregorius,</strong></span> <span class='ocrx_word' id='word_1_945' title='bbox 2718 5497 2966 5548; x_wconf 85' lang='lat' dir='ltr'><strong>oratione</strong></span> <span class='ocrx_word' id='word_1_946' title='bbox 2989 5494 3055 5548; x_wconf 83' lang='lat' dir='ltr'><strong>ab</strong></span> <span class='ocrx_word' id='word_1_947' title='bbox 3085 5492 3370 5546; x_wconf 76' lang='lat' dir='ltr'><strong>Ablabium</strong></span> <span class='ocrx_word' id='word_1_948' title='bbox 3397 5495 3609 5556; x_wconf 82' lang='lat' dir='ltr'><strong>scribit,</strong></span> <span class='ocrx_word' id='word_1_949' title='bbox 3635 5512 3652 5544; x_wconf 84' lang='grc' dir='ltr'><strong>ι</strong></span> <span class='ocrx_word' id='word_1_950' title='bbox 3683 5493 3799 5547; x_wconf 85' lang='lat' dir='ltr'><strong>lloe</strong></span> 
     </span>
    </p>
   </div>
   <div class='ocr_carea' id='block_1_117' title="bbox 2219 5585 3797 5656">
    <p class='ocr_par' dir='ltr' id='par_1_117' title="bbox 2219 5585 3797 5656">
     <span class='ocr_line' id='line_1_117' title="bbox 2219 5585 3797 5656; baseline -0.001 -16"><span class='ocrx_word' id='word_1_951' title='bbox 2219 5587 2364 5640; x_wconf 89' lang='lat' dir='ltr'><strong>enim</strong></span> <span class='ocrx_word' id='word_1_952' title='bbox 2398 5595 2481 5640; x_wconf 86' lang='lat' dir='ltr'><strong>est.</strong></span> <span class='ocrx_word' id='word_1_953' title='bbox 2507 5588 2856 5640; x_wconf 81' lang='lat' dir='ltr'><strong>continenter</strong></span> <span class='ocrx_word' id='word_1_954' title='bbox 2893 5605 2957 5640; x_wconf 81' lang='lat' dir='ltr'><strong>ex</strong></span> <span class='ocrx_word' id='word_1_955' title='bbox 2997 5587 3193 5656; x_wconf 86' lang='lat' dir='ltr'><strong>primo.</strong></span> <span class='ocrx_word' id='word_1_956' title='bbox 3230 5607 3247 5639; x_wconf 75' lang='grc' dir='ltr'><strong>ι</strong></span> <span class='ocrx_word' id='word_1_957' title='bbox 3289 5585 3557 5655; x_wconf 83' lang='lat' dir='ltr'><strong>Nulloque</strong></span> <span class='ocrx_word' id='word_1_958' title='bbox 3593 5589 3644 5639; x_wconf 90' lang='lat' dir='ltr'><strong>in</strong></span> <span class='ocrx_word' id='word_1_959' title='bbox 3677 5588 3797 5638; x_wconf 86' lang='lat' dir='ltr'><strong>loco</strong></span> 
     </span>
    </p>
   </div>
   <div class='ocr_carea' id='block_1_118' title="bbox 2221 5678 3795 5745">
    <p class='ocr_par' dir='ltr' id='par_1_118' title="bbox 2221 5678 3795 5745">
     <span class='ocr_line' id='line_1_118' title="bbox 2221 5678 3795 5745; baseline -0.001 -14"><span class='ocrx_word' id='word_1_960' title='bbox 2221 5680 2393 5731; x_wconf 85' lang='lat' dir='ltr'><strong>sancti</strong></span> <span class='ocrx_word' id='word_1_961' title='bbox 2424 5678 2610 5731; x_wconf 78' lang='lat' dir='ltr'><strong>Patres</strong></span> <span class='ocrx_word' id='word_1_962' title='bbox 2649 5679 2717 5730; x_wconf 87' lang='lat' dir='ltr'><strong>ab</strong></span> <span class='ocrx_word' id='word_1_963' title='bbox 2757 5682 2874 5745; x_wconf 79' lang='lat' dir='ltr'><strong>ipso</strong></span> <span class='ocrx_word' id='word_1_964' title='bbox 2897 5681 3188 5734; x_wconf 84' lang='lat' dir='ltr'><strong>Servatorc</strong></span> <span class='ocrx_word' id='word_1_965' title='bbox 3234 5691 3420 5732; x_wconf 89' lang='lat' dir='ltr'><strong>nostro</strong></span> <span class='ocrx_word' id='word_1_966' title='bbox 3455 5681 3519 5730; x_wconf 88' lang='lat' dir='ltr'><strong>ad</strong></span> <span class='ocrx_word' id='word_1_967' title='bbox 3549 5687 3795 5732; x_wconf 82' lang='lat' dir='ltr'><strong>sanctam</strong></span> 
     </span>
    </p>
   </div>
   <div class='ocr_carea' id='block_1_119' title="bbox 2221 5768 3795 5840">
    <p class='ocr_par' dir='ltr' id='par_1_119' title="bbox 2221 5768 3795 5840">
     <span class='ocr_line' id='line_1_119' title="bbox 2221 5768 3795 5840; baseline -0.001 -18"><span class='ocrx_word' id='word_1_968' title='bbox 2221 5773 2613 5823; x_wconf 64' lang='lat' dir='ltr'><strong>t&#39;i‘trtunenieam</strong></span> <span class='ocrx_word' id='word_1_969' title='bbox 2683 5773 2970 5838; x_wconf 80' lang='lat' dir='ltr'><strong>septimam</strong></span> <span class='ocrx_word' id='word_1_970' title='bbox 3025 5773 3296 5840; x_wconf 77' lang='lat' dir='ltr'><strong>synodum</strong></span> <span class='ocrx_word' id='word_1_971' title='bbox 3358 5787 3421 5824; x_wconf 77' lang='lat' dir='ltr'><strong>ex</strong></span> <span class='ocrx_word' id='word_1_972' title='bbox 3466 5771 3582 5824; x_wconf 82' lang='lat' dir='ltr'><strong>solo</strong></span> <span class='ocrx_word' id='word_1_973' title='bbox 3632 5768 3795 5821; x_wconf 80' lang='lat' dir='ltr'><strong>Patre</strong></span> 
     </span>
    </p>
   </div>
   <div class='ocr_carea' id='block_1_120' title="bbox 2225 5860 3794 5932">
    <p class='ocr_par' dir='ltr' id='par_1_120' title="bbox 2225 5860 3794 5932">
     <span class='ocr_line' id='line_1_120' title="bbox 2225 5860 3794 5932; baseline -0.001 -17"><span class='ocrx_word' id='word_1_974' title='bbox 2225 5864 2486 5930; x_wconf 46' lang='lat' dir='ltr'><strong>Spiritum</strong></span> <span class='ocrx_word' id='word_1_975' title='bbox 2549 5875 2797 5920; x_wconf 60' lang='lat' dir='ltr'><strong>sanctum</strong></span> <span class='ocrx_word' id='word_1_976' title='bbox 2866 5875 3260 5928; x_wconf 72' lang='lat' dir='ltr'><strong>einmturunt,</strong></span> <span class='ocrx_word' id='word_1_977' title='bbox 3340 5860 3794 5932; x_wconf 80' lang='lat' dir='ltr'><strong>quemadmodum</strong></span> 
     </span>
    </p>
   </div>
  </div>
