4462 6450
699 403 806 464 215

699 628 805 678 quc
857 625 1100 680 apertius
1160 615 1629 682 tiifllltitlSll'elllllS,
1679 638 1779 676 nos
1831 624 2012 676 divina
2087 635 2290 678 statuta

699 717 875 768 neque
933 705 1334 771 contempsisse
1386 723 1564 774 neque
1623 727 1724 776 pro
1758 713 1934 765 nihilo
1961 714 2208 776 dmisse,
2238 727 2293 767 ut

699 795 792 860 qui
824 805 1098 846 terrarum
1132 797 1320 850 orbem
1378 801 1696 853 universum
1751 805 1979 873 scriptis
2027 806 2295 860 adversus

702 901 804 935 nos
839 884 1004 938 editis
1048 886 1346 953 replercre,
1385 888 1488 941 hac
1515 892 1733 945 ratione
1768 909 1872 946 nos
1914 894 2292 958 dilfamantes,

701 977 1239 1046 rnmmisceutesque
1296 982 1479 1033 omnia
1544 984 1804 1047 sollicite,
1843 985 1910 1037 ad
1955 986 2163 1048 Christi
2197 989 2295 1041 lic-

700 1069 926 1120 rlesiam
981 1071 1357 1129 dividendam.
1426 1076 1556 1128 licet
1621 1077 1867 1131 divinum
1923 1095 1986 1133 ac
2039 1091 2291 1135 sanetum

705 1160 916 1214 Patrem
983 1165 1444 1234 Clnysostomum
1501 1172 1553 1222 in
1630 1173 1982 1240 expositione
2041 1172 2296 1241 Epistolzn

705 1254 844 1305 beati
882 1253 1034 1308 Pauli
1078 1259 1142 1309 ad
1199 1259 1464 1323 Ephesios
1489 1263 1764 1316 dicentem
1807 1265 2032 1317 audiant
2070 1283 2084 1319 :
2120 1285 2136 1316 ι
2179 1267 2293 1320 Νοη

705 1350 884 1398 minus
920 1349 1120 1400 malum
1150 1365 1272 1403 esse
1302 1351 1607 1407 Ecclesiam
1634 1354 1881 1410 dividere
1912 1374 2076 1426 quam
2103 1361 2154 1412 in
2179 1362 2292 1413 lue-

706 1439 868 1490 iesim
896 1441 1130 1502 prolabi.
1161 1463 1177 1491 ι
1228 1443 1291 1495 Et
1325 1446 1376 1496 in
1413 1451 1603 1499 eadem
1627 1449 1871 1517 Epistola
1903 1452 2162 1505 idetnmcl
2191 1453 2293 1505 alia

703 1531 936 1582 llomilia
998 1532 1252 1589 fatetur:
1293 1555 1310 1586 ι
1371 1535 1516 1591 Nihil
1581 1548 1794 1592 tantum
1861 1541 2031 1596 Deum
2088 1543 2292 1607 irritat,

700 1633 968 1687 quantum
1010 1627 1210 1680 divisio
1245 1627 1520 1696 Ecclesiae,
1555 1640 1610 1684 et
1659 1634 1786 1687 licet
1825 1636 2111 1688 innumera
2156 1637 2295 1690 bona

699 1714 1072 1783 ‹·Π‹)οι·τίιηιιε,
1108 1736 1208 1774 nos
1255 1721 1348 1790 qui
1399 1723 1795 1791 plenitudinem
1836 1736 1891 1780 et
1918 1729 2293 1798 integritatem

699 1809 1130 1865 orelesiasticam
1174 1815 1503 1881 scindimus,
1543 1833 1648 1871 non
1688 1821 1932 1875 minores
1963 1835 2159 1891 pmnas
2198 1824 2290 1872 da-

701 1902 904 1964 bimus,
945 1923 1109 1973 quam
1163 1909 1255 1976 qui
1290 1925 1494 1979 corpus
1533 1910 1740 1968 Christi
1780 1915 2124 1984 discerpunt.
2183 1915 2295 1972 Hoc

699 1997 846 2048 enim
879 1997 929 2048 in
965 1998 1256 2053 utilitatem
1307 2003 1474 2055 totius
1502 2003 1653 2057 orbis
1707 2013 1989 2073 peractum
2035 2018 2140 2070 εει,
2171 2007 2297 2061 licet

705 2103 812 2139 non
854 2104 920 2141 eo
974 2085 1183 2152 animo,
1224 2093 1269 2147 si
1331 2095 1601 2164 rcprobos
1634 2096 1761 2150 illos
1800 2100 2133 2167 respexeris,
2166 2100 2297 2154 illud

702 2193 830 2232 Vero
865 2183 995 2234 nulli
1031 2188 1322 2240 commodo
1347 2197 1450 2248 cst.
1479 2189 1610 2258 quin
1638 2190 1748 2244 imo
1769 2192 2065 2245 maximam
2095 2208 2294 2247 noxam

705 2274 886 2328 :im-rt.
931 2275 1056 2331 llmc
1089 2293 1219 2334 vero
1258 2296 1366 2334 non
1409 2282 1472 2336 ad
1491 2285 1782 2353 principes
1803 2284 2090 2349 duntaxat,
2117 2286 2210 2341 sed
2233 2285 2298 2339 ad

704 2369 952 2423 subditos
1009 2386 1232 2442 quoque
1291 2373 1610 2429 edicuntur.
1658 2374 1755 2431 Vir
1818 2378 2042 2447 quidam
2073 2390 2299 2435 sanctus

705 2466 1102 2532 pronuntiavit,
1143 2470 1292 2538 quod
1347 2471 1628 2527 nonnullis
1664 2471 1954 2527 audaciam
1990 2488 2183 2542 sapere
2222 2475 2301 2528 vi—

705 2574 826 2612 sum
859 2567 941 2613 est
969 2600 983 2626 ,
1021 2570 1076 2614 at
1113 2564 1503 2630 pronuntiavit
1565 2575 1775 2620 tamen.
1835 2563 1977 2632 Quid
2010 2566 2145 2622 illud
2180 2568 2302 2623 est?

704 2649 892 2720 Neque
924 2654 1172 2721 martyrii
1216 2659 1487 2724 sanguine
1528 2658 1707 2712 simile
1744 2659 1957 2712 facinus
1991 2659 2300 2715 oblitterari

708 2757 891 2810 posse.
924 2743 1097 2799 Dicito
1120 2746 1266 2800 enim
1305 2748 1463 2811 mihi,
1499 2763 1707 2816 quatso,
1751 2766 1914 2818 quam
1949 2751 2020 2805 ob
2077 2766 2301 2808 causam

705 2839 973 2907 martyrio
1001 2848 1052 2893 te
1074 2841 1254 2894 dedis.
1311 2841 1500 2896 Nonne
1530 2854 1756 2912 propter
1774 2845 1989 2901 Christi
2019 2846 2249 2917 gloriam
2281 2847 2305 2899 ?

703 2929 825 2997 Quo
883 2936 1070 3004 itaque
1121 2936 1287 2990 modo
1312 2939 1621 2993 Ecclesiam
1670 2940 2034 3009 deprmdaris,
2073 2957 2171 3011 pro
2193 2959 2301 3013 qua

701 3028 957 3083 Christus
999 3044 1154 3084 suam
1189 3032 1423 3100 proiecit
1479 3033 1722 3087 animam
1757 3037 1781 3087 ’ἔ
1818 3055 1836 3086 ο
1889 3036 1954 3090 Et
2008 3037 2304 3108 Dionysius

702 3121 1111 3178 Alexandrinus
1167 3124 1218 3175 in
1255 3125 1501 3195 prepriis
1538 3127 1854 3182 canonibus
1896 3131 1970 3182 ait
2007 3152 2017 3185 ;
2060 3149 2078 3180 ι
2120 3131 2304 3195 Quod-

1638 415 2021 475 GllEGOIlll
2061 418 2357 476 ΜΛΜΜΈ
2387 421 2492 478 (ῚΡ.
2538 420 3044 485 ΠλΤΠΙΛΙιΠΗκῙΞ

776 522 820 567 7.
859 520 1239 574 Verumtamen
1281 541 1568 578 Ilirt'essunt
1602 534 1722 582 che
1778 530 1958 592 Video,
1988 541 2044 584 III.
2078 535 2128 585 iil
2157 548 2293 600 qno-
2326 536 2368 589 Α

3880 423 3986 484 216

2473 535 2532 598 ζ’.
2583 539 2721 588 Ἀλλ’
2752 540 3052 604 ἀναγκαῖόν
3098 539 3212 588 ἐστι
3264 542 3353 589 καὶ
3405 540 3607 605 itif/0v
3652 537 3855 597 δεῖξαι,
3902 537 3983 587 ὅτι

2398 627 2516 677 οὐδὲ
2554 627 2661 677 τῶν
2701 627 2861 679 θείων
2928 630 3070 693 ὅρων
3107 630 3599 698 κατεφρονήσαμεν
3652 629 3682 694 ἢ
3731 626 3984 692 παρείδο-

2401 735 2520 785 μεν,
2559 719 2635 780 ὡς
2678 721 2725 769 οί
2766 720 2863 787 τὴν
2907 723 3238 789 οἰκουμένην
3279 721 3503 773 ἃπασαν
3545 721 3666 773 καθ’
3697 721 3854 788 ήμῶν
3894 721 3986 786 ἐμ-

2403 807 2708 876 πλήσαντες
2741 813 2973 879 γραφῶν
2997 854 3012 877 ,
3046 812 3191 865 οὕτω
3222 813 3609 882 περισύροντες
3633 854 3646 874 ,
3686 814 3777 863 καὶ
3811 812 3987 863 πάντα

2401 902 2536 967 πρδς
2567 902 2625 952 τὸ
2655 902 2886 971 διαιρεῖν
2917 905 3017 972 τὴν
3046 905 3140 956 τοῦ
3173 902 3414 973 Χριστοῦ
3449 904 3782 972 Ἐκκλησίαν
3817 903 3987 954 σπεύ-

2397 994 2601 1054 δοντες,
2630 996 2783 1060 φασί.
2817 998 3010 1048 Καίτοι
3039 1014 3101 1062 γε
3129 997 3226 1049 τοῦ
3259 997 3406 1049 θείου
3439 997 3832 1066 Χρυσοστὸμου
3895 997 3988 1047 καὶ

2400 1084 2548 1150 ἱεροῦ
2603 1085 2816 1152 “arpi:
2861 1087 3152 1151 ἀκούοντες
3196 1090 3254 1141 ὲν
3293 1093 3360 1160 τῇ
3409 1089 3668 1157 ἐξηγήσει
3708 1090 3807 1155 τῆς
3854 1089 3990 1152 πρὸς

2412 1173 3036 1246 ἘφεσίουςἙπιστολῆς
3056 1180 3151 1230 τοῦ
3191 1180 3463 1248 μακαρίου
3500 1179 3720 1231 Παύλου
3753 1178 3990 1244 (piumv-

2398 1280 2488 1323 τος
2514 1303 2527 1324 ν
2571 1283 2588 1316 ⁸
2630 1265 2737 1316 Τοῦ
2775 1268 2852 1325 εἰς
2889 1267 3105 1333 αἵρεσιν
3137 1269 3402 1337 ἐμπεσεῖν
3434 1272 3494 1320 τὸ
3527 1269 3624 1338 τὴν
3659 1267 3990 1336 Ἐκκλησία-ο

2403 1358 2584 1423 σχίσαι
2628 1358 2780 1411 οὐδὲν
2820 1359 3048 1414 ἔλαττον
3090 1361 3262 1414 κακὸν
3303 1362 3567 1415 δείκνυσι.
3614 1381 3632 1413 ›
3674 1362 3784 1413 Καὶ
3826 1365 3883 1430 ὲν
3923 1363 3988 1428 τῇ

2400 1449 2535 1518 αὐτῇ
2576 1450 2863 1521 Ἐπιστολῇ
2905 1455 2932 1506 ὁ
2968 1454 3129 1516 αὐτὸς
3195 1455 3349 1520 am;
3384 1455 3438 1506 ὲν
3499 1454 3634 1523 ἄλλῃ
3661 1453 3846 1520 ὁμιλίᾳ
3882 1468 3991 1519 φη·

2403 1547 2507 1610 σὶν,
2543 1559 2560 1594 t
2597 1545 2766 1596 Ούδὲν
2791 1545 2937 1598 οὕτω
2966 1548 3259 1616 παροξύνει
3285 1548 3440 1611 Θεὸν,
3470 1548 3544 1610 ὡς
3570 1548 3630 1596 τὸ
3664 1545 3993 1612 Ἐκκλησίαν

2398 1637 2762 1707 διαιρεθῆναι,
2819 1640 2924 1692 κᾶν
2977 1640 3147 1709 μυρία
3199 1635 3351 1710 ὦμεν
3401 1639 3773 1708 ἐργασάμενοι
3824 1635 3990 1696 καλὰ.

2401 1730 2508 1780 τῶν
2544 1731 2605 1781 τὸ
2643 1730 2804 1799 σῶμα
2843 1731 3011 1788 αὐτοῦ
3048 1733 3419 1801 διατεμόντων
3453 1733 3552 1784 οὐκ
3588 1730 3851 1783 ὲλάττονα
3885 1729 3990 1780 δὼ-

2405 1839 2574 1890 σομεν
2603 1823 2761 1892 δίκην
2784 1864 2798 1888 ,
2833 1826 2879 1877 οί
2913 1825 2975 1876 τὸ
3026 1825 3307 1895 πλήρωμα
3342 1825 3777 1893 κατατέμνοντες
3810 1819 3871 1872 τὸ
3905 1821 3995 1872 ὲκ-

2405 1917 2819 1985 κλησιαστικόν.
2853 1917 3064 1970 Ἐκεῖνο
3093 1922 3193 1988 μὲν
3219 1920 3330 1987 γὰρ
3357 1919 3448 1972 ἐπὶ
3478 1917 3659 1985 κέρδει
3688 1917 3783 1982 τῆς
3813 1917 3994 1966 οἰκου-

2408 2009 2576 2077 μένης
2623 2011 2856 2078 ὲγίνετο,
2897 2012 2947 2063 εί
2996 2013 3089 2065 καὶ
3139 2012 3213 2080 μὴ
3262 2011 3368 2063 ἀπὸ
3411 2011 3652 2070 διανοίας
3692 2006 3948 2075 τοιαύτης
3977 2021 3992 2038 ο

2403 2102 2561 2154 τοῦτο
2593 2102 2648 2154 δὲ
2680 2104 2922 2173 οὐδαμοῦ
2951 2103 3011 2156 τὸ
3041 2105 3338 2174 χρήσιμον,
3368 2102 3504 2157 ἀλλά
3533 2101 3701 2170 πολλὴ
3732 2102 3765 2169 ἡ
3799 2099 3995 2168 βλάϐην.

2404 2195 2592 2250 Ταῦτά
2637 2214 2725 2264 μοι
2771 2197 2830 2249 οὗ
2879 2198 3016 2264 πρὴς
3060 2197 3186 2258 τοὺς
3232 2197 3500 2266 ἄρχοντας
3550 2195 3713 2263 μόνον
3757 2195 3999 2261 εἴρηται,

2406 2288 2543 2342 ἀλλὰ
2575 2291 2668 2341 καὶ
2701 2289 2838 2358 πρὸς
2867 2290 2992 2350 τοὺς
3023 2287 3385 2357 ἀρχομένους.
3421 2286 3587 2354 Ἀνὴρ
3618 2286 3674 2337 δέ
3706 2303 3786 2347 τις
3819 2283 3998 2350 ἅγιος,

2407 2382 2575 2452 φησὶν
2644 2376 2765 2433 εἶπέ
2796 2399 2849 2433 τι
2882 2380 3071 2434 δοκοῦν
3107 2381 3414 2450 τολμηρὸν,
3450 2381 3590 2448 πλὴν
3620 2380 3768 2447 ὅμως
3799 2375 4000 2443 ἐφθέγ-

2409 2475 2556 2540 ξατο.
2587 2475 2653 2529 Τί
2683 2476 2737 2528 δὲ
2766 2475 2925 2528 τοῦτό
2954 2477 3133 2538 ὲστινς
3166 2475 3300 2527 Οὒδὲ
3335 2475 3643 2544 μαρτυρίου
3676 2467 3815 2539 αἷμα
3845 2472 4005 2521 δύνα-

2406 2589 2496 2624 ται
2534 2571 2839 2638 ἐξαλείφειν
2873 2570 2972 2638 τὴν
3012 2568 3292 2639 ἁμαρτίαν
3327 2569 3558 2636 ταύτην.
3595 2566 3728 2617 Εἰπὲ
3763 2564 3871 2631 γάρ
3911 2579 4004 2630 μοι

2406 2663 2554 2724 τῖνος
2589 2662 2780 2714 ’ένεκεν
2819 2665 3149 2731 μαρτυρεῖς;
3182 2661 3255 2713 Ού
3293 2660 3380 2712 διὰ
3412 2660 3512 2726 τὴν
3545 2658 3705 2720 δόξαν
3739 2656 3834 2708 τοῦ
3874 2656 4006 2722 Χριο

2414 2757 2541 2809 στοῦ
2567 2773 2582 2820 ;
2616 2755 2741 2817 Πῶς
2777 2755 3108 2828 Ἐκκλησίαν
3142 2752 3394 2821 πορθείς,
3427 2751 3568 2821 ὑπὲρ
3599 2745 3666 2820 ἧς
3697 2750 3794 2819 τὴν
3824 2749 4006 2817 ψυχὴν

2412 2850 2702 2918 προήκατο
2747 2851 2773 2900 ὁ
2819 2848 3089 2915 Χριστός;
3146 2865 3163 2897 ι
3215 2845 3324 2899 Καὶ
3370 2844 3646 2906 Διονύσιος
3687 2845 3715 2895 ὁ
3754 2841 4006 2905 ἰ’ίλεξαν⁴

2408 2940 2595 3009 δρείας
2629 2940 2686 2990 ὲν
2718 2941 2830 3001 τοῖς
2870 2938 3020 2999 ίδίοις
3055 2937 3243 2988 κανόσι
3279 2938 3445 3005 φησίν
3471 2952 3483 2964 ·
3526 2953 3544 2984 ι
3581 2934 3728 2986 Ἔδει
3765 2932 3865 3000 μὲν
3897 2930 4008 2999 γὰρ

2412 3031 2508 3085 καὶ
2551 3032 2661 3084 πᾶν
2702 3029 2882 3084 ὁτιοῦν
2926 3030 3118 3083 παθεῖν
3168 3029 3320 3097 ὑπὲρ·
3346 3027 3441 3082 τοῦ
3487 3023 3562 3097 μὴ
3606 3024 3866 3092 διακόψαι
3908 3023 4012 3090 τὴν

2423 3128 2760 3197 Ἐκκλησίαν
2801 3123 2896 3177 τοῦ
2944 3125 3103 3177 Θεοῦ.
3148 3123 3257 3176 Καὶ
3296 3118 3363 3192 ἦν
3405 3122 3505 3174 οὐκ
3548 3118 3868 3186 ἀδοξότερον
3909 3117 4010 3182 τῆς

705 3215 836 3272 Iib’et
864 3220 1213 3273 tolerandum
1265 3228 1404 3281 erat.
1441 3237 1510 3275 ne
1541 3219 1636 3275 Dei
1687 3221 1937 3277 Ecclesia
2030 3224 2306 3279 discinde-
2335 3239 2377 3294 ο
2412 3219 2467 3271 ἓν

2253 3241 2306 3279 c-
2335 3239 2377 3294 ε
2412 3219 2601 3271 ἕνεκεν
2637 3218 2729 3272 τοῦ
2779 3217 2852 3288 μὴ
2909 3213 3376 3282 είδωλολατρῆσαι
3415 3207 3709 3278 γινομένης
3745 3208 3777 3275 ή
3820 3205 4011 3256 ἕνεκεν

712 3322 882 3374 retur,
929 3327 1106 3378 neque
1134 3312 1317 3366 minus
1341 3313 1644 3384 gloriosum
1681 3325 1801 3370 erat
1830 3317 1900 3370 oh
1949 3323 2057 3370 no‘n
2095 3314 2304 3370 sacriﬁ-

702 3403 968 3468 candum,
998 3421 1161 3473 quam
1196 3407 1264 3458 ob
1294 3421 1400 3458 non
1430 3399 1786 3462 dividendam
1823 3408 2123 3464 Ecclesiam
2160 3426 2307 3464 mar-

702 3496 941 3568 tyrium:
976 3515 1062 3553 me
1087 3509 1267 3553 autem
1315 3497 1525 3565 judice,
1551 3511 1603 3555 et
1632 3502 1803 3557 mulo
1834 3503 2122 3557 illustrius.
2158 3521 2178 3554 ι
2205 3502 2310 3558 Vc-

701 3609 846 3657 rum,
881 3593 1032 3648 hisce
1057 3597 1389 3663 postputalis
1416 3597 1812 3666 neglectisque,
1839 3597 2138 3651 obturbant
2170 3613 2310 3651 con-

703 3686 1197 3756 funduntqueetin
1228 3690 1330 3753 his,
1365 3690 1494 3743 etin
1515 3690 1744 3758 reliquis
1811 3690 1932 3744 aliis
1991 3690 2308 3759 regionibus

702 3797 917 3836 omnes.
961 3781 1070 3851 Ego
1110 3798 1278 3851 porro
1313 3799 1412 3851 pro
1437 3793 1590 3837 certo
1624 3784 1891 3838 conﬁrmo
1916 3783 2310 3838 excelsissima:

703 3883 810 3927 tua:
854 3875 1150 3943 maiestati,
1188 3885 1242 3931 et
1293 3881 1583 3932 veritatem
1619 3879 1795 3946 ipsam
1833 3887 2028 3942 testor,
2073 3893 2158 3932 me
2187 3894 2312 3946 pro.

703 3970 1036 4035 pensissimo
1097 3971 1286 4026 animo
1354 3988 1514 4036 esse,
1574 3972 1916 4039 minimeque
1953 3970 2242 4034 reluctari,
2280 3989 2310 4026 c

702 4064 840 4117 solio
875 4066 1248 4133 patriarchico
1311 4066 1577 4125 dimoveri
1608 4083 1621 4120 :
1655 4081 1837 4135 neque
1867 4067 2016 4120 enim
2055 4081 2305 4135 unquam

705 4157 756 4210 in
791 4170 1027 4212 mentem
1061 4173 1238 4213 meam
1265 4171 1512 4221 venerat,
1547 4169 1857 4229 testemque
1881 4159 2091 4213 advoco
2114 4158 2308 4222 Deum,

701 4250 1075 4314 patriarcham
1135 4250 1826 4320 Constantiimpolitanum
1887 4251 2104 4314 creari,
2175 4253 2310 4320 quin

705 4342 816 4395 imo
861 4357 963 4398 nec
1001 4353 1134 4399 ante
1195 4345 1417 4414 triginta
1450 4361 1628 4402 annos
1662 4347 2013 4415 episcopum,
2055 4343 2150 4398 sed
2190 4354 2311 4398 lan-

702 4444 988 4496 tummodo
1046 4443 1100 4495 in
1155 4444 1266 4497 vita
1326 4444 1634 4498 monastica
1692 4443 1999 4498 immorari.
2057 4442 2310 4497 Debitum

701 4549 831 4588 vero
858 4551 944 4590 me
974 4548 1282 4605 praegravat
1305 4537 1735 4604 indeprecabile,
1761 4551 1870 4588 non
1892 4545 2106 4590 tantum
2133 4534 2313 4590 excolo

700 4631 935 4684 sissima:
964 4641 1070 4684 tua:
1105 4632 1406 4700 majestati.
1435 4639 1489 4685 et
1521 4633 1718 4685 anlma:
1749 4646 1944 4693 sacrae,
1974 4633 2067 4686 sed
2111 4639 2165 4683 et
2198 4630 2311 4684 sin-

703 4726 849 4789 gulis
916 4725 1261 4789 hominibus,
1331 4736 1497 4796 prout
1560 4727 1704 4780 vires
1736 4733 2052 4794 suppetent,
2114 4724 2309 4779 isthaac

701 4815 1005 4880 declarare,
1039 4827 1091 4870 ct
1135 4833 1278 4871 nunc
1312 4832 1376 4870 ex
1423 4826 1578 4883 parte
1608 4817 1834 4871 deelaro
1859 4859 1874 4883 ,
1912 4827 1968 4870 et
2005 4815 2153 4884 quod
2190 4831 2311 4869 rur-

2414 3309 2506 3362 τοῦ
2545 3309 2619 3379 μὴ
2653 3309 2837 3378 σχίσαι
2872 3306 3172 3376 μαρτυρία.
3208 3302 3347 3355 Κατ’
3371 3301 3470 3370 ἐμὲ
3502 3299 3558 3351 δὲ
3590 3295 3687 3349 καὶ
3721 3295 3946 3365 μείζων.
3991 3311 4008 3341 ι

2431 3399 2593 3456 Ἀλλά
2619 3399 2794 3453 ταῦτα
2825 3402 2904 3460 εἰς
2934 3398 3088 3451 οὐδὲν
3116 3397 3336 3464 θέμενοι
3364 3391 3668 3447 διακυκῶσι
3724 3389 3817 3440 καὶ
3849 3391 4014 3438 ἐκτα-

2420 3497 2710 3566 ράττουσι,
2759 3497 2854 3548 καὶ
2898 3492 3024 3555 τοὺς
3075 3489 3313 3543 ἐνταῦθα
3357 3487 3453 3542 καὶ
3498 3485 3624 3546 τοὺς
3671 3479 4012 3547 ἁπανταχοῦ.

2610 3588 2666 3640 δὲ
2703 3583 3038 3655 πληροφορῶ
3069 3585 3136 3652 τῇ
3177 3583 3242 3650 σῇ
3280 3578 3593 3648 ὑψηλοτάτη
3633 3574 3883 3645 βασιλείᾳ
3919 3569 4014 3623 ἐπὶ

2419 3685 2662 3753 μάρτυρι
2692 3682 2760 3751 τῇ
2793 3677 3044 3748 ἀληθείᾳ,
3076 3675 3135 3740 ἐξ
3165 3675 3294 3742 ὅλης
3325 3673 3426 3742 τῆς
3457 3671 3636 3740 ψυχῆς
3670 3662 4010 3734 ἀποδέχομαι

2417 3776 2654 3842 ἐξελθεῖν
2688 3775 2784 3827 τοῦ
2831 3771 3254 3842 πατριαρχείου.
3293 3768 3566 3822 Οὐδέποτε
3606 3765 3714 3833 γὰρ
3751 3762 3919 3828 ἀνέὅη
3956 3760 4018 3810 τὸ

2418 3871 2661 3925 τοιοῦτον
2699 3871 2789 3922 ἐπὶ
2832 3869 3076 3939 μάρτυρι
3109 3866 3186 3934 τῷ
3226 3863 3418 3932 Κυρίῳ
3451 3864 3530 3924 είς
3567 3861 3659 3912 τὸν
3694 3858 3827 3926 ἐμὸν
3862 3858 4015 3922 λογι-

2423 3965 2593 4034 σμὸν,
2629 3965 2690 4016 τὸ
2729 3962 2990 4030 γενέσθαι
3038 3977 3106 4029 με
3150 3961 3453 4012 ἐπίσκοπον
3489 3951 4012 4006 Κωνσταντινουπό-

2419 4062 2575 4123 λεως,
2610 4057 2726 4114 ἀλλ’
2751 4057 2874 4110 οὐδὲ
2910 4056 3017 4125 πρὸ
3047 4054 3346 4123 τριάκοντα
3379 4052 3612 4121 χρόνων,
3648 4049 3736 4100 ἵνα
3769 4047 4029 4114 γένωμαι.

2420 4153 2747 4222 ἀρχιερεὺς,
2782 4149 2900 4202 ἀλλ’
2929 4151 2987 4200 ὲν
3025 4147 3172 4216 μόνῳ
3207 4147 3471 4217 ἐμμένειν
3509 4145 3581 4211 τῷ
3616 4143 3722 4194 τῶν
3758 4141 4016 4211 μονοτρό-

2421 4262 2540 4296 πων
2579 4242 2842 4313 σχήματι.
2881 4241 3058 4309 Χρέος
3103 4239 3162 4290 δὲ
3211 4237 3321 4307 ἔχω
3365 4237 3746 4305 ἀπαραίτητον
3784 4233 3924 4284 κατὰ
3960 4233 4021 4283 τὸ

2420 4341 2539 4392 ὲνὸν
2576 4357 2665 4408 μοι
2697 4339 3041 4406 διασαφῆσαι
3075 4335 3136 4386 οὐ
3173 4333 3337 4402 μόνον
3367 4334 3433 4399 τῇ
3469 4332 3534 4400 σῇ
3570 4325 3886 4398 ὑψηλοτάτη
3923 4328 4021 4396 βα-

2424 4435 2600 4502 σιλείᾳ
2646 4433 2740 4484 καὶ
2787 4431 2910 4500 ἱερᾷ
2955 4429 3130 4498 ψυχῇ,
3179 4427 3317 4481 ἀλλά
3367 4425 3460 4478 καὶ
3510 4426 3673 4476 παντὶ
3717 4421 4018 4490 ἀνθρώπῳ.

2423 4527 2539 4580 Νῦν
2572 4522 2666 4578 οὖν
2700 4523 2809 4577 ἀπὸ
2848 4525 3049 4590 μέρους
3086 4518 3339 4586 διασαφῶ
3361 4562 3374 4582 ,
3413 4518 3508 4570 καὶ
3543 4517 3753 4570 ὃπάλιν
3791 4517 4024 4567 ὲλλείττει

2425 4616 2504 4682 εἰς
2545 4618 2946 4685 ἱκανοποίησιν,
2989 4614 3083 4666 καὶ
3118 4612 3301 4677 τοῦτο,
3335 4614 3383 4665 εί
3422 4613 3553 4674 Θεὸς
3590 4612 3825 4671 κελεύει,
3864 4612 4023 4678 καὶ-η

2427 4716 2494 4784 σὴ
2531 4713 2779 4784 βασιλεία
2813 4712 2930 4780 ἔχει
2962 4710 3197 4778 θέλημα,
3230 4707 3503 4778 βασιλέων
3531 4707 3744 4776 ἄριστε,
3775 4707 4027 4774 ἀποπλη-

2427 4810 2698 4882 ρὼσομεν.

702 4928 799 4967 siis
854 4913 1029 4967 deerit
1082 4914 1149 4967 ad
1202 4917 1714 4985 coinplementum,
1770 4914 1904 4969 illud
1968 4928 2230 4984 quoque,
2266 4911 2313 4967 si
2358 4908 2501 4965 Deus
2530 4911 2767 4969 dederit,
2798 4920 2853 4963 et
2905 4918 2998 4961 tua
3057 4905 3320 4977 maiestas
3358 4900 3681 4973 injunxcrit,
3733 4900 4025 4968 imperato-

701 5029 823 5067 rum
853 5016 1086 5083 Optimc,
1116 5014 1407 5084 supplebo.

772 5110 826 5163 8.
890 5109 1276 5165 Necessarium
1340 5128 1505 5181 porro
1571 5112 1738 5167 ducto
1796 5112 1965 5166 altius
2019 5111 2179 5165 initio
2246 5109 2315 5162 de

700 5205 942 5258 decretis
993 5214 1046 5259 et
1097 5205 1522 5264 deﬁnitionibus
1554 5207 1702 5271 lidei,
1730 5216 1998 5276 quantum
2037 5220 2132 5273 per
2171 5213 2302 5257 tem-

701 5310 805 5365 pus
831 5296 1074 5363 licuerit,
1102 5295 1155 5348 in
1183 5302 1441 5368 prgeseuti
1468 5295 1905 5360 Commentario,
1934 5297 1999 5351 ad
2026 5297 2311 5352 veritatem

704 5400 1176 5455 manifestandam
1213 5399 1421 5468 aliquid
1460 5398 1512 5451 in
1565 5396 1808 5449 medium
1844 5393 2061 5447 allcrrc.
2097 5390 2311 5445 Etenim

709 5503 751 5551 si
788 5498 962 5550 semel
1017 5497 1296 5564 quispiam
1333 5490 1904 5548 excommunicationi
1934 5488 2201 5541 subactus
2249 5484 2317 5537 ab

704 5588 990 5655 epismpo,
1028 5585 1272 5655 tympani
1321 5584 1498 5636 instar
1556 5581 1902 5644 intumescit,
1943 5588 2000 5631 ut
2041 5579 2144 5630 hoc
2214 5591 2314 5628 noo

703 5693 820 5732 stro
864 5693 1116 5751 tempore
1143 5677 1408 5742 vidimus,
1446 5685 1496 5730 et
1532 5674 1787 5744 prmsulis
1817 5672 2171 5727 absolutione
2198 5669 2316 5723 dis-

703 5774 960 5836 solvitur,
997 5784 1047 5824 et
1089 5772 1140 5824 in
1179 5771 1461 5841 pulverem
1496 5766 1726 5832 fatiscit,
1758 5767 1931 5820 multo
1984 5765 2160 5833 magis
2188 5780 2311 5817 cum

705 5874 878 5922 sant-ti
918 5866 1108 5920 l’aties
1141 5865 1191 5917 in
1228 5863 1596 5919 orcumenieis
1651 5861 1877 5932 synedis
1925 5852 2310 5919 convenerint,

704 5965 759 6018 in
799 5961 1251 6019 nemincChtisti
1298 5957 1615 6014 Servatotis
1645 5975 1745 6027 pro
1790 5958 2118 6021 vetitatc,et
2149 5954 2316 6010 rectis

2500 5103 2570 5174 η’.
2611 5103 2751 5156 Ἀλλ’
2777 5101 3079 5167 ἀναγκαῖον
3112 5087 3355 5167 ἠγοῦμαι
3389 5091 3597 5147 ἄνωθέν
3629 5108 3684 5142 τε
3719 5091 3811 5141 καὶ⁵
3843 5087 3904 5152 ἐξ
3931 5088 4002 5156 ἀρ

2429 5199 2529 5267 χῆς
2557 5199 2800 5251 ἐκθεῖναι
2827 5195 2887 5247 τὸ
2921 5194 3049 5263 περὶ
3076 5193 3183 5244 τῶν
3209 5192 3376 5261 ὅρων,
3405 5187 3641 5240 καθόσον
3667 5183 3907 5254 ἐγχωρεῖ
3933 5183 4026 5236 νῦν

2426 5297 2483 5347 ἐν
2509 5293 2586 5362 τῷ
2618 5293 2850 5362 παρόντι
2881 5289 3242 5358 ὑπομνήματι
3274 5289 3351 5349 είς
3385 5286 3626 5354 δήλωσιν
3653 5281 3932 5351 ἀληθείας.
3968 5280 4027 5330 Ι·ῖί

2427 5388 2536 5454 γὰρ
2563 5385 2753 5447 ἀπλῶς
2781 5382 3092 5452 ἀφορισμὸν
3119 5379 3421 5433 ἐπισκόπου
3452 5377 3750 5444 δεξάμενός
3775 5391 3859 5437 τις
3885 5390 4028 5457 τυμ-

2425 5480 2627 5540 πανίας
2659 5479 2854 5546 ὁρᾶται
2878 5516 2893 5539 ,
2928 5475 3002 5536 ὡς
3037 5474 3128 5525 καὶ
3161 5471 3256 5524 νῦν
3291 5471 3540 5539 εἴδομεν,
3576 5469 3670 5520 καὶ
3703 5470 3769 5533 τῇ
3808 5484 4026 5533 συγχω-

2425 5576 2581 5645 ρήσει
2629 5573 2723 5625 τοῦ
2753 5569 3058 5638 ἀρχιερίως
3085 5565 3383 5627 διαλύεται,
3414 5562 3595 5631 πολλῷ
3626 5561 3830 5630 μᾶλλον
3857 5561 4029 5624 ἁγίων

2425 5670 2685 5735 [Ιατέρων
2722 5669 2778 5717 ἐν
2816 5662 3230 5731 οἱκουμενικαῖς
3277 5659 3518 5720 συνόδοις
3559 5657 3932 5709 συνελθόντων
3969 5656 4028 5706 ἐν

2424 5765 2653 5833 ὀνόματι
2700 5759 2794 5812 τοῦ
2843 5758 3097 5825 Σωτῆρος
3147 5750 3386 5821 Χριστοῦ
3435 5751 3575 5817 ὑπὲρ
3623 5750 3885 5817 ἀληθείας
3935 5747 4030 5798 καὶ

2433 5860 2538 5910 τῶν
2579 5855 2758 5924 ὀρθῶν
2793 5851 3120 5919 δογμάτων,
3162 5848 3255 5900 καὶ
3291 5847 3381 5898 τὸν
3420 5844 3655 5914 Χριστὸν
3695 5841 3930 5911 ἐχόντων
3974 5843 4029 5892 ἐν

2427 5953 2646 6013 ἑαυτοῖς
2688 5946 2976 6011 λαλοῦλτα,
3023 5943 3202 6005 καθὼς
3247 5941 3408 6003 αὑτός
3457 5957 3647 6007 φησιν,
3678 5937 3863 5989 Ὅπου
3907 5935 4027 5989 ειοὶ
