4462 6450
517 385 612 447 εει

1647 389 1743 445 Al)
1787 370 2149 448 t'MrEttA'r.
2192 391 2666 452 TRAPEZUNT.

3650 403 3756 462 222

519 499 786 549 δ’δεικται
815 501 895 550 ὅτι
928 502 986 550 τὸ
1011 502 1238 568 κώλυμα
1272 502 1364 567 τῆς
1401 501 1594 570 ἐτέρας
1645 505 1887 564 πίστεως
1946 504 2086 556 ἄνω-
2115 516 2153 567 Α
2188 509 2281 575 prii

1993 522 2086 556 νω-
2115 516 2153 567 Α
2188 509 2454 576 principio
2476 524 2504 561 α
2534 511 2740 580 sanctis
2776 511 3032 568 Patribus
3064 515 3236 569 fuisse
3284 515 3584 570 decretam.
3648 517 3755 571 Sed

520 586 612 635 θὲν
639 603 696 636 τε
726 587 816 636 καὶ
836 588 893 649 ἐξ
920 590 1087 653 ἀρχῆς
1114 589 1264 656 παρὰ
1320 590 1425 639 τῶν
1483 589 1652 653 ἁγίων
1687 591 1945 657 Ιίατέρων
2010 587 2079 658 ἦν

519 675 848 741 άποφανθὲν.
884 676 1042 728 ’Λλλά
1077 679 1244 753 arato!
1282 678 1398 746 ὅροι
1437 679 1545 730 τῶν
1573 679 1747 744 ἁγίων
1800 681 2084 745 Ματέρων,

501 771 568 824 τί
593 772 671 821 δεῖ
703 771 931 840 τάληθὲς
957 773 1155 833 είπείν,
1205 776 1299 826 καὶ
1349 773 1409 824 τὸ
1465 774 1558 824 τοῦ
1602 773 1763 838 ἁγίου
1815 775 2082 842 Κυρίλλου

2187 608 2238 650 et
2265 599 2610 655 deﬁnitiones
2651 612 2966 656 sanctorum
2999 604 3242 668 Patrum,
3284 606 3328 657 si
3363 622 3549 660 verum
3584 607 3757 660 laten-

2189 688 2315 740 dum
2348 697 2454 754 est,
2487 700 2537 743 et
2573 692 2700 747 illud
2730 693 2916 763 Cyrilli
2953 711 2969 749 :
3001 711 3020 743 ι
3047 693 3164 748 Non
3201 695 3565 763 permittimus
3592 697 3754 750 nobis

2191 778 2346 846 ipsis,
2375 793 2550 846 neque
2577 783 2719 842 aliis.
2763 802 2781 834 ι
2805 783 2873 836 de
2894 785 3130 855 Nyczeno
3156 783 3412 853 Symbolo
3437 785 3756 852 loquuntur.

519 859 601 922 τὸ,
634 878 650 910 ι
683 863 796 914 Οὐκ
839 863 1205 934 ἐπιτρέπομεν
1246 865 1482 928 ἑαυτοῖς,
1535 863 1566 931 ἢ
1598 865 1828 932 ἑτέροις,
1862 885 1880 915 ι
1940 865 2068 931 περὶ
2100 867 2194 918 τοῦ
2231 870 2288 920 ἐν
2324 871 2525 940 Νικαία
2551 874 2833 941 Συμϐόλου
2863 876 3052 942 φασίν.

593 959 682 1005 ια’.
717 952 911 1005 Ὀτιδέ
940 957 1008 1004 τά
1036 953 1127 1007 δύο
1157 953 1410 1020 Σύμόολα
1442 955 1543 1005 οὐκ
1566 955 1813 1018 ἐγένοντο
1852 953 1909 1005 ἐν
1971 956 2076 1020 μά-

522 1041 694 1106 θημα.
733 1041 851 1094 οὐδὲ
881 1043 1057 1110 ἣνωσέ
1113 1061 1195 1105 τις
1238 1045 1345 1096 τῶν
1397 1044 1654 1113 Πατέρων
1702 1044 1896 1106 ταῦτα,
1942 1047 2076 1097 άπο-

521 1132 864 1202 θειχθήσεται
895 1134 1010 1193 νῦν.
1046 1136 1155 1188 Καὶ
1192 1135 1408 1204 πρῶτον
1470 1136 1568 1203 μὲν
1604 1136 1712 1187 άπὸ
1749 1136 1849 1203 τῆς
1897 1137 2085 1204 τρίτης

2254 960 2342 1012 H.
2380 962 2497 1016 Duo
2522 978 2695 1030 porro
2723 963 2980 1033 Symbola
3021 979 3126 1018 non
3157 964 3326 1018 fuisse
3357 979 3520 1017 unam
3555 965 3757 1018 doctri-

2185 1066 2334 1114 nam,
2371 1067 2547 1122 neque
2607 1069 2668 1107 ea
2695 1053 2926 1120 aliquem
2962 1071 3128 1109 unum
3156 1071 3220 1109 ex
3243 1054 3494 1109 Patribus
3521 1056 3761 1110 uuivissc

2186 1144 2255 1196 in-
2277 1145 2534 1211 prtcsenti
2566 1145 3043 1200 demonstrabitur.
3071 1146 3132 1200 Et
3161 1148 3394 1215 primum
3423 1147 3643 1216 quidem
3693 1163 3758 1200 ex

524 1225 770 1278 συνόδου.
803 1223 949 1292 Αὕτη
982 1227 1090 1294 γάρ
1126 1227 1218 1279 τοῦ
1273 1227 1331 1277 ἐν
1386 1227 1591 1296 Νικαίᾳ
1652 1227 1947 1294 μέμνηται,
1996 1229 2091 1280 καὶ
2188 1245 2286 1287 terr

2001 1229 2091 1280 ml
2188 1237 2347 1288 tertia
2381 1237 2610 1305 synodo.
2640 1237 2763 1291 Hzee
2790 1239 2936 1292 enim
2970 1237 3209 1306 Symboli
3274 1236 3476 1292 Nicmni
3531 1240 3763 1292 mentio-

526 1316 652 1378 περὶ
679 1316 894 1384 ἐκείνης
924 1319 1115 1384 φησιν,
1167 1335 1184 1367 ι
1221 1314 1355 1368 Οῦτε
1401 1319 1507 1382 μὴν
1556 1317 1929 1384 ἐπιτρέπομεν
1962 1319 2086 1368 ἐαυο

522 1407 659 1466 τοῖς,
695 1404 727 1474 ἢ
765 1407 1001 1474 ἑτέροις,
1031 1407 1062 1474 ἦ
1097 1407 1262 1471 λίξιν“
1302 1408 1535 1473 ἀμεῖψαι
1584 1408 1694 1460 τῶν
1755 1408 2091 1473 ἐγκειμένων

524 1498 721 1560 ἐκεῖσε,
758 1498 791 1562 ἢ
828 1499 955 1565 μίαν
986 1498 1116 1564 γοῦν
1145 1501 1460 1568 παραϐῆναι
1495 1499 1787 1565 comem.
1832 1518 1849 1550 ι
1913 1497 2087 1551 Τοῦτο

524 1585 577 1635 δὲ
612 1585 764 1652 ἔλεγε
796 1589 929 1655 πρὸς
967 1591 1091 1649 τοὺς
1129 1589 1478 1656 μαχομένους
1527 1591 1616 1641 ἀεὶ
1668 1587 1745 1654 τῷ
1795 1590 2090 1656 ὁμοουσίῳ,

525 1677 600 1735 ὼς
653 1676 859 1743 προῖὼν
886 1680 911 1730 ό
944 1677 1098 1744 λόγος
1131 1679 1382 1746 δηλώσει.
1421 1681 1543 1729 Ὅτι
1577 1677 1632 1729 δὲ
1659 1676 1988 1745 οὖτωςέχει,
2019 1675 2092 1738 ὡς

524 1763 869 1832 διῃρημένως
918 1766 1101 1834 ἔχουσι
1145 1769 1209 1819 τὰ
1243 1767 1520 1835 Σύμὸολα,
1577 1768 1873 1834 παρίστησι
1939 1764 2094 1816 τοῦτο

2189 1341 2312 1380 nem
2358 1326 2505 1390 fecit,
2544 1328 2689 1382 etde
2717 1342 2781 1382 ea
2830 1327 2996 1381 tradit
3040 1345 3053 1379 :
3091 1345 3108 1377 ι
3153 1325 3342 1395 Neque
3394 1328 3764 1396 permittimus

2197 1416 2352 1469 nobis
2391 1417 2540 1486 ipsis.
2566 1432 2744 1486 neque
2781 1418 2926 1482 aliis,
2985 1428 3077 1471 aut
3130 1417 3422 1472 dictionem
3471 1419 3763 1472 immutare.

2195 1525 2257 1563 ex
2304 1510 2371 1563 iis
2405 1525 2524 1576 qua:
2557 1509 2627 1564 ibi
2671 1518 2822 1571 sunt,
2883 1519 2978 1563 aut
3020 1509 3208 1564 saltem
3271 1524 3431 1562 unam
3498 1509 3760 1577 syllabam

2195 1608 2536 1666 praavcrtere.
2575 1616 2594 1649 ι
2632 1597 2742 1652 lloc
2777 1612 2903 1651 vero
2937 1599 3195 1651 adversus
3253 1596 3523 1651 bomousii
3583 1613 3754 1664 oppu-

2196 1698 2447 1758 gnatores
2473 1690 2711 1752 dicebat,
2761 1697 2822 1742 ut
2860 1689 3160 1757 procedens
3199 1689 3377 1741 oratio
3435 1689 3761 1742 manifesta-

2201 1782 2293 1833 llll.
2329 1779 2385 1832 ld
2443 1787 2620 1833 autem
2668 1780 2739 1832 ita
2792 1794 2852 1834 se
2908 1781 3126 1846 habere,
3156 1779 3267 1834 duo
3318 1779 3527 1832 scilicet
3605 1778 3766 1847 Sym-

773 1855 805 1922 ἡ
866 1826 999 1922 ἁγία
1039 1856 1133 1908 καὶ
1178 1826 1532 1923 οίκούμενικί)
1589 1826 1822 1924 τετάρτη
1880 1852 2095 1912 σύνοδος
2125 1826 2170 1886 Β

2005 1852 2095 1912 δος
2125 1826 2170 1886 Β
2200 1868 2320 1922 bola
2355 1869 2525 1922 divisa
2554 1870 2696 1924 inter
2721 1885 2778 1924 se
2807 1884 2947 1933 esse,
2981 1870 3137 1934 plane
3166 1870 3454 1922 conﬁrmat
3490 1877 3676 1922 sancta
3713 1876 3767 1920 ct

527 1945 583 1993 ἐν
614 1946 679 2012 τῇ
714 1943 944 2013 δευτέρα
971 1945 1166 2015 πράξει
1206 1947 1395 2015 αύτῆςο
1438 1963 1456 1994 ι
1501 1942 1838 2012 Πιστεύομεν
1888 1944 1965 2003 είς
1996 1942 2093 1993 ενα

528 2035 661 2088 Θεὸν
696 2036 913 2106 Πατέρα
939 2037 1390 2105 παντοκράτορα,
1452 2035 1660 2104 ὁρατῶν
1700 2051 1759 2087 τε
1809 2035 1898 2086 καί
1931 2030 2094 2101 ἀορά-

525 2147 632 2182 των
664 2130 911 2198 ποιητὴν,
941 2131 1036 2182 καὶ
1072 2132 1152 2192 εἰς
1180 2129 1284 2182 ἕνα
1311 2129 1516 2199 Κύριον
1556 2127 1764 2198 Ἰησοῦν
1829 2124 2084 2194 Χριστὸν,

525 2222 618 2272 τὸν
652 2222 780 2274 Υἱὸν
804 2223 897 2274 τοῦ
919 2221 1072 2284 Θεοῦ,
1105 2222 1431 2287 γεννηθέντα
1457 2223 1520 2273 ἐκ
1557 2221 1650 2273 τοῦ
1679 2217 1913 2284 Πατρός,
1943 2232 2095 2281 μονο-

529 2316 684 2380 γενῆ,
714 2313 998 2366 τουτέστιν
1024 2315 1088 2366 ἐκ
1118 2316 1218 2377 τῆς
1252 2312 1442 2374 οὐσίας
1473 2311 1567 2365 τοῦ
1605 2311 1841 2379 Πατρὸς,
1872 2309 2004 2360 Θεὸν
2028 2310 2091 2360 ἐκ

525 2405 682 2468 Θεοῦ,
716 2405 830 2475 φῶς
863 2407 926 2457 ἐκ
955 2405 1158 2472 φωτὸς,
1194 2403 1330 2456 Θεὸν
1367 2402 1616 2470 ἀληθινὸν
1647 2404 1708 2453 ἐκ
1738 2401 1874 2452 Θεοῦ
1903 2399 2098 2465 ἀληθι-

525 2499 638 2564 νοῦ,
670 2498 1021 2565 γεννηθέντα,
1053 2500 1112 2549 ού
1150 2496 1464 2564 ποιηθέντα,
1523 2494 1811 2563 ὁμοούσιον
1851 2493 1929 2557 τῷ
1985 2493 2092 2544 Πα-

524 2589 635 2652 τρὶ,
666 2589 732 2640 δι’
756 2582 817 2640 οὗ
869 2590 936 2641 τὰ
964 2589 1142 2640 πάντα
1178 2590 1417 2654 ἐγένετο.
1447 2587 1514 2640 τά
1555 2604 1613 2637 τε
1653 2588 1711 2637 ἐν
1756 2585 1970 2653 ούρανῷ
1999 2585 2094 2634 καὶ

525 2677 594 2727 τὰ
625 2679 682 2727 ἐν
710 2679 776 2746 τῇ
813 2680 905 2742 γῇ,
927 2678 1016 2727 τὸν
1047 2677 1115 2728 δι’
1146 2677 1292 2744 ἡμᾶς
1321 2675 1444 2735 τοὺς
1467 2673 1811 2741 ἀνθρώπους,
1879 2673 1972 2724 καὶ
2006 2671 2094 2724 διὰ

529 2768 628 2835 τὴν
679 2768 954 2836 ἡμετέραν
1003 2767 1278 2834 σωτηρίαν
1338 2765 1688 2828 κατελθόντα,
1745 2765 1840 2815 καὶ
1877 2779 2094 2830 σαρκω-

529 2858 712 2922 θέντα,
764 2861 862 2911 καὶ
911 2856 1430 2926 ἐνανθρωπήσαντα,
1494 2854 1759 2917 παθόντα,
1821 2854 1915 2906 καὶ
1970 2853 2096 2904 άνα-

530 2948 730 3000 στάντα
773 2949 839 3017 τῇ
871 2947 1031 3018 τρίτῃ
1065 2947 1270 3015 ἡμέρᾳ.
1327 2944 1620 2997 ἀνελθόντα
1668 2945 1750 3002 εἰς
1808 2939 2092 3010 οὐρανοὺς,

527 3037 816 3105 ἐρχόμενον
840 3039 1023 3106 κρῖναι
1059 3037 1266 3100 ζῶντας
1313 3037 1409 3088 καὶ
1459 3036 1708 3104 νεκροὺς,
1752 3032 1848 3085 καὶ
1906 3032 1985 3092 είς
2038 3028 2096 3080 τὸ

531 3125 753 3195 Πνεῦμα
781 3127 841 3180 τδ
869 3129 1044 3194 άγιον.
1073 3127 1210 3190 Τοὺς
1235 3127 1291 3178 δὲ
1314 3126 1594 3194 λέγοντας,
1644 3122 1752 3176 Ἦν
1810 3138 1944 3174 ποτε
2008 3122 2095 3172 ὅτε

532 3223 629 3269 οἶκ
655 3216 743 3288 ἦν,
773 3220 867 3270 καὶ
901 3220 1029 3287 πρὶν
1057 3217 1381 3286 γεννηθῆναι
1408 3217 1504 3268 οῦκ
1527 3212 1620 3285 ἦν,
1677 3215 1771 3267 καὶ
1793 3216 1874 3266 ὅτι
1908 3211 1969 3276 ἐξ
1995 3211 2095 3263 οὐκ

533 3307 702 3359 ὅντων
731 3308 964 3372 ἐγένετο,
1009 3307 1124 3375 ne:
1154 3306 1347 3376 ἐτέρας
1389 3306 1742 3362 ὑποστάσεως
1823 3303 1855 3373 ἢ
1909 3301 2098 3365 οὐσίας

532 3399 844 3466 φάσκοντας
866 3394 1031 3458 εἶναι,
1069 3399 1378 3467 ἦτρεπτὸν,
1427 3397 1774 3464 ἢάλλοιωτὸν
1825 3396 1916 3447 τὸν
1966 3395 2097 3446 Υίὸν

527 3489 622 3541 τοῦ
651 3488 809 3553 Θεοῦ,
841 3489 1067 3549 τούτους
1094 3489 1482 3557 άναθεματίζει
1516 3490 1550 3556 ἡ
1575 3490 1923 3556 άποστολικη
1972 3487 2101 3541 ἐκ-

536 3580 756 3647 κλησία.
793 3581 855 3631 Ol
885 3579 1269 3631 εὐλαϐέστατοι
1317 3580 1608 3631 ἐπίσκοποι
1642 3579 1897 3647 ἐϐόησαν·
1949 3578 2096 3646 Δῦτη

534 3671 566 3738 ὴ
593 3670 776 3732 πίστις
801 3670 909 3722 τῶν
932 3669 1248 3738 όρθοδόξων.
1271 3669 1488 3738 Ταύτην
1525 3670 1726 3732 πάντες
1750 3669 2100 3738 πιστεύομεν.

554 3761 644 3812 Ἐν
660 3761 834 3829 ταύτῃ
851 3760 1281 3830 ἐῦαπτίσθημεν.
1305 3761 1392 3812 Ἐν
1420 3761 1591 3830 ταύτῃ
1627 3759 1990 3828 βαπτίζομεν.
2042 3764 2099 3813 Ὀ

540 3853 808 3921 μακάριος
835 3854 1132 3916 ἐπίσκοπος
1162 3852 1427 3922 Κύριλλος
1449 3853 1615 3914 οῦτως
1636 3853 1898 3916 ἐδίδαξεν.
1952 3851 2101 3919 Δῦτη

537 3944 816 4011 ἡάληθινὴ
835 3946 1040 4005 πίστις.
1061 3943 1208 4010 Λῦτη
1241 3943 1369 4010 ἁγία
1389 3944 1592 4002 πίστις.
1623 3941 1773 4009 Αῦτη
1796 3941 1989 3993 αἰωνία
2012 3941 2103 3992 πίο

535 4053 670 4097 στις.
697 4036 784 4095 Εἰς
801 4034 1000 4102 ταύτην
1021 4035 1452 4101 ἐϐαπτίσθημεν.
1484 4035 1541 4084 Ὀ
1588 4034 1816 4092 πάππας
1845 4034 1996 4084 Λέων
2014 4032 2104 4083 οῦ-

536 4141 639 4185 τως
657 4126 995 4177 ἐπίστευσεν.
1015 4126 1072 4177 Ὀ
1093 4125 1323 4186 πάππας
1356 4125 1504 4176 Λέων
1533 4123 1705 4184 οὕτως
1733 4125 2101 4192 ἡρμήνευσεν.

539 4215 603 4269 ΟΞ
634 4217 964 4279 ἐνδοξότατοι
988 4216 1247 4286 ἄρχοντες
1304 4218 1398 4268 καὶ
1431 4218 1463 4284 ή
1515 4215 1801 4283 ὑπερφυὴς
1863 4215 2104 4281 σύγκλη-

533 4324 623 4366 τος
654 4302 832 4358 εἷπον·
893 4308 1446 4373 ’Δναγινωσκὲτωσαν
1481 4307 1537 4357 δέ
1584 4308 1676 4358 καὶ
1711 4305 1781 4357 τὰ
1812 4306 2106 4358 ἐκτεθέντα

537 4400 687 4468 παρὰ
717 4397 826 4448 τῶν
861 4398 1056 4450 ἑκατὸν
1089 4399 1430 4466 πεντήκοντα
1463 4396 1636 4463 ἁγίων
1667 4398 1947 4464 Πατέρων.
1989 4397 2106 4450 ’Λέ-

2198 1960 2536 2014 mcumenica
2563 1971 2752 2029 quarta
2787 1960 3027 2028 synodus
3053 1959 3262 2014 actione
3283 1958 3552 2013 secunda:
3589 1976 3607 2008 ι
3634 1958 3767 2012 Cre-

2197 2051 2377 2104 dimus
2413 2051 2464 2102 in
2499 2065 2664 2102 unum
2699 2049 2866 2103 Deum
2898 2048 3110 2102 Patrem
3143 2050 3600 2117 omnipotentem.
3627 2047 3762 2100 visi-

2196 2141 2388 2195 bilium
2425 2147 2479 2193 et
2507 2138 2860 2192 invisibilium
2886 2137 3167 2192 factorem.
3199 2137 3258 2192 Et
3298 2137 3348 2190 in
3382 2151 3550 2189 unum
3575 2134 3758 2187 Domi-

2199 2247 2327 2286 num
2363 2230 2545 2287 Jesnm
2582 2231 2859 2285 Christum
2898 2229 3092 2283 Filium
3123 2229 3241 2293 Dei,
3266 2245 3327 2282 ex
3365 2229 3524 2280 Patre
3558 2235 3769 2286 natum,

2199 2322 2558 2388 unigenitum,
2586 2323 2688 2375 hoc
2717 2329 2800 2376 est
2831 2321 3075 2387 ejusdem
3099 2335 3219 2373 cum
3244 2319 3399 2373 Patre
3431 2319 3769 2381 substantiae,

2202 2411 2364 2464 Deum
2392 2412 2458 2463 de
2485 2412 2613 2473 Deo,
2637 2410 2814 2462 lumen
2839 2409 2904 2477 de
2927 2409 3151 2470 lumine,
3181 2407 3347 2462 Deum
3375 2423 3558 2462 verum
3581 2408 3645 2460 de
3667 2408 3773 2460 Deo

2201 2516 2350 2563 vero,
2385 2501 2648 2568 genitum,
2686 2515 2790 2552 non
2827 2499 3052 2560 factum.
3086 2500 3616 2554 consubstantialem
3669 2501 3774 2550 Pa-

2203 2591 2292 2652 tri,
2324 2607 2413 2659 per
2444 2607 2602 2660 quem
2624 2592 2806 2644 omnia
2837 2592 2978 2644 facta
3013 2599 3160 2654 sunt,
3188 2600 3299 2642 tum
3339 2606 3464 2657 quae
3511 2593 3562 2641 in
3609 2590 3772 2650 cmlo,

2203 2692 2316 2735 tum
2351 2697 2472 2751 quae
2495 2684 2711 2735 interra
2739 2691 2889 2735 sant.
2921 2681 3022 2746 Qui
3050 2689 3271 2751 prepter
3303 2695 3402 2734 nos
3424 2679 3695 2740 homines,
3723 2688 3772 2731 ct

2203 2785 2424 2844 propter
2507 2783 2748 2827 nostram
2838 2773 3070 2826 salutem
3164 2769 3472 2835 descendit,
3551 2779 3606 2824 et
3691 2769 3775 2822 in-

2202 2876 2462 2920 carnatus
2518 2872 2622 2926 est,
2682 2873 2736 2918 et
2815 2865 3144 2917 bumauatus
3238 2870 3341 2925 est,
3427 2876 3645 2929 passus,
3719 2868 3777 2913 et

2202 2956 2500 3011 resurrexit
2525 2955 2681 3009 tertia
2717 2956 2828 3015 die,
2859 2955 3180 3009 et‘ascendit
3232 2955 3285 3008 in
3336 2954 3528 3016 cmlos,
3563 2965 3614 3006 et
3644 2968 3772 3005 ven-

2203 3053 2356 3099 turus
2386 3053 2468 3099 est
2531 3044 2774 3111 j-tdicare
2831 3043 2981 3096 viros
3014 3051 3067 3097 et
3123 3053 3385 3095 mortuos.
3451 3040 3516 3092 Et
3563 3039 3613 3091 in
3656 3038 3774 3106 Spi-

2202 3137 2368 3189 ritum
2411 3143 2684 3187 sanctum.
2734 3130 2838 3186 Eos
2901 3145 3083 3199 porro,
3113 3130 3204 3200 qui
3259 3131 3466 3192 dicunt,
3503 3141 3619 3182 erat
3671 3129 3774 3181 ali-

2204 3225 2425 3294 quando
2473 3221 2698 3294 quando
2730 3238 2835 3275 non
2873 3233 3012 3284 erat,
3037 3231 3092 3275 et
3119 3231 3243 3295 ante
3310 3237 3472 3291 quant
3543 3236 3772 3289 genera-

2206 3330 2355 3372 retur
2392 3331 2499 3371 non
2533 3328 2670 3376 erat.
2695 3325 2749 3369 et
2776 3314 2919 3384 quod
2941 3330 3004 3368 cx
3025 3314 3091 3367 iis
3110 3328 3229 3382 qua:
3249 3327 3352 3366 non
3380 3321 3535 3366 erant
3595 3311 3771 3364 factus

2205 3413 2308 3469 cst,
2340 3413 2430 3457 aut
2460 3419 2523 3458 ex
2560 3403 2662 3457 alia
2695 3403 3024 3468 substantia,
3050 3411 3143 3455 aut
3173 3401 3412 3456 essentia
3440 3401 3772 3454 aﬂirmautes

2204 3509 2347 3555 esse,
2371 3503 2463 3547 aut
2499 3493 2835 3555 mutabilem,
2871 3500 2965 3545 aut
2989 3492 3352 3554 alterabilem,
3381 3505 3474 3545 eos
3525 3489 3767 3544 Ecclesia

2205 3587 2500 3653 apostolica
2520 3589 2864 3637 anathemata
2888 3583 3031 3636 ferit.
3057 3583 3514 3638 Reverendissimi
3532 3581 3769 3650 episcopi

2208 3677 2597 3730 clamat-erunt.
2627 3675 2750 3728 llmc
2784 3674 2917 3728 ﬁdes
2945 3674 3399 3728 orthodoxorum.
3436 3673 3639 3735 Omnes
3691 3676 3771 3725 sic

2205 3767 2493 3818 credimus.
2525 3765 2577 3817 In
2608 3767 2706 3817 hac
2733 3763 2989 3832 baptizati
3017 3780 3229 3817 sumus.
3265 3766 3321 3816 In
3379 3763 3482 3816 bac
3535 3762 3775 3830 baptiza-

2154 3874 2158 3879 τ
2208 3871 2348 3909 mus.
2383 3854 2580 3910 Beatus
2604 3856 2892 3924 episcopus
2962 3855 3196 3925 Cyrillus
3249 3856 3320 3907 ita
3380 3854 3583 3908 docuit.
3649 3853 3772 3907 Uzec

2207 3962 2328 3999 vera
2377 3945 2529 3998 ﬁdes.
2575 3945 2699 4000 ΙΙωο
2728 3957 2914 3999 sancta
2956 3945 3253 3999 lidcs.ll-.ec
3281 3954 3479 4006 aeterna
3527 3945 3678 3998 ﬁdes.
3711 3945 3767 3996 In

2208 4038 2346 4090 hanc
2387 4037 2643 4103 baptizati
2668 4051 2876 4092 smnus.
2907 4035 3046 4104 Papa
3080 4034 3187 4089 Leo
3217 4035 3288 4088 ita
3327 4035 3581 4088 credidit.
3626 4033 3770 4102 Papa

2206 4123 2315 4180 Leo
2347 4126 2420 4179 ita
2449 4127 2838 4193 interpretatus
2868 4137 2970 4179 est.
3032 4125 3428 4180 Gratiosissimi
3480 4124 3774 4193 principes,

2205 4224 2261 4269 et
2295 4216 2663 4284 amplissimus
2686 4227 2910 4270 senatus
2929 4215 3183 4270 dixerunt
3212 4214 3558 4270 :Recitentur
3580 4223 3632 4268 et
3655 4230 3775 4282 qua:

2209 4322 2237 4359 a
2293 4317 2511 4360 centum
2565 4308 2953 4375 quinquaginta
3021 4305 3271 4360 Patribus
3323 4307 3572 4374 exposita
3627 4314 3776 4358 sunt.

2209 4397 2398 4451 Aetius
2458 4398 2738 4466 piissimus
2773 4396 3040 4451 diaconus
3064 4412 3125 4450 ex
3179 4397 3456 4451 volumine
3488 4395 3736 4457 recitavit
3769 4412 3780 4446 :

543 4505 654 4548 τιος
704 4487 1097 4550 εὐλαὸἑστατος
1147 4489 1392 4550 διάκονος
1457 4488 1562 4539 άπὸ
1606 4487 1809 4555 βιϐλίου
1863 4489 2097 4554 άἰέγνω’
2138 4497 2180 4548 D
2211 4488 2305 4542 Sar

2021 4502 2097 4539 νω’
2138 4497 2180 4548 n
2211 4488 2408 4542 Sancta
2436 4489 2589 4551 lidcs,
2618 4504 2780 4557 quam
2809 4489 3097 4542 ediderunt
3130 4498 3351 4543 centum
3378 4489 3783 4557 quinquaginta

557 4577 620 4628 'H
644 4577 773 4645 ἁγία
809 4577 1012 4640 πίστις,
1043 4578 1110 4646 ἣν
1142 4578 1390 4642 ἐξέθεντο
1417 4578 1466 4628 οί
1497 4577 1643 4643 ἅγιοι
1673 4577 1867 4630 ἐκατὸν
1915 4579 2110 4646 πεντή-

544 4688 708 4721 κοντα
743 4671 986 4738 Πατέρ,ς
1042 4669 1412 4737 συμφωνοῦσα
1461 4673 1526 4738 τῇ
1561 4671 1692 4736 ἁγίᾳ⁵
1753 4670 1844 4720 καὶ
1897 4670 2107 4738 μεγάλῃ

540 4761 742 4829 συνόδῳ
770 4763 835 4829 τῇ
863 4763 922 4812 ἐν
950 4761 1173 4829 Νικαία·
1211 4759 1543 4829 Πιστεύομεν
1570 4761 1648 4822 εἰς
1697 4761 1790 4811 ἕνα
1822 4760 1953 4812 Θεὸν
1996 4762 2105 4813 Πα-

535 4856 668 4920 τέρα
703 4853 1172 4918 παντοκράτοραί
1211 4853 1307 4903 καὶ
1330 4853 1397 4904 τὰ
1427 4851 1554 4919 ἐξῆς
1592 4853 1756 4919 μέχρι
1790 4850 1906 4914 τοῦ,
1947 4852 2108 4917 ιμέλ-

538 4944 719 5003 λοντος
749 4945 961 5004 atavo;
1000 4942 1195 5009 Ἀμήν.
1237 4942 1444 5003 Πάντες
1491 4943 1541 4993 οἰ
1569 4941 1954 4992 εὐλαϐέστατοι
1982 4941 2102 4992 ἐπί-

535 5050 736 5086 σκοποι
764 5033 1020 5102 ὲόόησανο
1052 5032 1198 5102 Αὕτη
1229 5033 1446 5087 πάντων
1490 5034 1695 5094 πίστις.
1724 5031 1872 5100 Αῦτη
1928 5033 2108 5096 πίστις

534 5126 640 5176 τῶν
668 5124 1154 5192 ὀρθοδόξων.οῦτω
1177 5126 1383 5186 πάντες
1405 5125 1789 5192 πιστεύομεν.»
1833 5123 2107 5190 ’Λναγνω-

536 5216 772 5272 σορδτων
809 5217 866 5268 δέ
898 5218 993 5266 καὶ
1045 5218 1150 5267 τῶν
1185 5216 1459 5282 Κυρίλλου
1505 5215 1828 5278 ἐπιστολῶν,
1884 5216 1932 5267 οί
1987 5215 2108 5267 ἐπί-

534 5324 728 5360 σκοποι
808 5308 1081 5376 ἐϐόησαν·
1145 5325 1162 5357 t
1245 5309 1449 5368 Πάντες

541 5399 602 5450 '0
628 5400 858 5462 πάππας
900 5399 1054 5454 Λέων
1105 5401 1278 5462 οῦτως
1333 5399 1598 5451 πιστεύει.

1540 5306 1682 5379 cii-4n
1755 5306 2100 5374 πιστεύομεν.

1679 5399 1910 5465 ὐμοίως
1953 5401 2105 5452 Λέων

532 5491 629 5542 καὶ
657 5491 986 5554 Ἀνατόλιος.
1037 5491 1126 5550 Ὠς
1162 5491 1452 5559 Κύριλλος,
1485 5488 1627 5542 οὕτω
1687 5493 2040 5558 πιστεύομεν.
2078 5512 2095 5543 ι

545 5583 1010 5652 ’Δναγνωσοείσης
1051 5585 1107 5636 δῖ
1145 5583 1360 5651 καὶτῆς
1406 5584 1693 5650 Emori/5,;
1736 5585 1988 5649 Λέοντος,
2036 5586 2102 5637 ’ῐὰ

533 5675 671 5726 αὐτὰ
703 5675 1031 5744 ἐπεϐόησαν.
1077 5676 1356 5737 Ὡσαύτως
1386 5675 1740 5746 περὶτούτων
1811 5676 1920 5727 τῶν
1963 5695 2103 5745 συμ-

532 5765 727 5832 ϐόλων,
760 5767 854 5819 καὶ
897 5771 951 5822 ἐν
996 5772 1058 5839 τῇ
1125 5771 1350 5839 πέμπτῃ
1416 5770 1542 5838 ἁγίᾳ
1602 5771 1694 5822 καὶ
1742 5772 2096 5840 οὶκουμινικῇ

2213 4578 2419 4642 Patres,
2446 4589 2500 4632 ct
2528 4589 2610 4632 cst
2659 4594 2890 4633 concors
2947 4587 3149 4632 sancta:
3202 4594 3518 4648 magnaeque
3578 4581 3787 4648 synodo

2211 4668 2472 4723 Nica‘uaez
2497 4669 2781 4723 Credimus
2814 4670 2865 4724 in
2892 4687 3058 4724 unum
3092 4670 3278 4734 Deum,
3304 4670 3518 4724 Patrem
3538 4673 3789 4739 ornt-ipo-

2214 4770 2437 4824 tentem,
2481 4780 2498 4812 ι
2531 4771 2584 4815 et
2615 4761 2819 4829 reliqua
2861 4778 3030 4830 usque
3060 4763 3125 4815 ad
3159 4763 3272 4827 illa,
3316 4782 3333 4813 ι
3367 4761 3534 4816 futuri
3579 4764 3785 4815 sa-cnli.

2207 4848 2402 4904 Amen.
2433 4850 2634 4904 Omnes
2659 4851 2885 4919 piissimi
2918 4851 3171 4922 Episcopi
3204 4853 3613 4906 clamaverunt:
3657 4852 3782 4905 Il;cc

2209 4942 2453 4994 ornninm
2485 4942 2617 4996 lides
2643 4951 2746 4996 est.
2783 4942 2909 4996 Haec
2964 4942 3097 4996 ﬁdes
3159 4944 3612 4997 ortltodoxorum.
3692 4941 3783 4995 Sic

2211 5051 2402 5096 omnes
2434 5033 2732 5088 credimus.
2767 5053 2784 5084 ι
2831 5033 3094 5088 llecitatis
3149 5044 3328 5088 autem
3360 5041 3412 5089 et
3441 5033 3625 5103 Cyrilli
3667 5035 3785 5101 epi-

2210 5125 2650 5194 stolis,episcopi
2681 5126 2988 5179 clamarunt
3020 5142 3033 5178 :
3071 5144 3089 5176 ι
3134 5124 3224 5178 Sic
3260 5140 3452 5180 omnes
3482 5124 3786 5178 credimus.

2208 5217 2316 5272 Leo
2345 5216 2488 5286 Papa
2521 5217 2599 5270 sic
2633 5217 2826 5271 credit.
2866 5215 3129 5270 Similiter
3145 5215 3252 5270 Leo
3278 5225 3330 5269 et
3373 5217 3676 5270 Anatolius.
3707 5215 3792 5270 Uti

2207 5312 2461 5382 Cyrillus,
2493 5312 2565 5364 ita
2619 5311 2914 5365 credimus.
2966 5330 2984 5362 ι
3025 5309 3190 5362 Lecta
3239 5309 3366 5362 item
3417 5309 3618 5364 Leonis
3667 5307 3790 5378 epi-

2211 5405 2370 5467 stola,
2391 5404 2576 5458 cadetn
2611 5405 3008 5457 clamaveruut.
3030 5403 3232 5456 Eodem
3266 5417 3480 5470 quoque
3500 5401 3661 5454 modo
3677 5402 3790 5452 bace

2213 5496 2467 5565 Symbola
2485 5505 2538 5550 et
2574 5495 2624 5548 in
2661 5503 2846 5550 sancta
2881 5495 3068 5564 quinta
3098 5505 3148 5548 et
3181 5494 3516 5548 mcumcnica
3554 5491 3787 5563 synodo,

2215 5589 2362 5642 nullo
2385 5589 2694 5650 immutate,
2727 5596 2778 5640 et
2807 5576 2858 5639 in
2900 5595 3094 5640 octavo
3161 5594 3308 5638 l0llt0
3365 5595 3567 5637 sancta:
3621 5594 3788 5638 sexta:

2210 5679 2422 5750 synodi,
2461 5680 2672 5733 actione.
2699 5679 2906 5732 decima
2941 5678 3168 5747 septima
3194 5693 3301 5730 non
3328 5678 3432 5730 alia
3463 5678 3670 5730 ratione
3695 5678 3781 5728 di-

2209 5775 2322 5830 risa
2355 5773 2615 5844 rcpcrics.
2650 5771 2892 5841 Namun
2917 5771 3181 5828 scribitur
3213 5789 3225 5826 :
3264 5790 3282 5825 r
3319 5769 3600 5842 Expositio
3655 5770 3782 5824 ﬁdei
