4462 6450
459 381 574 465 ,ειθ

1588 372 1691 431 Au
1734 356 2093 430 ιἰιῐνςιιιιτ.
2140 365 2617 428 TRAI‘EZUNT.

3634 364 3742 432 9.30

475 498 912 566 ozavuvouttélu
951 494 1162 548 κεῖσθαι
1212 494 1284 555 ὡς
1342 494 1485 562 ὅρον.
1518 491 1575 544 Εἰ
1611 492 1716 563 γὰρ
1749 493 1840 544 καὶ
1896 489 2052 543 ὔστε-
2085 486 2134 547 Α
2164 505 2237 561 ap

1982 504 2052 542 ιε·
2085 486 2134 547 Α
2164 490 2475 561 appositum
2505 499 2676 555 esset,
2714 487 2867 563 Licet
2913 491 3058 546 enim
3098 489 3444 560 postmodum
3474 491 3526 544 iu
3558 503 3622 542 eo
3652 490 3744 543 ba-

476 608 568 662 ρον
609 589 667 641 ιν
721 585 897 654 τούτῳ
955 584 1334 654 βαπιζὸμεδα
1395 583 1486 635 καὶ
1527 580 1861 652 βαπτίζομεν
1889 620 1903 642 ,
1939 579 2052 633 ἀλλ’

474 682 566 735 οὖν
583 682 644 733 τὸ
672 680 731 732 ἐν
751 678 958 749 Νικαῖᾳ
977 676 1187 738 πάντας
1213 675 1302 729 διὰ
1328 673 1574 741 γλώττης
1606 670 1774 741 εἶκον,
1808 672 1881 730 ὡς
1911 670 2005 724 καὶ
2029 672 2056 722 ὁ

475 775 620 834 θεῖος
653 771 940 832 Βασίλειος
976 768 1220 837 εἴρηκεν,
1253 767 1396 830 καὶὴ
1432 763 1566 831 ἁγία
1590 764 1750 832 τρίτη
1788 762 2028 826 σύνοδος.

549 868 630 916 ιε’.
677 860 821 915 Ἀλλ’
854 859 1156 925 ἀναγκαῖον
1185 858 1280 909 καὶ
1300 857 1366 910 τά
1393 855 1844 927 προκομιζόμενα
1862 856 1926 906 ὲκ
1949 854 2058 906 τῶν

475 954 618 1018 ὅρων
649 949 951 1019 προθεῖναι,
1002 947 1073 1001 ἶν’
1105 947 1441 1017 ἑκδηλοτέρα
1494 948 1720 1014 γένηται
1757 947 1790 1014 ὴ
1840 944 2061 998 ἀποδει-

480 1043 581 1107 ξις⁸
612 1041 748 1112 φησὶ
775 1040 904 1110 γάρ·
945 1056 963 1090 ε
1000 1038 1220 1092 Τούτων
1253 1039 1434 1090 τοίνυν
1463 1038 1602 1105 μετὰ
1641 1036 1822 1104 πάσης
1858 1052 2062 1088 παντα-

477 1133 636 1202 χόθεν
671 1131 966 1200 ἀκριϐείας
1000 1148 1060 1182 τε
1101 1132 1196 1183 καὶ
1244 1130 1541 1199 ἐμμελείας
1572 1130 1703 1199 παρ’
1736 1130 1896 1199 ἡμῶν
1947 1131 2064 1183 δια-

478 1224 864 1284 τυπωθένῖων,
898 1224 1154 1292 ὁρίζομεν
1180 1222 1372 1289 ἑτέραν
1409 1220 1592 1274 πίστιν
1629 1221 1819 1290 μηδενὶ
1862 1222 2060 1288 ἐξεῖναι

2163 584 2436 649 ptizcmur
2466 589 2519 635 ct
2549 581 2927 650 baptitcmns.
2947 589 3187 636 attamen
3227 579 3506 634 Nicmnum
3544 581 3597 634 in
3629 596 3752 632 om-

2163 675 2312 728 nium
2373 691 2470 729 ore
2515 685 2657 736 erat.
2721 685 2779 728 ut
2829 674 3057 729 tradidit
3111 673 3332 728 divinus
3398 671 3651 732 Basilius,
3692 681 3746 725 et

2163 776 2352 822 sancta
2374 769 2536 820 tertia
2563 765 2828 836 synodus.

2244 861 2330 915 l5.
2369 859 2565 912 Verum
2596 858 2892 928 digerenda
2925 869 3051 911 sunt
3079 857 3192 918 hic,
3229 870 3351 921 quae
3394 856 3444 908 in
3475 855 3751 908 deﬁnitio-

2166 953 2327 1006 nibus
2355 961 2732 1018 apponuntur,
2761 960 2822 1002 ut
2871 950 3075 1002 clarior
3130 946 3532 1001 demonstratio
3581 934 3752 999 cellu-

2166 1054 2369 1098 cescztt.
2403 1042 2679 1097 Scribitur
2699 1043 2843 1096 enim
2879 1057 2893 1095 :
2934 1059 2951 1093 ι
2995 1039 3092 1095 llis
3117 1043 3299 1108 itaque
3329 1054 3454 1093 cum
3495 1042 3749 1094 accu'rata

2169 1138 2450 1207 diligentia
2479 1147 2525 1190 cI
2554 1136 2861 1190 attentione
2892 1147 2923 1186 a
2977 1133 3136 1188 nobis
3189 1133 3547 1201 praescriptis.
3601 1148 3745 1184 utan-

2170 1231 2366 1284 damus
2400 1245 2509 1282 non
2555 1229 2721 1282 licere
2772 1217 3062 1291 cuiquam,
3104 1225 3262 1278 aliam
3318 1225 3476 1277 (idem
3537 1223 3756 1284 allerre.

481 1315 798 1383 προφέρειν,
828 1313 1015 1384 ἢγοῦν
1046 1315 1411 1381 συγγράφειν,
1440 1312 1473 1382 ἢ
1500 1312 1832 1376 συντιθέναι,
1862 1311 1896 1384 ἢ
1931 1313 2068 1383 ᾠρῳ
2171 1321 2243 1374 “.1

1996 1331 2068 1378 >0.-
2171 1321 2254 1374 vel
2281 1321 2552 1378 scribere.
2599 1318 2680 1372 vel
2719 1331 3075 1384 componere,
3101 1315 3184 1389 vel
3227 1323 3447 1375 tenere,
3485 1315 3566 1368 vel
3601 1314 3758 1367 aliter

481 1407 610 1467 νεῖν,
639 1404 672 1471 ἦ
705 1403 979 1455 διδάσκειν
1013 1402 1241 1470 ἑτέρως.
1266 1400 1404 1464 Τοὺς
1438 1403 1493 1455 δὲ
1523 1403 1841 1471 τολμῶντας
1867 1404 1899 1473 ἢ
1936 1421 2065 1456 συν-

481 1495 690 1545 τιθέναι
718 1494 903 1546 πίστιν
935 1492 1195 1563 ἐτέραν,ἧ
1231 1493 1607 1562 προκομίζειν,
1635 1494 1665 1563 ἦ
1697 1493 1991 1560 διδάσκειν,
2035 1495 2066 1564 ἦ

483 1587 842 1654 παραδιδόναι
878 1587 1067 1655 ἕτερον
1132 1586 1403 1657 σύμϐολον
1445 1587 1556 1648 τοῖς
1610 1587 1889 1639 ἐθέλουσιν
1949 1589 2069 1640 ὲπι·

484 1671 736 1741 στρέφειν
761 1673 836 1732 είς
857 1671 1155 1739 ἐπίγνωσιν
1186 1672 1283 1740 τῆς
1303 1673 1558 1743 ἀληθείας
1590 1671 1649 1736 ἐξ
1714 1673 2071 1744 Ἑλληνισμοῦ

484 1765 518 1832 ἢ
567 1763 926 1831 Ἰουδαῖσμοῦ,
986 1765 1157 1833 ἡγουν
1191 1764 1250 1832 ἐξ
1284 1765 1548 1836 αἱρέσεως
1591 1766 1833 1829 οίασοῦν,
1886 1767 2071 1837 ἢκαιο

484 1859 776 1925 νοφωνίαν,
807 1856 927 1925 ἦτοι
962 1856 1160 1922 λέξεως
1199 1856 1490 1927 ἐφεύρεσιν
1559 1859 1692 1928 πρὸς
1759 1858 2074 1928 ἀνατροπὴν

484 1951 725 2016 εἰσάγειν
752 1950 861 2003 τῶν
893 1951 1013 2002 νυνὶ
1041 1950 1172 2020 παρ’
1204 1950 1363 2020 ἡμῶν
1396 1950 1800 2020 διορισθέντων,
1827 1949 2072 2013 τούτους,

483 2047 537 2096 εἰ
569 2044 668 2113 μὲν
702 2044 993 2096 ἐπίσκοποι
1034 2038 1144 2096 εἷεν
1199 2044 1232 2114 ἢ
1265 2042 1544 2113 κληρικοὶ,
1585 2041 1901 2112 ἀλλοτρίους
1937 2039 2075 2097 εἶναι

485 2139 610 2200 τοὺς
639 2138 976 2200 ἐπισκόπους
1033 2138 1130 2206 τῆς
1165 2137 1494 2206 ἐπισκοπῆς,
1547 2137 1643 2190 καὶ
1697 2138 1821 2198 τοὺς
1878 2136 2072 2206 κληριο

488 2234 615 2295 κους
649 2233 742 2285 τοῦ
777 2233 1003 2302 κλήρου·
1033 2232 1083 2284 εἰ
1130 2232 1189 2283 δὲ
1257 2231 1583 2299 μονάζοντες
1636 2225 1748 2283 εἷεν
1805 2230 1837 2301 ἢ
1875 2230 2076 2293 λαῖκοὶ,

487 2325 993 2397 ἀναθεματίζεσθαι
1021 2326 1245 2389 αὐτούς.
1281 2344 1300 2376 ι
1341 2325 1446 2379 Καὶ
1494 2326 1550 2378 ὲν
1580 2328 1644 2394 τῇ
1704 2325 1842 2397 ἕκτῃ
1873 2324 2076 2394 συνόδῳ

490 2420 662 2489 φησί·
724 2437 743 2471 ε
788 2419 1007 2472 Ίόύτων
1059 2418 1238 2472 τοίνυν
1298 2418 1440 2488 μετὰ
1504 2422 1683 2486 πάσης
1742 2417 2077 2486 πανταχόθεν

490 2510 772 2581 ἀκριϐείας
796 2515 882 2564 καὶ
914 2513 1212 2581 ἐμμελείας
1238 2508 1369 2580 παρ’
1397 2510 1553 2581 ἡμῶν
1607 2510 2077 2575 διατυπωθέντων,

491 2608 689 2676 ὦρσεν
721 2610 755 2678 ἡ
791 2609 921 2677 ἁγία
953 2609 1096 2679 αῦτη
1153 2612 1248 2663 καὶ
1277 2609 1495 2677 μεγάλη
1557 2607 1775 2670 σύνοδος
1821 2608 2080 2676 οίκουμε-

491 2705 638 2776 νικὴ.
667 2705 862 2774 ἑτέραν
893 2707 1078 2758 πίστιν
1140 2703 1336 2772 μηδενὶ
1403 2702 1607 2766 ἐξεῖναι
1666 2703 1986 2772 προφέρειν,
2018 2699 2081 2772 ἧ-

494 2819 626 2870 ·ίουν
659 2799 1020 2869 συγγράφειν,
1055 2798 1086 2868 ἢ
1122 2795 1458 2861 συντιθέναι,
1487 2796 1517 2862 ἢ
1571 2797 1813 2868 φρονεῖν,
1864 2795 1898 2864 ἢ
1932 2795 2080 2850 διδά-

494 2912 648 2948 σκειν
709 2894 936 2964 ἑτέρως.
1004 2891 1232 2956 Τοὺς⁸δὲ
1288 2890 1606 2961 τολμῶντας
1671 2890 1702 2960 ἦ
1770 2890 2080 2944 συντιθέναι

491 2987 679 3038 πίστιν
758 2986 979 3054 ἑτέραν,
1039 2985 1071 3056 ἢ
1135 2982 1518 3053 προκομίζειν,
1597 2981 1632 3051 ἢ
1689 2981 1986 3044 διδάσκειν,
2043 2980 2077 3052 ἢ

491 3077 847 3147 παραδιδόναι
943 3075 1134 3145 ἕτερον
1233 3073 1510 3142 Σύμϐολον
1607 3075 1720 3136 τοῖς
1799 3072 2080 3127 ἐθέλουσιν

2175 1418 2393 1471 docere.
2447 1411 2551 1477 Qui
2613 1417 2794 1464 autem
2844 1409 3048 1463 audent
3111 1407 3271 1462 ﬁdem
3317 1407 3479 1461 aliam
3533 1421 3764 1474 compo-

2177 1521 2317 1562 ncre
2344 1544 2360 1568 ,
2400 1501 2484 1558 vel
2533 1499 2756 1562 oﬂ‘errc,
2796 1499 2877 1553 vel
2944 1498 3179 1564 docere,
3211 1496 3293 1552 vel
3348 1498 3563 1551 tradere
3611 1496 3759 1548 aliud

2178 1598 2502 1668 Symbolum
2527 1597 2597 1650 iis
2627 1596 2718 1662 qui
2757 1594 2823 1647 ad
2855 1592 3106 1646 veritatis
3150 1591 3517 1659 cognitionem
3574 1590 3763 1645 volunt

2179 1687 2448 1750 converti,
2487 1686 2568 1741 vel
2602 1699 2667 1739 ex
2691 1681 3000 1753 gentilitate
3036 1722 3051 1744 ,
3083 1680 3168 1734 vel
3220 1695 3290 1734 es
3318 1678 3619 1748 judaismo,
3679 1677 3763 1736 vel

2179 1796 2244 1836 ex
2269 1791 2599 1848 quacunque
2630 1775 2737 1828 alia
2765 1772 2981 1835 lmresi,
3022 1779 3118 1825 aut
3163 1784 3358 1825 novant
3419 1783 3633 1831 vocem,
3682 1768 3764 1820 vel

2180 1871 2478 1926 dictionem
2506 1867 2856 1923 introducere
2889 1865 2956 1919 ad
2981 1864 3305 1924 evertenda.
3353 1877 3476 1930 qua:
3536 1875 3685 1915 nunc
3735 1874 3764 1910 a

2183 1961 2340 2018 nobis
2370 1962 2598 2018 decreta
2629 1967 2783 2022 sunt,
2815 1971 2938 2018 eos.
2965 1956 3011 2011 si
3058 1964 3187 2011 sunt
3216 1955 3460 2026 episcotti
3504 1961 3597 2006 aut
3656 1951 3764 2005 cle-

2181 2055 2304 2120 rici,
2339 2054 2635 2123 episcopos
2674 2053 2744 2107 ab
2773 2051 3095 2120 episcopatu
3125 2062 3250 2104 esse
3300 2047 3535 2112 alienos,
3579 2055 3634 2100 et
3659 2047 3766 2101 cle-

2183 2149 2329 2204 ricos
2367 2163 2396 2201 a
2431 2147 2582 2203 clero
2615 2163 2630 2211 ;
2665 2144 2713 2200 si
2741 2159 2868 2199 vero
2899 2141 3155 2216 monachi
3203 2141 3434 2204 rttcrint,
3470 2148 3563 2193 aut
3618 2140 3768 2203 laici,

2182 2240 2662 2296 auatbetnatizari.
2684 2257 2702 2288 ι
2734 2237 2799 2293 Et
2828 2237 2882 2291 in
2911 2243 3065 2291 sexta
3093 2235 3343 2305 synodo:
3385 2253 3404 2286 ε
3457 2231 3554 2286 llis
3588 2232 3771 2300 itaque

2183 2343 2441 2390 accurate
2472 2332 2764 2387 admodum
2797 2330 3208 2400 diligenterque
3256 2327 3504 2388 statutis,
3545 2325 3772 2378 manda—

2184 2431 2261 2484 vit
2286 2437 2475 2484 sancta
2505 2427 2618 2480 Itzec
2637 2438 2688 2481 et
2717 2439 2911 2494 magna
2934 2423 3181 2495 synodus
3227 2420 3598 2482 meumeuica,
3635 2418 3771 2471 nulli

2186 2524 2372 2588 licere,
2400 2522 2559 2576 ﬁdem
2589 2521 2752 2574 aliam
2811 2532 3136 2589 proponere,
3192 2525 3289 2570 aut
3348 2515 3612 2579 scribere,
3678 2497 3772 2565 aut

2184 2630 2537 2686 componere,
2558 2624 2651 2668 aut
2676 2621 2885 2671 tenere.
2921 2617 3015 2664 aut
3055 2611 3161 2665 alio
3193 2611 3357 2664 modo
3380 2608 3616 2671 docere;
3679 2606 3772 2673 qui

2187 2727 2316 2768 vero
2377 2711 2496 2765 ausi
2557 2708 2784 2771 fuerint,
2832 2715 2927 2760 aut
2976 2718 3312 2775 componere
3356 2703 3519 2756 aliam
3591 2702 3775 2765 iidem,

2185 2813 2280 2858 aut
2317 2815 2647 2871 proponere,
2677 2809 2776 2854 aut
2827 2799 3051 2861 docere,
3073 2804 3165 2850 aut
3191 2795 3410 2850 tradere
3456 2794 3601 2848 aliud
3628 2795 3779 2862 Sym-

2188 2899 2396 2962 bolum,
2429 2896 2500 2951 iis
2524 2896 2619 2964 qui
2657 2909 2723 2952 ex
2757 2891 3067 2960 gentilitate
3096 2897 3151 2944 et
3195 2888 3502 2958 judaismo,
3551 2885 3630 2938 vel
3677 2885 3782 2939 alia

2186 2991 2434 3062 qualibet
2467 2990 2659 3044 bairesi
2693 2992 3117 3045 convertuntur,
3141 2997 3262 3044 eos,
3307 2982 3351 3036 si
3383 2979 3625 3049 episcopi
3689 2986 3782 3033 aut

2188 3084 2372 3142 clerici
2419 3093 2574 3148 sunt,
2623 3083 2918 3152 episcopos
2966 3079 3313 3148 episcopatu,
3363 3075 3598 3140 clericos
3632 3072 3784 3128 clero

490 3173 848 3240 ἐπιστρέφειν
903 3170 963 3234 ἐξ
994 3167 1358 3238 Ἑλληνισμοῦ
1432 3167 1466 3240 ἢ
1515 3165 1880 3236 ’1ουδαῖσμοῦ,
1926 3167 1958 3237 ἢ
2023 3166 2082 3234 ἐξ
2111 3181 2156 3241 ο
2191 3195 2252 3232 ηις

2023 3166 2082 3234 ἔξ
2111 3181 2156 3241 C
2191 3177 2506 3242 moveri;si
2541 3190 2673 3231 veto
2708 3173 2964 3228 monachi
3027 3179 3121 3225 aut
3183 3169 3308 3224 laici
3365 3177 3519 3227 sunt,
3554 3167 3785 3218 anathe-

487 3266 764 3332 αἱρέσεως
793 3261 1214 3333 οίασδηποτοῦν,
1256 3260 1507 3327 τούτους,
1539 3261 1588 3314 εί
1652 3262 1753 3330 μὲν
1791 3257 1901 3315 εἷεν
1959 3262 2079 3314 επί-

491 3374 688 3412 σκοποί
749 3355 1090 3426 ἦκληρικοὶ,
1139 3355 1459 3424 ἀλλοτρίους
1496 3349 1639 3407 εἶναι
1675 3355 1797 3418 τοὺς
1854 3355 2081 3408 ἐπισκό-

491 3469 628 3514 πους
656 3451 754 3521 τῆς
793 3451 1129 3518 ἐπισκοπῆς,
1161 3452 1260 3504 καὶ
1293 3449 1423 3511 τοὺς
1456 3449 1770 3519 κληρικοὺς
1798 3448 1891 3502 τοῦ
1947 3449 2079 3521 κλή-

495 3559 613 3616 ρ,υ’
649 3547 696 3597 εἰ
731 3544 788 3597 δὲ
825 3544 1157 3612 μονάζοντες
1216 3537 1328 3594 εἷεν
1359 3543 1392 3613 ἢ
1426 3543 1626 3608 λαῖκοὶ,
1677 3541 2078 3610 ἀναθεματίζε-

494 3640 620 3692 σθαι
651 3637 874 3701 αὐτούς.
919 3656 937 3690 ι
968 3637 1215 3706 Φανερὸν
1247 3630 1342 3690 οὖν
1375 3637 1522 3710 ἔστιν
1552 3637 1618 3690 ὲκ
1643 3636 1755 3690 τῶν
1771 3637 2082 3709 εἰρημένων

491 3733 636 3802 ὅρων
673 3731 783 3784 τῶν
825 3728 1121 3799 μακαρίων
1156 3728 1443 3800 Πατιρων,
1472 3728 1550 3791 ὡς
1582 3730 1645 3782 τὸ
1668 3731 1864 3799 ἑτέραν
1894 3729 2080 3784 πίστιν

495 3825 689 3897 μηδενὶ
727 3825 925 3890 ἐξεῖναι
981 3822 1373 3894 προφέρειν,ἢ
1426 3822 1567 3891 γοῦν
1623 3826 1988 3894 συγγράφειν,
2047 3826 2079 3894 ἢ

494 3919 893 3988 συντιθέναι,ἦ
933 3918 1324 3986 καινοφωνίαν,
1368 3917 1490 3988 ἦτοι
1533 3917 1736 3983 λέξεως
1791 3919 2084 3988 ὲφεύρεσιν

494 4013 632 4082 πρὸς
687 4012 1006 4081 ἀνατροπὴν
1045 4005 1304 4078 ἐίσάγειν
1358 4012 1468 4065 τῶν
1531 4011 1892 4081 ὀρισθέντων,
1957 4015 2087 4082 περὶ

493 4106 743 4167 ἐναντίας
793 4105 926 4171 φασὶ
955 4102 1216 4169 πίστεως.
1262 4103 1335 4157 Τὸ
1372 4104 1483 4174 γὰρ
1518 4104 1672 4174 πρὸς
1728 4104 2087 4174 ἀνατροπὴν

491 4200 661 4254 τοῦτο
701 4198 873 4269 δηλοῖ.
916 4199 993 4253 οὗ
1027 4198 1138 4269 γὰρ
1165 4198 1331 4269 μόνον
1369 4199 1509 4269 περὶ
1537 4199 1648 4251 τῶν
1678 4197 1840 4271 ιερῶν
1875 4199 2088 4269 Συμϐό-

493 4296 605 4349 λων
641 4293 821 4349 ταῦτά
850 4310 1008 4364 φασι.
1039 4292 1200 4347 Πᾶσα
1253 4291 1471 4356 ἔκθεσις
1529 4293 1767 4356 πίστεως
1809 4290 2089 4362 Σύμϐολον

492 4387 828 4458 ὀνομάζεται
882 4386 980 4441 καὶ
1033 4386 1176 4442 εστι.
1244 4387 1498 4458 Περιέχει
1544 4386 1652 4458 γὰρ
1695 4385 1852 4452 οὗτος
1901 4389 1930 4442 ὁ
1964 4387 2088 4461 ὄρος

495 4482 628 4551 περὶ
659 4481 757 4552 τῆς
789 4478 1270 4553 ινανθρωᾶτήσεως
1303 4479 1398 4535 τοῦ
1431 4482 1666 4552 Κυρίου,
1702 4481 1797 4535 καὶ
1823 4482 1907 4537 ὅτι
1937 4485 2083 4539 ἀπα-

2191 3267 2466 3323 matizari.
2507 3283 2525 3318 ι
2578 3263 2674 3319 Est
2731 3279 2860 3333 ergo
2924 3259 3277 3316 manifestqu
3336 3276 3400 3315 cx
3447 3259 3562 3330 jam
3626 3257 3790 3312 dictis

2191 3360 2476 3415 beatorum
2527 3356 2754 3412 Patrum
2801 3355 3246 3417 deﬁnitionibus,
3281 3354 3444 3408 aliam
3499 3354 3656 3407 Iidem
3697 3366 3790 3404 ue-

2192 3453 2325 3508 mini
2362 3451 2526 3507 licere
2554 3465 2890 3521 proponere,
2945 3461 3042 3503 aut
3077 3448 3341 3510 scribere,
3401 3456 3498 3500 aut
3563 3460 3790 3512 compo-

2196 3559 2350 3609 nere,
2384 3551 2477 3596 aut
2516 3555 2688 3596 novas
2714 3553 2878 3595 voces
2943 3547 3041 3592 ant
3093 3535 3367 3590 dictiones
3420 3532 3791 3599 comminisci,

2192 3648 2246 3694 et
2280 3638 2346 3694 ad
2369 3637 2715 3693 eversionem
2750 3633 3108 3688 decretorum
3142 3628 3524 3699 introducere,
3561 3625 3630 3679 de
3687 3623 3792 3677 fide

2192 3731 2471 3788 contraria
2490 3742 2611 3786 csse
2654 3726 2824 3783 dicta.
2885 3723 3133 3793 Namque
3163 3721 3232 3775 ad
3265 3721 3606 3781 eversionem,
3657 3716 3792 3769 illud

2194 3835 2367 3882 notat.
2398 3823 2520 3879 Non
2557 3822 2704 3878 enim
2732 3820 2800 3877 de
2828 3818 3040 3875 sanctis
3087 3814 3369 3888 Sytnbolis
3403 3816 3521 3869 luce
3579 3811 3790 3882 prolata

2195 3927 2345 3982 sunt,
2378 3931 2503 3972 eum
2531 3918 2711 3970 omnis
2745 3914 2868 3969 lidci
2921 3910 3195 3982 expositio
3247 3907 3572 3980 Symbolum
3609 3905 3794 3975 appel-

2199 4013 2363 4073 latur.
2382 4020 2438 4066 et
2469 4017 2574 4065 est.
2603 4008 2866 4064 Continet
2911 4005 3191 4077 siquidem
3235 4003 3353 4060 bac
3415 4000 3688 4065 deﬁnitio,
3729 3999 3799 4051 de
3835 4018 3837 4020 ·

2198 4105 2585 4162 incarnatione
2646 4102 2886 4166 Domini,
2947 4099 3298 4156 divinitatem
3351 4110 3464 4151 non
3504 4108 3629 4149 esse
3673 4107 3803 4161 pas-

2197 4185 2450 4258 siouibus
2533 4198 2830 4256 obnoxiam
2867 4237 2883 4261 ,
2940 4206 2997 4251 et
3058 4195 3127 4250 de
3208 4193 3426 4249 duabus
3495 4187 3803 4244 voluntati-

2200 4293 2327 4349 bus.
2368 4291 2502 4361 Quze
2531 4289 2899 4361 cutuoluime
2951 4287 3326 4360 expediissent
3386 4284 3601 4341 Patres.
3670 4283 3816 4338 διώ(

2200 4386 2379 4443 dunt:
2422 4382 2560 4441 illis
2593 4385 2898 4455 itaqtio....
2945 4381 3225 4439 mandavit
3282 4389 3473 4438 sancta
3532 4377 3804 4446 syuodus.

2203 4480 2409 4538 nemini
2445 4480 2633 4536 licere.
2702 4497 2722 4532 ι
2789 4477 2859 4534 Et
2915 4479 3033 4534 hanc
3091 4475 3424 4548 quidem‘iu
3483 4470 3806 4529 deﬁnitione

496 4576 594 4646 θὴς
624 4577 656 4647 ἡ
692 4575 914 4645 θεότης.
942 4574 1044 4629 καὶ
1074 4575 1209 4645 περὶ
1241 4574 1338 4629 δύο
1367 4574 1723 4646 θελημὰτων,
1758 4577 1877 4650 καὶ,
1906 4577 2090 4641 καλῶς
2125 4573 2173 4632 D
2201 4589 2258 4631 sa

2043 4577 2090 4641 ὃς
2125 4573 2173 4632 D
2201 4585 2409 4631 sanctze
2444 4572 2638 4646 synodi
2664 4571 3046 4650 continentur.
3101 4569 3207 4628 Sed
3241 4585 3331 4630 ea.
3391 4583 3516 4637 qua:
3547 4575 3634 4620 est
3693 4572 3805 4618 ter-

497 4669 673 4723 ταῦτα
759 4669 1306 4739 ἑττεξεργασαμένων
1377 4668 1646 4739 Πατέρων
1743 4668 2089 4737 ιπάγουσιν·

502 4780 522 4812 ε
563 4761 786 4816 Τούτων
809 4761 1018 4828 τοίνυν,
1064 4779 1083 4812 ι
1120 4763 1218 4814 καὶ
1271 4761 1342 4815 τὰ
1365 4761 1553 4816 λοιπά,
1587 4802 1602 4816 .
1632 4801 1644 4816 .
1669 4762 1874 4831 ὥρισεν
1906 4763 2094 4832 ήάγία

498 4854 717 4920 σύνοδος
753 4855 951 4926 μηδενὶ
981 4853 1208 4920 ἐξεῖναι.
1249 4873 1269 4907 ι
1309 4853 1421 4908 Καὶ
1447 4854 1624 4908 ταῦτα
1663 4855 1763 4924 μὲν
1813 4855 2097 4926 περιέχον-

495 4964 589 5002 ται
615 4948 674 5000 ιν
701 4946 780 5018 τῷ
820 4949 934 5018 ὅρῳ
980 4947 1081 5016 τῆς
1131 4946 1294 5015 ἁγίας
1343 4947 1568 5000 συνόδου
1591 4963 1620 4980 ’ν
1648 4948 1677 4999 ὁ
1702 4947 1760 5001 δι
1801 4947 1902 5017 τῆς
1931 4947 2096 5013 ἁγίας

497 5040 690 5111 τρίτης
724 5039 950 5094 συνόδου
977 5040 1180 5110 φησίν·
1219 5056 1239 5091 ε
1279 5039 1482 5110 Ἤρκει
1518 5038 1618 5108 μὲν
1652 5038 1749 5092 οὖν
1780 5040 1859 5101 είς
1901 5039 2095 5108 ιντελῆ

495 5134 607 5203 τῆς
629 5132 926 5198 εὐσεϐείας
979 5132 1290 5200 ιπίγνωσίν
1333 5149 1391 5185 τε
1435 5132 1532 5184 καὶ
1580 5131 1877 5202 βεϐαίωσιν
1936 5131 2099 5186 τοῦτο

496 5227 684 5299 τὸτῆς
713 5226 867 5290 Θείας
913 5228 1140 5298 χάριτος
1189 5224 1500 5296 Σύμϐολον·
1559 5228 1694 5297 περί
1730 5243 1791 5279 τε
1835 5227 1947 5298 γὰρ
2001 5225 2097 5279 τοῦ

499 5322 718 5394 Πατρὸς
751 5323 850 5377 καὶ
888 5322 984 5377 τοῦ
1023 5321 1160 5377 Υίοῢ
1203 5322 1300 5376 καὶ
1331 5321 1433 5376 τοῦ.
1456 5322 1617 5392 ἁγίου
1658 5321 1800 5376 lived
1814 5338 1983 5393 ματος
2005 5321 2100 5375 ἐκ·

497 5415 745 5472 διδάσκει
775 5415 837 5470 τὸ
883 5415 1121 5472 τέλειον.
1161 5435 1179 5468 ι
1217 5411 1352 5474 Εἶτα
1385 5415 1540 5484 λέγει
1567 5415 1699 5485 περὶ
1730 5415 1829 5485 τῆς
1853 5414 1949 5468 τοῦ
1986 5415 2102 5469 Κυ-

504 5514 621 5583 ρίου
674 5510 1186 5583 ἐνανθρωπήσεως,
1235 5510 1331 5563 καὶ
1398 5510 1483 5562 ὅτι
1550 5509 1817 5572 Θεοτόκος
1867 5511 1901 5580 ἡ
1968 5509 2100 5577 ἁγία

502 5605 805 5678 Παρθίνος,
859 5606 961 5660 καὶ
1014 5606 1116 5677 τὴν
1168 5606 1370 5658 ’ἑνωσιν
1404 5604 1514 5656 τῶν
1570 5603 1666 5657 δύο
1727 5603 1968 5673 φύσεων,
2010 5605 2101 5656 καὶ

499 5706 582 5757 ὅτι
609 5702 676 5756 τὸ
708 5702 822 5757 τῶν
849 5688 1185 5775 τριακοσίων
1206 5701 1340 5754 δέκα
1373 5700 1470 5753 καὶ
1490 5700 1638 5753 ὀκτὼ
1673 5700 1934 5770 Ιιατέριυν
1959 5699 2105 5769 Σύμ-

501 5799 662 5853 ὕολον
709 5800 918 5869 ὀφείλει
964 5799 1149 5870 μένειν
1186 5779 1670 5868 ἀπαρεγχείρητον
1699 5811 1710 5824 ο
1762 5789 1882 5849 εἶτα
1921 5795 2013 5848 καὶ
2043 5795 2107 5848 τὸ

499 5894 833 5952 τῶνὲκιτδν
868 5898 1212 5969 πεντήκοντα
1273 5892 1573 5963 Σύμοολον,
1643 5892 1737 5946 καὶ
1800 5893 1956 5962 φησὶ,
2006 5890 2104 5947 διὰ

2144 4732 2150 4738 ι
2199 4669 2290 4724 tia:
2338 4669 2562 4739 synodi,
2623 4667 2741 4722 ait:
2793 4649 3003 4734 (Satis
3069 4666 3238 4739 igitur
3292 4670 3440 4720 esset
3505 4661 3574 4715 ad
3630 4658 3808 4727 perfe-

2199 4772 2345 4817 ctam
2397 4761 2620 4833 pietatis
2676 4761 3054 4830 cognitionem
3101 4776 3167 4818 ac
3218 4759 3539 4813 ﬁrmitatem
3579 4755 3682 4808 boc
3728 4752 3812 4806 dic

2201 4856 2342 4910 vium
2372 4856 2564 4925 gratiae
2624 4854 2988 4927 Symbolum;
3032 4872 3052 4906 ι
3132 4852 3489 4924 postmodum
3542 4848 3808 4909 adnectit,

2200 4949 2268 5004 tle
2297 4949 2512 5003 Domini
2539 4949 2950 5012 incarnatione,
2987 4956 3045 5003 et
3068 4957 3320 5003 sanctam
3357 4943 3642 5015 Virginem
3690 4956 3813 4996 esse

2205 5039 2522 5112 Deiparam,
2585 5053 2639 5098 et
2707 5042 2944 5096 duarum
3011 5051 3346 5095 naturarum
3416 5018 3704 5099 unionem,
3758 5044 3815 5088 et

2204 5147 2582 5196 trecentorum
2608 5137 2803 5194 decem
2840 5146 2894 5192 et
2913 5146 3038 5192 octo
3091 5135 3316 5190 Patrum
3352 5132 3680 5205 Symbolum
3732 5132 3813 5185 in-

2205 5242 2413 5308 tactum
2452 5231 2964 5303 atqueinviolatmn
2989 5229 3436 5285 conservandum
3471 5243 3631 5292 esse;
3695 5236 3814 5279 tum

2205 5328 2469 5398 deinceps
2486 5337 2543 5385 et
2579 5336 2808 5384 centum
2838 5326 3241 5398 quinquaginta
3277 5323 3628 5398 Symbolum,
3689 5323 3818 5382 sub-

2206 5423 2416 5490 ditque,
2447 5431 2662 5490 pret-ter
2693 5420 2928 5489 Spiritus
2955 5422 3127 5476 sancti
3173 5421 3369 5485 hostes,
3427 5427 3482 5474 et
3516 5416 3817 5488 synodicas

2207 5516 2395 5588 Cyrilli
2420 5526 2472 5571 et
2492 5514 2695 5571 Leonis
2725 5516 3012 5585 epistolas,
3045 5526 3098 5570 et
3136 5514 3492 5569 Divinitatem
3522 5511 3809 5581 Uuigeniti

2208 5610 2562 5678 passiouibus
2602 5624 2710 5665 non
2756 5608 3070 5681 subjaecrc,
3125 5617 3176 5665 et
3209 5607 3502 5664 Dominum
3562 5615 3816 5660 nostrum

2207 5701 2397 5760 Jesum
2428 5703 2713 5760 Christum
2744 5706 3050 5773 secundum
3109 5704 3452 5760 divinitatem
3514 5717 3637 5757 esse
3683 5717 3818 5755 c0n~

2211 5791 2638 5853 substantialem
2667 5797 2844 5864 Patri,
2872 5799 3179 5855 secundum
3226 5813 3357 5855 vero
3415 5797 3823 5854 humanitatem-

2213 5893 2398 5951 nobis.
2441 5892 2658 5960 Quibus
2714 5896 2970 5953 orttnibus
3021 5910 3289 5969 perquam
3331 5895 3695 5953 accommoda
3728 5911 3817 5949 ex-
