4462 6450
743 381 840 446 2‘31

742 585 943 637 Christi
993 590 1341 654 possidebant
1374 590 1583 653 Pati-es,
1619 595 1949 646 snbnectunt
1983 613 1994 647 :
2029 594 2121 646 llis
2157 596 2330 662 itaque

739 675 984 741 decretis,
1020 681 1277 734 omnibus
1312 683 1522 734 scilicet
1557 692 1684 736 ante
1716 685 1899 738 dictis.

737 777 765 820 ὁ
806 775 1007 839 Κύριος
1048 776 1209 844 ἡμῶν
1254 777 1464 844 Ἰησοῦς
1497 780 1734 845 Χριστὸς
1769 781 1911 832 κατὰ
1978 781 2074 851 τὴν
2110 782 2363 850 θεότητα,

735 866 913 919 ταῦτα
949 872 1124 922 πάντα
1174 871 1621 940 διασαφήσαντες
1659 876 1781 928 λίαν
1829 878 2205 945 ἁρμοζόντως.
2245 878 2318 943 ώς

1655 378 2035 447 GREGORII
2079 385 2381 446 ΜᾹΜΜΈ
2421 387 2527 448 Ci‘.
2566 380 3085 446 PATltl.’iRCll.-E

745 495 944 554 positis
986 494 1351 566 digestisque,
1404 507 1668 568 tanquam
1719 503 1809 570 qui
1874 517 1927 554 ιιι
1986 517 2044 554 se
2094 509 2329 554 mentem
2367 510 2408 566 Α
2444 518 2505 550 rc

2251 517 2329 554 em
2367 510 2408 566 Α
2444 500 2584 564 τοὺς
2625 501 3194 567 Ιίιευματομιίχοιις,
3230 501 3320 551 καὶ
3349 499 3443 559 tit;
3490 499 3768 554 συνοδικὰ,
3801 500 4013 548 ἐπιστο-

2443 593 2538 653 λὰς
2577 593 2846 659 Κυρίλ).ου
2911 595 3002 643 καὶ
3041 594 3290 652 Λέοντος,
3344 591 3437 642 καὶ
3474 592 3555 642 ὅτι
3609 590 3670 641 οῦ
3713 589 3932 656 παθητὴ
3982 591 4014 657 ή

2445 684 2636 747 θεότης
2669 684 2762 733 τοῦ
2805 681 3166 748 Μονογενοῦς,
3200 681 3292 732 καί
3318 680 3390 741 ὡς
3420 681 3702 748 ὀμοούσιος
3737 681 3813 748 τῷ
3841 680 4015 746 Πατρὶ

2361 877 2484 930 νοῦν
2516 879 2555 929 Χ
2568 875 2754 946 ριστοῦ
2827 876 3064 944 ἔχοντες,

737 962 1149 1027 ι’ρισθὲντων,
1211 965 1455 1033 δηλονότι
1523 967 1744 1020 πάντων
1806 969 1917 1022 τῶν
1983 973 2418 1040 προειρημένων.

808 1056 898 1107 lli.
943 1054 1298 1110 Manifestum
1329 1059 1511 1126 itaque
1553 1070 1656 1124 est,
1701 1077 1795 1115 eos
1823 1063 2020 1116 similia
2070 1065 2135 1118 de
2195 1079 2323 1118 enn-

736 1149 902 1198 traria
949 1147 1049 1199 fide
1076 1152 1411 1203 ennntiassc.
1446 1150 1579 1205 Nam
1618 1155 1866 1222 plerique
1892 1157 2054 1208 etiam
2112 1158 2203 1210 alii
2250 1158 2318 1211 de

734 1240 800 1290 iis
836 1256 955 1307 qua:
996 1242 1128 1293 inibi
1165 1244 1618 1308 continebantur,
1642 1249 2118 1316 conscripserunt.
2148 1264 2320 1316 caque

734 1330 938 1382 fusiore
970 1347 1222 1388 sermone
1250 1340 1524 1403 prosecuti
1564 1349 1690 1392 sunt
1721 1357 1736 1405 ;
1771 1348 1825 1392 et
1863 1343 2003 1394 inter
2025 1357 2120 1394 eos
2149 1358 2174 1392 a
2212 1342 2320 1395 Duo

730 1419 908 1471 cdocti
943 1421 1155 1485 Patres,
1190 1422 1457 1478 Maximus
1488 1433 1542 1480 et
1599 1427 1997 1482 Damasccnus.
2039 1431 2178 1494 Quid
2217 1431 2316 1484 ita-

727 1525 834 1578 que
864 1512 1156 1566 dicemus?
1203 1514 1571 1583 lgnorassene
1629 1517 1819 1574 Patres
1848 1520 2319 1591 prohibitionem?

731 1616 797 1655 an
825 1603 1041 1658 novisse
1069 1614 1121 1657 et
1142 1607 1447 1674 neglexisse
1474 1610 1676 1666 ?Absit
1703 1615 1867 1666 verbo
1928 1613 2154 1682 injuria.
2183 1614 2320 1667 Sed-

725 1695 871 1745 euiin
913 1696 1210 1759 prohibitio
1243 1709 1358 1752 erat
1387 1701 1452 1754 de
1481 1705 1581 1755 lide
1621 1705 1898 1758 contraria
1949 1719 2004 1760 et
2063 1722 2182 1774 quae
2239 1722 2317 1760 rc-

732 1793 877 1834 clam
930 1784 1086 1837 tidem
1134 1795 1427 1851 everteret,
1469 1805 1590 1843 eum
1627 1808 1732 1846 una
1771 1793 1904 1846 fides
1935 1796 2004 1848 sit
2041 1812 2056 1858 ;
2116 1795 2317 1847 confir-

731 1883 966 1940 matque
1001 1875 1052 1927 id
1089 1878 1280 1931 beatus
1324 1878 1527 1935 Paulus
1563 1883 1753 1938 dicens
1793 1901 1805 1936 :
1848 1884 1996 1938 Unus
2033 1885 2310 1947 Dominus,

723 1981 827 2016 mm
857 1967 1012 2032 ﬁdos.
1048 1968 1102 2022 Si
1147 1971 1335 2039 itaque
1365 1989 1472 2026 una
1503 1974 1662 2038 tiles,
1687 1978 1862 2032 modis
1896 1978 2155 2034 omnibus
2193 1982 2305 2033 alia

720 2063 1000 2113 contraria
1029 2063 1213 2116 fuerit.
1261 2063 1569 2135 Nemoque,
1611 2068 1914 2125 dummodo
1973 2085 2000 2124 a
2041 2073 2308 2141 sapientia

721 2168 828 2205 non
871 2157 1111 2220 aberret,
1149 2158 1294 2211 dicet
1346 2175 1527 2217 veram
1566 2177 1690 2216 esse
1736 2165 1896 2217 aliam
1958 2164 2118 2220 fidem
2186 2182 2308 2235 pro-

719 2245 982 2310 positam,
1026 2261 1151 2299 cum
1207 2265 1312 2301 una
1347 2258 1560 2304 tantum
1595 2267 1721 2306 vera
1755 2255 1847 2309 sit.
1881 2255 2228 2325 Quapropter
2255 2268 2307 2311 et

717 2340 1050 2390 eontrariam
1082 2341 1242 2394 divus
1280 2340 1551 2398 Maximus
1581 2345 1919 2400 additionem
1955 2349 2157 2417 rejicit,
2214 2367 2303 2404 ve-

718 2445 833 2480 rum
865 2431 1237 2498 amplectitur.
1278 2433 1445 2498 quue
1473 2446 1662 2504 aperte
1687 2438 1964 2508 colligitur
1999 2454 2063 2493 ex
2082 2440 2306 2511 Dialogo

715 2523 888 2590 ipsius
912 2525 1179 2578 adversus
1204 2527 1354 2578 illum
1381 2529 1470 2596 qui
1492 2528 1815 2595 Macedonii,
1841 2532 2082 2600 Spiritus
2104 2534 2304 2600 hostis,

713 2618 1045 2668 sententiam
1087 2619 1396 2686 tutabatur,
1452 2621 1505 2673 in
1534 2637 1641 2689 quo
1681 2637 1802 2676 cum
1840 2623 2195 2679 Oi'tliodoxus
2227 2630 2306 2678 iti-

713 2718 895 2761 ceret:
935 2727 952 2758 ι
979 2709 1356 2764 Condemnavi
1384 2714 1739 2779 auditionem,
1764 2731 1926 2784 quam
1951 2718 2176 2771 editioni
2197 2718 2304 2772 Lu-

709 2804 857 2855 ciani
919 2806 1253 2872 apposuistis
1291 2824 1305 2860 :
1342 2822 1677 2877 possumque
1706 2811 1997 2865 ostendere
2058 2813 2300 2867 additam

712 2893 786 2946 illi
815 2895 1095 2950 adversari
1132 2915 1146 2960 ;
1195 2917 1212 2948 ι
1258 2909 1311 2950 et
1349 2904 1715 2968 reSpondente
1738 2901 2129 2958 Macedoniano
2155 2920 2168 2956 :
2194 2923 2211 2954 ι
2239 2905 2302 2957 Et

707 3000 804 3039 vos
833 2989 1013 3042 nonne
1031 2989 1326 3046 addidistis
1351 2990 1585 3047 Nicmnae
1636 2993 1656 3044 ?
1687 3012 1703 3043 ι
1734 2994 2299 3050 Ortliodoxusinfert:

711 3078 849 3132 iSed
876 3097 981 3135 non
1018 3083 1094 3136 illi
1125 3088 1427 3139 contraria.
1465 3106 1483 3137 ι
1518 3085 1582 3138 Ει
1625 3088 1976 3143 manifestius
2009 3089 2150 3143 idem
2186 3089 2301 3158 ipse

704 3181 930 3228 sanctus
964 3175 1016 3228 ia
1073 3191 1169 3230 sua
1228 3178 1577 3233 confessione
1635 3181 1964 3250 compendio
2025 3184 2295 3251 exposita,

702 3275 869 3332 quam
897 3282 996 3334 pro
1021 3267 1462 3324 Clialcedonensi
1506 3273 1718 3342 synodo
1767 3275 2107 3344 compilavit,
2140 3279 2298 3347 cujus

2513 1063 2608 1127 ις’.
2672 1063 2945 1133 Πρόδηλον
2994 1061 3124 1125 γοῦν
3166 1060 3240 1122 ώς
3295 1057 3425 1125 περὶ
3470 1058 3719 1116 ἐναντίας
3773 1056 4009 1106 πίστεως

2431 1158 2608 1211 ταῦτα
2639 1174 2792 1222 φασι.
2831 1155 3028 1207 Πολλοὶ
3085 1155 3193 1222 γὰρ
3254 1153 3346 1204 καὶ
3379 1153 3528 1206 ᾰὶλοι
3595 1152 4012 1218 συνεγράψαντο

2431 1253 2560 1315 περὶ
2592 1249 2703 1300 τῶν
2737 1247 3154 1315 περιεχομένων
3179 1247 3236 1295 ἐν
3268 1245 3499 1305 τούτοις,
3533 1245 3625 1294 καὶ
3658 1243 4006 1310 ἐξήπὶωταν·

2426 1341 2564 1392 ἀλλὰ
2587 1341 2678 1391 καὶ
2695 1341 2741 1390 οἱ
2767 1338 3016 1402 θεόσοφοι
3041 1335 3279 1404 Πατέρες
3315 1334 3566 1400 Μάξιμος
3595 1336 3685 1385 καὶ
3712 1338 4011 1402 Δαμασκης

3141 1426 3502 1491 Ἡγνοηκέναι
3561 1426 3688 1486 τοὺς
3740 1425 3926 1489 ἁγίους
3952 1424 4013 1473 τ’)

2428 1431 2538 1486 νός.
2586 1432 2650 1482 Τί
2683 1429 2775 1482 οῦν
2802 1428 3045 1497 ἐροῦμεν
3079 1443 3093 1489 ;

2430 1523 2658 1590 κώλυμα
2676 1523 2783 1573 τῶν
2816 1521 2975 1580 ὅλων,
3016 1518 3047 1587 ἦ
3079 1516 3379 1583 ἐγνωκέναι
3410 1516 3505 1566 καὶ
3549 1515 3966 1580 καταφρονῆσαι
3993 1530 4008 1577 ;

2431 1615 2521 1683 Μὴ
2551 1615 2782 1681 γένοιτο.
2834 1610 2995 1663 Ἃ).λὰ
3049 1610 3179 1676 περὶ
3244 1607 3492 1667 ἐναντῐας
3555 1607 3790 1664 πίστεως
3825 1600 3892 1673 ἦν
3947 1604 4008 1653 τὸ

2427 1706 2660 1772 κώλυμα
2690 1703 2785 1756 καὶ
2827 1701 3138 1768 ἀνατροπῆς
3197 1699 3298 1767 τῆς
3353 1693 3522 1764 ὀρθῆς
3572 1695 3831 1754 πίστεως,
3887 1694 4006 1743 ἐπεὶ

2426 1799 2517 1848 καὶ
2547 1797 2644 1864 μία
2673 1795 2853 1854 πίστις
2882 1795 3021 1854 ἐστὶ,
3083 1791 3179 1842 καὶ
3213 1787 3511 1855 παρίστησι
3541 1784 3698 1836 τοῦτο
3757 1785 3784 1835 ό
3821 1784 4005 1851 μακα-

2428 1900 2540 1951 ριος
2599 1883 2809 1943 Παῦλος
2843 1881 3038 1947 λέγων,
3073 1872 3183 1940 Εἲς
3223 1878 3461 1941 Κύριος,
3516 1877 3618 1938 μία
3670 1874 3893 1935 πίστις.
3943 1873 4003 1922 Ei

2349 2002 2388 2055 Β
2419 1970 2515 2027 οὖν
2552 1974 2648 2040 μία
2681 1971 2887 2032 πίστις,
2929 1970 3147 2029 πάντως
3191 1969 3223 2035 ἡ
3253 1967 3419 2034 ἑτέρα
3470 1963 3711 2016 ἐναντία.
3749 1963 3857 2015 Καὶ
3914 1963 4002 2014 οὑ-

2418 2068 2531 2128 δεὶς
2559 2067 2671 2118 τῶν
2698 2064 2822 2116 νοῦν
2854 2065 3108 2131 ἐχόντων,
3133 2061 3208 2123 ὡς
3233 2063 3265 2125 ἡ
3300 2059 3461 2126 ἑτέρα
3491 2057 3853 2128 προστεθεῖσα
3909 2057 3998 2106 πί-

2417 2158 2762 2227 στιςάληθής
2818 2159 2992 2218 ἐστιν,
3036 2153 3157 2214 ἐπεὶ
3219 2153 3317 2220 μία
3381 2152 3526 2202 ἐστὶν
3573 2151 3604 2218 ή
3646 2148 3874 2218 ἀληθής.
3907 2147 3998 2200 Διὸ

2411 2252 2510 2320 τὴν
2537 2249 2784 2302 ἐναντίαν
2814 2250 2910 2301 καὶ
2951 2248 3208 2316 Μάξιμος
3237 2249 3263 2300 ὁ
3298 2246 3445 2314 ίερδς
3473 2245 3797 2314 ἀποπέμπει
3823 2261 3995 2314 προσ-

2412 2345 2608 2413 θήκην,
2642 2344 2743 2413 τὴν
2765 2343 2820 2394 δὲ
2852 2341 3026 2413 ἁληθῆ
3067 2343 3162 2393 καὶ
3219 2340 3602 2409 προσδέχεται..
3672 2337 3782 2390 Καὶ
3833 2336 3996 2389 τοῦτο

2412 2437 2572 2506 δῆλον
2596 2437 2661 2489 ἂν
2697 2437 2760 2486 ἐκ
2791 2435 2883 2487 τοῦ
2926 2435 3190 2500 Διαλόγου
3227 2432 3393 2486 αὑτοῦ
3456 2433 3591 2499 πρὸς
3651 2431 3742 2483 τὸν
3778 2432 3846 2482 τὰ
3897 2430 3993 2483 τοῦ

2413 2531 2882 2598 Πνευματομάχου
2922 2526 3259 2580 Μακεδονίου
3323 2527 3648 2596 φρονοῦντα,
3711 2526 3769 2578 ἐν
3810 2517 3854 2590 ᾧ
3899 2524 3992 2578 τοῦ

2424 2625 2742 2697 Ὀρθοδόξου
2791 2624 3065 2692 λέγοντος,
3134 2640 3154 2671 ι
3194 2623 3492 2687 Κατὲγνων
3523 2621 3618 2689 τῆς
3652 2620 3987 2689 προσθήκης.

2408 2714 2478 2790 ἧς
2509 2719 2893 2787 προσεθήκατε
2956 2718 3011 2767 ἐν
3043 2718 3109 2784 τῇ
3142 2714 3358 2766 ἐκθέσει
3390 2712 3484 2764 τοῦ
3541 2711 3866 2764 Λουκιανοῦ·
3897 2717 3990 2764 καὶ

2409 2814 2518 2882 ἔχω
2549 2812 2743 2874 δεῖξαι,
2768 2815 2849 2862 ὅτι
2885 2809 3270 2878 προσεθήκατε
3312 2805 3556 2859 ἐναντίον
3594 2805 3767 2872 αὐτῆς
3793 2819 3806 2833 ⁸
3852 2823 3868 2855 ι
3895 2805 3988 2856 τοῦ

2405 2905 2460 2957 δὲ
2519 2903 2586 2955 τὰ
2657 2899 3065 2955 Μακεδονιανοῦ
3149 2897 3475 2968 φρονοῦντος
3535 2896 3989 2961 ἀντεπάγοντος,

2412 2996 2647 3064 «Ὑμεὶς
2680 3001 2787 3063 γὰρ
2842 2995 2901 3046 οὐ
2946 2993 3326 3061 προσεθήκατε
3387 2993 3451 3059 τῇ
3502 2992 3558 3042 ὲν
3615 2989 3854 3058 Νικαίᾳ;
3897 3008 3915 3038 ι
3961 2989 3988 3039 ό

2420 3089 2736 3158 Ὀρθόδοξος
2768 3087 2904 3156 πρὸς
2931 3084 3088 3137 τοῦτο
3114 3100 3127 3115 ⁸
3166 3102 3184 3133 ι
3229 3083 3370 3134 Ἀλλ’
3391 3083 3490 3134 οὐκ
3515 3083 3734 3134 ἐναντία
3764 3080 3926 3147 αὐτῇ.
3967 3098 3978 3129 ι

2406 3184 2517 3237 Καὶ
2549 3181 3014 3249 ἕτιέκδηλότερον
3051 3180 3078 3230 ὁ
3133 3176 3296 3237 αὐτὸς
3351 3177 3505 3243 ἅγιος
3559 3173 3772 3241 τῖθησιν
3804 3175 3862 3223 ἐν
3920 3176 3988 3239 τῇ

2405 3272 2572 3326 αὐτοῦ
2613 3271 2863 3339 συντόμῳ
2896 3267 3183 3337 ὁμολογίᾳ,
3219 3267 3286 3334 ἣν
3324 3267 3563 3316 ποιεῖται
3611 3264 3751 3328 ὑπὲρ
3789 3262 3888 3330 τῆς
3933 3264 3990 3312 ἐν

701 3357 1054 3425 principium,
1095 3359 1231 3413 Cum
1280 3362 1577 3416 admodum
1630 3380 1915 3432 generose,
1963 3379 2056 3422 aut
2090 3370 2296 3438 ignavi-
2323 3349 2369 3412 ο
2402 3368 2463 3420 Χι

2226 3371 2296 3423 vi-
2323 3349 2369 3412 ο
2402 3364 2710 3434 Χαλκηδόνι
2740 3363 2986 3427 συνόδου,
3017 3355 3084 3430 ἦς
3118 3361 3152 3429 ή
3182 3359 3348 3428 ἁρχὴ,
3388 3358 3544 3409 Ἐπεὶ
3585 3356 3639 3407 δὲ
3691 3355 3812 3407 λίαν
3864 3372 3988 3421 γεν-

700 3459 807 3516 ter,
835 3463 890 3505 ut
921 3453 1105 3521 aptius
1143 3455 1398 3524 eloquar,
1448 3465 1572 3526 post
1622 3474 1792 3527 pauca
1824 3475 1838 3512 :
1879 3479 1897 3511 ι
1929 3460 2067 3526 Quis
2105 3463 2291 3532 igitur,

698 3551 751 3596 et
800 3543 867 3598 de
895 3546 1099 3614 quibus
1130 3548 1488 3604 criminatio?
1519 3549 1931 3614 Asserit,aliam
1954 3553 2074 3606 tidei
2101 3554 2292 3609 defini‘

708 3635 909 3690 tionem
939 3638 1215 3692 diversam
1249 3641 1316 3694 ab
1341 3657 1404 3695 ea
1440 3657 1562 3710 qua:
1601 3643 1654 3697 in
1698 3655 1886 3698 sancta
1923 3644 2145 3701 Nata-na
2207 3663 2296 3718 sy-

704 3729 849 3780 nodo
878 3729 1076 3782 tradita
1113 3743 1197 3785 est
1231 3748 1257 3784 ιι
1285 3735 1496 3786 sanctis
1524 3743 1838 3788 tercentum
1867 3737 2053 3790 decem
2086 3749 2138 3791 et
2169 3747 2292 3792 octo

701 3820 962 3878 Patribus
996 3824 1430 3879 introduxisse.»
1461 3824 1558 3880 Rei
1580 3842 1802 3896 quoque
1837 3832 2292 3896 peraccommoda

696 3912 838 3974 erit,
904 3929 967 3966 ex
1017 3912 1312 3984 Florilegio
1344 3929 1374 3970 e
1412 3917 1662 3984 cujusvis
1709 3920 1926 3988 generis
1959 3921 2115 3976 libris
2163 3936 2292 3976 eon-

694 4020 712 4053 ι
732 4005 922 4059 innato
947 4007 1129 4060 Pliotii
1150 4008 1774 4080 Constantinopolitani,
1817 4011 2028 4084 Eulogii
2055 4016 2292 4083 patriar-

699 4095 817 4148 chae
848 4096 1212 4154 Alexandrini
1249 4101 1550 4164 sententia,
1603 4102 1878 4173 habetque
1931 4120 1991 4159 se
2044 4106 2194 4161 hunc
2238 4111 2289 4162 in

691 4193 917 4245 modum
951 4212 965 4247 :
998 4213 1015 4245 ι
1072 4194 1178 4250 Sed
1218 4197 1606 4253 limreticormn
1643 4215 1836 4255 rursus
1864 4204 2087 4257 vesania
2124 4221 2291 4273 quar-

689 4292 802 4336 tam
838 4288 1092 4355 synoduu
1141 4288 1494 4354 criminatur,
1520 4293 1667 4361 quod
1706 4293 1992 4349 decretum
2030 4297 2285 4364 ediderit,

686 4380 1125 4448 contonditque,
1202 4382 1369 4436 talem
1442 4392 1704 4439 conatum
1752 4402 1782 4439 a
1831 4388 2007 4457 prima
2077 4393 2287 4461 synodo

688 4465 890 4535 Ephesi
919 4469 1106 4522 habita
1127 4474 1351 4526 camino
1368 4475 1706 4542 proliibitum
1733 4476 1926 4533 fuisse.
1955 4480 2020 4533 Et
2048 4481 2191 4544 licet,
2212 4483 2280 4549 si,

695 4568 752 4611 ut
779 4560 878 4628 ipsi
919 4573 1217 4636 uagantur,
1255 4567 1532 4634 synodum
1570 4569 1792 4638 quidvis
1824 4572 1972 4628 aliud
2000 4575 2280 4629 decretum

692 4653 997 4721 producere
1027 4656 1222 4721 vetuit,
1260 4657 1378 4712 [nec
1410 4667 1538 4714 ante
1563 4663 1701 4718 alias
1727 4674 1916 4718 contra
1939 4681 1998 4720 se
2019 4668 2280 4722 eonderm

685 4746 928 4802 nationis
963 4749 1302 4805 sententiam
1349 4755 1578 4820 protulit
1608 4773 1622 4810 :
1659 4756 2020 4814 defmitenim
2062 4761 2165 4815 hoc
2197 4762 2278 4830 ip—

680 4852 800 4892 sum
832 4838 1169 4908 decernens,
1196 4844 1341 4914 quod
1379 4848 1528 4901 nulla
1564 4849 1673 4902 alia
1728 4864 1857 4906 ante
1879 4853 2054 4922 ipsam
2083 4853 2275 4909 delini-

673 4930 770 4983 vit.
822 4929 926 4984 Sed
958 4932 1303 5002 liypostatica
1334 4938 1603 5007 siquidem
1659 4941 1793 4995 unio
1828 4943 1993 5011 hujus
2028 4952 2113 4998 est
2147 4954 2273 5008 vox,

677 5021 745 5075 de
779 5038 885 5092 qua
961 5025 1304 5095 antiquiores
1379 5029 1575 5100 synodi
1619 5033 1696 5086 nil
1753 5044 2071 5092 sanxerant.
2130 5034 2272 5102 Quin

688 5125 743 5168 ιιι
770 5117 1434 5190 Constantinopolitanam
1463 5133 1684 5179 centum
1724 5131 2126 5196 quinquaginta
2167 5128 2274 5184 Pa-

679 5219 824 5263 trum
881 5215 1000 5266 suis
1035 5212 1136 5282 ipsi
1169 5215 1337 5284 nugis
1381 5217 1660 5284 rejiciunt,
1692 5227 1747 5273 et
1807 5221 2203 5286 condemnant,
2240 5236 2267 5275 a

669 5319 779 5380 qua
825 5303 1110 5376 profligata
1152 5317 1238 5362 est
1284 5307 1550 5380 Spiritum
1599 5313 2037 5382 oppugnantium
2098 5315 2269 5369 barre-

671 5398 770 5460 sis,
811 5409 867 5450 et
897 5399 1098 5454 additis
1114 5398 1336 5457 Nieaeno
1360 5400 1627 5473 Symbolo
1655 5405 1838 5461 verbis
1857 5407 1924 5460 de
1939 5410 2116 5462 sancti
2139 5407 2232 5477 Spi
2251 5437 2268 5448 -

674 5493 815 5550 ritus
864 5494 1178 5561 divinitate,
1220 5497 1356 5552 ﬁdes
1391 5507 1760 5568 congruenter
1825 5498 2099 5568 explicata
2157 5510 2262 5556 est.

669 5588 728 5641 Si
767 5591 916 5644 enim
961 5592 1340 5661 praecedentes
1398 5594 1723 5663 apponendo
1777 5593 2263 5664 reprehensionem

669 5683 962 5756 eﬂugiunt,
1000 5702 1178 5758 neque
1203 5690 1326 5745 illas
1355 5692 1673 5746 subsecutae
1702 5690 1754 5744 in
1787 5691 2063 5745 similibus
2105 5691 2267 5746 dissi-

668 5779 875 5832 militer
909 5779 1370 5848 vituperationem
1407 5783 1711 5838 incurrent.
1753 5781 1842 5837 Sic
1869 5782 2262 5852 desipientium

667 5887 826 5926 mens
857 5874 1040 5926 omnia
1080 5876 1403 5931 commiscet
1428 5886 1478 5930 et
1512 5877 1716 5932 turbat.
1755 5875 2029 5945 Epliesina
2056 5879 2264 5933 ctenim

2404 3461 2570 3523 ναίως
2651 3459 2684 3528 ἢ
2756 3456 2967 3519 ἀτενῶς
3015 3456 3195 3506 εἰπεῖν
3268 3453 3637 3518 οἰκειότερον,
3687 3451 3782 3502 καὶ
3851 3450 3986 3516 μετέ

2398 3573 2520 3608 τινα
2541 3570 2556 3585 ⁸
2597 3555 2724 3616 ιΤίς
2752 3548 2972 3619 οῦνᾶρα
3002 3549 3094 3601 καὶ
3123 3546 3253 3616 περὶ
3286 3547 3448 3598 τίνων
3476 3545 3507 3612 ἠ
3537 3543 3831 3610 ἔγκλησις;
3861 3542 3984 3594 Ὀτι

2399 3650 2476 3712 δὲ,
2510 3647 2696 3716 φησιν,
2729 3645 2887 3696 ἄλλον
2917 3643 3160 3702 πίστεως
3188 3639 3312 3707 ὅρον
3347 3635 3501 3703 παρὰ
3533 3634 3624 3686 τὸν
3677 3635 3732 3685 ἐν
3777 3631 3982 3700 Nini;

2401 3742 2534 3810 ἁγίᾳ
2571 3737 2776 3804 συνόδῳ
2802 3735 3028 3787 τεθέντα
3064 3733 3127 3784 ἐκ
3153 3729 3262 3782 τῶν
3298 3727 3468 3793 ἁγίων
3497 3722 3827 3791 τριακοσῖων
3851 3722 3984 3772 δέκα

2401 3835 2495 3885 καὶ
2531 3830 2676 3882 ὀκτὼ
2709 3829 2973 3895 ιΙατέρων
3011 3827 3332 3892 εἰσήγαγεν.
3377 3841 3394 3871 ι
3448 3820 3606 3872 Ἀλλὰ
3649 3818 3742 3869 καὶ
3774 3819 3837 3867 ἐκ
3886 3815 3984 3882 si};

2402 3919 3004 3997 βιϐλιοπανσυλλέκτου
3038 3916 3430 3983 Ἀνθολογίας
3456 3913 3662 3964 Φωτὶιιυ
3695 3911 3985 3962 Κώνσταν-

2399 4019 2766 4077 τινουπόὶεως
2799 4015 2893 4066 καὶ
2917 4014 2976 4064 τὸ
3015 4010 3110 4062 τοῦ
3148 4009 3409 4072 Eum-{Eoo
3452 4004 3796 4074 πατριάρχου
3838 4002 3987 4052 Ἀλε-

2400 4111 2688 4182 ξανδρείας
2747 4106 3116 4176 προκείμενον
3164 4101 3286 4153 λίαν
3329 4101 3614 4169 ἁρμόζειν.
3655 4097 3810 4164 Ἔχει
3875 4094 3983 4162 γὰρ

2396 4201 2603 4267 οὕτως·
2648 4219 2666 4251 ι
2693 4198 2853 4252 Ἀλλὰ
2889 4194 3119 4264 γὰριτῆς
3153 4193 3425 4260 αίρέσεως
3467 4190 3631 4242 πάλιν
3662 4191 3693 4258 ή
3751 4187 3984 4240 ἀπόνοια

2393 4297 2495 4363 τὴν
2530 4291 2799 4360 τετάρτην
2842 4289 3121 4357 μέμφεται
3161 4281 3406 4344 σύνοδον,
3443 4281 3519 4342 ώς
3569 4279 3696 4348 ὅρον
3751 4275 3977 4343 ἐκθεμέ-

2395 4402 2514 4452 νην,
2546 4380 2960 4450 διατεινομένην
2991 4380 3091 4446 τὴν
3122 4375 3384 4444 τοιαύτην
3444 4373 3817 4441 ἐπιχεὲρησιν,
3872 4368 3975 4422 ὑπὸ

2390 4477 2490 4544 τῆς
2530 4474 2674 4529 κατὰ
2700 4475 2800 4542 τὴν
2836 4471 3074 4539 Ἔφεσον
3110 4468 3335 4534 πρώτης
3395 4464 3640 4525 συνόδου,
3695 4461 3975 4524 παντελῶς

2391 4567 2879 4625 ἁποκεκωλῦσθαι.
2915 4566 3109 4616 Καίτοι
3132 4581 3194 4631 γε
3221 4564 3270 4615 εί
3298 4561 3442 4614 κατὰ
3476 4559 3569 4612 τὸν
3599 4557 3763 4626 λῆρον
3812 4555 3975 4612 αὑτὸν

2391 4661 2718 4730 ἀπεῖργενή
2755 4656 2972 4721 σύνοδος
3011 4657 3202 4726 ἕτερον
3223 4657 3350 4725 ὅρον
3398 4652 3646 4723 μηδόλως
3683 4651 3969 4719 προάγειν,

2383 4752 2523 4821 αὑτὴ
2556 4750 2678 4804 καθ’
2709 4752 2914 4818 ἑαυτῆς
2971 4750 3076 4818 πρὸ
3117 4748 3227 4801 τών
3260 4747 3436 4799 ἄλλων
3491 4747 3591 4813 τὴν
3639 4742 3971 4806 δικάζουσα-ι

2380 4843 2644 4912 ἐξήνεγκε
2683 4840 2886 4910 ψῆφον.
2933 4841 3140 4911 Ὀρίζει
3166 4843 3276 4909 γὰρ
3321 4839 3457 4893 αὐτὸ
3488 4837 3648 4891 τοῦτο
3695 4837 3967 4898 τυποῦσα.

2380 4938 2410 4990 ὃ
2451 4936 2575 5008 μηδ’
2605 4937 2770 5004 ἑτέρα
2802 4935 2913 4989 τῶν
2949 4936 3056 5006 πρὸ
3087 4937 3256 5003 αὐτῆς
3287 4933 3606 5003 διωρίσατο.
3657 4931 3822 4985 Ἀλλὰ
3876 4932 3971 4984 καὶ

2380 5035 2414 5102 ἠ
2445 5030 2567 5083 καθ’
2602 5031 2918 5084 ὑπόστασιν
2951 5029 3152 5093 ἓνωσις
3209 5028 3382 5096 αὐτῆς
3417 5029 3566 5080 ἐστιν
3599 5026 3749 5096 ὅρος,
3775 5024 3804 5078 ὃ
3849 5026 3972 5088 ταῖς

2383 5126 2797 5196 πρεσϐυτέραις
2863 5129 2975 5174 τῶν
3038 5121 3278 5173 συνόδων
3334 5122 3396 5171 οὐ
3423 5117 3734 5188 διώρισται.
3770 5120 3876 5172 Ναὶ
3904 5118 3969 5189 δὴ

2380 5221 2473 5272 καὶ
2500 5218 2603 5290 τὴν
2635 5222 2692 5271 ὲν
2730 5214 3307 5270 Κωνσταντινουπόλει
3362 5214 3472 5267 τῶν
3510 5213 3707 5266 ἑκατὸν
3770 5213 3970 5280 revrt-

2379 5327 2551 5365 κοντα
2589 5309 2764 5377 ἁγίων
2796 5310 3062 5378 Πατέρων
3089 5306 3147 5370 ἐξ
3175 5300 3251 5361 ὧν
3279 5306 3437 5360 αὑτοῐ
3486 5304 3714 5374 ληροῦσι
3773 5321 3961 5374 παρα-

2375 5407 2672 5477 γράφεται.
2697 5405 2802 5456 Τὸν
2834 5401 3304 5472 Πνευματσμάχον
3343 5401 3455 5471 γὰρ
3485 5399 3627 5471 αὕτη
3659 5399 3966 5453 καθελοῦσα

2485 5471 2626 5553 κατὰ
2670 5498 2769 5568 τὴν
2802 5471 3039 5552 Νίκαιαν
3096 5471 3476 5566 ἐκφωνηθέντι
3515 5496 3630 5566 ὅρῳ
3683 5493 3783 5564 τὴν
3839 5494 3968 5563 περὶ

2376 5593 2470 5646 τοῦ
2502 5592 2658 5659 ἁγίου
2688 5591 3006 5661 Πνεύματος
3038 5590 3321 5658 θεολογίαν
3347 5588 3649 5658 προσθεῖσα
3680 5588 3965 5657 συνήρμο-

2381 5705 2490 5741 σεν.
2527 5688 2587 5740 Εἰ
2619 5688 2727 5756 γὰρ
2761 5689 2817 5739 αι
2848 5686 3218 5756 προλαὸοῦσαι
3245 5685 3627 5754 προστιθεῖσαι
3653 5683 3743 5735 τὸν
3777 5679 3967 5750 μῶμον

2385 5783 2776 5851 ἐκφεύγουσιν,
2806 5780 2929 5833 οὐδὲ
2972 5781 3029 5834 at
3067 5782 3186 5849 μετ’
3245 5780 3421 5843 αὑτὰς
3482 5780 3539 5832 ἐν
3597 5779 3710 5838 τοῖς
3756 5775 3965 5844 ὁμοίοις

2380 5875 2649 5944 ἀνομοίως
2677 5875 2863 5938 ἕξουσι
2899 5876 2992 5944 τὴν
3028 5878 3397 5942 κιατᾲγνωσιν.
3432 5872 3590 5927 Οὕτω
3623 5871 3681 5925 τὸ
3705 5871 3966 5923 ἀσύνετον

3912 365 4018 448 232

2445 782 2538 832 καὶ
2587 779 2877 848 όμοούσιος
2916 780 3047 846 ἡμῖν
3078 779 3217 829 κατά
3260 777 3359 843 τὴν
3418 775 3837 843 ἁνθρωπότητσ.
3906 773 4013 824 Καὶ

3146 873 3446 940 ἐπάγουσιν
3458 891 3470 902 ·
3515 871 3749 922 Τούτων
3806 869 4015 920 τοίνυν
