4462 6450
491 419 594 482 £33

1607 419 1701 477 AD
1755 419 2119 478 IMPERAT.
2163 416 2642 476 TRAI’EZUNT.

3628 421 3734 486 253i

491 540 665 592 πάντα
696 538 857 606 φύρει
893 538 986 591 καὶ
1015 535 1350 606 διαστρέφει.
1385 537 1493 590 Καὶ
1524 538 1631 606 γὰρ
1686 540 1717 608 ἡ
1759 540 1817 589 ὲν
1845 539 2060 606 Ἐφέσῳ
2094 542 2136 596 Α
2167 551 2253 604 syr'

1986 555 2060 606 σῳ
2094 542 2136 596 Α
2167 536 2410 604 synodus
2431 537 2590 589 ﬁdem
2616 535 2835 604 quidem
2859 535 3040 602 aliam,
3058 538 3214 607 cujus
3240 538 3491 610 dogmata
3513 541 3738 600 Nicaeus:

493 629 711 691 σύνοδος
747 629 930 680 πίστιν
956 629 1053 697 μὲν
1077 630 1296 695 ἑτέραν,
1331 623 1398 698 ἦς
1449 628 1671 680 ἐναντία
1701 631 1767 680 τὰ
1817 630 2064 695 δόγματα

491 721 627 790 πρὸς
653 722 751 789 τὴν
775 723 833 772 ὲν
875 718 1079 788 Νικαίᾳ
1125 719 1433 788 καθέστηκε
1486 719 1725 779 σύνοδον.
1784 719 2065 780 παντελῶς

488 812 804 865 ἐκτίθεσθαι
833 813 1162 864 διεκώλυσεν
1189 829 1202 842 ·
1241 812 1537 881 ἀκηράτων
1576 813 1632 863 δὲ
1663 812 1769 863 τῶν
1806 813 1860 864 ὲν
1924 813 2062 877 αὐτῇ

491 902 837 970 σωζομένων,
899 902 1043 969 ἆπερ
1087 904 1114 953 6
1174 903 1366 970 καιρὸς
1412 903 1636 954 ἀπαιτεῖ
1686 900 2061 969 προστιθέναι,

488 995 654 1062 αὐτῆς
686 1010 746 1045 τε
776 993 1000 1060 γέγονεν
1035 993 1219 1062 ἔργον,
1253 995 1346 1044 καὶ
1379 992 1487 1044 τῶν
1513 993 1859 1062 πραγμάτων
1888 993 1920 1061 ἡ
1958 991 2063 1060 φύ-

491 1104 575 1148 σις
622 1086 962 1148 διδάσκαλος,
1013 1087 1106 1137 καὶ
1137 1085 1238 1154 τῆς
1279 1085 1610 1155 Ἐκκλησίας
1654 1087 1852 1155 ὁρᾶται
1905 1085 2062 1137 τοῦτο

490 1175 793 1244 στέργουσα
819 1173 908 1227 διὰ
967 1173 1232 1242 παντὸςὴ
1279 1174 1605 1242 παράδοσις.
1642 1173 1735 1226 Διὸ
1775 1173 1872 1226 καὶ
1918 1173 2058 1226 κατὰ

486 1265 584 1332 τὴν
628 1263 1041 1331 Ἀλεξάνδρειαν
1070 1263 1224 1316 οὔπω
1249 1264 1345 1331 τῆς
1398 1266 1792 1334 οἱκουμενικῆς
1823 1279 2060 1332 συγκρο-

486 1355 747 1424 τηθείσης
783 1355 1032 1418 συνόδου,
1060 1357 1184 1418 τοὺς
1217 1357 1274 1407 ἐν
1308 1355 1445 1424 αὐτῇ
1472 1357 1576 1407 τῶν
1601 1356 1794 1425 ἱερέων
1823 1355 2054 1420 λογάδας

485 1449 512 1499 6
579 1447 870 1508 θεσπέσιος
928 1446 1200 1515 Κύρι).λος
1261 1446 1682 1514 ἁθροισάμενος,
1726 1449 1821 1501 καὶ
1874 1448 2058 1500 πίστιν

484 1539 801 1607 δ.αθέμενος
829 1540 1108 1608 ἔγγραφον
1152 1540 1228 1607 τῷ
1282 1539 1566 1607 Νεστορίῳ
1621 1539 1980 1609 διεπέμψατο,
2034 1557 2052 1590 ι

487 1633 592 1682 Καὶ
643 1633 670 1683 6
726 1632 881 1697 ἅγιος
923 1632 1246 1701 Ἐφραίμιος
1308 1631 1657 1700 πατριάρχης
1725 1630 2054 1699 Ἀντιοχείας

489 1722 660 1790 φησί’
698 1740 714 1770 ι
757 1722 928 1774 Πάλιν
975 1722 1032 1773 δὲ
1069 1723 1478 1791 ἐπηρεάζουσιν
1531 1725 1580 1774 οἱ
1631 1724 1895 1792 αἱρετικοὶ
1958 1724 2055 1790 τὴν

484 1812 749 1880 τετάρτην
774 1812 1014 1873 σύνοδον,
1048 1811 1320 1877 λέγοντες,
1342 1811 1418 1873 ὡς
1446 1812 1824 1880 ἐδογμάτισεν,
1865 1812 2053 1880 μηδενὶ

2168 631 2439 683 centraria
2471 640 2676 691 essent,
2708 631 2934 683 omnino
2958 632 3152 700 ειρυιιί
3189 633 3379 685 vetuit.
3419 631 3581 690 Puris
3611 651 3741 689 vero

2169 729 2332 787 atque
2367 721 2668 783 inviolatis,
2704 737 2826 790 quae
2859 722 2912 776 in
2950 737 3011 775 ea
3043 733 3191 786 sunt,
3225 726 3476 791 servatis,
3499 742 3620 796 qua:
3653 743 3744 783 oc-

2165 812 2313 865 casio
2370 812 2608 881 postulat
2665 813 3186 881 apponenda,sicut
3220 816 3448 883 ipsamet
3507 818 3740 880 addidit,

2169 905 2343 958 hocet
2380 919 2562 957 rerum
2591 917 2786 958 natura
2825 908 3086 976 magistra
3141 907 3318 973 docet,
3375 918 3431 962 et
3483 909 3741 965 Ecclesia:

2169 1013 2302 1052 usus
2360 997 2580 1051 videtur
2645 1012 2754 1051 non
2801 999 3077 1067 reiecisse.
3122 999 3305 1065 Quare
3343 1009 3399 1053 et
3441 1000 3735 1054 Alexandri

2167 1087 2405 1141 nondum
2433 1089 2765 1142 mcutneniea
2797 1091 3008 1158 synodo
3041 1099 3249 1153 coacta,
3317 1090 3561 1146 delectos
3596 1093 3650 1146 in
3675 1109 3735 1146 ea

2162 1179 2472 1232 sacerdotes
2490 1178 2704 1234 divinus
2722 1178 2955 1250 Cyrillus
2975 1195 3332 1250 congregans,
3352 1192 3405 1236 et
3425 1183 3583 1237 [idern
3607 1183 3740 1236 scri-

2161 1277 2306 1337 ptam
2325 1269 2639 1338 disponens,
2659 1270 2914 1327 Nestorio
2936 1272 3105 1326 misit.
3126 1292 3141 1323 ι
3169 1275 3417 1328 Etsaueti
3446 1276 3739 1346 Epiri-aemii

2161 1358 2479 1426 patriarcha:
2496 1362 2853 1415 Antiocheni:
2886 1380 2903 1412 ι
2932 1364 3280 1417 Eeceiterum
3298 1375 3550 1432 quartam
3580 1382 3744 1435 syno-

2161 1449 2291 1503 dum
2313 1451 3003 1516 calumnianturhteretici,
3027 1463 3285 1522 tanquam
3318 1470 3438 1524 qua:
3472 1457 3740 1520 docuerit,

2161 1538 2451 1594 nonlicere
2488 1539 2645 1594 alicui
2679 1539 2941 1610 proferre,
2976 1550 3065 1594 aut
3100 1543 3363 1609 scribere,
3403 1555 3742 1614 autcompo-

2165 1649 2316 1696 nere,
2357 1643 2451 1686 aut
2488 1644 2674 1688 tenere
2726 1634 2886 1687 aliam
2923 1635 3081 1688 ﬁdem
3126 1645 3321 1704 praeter
3351 1652 3468 1690 eam
3489 1654 3650 1705 quam
3675 1653 3739 1692 ea

2157 1725 2432 1794 exposuit.
2485 1725 2548 1778 Et
2610 1733 2790 1779 tamen
2839 1724 2894 1778 id
2957 1727 3196 1796 synodus
3240 1743 3345 1781 non
3399 1729 3739 1790 decreverat.

2157 1818 2408 1885 quamvis
2426 1817 2479 1869 id
2501 1817 2741 1870 haeretici
2761 1817 3234 1885 impudentissime
3255 1819 3609 1874 mentiantur.
3633 1820 3738 1874 Sed

483 1900 685 1964 ἐξεῖναι
723 1900 1044 1970 προφέρειν,
1085 1903 1116 1970 ἦ
1147 1903 1514 1970 συγγράφειν,
1544 1900 1576 1970 ἢ
1635 1902 1937 1955 συντιθέναι
1965 1903 2055 1954 πί·
2089 1891 2128 1945 Β
2158 1923 2245 1963 ear

1975 1903 2055 1954 πί·
2089 1891 2128 1945 Β
2158 1923 2276 1963 eam
2297 1909 2477 1973 ﬁdem,
2504 1925 2662 1978 quam
2692 1909 2918 1963 trecenti
2943 1909 3244 1963 octodecim
3271 1909 3458 1964 Patres
3483 1927 3737 1966 asserue-

486 2008 604 2042 στιν
629 1992 848 2060 ἑτέραν,
884 1992 916 2054 ἦ
947 1996 1186 2059 φρονεῖν,
1220 1992 1351 2060 παρ’
1389 1994 1454 2061 ἣν
1480 1992 1694 2055 ἐξέθετο
1723 1994 1882 2062 αὐτή.
1920 1995 2056 2046 Καί-

483 2084 648 2135 τοιού
689 2082 848 2153 τοῦτο
882 2085 913 2150 ἡ
945 2083 1158 2144 σύνοδος
1186 2084 1502 2151 διωρίσατο,
1548 2084 1651 2135 κᾶν
1680 2083 2054 2152 ἀναισχύντως

481 2169 626 2224 οὗτοι
651 2173 1116 2240 καταψεύδωνται.
1157 2173 1318 2224 Ἀλλά
1350 2176 1448 2242 τὴν
1478 2175 1680 2234 πίστιν,
1719 2175 1786 2243 ἦν
1816 2175 1863 2226 οἱ
1897 2191 2051 2242 τρια-

482 2263 654 2314 κόσιοι
689 2262 820 2315 δέκα
858 2264 949 2316 καὶ
985 2263 1131 2315 ὀκτὼ
1161 2264 1401 2333 Πατέρες
1443 2267 1708 2330 ἐξέθεντο,
1748 2267 1964 2334 τιμῶσά
1994 2283 2050 2317 τε

483 2356 577 2406 καὶ
606 2354 967 2419 θεσπίζουσα,
1012 2355 1164 2424 παρὰ
1187 2357 1393 2424 ταύτην
1429 2357 1596 2425 ἔφησε
1636 2359 1824 2427 μηδενὶ
1849 2359 2050 2422 ἐξεῖναι

486 2447 779 2515 προφέρειν
801 2448 995 2512 ἑτέραν
1041 2447 1244 2512 πίστιν,
1273 2465 1289 2498 ι
1312 2450 1403 2500 καὶ
1434 2449 1500 2500 τά
1533 2450 1852 2503 {indicatam
1885 2453 2050 2520 Δῆλον

478 2537 537 2589 δέ
561 2540 710 2589 ἐστιν
747 2537 804 2600 ἐξ
832 2539 1013 2589 αὐτῶν
1071 2539 1309 2607 μάλιστα
1339 2542 1447 2592 τῶν
1504 2543 1795 2594 συνοδικῶν
1835 2544 2046 2610 φωνῶν,

477 2622 554 2679 ὧν
578 2630 672 2680 καὶ
711 2629 872 2696 μόνον
935 2630 1480 2700 ἀναγινωσκομένων,
1530 2633 1650 2685 οὐδὲ
1707 2639 1835 2700 μιᾶς
1885 2635 2049 2703 ἄλλης

475 2718 681 2770 δεῖσθαι
717 2721 1154 2790 κατασκευῆς,ῆ
1217 2724 1526 2785 συστάσεως
1598 2725 1962 2793 ἐπιδειχθεῐσα
2015 2727 2044 2794 ἡ

478 2810 729 2876 ἀλήθεια.
765 2813 872 2862 Καὶ
897 2813 992 2881 οὐχ
1021 2812 1190 2882 ὥρισε
1243 2814 1344 2882 μὲν
1374 2816 1551 2881 τοῦτο,
1612 2818 1815 2887 ἔπραξε
1849 2819 1904 2869 δὲ
1953 2819 2047 2870 άλ-

479 2902 607 2967 λως,
639 2903 756 2954 ἀλλ’
777 2902 854 2964 ὡς
889 2902 1114 2971 ὥρισεν,
1145 2905 1316 2966 οὕτως
1344 2908 1617 2975 πανταχοῦ
1657 2912 1749 2960 καὶ
1787 2910 2048 2978 διαπρατ-

475 2997 676 3061 τομένη
711 2993 1006 3058 λογίζεται.
1034 2996 1139 3046 Καὶ
1172 2995 1280 3062 γὰρ
1313 2998 1440 3057 τοὺς
1469 3001 1534 3065 τῇ
1589 2999 1845 3070 εύσεὸεία
1876 3020 2047 3071 προσ·

479 3088 658 3145 ιὸντας
688 3087 788 3136 οὐκ
821 3087 947 3136 ἄλλο
975 3086 1268 3154 σύμϐολο),
1304 3087 1450 3139 ἀλλὰ
1489 3092 1546 3140 τὸ
1576 3091 1683 3141 τῶν
1719 3096 2044 3160 τριακοσίων

475 3174 608 3225 δέκα
639 3176 732 3226 καὶ
756 3173 900 3225 ὀκτὼ
926 3177 1099 3241 άγξων
1136 3178 1393 3246 Πατέρων
1448 3180 1758 3234 ἐκδιδάσκει
1796 3187 1888 3235 καί
1937 3203 2042 3236 πα-

479 3264 758 3333 ραδιδωσι.
787 3265 1004 3317 Γέλωτα
1035 3266 1089 3318 δὲ
1118 3269 1319 3336 μᾶλλον
1349 3270 1468 3322 καθ’
1499 3273 1707 3324 ἑαυτῶν
1731 3275 1760 3343 ἢ
1787 3275 2042 3347 δια6.>.ὴν

473 3355 573 3421 τῆς
614 3356 832 3408 συνόδου
869 3359 1213 3426 κατέχουσιν,
1250 3362 1308 3412 ὲν
1361 3356 1442 3423 οἷς
1499 3381 1662 3430 φασιν
1716 3366 1886 3435 αὐτὴν
1940 3368 2043 3420 ὑπὸ

478 3445 690 3497 πολλῶν
717 3447 1096 3514 διασύρεσθαι.
1133 3451 1307 3505 Πόσαι
1345 3454 1452 3523 γὰρ
1483 3457 1582 3524 τῆς
1605 3458 1827 3525 πρώτης
1847 3462 1939 3511 καὶ
1969 3462 2042 3511 ol-

473 3539 802 3608 κουμενικῆς
861 3536 1026 3606 ἁγίας
1080 3541 1301 3594 συνόδου
1361 3549 1619 3599 κατεῖπον
1668 3549 1909 3616 σύνοδοι,
1947 3554 2040 3606 καὶ

470 3627 592 3678 τότε
619 3630 925 3697 ἀρχιερέων
950 3626 1106 3682 οὖσαι
1150 3631 1424 3704 πλήρωμα
1451 3653 1464 3700 ;
1498 3637 1604 3706 Τὴν
1624 3638 1676 3690 δὲ
1707 3642 1812 3692 τῶν
1845 3643 2040 3697 ἑκατὸν

473 3721 840 3786 πεντήκοντα,
873 3721 982 3772 οὐδ’
1017 3725 1066 3774 εἰ
1124 3725 1340 3792 γέγονε,
1379 3732 1520 3790 τινὲς
1578 3731 1684 3781 τῶν
1727 3734 2037 3800 Αἰγυπτίων

469 3810 673 3862 εἰδέναι
713 3812 1006 3881 ἠθέλησαν.
1055 3815 1197 3866 Ἀλλ’
1250 3819 1504 3887 ἐάσωμεν
1565 3823 1624 3873 τὸ
1675 3824 1978 3891 ἀλόγιστον.
2012 3849 2028 3876 ι

470 3901 581 3952 Καὶ
607 3902 769 3956 πάλιν
803 3904 998 3966 ὁθεῖος
1048 3907 1338 3975 Μάξιμος·
1376 3929 1393 3960 ι
1439 3911 1559 3976 Πῶς
1608 3910 1700 3967 οὖν
1747 3916 1847 3984 τὴν
1895 3917 2036 3969 οὕτω

466 3993 644 4046 ταῦτα
677 3994 992 4063 σεδασμίως
1020 3996 1135 4066 ἅμα
1201 4002 1292 4052 καὶ
1343 4001 1682 4070 διαπρυσὶως
1717 4006 1932 4075 δρῶσαν
1978 4028 2034 4061 τε

468 4084 563 4133 καὶ
588 4082 1023 4152 διαγορεύουσαν
1057 4088 1222 4154 ἁγίαν
1257 4092 1313 4141 ὲν
1341 4092 1647 4163 Χαλκηδόνι
1699 4098 1936 4164 σύνοδον,
1960 4099 2036 4162 ῶς

465 4173 925 4247 δια-πεμπομένην
951 4179 1040 4230 τὸν
1071 4181 1167 4248 τῆς
1205 4182 1458 4237 Νικαέων
1500 4187 1624 4256 ὅρον
1661 4192 2034 4258 παραστῆσαι,

471 4265 557 4324 τίς
589 4267 651 4317 ἂν
681 4267 983 4335 ἐξισχύσειε
1028 4270 1268 4337 πώποτε,
1304 4276 1408 4328 κᾶν
1446 4279 1664 4331 πάντων
1793 4282 2036 4352 ποριμώ-

464 4373 625 4420 τατος
668 4364 748 4421 είς
800 4361 1078 4430 ἐξεύρεσιν
1139 4366 1247 4418 τῶν
1299 4368 1388 4421 διά
1447 4371 1673 4436 ψεύδους
1703 4376 1768 4426 τὰ
1799 4377 1874 4442 μὴ
1905 4375 2034 4427 ὄντα

465 4451 604 4498 κατά
651 4449 747 4516 τῆς
796 4452 1031 4520 ἀληθοῦς
1078 4454 1171 4507 καί
1199 4455 1367 4518 ὅντως
1407 4457 1833 4529 πλαττομένων;
1868 4465 1927 4516 Εἰ
1973 4465 2029 4518 δὲ

465 4541 554 4590 καὶ
583 4540 655 4601 ὡς
687 4541 875 4594 τοῦτον
909 4544 1006 4611 μὲν
1035 4546 1313 4615 τηροῦσαν
1367 4549 1623 4618 βεϐαίως,
1653 4552 1726 4615 ὼς
1775 4554 2030 4624 δεύτερον

459 4631 517 4682 δὲ
542 4634 702 4701 τυχὸν
735 4637 1138 4703 ἐπεισάγουσαν
1164 4640 1292 4707 ὅρον
1321 4641 1704 4713 διαλοιδορεῖτε
1764 4648 1859 4698 καὶ
1892 4651 2032 4717 μέμ-

461 4725 647 4790 φεσθε,
676 4726 756 4788 τίς
782 4725 938 4790 οὗτος
972 4730 1312 4799 καθέστηκεν
1345 4736 1372 4785 6
1412 4735 1503 4786 ὑπ’
1525 4737 1694 4806 αὐτῆς
1733 4741 2026 4808 ἐπεισαγό-

461 4833 620 4882 μενος
653 4819 902 4886 δεύτερος
927 4820 1083 4890 ὃρος;
1125 4821 1190 4875 Ἦ
1247 4826 1533 4894 ὁμολογία,
1568 4833 1724 4898 φησι,
1784 4833 1893 4884 τῶν
1935 4835 2029 4887 δύο

460 4908 694 4974 φύσεων,
759 4912 853 4961 καὶ
908 4913 967 4962 ἐν
999 4912 1091 4964 δύο
1139 4915 1334 4981 φύσεσι
1394 4920 1598 4988 φωνῆς.
1647 4924 1722 4974 Οὐ
1775 4925 1883 4992 γάρ
1917 4925 2031 4994 ἔχει

458 5003 660 5068 ταύτην
683 5003 711 5053 6
739 5002 830 5070 τῆς
856 5000 1108 5059 Νικαέων
1153 5009 1299 5079 ὅρος.
1331 5012 1570 5083 Εἰσήχθη
1624 5017 1683 5069 δὲ
1739 5019 2026 5088 προδήλως

457 5093 564 5144 ὑπὸ
593 5094 701 5144 τῶν
752 5097 806 5147 ὲν
837 5092 1144 5168 Χαλκηδόνι
1174 5103 1458 5173 Πατέρων,
1489 5108 1551 5158 ού
1581 5111 1852 5181 πρότερον
1883 5130 2026 5180 γνω-

457 5185 730 5254 ρισθεῖσα,
756 5189 790 5258 ἢ
821 5189 1188 5259 ὀνομασθεῖσα
1221 5200 1372 5268 παρά
1401 5216 1567 5266 τινος.
1600 5203 1722 5257 Ὀτι
1768 5208 1866 5276 μὲν
1905 5210 2026 5263 οὐδὲ

455 5279 614 5332 τοῦτο
648 5281 904 5349 δύνασθε,
939 5291 1297 5358 παραστῆσαι
1341 5294 1518 5364 δῆλον.
1566 5298 1784 5362 Πολλοῖς
1823 5318 1881 5353 τε
1916 5304 2024 5371 γὰρ

452 5369 564 5462 τῶν
599 5372 705 5439 πρὸ
751 5374 921 5440 αὐτῆς
949 5377 1124 5443 ἁγίων
1162 5381 1425 5452 Πατέρων
1447 5386 1521 5449 ὠς
1555 5388 1786 5457 εὐσεὸὴς
1815 5391 1845 5460 ἡ
1874 5369 2024 5462 φωνῆ

455 5461 550 5514 καὶ
582 5465 778 5536 ἐκρίθη
813 5471 906 5520 καὶ
933 5473 1302 5544 ἀνηγορεύθη,
1365 5479 1462 5530 καὶ
1521 5483 1860 5552 μαρτυροῦσι
1913 5461 2023 5538 τῶν

452 5555 660 5627 ταύτην
700 5561 1058 5628 κηρυξάντων
1091 5568 1139 5617 οἱ
1172 5567 1340 5634 λόγοι,
1377 5570 1557 5640 πάσης
1597 5573 1750 5637 ὄντες
1791 5578 2020 5647 ἡλιακῆς

450 5647 669 5712 ἀκτῖνος
755 5655 1203 5720 φωτοειδέστατοι
1281 5663 1379 5714 καὶ
1461 5664 1849 5738 λαμπρότεροι.
1908 5673 2016 5724 Καὶ

452 5740 609 5809 ὑμεῖς
637 5743 669 5812 ἢ
699 5744 944 5809 ἀγνοεῖτε
991 5748 1061 5800 δι’
1095 5753 1478 5820 ἀπαιδευσίαν,
1516 5758 1546 5826 ἢ
1602 5761 1817 5826 ἀγνοεῖν
1850 5780 2019 5832 προσ-

450 5835 690 5888 ποιεῖσθε
723 5838 809 5890 διὰ
846 5839 1134 5908 λο.δορίαν,
1170 5847 1263 5895 καὶ
1317 5847 1425 5899 τῶν
1463 5851 1702 5905 εὐσεϐῶν
1756 5856 2014 5927 Πατέρων

770 5937 1015 5996 l‘nttot.
1084 5947 1201 5998 Lm.
1250 5939 1419 6003 CLX.

2158 2011 2305 2064 runt,
2325 2017 2537 2056 summo
2579 2003 2630 2055 in
2687 2002 2893 2056 honore
2935 2003 3142 2056 habens
3183 2014 3347 2070 atque
3379 2004 3734 2069 conﬁrmans,

2156 2105 2351 2162 praeter
2377 2095 2522 2147 illam
2546 2096 2710 2158 dixit,
2752 2096 2958 2149 nemini
3005 2096 3166 2149 licere
3195 2097 3354 2148 aliam
3418 2096 3573 2149 ﬁdem
3606 2111 3736 2165 pro-

2155 2188 2295 2241 fcrre
2323 2228 2335 2251 ,
2382 2207 2396 2236 ι
2434 2198 2487 2241 et
2517 2203 2636 2256 qua:
2663 2200 2984 2256 sequuntur.
3013 2207 3030 2239 ι
3059 2188 3132 2242 Ex
3156 2189 3240 2241 his
3271 2189 3523 2242 omnibus
3541 2189 3734 2258 synodi

2155 2281 2404 2344 vocibus,
2469 2297 2590 2349 qua:
2645 2281 2942 2336 dummodo
2994 2281 3142 2336 leclm
3186 2281 3387 2335 fuerint
3411 2281 3561 2335 nulla
3623 2281 3733 2334 alia

2155 2373 2477 2440 probatione
2531 2382 2624 2426 aut
2649 2374 3118 2428 demonstratione
3142 2374 3430 2427 veritatem
3462 2373 3732 2443 indigere,

2152 2475 2484 2534 compertum
2537 2475 2644 2530 est,
2678 2480 2775 2520 nec
2814 2468 2959 2521 aliud
2990 2468 3265 2532 deﬁnisse,
3319 2468 3463 2521 aliud
3498 2483 3626 2522 vero
3660 2466 3736 2520 io-

2152 2559 2292 2613 cisse
2323 2577 2336 2622 ;
2366 2560 2456 2612 sed
2480 2569 2537 2613 ut
2567 2560 2829 2622 decrevit,
2867 2562 2944 2614 sic
2979 2569 3031 2614 et
3064 2561 3266 2630 ubique
3298 2562 3493 2615 fecisse
3525 2576 3732 2629 cogno-

2150 2654 2337 2706 scitur.
2365 2651 2607 2721 Namque
2635 2668 2726 2706 eos
2744 2653 2833 2721 qui
2854 2652 2917 2706 ad
2939 2653 3192 2722 pietatem
3241 2655 3463 2724 gradum
3504 2653 3729 2710 iaciunt.

2150 2747 2356 2798 nullum
2386 2747 2527 2797 aliud
2560 2749 2899 2814 Symbolum,
2924 2762 3085 2815 quam
3122 2756 3486 2801 trecentorum
3515 2748 3734 2799 octode-

2148 2837 2252 2889 cim
2274 2836 2489 2888 Patrum
2519 2837 2705 2890 docuit
2750 2837 3097 2907 tradiditque,
3121 2839 3288 2891 risum
3323 2847 3506 2893 autem
3547 2845 3728 2908 potius

2149 2938 2336 2980 contra
2368 2929 2602 2998 seipsos,
2635 2946 2795 2998 quam
2826 2931 3016 3000 synodi
3046 2934 3449 2985 accusationem
3472 2935 3729 2995 excitant,

2150 3019 2237 3072 ubi
2272 3021 2459 3072 dicunt
2494 3036 2609 3073 cam
2639 3038 2666 3073 a
2693 3022 2937 3089 pluribus
2965 3021 3220 3075 derideri.
3257 3025 3402 3089 Quot
3428 3025 3573 3077 enim
3615 3026 3729 3093 pri-

2149 3126 2290 3162 mam
2317 3124 2365 3164 et
2390 3114 2784 3166 meumenicam
2821 3127 3062 3166 sanctam
3091 3117 3358 3184 synodum
3386 3117 3579 3184 synodi
3623 3119 3729 3170 tri-

2150 3202 2366 3254 miuata:
2384 3213 2533 3266 sunt,
2554 3213 2663 3256 tum
2685 3205 2849 3257 etiam
2866 3206 2992 3272 ipsae
3013 3208 3334 3274 pl'8‘.Sllll|)llS
3356 3209 3728 3262 abundantes?

2147 3291 2293 3344 illam
2316 3309 2441 3347 vero
2456 3304 2673 3348 centum
2709 3297 3099 3365 quinquaginta
3120 3297 3356 3364 Patrum,
3375 3315 3441 3352 an
3461 3301 3539 3353 vel
3561 3300 3722 3354 fuerit

2147 3382 2389 3452 Egyptii
2425 3387 2564 3438 scire
2610 3391 2922 3441 noluerunt.
2971 3387 3076 3441 Sed
3113 3391 3276 3443 missa
3334 3391 3594 3446 faciamus
3634 3408 3724 3445 eoi

2149 3477 2388 3530 rumdem
2432 3476 2811 3532 deliramenta.
2862 3500 2880 3530 ι
2919 3480 2998 3532 Ad
3044 3479 3159 3534 haec
3197 3482 3350 3536 divus
3401 3483 3668 3539 Maximus
3705 3503 3718 3535 :

2150 3588 2166 3618 ι
2199 3569 2442 3633 Quanam
2466 3571 2630 3638 igitur
2657 3572 2888 3636 ratione,
2924 3588 3045 3641 quae
3085 3575 3183 3627 hoc
3217 3586 3372 3643 pacto
3406 3576 3604 3630 similia
3637 3581 3721 3645 pie

2142 3663 2396 3728 clareque
2426 3673 2689 3727 operatur
2724 3677 2776 3715 et
2824 3666 3000 3716 sancit
3027 3676 3273 3718 sanctam
3305 3666 3719 3722 Chalcedonen-

2141 3768 2252 3804 sem
2281 3754 2546 3819 synodum
2576 3768 2725 3820 aeque
2762 3769 2824 3806 ac
2856 3756 2896 3807 si
2932 3753 3205 3808 Nicaanam
3241 3759 3607 3813 deﬁnitionem
3637 3777 3716 3812 te-

2143 3845 2408 3910 pndiatet,
2442 3847 2640 3912 poterit
2687 3863 2929 3915 unquam
2980 3848 3250 3916 quispiam
3283 3851 3531 3918 probare,
3586 3853 3714 3905 licet

2139 3937 2380 3988 oniuimn
2417 3939 2481 3991 ad
2519 3953 2626 4002 res,
2652 3954 2773 4008 quae
2826 3955 3096 4009 nusquam
3143 3951 3288 4006 sunt,
3328 3944 3714 4015 lingtutlurque

2139 4029 2402 4081 adversus
2436 4031 2740 4094 veritatem,
2766 4031 2929 4083 etiam
2963 4047 3086 4085 cum
3115 4034 3398 4088 mendacio
3424 4041 3714 4090 commini-

2139 4120 2369 4173 sccndas
2396 4122 2702 4177 acerrimus
2725 4123 2815 4178 sit.
2844 4122 2995 4188 Quod
3017 4124 3061 4177 si
3084 4137 3139 4178 ut
3163 4126 3275 4180 hinc
3298 4129 3512 4197 quidem
3539 4132 3708 4185 ﬁrmi-

2139 4219 2222 4264 ter
2259 4224 2701 4276 conservantem,
2731 4225 2783 4268 et
2811 4215 3108 4269 secundant
3163 4218 3302 4273 forte
3335 4222 3708 4278 deﬁnitionem

2139 4302 2576 4356 introducentem
2607 4304 2993 4359 maledictiono
3034 4315 3088 4359 et
3120 4308 3368 4363 convicio
3418 4310 3670 4378 excipitis
3693 4355 3705 4374 ,

2138 4413 2256 4466 qua:
2270 4398 2383 4452 hace
2399 4399 2559 4453 fuerit
2574 4401 2640 4452 ab
2653 4399 2842 4454 eadem
2862 4402 3100 4456 secunda
3117 4405 3709 4462 deﬁnitiointroducta?

2136 4490 2442 4555 Confessio,
2465 4492 2671 4562 inquis,
2695 4495 2927 4547 duarum
2952 4500 3580 4568 naturarum,dictioque
3597 4502 3706 4565 illa.

2137 4584 2188 4634 in
2217 4583 2431 4636 duabus
2467 4585 2702 4648 naturis,
2740 4600 2858 4653 qua:
2898 4587 3045 4640 nullo
3072 4588 3235 4641 tnodo
3264 4588 3482 4644 Nicaana
3517 4592 3712 4647 deﬁni-

2136 4675 2212 4727 tio
2245 4674 2510 4739 continet,
2535 4674 2630 4730 sed
2663 4675 2841 4745 palam
2884 4693 2914 4731 a
2949 4678 3491 4735 Chalcedonensilms
3535 4683 3710 4737 Putri-

2135 4763 2234 4817 bus
2268 4763 2479 4817 intrusa
2515 4774 2662 4827 sunt,
2697 4766 2849 4819 nullo
2873 4767 3036 4822 modo
3085 4777 3243 4822 antea
3285 4771 3528 4840 cognita,
3554 4773 3634 4825 vel
3681 4792 3709 4826 a

2131 4869 2400 4923 quoquam
2440 4857 2732 4910 recensita.
2763 4857 2915 4923 Quod
2951 4875 3077 4913 vero
3138 4878 3315 4931 neque
3362 4866 3412 4918 id
3477 4868 3711 4932 probare

2133 4948 2379 5015 potestis,
2405 4948 2757 5002 manifestum
2790 4961 2913 5005 est:
2949 4967 2977 5005 a
3012 4955 3198 5008 ruultis
3249 4956 3525 5024 siquidem
3579 4971 3707 5012 ante

2132 5055 2250 5095 eam
2287 5039 2536 5094 Patribus
2569 5056 2674 5095 vox
2708 5042 2797 5095 illa
2831 5046 2906 5097 uti
2942 5047 3026 5113 pia
3070 5055 3318 5114 reputata
3360 5061 3444 5103 est
3500 5060 3554 5103 et
3607 5066 3702 5122 pu-

2133 5131 2270 5186 blice
2310 5132 2695 5202 depra-dicata,
2747 5143 3023 5207 testesque
3057 5149 3187 5192 sunt
3245 5154 3436 5195 eorum
3497 5158 3707 5196 sermo-

2131 5238 2249 5289 nes,
2319 5225 2409 5292 qui
2443 5239 2562 5278 eam
2595 5227 2903 5294 edixerunt,
2957 5232 3150 5299 quovis
3197 5233 3328 5287 solis
3372 5234 3525 5288 radio
3588 5237 3704 5290 cla-

2130 5317 2302 5369 riores
2354 5325 2517 5384 atque
2547 5319 2973 5386 splendidiores.
3005 5322 3222 5392 Vosque
3258 5327 3309 5378 id
3337 5337 3432 5379 aut
3483 5337 3705 5395 propter

2129 5407 2400 5459 inseitiam
2455 5409 2740 5476 ignoratis,
2811 5420 2904 5465 aut
2961 5415 3212 5482 ignorare
3252 5416 3458 5485 ﬁngitis
3485 5428 3704 5487 propter

2127 5499 2589 5564 maledictionem,
2634 5512 2688 5556 et
2714 5505 2928 5571 piorum
2990 5507 3206 5560 l’atrum
3267 5524 3332 5563 ac
3377 5510 3698 5580 dogmatum

2126 5603 2379 5642 vesanam
2417 5593 2877 5647 criminationem.
2926 5594 3138 5658 Quodsi
3172 5599 3380 5652 nullutu
3412 5599 3464 5652 id
3485 5616 3700 5669 quoque

2128 5691 2293 5745 esset,
2343 5698 2463 5734 cum
2495 5691 2676 5737 tamen
2714 5687 3032 5754 plurimum,
3067 5701 3126 5743 ut
3152 5692 3285 5755 dixi,
3329 5709 3449 5746 sese
3480 5694 3694 5755 uﬂct'at,

2127 5775 2257 5842 quid
2288 5777 2514 5842 impedit
2567 5786 2646 5830 tot
2691 5779 2898 5845 Patres,
2928 5782 3035 5834 into
3086 5784 3521 5840 Christianorum
3578 5804 3693 5839 our-

2130 5884 2278 5920 ntum
2320 5880 2544 5938 cwtum,
2572 5872 2620 5926 id
2652 5888 2885 5945 nutuque
2921 5883 3135 5946 proprie
3164 5892 3245 5930 est
3269 5883 3694 5935 ortlndoxotmu

3259 5972 3291 6028 δ
