4462 6450
718 389 826 451 235

1619 390 1999 449 GREGORII
2044 391 2346 450 MAMM/E
2386 393 2494 454 ΟΡ.
2544 393 3060 454 PATRIARCIHS

3885 390 3988 452 236

725 509 944 560 Patrum
992 505 1340 558 sanctissima
1369 503 1631 573 synodus,
1664 520 1761 557 sua
1809 509 2141 559 auctoritate
2188 522 2308 558 eam
2343 512 2389 567 Α
2420 506 2476 566 ξε

2223 522 2308 558 3m
2343 512 2389 567 Α
2420 506 2476 566 τε
2521 516 2616 566 καὶ
2652 515 2942 583 δογμάτων
2967 515 3196 582 ἀνόητον
3233 510 3514 580 ἔγκλησιν.
3551 513 3611 564 Εἰ
3660 512 3715 565 δὲ
3757 515 3849 566 καὶ
3878 532 3984 581 μη-

718 601 987 661 emittere,
1007 597 1464 665 prascribereque
1478 598 1740 652 adversus
1756 599 2001 652 liaaresim
2025 600 2311 668 Eutychia-

719 691 908 742 nam?»
938 689 1001 742 Et
1025 688 1302 742 nonnullis
1333 688 1652 754 interiectis,
1675 689 1898 743 subdit:
1922 709 1940 740 ι
1961 690 2077 754 Qua
2100 693 2311 744 ratione

715 792 768 832 et
800 780 960 833 modo
988 787 1234 833 sanctam
1266 778 1780 833 Clialcedonenscm
1823 783 2091 848 synodum
2125 791 2310 849 aperte

717 858 1259 940 paternasdieiiones
1279 881 1656 939 usurpantem,
1677 873 2069 932 crimiuamini.
2090 882 2140 924 et
2158 887 2310 940 aeque

718 980 780 1019 ac
816 965 859 1016 si
895 964 1058 1016 aliam
1096 963 1220 1016 ﬁdei
1251 961 1619 1014 deﬁnitionem
1668 963 2058 1024 introduceret,
2094 964 2225 1016 locis
2256 963 2308 1014 in

713 1056 971 1106 omnibus
1001 1069 1094 1106 ore
1126 1063 1178 1106 et
1208 1053 1427 1119 scriptis
1447 1051 1695 1103 convicio
1719 1051 1994 1118 exripitis,
2019 1060 2072 1104 et
2103 1051 2307 1104 derisui

715 1146 958 1200 habetis?
992 1144 1072 1198 Ne
1111 1144 1364 1212 jitdicetis
1414 1143 1699 1195 secundum
1742 1144 2302 1208 [aciem,Deusdixit,

714 1241 803 1290 sed
824 1239 1030 1305 justum
1056 1237 1320 1302 judicium
1358 1234 1658 1303 judicate‘.
1681 1233 1810 1297 Quae
1861 1235 1912 1285 in
1944 1250 2051 1286 uno
2084 1236 2307 1288 eodeni-

713 1347 819 1398 que
840 1339 1160 1397 argumento
1184 1326 1717 1380 Chalcedonensium
1739 1324 1963 1378 Patrum
1997 1336 2175 1378 vestra
2199 1327 2307 1378 cri-

716 1421 944 1473 minatio
961 1429 1066 1481 est,
1085 1428 1138 1471 et
1156 1432 1342 1472 eorum
1365 1418 1455 1485 qui
1478 1417 1833 1484 praaiverunt.
1855 1418 2187 1484 princoninm
2210 1417 2231 1468 ἶ)
2249 1417 2304 1470 Si

714 1510 1473 1565 adversus(llialcedoneuses
1502 1517 1604 1570 est,
1633 1510 1780 1575 quod
1804 1508 1876 1559 illi
1911 1507 2126 1561 scilicet
2146 1509 2304 1561 aliam

716 1602 836 1656 ﬁdei
868 1600 1267 1659 deﬁnitionem,
1294 1608 1514 1664 propter
1549 1595 1780 1650 Nicaeum
1808 1597 2114 1650 delinitioni
2148 1610 2307 1651 voces

714 1692 1014 1760 appositas,
1037 1687 1524 1758 promulgaverint.
1544 1686 1646 1739 hoc
1668 1687 1825 1754 plane
1854 1695 2136 1755 sequetur,
2161 1672 2310 1739 eam-I

712 1786 836 1839 dem
855 1785 924 1838 ob
944 1797 1189 1843 causam,
1213 1791 1264 1834 et
1285 1790 1476 1834 contra
1501 1778 1786 1847 Cyrillum,
1805 1787 1858 1831 et
1875 1789 2062 1830 contra
2086 1789 2302 1830 centum

713 1875 1129 1945 quinquaginta.
1156 1871 1312 1938 Quod
1338 1871 1382 1924 si
1401 1879 1592 1924 contra
1625 1884 1719 1940 eos
1746 1883 1852 1921 non
1885 1876 1990 1929 est,
2024 1869 2304 1936 quomodo

713 1979 906 2022 contra
927 1981 1047 2019 eam
1069 1979 1190 2019 esse
1212 1963 1408 2032 possit,
1458 1976 1566 2014 non
1597 1961 1776 2026 capio.
1799 1957 2187 2012 Verumtamen
2214 1974 2302 2011 re-

713 2069 883 2114 strain
908 2058 1112 2112 rabiem
1132 2066 1186 2111 et
1203 2056 1613 2110 contentionem
1636 2055 1688 2106 in
1712 2054 1777 2105 iis
1804 2067 1922 2121 qua:
1941 2050 2307 2105 demonstrari

713 2155 939 2209 minime
984 2132 1236 2224 possuni,
1291 2162 1598 2220 prepnnere
1642 2161 1909 2200 moneor:
1944 2147 1987 2199 si
2023 2143 2163 2199 forte
2205 2145 2308 2197 liac

712 2249 945 2311 ratione,
967 2247 1044 2300 uti
1093 2259 1189 2314 par
1219 2253 1324 2306 est,
1379 2244 1795 2306 erubescentes,
1828 2243 2051 2295 missam
2089 2238 2307 2293 faciatis

715 2340 1150 2401 luesitationem,
1195 2337 1468 2403 ﬁnemque
1502 2333 1793 2403 imponatis
1830 2343 1993 2388 tanta)
2038 2333 2304 2386 adversus

712 2434 999 2484 veri-tatem
1059 2431 1232 2498 ipsam
1277 2429 1701 2496 conspirationi.
1746 2425 2204 2494 Quandoquidem
2253 2435 2304 2478 et

711 2525 1013 2592 Gregorius
1063 2520 1352 2589 theologia:
1388 2520 1585 2572 vindex
1630 2526 1867 2572 vestram
1916 2524 2107 2571 contra
2140 2514 2303 2569 Clial-

713 2617 1083 2671 cedunensem
1109 2613 1375 2682 synodum
1408 2610 1816 2666 accusationem
1848 2611 2028 2662 minus
2046 2607 2301 2676 eﬂ‘ugiet;

713 2711 844 2771 imo,
870 2707 944 2759 uti
982 2721 1075 2759 vos
1099 2705 1482 2774 prazscribitis,
1517 2704 1755 2756 maxime
1777 2702 1851 2754 illi
1879 2701 2302 2764 eritobnoxius,

710 2821 774 2856 ex
812 2814 1001 2856 trunca
1024 2810 1188 2868 atque
1213 2797 1405 2851 mutila
1438 2794 1658 2850 Niczeua
1691 2796 1954 2863 integram
1981 2793 2185 2847 faciens
2210 2795 2304 2846 do-

709 2899 942 2951 Cirinam
998 2893 1065 2946 de
1132 2891 1339 2960 Spiritu
1389 2898 1585 2945 sancto
1643 2904 1657 2940 :
1702 2890 1848 2956 quod
1911 2897 2021 2939 tum
2059 2887 2300 2940 nondum

710 2999 855 3042 nmta
880 2997 999 3041 erat
1018 2987 1131 3039 luet:
1153 2985 1409 3054 quaestio,
1437 2997 1561 3036 cum
1587 2981 1747 3034 Patre
1774 2991 1829 3034 et
1867 2979 2005 3033 Filio
2034 2978 2301 3049 Spiritum

710 3091 964 3136 sanctum
1027 3091 1354 3146 agnoscens,
1394 3077 1731 3141 liortansque
1761 3071 2088 3126 Cledonium
2135 3081 2193 3125 ut
2225 3073 2298 3125 ita

710 3174 941 3227 sentiret
965 3170 1218 3238 aliosque
1290 3168 1614 3220 instrueret.
1648 3164 1754 3218 Sed
1819 3164 2082 3217 videmini
2144 3164 2372 3256 mihi,c

708 3281 834 3319 cum
869 3266 1019 3316 visus
1083 3261 1157 3314 ob
1189 3261 1274 3314 sui
1306 3258 1746 3312 imbecillitatem
1779 3269 1959 3324 neque
2023 3256 2291 3310 adversus

710 3359 844 3411 solis
877 3352 1225 3424 splendorem
1262 3350 1489 3413 intueri,
1521 3363 1698 3417 neque
1737 3347 1888 3399 illum
1925 3347 2175 3415 decipere
2210 3364 2299 3399 va-

711 3455 838 3509 li-at,
873 3447 1229 3516 splendorem
1286 3441 1454 3495 veluti
1489 3439 1849 3500 imbecillum,
1885 3453 1990 3492 non
2023 3438 2297 3506 proiiriam

710 3545 861 3595 \iSllS
915 3539 1252 3592 debilitatem
1304 3536 1556 3586 incusare
1609 3548 1623 3584 :
1667 3540 1715 3585 et
1757 3546 1880 3584 eum
1935 3532 2086 3583 vobis
2123 3545 2298 3596 gravi-

712 3648 817 3689 tate
842 3629 1177 3687 valetudinis
1225 3643 1335 3681 non
1373 3630 1508 3680 bene
1540 3636 1612 3677 sit
1642 3633 1865 3691 propter
1887 3624 2295 3686 confusionem,

707 3746 826 3780 eam
861 3727 1028 3779 veluti
1067 3723 1291 3791 impiam
1322 3731 1492 3788 atque
1522 3721 1939 3778 inconcinnam,
1979 3718 2023 3769 si
2059 3732 2182 3769 cum
2207 3732 2293 3766 ve-

710 3822 872 3872 ritate
902 3821 1138 3870 duarum
1169 3823 1514 3874 naturarum,
1547 3824 1667 3877 quae
1712 3808 2021 3862 lll‘Clll‘iSlo
2078 3822 2298 3860 CUIISL‘r-

707 3921 933 3973 untur,
979 3909 1205 3961 abunde
1246 3905 1581 3966 relellentes,
1621 3917 1777 3970 aeque
1817 3917 1879 3954 ac
1930 3903 1974 3953 si
2032 3915 2140 3952 non
2189 3903 2298 3953 sint

706 4004 1022 4059 eoinniunia
1084 3999 1404 4062 luminaria,
1437 4007 1491 4049 et
1542 3996 1787 4050 veritatis
1821 3995 2150 4063 interpretes
2191 3995 2299 4047 cri-

707 4097 1020 4150 minamini.
1055 4093 1216 4159 uod
1255 4090 1391 4145 side
1441 4092 1674 4143 veritate
1723 4090 1839 4157 ipsa
1895 4104 2022 4141 vera
2061 4089 2297 4141 dicenda

704 4201 855 4251 sunt,
882 4205 1076 4243 omnes
1117 4198 1237 4257 post
1267 4185 1546 4240 Nicmnam
1579 4183 1848 4253 synodum
1885 4197 1914 4235 a
1974 4182 2083 4236 Deo
2134 4183 2295 4236 electi

707 4291 923 4348 l’atrcs,
961 4292 1012 4336 et
1053 4282 1239 4334 omnis
1284 4278 1723 4331 ortliodoxorum
1758 4284 1812 4326 et
1839 4284 2156 4327 sanctorum
2199 4277 2298 4328 lio-

705 4383 915 4433 minum
957 4386 1154 4436 caelus.
1199 4387 1306 4426 non
1357 4371 1521 4423 aliam
1575 4369 1702 4421 ﬁdei
1749 4366 2126 4420 deﬁnitionem
2173 4381 2299 4435 pro-

704 4474 949 4541 priurum
991 4469 1283 4521 verborum
1308 4461 1965 4521 additioneindimeriint,
1999 4468 2174 4512 utros
2207 4459 2291 4511 iii-

2413 606 2502 656 δὲν
2525 601 2592 672 ἦν
2629 607 2790 656 ὁπότε
2821 607 3098 666 πλεῖστον,
3129 603 3202 664 ὡς
3235 605 3394 670 ἔφην,
3435 604 3796 672 καθέστηκεν,
3825 606 3875 656 τί
3931 607 3990 656 τὸ

2417 697 2624 747 κωλύον
2682 697 2872 760 ἁγίους
2913 697 3228 756 τοτούτους,
3277 695 3482 761 μᾶλλον
3531 694 3586 746 δὲ
3626 695 3718 746 τὸν
3775 695 3992 747 ἅπαντα

2412 786 2861 852 Χριστιανισμὸν,
2888 784 3048 836 τοῦτο
3076 784 3184 852 γὰρ
3214 786 3420 854 κυρίως
3461 785 3610 836 ἐστὶν
3635 787 3666 853 η
3705 785 3812 836 τῶν
3835 785 3988 853 ὀρθο-

2411 877 2580 939 δὸξων
2610 877 2870 944 Πατέρων
2927 877 3210 944 ἀγιωτάτη
3272 877 3512 938 σύνοδος,
3565 875 3989 938 ὲξουαιαστικὼς

2411 966 2615 1032 ταύτην
2649 965 2943 1033 προέσθαι,
2964 969 3056 1015 καὶ
3083 965 3395 1032 νομοθετεῖν
3419 963 3559 1016 κατὰ
3590 966 3686 1032 τῆς
3715 963 3987 1031 Baculo-3;

2413 1057 2815 1124 συναιρέσεωςς
2862 1074 2880 1106 ι
2932 1057 3038 1106 Καὶ
3067 1056 3206 1122 μετὰ
3233 1056 3356 1106 τινά
3408 1071 3578 1124 φησί’
3614 1073 3632 1104 ι
3673 1056 3789 1107 Τίνι
3844 1056 3988 1124 λόγῳ

2413 1147 2505 1197 καὶ
2536 1148 2654 1207 πῶς
2687 1148 2787 1215 τὴν
2837 1149 2895 1198 ἐν
2931 1147 3237 1215 Χαλκηδύνι
3304 1147 3466 1212 ἁγίαν
3522 1147 3762 1211 σύνοδον,
3812 1148 3985 1199 καίτοι

2413 1243 2706 1308 πατρικαῖς
2742 1239 3027 1308 προδήλως
3083 1241 3558 1308 ἀποχρησαμένην
3617 1244 3848 1307 φωναῖς,
3903 1241 3984 1291 αἰ-

2411 1332 2621 1395 τιᾶσθε,
2645 1332 2738 1384 καὶ
2761 1332 2832 1392 ὡς
2858 1331 3019 1384 ἄλλον
3048 1332 3282 1394 πίστεως
3337 1333 3463 1399 ὅρον
3508 1331 3836 1397 εἰσάγουσαν
3863 1334 3989 1400 τῇξε

2412 1426 2632 1476 κάκεῖσε
2687 1425 2779 1474 καὶ
2828 1422 3124 1490 ἐγγράφως
3169 1422 3555 1490 διαλοιδορείτε
3611 1424 3702 1473 καὶ
3759 1422 3991 1474 διασκώ-

2411 1533 2573 1568 πτετε
2599 1532 2612 1579 ;
2642 1515 2737 1581 Μὴ
2764 1515 2892 1566 κατ’
2916 1513 3063 1581 ὄψιν
3084 1514 3347 1580 κρίνητε,
3376 1515 3464 1565 διὰ
3485 1515 3573 1566 τὸν
3591 1515 3813 1565 εἰπόντα
3832 1514 3985 1572 Θεὸν,

2409 1609 2572 1662 ἀλλὰ
2608 1607 2722 1674 τὴν
2760 1606 3005 1659 δικαίαν
3026 1607 3231 1672 κρίσιν
3281 1607 3546 1672 κρίνατε.
3587 1605 3736 1672 Τίςὴ
3777 1606 3988 1671 ἐπὶτῆς

2409 1699 2584 1765 αὐτῆς
2618 1700 2714 1750 καὶ
2749 1700 2880 1768 μιᾶς
2912 1697 3224 1758 ὑποθέσεως
3278 1697 3387 1747 τῶν
3447 1697 3504 1746 ἑν
3544 1695 3850 1763 Χαλκηδόνι
3879 1696 3988 1746 Πα-

2409 1793 2583 1858 τέρων
2617 1789 2882 1858 ἔγκλησις
2919 1788 3101 1857 ἡμῶν,
3134 1787 3231 1838 καὶ
3259 1787 3341 1848 τίς
3376 1788 3408 1853 ἡ
3448 1786 3557 1837 τῶν
3609 1786 3987 1853 προλαϐόντων

2413 1879 2758 1947 ἁνάρρησιςς
2793 1879 2854 1928 Εἰ
2882 1877 2992 1944 γάρ
3022 1877 3140 1926 ἐστι
3165 1874 3304 1926 κατὰ
3335 1874 3435 1940 τῆς
3494 1876 3549 1925 ὲν
3603 1874 3988 1940 Χαλκηδονέων

2411 1970 2573 2022 ἄλλον
2609 1968 2890 2021 αἰτιᾶσθαι
2915 1968 3152 2029 πίστεως
3178 1967 3301 2034 ὃρον
3327 1965 3415 2018 διὰ
3437 1966 3534 2028 τὰς
3559 1966 3886 2032 ίγκειμένας
3913 1966 3990 2033 τῷ

2410 2065 2520 2132 ὅρῳ
2545 2063 2642 2131 τῆς
2672 2062 2926 2115 Νικαέων
2963 2061 3170 2128 φωνὰς,
3217 2057 3376 2110 τοῦτό
3426 2075 3488 2126 γε
3528 2058 3744 2120 πάντως
3799 2058 3987 2126 ἕψεται

2409 2156 2591 2222 λέγειν
2619 2156 2706 2207 διὰ
2729 2156 2827 2225 τὴν
2867 2154 3039 2223 αὐτὴν
3074 2152 3255 2205 αἰτίαν
3273 2153 3367 2204 καὶ
3401 2151 3542 2203 κατὰ
3578 2150 3869 2219 Κυρίλλου,
3896 2149 3992 2201 καὶ

2409 2250 2521 2302 τῶν
2557 2247 2753 2301 ἑκατὸν
2813 2248 3174 2316 πεντήκοντα.
3229 2245 3291 2296 Εἰ
3351 2243 3406 2295 δὲ
3473 2243 3598 2296 κατ’
3648 2242 3831 2294 αὐτῶν
3889 2242 3991 2292 οὐκ

2409 2344 2546 2404 ἔστι,
2577 2343 2695 2404 πῶς
2722 2341 2844 2395 κατ’
2908 2341 3148 2408 ἐκείνης,
3193 2340 3428 2392 συνιδεῖν
3488 2338 3590 2390 οὐκ
3642 2339 3776 2406 ἔχω.
3819 2340 3992 2406 Παρι-

2411 2437 2544 2505 στᾷν
2572 2435 2628 2486 δὲ
2659 2433 3043 2504 προτρέπομαι
3075 2433 3174 2501 τὴν
3201 2433 3355 2501 ὑμῶν
3387 2433 3479 2483 ἐπὶ
3504 2433 3615 2493 τοῖς
3649 2431 3983 2484 ἀναποδείκ-

2407 2529 2523 2589 τοις
2553 2526 2766 2579 λύσσαν
2793 2528 2890 2578 καὶ
2923 2526 3202 2585 ἔνστασιν,
3235 2524 3350 2591 εἴγε
3390 2524 3496 2576 κᾶν
3535 2523 3642 2592 ἄρα
3675 2522 3846 2585 οὕτως
3875 2525 3995 2575 ἰκα-

2408 2620 2512 2680 νῶς
2569 2620 2957 2689 αἰσχυνθέντες
3020 2617 3323 2686 συσταλῆτε
3387 2616 3488 2684 τῆς
3577 2615 3813 2684 ἀπορίας
3893 2616 3994 2681 τῆς

2407 2709 2677 2777 τοσαύτης
2720 2711 2859 2762 κατά
2921 2713 3016 2776 τῆς
3077 2708 3336 2775 ἀληθείας
3388 2706 3616 2777 ψευδοῦς
3655 2709 3989 2768 συστάσεως.

2420 2803 2575 2856 Ἐπεὶ
2625 2803 2718 2854 καὶ
2760 2801 3066 2872 Γρηγόριος
3115 2803 3144 2852 ὸ
3193 2801 3294 2869 τῆς
3349 2800 3630 2866 θεολογίας
3690 2803 3992 2868 συνήγορος

2407 2896 2564 2947 οὐδέν
2600 2912 2651 2947 τι
2715 2893 2921 2960 μᾶλλον
2968 2893 3299 2962 ἐκφεύξεται
3351 2895 3451 2962 τῆς
3499 2895 3654 2962 ὑμῶν
3704 2897 3843 2946 κατά
3889 2893 3990 2960 τῆς

2405 2987 2797 3056 Χαλκηδονίων
2828 2987 3022 3054 ὲνοχῆς
3049 3001 3062 3014 ·
3093 2985 3349 3038 πλεῖστον
3392 2987 3448 3039 δὲ
3475 2987 3598 3038 ὅσον
3629 2988 3990 3038 ὑποπεσεῖται

2403 3082 2578 3148 ταύτῃ
2612 3078 2760 3147 παρά
2796 3077 2886 3128 τὸν
2917 3077 3208 3146 ἡμέτερον
3241 3079 3426 3144 νόμον,
3485 3078 3870 3147 πρνιδιαρθρῶν
3919 3080 3984 3130 τὸ

2406 3173 2670 3233 ὲλλειπώς
2706 3170 3000 3242 εἰρημένον
3041 3170 3135 3235 τῆς
3166 3170 3224 3220 ὲν
3276 3168 3483 3238 Νικαίᾳ
3518 3171 3647 3238 περὶ
3700 3168 3792 3221 τοῦ
3825 3169 3987 3237 ἁγίου

2407 3264 2727 3332 [Ινεύματος
2760 3279 2772 3292 ·
2803 3264 2891 3315 διὰ
2932 3262 2990 3313 τὸ
3025 3262 3158 3328 μηδὲ
3187 3261 3482 3324 κινεῖσθαι,
3523 3263 3681 3327 φησὶ,
3748 3262 3811 3312 τὸ
3838 3279 3936 3330 την
3962 3288 3990 3300 ο

2405 3356 2581 3409 καῦτα
2608 3355 2769 3408 τοῦτο
2801 3355 2861 3407 τὸ
2890 3354 3136 3422 ζήτημα,
3192 3353 3332 3421 μετὰ
3382 3352 3597 3423 Πατρδς
3628 3340 3733 3405 καί
3753 3354 3883 3406 Υίοῦ
3927 3355 3990 3407 τὸ

2404 3450 2558 3516 ἇγιον
2627 3447 2853 3515 Πνεῦμα
2910 3445 3221 3513 γινώσκων,
3277 3445 3374 3499 καὶ
3432 3445 3714 3515 Κληδονίῳ
3757 3448 3988 3516 γράφων

2405 3543 2548 3593 οὕτω
2609 3544 2751 3592 νοεῖν
2806 3541 2900 3592 καὶ
2958 3539 3254 3592 διδάσκειν.
3305 3538 3448 3589 ’Δλλ’
3493 3538 3707 3590 ἐοίκατὲ
3765 3555 3855 3607 μοι
3891 3538 3988 3605 τῆς

2405 3637 2615 3705 σαθρᾶς
2647 3634 2830 3696 ὅψεως
2855 3634 2953 3702 οὐχ
2987 3633 3286 3704 ἰκανούσης
3346 3633 3487 3701 πρὸς
3521 3633 3751 3701 ἡλιακῆς
3793 3632 3987 3701 αἴγλης

2404 3730 2697 3780 ἁ.άνευσιν
2730 3727 2825 3778 καὶ
2875 3725 3206 3792 μετάληψιν,
3238 3725 3338 3792 τὴν
3396 3724 3568 3792 αὐτὴν
3606 3723 3681 3784 ὡς
3737 3725 3989 3792 ἀμυδρὰν

2402 3822 2756 3888 αἰτιωμένης,
2783 3821 2844 3869 οὐ
2875 3819 2974 3888 τὴν
3004 3817 3213 3869 οἰκείαν
3268 3816 3581 3886 ἀδράνειαν,
3633 3815 3988 3884 ὲκμιμείσθαι

2401 3916 2462 3966 τὸ
2496 3914 2698 3974 πάθος.
2724 3912 2888 3963 Αὑτοί
2922 3927 2980 3960 τε
3014 3911 3106 3962 καὶ
3140 3908 3560 3978 νοσηλευόμενοι
3587 3908 3676 3960 διὰ
3719 3909 3820 3976 τὴν
3853 3909 3988 3974 σύγ-

2402 4022 2584 4075 χυσιν,
2617 4003 2864 4063 καὶτοὺς
2899 3999 3107 4067 ταύτην
3136 4000 3211 4060 ὡς
3257 3997 3430 4066 ἀσεϐῆ
3485 3998 3584 4050 καὶ
3642 3995 3988 4064 ἀνάρμοστον

2403 4099 2543 4168 πρὸς
2574 4095 2674 4161 τὴν
2705 4098 2762 4147 ὲν
2796 4092 3022 4165 Χριστῷ
3045 4093 3154 4143 τῶν
3200 4088 3533 4158 σωζομένων
3560 4087 3828 4158 ἀλήθειαν
3882 4088 3985 4155 φύ-

2405 4207 2546 4242 σεων
2574 4187 2777 4248 ἰκανῶς
2835 4185 3250 4252 ἐξελέγχοντας,
3311 4181 3386 4242 ὡς
3419 4180 3480 4232 οὐ
3528 4180 3832 4250 φωστῆρας
3870 4197 3987 4233 κοι-

2402 4284 2543 4345 νοὺς,
2583 4280 2706 4333 οὐδὲ
2733 4280 2830 4348 τῆς
2879 4278 3140 4346 ἀληθείας
3197 4277 3546 4344 ἑκφάντορας
3602 4273 3990 4328 ὲκδιαόάλλον-

2401 4392 2512 4436 τες.
2550 4373 2612 4426 Εἰ
2643 4372 2751 4438 γὰρ
2783 4368 2904 4421 ἐστι
2931 4365 3145 4433 τάληθῆ
3177 4365 3306 4432 περὶ
3339 4361 3602 4431 ἀληθείας
3623 4363 3823 4423 εἰπεῖν,
3854 4360 3990 4412 πάν-

2401 4485 2489 4527 τες
2523 4465 2577 4518 οἵ
2596 4479 2654 4515 τε
2690 4461 2830 4531 μετὰ
2864 4460 2966 4527 τὴν
2994 4455 3249 4509 Νικαέων
3286 4453 3563 4524 θεόκριτοι
3600 4451 3864 4520 Πατίρες,
3892 4453 3989 4502 καὶ

703 4567 867 4620 mium
892 4577 1177 4633 perperam
1222 4558 1587 4625 obloquentes
1638 4566 1691 4608 et
1737 4554 1898 4622 plane
1955 4553 2293 4606 insanientes
2325 4531 2376 4591 ι)
2405 4563 2465 4612 πᾱ

2228 4567 2293 4606 ιοε
2325 4531 2376 4591 D
2405 4562 2552 4612 πᾶσα
2595 4555 2814 4616 σύνοδος
2844 4549 3150 4621 ὀρθοδόξων
3175 4549 3269 4600 καὶ
3302 4545 3480 4613 ἁγίων
3524 4543 3739 4612 ἀνδρῶν
3770 4543 3870 4594 οὐκ
3896 4542 3990 4593 ἀλ·-

702 4657 1020 4714 deeernitis.
1057 4655 1161 4709 Sed
1200 4667 1319 4706 eam
1342 4658 1513 4719 ipsam
1538 4649 1702 4701 veluti
1725 4647 1956 4715 primam
1979 4654 2042 4699 et
2075 4647 2291 4699 IllllC'dlll

701 4769 727 4803 a
764 4748 970 4802 sanctis
1005 4744 1269 4800 trecentis
1303 4743 1492 4795 decem
1517 4752 1569 4794 et
1603 4749 1731 4794 octo
1780 4738 2042 4791 Patribus
2101 4739 2294 4791 sanci-

702 4856 811 4896 ιιιιι
851 4841 1087 4894 ﬁrmiter
1139 4838 1570 4894 conlirmarunt,
1609 4829 1979 4885 ililucidautes
2038 4842 2184 4891 eam,
2239 4837 2296 4883 et

699 4937 1058 4991 enarratione
1088 4946 1188 4986 sua
1223 4929 1476 4998 apertius
1510 4927 1890 4988 euucleantes,
1939 4930 2164 4992 preptcr
2199 4937 2294 4976 eos

699 5049 789 5099 qui
826 5032 971 5082 illam
998 5039 1053 5080 et
1078 5025 1224 5078 illius
1249 5023 1505 5091 dogmata
1527 5021 1592 5071 ad
1643 5018 1924 5086 propriam
1954 5017 2290 5086 impietatem

697 5121 1206 5178 entistabilieudam
1250 5115 1663 5184 detorti-uehunt
1691 5124 1744 5166 et
1785 5126 2077 5181 perperam
2125 5125 2294 5177 expo-

704 5223 932 5270 nebant.
979 5213 1089 5266 Nec
1109 5212 1285 5264 multo
1318 5222 1461 5278 post,
1509 5223 1630 5277 quae
1679 5207 1880 5260 ibidem
1923 5205 2294 5259 dedivinitate

697 5313 1080 5371 habebantur,
1127 5309 1339 5359 viotare
1392 5312 1685 5365 i-nuantes,
1739 5299 2076 5354 Eunomiiim
2125 5311 2292 5366 atque

693 5403 1080 5460 Macedonittttt
1123 5411 1344 5455 centum
1379 5398 1789 5467 quinquaginta
1819 5393 2014 5448 Patres
2049 5395 2291 5463 propriis

692 5502 927 5555 vocibus
956 5505 1008 5549 et
1031 5498 1270 5549 decretis
1314 5507 1424 5546 non
1457 5491 1830 5561 permiserunt
1857 5505 1870 5554 ;
1902 5497 1955 5541 et
1988 5489 2096 5541 alio
2126 5489 2289 5540 modo

690 5594 1018 5650 (ncononiiaa
1057 5604 1321 5644 arcanum
1347 5589 1592 5641 dividere
1611 5583 1922 5639 Nestorium
1957 5582 2288 5637 contenden-

689 5698 797 5744 tem
825 5687 1018 5742 beatus
1045 5701 1150 5740 non
1191 5683 1440 5752 permisit
1494 5680 1756 5752 Cyiilltts.
1808 5679 2283 5745 Quemadmodum

763 5873 780 5904 ³
823 5869 983 5926 loau.
1046 5883 1144 5924 \'Il.
1189 5865 1283 5920 24.
1379 5901 1383 5903 -

2400 4651 2491 4703 λον
2520 4649 2762 4709 πίστεως
2794 4647 2922 4714 ὅρον
2949 4643 3043 4695 διὰ
3076 4641 3175 4707 τῆς
3205 4638 3592 4706 ὲπεισαγωγῆς
3627 4639 3734 4689 τῶν
3767 4637 3986 4689 οἰκείων

2401 4740 2665 4811 ῥημάτων
2696 4735 2981 4798 παντελῶς
3018 4735 3417 4804 ὲπεισήγαγον,
3452 4733 3529 4795 ὼς
3563 4733 3722 4800 ὑμεῖς
3743 4731 3986 4796 ἀποναί-

2399 4836 2579 4901 νεσθε,
2616 4833 2871 4886 πλεῖστον
2901 4826 3355 4898 παραληροῦντες
3395 4827 3492 4878 καὶ
3529 4825 3589 4878 τὸ
3610 4825 3733 4876 ὅλον
3788 4827 3976 4894 μαινό-

2404 4944 2578 4998 μενοι,
2611 4922 2728 4978 ἀλλ’
2763 4921 2929 4975 αὐτὸν
2990 4919 3064 4982 ὡς
3119 4917 3339 4980 πρῶτον
3396 4918 3496 4970 καὶ
3555 4915 3719 4984 μόνον
3761 4916 3870 4966 τῶν
3923 4915 3988 4968 ὲκ

2398 5021 2507 5075 τῶν
2537 5019 2710 5086 ἁγίων
2732 5016 3068 5085 τριακοσίων
3122 5011 3258 5064 δέκα
3292 5009 3389 5064 καὶ
3419 5007 3567 5062 ὀκτὼ
3613 5009 3872 5079 Πατέρων
3896 5025 3986 5060 νο-

2396 5109 2777 5182 μοθετηθέντα
2819 5104 3055 5176 βεσαίως
3078 5102 3391 5172 ἑκύρωταν,
3425 5098 3756 5169 τρανοῦντες
3796 5101 3984 5164 αὑτὸν,

2398 5207 2494 5260 καὶ
2542 5199 2654 5256 οἷον
2702 5199 3143 5270 ὲπεξηγούμενοι
3205 5197 3300 5249 καὶ
3348 5191 3858 5265 ἐπεξεργαζόμενοι
3897 5193 3986 5247 διὰ

2394 5303 2523 5358 τοὺς
2554 5298 2761 5349 ἐκεῖνον
2793 5297 2885 5347 καί
2915 5293 2983 5344 τὰ
3043 5291 3254 5343 ἐκείνου
3281 5289 3532 5358 δόγματα
3564 5288 3701 5355 πρὸς
3753 5288 3854 5356 τὴν
3906 5289 3988 5340 οἰ-

2398 5392 2552 5444 κείαν
2589 5387 2774 5449 κακῶς
2804 5383 3255 5452 ἐκλαμϐάνοντας
3306 5381 3405 5434 καὶ
3459 5379 3986 5450 παρεξηγουμένους

2397 5487 2745 5541 δυσσέϐειαν.
2807 5481 3016 5535 Αὐτίκα
3079 5481 3213 5548 γοῦν
3271 5479 3365 5532 τὸν
3442 5478 3544 5548 τῆς
3598 5477 3880 5545 θεολογίας
3927 5479 3989 5530 ἐν

2397 5585 2546 5656 αὐτῴ
2595 5583 2851 5653 κείμενον
2924 5579 3085 5646 λόγον
3143 5574 3505 5647 παραϐλάψαι
3552 5572 3989 5644 βεϐουλημένους

2400 5678 2669 5748 Εὑνόμιόν
2695 5693 2751 5729 τε
2786 5675 2884 5728 καὶ
2925 5671 3263 5727 Μακεδόνων
3311 5670 3359 5723 οί
3393 5668 3590 5722 ἑκατὸν
3640 5670 3982 5739 πεντήκοντα
