4462 6450
539 409 642 474 23τ

1660 404 1696 456 Α
1713 403 1754 458 l)
1806 387 1885 457 1M
1898 400 1987 458 PF.
2000 401 2040 457 li
2054 402 2161 460 ΛΤ.
2209 401 2252 458 Τ
2265 403 2361 459 ΚΛ
2375 401 2562 460 PEZU
2577 402 2697 459 NT.

3708 413 3815 472 233

545 524 787 592 Πατέρες
810 521 871 573 οὐ
907 519 1300 587 συνεχώρησαν
1343 516 1433 567 διὰ
1483 514 1594 565 τῶν
1655 515 1874 565 οίκείων
1929 515 2123 581 φωνῶν
2155 520 2199 574 Α
2229 529 2283 567 et

2051 515 2123 565 ῶν
2155 520 2199 574 Α
2229 529 2283 567 et
2310 517 2666 584 Eutychetem
2687 513 3026 600 confundere
3059 523 3360 570 tentantcm
3383 524 3677 576 venerandi
3719 531 3813 578 Pa-

542 618 638 670 καὶ
697 615 1008 681 δογμάτων.
1070 609 1227 661 Οὕτω
1282 607 1341 659 δὲ
1390 605 1610 658 καὶτὸν
1671 606 1769 671 τῆς
1815 607 2130 671 οἰκονομίας

540 706 842 773 Νεστόριον
907 705 1146 772 διαιρεῖν
1185 698 1581 768 μηχανώμενον
1633 699 1662 749 ό
1708 698 1979 764 μακάριος
2022 698 2124 748 οὐκ

539 799 692 851 εῐασε
727 794 1040 864 Κύριλλος·
1077 792 1268 859 ὥσπερ
1315 787 1412 842 οὖν
1459 790 1555 841 καὶ
1606 788 1852 854 Εὑτυχὲα
1903 790 2125 856 συγχεῖν

542 889 881 956 ἐθελήσαντα
956 883 1296 937 διεκώλυσαν
1359 882 1407 932 oi
1483 883 1540 931 ὲν
1592 879 1902 946 Χαλκηδόνι
1950 882 2123 946 τίμιοι

542 978 808 1047 Πατύρες.
849 975 974 1037 Πῶς
1001 970 1098 1027 οὖν
1156 973 1299 1042 ὑπὲρ
1360 970 1456 1023 τοῦ
1491 970 1702 1037 ἀγαθοῦ
1740 972 1838 1022 σὺν
1883 970 2124 1032 ἐκείναις

540 1070 682 1138 φημὶ
735 1071 858 1129 ταῖς
912 1066 1158 1127 συνόδοις
1221 1067 1314 1116 καὶ
1350 1063 1558 1130 ταύτην
1613 1063 1714 1115 οὐκ
1764 1063 2120 1132 ἀποδέχεσθε,

537 1161 625 1213 δια
655 1159 716 1210 τὸ
737 1157 868 1210 αὐτὸ
899 1159 995 1210 καὶ
1032 1158 1147 1209 ἴσον
1176 1155 1376 1220 καλόν;
1416 1155 1485 1208 Ἢ
1535 1152 1742 1224 ταύτην
1780 1153 1854 1216 ὡς
1890 1155 2118 1220 μισόκα-

539 1252 622 1303 λοι
661 1246 1126 1318 διαλοιδοροῦντες
1188 1246 1688 1314 συνδιαλοιδορείτε
1750 1247 2037 1311 κάκείνας,
2092 1247 2120 1298 ὃ

537 1340 600 1405 δὴ
632 1341 870 1409 μάλιστα
924 1338 1206 1399 ποιοῦντες
1252 1339 1366 1399 τοῖς
1417 1338 1764 1404 πράγμασιν,
1799 1336 2120 1416 εὐλαὸείσθε

541 1435 656 1493 τοῖς
716 1433 981 1501 ῥήμασιν,
1046 1430 1116 1481 ἵν’
1177 1428 1466 1490 εὐσεϐείας
1538 1427 1859 1495 πλάσμασιν
1907 1428 2124 1490 ὲκείνας

537 1521 703 1588 δῆθεν
733 1523 879 1575 κατά
937 1520 1141 1589 ταύτης
1199 1519 1594 1588 σεμνύναντες,
1655 1520 1744 1572 διά
1790 1522 1994 1590 ταύτης
2026 1523 2124 1574 κά-

538 1615 725 1674 κείνας
770 1613 1110 1682 λυμήνησθε,
1165 1613 1228 1664 τὸ
1276 1612 1390 1664 [σον
1440 1612 1633 1674 αὐταῖς
1683 1613 1771 1664 διὰ
1837 1613 1937 1681 τὴν
1997 1615 2122 1681 ἴσην

2235 620 2346 663 tres
2363 609 2842 664 Chalcedonenses
2866 611 3291 679 impediverunt.
3315 614 3497 677 Quare
3521 616 3687 684 igitur
3711 635 3813 670 una

2230 716 2355 755 cum
2387 703 2498 754 illis
2551 702 2778 770 synodis
2814 703 2958 756 hanc
3014 719 3238 772 quoque
3299 715 3520 773 propter
3564 707 3705 759 idem
3763 722 3816 759 ιιι

2229 808 2327 862 par
2367 794 2566 846 bonum
2602 810 2708 848 uon
2741 795 3136 863 amplectimini
3167 796 3320 849 ?Aut
3348 799 3488 849 hanc
3527 803 3691 851 veluti
3729 815 3812 850 rr-

2231 885 2352 938 ru'm
2402 885 2764 938 honestarum
2825 901 3016 940 osores
3084 889 3388 954 opprobrio
3452 890 3812 956 excipit-nus.

2225 977 2522 1045 opprobrio
2559 978 2688 1030 item
2712 987 2768 1031 et
2797 978 2917 1031 illas
2949 979 3227 1047 cxcipitis,
3256 980 3403 1048 quod
3465 981 3812 1048 potissimum

2229 1082 2351 1120 cum
2381 1083 2546 1138 opere
2603 1069 2900 1137 prestctis,
2938 1071 3118 1124 verbis
3166 1072 3217 1125 id
3266 1073 3548 1126 adversari
3585 1074 3814 1143 ﬁngitis.

2230 1167 2289 1211 ut
2342 1157 2562 1228 pietatis
2611 1160 2928 1213 ﬁctionibus
2991 1160 3110 1214 illas
3163 1160 3430 1214 adversus
3480 1162 3619 1215 hanc
3660 1177 3814 1215 com--

2230 1248 2550 1302 meudantes
2588 1257 2749 1314 atque
2779 1247 3128 1312 extollentes,
3161 1264 3254 1314 per
3286 1249 3427 1302 hanc
3449 1261 3503 1303 et
3535 1252 3641 1305 illis
3667 1252 3812 1305 lahc—

2233 1336 2469 1398 iactatis,
2504 1339 2713 1404 aequale
2739 1338 2846 1390 illis
2882 1347 3101 1406 propter
3121 1339 3328 1406 aequale
3361 1339 3572 1394 facinus
3602 1342 3754 1394 crinn
3781 1359 3810 1393 ιι

2231 1429 2708 1498 appingutis.Quis
2741 1431 2924 1498 itaque
2958 1438 3163 1483 tantam
3190 1431 3353 1483 vestri
3384 1431 3652 1486 ath-rsits
3696 1433 3812 1501 pit:-

2231 1531 2397 1576 tatcm
2432 1521 2658 1592 piosque
2687 1522 2847 1575 viros
2878 1522 3244 1590 arrogantiam
3307 1524 3643 1578 sustinebit?
3683 1547 3700 1574 »
3759 1537 3813 1578 et

2231 1629 2353 1680 qua:
2387 1623 2713 1680 sequuntur.

536 1706 738 1775 πρᾶξιν
770 1707 1124 1772 ἐπιφέροντες
1152 1704 1427 1771 ἔγκλημα.
1452 1704 1550 1765 Τίς
1590 1703 1684 1756 οὖν
1724 1704 1882 1772 ἡμῶν
1907 1703 2005 1772 τὴν
2038 1702 2310 1773 τοσαύτην
2381 1703 2595 1756 ὑποίσει
2659 1704 2801 1758 κατά
2857 1706 2955 1774 τῆς
3002 1705 3287 1767 εὐσεϐείας
3338 1709 3431 1759 κ.“ι
3502 1709 3611 1759 τῶν
3663 1711 3813 1764 5-362-

535 1799 778 1850 ὁούντων
810 1796 1140 1861 αὑθάδειαν;
1178 1815 1196 1847 ι
1236 1799 1331 1849 καὶ
1357 1798 1424 1848 τὰ
1451 1797 1597 1865 ἑξῆς.

609 1889 695 1954 ιζ’.
723 1891 848 1944 Ὀτι
876 1891 932 1942 δὲ
959 1892 992 1958 ἡ
1041 1890 1173 1955 ἁγία
1223 1892 1320 1941 καὶ
1358 1888 1718 1959 οίκουμενικὴ
1767 1889 1930 1958 τρίτη
1971 1891 2101 1943 σύν·
2147 1898 2188 1953 Β

535 1981 654 2040 οδος
699 1981 790 2033 διὰ.
818 1979 913 2032 τοῦ
949 1981 1096 2032 θείου
1135 1979 1402 2047 Κυρίλλου
1450 1982 1551 2048 τὴν
1585 1981 1835 2032 ἐναντίαν
1861 1981 2102 2049 ἀποτρέ-

536 2087 654 2135 πει,
685 2070 799 2123 ἀλλ’
831 2071 895 2122 ού
939 2069 1039 2138 τὴν
1067 2068 1373 2138 όρθόδοξον,
1414 2069 1552 2122 ἀλλὰ
1611 2071 1708 2122 καὶ
1747 2071 1948 2139 μᾶλλον
1979 2088 2113 2140 προ-

535 2163 728 2232 τρέπει
775 2161 1006 2231 ταύτην,
1051 2163 1148 2214 καὶ
1206 2163 1407 2230 ἑτέραν
1463 2161 1669 2230 κυρίως
1723 2163 1824 2232 τὴν
1865 2164 2115 2215 ἐναντίαν

536 2256 844 2324 ἀποκαλεῖ·
879 2257 945 2322 τῇ
994 2255 1050 2307 δὲ
1091 2253 1288 2323 ἀληθεῖ
1320 2257 1412 2307 καὶ
1446 2254 1760 2323 προσίεται,
1800 2254 1894 2306 καὶ
1926 2254 2112 2323 βδελυ-

539 2350 666 2420 ροὺς
715 2349 988 2402 ἀποκαλεῖ
1030 2349 1159 2410 τοὺς
1210 2349 1647 2416 ἀποσειομένους
1675 2346 1908 2418 ταύτην,
1941 2349 2114 2417 αὐτῆς

535 2442 632 2511 τῆς
668 2441 833 2509 ἀγίας
883 2440 1105 2493 συνόδου
1142 2441 1282 2509 πρὸς
1325 2440 1586 2492 Ἀκὰκιον
1640 2439 1906 2509 λεγούσης
1950 2441 2117 2493 ἀκού-

537 2553 746 2604 σωμεν.
778 2535 922 2606 Φησὶ
949 2536 1060 2604 γὰρ
1117 2538 1176 2586 ὲν
1229 2534 1426 2604 ταύτῃ·
1469 2550 1489 2584 ι
1527 2533 1602 2584 Uti
1633 2533 1870 2596 πίστεως
1900 2534 2117 2587 ἔκθεσιν

535 2629 795 2699 ἐξῄτηντο
829 2629 962 2698 παρ’
998 2627 1160 2697 ἡμῶν
1188 2645 1356 2690 τινες,
1393 2630 1422 2691 ἢ
1459 2626 1591 2693 γοῦν
1627 2611 2116 2697 καινοτομηθείσαν

535 2722 668 2789 παρ’
699 2722 905 2788 ἑτέρων
954 2719 1387 2786 κατεδεξάμεθα.
1435 2720 1675 2787 ’Δπόχρη
1736 2721 1846 2790 γὰρ
1899 2722 2030 2789 ἡμῖν
2081 2724 2112 2789 η

537 2816 896 2876 θεόπνευστος
955 2814 1186 2884 Γραφὴ,
1247 2816 1341 2866 καὶ
1384 2814 1491 2866 τῶν
1548 2815 1724 2881 ἁγίων
1776 2817 2040 2884 Πατὲρων
2083 2820 2114 2884 ἡ

538 2907 720 2975 νῆψις,
761 2908 858 2957 καὶ
885 2905 947 2957 τὸ
983 2906 1090 2975 πρὸ
1144 2907 1253 2958 πᾶν
1289 2905 1470 2958 ὁτιοῦν
1500 2908 1732 2974 ἐχόντων
1762 2908 1939 2976 ὀρθῶς
1964 2911 2117 2960 ὲκτεο

537 2997 897 3066 τορνευμένον
953 2998 1050 3064 τῆς
1084 2997 1321 3058 πίστεως
1355 2997 1657 3064 Σύμϐολον.
1695 2997 1850 3051 Ἐπεὶ
1883 2998 1941 3051 δὲ
1970 2994 2112 3069 ἦσαν

535 3093 585 3142 οἱ
620 3092 758 3144 κατὰ
787 3093 886 3158 τὴν
924 3090 1194 3157 ἀνατολὴν
1227 3089 1519 3143 ὁσιώτατοι
1550 3091 1847 3144 ἐπίσκοποι
1867 3091 2116 3162 διχονοή-

538 3199 734 3242 σαντες
773 3182 910 3250 πρὸς
953 3181 1099 3248 ἡμᾶς
1154 3179 1298 3232 κατά
1350 3181 1449 3249 τὴν
1490 3181 1779 3250 Ἐφεσίων,
1825 3185 1922 3236 καὶ
1958 3183 2119 3251 γεγό-

2294 1891 2378 1944 l7.
2411 1889 2667 1943 Sanctam
2722 1897 2982 1958 prteterea
3020 1901 3075 1944 et
3122 1891 3524 1946 meumenicam
3585 1895 3804 1947 tertiam

2224 1984 2491 2052 synodum
2523 1984 2635 2037 divi
2678 1983 2867 2052 Cyrilli
2932 1985 3134 2048 verbis,
3211 1986 3541 2038 contrariam
3610 1986 3806 2040 abhor-

2226 2088 2366 2134 rere,
2403 2088 2511 2126 non
2545 2072 2932 2136 orthodoxam,
2995 2089 3159 2141 quam
3217 2076 3399 2143 potius
3433 2076 3693 2139 inculcat,
3753 2087 3808 2129 et

2223 2165 2384 2218 aliam
2413 2166 2631 2235 proprie
2660 2166 2996 2220 contrariam
3031 2176 3342 2234 nuncupat:
3383 2183 3567 2221 veram
3599 2170 3806 2236 amplc-

2224 2257 2322 2322 cti,
2361 2268 2414 2312 et
2455 2272 2578 2311 eam
2643 2256 3018 2327 repudiautes,
3080 2260 3451 2314 exsecrandos
3507 2261 3802 2328 appellare,

2223 2351 2292 2405 ab
2313 2351 2501 2405 eadem
2533 2351 2648 2418 ipsa
2682 2353 2891 2421 synodo
2953 2349 3192 2420 Epistola
3225 2353 3291 2405 ad
3331 2353 3615 2418 Acacium,
3685 2353 3800 2410 haec

2224 2447 2412 2498 eadem
2455 2444 2793 2508 insinuante,
2816 2444 3123 2501 audiamus.
3161 2444 3250 2497 Ait
3290 2460 3528 2515 namque
3588 2447 3642 2501 in
3697 2462 3800 2501 ea:

2231 2557 2248 2588 ι
2281 2538 2391 2594 Nos
2416 2552 2590 2606 neque
2612 2552 2806 2590 novam
2831 2535 2952 2590 ﬁdei
2980 2536 3376 2606 expositionem
3399 2540 3468 2593 ab
3497 2540 3606 2594 ullo
3625 2543 3807 2610 elegi-

2227 2644 2369 2695 mus,
2428 2643 2601 2696 ueque
2632 2628 2699 2682 ab
2725 2627 2846 2683 aliis
2875 2629 3189 2684 innovatam
3229 2630 3578 2687 admisimus.
3641 2632 3801 2686 Sulli-

2224 2723 2298 2775 cit
2322 2721 2464 2775 enim
2495 2722 2652 2776 nobis
2683 2737 2712 2775 a
2740 2721 2848 2777 Deo
2898 2722 3161 2790 inspirata
3211 2721 3515 2794 Scriptura,
3584 2741 3806 2781 saneto-

2225 2826 2456 2878 rumque
2488 2810 2709 2864 Patrum
2758 2812 3076 2880 prudentia,
3108 2821 3160 2866 rt
3189 2827 3314 2868 ante
3347 2818 3530 2870 omnia
3577 2817 3808 2886 Symbo-

2227 2903 2336 2956 lum
2376 2902 2498 2956 ﬁdei
2536 2901 2603 2956 ad
2662 2905 2849 2957 omnia
2904 2914 3047 2958 recta
3103 2905 3355 2975 dogmata
3413 2917 3538 2976 apte
3595 2912 3807 2979 riteqne

2223 2995 2631 3048 concinnatum.
2700 2996 2840 3062 Quia
2906 3012 3037 3052 vero
3099 3001 3434 3054 sanctissimi
3496 3001 3805 3060 Orientales

2223 3086 2486 3156 episcopi,
2509 3091 2633 3141 'cum
2673 3087 2870 3158 Ephesi
2901 3099 3108 3154 essent,
3139 3107 3168 3144 a
3198 3093 3355 3146 nobis
3385 3095 3804 3164 dissentiebant,

2222 3194 2394 3248 caque
2423 3179 2490 3234 de
2516 3193 2704 3243 causa,
2754 3183 2914 3250 quasi
2951 3183 3413 3253 blasphemiarum
3440 3185 3677 3243 Nestmii
3722 3192 3806 3244 la-

537 3274 660 3326 νασί
696 3293 810 3334 πως
845 3276 902 3325 ὲν
932 3274 1139 3342 ὑποψία
1169 3272 1264 3325 τοῦ
1319 3275 1413 3326 καὶ
1463 3272 1732 3327 ἐναλῶναι
1762 3274 1976 3343 βρόχοις
2006 3275 2116 3328 τῶν
2143 3250 2189 3313 C
2223 3288 2293 3341 qu

2042 3275 2116 3328 ὦν
2143 3250 2189 3313 C
2223 3272 2378 3341 queis
2411 3273 2652 3328 irretitus
2685 3275 2881 3338 teneri,
2916 3277 3159 3344 suspicio
3190 3287 3331 3344 erat,
3365 3288 3422 3332 ut
3453 3295 3518 3334 co
3551 3282 3804 3347 crimine,

537 3367 631 3418 τοῦ
666 3367 960 3433 Νεστορίου
995 3366 1348 3434 δυσφημιῶν,
1379 3365 1554 3437 ταύτῃ
1584 3383 1671 3418 τοι
1706 3367 1800 3419 καὶ
1841 3368 1988 3436 μάλα
2021 3370 2119 3435 ὲμ-

538 3459 754 3525 φρὸνως
812 3458 1256 3519 ἀπαλλάττοντξς
1310 3459 1540 3520 ἑαυτοὺς
1595 3458 1690 3527 τῆς
1755 3460 1846 3510 ἐπὶ
1907 3459 2118 3523 τούτοις

535 3551 736 3610 αἰτίας,
790 3551 881 3600 καὶ
934 3553 1058 3611 τοὺς
1104 3550 1204 3616 τῆς
1262 3551 1570 3619 ἀμωμήτου
1609 3549 1844 3612 πίστεως
1877 3552 2116 3620 ἐραστὰς

536 3642 908 3708 πληροφορεῖν
939 3642 1445 3704 σπουδὰζοντες,ὃτι
1472 3641 1567 3708 τῆς
1589 3641 1800 3693 ἐκείνου
1832 3642 2118 3711 βτελυρὶας

536 3735 785 3801 ἀμοιρεῖν
836 3733 1135 3800 ἐγνὼκκσι,
1223 3735 1550 3802 πεποίηνται
1605 3734 1705 3804 τὴν
1777 3735 2099 3801 ἀπολογίαν.

541 3825 650 3878 Καὶ
698 3825 754 3874 τὸ
799 3823 990 3891 χρῆμά
1040 3825 1158 3875 ἐστι
1207 3825 1383 3891 ψόγου
1425 3841 1485 3875 τε
1543 3826 1744 3887 παντὸς
1793 3828 1886 3877 καὶ
1917 3826 2113 3894 μώμου

541 3912 776 3983 μακράν.
815 3917 961 3984 Ἀρα
996 3916 1042 3966 εί
1081 3918 1177 3968 καὶ
1205 3916 1500 3985 Νεστόριος
1542 3916 1664 3969 κατ’
1687 3919 1864 3969 ἐκεῖνο
1896 3915 2116 3986 καιροῦ,

534 4005 656 4055 καθ’
689 4006 746 4056 ὃν
783 4006 916 4058 αὐτὸ
963 4007 1310 4075 προετείνετο
1364 4008 1515 4074 παρὰ
1579 4009 1798 4061 πάντων
1830 4008 2010 4077 ἡμῶν,
2058 4006 2119 4058 τὸ

535 4098 741 4168 χρῆναι
770 4098 1265 4167 καταψηφίσασθαι
1295 4101 1407 4153 τῶν
1437 4101 1638 4155 ἑαυτοῦ
1674 4103 1986 4172 δογμάτων,
2022 4100 2120 4153 καὶ

535 4192 858 4246 ἀνθελέσθαι
892 4191 991 4259 τὴν
1035 4191 1318 4261 ἀληθειαν,
1370 4192 1652 4262 ἐγγραρον
1685 4195 1986 4263 ἐποιήσατο
2017 4193 2114 4263 τὴν

533 4288 626 4340 ἐπὶ
661 4288 876 4348 τούτοις
923 4285 1238 4354 ὁμολογίαν
1289 4288 1381 4338 καὶ
1416 4288 1583 4339 αὑτὸν
1630 4287 1697 4339 ἂν
1754 4289 1840 4348 τίς
1882 4287 1985 4356 ἔφη
2024 4289 2118 4340 πί·

537 4396 709 4441 στεως
760 4380 894 4447 ἡμῖν
953 4380 1359 4448 καινοτομῆται
1430 4381 1748 4448 Σύμϐολον;
1812 4382 1876 4433 Τί
1931 4382 2119 4434 τοίνυν

449 4536 458 4550 1
530 4470 993 4542 διαλοιδοροῖητες
1031 4472 1213 4541 μάτην
1261 4472 1479 4524 ἔκθεσιν
1539 4472 1819 4540 Συμϐόλου
1873 4475 1973 4526 καὶ
2025 4473 2118 4527 νῦν

2226 3366 2299 3416 nti
2327 3378 2422 3428 par
2448 3375 2586 3428 erat,
2615 3380 2778 3434 quant
2812 3366 3244 3434 prudentissime
3273 3385 3331 3423 se
3356 3370 3676 3435 liberaverit,
3721 3375 3807 3427 in-

2222 3456 2570 3527 culpataeque
2624 3457 2746 3512 ﬁdei
2781 3461 3126 3514 amatoribus
3157 3475 3250 3530 per
3280 3465 3462 3516 omnia
3515 3466 3807 3521 satisface-

2227 3557 2465 3613 rent,ac
2514 3546 2854 3605 Nestorianae
2907 3551 3207 3620 impietatis
3267 3570 3323 3608 se
3373 3565 3626 3626 expertes
3684 3575 3808 3614 csse

2223 3640 2597 3702 ostenderent,
2638 3641 2940 3711 apologiam
3007 3657 3462 3714 composuerunt,
3490 3659 3542 3702 ct
3589 3650 3643 3707 id
3681 3655 3805 3720 qui-

2221 3736 2344 3788 dem
2396 3735 2688 3790 admodum
2735 3737 3048 3804 prudenter,
3105 3749 3317 3794 tantum
3367 3744 3545 3808 abest,
3591 3755 3648 3799 ut
3704 3750 3805 3802 ho.-

2225 3829 2453 3882 istorum
2488 3828 2691 3883 factum
2732 3831 2915 3900 aliqua
2944 3834 3170 3889 omnino
3201 3847 3326 3890 nota
3362 3849 3456 3892 aut
3509 3845 3804 3909 reprehen-

2223 3924 2380 3978 sione
2411 3923 2635 3991 dignum
2665 3923 2937 3980 videatur.
2958 3924 3100 3992 Quid
3129 3928 3272 3982 enim
3302 3930 3348 3984 si
3382 3930 3499 4000 ipse
3523 3927 3807 3990 Nestor-ius

2221 4028 2289 4067 eo
2321 4024 2586 4082 tempore,
2620 4030 2729 4083 quo
2758 4030 2786 4068 a
2819 4017 2977 4071 nobis
3023 4018 3281 4074 oumibus
3335 4023 3410 4076 illi
3463 4032 3807 4095 proponeba-

2224 4112 2330 4166 tur,
2363 4112 2420 4156 ut
2450 4119 2549 4158 sua
2585 4105 2699 4173 ipse
2771 4107 3022 4176 dogmata
3055 4112 3446 4170 condemnaret
3489 4121 3806 4175 veritatem-

2221 4208 2328 4263 que
2356 4195 2804 4263 amplecteretur,
2828 4198 3088 4268 scriptam
3121 4201 3188 4256 iis
3215 4203 3282 4258 de
3307 4206 3470 4262 rebus
3501 4209 3805 4266 confessio-

2224 4301 2344 4339 nem
2390 4289 2756 4355 cxhibuisset,
2817 4293 3091 4361 quispiam
3147 4295 3394 4351 dictttrus
3458 4313 3597 4366 erat,
3650 4305 3801 4358 illum

2224 4391 2424 4430 novum
2459 4379 2583 4434 ﬁdei
2609 4381 2929 4451 Symbolum
2965 4389 3402 4456 conscripsisse?
3440 4392 3584 4458 Quid
3635 4396 3804 4458 igitur

2225 4479 2428 4523 temere
2448 4473 2715 4526 conviciis
2743 4474 3082 4530 insectantur
3100 4481 3483 4538 sanetissimos
3505 4483 3802 4541 thniciae

530 4565 896 4632 ὀνομάζοντες
930 4564 1030 4634 τὴν
1071 4564 1298 4618 σύνεσιν
1331 4565 1441 4618 τῶν
1498 4567 1644 4618 κατά
1697 4569 1803 4636 τὴν
1857 4568 2116 4634 Φοινίκην
2149 4591 2196 4650 D
2222 4575 2289 4629 ep

2039 4584 2116 4634 εην
2149 4562 2530 4650 Depiscopos,
2591 4579 2781 4619 eorum
2841 4583 3170 4624 consensum
3226 4589 3427 4629 novum
3480 4577 3801 4649 Symbolum

533 4657 969 4710 θεοσεσεστάτων
995 4657 1343 4720 ἐπισκόπων,
1377 4657 1444 4726 ἢν
1486 4657 1788 4725 πεποίηται
1822 4658 2114 4728 χρησίμως

529 4766 589 4802 τε
638 4749 735 4802 καὶ
769 4747 1109 4815 ἀναγκαίως,
1141 4746 1585 4816 ἀπολογούμεναί
1622 4767 1680 4801 τε
1727 4752 1823 4802 καὶ
1851 4749 2118 4818 θεραπεύ-

530 4857 684 4902 οντες
717 4841 842 4902 τοὺς
869 4839 1185 4910 οἰηθέντας,
1219 4840 1302 4890 ὅτι
1347 4841 1467 4901 ταῖς
1528 4837 1829 4904 Νεστορίου
1874 4855 2115 4892 κατακο-

531 4931 788 4986 λουθοῦσι
819 4929 1255 4999 καινοφωνίαις;
1301 4929 1370 4982 Ἢ
1423 4933 1524 5000 μὲν
1572 4927 1667 4983 οὖν
1704 4932 1837 4994 ἀγία
1897 4931 2116 4994 σύνοδος

530 5028 626 5081 καὶ
653 5023 1015 5094 οίκουμενικὴ
1039 5027 1075 5095 ἡ
1105 5024 1252 5078 κατά
1275 5040 1338 5091 γε
1357 5023 1456 5093 τὴν
1486 5025 1596 5076 τῶν
1635 5023 1904 5092 Ἐφεσίων
1931 5041 2113 5076 συνει-

529 5118 771 5187 λεγμένη
812 5115 1222 5187 πῳεπενόησεν
1253 5115 1578 5182 ἀναγκαίως
1606 5116 1702 5168 τοῦ
1738 5116 1815 5185 μὴ
1847 5116 1958 5168 δεῖν
1993 5117 2116 5176 ταῖς

540 5210 896 5279 Ἐκκλησίαις
924 5207 1021 5262 τοῦ
1047 5207 1185 5262 Θεοῦ
1222 5207 1466 5271 πίστεως
1518 5208 1738 5262 ἔκθεσιν
1783 5208 1980 5279 ἑτέραν
2005 5211 2114 5261 εἰσ-

527 5303 813 5373 κρίνεσθαι
859 5301 1014 5370 παρά
1046 5317 1111 5369 γε
1147 5299 1246 5370 τὴν
1275 5295 1465 5364 οὖσαν,
1503 5299 1572 5370 ἢν
1617 5301 1670 5382 oi.
1721 5302 2116 5371 τρισμακάριοι

529 5393 772 5464 Πατιρες
813 5392 872 5445 ὲν
923 5394 1068 5461 ἀγίῳ
1124 5391 1410 5461 Πνεύματι
1471 5390 1761 5454 λαλοῦντες
1817 5392 2111 5462 ὡρίσαντο.

524 5487 597 5541 Οῐ
633 5503 696 5554 γε
733 5485 841 5556 μὴν
872 5485 1024 5550 ἀπαξ
1058 5486 1160 5538 οὐκ
1190 5486 1396 5548 εἰδότες
1438 5483 1536 5538 τοῦ
1571 5485 1646 5555 μὴ
1691 5485 1865 5556 ὀρθῶς
1896 5485 2114 5540 ἑλέσθαι

525 5583 748 5651 φρονεῖν
773 5621 787 5645 ,
842 5581 984 5650 μήτε
1049 5582 1157 5650 μὴν
1191 5581 1302 5643 τοῖς
1347 5580 1734 5640 ἀποστολικοῖς
1772 5595 1832 5631 τε
1870 5579 1966 5632 καὶ
2015 5579 2112 5632 eti-

523 5676 836 5742 αγγελικοίς
856 5675 1087 5728 ἕπεσθαι
1112 5674 1400 5744 δόγμασιν,
1436 5669 1549 5742 ἆρα
1587 5673 1901 5735 σιωπῶντες
1932 5674 2113 5742 ἀπηλ-

530 5769 790 5836 λάγησαν
829 5773 893 5821 ἂν
917 5772 1010 5835 τῆς
1047 5770 1141 5822 ἐπὶ
1194 5769 1367 5832 τούτῳ
1402 5767 1798 5832 δ.δασκαλίας;
1840 5768 1872 5837 ἦ
1912 5767 2113 5833 μᾶλλον

525 5860 982 5932 ἀπολογούμενοι,
1027 5863 1120 5914 καὶ
1174 5863 1271 5932 τὴς
1322 5861 1550 5931 ἐνούσης
1594 5862 1779 5926 αὐτοῖς
1817 5861 1976 5931 δόξης
2015 5862 2112 5930 τὴν

2222 4655 2578 4722 appellantes.
2624 4672 2784 4724 quem
2817 4660 2908 4712 .illi
2945 4662 3150 4717 utiliter
3177 4674 3229 4718 et
3261 4671 3576 4725 necessario
3622 4677 3808 4730 edide-

2223 4750 2369 4805 runt,
2393 4754 2446 4795 ut
2473 4744 2730 4798 nimirum
2757 4762 2815 4800 se
2830 4762 3156 4820 purgarent,
3179 4771 3382 4826 eosque
3406 4759 3806 4832 deuiulcerent,

2223 4831 2316 4900 qui
2343 4835 2492 4902 ipsos
2529 4835 2910 4894 Nestorinnam
2945 4858 3138 4898 vocum
3166 4851 3462 4904 novitatem
3496 4831 3808 4924 approbare

2222 4926 2324 4980 sibi
2364 4943 2690 4996 persuasum
2725 4932 3032 4989 habebant?
3086 4939 3285 4996 Sancta
3326 4946 3529 5016 quippe
3563 4960 3616 5002 et
3652 4967 3808 5006 oecu-

2220 5018 2434 5070 mcnica
2468 5026 2733 5090 synodus,
2777 5041 2900 5093 quae
2925 5025 3127 5097 Ephesi
3154 5047 3514 5102 convenerat,
3546 5055 3807 5098 necessao

2222 5110 2304 5164 rio
2334 5110 2594 5180 providit,
2628 5129 2735 5168 non
2765 5125 3020 5188 oportere
3053 5122 3213 5178 aliam
3246 5125 3370 5182 ﬁdei
3403 5132 3806 5197 expositionem

2221 5202 2274 5256 in
2327 5203 2606 5262 Ecclesias
2651 5207 2747 5263 Dei
2800 5207 3044 5278 inferre,
3098 5230 3293 5286 prteter
3332 5238 3474 5290 eam,
3524 5242 3646 5296 quae
3691 5230 3805 5299 jam

2219 5299 2510 5365 cxstabal,
2555 5317 2721 5372 quam
2775 5303 3080 5362 beatissimi
3133 5310 3323 5369 Patres
3379 5322 3553 5374 nostri
3612 5335 3810 5379 sancto

2221 5390 2430 5463 Spiritu
2456 5394 2624 5451 locuti
2658 5396 3044 5460 deﬁniveraut.
3074 5406 3154 5462 llli
3185 5419 3369 5468 tamen
3397 5415 3466 5469 ab
3489 5417 3592 5473 hac
3615 5424 3807 5486 θεων-Ι,

2220 5486 2407 5540 nescio
2460 5492 2763 5558 quomodo,
2819 5492 3117 5552 dissentire
3170 5503 3293 5566 Viai,
3343 5516 3397 5560 et
3446 5509 3593 5577 quod
3631 5526 3810 5580 neque

2221 5589 2372 5634 recte
2403 5582 2694 5648 sentirent,
2757 5601 2932 5657 neque
2985 5595 3300 5661 apostolicis
3365 5611 3419 5654 et
3471 5605 3808 5675 evangelicis

2221 5673 2576 5742 dogmatibus
2633 5680 2997 5750 adhaeret-cut,
3042 5687 3093 5739 in
3138 5692 3515 5759 suspicionem
3551 5673 3800 5766 adducti,

2221 5769 2485 5839 numquid
2538 5773 2916 5831 tariturnttate
2970 5779 3036 5833 ab
3085 5783 3185 5838 hac
3260 5785 3626 5855 ignominiosa
3676 5806 3807 5848 nota

2219 5879 2276 5917 sc
2309 5863 2657 5932 liberas-scut,
2693 5883 2759 5920 an
2805 5870 2961 5939 plena
3019 5875 3203 5944 potius
3243 5883 3618 5942 εουδίοιπὶοηρ
3666 5904 3805 5942 δυε-
