4462 6450
750 397 850 460 251

1817 400 1859 456 Ο
1878 395 2194 454 ΕΝΝᾹυΗ
2257 391 2361 451 (ΣΡ.
2414 393 2923 458 ΡΛΤΙΗΑΠΟΙΙΕ

3899 370 4001 448 2'52

821 511 1031 578 Agebat
1096 509 1525 561 Protcstantinm
1577 522 1802 563 causam
1853 509 1933 560 vir
1966 507 2227 563 disertus,
2266 511 2314 553 et
2348 500 2391 553 A
2421 507 2809 571 atautiationis,
2837 526 3022 564 vocem
3054 510 3330 578 exprimit,
3355 524 3473 575 qna‘
3502 508 3553 559 in
3580 504 4004 570 metaphuricam

750 602 938 652 multis
967 609 1176 651 uatur:e
1213 600 1483 666 praesidiis
1516 598 1579 651 ad
1607 614 1702 651 sua
1719 599 1852 650 riter
1889 597 2163 665 politeqne
2194 594 2333 646 scri-

666 724 681 735 ο
750 693 984 746 bendum
1037 691 1443 758 paratissimus,
1477 689 1571 743 sed
1617 689 1886 742 doctrina:
1932 685 2248 740 mediocris.
2281 693 2334 734 et

748 785 801 835 in
837 783 1164 849 antiquitate
1195 781 1598 842 ecclesiastica,
1639 781 1880 832 maxime
1929 791 2060 830 vero
2102 777 2154 827 in
2187 773 2334 827 Grze-

746 874 846 925 cize
885 873 1131 926 barbam
1187 871 1386 925 litteris
1419 871 1742 938 peregrinus
1774 883 1935 935 supra
1985 881 2146 935 quam
2183 863 2331 917 credi

747 977 946 1033 potest.
977 963 1283 1017 Accedebat
1330 963 1612 1032 negantis,
1665 975 1786 1030 qua:
1831 961 1948 1014 luce
1997 958 2165 1026 magis
2217 971 2338 1024 per-

753 1057 947 1124 spicua
985 1055 1184 1118 forent,
1218 1063 1520 1122 sancteque
1560 1054 1628 1107 de
1682 1053 1846 1106 rebus
1881 1059 1975 1103 aut
2016 1047 2334 1104 falsissimis

748 1157 842 1203 aut
876 1148 1219 1201 inanissimis
1252 1146 1577 1199 aflirmautis
1603 1145 1783 1198 audax
1812 1143 2056 1211 quidem,
2095 1140 2188 1194 scd
2221 1153 2337 1190 mo-

748 1241 902 1290 desta
944 1249 997 1290 et
1037 1237 1248 1306 placida
1286 1234 1623 1302 impudentia
1648 1272 1663 1296 ,
1695 1249 1814 1301 qua:
1861 1232 2134 1284 hominem
2167 1242 2338 1296 pepu-

751 1328 920 1378 Iarem
976 1328 1150 1395 magis
1186 1327 1328 1379 inter
1367 1340 1498 1378 suos
1565 1322 1990 1384 commendavit,
2039 1334 2201 1388 quam
2241 1318 2336 1369 do-

745 1421 947 1481 etiiua,
1003 1418 1342 1486 eloquentia,
1396 1418 1646 1470 sincerus
1701 1415 1919 1466 animus
1969 1411 2220 1464 meliores
2271 1425 2335 1462 ex

747 1514 938 1563 eadem
973 1520 1122 1564 secta
1158 1510 1462 1578 theologos.
1504 1507 1641 1560 Cum
1677 1522 1809 1559 vero
1844 1506 1931 1556 ille
1974 1505 2155 1572 spisso
2184 1501 2338 1552 volu-

750 1603 894 1654 mine
932 1610 1102 1652 totum
1156 1601 1500 1652 Albertiunm
1559 1597 1908 1665 explicuisset
1942 1634 1953 1654 ,
1996 1603 2049 1646 et
2091 1608 2228 1645 nova
2269 1591 2335 1643 de

751 1692 1003 1759 prresenti
1038 1690 1409 1742 Ecclesiarum
1447 1689 1810 1740 Orientalium
1847 1687 2148 1755 pra:sertim
2183 1683 2335 1735 Grae-

749 1798 939 1834 carum
977 1783 1079 1834 fide
1121 1782 1353 1849 quaestio
1388 1781 1781 1832 institueretur
1811 1781 1895 1830 vix
1945 1794 1970 1829 a
2013 1776 2331 1828 Prolestau-
2371 1817 2409 1871 Β

752 1873 897 1925 tibus
928 1871 1189 1935 delibata,
1239 1871 1458 1939 negarit
1509 1870 1732 1923 Graecos
1781 1869 2008 1922 credere
2051 1882 2234 1919 veram
2284 1867 2334 1917 in

756 1965 1106 2018 Eucharistia
1161 1963 1411 2031 corporis
1453 1962 1661 2018 Christi
1707 1961 2094 2030 praesentiam:
2142 1957 2187 2012 si
2241 1958 2334 2025 qui

757 2056 1006 2108 fortassis
1053 2057 1126 2108 ita
1179 2055 1583 2119 existimarent,
1617 2053 1840 2107 Graecos
1892 2067 1921 2105 a
1967 2050 2177 2103 Latinis
2212 2065 2340 2102 cor-

754 2155 945 2214 ruptos
980 2161 1102 2200 esse
1138 2147 1414 2212 asseruit;
1459 2155 1625 2215 atque
1659 2147 1734 2198 ita
1767 2159 1992 2198 causam
2029 2143 2233 2197 vicisse
2262 2142 2339 2195 si-

753 2240 806 2294 bi
845 2241 994 2293 risus
1034 2248 1136 2292 est.
1184 2239 1504 2292 Provocavit
1555 2239 1621 2290 ad
1682 2236 2120 2304 patriarcharum
2183 2235 2338 2288 testi-

761 2334 984 2396 monia;
1037 2332 1334 2400 postulavit
1379 2340 1439 2385 ut
1487 2342 1608 2384 acta
1657 2331 1876 2398 publica
1923 2329 2333 2389 exhiberentur,

754 2436 814 2478 ut
864 2425 981 2477 fidei
1044 2423 1422 2478 confessiones
1457 2465 1471 2487 ,
1522 2435 1579 2476 ut
1643 2421 1976 2492 synodorum
2015 2417 2335 2478 sententiae,

754 2519 1080 2571 existimans
1145 2517 1357 2570 scilicet
1422 2516 1536 2567 Iieri
1585 2530 1691 2567 non
1751 2528 1911 2582 posse
1964 2521 2023 2565 ut
2093 2512 2206 2564 lucc
2270 2525 2336 2562 ex

752 2610 964 2662 Cra-cia
1015 2609 1372 2661 haberentur.
1444 2606 1726 2658 Venerunt
1778 2617 1956 2659 tamen
2012 2602 2098 2656 vix
2150 2603 2336 2671 elapso

751 2701 976 2753 biennio
1032 2701 1400 2753 instrumenta
1454 2714 1482 2750 a
1533 2697 1954 2760 Gneeorum,et
2007 2711 2033 2746 a
2072 2694 2333 2763 Syrorum

753 2793 1166 2850 Melchitarum,
1203 2790 1581 2842 .Iacobilarnm
1638 2799 1692 2842 et
1735 2789 2187 2842 Nestorianorum
2238 2788 2338 2840 Ec-

752 2885 956 2947 clesiis,
1004 2896 1056 2936 et
1092 2895 1211 2951 post
1238 2898 1412 2935 annos
1449 2884 1588 2934 duos
1628 2890 1682 2934 et
1717 2882 1974 2949 deinceps
2019 2891 2124 2932 tam
2170 2881 2334 2931 multa

753 2980 856 3029 alia
891 2994 916 3028 a
956 2978 1027 3030 cl.
1064 2977 1183 3027 viro
1229 2975 1431 3028 Carolo
1481 2973 1776 3028 Francisco
1828 2973 2012 3026 Olerio
2060 2973 2336 3024 Nointelio

752 3070 895 3130 r-eis
928 3068 992 3119 ad
1032 3068 1452 3120 Othomanicatu
1499 3068 1678 3119 aulam
1715 3067 1913 3134 legato,
1947 3074 2005 3118 ut
2038 3067 2150 3132 jam
2190 3065 2332 3116 desi-

2441 603 2898 668 signifieationem
2951 603 3090 664 trahi
3127 618 3222 671 per
3263 601 3636 654 calumniosas
3686 597 4004 660 interpreta-

2441 693 2618 746 tioncs
2652 708 2756 745 non
2786 702 2981 760 potest.
3019 692 3075 746 Si
3107 693 3238 760 quid
3271 690 3519 743 fortassis
3556 702 3618 740 cx
3657 677 4010 737 bibliothecis

2441 783 2492 835 in
2529 784 2704 836 lucem
2735 785 2937 845 editur,
2966 784 3112 852 quod
3147 783 3412 836 doctrina:
3440 777 3729 832 catliolicm
3761 773 4010 827 videatur

2438 876 2800 937 contrarimn,
2831 875 2939 928 duo
2960 890 2988 927 a
3029 875 3302 942 theologis
3335 869 3580 940 praestari
3610 866 3790 920 solent
3822 875 4011 915 :scru-

2441 977 2626 1020 tantur
2672 981 2864 1034 nempe
2894 967 3138 1030 codices,
3172 977 3230 1020 ut
3277 965 3511 1033 primum
3550 961 3616 1014 de
3645 959 3792 1012 illius
3821 954 3912 1023 qui
3955 953 4008 1011 in

2440 1060 2814 1112 testimonium
2867 1060 3184 1119 adducitur,
3225 1057 3551 1112 auctoritate
3603 1059 3849 1112 constet,
3892 1055 4006 1096 tum

2439 1150 2688 1202 doctrina
2725 1149 3047 1216 explicatur,
3095 1164 3269 1216 neque
3301 1149 3344 1200 si
3389 1162 3418 1200 a
3458 1143 3667 1211 vulgari
3710 1141 3763 1192 in
3789 1153 3892 1203 qua
3927 1135 4009 1185 vi-

2440 1244 2618 1294 vimus
2661 1241 2918 1309 opinione
2950 1241 3202 1295 recedere
3229 1241 3502 1301 videatur,
3527 1235 3709 1289 statim
3752 1237 4011 1284 censetur

2439 1333 2800 1398 explodenda.
2828 1334 2930 1398 Qui
2961 1333 3118 1385 aliter
3153 1330 3350 1393 fecere,
3391 1339 3448 1382 ut
3480 1329 3608 1380 olim
3642 1338 3866 1378 avorqu
3901 1335 4013 1370 mc-

2441 1423 2611 1476 tnoria
2656 1421 2852 1477 Petrus
2902 1424 3214 1486 Molinaans,
3258 1421 3350 1489 qui
3405 1429 3745 1488 qmecunque
3793 1411 4010 1462 Patrum

2440 1516 2667 1581 SCt'ipla,
2715 1516 2757 1567 si
2800 1531 2914 1569 sum
2965 1526 3130 1569 sectae
3179 1512 3395 1580 placitis
3435 1509 3896 1562 adversarentur,
3959 1509 4014 1550 ut

2441 1609 2624 1672 spuria
2662 1607 2961 1672 rejiciebat,
3004 1606 3038 1658 ii
3092 1605 3536 1657 doctissimorum
3590 1599 3732 1649 inter
3775 1608 3903 1646 suos
3936 1592 4014 1642 vi-

2442 1711 2624 1747 rorum
2661 1710 2945 1748 censuram
2985 1694 3192 1762 experti
3225 1703 3374 1747 sunt.
3410 1692 3476 1743 At
3522 1702 3698 1740 novus
3733 1686 3821 1734 ille
3861 1681 4015 1732 theo-

2441 1791 2596 1857 logus
2630 1804 2806 1856 neque
2854 1788 3310 1841 bibliothecarum
3347 1783 3551 1836 forulos
3592 1786 3868 1834 scrutatus
3909 1780 4012 1826 est.

2446 1895 2622 1949 neque
2655 1881 2889 1934 criticen
2933 1879 3094 1932 ullam
3126 1877 3391 1936 adhibuit,
3426 1873 3520 1928 sed
3552 1881 3717 1922 totam
3747 1865 4011 1918 Grreciam

2441 1982 2707 2035 veterem,
2734 1986 2954 2033 novam,
2981 1979 3032 2022 et
3056 1981 3394 2037 quaecunque
3439 1964 3654 2016 tandem
3685 1961 3860 2010 futura
3891 1955 4015 2013 erit,

2441 2081 2551 2118 uno
2581 2065 2684 2119 sibi
2733 2065 2880 2118 visus
2909 2071 2993 2116 est
3046 2067 3369 2129 argumento
3405 2052 3791 2125 prostravisse.
3829 2045 4016 2098 Aiebat

2440 2159 2652 2212 scilicet
2701 2172 2759 2210 se
2812 2156 3071 2224 probasse
3125 2161 3392 2221 quantum
3453 2147 3589 2201 satis
3630 2150 3765 2203 erat,
3810 2137 4017 2192 Graecis

2438 2250 2788 2320 praesentiam
2814 2248 3036 2307 realem,
3059 2247 3231 2299 ιιιιιιιο
3268 2245 3446 2298 minus
3473 2232 4018 2292 transnhstantiatio-

2441 2359 2563 2397 nem
2604 2343 2823 2395 venisse
2865 2352 3134 2405 nusquam
3181 2336 3233 2388 in
3274 2342 3534 2392 mentem,
3567 2340 3760 2380 omnes
3808 2323 3874 2376 ab
3909 2319 4012 2374 ini—

2439 2439 2512 2490 tio
2563 2435 2923 2490 schismatntn
2959 2446 3078 2484 eam
3116 2428 3277 2481 fidem
3323 2423 3582 2477 habuisse
3606 2460 3620 2480 ,
3656 2433 3779 2486 quae
3826 2412 4013 2483 Cyrilli

2440 2526 2670 2580 Lucaris
2710 2523 3072 2578 Confessione
3096 2514 3478 2572 contineretur
3508 2529 3521 2566 :
3556 2511 3648 2580 qui
3681 2524 3810 2575 ergo
3859 2506 4017 2557 aliter

2438 2618 2728 2674 sentirent,
2757 2629 2852 2667 eos
2876 2612 3283 2680 Λατινόφρονας
3311 2621 3454 2667 esse,
3490 2619 3596 2656 non
3638 2601 3857 2654 Graecos
3889 2595 4018 2662 legi-

2437 2710 2621 2766 timos,
2659 2707 2748 2760 sed
2777 2706 2935 2758 avita:
2962 2703 3108 2761 fidei,
3137 2710 3534 2763 sacrorumque
3561 2691 3857 2761 patriorum
3892 2701 4018 2753 pro-

2437 2801 2671 2858 ditores,
2709 2811 2946 2867 quorum
2984 2794 3127 2846 nulla
3171 2798 3317 2844 esset
3367 2791 3419 2840 in
3472 2783 3743 2853 ejusmodi
3794 2787 4019 2833 contro-

2437 2892 2634 2944 versiis
2674 2889 2998 2941 auctoritas.
3037 2885 3148 2938 Iloc
3187 2881 3542 2935 fundamento
3588 2874 3820 2929 subnixa
3872 2870 4020 2925 stetit

2437 2999 2535 3052 per
2593 2997 2768 3034 annos
2803 2979 3003 3032 multos
3065 2985 3173 3028 tota
3212 2971 3641 3026 Claudiauarum
3683 2965 4016 3032 argutiarum

2440 3076 2716 3128 machina.
2751 3071 2905 3123 Mitto
2951 3069 3056 3120 alia
3101 3064 3409 3134 ejusmodi,
3455 3074 3688 3128 quorum
3739 3057 3818 3108 vel
3872 3055 4020 3122 ipsos

750 3163 930 3214 ili-rari
972 3162 1101 3213 nihil
1142 3170 1328 3229 posset
1370 3161 1451 3213 vel
1498 3161 1562 3212 ad
1607 3161 1888 3212 veritatem
1927 3158 2332 3220 stabilicmiam,
2366 3163 2413 3224 ε
2445 3168 2820 3220 protestantes
2857 3161 3077 3230 pudeat,
3116 3167 3168 3211 ut
3210 3158 3414 3208 mullos
3454 3169 3584 3205 sane
3644 3150 3823 3203 audivi
3877 3148 4024 3200 viros

751 3258 832 3305 vel
861 3260 922 3306 ad
956 3255 1231 3307 hominem
1260 3269 1344 3321 per
1364 3263 1526 3321 peluo
1555 3253 1778 3305 silentio
1803 3251 2197 3304 damnandum.
2224 3252 2328 3304 Sed

750 3349 841 3415 qui
881 3347 1225 3400 verecundize
1275 3347 1409 3400 fines
1446 3346 1612 3400 semel
1670 3346 2028 3407 transilierat,
2073 3361 2196 3398 cum
2233 3359 2332 3397 na-

751 3442 892 3492 viter
927 3438 1218 3506 oportebat
1249 3454 1372 3491 esse
1400 3439 1793 3505 impudentem.
1827 3438 1902 3491 lta
1938 3439 2030 3507 qui
2068 3438 2121 3490 in
2153 3437 2334 3506 priva-

753 3534 822 3584 tis
848 3533 1070 3599 judiciis
1105 3542 1213 3586 tam
1249 3539 1400 3584 certa
1437 3540 1686 3585 actorum
1733 3529 1837 3583 fide
1878 3530 2169 3584 calumnia:
2204 3543 2334 3582 con-

754 3628 930 3678 τῖε-ηις
967 3625 1244 3678 infamiam
1279 3623 1545 3684 tulisset,
1581 3621 1887 3676 cavillando
1919 3623 2160 3676 obtinuit
2189 3623 2332 3691 apud

754 3736 882 3773 Suos
917 3729 972 3771 ut
1007 3718 1110 3771 sibi
1147 3718 1212 3772 de
1248 3718 1612 3771 Orientalium
1656 3717 1902 3769 doctrina
1951 3724 2140 3769 contra
2185 3723 2336 3769 acto-

753 3830 872 3867 rum
916 3811 1073 3864 fidem
1112 3811 1448 3865 crederetur.
1489 3809 1676 3877 Neque
1727 3817 1844 3861 acta
1890 3809 2066 3862 Solum
2117 3819 2170 3861 et
2215 3823 2336 3861 scu-

755 3908 938 3959 teutiie
974 3903 1289 3974 syaodales,
1325 3903 1416 3955 sed
1448 3911 1501 3954 et
1526 3901 1648 3954 libri
1677 3901 1842 3954 etiam
1877 3901 2071 3969 integri
2098 3917 2161 3953 ex
2188 3899 2338 3953 (ΣΙ-ιη-

754 4000 836 4052 cia
883 3997 1034 4051 missi
1096 4005 1242 4056 sunt,
1303 3993 1509 4064 quibus
1564 4001 1683 4046 acta
1735 3990 2228 4053 confirmarentur;
2286 4001 2338 4043 et

756 4111 889 4148 sane
923 4093 1121 4146 multos
1156 4089 1221 4143 ad
1253 4088 1525 4143 saniorem
1579 4094 1816 4140 mentem
1851 4095 2154 4146 revocatos,
2188 4097 2241 4139 et
2271 4085 2336 4138 ad

756 4189 1083 4240 catholicam
1141 4182 1367 4236 Matrem
1420 4196 1710 4244 reversos,
1771 4194 1961 4233 eorum
2017 4181 2341 4233 auctoritate

755 4301 862 4336 ti'm
910 4283 1029 4336 sine
1063 4279 1251 4333 lmtitia
1289 4276 1502 4346 experti
1539 4291 1758 4328 sumus.
1799 4273 2081 4344 Ejusmodi
2120 4272 2342 4326 fuerunt

758 4377 1030 4443 Confessio
1066 4373 1362 4426 orthodoxa
1391 4368 1644 4422 Ecclesia:
1673 4368 1985 4429 Orientalis,
2021 4367 2154 4434 ipsis
2181 4365 2342 4420 fiala-

759 4490 951 4525 \orum
985 4470 1127 4540 typis
1160 4466 1305 4520 edita
1342 4465 1393 4517 in
1427 4465 1660 4532 gratiam
1696 4463 2058 4532 Panagiottis,
2092 4463 2339 4530 primarii

759 4561 1083 4630 interpretis
1114 4557 1256 4628 apud
1289 4556 1594 4609 Turcarum
1639 4555 2059 4623 imperatorem;
2093 4554 2342 4623 Synodus

756 4652 1210 4714 llethlehcmitica,
1254 4659 1307 4702 et
1332 4647 1532 4701 Meletii
1570 4644 1744 4714 Syrigi
1782 4645 1925 4712 Opus
1958 4644 2206 4699 adversus
2245 4646 2344 4716 Cy-

758 4751 866 4803 ritli
896 4747 1115 4800 Lucoris
1150 4745 1346 4812 falsam
1383 4741 1508 4809 ﬁdei
1531 4740 1930 4805 expositionem,
1967 4755 2130 4807 quam
2163 4752 2347 4796 tanto-

759 4859 887 4920 pere
941 4843 1334 4893 exosculantur
1381 4833 1538 4887 multi
1591 4831 1996 4895 Protcstantcs,
2044 4835 2349 4888 reclaman-

759 4938 905 4986 tibus
946 4933 1085 5001 apud
1120 4946 1215 4983 eos
1248 4926 1608 4980 doetissimis.

832 5029 976 5078 luter
1023 5023 1125 5075 alia
1152 5037 1272 5090 quae
1299 5021 1569 5074 adversus
1604 5019 1907 5073 inauditam
1937 5018 2165 5074 Lucaris
2196 5022 2351 5075 theo-

759 5120 957 5189 logiam
1005 5114 1316 5169 testimonia
1363 5113 1698 5181 produxerat
1731 5112 1983 5182 Syrigns,
2020 5115 2350 5168 occurrebat

763 5211 1033 5268 sententia
1080 5206 1376 5272 Gennadii,
1412 5208 1525 5274 qui,
1573 5207 1750 5274 inquit
1788 5206 1896 5270 ille,
1940 5204 2158 5274 ﬂorebat
2208 5207 2350 5259 circa

764 5321 964 5359 annum
1009 5303 1168 5360 “55.
1208 5302 1411 5368 primus
1445 5308 1800 5367 postcaptam
1845 5299 2026 5350 urbem
2070 5299 2350 5350 renuntia-

764 5414 847 5455 tus
889 5397 1223 5468 patriarcha.
1256 5395 1350 5449 Illo
1393 5408 1527 5448 Sane
1572 5392 1894 5447 testimonio
1929 5391 2013 5444 vix
2048 5391 2348 5460 quidquam

763 5495 816 5552 3n
845 5496 1151 5548 litterarum
1192 5487 1564 5543 monumentis
1595 5486 1919 5555 expressius
1945 5485 2210 5539 occurrit.
2240 5483 2352 5536 Nec

761 5588 906 5642 enim
959 5586 1090 5640 solae
1133 5583 1417 5638 sententia:
1465 5579 1735 5635 Gennadii
1772 5579 2186 5632 Catholicorum
2231 5591 2356 5630 sen-

767 5679 980 5741 tentiis,
1025 5677 1122 5732 scd
1176 5677 1343 5732 verba
1393 5675 1558 5728 etiam
1606 5673 1790 5727 verbis
1822 5672 2181 5733 conveniunt,
2225 5671 2354 5722 dum

767 5770 1290 5826 transmutationcm
1327 5770 1723 5822 elementorum
1767 5766 1819 5817 in
1880 5779 2082 5832 corpus
2134 5770 2188 5816 et
2233 5778 2358 5815 San-

768 5863 990 5933 ευῖηριιι
1032 5861 1238 5916 Christi
1294 5875 1390 5930 per
1425 5857 1865 5930 jtzanu'nuu;,
1941 5855 2056 5911 sive
2114 5855 2355 5906 transab—

2437 3261 2610 3313 bonos
2640 3257 2729 3324 qui
2762 3254 3052 3309 Claudium
3081 3251 3259 3303 valere
3291 3247 3570 3316 jnbcrent,
3606 3243 3748 3310 quod
3775 3255 4025 3293 coruum-

2435 3367 2560 3406 nem
2596 3364 2821 3404 causam
2875 3348 2925 3399 in
2980 3345 3118 3398 tales
3166 3342 3448 3404 angustias
3494 3335 3832 3391 deduxisset,
3877 3332 4023 3384 unde

2437 3442 2628 3512 pedem
2656 3440 2862 3494 referre
2890 3452 2996 3490 non
3030 3434 3249 3488 licebat.
3275 3431 3464 3498 Neque
3487 3428 3655 3488 enim,
3682 3423 4024 3492 inquiebant,

2436 3545 2632 3590 nostra
2689 3530 2856 3586 refert
2904 3527 3036 3597 quid
3097 3525 3271 3580 Graeci
3327 3532 3419 3575 aut
3466 3519 3664 3588 reliqui
3719 3516 4026 3571 Orientales

2438 3627 2687 3685 credant,
2720 3622 2850 3693 quid
2898 3623 3215 3688 vituperent
3259 3617 3313 3668 in
3362 3607 3550 3666 nostra
3597 3609 3869 3670 doctrina,
3907 3621 4028 3675 qua:

2439 3733 2548 3773 non
2569 3715 2823 3770 humanis
2843 3712 3254 3780 peregrinarum
3281 3704 3644 3759 Ecclesiarum
3665 3699 4028 3761 testimoniis,

2441 3811 2534 3865 sed
2567 3809 2686 3863 solo
2717 3807 2805 3860 Dei
2843 3805 3013 3858 verbo
3049 3803 3263 3856 nititur.

2511 3900 2820 3956 Productus
2859 3902 2979 3949 erat
3019 3909 3079 3946 ex
3119 3891 3332 3945 Meletio
3361 3888 3555 3958 Syrigo
3581 3883 3938 3946 Gennadius;
3978 3890 4032 3935 et

2443 4008 2566 4048 cum
2609 4001 2867 4056 excerpta
2918 4003 2983 4040 ex
3032 3986 3220 4039 eodem
3253 3982 3568 4033 lticliardus
3617 3978 3808 4032 Simon
3847 3973 4032 4043 publi-

2443 4094 2648 4146 casset,
2674 4083 2914 4136 Thomas
2967 4080 3140 4134 Smith
3176 4078 3462 4142 theologus
3504 4070 3835 4127 Oxonieusis
3863 4081 4025 4136 opus-

2444 4178 2568 4231 cula
2605 4176 2715 4228 duo
2759 4173 2931 4226 edidit
2961 4170 3026 4223 de
3063 4169 3376 4223 Graecarum
3416 4162 3788 4218 Ecclesiarnm
3845 4166 4014 4221 statu,

2443 4281 2498 4325 et
2538 4267 2890 4323 Miscellanea
2923 4261 3196 4331 quzedam,
3252 4260 3306 4311 in
3358 4256 3558 4326 quibus
3592 4254 3658 4307 de
3698 4251 4017 4305 Gereonio:

2446 4364 2571 4428 fide,
2611 4362 2678 4414 dc
2710 4358 2898 4429 Cyrilli
2933 4356 3161 4410 Lucaris
3205 4351 3568 4406 Confessionc
3602 4357 3655 4400 et
3700 4346 3819 4415 ejus
3863 4345 4034 4396 histo-

2447 4457 2526 4511 ria
2563 4467 2774 4509 veteres
2807 4452 3013 4505 mnnias
3048 4445 3376 4501 certissimis
3409 4440 3749 4509 argumentis
3781 4436 4034 4489 i-onfuta-

2454 4561 2536 4604 tas
2570 4549 2764 4601 iterum
2799 4543 3106 4612 proposuit,
3140 4549 3305 4605 atque
3339 4536 3480 4588 inter
3505 4533 3608 4584 alia
3640 4530 4033 4582 divinationem

2452 4645 2715 4698 adversus
2766 4635 3142 4695 Gennadinm,
3202 4631 3281 4683 vel
3333 4629 3514 4696 potius
3568 4625 3831 4678 adversus
3881 4621 4037 4672 Melc-

2453 4738 2588 4791 tium
2620 4732 2900 4804 Syrigum,
2930 4742 3092 4796 quem
3128 4722 3427 4791 supposita:
3462 4715 3750 4770 Gennadio
3789 4711 4038 4766 Hotniliaa

2451 4831 2517 4884 de
2551 4824 2897 4882 Eucharistia
2951 4836 3108 4874 reum
3149 4815 3382 4885 peragit,
3435 4810 3602 4865 nullis
3653 4807 3891 4866 indiciis,
3943 4804 4037 4857 sed

2452 4931 2666 4977 tantum
2713 4917 3069 4985 conjecturis,
3117 4925 3240 4979 qme
3274 4907 3472 4974 Opinor
3517 4901 3689 4970 azqnis
3739 4897 4041 4952 lectoribus

2455 5011 2796 5066 inanissima:
2856 5004 3213 5059 videbuntur.
3289 4996 3459 5050 D0cet
3527 5006 3747 5060 quoque
3800 4987 4040 5041 Gabricli

2455 5100 2848 5170 Philadelphia:
2892 5094 3252 5163 meti-epoIitae
3283 5089 3484 5144 debere
3524 5084 3744 5140 Graecos
3779 5079 4045 5135 recentio-

2454 5213 2544 5254 res
2593 5209 2780 5249 vocem
2815 5187 3253 5262 μετουσιώσεως,
3301 5197 3409 5251 qua
3446 5179 3514 5234 ab
3564 5176 3726 5230 annis
3763 5172 4041 5240 octoginta

2456 5291 2534 5346 uti
2585 5287 2785 5348 solent,
2828 5299 2892 5338 ex
2927 5295 3036 5351 quo
3070 5277 3250 5332 infusa
3300 5273 3443 5342 apud
3480 5285 3576 5324 eos
3623 5266 3866 5320 latinitas
3918 5262 4041 5325 fuit,

2457 5381 2602 5451 quod
2655 5376 3010 5434 falsissimum
3050 5385 3174 5425 esse
3216 5365 3458 5436 Epistola
3502 5359 3703 5415 Meletii
3737 5357 3900 5428 Pisae,
3944 5368 4045 5422 pa-

2459 5473 2714 5528 triarchae
2747 5464 3097 5523 Alexandrini
3127 5501 3141 5526 ,
3175 5475 3339 5530 quam
3411 5455 3650 5513 edimus.
3686 5450 3778 5505 fiet
3811 5445 4046 5500 manife-

2459 5580 2633 5624 stum.
2689 5560 2874 5614 Virum
2916 5572 3036 5618 sua,
3071 5565 3128 5608 ut
3169 5551 3568 5610 existimamus,
3596 5542 3786 5611 religio
3833 5537 4048 5603 fefellit,

2462 5660 2620 5728 Cujus
2660 5655 2918 5708 laborans
2953 5645 3313 5718 przejudiciis,
3342 5633 3822 5703 Constantinopoli
3861 5629 4048 5684 indili-

2466 5762 2679 5824 genteai
2720 5745 2945 5801 omnino
2979 5756 3201 5810 operarii
3253 5736 3474 5791 natavit
3506 5735 3559 5786 in
3591 5747 3657 5786 eo
3685 5727 3827 5798 quod
3863 5738 4050 5779 susce-

2465 5855 2617 5906 ucrat
2657 5840 2873 5911 negotio
2904 5835 3248 5907 explicando,
3284 5841 3375 5886 aut
3425 5828 3658 5883 fateatur
3702 5833 3927 5879 necesse
3961 5827 4048 5873 cst
