4462 6450
697 402 806 458 259

1819 400 1862 455 C
1881 399 2195 457 ENNADII
2244 397 2350 456 (ΞΡ.
2401 397 2588 456 ΡΑἸἪ
2607 397 2911 457 [ARCILE

3865 383 3970 457 260

697 514 915 563 t‘llCllel‘
943 520 1185 578 tempore
1223 508 1434 561 Marcus
1469 502 1770 578 Ephesius,
1799 511 1958 578 paulo
1985 520 2112 562 ante
2143 523 2286 560 mor-
2318 515 2359 566 Α
2393 510 2621 576 recepit.
2666 510 2902 578 Scripsit
2963 509 3127 565 simul
3181 509 3594 563 valedictoriam
3653 507 3969 560 Orationem

699 613 806 654 tem
865 599 1092 654 Joannis
1125 599 1442 667 Palaeologi.
1501 600 1778 668 Georgius
1835 601 2122 653 morientis
2183 613 2278 651 su-

700 707 916 758 premas
960 705 1117 743 voces
1173 691 1408 756 excepit,
1462 699 1515 742 et
1568 693 1620 742 in
1668 691 1790 757 ejus
1823 691 1987 743 verba
2031 689 2234 758 juravit
2262 728 2278 753 ,

698 778 806 832 Deo
827 791 882 833 et
914 782 1124 848 angelis
1157 780 1213 832 in
1249 779 1630 833 testimonium
1685 782 1988 844 advocatis,
2033 791 2281 834 servatu-

698 886 819 924 ium
878 885 938 924 se
998 884 1230 923 veterem
1287 872 1472 932 tidem,
1523 880 1578 923 et
1668 882 1856 924 contra
1907 869 2278 925 Florentinam

702 964 957 1014 unionem
988 972 1253 1029 perpetuo
1275 977 1339 1014 ex
1372 960 1535 1014 amici
1569 967 1622 1014 et
1649 961 2006 1028 pneceptoris
2039 963 2122 1016 sui
2152 976 2279 1014 scn-

701 1056 878 1105 tentia
905 1061 1300 1119 pugnaturum.
1329 1048 1454 1103 llaec
1481 1050 1592 1117 ipse
1625 1049 1819 1103 scribit
1849 1050 1902 1102 in
1939 1050 2186 1120 Epistula
2212 1049 2279 1103 ad

699 1141 1344 1209 Constantinopolitanos
1427 1149 1688 1208 tanquam
1751 1141 2081 1196 notissima:
2134 1157 2280 1194 mor-

703 1247 852 1286 tuum
883 1249 1011 1286 vero
1050 1234 1300 1286 oratione
1337 1232 1601 1294 laudavit,
1635 1247 1758 1300 qua:
1793 1242 1974 1286 exstat
2011 1235 2062 1286 in
2113 1233 2282 1288 variis

699 1326 1003 1379 codicibus.
1039 1325 1266 1378 Exstant
1298 1338 1517 1391 quoque
1550 1323 1602 1376 in
1634 1324 1922 1378 codicibus
1977 1322 2162 1392 llegiis
2190 1340 2282 1377 ex-

703 1431 872 1468 trema
902 1414 1064 1469 latri
1099 1413 1319 1482 Ephesii
1348 1415 1600 1466 morituri
1630 1415 1696 1467 ad
1723 1413 2071 1468 Scholarium
2095 1417 2281 1477 Verba,

703 1509 906 1575 quibus
933 1508 1035 1575 ipsi
1069 1505 1274 1560 Graecae
1306 1504 1563 1559 Ecclesiae
1593 1516 1647 1560 et
1681 1506 1805 1574 ejus
1839 1506 2162 1573 dogmatum
2188 1507 2281 1560 de-

706 1600 1015 1654 fensionem
1059 1597 1453 1652 commendat:
1490 1595 1763 1651 Scholarii
1811 1612 2028 1666 quoque
2058 1612 2283 1666 respon~

703 1693 806 1752 sio,
837 1703 959 1758 quae
987 1689 1115 1740 huic
1148 1687 1405 1754 Epistula:
1430 1688 1590 1756 plane
1625 1697 1992 1742 consentanea
2034 1696 2136 1740 est.

773 1779 967 1832 Joanni
999 1777 1305 1844 Palmologo
1353 1775 2046 1829 succcssitConstantinus
2084 1777 2280 1840 frater,

708 1874 1102 1940 imperatorum
1147 1867 1888 1936 Constantinopolitanorum
1944 1878 2187 1934 postrem
2200 1886 2286 1932 us,

705 1973 937 2015 exeunte
979 1974 1127 2014 anno
1171 1961 1304 2014 Jcsu
1343 1959 1548 2015 Chrisn
1601 1958 1761 2013 luti.
1793 1957 1952 2025 Apud
1986 1973 2148 2026 quem
2177 1969 2291 2012 sta-

707 2054 801 2106 tim
832 2050 1156 2105 Scliolarius
1189 2059 1484 2104 accusatus
1525 2056 1631 2112 est,
1667 2048 1830 2117 quasi
1871 2047 2289 2110 ecclesiasticis,

705 2146 847 2213 apud
879 2158 1020 2210 quos
1071 2143 1368 2212 plurimum
1413 2148 1653 2209 poterat,
1699 2148 1898 2193 auctor
1933 2139 2130 2196 fuisset
2162 2154 2291 2208 pro-

705 2237 1078 2293 crastinanda‘.
1142 2235 1524 2290 coronationis
1576 2250 1700 2303 qua:
1742 2233 2124 2290 ecclesiastico
2177 2236 2289 2288 ritu

704 2346 830 2385 cum
873 2331 1042 2384 variis
1083 2330 1342 2399 precibus
1375 2329 1645 2382 celebrari
1685 2325 1921 2382 solebat.
1969 2325 2156 2398 Neque
2187 2345 2287 2383 ne-

705 2422 865 2492 gabat
897 2422 1056 2489 plane
1081 2418 1360 2488 Georgius
1393 2419 1720 2476 Scholarius
1744 2419 2109 2474 differendam
2143 2436 2287 2486 esse,

703 2515 880 2570 donec
929 2512 1190 2568 Ecclesia:
1242 2520 1298 2567 et
1343 2512 1662 2579 reipublicae
1720 2513 2135 2577 consuleretur;
2195 2515 2289 2567 sed

706 2607 956 2662 nonalio
990 2607 1040 2660 id
1081 2605 1262 2660 aiebat
1307 2605 1508 2659 fecisse
1569 2604 1780 2668 animo,
1833 2620 1998 2673 quam
2047 2605 2285 2659 utlabe-

707 2700 967 2752 iactatam
1019 2697 1288 2765 majorum
1347 2697 1508 2753 lidcm
1546 2697 1972 2754 restaurandam
2024 2709 2286 2760 curaret.

705 2800 817 2847 tam
846 2790 965 2846 lidei
991 2807 1153 2860 quam
1180 2790 1502 2859 imperatori
1545 2794 1870 2853 consulens,
1906 2789 1978 2841 ab
2006 2788 2286 2840 hominum

707 2899 837 2939 vero
865 2882 1208 2937 nefariorum
1248 2880 1496 2935 consiliis
1523 2879 1900 2934 alienissimus
1925 2918 1940 2944 ,
1967 2877 2167 2946 quippe
2195 2877 2288 2944 qui

707 2991 905 3030 novum
941 2975 1334 3042 imperatorem
1401 2971 1668 3040 singulari
1709 2985 1896 3024 amore
1957 2970 2292 3036 complecte-

707 3081 884 3131 retur,
916 3075 971 3120 et
1006 3066 1076 3118 ab
1106 3080 1171 3119 eo
1223 3065 1276 3117 in
1312 3063 1514 3117 melius
1559 3079 1645 3118 res
1705 3077 1834 3116 suas
1885 3070 2288 3116 c0mututatuin

708 3159 774 3210 iri
805 3164 1077 3225 speraret,
1113 3157 1274 3224 cujus
1311 3155 1488 3224 gratia
1535 3153 1860 3214 adversam,
1920 3162 1980 3203 ut
2039 3153 2289 3204 sciebant

705 3265 922 3315 omnes,
957 3248 1237 3304 fortunam
1271 3246 1464 3301 luisset
1494 3259 1777 3316 expertus.
1810 3243 1949 3298 Cum
1983 3258 2117 3297 vero
2141 3242 2288 3298 Con-

708 3341 983 3394 stantinus
1024 3339 1404 3394 imminentem
1445 3338 1572 3400 sibi,
1605 3346 1657 3390 et
1687 3351 1810 3406 qua:
1838 3345 1960 3404 post
1991 3349 2168 3389 annos
2201 3335 2286 3388 vix

704 3436 952 3499 quinque
975 3442 1274 3484 consecuta
1309 3441 1416 3491 est,
1450 3429 1660 3482 cladem
1688 3436 1962 3489 metuens,
1998 3427 2198 3479 auxilia
2222 3427 2292 3480 ab

710 3524 855 3577 italis
889 3523 1212 3591 pusutlarct,
1260 3537 1383 3591 qua:
1412 3519 1674 3575 Nicolaus
1710 3521 1769 3585 ν,
1807 3519 2049 3587 ιιοιιιιῐει
2091 3518 2287 3572 Roma-

707 3632 832 3673 nus,
873 3629 978 3666 non
1005 3615 1166 3667 aliter
1202 3615 1602 3681 pollicebatur,
1639 3627 1802 3682 quam
1841 3613 1885 3664 si
1913 3613 2288 3664 Florentinam

707 3712 964 3760 unionem
1028 3708 1404 3769 confirmaret,
1456 3715 1510 3760 et
1569 3704 1633 3759 ad
1694 3719 1813 3759 eam
1849 3705 2286 3772 amplectendam

703 3802 925 3852 Graecos
951 3799 1252 3868 prmsertim
1281 3798 1696 3852 ecclesiasticos
1725 3807 1777 3851 et
1813 3797 2117 3852 monachos
2142 3812 2294 3852 com-

703 3895 952 3960 pelleret,
982 3892 1162 3945 missae
1203 3898 1331 3944 sunt
1367 3906 1396 3943 a
1430 3889 1692 3959 pontifice
1736 3889 2040 3959 legationes
2082 3889 2292 3958 aliquot

701 3983 1284 4053 Constantinopolim;
1337 3983 1513 4053 prima
1565 3982 1785 4036 videtur
1839 3982 2009 4036 fuisse
2044 3982 2289 4052 episeopi

699 4080 976 4141 Cortonae,
1017 4079 1111 4147 qui
1156 4092 1280 4131 cum
1335 4075 1539 4130 Graecis
1568 4076 1840 4146 theologis
1876 4075 2077 4146 saepius
2099 4075 2286 4146 dispu-

701 4172 858 4232 tavit,
885 4171 1044 4224 annis
1071 4169 1294 4224 circiter
1356 4177 1598 4238 quatuor
1633 4178 1760 4222 ante
1812 4178 2028 4237 captam
2073 4171 2288 4224 urbem.

699 4262 1020 4316 Cra-corum
1062 4271 1249 4332 partes
1307 4264 1569 4317 tuebatur
1611 4261 1886 4332 Georgius
1938 4261 2286 4326 Scholarius,

699 4356 790 4424 qui
822 4355 1223 4424 disputationes
1268 4356 1480 4424 scripto
1511 4356 1839 4423 c0mplexus
1873 4364 1980 4417 est,
2007 4363 2063 4409 et
2115 4355 2287 4408 variis

698 4447 986 4514 opusculis
1036 4443 1266 4499 Latinos
1327 4444 1661 4499 refellendos
1707 4445 1977 4513 suscepit.
2044 4442 2288 4497 Meminit

699 4542 811 4607 ipse
846 4541 900 4591 in
954 4536 1196 4606 Episloia
1239 4535 1306 4590 ad
1362 4537 2019 4603 Constantinoiiulitanos
2079 4538 2289 4604 scripta
2325 4536 2535 4615 Dpuos
2590 4545 2660 4599 ab
2718 4560 2779 4598 ca
2833 4542 3006 4596 fuisse
3068 4541 3438 4596 alienissimos
3494 4559 3506 4591 :

693 4630 763 4683 29
797 4631 1126 4684 Novembris
1173 4644 1317 4683 anno
1358 4629 1516 4694 1452*,
1566 4631 1619 4682 in
1660 4644 1768 4698 qua
1795 4629 1993 4682 scribit
2028 4644 2288 4698 perseve-

696 4738 816 4776 rare
851 4738 908 4776 se
946 4723 1000 4776 in
1036 4737 1098 4774 ea
1128 4721 1381 4775 doctrina
1421 4736 1586 4788 quam
1634 4731 1966 4790 exposuerat
2003 4722 2055 4774 in
2097 4722 2289 4790 dispu-

695 4813 937 4866 tionibus
996 4813 1200 4867 habitis
1233 4813 1508 4866 adversus
1550 4812 1800 4867 Cortona:
1834 4815 2159 4884 episcopum
2211 4816 2280 4867 ad

691 4907 1222 4968 demonstrationem,
1299 4907 1504 4973 inquit,
1568 4903 1687 4972 ejus
1741 4921 1858 4974 qua
1891 4907 2033 4972 apud
2085 4924 2177 4959 nos
2211 4918 2286 4962 est

691 5003 958 5064 teritatis,
991 5009 1039 5051 et
1104 4999 1289 5051 multis
1331 4999 1600 5067 variisque
1646 4999 1888 5066 operibus
1933 5015 2052 5067 qua:
2086 5001 2285 5068 scripta

687 5111 782 5160 pro
801 5096 976 5162 patria
998 5091 1103 5160 ﬁde
1127 5092 1303 5144 divino
1336 5107 1572 5155 munere,
1598 5102 1652 5144 ut
1688 5093 1846 5143 etiam
1879 5093 1931 5144 in
1956 5093 2288 5162 confessione

689 5187 812 5254 [idei
839 5201 968 5243 sua.
998 5185 1074 5238 vel
1124 5186 1301 5253 potius
1339 5185 1617 5237 cut/colicis
1653 5183 1932 5249 Ecclesiie,
1958 5201 2118 5254 quam
2159 5199 2286 5240 ante

690 5300 856 5335 annos
889 5293 992 5335 tres
1024 5280 1357 5334 elaboratam
1390 5281 1795 5348 publicaverat.

761 5379 838 5432 Eo
868 5378 1090 5432 circiter
1121 5388 1368 5445 tempore
1399 5374 1670 5444 Georgius
1704 5377 1775 5429 ob
1815 5374 2037 5428 unionis
2068 5374 2282 5439 odium,

689 5485 799 5537 quo
831 5471 1014 5522 omnia
1049 5468 1404 5536 imperatoris
1429 5467 1665 5520 consilia
1703 5469 2060 5520 vehementer
2089 5468 2284 5519 turba-

694 5568 806 5625 bat,
827 5562 956 5625 sibi,
985 5575 1041 5614 ut
1068 5559 1302 5622 videtur,
1335 5571 1589 5613 metuens
1615 5559 1816 5611 smculu
1846 5557 2204 5619 renuntiavit,
2229 5566 2283 5610 et

692 5663 744 5712 in
797 5660 1193 5713 monasterium
1239 5654 1657 5708 l’autocratoris
1718 5654 1836 5706 urbi
1878 5656 2191 5724 proximum
2225 5672 2286 5712 sc

765 5845 845 5914 (‘j
887 5842 982 5896 κδ.
1012 5859 1148 5911 τνεη
1185 5857 1232 5910 p.
1271 5839 1388 5892 lii.

2387 601 2453 652 ad
2485 601 2929 663 Constantinum,
2959 618 3081 670 qua:
3119 611 3296 654 exstat
3338 603 3399 654 in
3425 601 3618 653 codice
3639 597 3828 664 Regio,
3862 611 3970 663 qua

2389 705 2493 743 non
2543 692 2721 745 solum
2763 694 3179 747 criminationes
3233 691 3686 746 adversariorum
3740 695 3974 741 conatur

2388 780 2625 843 diluere,
2684 781 2777 834 sed
2829 798 2974 847 saepe
3029 784 3084 836 in
3142 782 3259 837 suis
3315 781 3570 835 laudibus
3608 779 3835 838 nimius,
3883 789 3972 827 res

2388 883 2571 941 gestas
2599 887 2698 941 pro
2756 873 3030 940 majorum
3080 873 3349 942 religione
3387 869 3616 930 tuenda,
3651 873 3973 931 susceptos-

2388 979 2493 1032 que
2522 966 2737 1020 labores
2768 967 2820 1018 in
2853 967 3054 1021 cmlum
3089 966 3250 1028 tollit,
3283 965 3357 1017 ita
3390 973 3448 1016 ut
3478 961 3737 1013 vanitatis
3760 965 3814 1012 et
3844 969 3970 1024 pro-

2391 1056 2594 1118 terviar,
2623 1056 2676 1108 in
2717 1073 2820 1124 qua
2843 1066 3138 1110 accusatus
3162 1064 3269 1116 est,
3296 1053 3457 1121 culpa
3490 1065 3595 1104 non
3622 1058 3801 1102 vacet.
3829 1046 3968 1099 Cum

2391 1146 2532 1198 hanc
2561 1149 2864 1201 orationem
2899 1147 3191 1210 scriberet,
3248 1145 3428 1198 adhuc
3477 1143 3654 1196 laicus
3684 1141 3738 1192 in
3785 1153 3976 1191 mona-

2391 1239 2563 1292 sterio
2620 1237 3033 1292 Pantocratoris
3080 1235 3377 1297 residebat,
3436 1232 3583 1287 unde
3642 1231 3885 1299 migrans
3916 1228 3971 1284 in

2389 1329 2724 1394 Card'aneti,
2774 1329 2883 1382 illic
2927 1328 3150 1380 schema
3198 1327 3312 1380 sive
3375 1325 3618 1378 habitum
3656 1321 3970 1386 religiosum

2391 1424 2618 1491 accepit.
2653 1422 2726 1475 lta
2750 1420 2910 1474 docet
2942 1435 3044 1473 nos
3078 1419 3241 1486 huius
3265 1416 3538 1472 orationis
3579 1411 3875 1480 inscriptio
3911 1411 3964 1461 in

2394 1512 2561 1583 Regio
2583 1513 2794 1566 codice.
2816 1510 3048 1565 Videtur
3074 1519 3257 1564 autem
3286 1506 3448 1562 simul
3467 1505 3749 1574 accepisse
3773 1516 3974 1554 nomen

2393 1601 2660 1656 Getmadii
2709 1601 2865 1669 juxta
2922 1600 3204 1667 vulgarem
3235 1597 3381 1666 apud
3412 1594 3643 1648 Graecos
3671 1597 3973 1644 consuetu-

2393 1695 2599 1756 dinem,
2628 1703 2687 1747 ut
2737 1693 2830 1760 qui
2869 1691 3071 1745 mundo
3113 1704 3210 1756 per
3242 1690 3369 1740 vita:
3413 1684 3734 1739 ιυοιιδειίεω
3765 1681 3977 1750 proles-

2395 1788 2607 1839 sioueni
2644 1782 3042 1844 renuntiarent,
3076 1781 3242 1833 etiam
3272 1791 3474 1830 nomen
3497 1775 3784 1842 antiquum
3818 1771 3971 1838 quasi

2323 1851 2364 1906 Β
2397 1895 2492 1948 per
2522 1878 2748 1930 alteram
2780 1875 3129 1928 nativitatem
3158 1879 3473 1924 mutarent:
3505 1885 3627 1921 mox
3652 1869 3803 1920 enim
3829 1866 3972 1919 Gen-

2399 1972 2594 2025 nadius
2626 1970 2806 2023 vocari
2844 1968 3031 2036 ccepit,
3068 1976 3230 2033 atque
3252 1963 3392 2016 adeo
3415 1970 3710 2028 antequam
3741 1960 3979 2024 patriar-

2397 2066 2500 2118 cha
2535 2064 3156 2131 designaretur,_contra
3195 2071 3359 2122 quam
3392 2070 3456 2109 ex
3497 2053 3710 2105 blalaso
3742 2050 3976 2102 Historia

2397 2126 2729 2221 politicafet
2753 2126 3084 2221 quibusdam
3118 2149 3242 2201 aliis
3263 2145 3587 2200 auctoribus
3617 2141 3808 2196 docuit
3831 2139 3974 2192 Alla-

2401 2248 2528 2300 tius.
2569 2247 2691 2312 Quo
2736 2245 2856 2298 solo
2891 2249 3236 2313 argumento,
3271 2238 3375 2293 etsi
3426 2236 3631 2290 nullius
3687 2233 3972 2303 ponderis,

2401 2350 2570 2394 totam
2612 2337 2680 2392 de
2729 2338 2946 2392 duobus
2997 2335 3298 2390 Gennadiis
3327 2332 3752 2400 disputationem
3786 2343 3978 2397 super-

2399 2431 2626 2484 struxit.
2665 2429 2819 2483 Unde
2880 2429 3044 2481 etiatn
3099 2425 3370 2478 refellitur
3425 2424 3597 2476 altera
3637 2424 3753 2491 ejus
3809 2421 3981 2473 histo-

2400 2523 2512 2576 rica
2543 2521 2856 2575 observatio
2884 2519 3028 2573 circa
3049 2515 3317 2571 Gennadii
3347 2502 3746 2582 professionem
3787 2525 3980 2564 mona-

2398 2615 2616 2673 sticam,
2676 2624 2840 2678 quam
2896 2608 3150 2662 abdicata
3200 2603 3559 2674 patriarchali
3592 2603 3882 2671 dignitate,
3925 2609 3980 2653 et

2397 2702 2778 2772 quinquennio
2807 2709 2925 2766 post
2955 2706 3174 2766 captam
3214 2697 3406 2750 urbem
3443 2694 3643 2748 factam
3672 2693 3977 2750 existimat,

2398 2809 2523 2848 cum
2580 2791 2853 2845 novcnnio
2918 2788 3040 2856 plus
3069 2787 3250 2845 ritimis
3297 2784 3695 2839 abdicationem
3742 2798 3978 2852 prazces.

2399 2887 2554 2941 setit.
2586 2883 2695 2937 Nec
2726 2881 2874 2934 enim
2910 2877 3106 2932 Malaxi
3140 2887 3193 2932 et
3225 2875 3498 2930 Theodori
3523 2874 3847 2944 Zygomahr,
3883 2875 3978 2941 qui

2397 2977 2688 3032 Historiam
2712 2973 2987 3041 politicam
3019 2954 3395 3031 concinnavit,
3432 2976 3585 3021 tanta
3614 2978 3698 3020 est
3737 2966 3976 3017 auctori-

2401 3079 2504 3132 tas,
2540 3077 2599 3120 ut
2634 3077 2921 3120 auctorum
2978 3062 3269 3130 :equalium
3303 3057 3620 3114 testimonia
3659 3057 3976 3110 labefactor.

2401 3160 2535 3214 Nam
2569 3158 2794 3213 Michael
2850 3158 3027 3211 Ducas
3060 3165 3184 3208 ante
3233 3160 3451 3220 captam
3479 3154 3667 3204 urbem
3708 3149 3979 3203 Gennadii

2398 3251 2647 3305 monachi
2683 3249 2902 3303 nomine
2935 3247 3184 3314 designat
3224 3259 3348 3298 eum
3377 3242 3474 3313 qui
3525 3251 3686 3296 antea
3710 3242 3982 3312 Georgius

2397 3341 2722 3396 Scholarius
2753 3338 3068 3394 dicebatur.

2467 3435 2600 3488 Cum
2633 3432 2954 3486 Gennadius
2988 3428 3193 3483 saeculo
3227 3426 3599 3486 vaiedixissel,
3635 3428 3781 3476 misit
3812 3427 3976 3491 impe-

2397 3537 2546 3580 rator
2573 3528 2636 3578 ad
2694 3523 2979 3578 Nicolaum
3030 3536 3224 3592 papam
3272 3519 3588 3573 Briennium
3633 3521 3977 3570 leontarcis.

2397 3619 2637 3677 isidorus
2668 3617 2962 3671 cardinalis
2994 3615 3207 3669 Russiac
3254 3615 3413 3680 paulo
3469 3623 3592 3680 post
3622 3633 3646 3661 ιι
3688 3612 3903 3663 Nicolao
3940 3609 3972 3662 κ’

2397 3717 2607 3782 legatus
2632 3708 3171 3778 Constantinopolim
3213 3716 3360 3758 vcmt
3399 3721 3542 3758 anno
3587 3709 3745 3764 lsi.-.
3781 3717 3836 3754 nt
3874 3704 3979 3754 Du—

2395 3825 2488 3862 cas
2523 3809 2573 3859 in
2611 3805 2847 3859 llistoria
2887 3806 3046 3855 docet
3070 3801 3172 3869 (l),
3206 3817 3314 3868 quo
3361 3815 3524 3854 nemo
3561 3799 3754 3852 melius
3807 3800 3981 3851 αλια-

2395 3899 2650 3958 εἰθδιὶεδε
2709 3911 2800 3949 res
2854 3895 3002 3947 illius
3051 3893 3317 3961 temporis
3378 3894 3595 3946 videtur
3648 3892 3980 3960 explicasse.

2395 3993 2445 4050 Is
2475 3995 2639 4060 igitur
2668 3996 2901 4061 legatum
2927 3985 3446 4056 Constantinopolin
3475 3985 3757 4054 appulisse
3788 3985 3983 4038 scribit

2395 4099 2581 4139 mense
2606 4081 2914 4144 Novembri,
2946 4094 3090 4133 anno
3120 4080 3420 4133 secundum
3459 4076 3678 4132 Graecos
3697 4076 3858 4138 696l,
3892 4077 3984 4143 qui

2393 4186 2511 4232 erat
2537 4175 2744 4231 Christi
2771 4173 2933 4238 H52;
2966 4172 3169 4228 habitis
3193 4172 3260 4226 ile
3288 4171 3658 4226 Ecclesiarum
3678 4169 3978 4224 concordia

2395 4270 2770 4330 sermonibus,
2804 4269 3192 4336 imperatorem
3228 4274 3281 4318 et
3309 4265 3581 4333 quosdam
3637 4263 3979 4316 ecclesiasti-

2393 4377 2491 4416 cos
2523 4359 2881 4416 consensisse
2913 4369 2970 4412 ut
3023 4358 3154 4412 unio
3207 4355 3526 4410 Florentina
3575 4355 3983 4414 observaretur,

2395 4453 2902 4506 ecclesiasticarum
2950 4459 3006 4503 et
3048 4449 3446 4503 monachorum
3485 4448 3671 4516 plures
3712 4456 3766 4500 et
3793 4447 3986 4515 praeci-

3571 4537 3937 4590 Nihilominus
3966 4577 3980 4600 ,

2393 4635 2592 4704 inquit,
2629 4635 2716 4705 qui
2746 4632 3004 4687 Ilcnotico
3031 4633 3389 4700 obtemperare
3427 4631 3740 4684 videbantur
3780 4631 3982 4694 clerici,

2392 4731 2693 4783 sacerdotes
2720 4737 2768 4780 et
2807 4727 3023 4780 diaconi
3047 4765 3062 4791 ,
3113 4727 3404 4791 imperator
3432 4735 3481 4778 et
3517 4733 3730 4778 senatus
3769 4725 3824 4775 in
3867 4726 3985 4775 Ma-

2393 4839 2550 4892 gnam
2579 4818 2871 4872 Ecclesiam
2907 4827 3278 4881 convenerunt,
3324 4827 3377 4869 ut
3416 4817 3763 4870 concordibus
3787 4815 3984 4868 animis

2391 4923 2439 4966 et
2481 4914 2647 4964 sinitis
2688 4913 2923 4964 divinam
2971 4912 3245 4979 liturgiam
3283 4911 3628 4973 celebrarent,
3677 4909 3988 4976 sinceraque

2395 5017 2565 5061 mente
2592 5016 2710 5059 vota
2736 5005 2842 5059 Deo
2868 5007 3166 5059 redderent.
3200 5003 3334 5057 Tum
3373 5006 3532 5057 etiam
3555 5003 3887 5057 schismatici
3913 5007 3982 5055 ad

2394 5099 2799 5152 Pantocratoris
2867 5099 3250 5152 monasterium
3325 5107 3588 5161 currunt,
3645 5093 3981 5150 Gennadiunt

2394 5204 2550 5246 antea
2581 5189 2864 5261 Georgium
2901 5190 3243 5243 Schularium
3267 5191 3486 5252 adeunt,
3513 5189 3896 5256 consiliumque
3918 5189 3982 5241 ab

2392 5302 2452 5339 eo
2484 5286 2743 5354 quomodo
2794 5300 2846 5337 sc
2888 5299 3066 5353 gerere
3118 5281 3343 5334 debeant
3385 5289 3591 5349 petunt.
3636 5276 3694 5332 Is
3719 5276 3986 5330 inclusum

2394 5397 2449 5432 se
2484 5380 2619 5432 cella
2681 5379 2930 5442 tenebat;
2971 5388 3191 5444 accepta
3222 5392 3341 5446 ergo
3392 5379 3600 5436 thurta,
3666 5371 3985 5426 sententiain

2393 5490 2548 5529 suam
2585 5472 2968 5540 consiliumque
3016 5486 3258 5540 rogatus,
3298 5470 3494 5535 scripto
3522 5467 3749 5534 aperuit,
3773 5480 3875 5532 quo
3906 5476 3988 5516 ta-

2394 5567 2470 5617 lia
2490 5565 2970 5619 acontinebantur:
3009 5561 3190 5614 Miseri
3261 5558 3483 5622 Iionnri,
3566 5570 3728 5626 quare
3771 5555 3989 5606 aberra-

2399 5660 2487 5720 ιὶδ,
2523 5666 2656 5722 ριν..
2693 5671 2811 5725 qum
2843 5655 2986 5724 apud
3045 5655 3248 5716 Ducam
3301 5655 3576 5722 leguntur.
3624 5647 3751 5701 Illic
3786 5656 3831 5699 ct
3875 5644 3988 5698 alia
