4462 6450
459 379 553 442 261

1951 377 2150 435 HTA.

3590 369 3696 431 262

453 501 567 535 cum
633 482 951 549 scripsisset,
1010 481 1157 534 cellte
1187 496 1294 535 sua:
1322 481 1503 548 janna:
1537 497 1564 532 a
1596 482 1800 534 cunctis
1837 493 2015 548 postea
2045 489 2093 545 Α
2119 499 2211 534 τον

1917 493 2015 535 ttea
2045 489 2093 545 Α
2119 499 2211 534 τον
2242 483 2591 549 καινοτομίαν
2619 482 2720 547 τῆς
2747 481 3002 541 πίστεως.
3026 480 3284 535 Gennadii
3312 484 3512 536 minimi
3533 483 3679 537 Scito

452 577 586 626 lecta
613 577 759 626 clavo
783 573 983 640 ‘afﬁxit,
1014 573 1300 639 iterumque
1325 573 1464 623 intra
1500 589 1615 624 eam
1645 588 1698 624 se
1733 574 2010 624 conclusit.

448 665 669 717 Scilicet
703 680 768 716 ex
799 663 969 716 variis
1017 670 1072 714 et
1128 661 1248 714 aliis
1298 661 1463 725 hujus
1499 662 1761 730 temporis
1794 662 1931 713 actis
1961 668 2016 712 et

449 755 696 824 epistolis
727 752 1048 822 intelligitur
1104 763 1226 819 post
1273 740 1512 805 .‘ltabitas
1564 767 1689 806 cum
1756 751 2015 818 episcopo

449 846 698 899 Cortmue
726 853 779 908 et
813 844 932 896 aliis
969 841 1178 895 Latinis
1225 842 1292 894 de
1343 842 1543 893 ttnione
1587 839 2015 908 disputationes,

449 935 786 991 Gennadium
808 950 867 988 se
913 936 966 988 itt
1001 933 1191 986 cellam
1215 941 1518 999 receperat,
1543 945 1719 998 neque
1749 929 2006 996 prodibat

454 1031 506 1079 in
534 1027 749 1093 vulgus,
785 1025 856 1076 ita
895 1023 1148 1076 fortassis
1203 1021 1430 1089 jubente
1483 1021 1872 1079 Constantino.
1932 1017 2014 1071 vel

449 1126 674 1186 cngcnle
717 1118 914 1184 petitts,
950 1130 1014 1168 ne
1047 1115 1329 1174 unionem,
1378 1127 1539 1180 quam
1581 1112 1693 1164 sive
1725 1124 1818 1177 per
1853 1107 2015 1161 dissi-

450 1208 826 1269 mulationettt,
884 1208 997 1259 sive
1029 1207 1245 1259 sincero
1277 1203 1459 1254 animo
1493 1202 1796 1254 conabatur
1825 1212 2017 1267 procu-

449 1310 591 1357 rare.
628 1297 727 1349 viri
761 1296 900 1365 apud
946 1297 1156 1365 plebem
1190 1304 1244 1348 et
1294 1292 1696 1348 ecclesiasticos
1745 1290 2017 1359 acceptis-

449 1388 572 1441 simi
613 1389 906 1442 auctoritas
940 1389 1299 1440 disturbaret.
1333 1384 1570 1450 Questus
1597 1393 1677 1434 est
1706 1382 1824 1450 ipse
1874 1369 2045 1448 saepe-

451 1480 746 1530 intentatas
803 1477 1014 1540 minas;
1086 1486 1253 1543 atque
1314 1488 1378 1528 ea
1448 1472 1792 1541 potissimum
1850 1482 2018 1522 causa

447 1566 620 1622 fuisse
653 1567 864 1619 videtur
891 1565 1090 1620 servati
1123 1580 1215 1634 per
1251 1578 1424 1618 annos
1469 1561 1759 1614 admodum
1788 1559 1923 1611 duos
1942 1558 2016 1610 si-

447 1657 597 1709 lentii
631 1658 811 1708 statim
847 1664 969 1725 post
1012 1663 1329 1722 susceptum
1380 1651 1702 1719 religiosum
1751 1649 2015 1703 habitum.

450 1744 525 1797 Eo
553 1744 812 1813 temporis
837 1745 1122 1797 intervallo
1147 1742 1365 1810 scripsit
1386 1741 1704 1796 Orationem
1723 1747 1911 1792 contra
1933 1735 2022 1788 Si-

2125 573 2247 624 larii
2277 574 2342 625 de
2363 590 2424 625 eo
2447 589 2563 639 quae
2577 585 2675 638 per
2698 573 2789 624 Dei
2838 574 3182 623 desertionem
3244 573 3388 638 facta
3430 582 3504 626 est
3560 591 3692 626 vana

2122 663 2299 729 inepta
2323 673 2369 714 et
2393 664 2705 715 inconcinna
2738 663 2861 728 ﬁdei
2909 663 3261 716 innovatione.
3297 662 3573 728 Scriptum
3597 663 3690 715 fuit

2124 755 2176 807 in
2198 755 2524 807 monasterio
2548 751 2977 814 Pantocratoris,
3014 755 3064 805 in
3080 754 3226 819 quod
3252 756 3466 806 venisse
3483 753 3693 808 Genna-

2122 844 2668 910 diumitttelligitntts,
2719 845 3046 912 imperatore
3095 849 3168 899 ita
3215 843 3461 911 jubente,
3509 843 3680 897 existi-

2125 943 2304 988 maute
2331 936 2484 988 illum
2512 933 2558 988 si
2589 932 2971 997 Latinismum,
3021 943 3080 986 ut
3131 941 3346 996 vocant,
3407 934 3696 1001 amplexus

2125 1023 2340 1087 luisset,
2378 1025 2606 1091 reliquis
2643 1035 2701 1078 ut
2729 1026 2868 1078 idem
2900 1025 3149 1079 lacerent
3181 1027 3363 1079 statim
3402 1041 3697 1093 persuasu-

2126 1132 2246 1169 rum
2280 1131 2293 1178 ;
2333 1115 2428 1169 sed
2457 1117 2789 1168 contrarium
2821 1130 3043 1183 prorsus
3069 1117 3284 1172 accidit.
3324 1115 3508 1183 Neque
3549 1118 3694 1168 enim

2124 1222 2153 1260 a
2184 1210 2452 1260 sententia
2484 1221 2582 1260 sua
2614 1209 2884 1260 removeri
2916 1206 3231 1261 Gennadius
3251 1209 3443 1275 patuit,
3470 1220 3568 1259 nec
3587 1205 3696 1258 elli-

2125 1313 2247 1351 cere
2278 1307 2335 1352 ut
2366 1298 2641 1366 negotium
2676 1297 2892 1350 unionis
2928 1298 3296 1360 omitteretur,
3351 1313 3470 1364 qua:
3522 1306 3578 1348 ut
3632 1305 3699 1349 ei

2125 1387 2345 1442 Scitolio
2378 1389 2501 1441 cod.
2536 1385 2667 1454 Reg.
2694 1387 2955 1440 dist-intus
3009 1388 3060 1440 itt
3119 1388 3308 1442 eodem
3370 1387 3698 1441 monasterio

2125 1479 2365 1548 perlecta
2399 1485 2481 1531 est
2509 1491 2618 1529 uno
2644 1491 2826 1532 tnense
2857 1485 3140 1544 postquam
3159 1475 3472 1530 Gennadius
3497 1477 3700 1528 oratio-

2126 1583 2249 1622 nem
2278 1582 2432 1621 suam
2465 1566 2770 1620 recitasset.
2824 1565 2994 1618 Unde'
3036 1567 3269 1620 turbatis
3317 1566 3427 1632 jam
3473 1567 3700 1618 omnino

2126 1659 2308 1719 rebus.
2338 1667 2388 1710 et
2417 1655 2608 1709 Turcis
2628 1657 2814 1709 urbem
2836 1655 3123 1710 obsidione
3146 1657 3518 1725 cingentibus,
3546 1659 3701 1709 unio-

2127 1763 2248 1802 nem
2282 1746 2508 1800 liberius
2531 1746 2695 1813 cmpit
2727 1746 3069 1814 impugnare,
3104 1755 3158 1800 et
3179 1743 3479 1800 Latinismo
3530 1748 3696 1801 insul-

454 1835 760 1914 monitu-ant
793 1833 1042 1887 IMH'CSitn
1072 1831 1139 1885 ad
1171 1831 1624 1891 Constantinum,
1647 1828 1860 1880 duobus
1893 1834 2021 1878 ante
2054 1859 2096 1914 Β
2126 1849 2216 1894 ιλιι.

867 1833 1042 1887 :resitn
1072 1831 1139 1885 ad
1171 1831 1624 1891 Constantinum,
1647 1828 1860 1880 duobus
1893 1834 2021 1878 ante
2054 1859 2096 1914 Β
2126 1849 2239 1894 ure
2275 1839 2629 1907 ρειυιαηιίυε,

447 1910 722 1978 θὶεἰάίιιιιι
749 1925 900 1980 urbis
924 1927 1102 1989 annis,
1121 1925 1275 1993 cujus
1302 1924 1495 1977 titulus
1520 1922 1573 1974 itt
1597 1921 1722 1974 cod.
1743 1920 1876 1988 Reg.
1899 1918 2023 1971 talis

448 2026 534 2070 est
570 2034 583 2070 :
617 2015 901 2068 Γενναδίου
951 2014 1188 2084 μοναχοῦ
1235 2013 1328 2065 τοῦ
1392 2012 1685 2081 Σχολαρινιυ
1744 2011 1885 2062 κατὰ
1926 1993 2033 2076 τῆςί

450 2109 781 2178 Σιμονιακῆς
814 2107 1102 2175 αἱρέσεως,
1127 2107 1248 2174 ἢτοι
1272 2105 1555 2166 ἀπιστίκς.
1593 2102 1844 2171 Ἐγρὰφη
1874 2101 2020 2153 δυοῖν

452 2202 600 2252 ἔτεσι
633 2201 741 2269 πρὸ
790 2199 890 2268 τῆς
926 2198 1202 2259 ἁλώσεως,
1249 2200 1346 2248 καὶ
1401 2194 1659 2263 ἐπέμφθη
1694 2192 1771 2261 τῷ
1819 2191 2028 2262 βασιλεῖ

454 2291 873 2358 Κωνισταντίνῳ,
936 2289 1052 2343 ἀλλ’
1112 2290 1320 2348 ἐκεῖνος
1374 2287 1495 2338 οἱ,δέ
1558 2304 1612 2338 τι
1656 2283 1878 2353 βελτίων
1935 2278 2023 2352 ἦν.

453 2384 714 2437 Cennadii
742 2381 1006 2445 monachi,
1041 2381 1127 2447 qui
1170 2389 1217 2432 et
1267 2377 1591 2438 Scholarius,
1642 2385 1825 2429 contra
1858 2372 2030 2428 Simo-

454 2479 664 2528 niacam
705 2474 969 2536 Iueresim,
1001 2477 1106 2526 sive
1136 2469 1529 2536 inﬁdelitatem.
1565 2467 1776 2535 Scripta
1807 2474 1881 2520 est
1914 2482 2030 2518 ora-

457 2570 530 2620 tio
560 2567 761 2618 duobus
786 2566 940 2617 annis
1001 2573 1123 2615 ante
1158 2572 1370 2630 captant
1412 2561 1617 2622 urbem,
1649 2569 1696 2612 et
1740 2559 1902 2611 missa
1927 2559 2054 2627 imo‘

455 2659 683 2722 peratori
716 2654 1091 2717 Constantino,
1141 2654 1229 2705 sed
1262 2653 1349 2705 ille
1382 2653 1547 2702 nihilo
1582 2650 1767 2702 melior
1814 2647 2028 2714 effectus

456 2757 555 2799 est.
591 2747 884 2814 Epistulam
913 2747 1037 2798 item
1073 2745 1136 2796 ad
1161 2744 1436 2804 eumdem,
1474 2743 1632 2808 Cujus
1664 2741 1878 2791 initium
1903 2747 1986 2790 est
2015 2750 2026 2786 :

473 2839 617 2889 Ἀλλ’
663 2839 764 2889 οὐκ
797 2836 972 2900 ἔξεστι
1008 2837 1283 2904 μοναχτιίς,
1342 2832 1532 2900 ἄριστε
1594 2827 1840 2898 βασιλεῦ,
1891 2846 2033 2880 σπα-

463 2937 596 2992 νίοις
632 2931 726 2982 καὶ
760 2929 1140 2998 δυσπυρὶστοις
1186 2925 1486 2994 τρέφεσθαι
1553 2923 1877 2991 βρώμαςιν.
1931 2919 2032 2972 Ve-

463 3040 583 3080 rum
632 3039 733 3074 non
779 3022 898 3072 licet
948 3019 1245 3083 monachis,
1302 3019 1494 3083 optime
1537 3016 1849 3081 imperator,
1893 3014 2033 3065 raris

464 3132 555 3168 nec
588 3113 742 3182 (acile
762 3111 1096 3179 parabilibus
1126 3111 1391 3163 alimentis
1422 3111 1536 3161 uti:
1566 3124 1686 3176 quae
1711 3107 1872 3159 ollicii
1902 3118 2033 3158 tan-

2195 1933 2407 1983 Interea
2441 1943 2586 1993 cum,
2615 1937 2671 1982 ut
2699 1928 2890 1982 scribit
2934 1927 3137 1992 Ducas,
3203 1927 3334 1982 cella
3397 1944 3455 1984 se
3504 1929 3699 1982 iterum

2127 2021 2513 2086 conclusisset,
2572 2030 2628 2073 et
2659 2021 2932 2073 neminem
2963 2018 3292 2082 admitteret,
3332 2022 3553 2087 scripsit
3585 2021 3702 2088 epi-

2127 2113 2297 2167 stolas
2323 2112 2484 2172 duas,
2513 2125 2675 2164 unam
2706 2109 2773 2164 ad
2812 2109 3454 2179 ConstantinOpolitauos
3515 2129 3703 2165 omnes

2126 2206 2527 2260 ecclesiasticos
2559 2215 2612 2258 et
2632 2203 2825 2266 laicos,
2855 2201 2924 2255 27
2951 2201 3275 2256 Novembris
3321 2204 3526 2264 datam,
3547 2203 3705 2268 cujus

2129 2299 2316 2352 titulus
2333 2307 2415 2352 est
2441 2313 2454 2348 :
2488 2295 2772 2356 Γιννὰδιος
2797 2296 2825 2346 ὁ
2851 2293 3202 2362 ἁμαρτωλὸς,
3246 2292 3341 2344 τοῦ
3363 2293 3497 2344 Θεοῦ
3522 2293 3645 2345 δοῦ).
3663 2311 3707 2354 ›;

2129 2391 2221 2442 καὶ
2277 2388 2584 2457 ιλάχιστος,
2643 2388 2757 2448 τοῖς
2815 2384 3227 2452 εὐγενεστάτοις
3293 2383 3539 2446 πολίταις
3603 2385 3703 2450 τῆς

2130 2479 2781 2542 Κωνσταντινουπὸλεως,
2819 2479 3026 2530 ἅπασιν
3077 2477 3400 2545 ἱερωμένοις
3454 2478 3550 2527 καὶ
3583 2493 3709 2526 κοσ-

2133 2575 2333 2642 μικσιῐς·
2367 2569 2673 2623 Gennadius
2708 2577 2974 2634 peccator,
3010 2566 3104 2620 Dei
3132 2583 3311 2620 servus
3345 2577 3392 2619 et
3438 2569 3708 2631 minimus,

2133 2661 2474 2714 nobilissimis
2509 2660 2710 2712 civibus
2741 2658 3257 2725 Constantinopolis,
3306 2659 3543 2711 omnibus
3602 2671 3711 2710 lttm

2132 2756 2272 2807 sacri
2299 2754 2498 2806 ordini:
2530 2768 2689 2818 quam
2719 2750 3092 2803 stt'culuribus.
3152 2749 3276 2803 lla-c
3334 2751 3404 2802 ita
3469 2750 3654 2819 incipit
3697 2769 3710 2806 :

2134 2845 2438 2897 Γινώσκετε
2472 2845 2670 2902 πάντες
2701 2842 2900 2901 καλῶς.
2921 2840 3154 2893 Alteram
3177 2840 3242 2893 ad
3275 2843 3703 2908 ecclesiasticos,

2134 2951 2253 3004 quae
2280 2934 2471 2988 eodem
2500 2942 2742 2998 tempere
2775 2932 2899 2982 tl..ta
2930 2931 3165 2993 videtur,
3199 2941 3249 2983 et
3283 2935 3445 2985 missa
3504 2933 3710 2986 dicitur

2134 3026 2203 3078 ad
2236 3041 2483 3094 magnum
2513 3023 2948 3081 ecclesiarcltant,
3002 3021 3330 3090 Syrupttlum
3357 3022 3565 3074 scilicet
3609 3040 3707 3076 au-

2137 3127 2340 3168 ctorem
2363 3114 2615 3169 Htstoria:
2651 3114 2839 3182 syttedt
2873 3110 3221 3171 Florentium.
3254 3128 3503 3179 magnum
3539 3111 3713 3165 Char-

464 3219 579 3262 tum
613 3222 776 3259 causa
833 3205 1034 3274 scripta
1073 3206 1305 3265 videtur,
1347 3209 1402 3254 ut
1435 3202 1502 3255 de
1529 3205 1533 3210 ’
1559 3203 1729 3254 misso
1782 3199 2032 3252 fortassis
2064 3195 2108 3252 ϐ
2142 3218 2226 3274 (op

1959 3199 2032 3252 δίε
2064 3195 2108 3252 C
2142 3207 2470 3275 tophylacem
2501 3205 2867 3274 Agallianum,
2902 3203 3114 3270 quando
3142 3203 3486 3255 ecclesiastici
3532 3221 3718 3257 conve—

465 3300 791 3355 tttumtsculo
828 3301 1033 3369 gratias
1087 3305 1293 3366 ageret.
1328 3293 1518 3348 Exstat
1571 3293 1783 3348 decima
1813 3293 1864 3345 itt
1909 3291 2035 3346 cod.

468 3390 602 3458 Reg.

540 3481 772 3551 Scripsit
802 3481 964 3534 etiam
1003 3478 1258 3532 ltomilias
1315 3476 1601 3546 quasdam,
1678 3475 1770 3528 sed
1816 3482 2036 3527 contro-

465 3569 1070 3627 versiis’ecclesiaSticls
1100 3572 1261 3640 plane
1297 3584 1356 3622 se
1380 3583 1485 3621 non
1525 3566 1821 3619 imtttiSt-uit
1868 3579 2039 3634 usque

466 3668 844 3720 atlsdveututn
884 3662 1179 3716 cardinalis
1217 3659 1448 3714 RUSSltB.
1507 3656 1640 3710 Nam
1700 3657 1861 3727 paulo
1914 3665 2040 3711 ante

468 3774 633 3828 quam
664 3757 968 3818 adveniret,
998 3755 1217 3822 scripsit
1238 3751 1551 3806 Gennadius
1575 3750 1640 3803 ad
1675 3751 2038 3820 'Aytopsitag,

467 3854 574 3906 hoc
603 3861 689 3905 est
722 3849 894 3902 sancti
932 3848 1124 3899 montis
1182 3844 1318 3898 Atho
1374 3847 1681 3908 monachos,
1739 3843 2039 3912 Epistulam

469 3942 844 4003 ltortatoriatn,
874 3948 931 3992 ut
967 3939 1020 3992 in
1056 3938 1278 4004 antiqua
1313 3935 1436 4002 ﬁde,
1469 3937 1674 3990 omissa
1698 3937 1889 4006 synodi
1921 3934 2041 3987 Flo-

468 4036 698 4088 rentinte
729 4031 1076 4094 deﬁnitione,
1112 4035 1497 4098 permanerent
1525 4046 1538 4092 ;
1566 4042 1729 4096 quam
1755 4025 2040 4096 epistolam

469 4126 616 4180 misit
641 4139 737 4196 per
770 4121 1017 4191 ejusdem
1049 4121 1254 4174 montis
1282 4122 1582 4172 monachos
1611 4121 1752 4171 duos
1818 4121 2044 4170 Anasta-

466 4220 605 4271 siuut
637 4227 692 4270 et
718 4214 1020 4275 Sinonem,
1050 4221 1108 4264 ut
1161 4213 1275 4278 ipse
1330 4214 1383 4263 itt
1440 4211 1724 4279 cujusdam
1797 4208 2044 4276 epismlaa

467 4311 769 4376 lragmento
796 4313 1044 4359 testatur.
1080 4300 1314 4370 Scripsit
1348 4303 1513 4356 etiam
1541 4302 1605 4353 ad
1659 4302 2043 4367 imperatorem

469 4400 535 4452 12
570 4397 769 4460 Martii,
802 4396 991 4449 eodem
1029 4403 1086 4448 ut
1121 4396 1335 4448 videtur
1372 4410 1538 4458 anno,
1569 4392 1649 4445 vel
1690 4390 1848 4452 N53,
1879 4389 2045 4458 paulo

465 4505 593 4543 ante
625 4489 855 4544 cladem.
893 4484 1209 4539 Orationem
1268 4500 1490 4554 quoque
1552 4482 1805 4537 recitavit
1858 4496 2042 4534 coram

454 4560 551 4645 ‘en,
582 4595 776 4650 magna
816 4578 1082 4632 nobilium
1122 4577 1324 4630 civium
1390 4575 1714 4642 frequentia.
1749 4576 1801 4625 itt
1855 4587 2045 4626 mona-

467 4688 495 4729 δ
523 4675 639 4727 crio
697 4668 1111 4725 Pantocratoris
1147 4682 1244 4722 seu
1299 4666 1723 4735 Omnipotentis,
1758 4667 1886 4736 περὶ
1947 4667 2044 4732 τῆς

469 4765 732 4826 maritast»;
779 4762 874 4816 τοῦ
922 4761 1066 4814 θείου
1113 4762 1208 4813 καὶ
1268 4759 1483 4813 οἴκοθεν
1529 4763 1946 4829 παρασακευῆς,
1972 4758 2046 4811 De

468 4856 732 4926 placando
769 4852 996 4907 Numine
1045 4861 1095 4906 et
1141 4853 1385 4904 interiori
1409 4852 1820 4919 pra‘paratione.
1850 4849 1918 4904 15
1945 4849 2050 4902 Νυ-

472 4947 707 5004 vembris
727 4945 852 4999 anni
891 4942 1051 5008 1452,
1087 4943 1228 4997 forte
1263 4951 1554 5012 antequam
1614 4942 1825 5011 legatus
1869 4942 2048 4995 venis-

469 5051 554 5094 set
583 5056 598 5102 ;
635 5053 759 5090 nam
787 5037 1169 5106 imperatorem
1205 5037 1432 5088 omnino
1462 5031 1858 5089 dehortabatur
1900 5031 2050 5087 Gen-

473 5132 675 5184 nadius
700 5129 771 5183 ab
788 5130 988 5181 unione
1005 5124 1320 5180 Florentina
1337 5128 1722 5192 observanda;
1751 5127 1897 5194 quod
1921 5141 2054 5195 pra:-

474 5234 630 5282 sente
661 5225 837 5292 legato
867 5236 968 5275 nec
994 5222 1106 5290 ipse
1140 5235 1308 5275 ausus
1341 5219 1552 5286 fuisset,
1575 5236 1675 5274 nec
1698 5235 1892 5290 passus
1951 5221 2047 5272 int-

477 5327 713 5389 perator.
753 5313 891 5392 Cum
928 5330 1075 5380 vero,
1111 5324 1167 5369 ut
1200 5330 1368 5384 supra
1403 5330 1467 5370 es
1503 5317 1646 5371 Duca
1669 5318 1900 5390 dictum
1947 5324 2052 5382 est,

477 5415 684 5468 lrttstra
701 5409 978 5481 plerisque
999 5410 1423 5465 reclamantibus
1447 5422 1704 5464 renovata
1727 5421 1872 5465 esset
1903 5412 2054 5475 unio,

477 5502 667 5559 sta-tim
695 5516 817 5556 eam
853 5514 985 5555 voce
1008 5509 1061 5554 et
1101 5502 1322 5570 scriptis
1344 5500 1659 5556 Gennadius
1693 5502 2054 5572 impugnavit.

476 5597 670 5651 Exstat
700 5611 764 5652 ea
800 5596 867 5650 de
909 5611 968 5651 re
1025 5599 1352 5667 epusculunt
1393 5597 1884 5652 virulentisslmum
1955 5596 2059 5651 hoc

478 5691 678 5742 ttutlo:
719 5687 1004 5742 Γεννοδίου
1051 5689 1341 5759 ἐλαχίστου
1373 5689 1670 5758 Σχολαρίου
1721 5688 1817 5740 ἐπὶ
1861 5688 1960 5760 τὴν
1991 5686 2057 5739 δι’

477 5782 868 5846 ιγκατάλειψιν
897 5782 1036 5849 Θεοῦ
1073 5785 1308 5838 ματαίαν
1345 5785 1432 5837 καὶ
1467 5783 1662 5846 ἄιογοι
1708 5783 1800 5836 καὶ
1836 5783 1937 5837 dati
1975 5783 2058 5836 δε-

2140 3299 2408 3366 nirejussi
2435 3306 2556 3349 sunt
2580 3297 2628 3348 in
2656 3297 2919 3362 palatium
2947 3292 3250 3362 Xylocerct',
3273 3305 3320 3346 et
3349 3296 3612 3348 celebrata
3645 3305 3718 3350 cst

2141 3387 2401 3458 Liturgia,
2431 3397 2550 3440 eum
2582 3386 2758 3438 omnia
2780 3401 2844 3436 ea;
2879 3386 3140 3436 sententia
3168 3387 3464 3437 cardinalis
3493 3396 3538 3438 et
3560 3389 3722 3438 trium

2137 3479 2598 3550 pontiﬁcumanni
2629 3478 2783 3530 istius
2815 3489 2960 3546 gesta
3017 3486 3182 3527 essent
3241 3476 3302 3528 l5
3355 3474 3489 3530 Nov.
3553 3477 3606 3529 ltt
3660 3493 3724 3531 ea

2139 3580 2360 3626 excusat
2394 3587 2445 3625 se
2467 3569 2605 3640 quod
2641 3586 2743 3622 non
2773 3568 2990 3630 venerit,
3025 3577 3353 3636 testaturque
3387 3584 3438 3620 se
3464 3585 3579 3620 cum
3607 3572 3728 3622 mil.

2141 3666 2233 3720 lies
2262 3665 2564 3730 exposuerit
2591 3663 2905 3715 sententiam
2948 3661 3011 3711 de
3079 3660 3176 3712 hoc
3236 3661 3448 3714 nnionis
3515 3663 3724 3729 negotio

2142 3774 2314 3821 suam,
2350 3757 2728 3824 displicereque
2763 3752 2860 3806 sibi
2891 3751 3040 3803 illam
3066 3752 3409 3812 vehementer,
3443 3762 3548 3802 tam
3568 3753 3728 3816 impe-

2145 3858 2293 3901 ralor
2319 3862 2478 3914 quant
2512 3846 2703 3914 reliqui
2739 3859 2915 3895 omnes
2948 3841 3249 3910 intelligant
3284 3841 3340 3894 in
3374 3843 3556 3894 eadem
3613 3857 3728 3915 per:-

2146 3943 2347 3996 sittere.
2380 3937 2498 3992 Mox
2529 3939 2786 3990 unionem
2819 3944 2870 3988 et
2900 3933 3106 3987 Latinae
3137 3933 3399 3987 Ecclesia:
3427 3933 3584 3988 (idem
3633 3949 3730 3988 ve-

2146 4034 2425 4110 humenter
2460 4029 2721 4096 exagitat.

2216 4123 2446 4191 Scripsit
2479 4131 2762 4190 praeterea,
2786 4129 2843 4172 ut
2865 4119 3041 4174 Ducas
3064 4121 3340 4180 observat,
3359 4117 3578 4170 brevem
3599 4130 3731 4170 cort-

2149 4231 2228 4272 tra
2256 4216 2618 4270 Latinisuuttn
2672 4213 3071 4280 querimontatn
3104 4228 3119 4276 ;
3154 4212 3249 4266 sed
3271 4226 3390 4279 qum
3419 4213 3486 4262 ab
3514 4209 3605 4261 illo
3631 4225 3728 4261 au-

2147 4320 2296 4361 ctore
2333 4304 2590 4365 refertur,
2622 4301 2802 4355 diﬂ‘ert
2851 4301 2919 4353 ab
2954 4303 3128 4355 altero
3169 4301 3413 4368 ejusdem
3454 4300 3730 4365 exemplo,

2149 4400 2292 4470 quod
2327 4398 2638 4466 suppeditat
2663 4394 2829 4448 codex
2860 4394 3062 4463 Regius
3091 4395 3142 4446 in
3165 4395 3276 4446 tunc
3306 4393 3465 4444 verba
3495 4409 3508 4443 :
3539 4390 3734 4454 Optm-

2147 4507 2294 4560 peres
2322 4493 2474 4549 cives,
2507 4483 2820 4554 perdidistis
2843 4489 3047 4547 omnia,
3075 4493 3122 4535 et
3148 4498 3295 4534 nunc.
3319 4483 3535 4534 tandem
3587 4483 3730 4548 abji-

2149 4583 2267 4635 citis
2296 4584 2543 4648 pietatem
2573 4577 2798 4643 turpiter
2840 4585 2890 4629 et
2949 4579 3146 4645 absque
3192 4576 3537 4628 conscreatia.
3598 4575 3734 4628 Cum

2149 4677 2286 4728 enim
2324 4673 2578 4726 deberetis
2606 4672 2674 4724 ad
2704 4670 2872 4724 Deum
2905 4669 3188 4738 confugere
3209 4670 3260 4720 in
3289 4668 3537 4737 prtcsenli
3559 4681 3735 4718 rerum

2150 4777 2315 4826 statu.
2345 4783 2378 4818 a
2401 4764 2509 4817 Deo
2535 4765 2885 4832 separamini.
2925 4760 3037 4830 Ego
3068 4763 3312 4814 itmoxtus
3345 4777 3483 4823 sum,
3529 4769 3739 4810 testem-

2151 4879 2248 4931 que
2273 4862 2436 4915 habeo
2470 4861 2654 4922 Deunt,
2680 4860 2796 4928 ejus
2837 4869 3050 4912 sanctos
3084 4868 3131 4912 et
3161 4873 3247 4911 vos
3268 4859 3434 4924 ipsos,
3466 4857 3605 4925 quod
3655 4855 3739 4906 tti-

2151 4953 2228 5005 hil
2257 4968 2486 5022 unquam
2520 4953 2861 5021 neglexerint.
2897 4950 2964 5003 Et
2996 4967 3133 5004 nunc
3160 4953 3233 5002 ita
3267 4965 3346 5002 me
3382 4949 3521 5001 Deus
3576 4950 3738 5012 iuret,

2154 5045 2352 5098 ntalam
2377 5045 2624 5098 unionem
2656 5045 2859 5112 facitis,
2891 5043 3157 5112 peribitis.
3186 5041 3605 5097 Calumniomt'ni
3636 5057 3737 5102 me.

2153 5146 2203 5190 et
2232 5137 2402 5189 minas
2435 5137 2710 5189 intentatis
2743 5152 2761 5201 ;
2804 5135 2895 5191 sed
2926 5137 3141 5189 etiamsi
3177 5147 3400 5188 mortem
3425 5151 3581 5204 quam
3641 5134 3744 5184 mi-

2157 5229 2357 5284 namini
2389 5229 2656 5295 inferatis,
2680 5245 2772 5300 ego
2801 5231 2869 5282 ad
2919 5229 3072 5282 illum
3138 5229 3464 5283 subeundam
3516 5235 3741 5296 paratus

2157 5339 2295 5378 sunt.
2330 5321 2471 5386 Quid
2501 5326 2640 5375 enim
2661 5324 2815 5392 juvat
2845 5323 3038 5388 vivere,
3064 5332 3120 5375 ut
3142 5323 3344 5376 videam
3370 5321 3465 5374 Dei
3499 5332 3604 5373 tam
3631 5337 3746 5373 ma-

2159 5417 2556 5484 nifestamerga
2586 5431 2674 5468 vos
2717 5414 3155 5470 derelictionem!
3186 5413 3429 5476 Domine,
3477 5430 3541 5465 ne
3599 5413 3744 5464 sinas

2160 5511 2250 5563 hos
2276 5509 2512 5561 homines
2544 5509 2597 5561 in
2626 5508 2785 5561 talem
2821 5507 3034 5560 ruinam
3069 5507 3425 5577 prwcipitari,
3479 5522 3542 5559 ne
3584 5506 3749 5574 justi-

2160 5601 2348 5669 ]i.etur
2377 5597 2672 5654 orthodoxa
2701 5600 2832 5669 ﬁdes
2864 5601 2920 5653 in
2952 5599 3186 5664 Oriente,
3226 5601 3280 5654 in
3313 5599 3599 5656 Occide-nte
3626 5599 3746 5653 etin

2161 5694 2353 5748 insulis
2383 5703 2571 5747 contra
2597 5703 2836 5747 nostram
2868 5695 3072 5759 urbem,
3103 5697 3179 5749 ita
3210 5703 3268 5748 ut
3298 5698 3421 5764 quia
3448 5695 3594 5749 illam
3627 5705 3675 5748 et
3705 5706 3752 5747 te

2165 5789 2511 5847 nruleximus.
2540 5805 2841 5846 pereamus.
2866 5788 3119 5845 Jusliftcu
3179 5794 3356 5846 potius
3390 5792 3560 5845 illam.
3593 5795 3665 5841 ita
3695 5803 3753 5840 ut
