4462 6450
488 365 598 427 205
1801 350 1817 374 '

2030 360 2225 420 VITA.

3637 363 3742 426 265

492 474 658 529 multa
693 472 864 524 omnia
898 469 1261 538 impleverant,
1289 467 1379 535 qui
1410 465 1574 520 etiam
1603 481 1738 518 nunc
1775 468 2060 535 plusquam
2097 470 2137 523 Α
2167 467 2430 536 Apologia
2461 469 2664 536 scripta
2688 475 2791 533 est,
2823 468 2915 521 sel
2944 467 3207 521 continua
3233 467 3501 531 oratione,
3531 472 3743 536 Qualem

493 585 624 636 opus
674 573 787 618 erat
849 570 1190 632 prwteasentes
1237 559 1668 614 Christianorum
1705 559 2067 618 calamitates,

491 660 820 712 occasionem
852 655 1095 723 explendi
1132 653 1614 720 concupiscentiam
1651 652 1814 710 nacti,
1844 649 2072 718 infamia

494 752 699 821 quidem
739 763 946 800 sacrum
982 746 1112 799 olim
1131 745 1392 807 ordinem,
1429 742 1687 796 scandala
1714 751 2072 808 spectatorum

494 845 726 902 «mimus,
765 839 906 892 omni
927 837 1064 890 male
1092 845 1262 889 totum
1286 839 1458 887 orbem
1479 840 1806 902 repleverunt
1834 873 1845 884 .
1872 831 2075 884 Deinde

493 935 758 1003 ardiﬁcare
795 948 955 1000 cogor
981 969 993 993 ,
1032 928 1227 996 templa
1266 943 1443 980 euersa
1480 944 1512 978 a
1541 926 1903 994 fundamentis
1934 924 2074 976 exci-

497 1038 610 1079 tare
631 1068 644 1089 ,
675 1034 723 1078 et
760 1024 1058 1078 necessaria
1091 1019 1364 1087 procidere
1390 1020 1531 1079 istis.
1562 1021 1768 1070 utinam
1804 1017 2072 1072 Christia-

500 1121 580 1172 nis
601 1158 614 1180 ,
643 1119 732 1187 qui
765 1116 990 1185 singulis
1022 1115 1073 1166 in
1105 1114 1232 1167 locis
1262 1114 1479 1180 reperti,
1512 1128 1615 1179 qua
1643 1113 1849 1163 ratione
1888 1125 2077 1162 secun-

496 1213 622 1264 dum
652 1211 817 1276 legem
847 1208 1084 1276 patriam
1121 1208 1373 1268 viverent,
1407 1205 1677 1271 Deumque
1708 1203 1948 1255 colerent
1975 1218 2077 1254 non

497 1305 802 1357 curabant.
864 1301 1064 1354 Deinde
1141 1309 1324 1353 coacta
1369 1308 1444 1352 est
1503 1299 1732 1366 synodus
1789 1294 2077 1347 multarunt

497 1401 864 1463 episcoporum
911 1411 974 1448 ex
1022 1392 1238 1458 Europa
1269 1402 1314 1444 et
1341 1391 1472 1444 Asia
1499 1390 1874 1458 conﬂuentium
1905 1427 1917 1451 ,
1947 1405 2075 1456 quo-

501 1506 616 1542 rum
645 1490 916 1557 su/Tragiis
945 1504 1039 1558 ego
1070 1488 1298 1554 primum
1320 1484 1598 1548 diaconus,
1631 1483 1822 1535 deinde
1861 1480 2078 1550 presby-

504 1601 606 1645 ter,
649 1583 836 1635 deinde
870 1581 1142 1646 episcopus
1173 1589 1217 1631 et
1253 1577 1560 1646 patriarcha
1593 1576 1913 1628 constituor.

573 1675 704 1740 Quae
748 1678 798 1726 in
847 1670 1202 1741 patriarchali
1239 1683 1465 1721 munere
1492 1667 1826 1720 constitutus
1862 1666 2080 1720 Germa-

503 1768 629 1821 dius
696 1764 962 1831 gesserit,
1021 1764 1111 1814 vix
1161 1758 1382 1814 aliunde
1438 1758 1725 1821 habemus,
1790 1773 1950 1825 quam
2012 1772 2075 1810 ex

504 1857 743 1911 Historia
805 1853 1183 1909 ecclesiastica
1251 1850 1714 1908 Gnaeo-Barbara
1782 1851 1876 1919 (l).
1932 1848 2069 1902 Cum

504 1946 696 1998 Tur-ca:
740 1943 954 1997 Sancta:
983 1942 1202 2011 Sophim
1236 1941 1498 2009 templum
1548 1948 1602 1993 et
1639 1939 2072 2006 patriarcheium

503 2044 892 2105 occupassent,
939 2037 1057 2103 ipse
1099 2034 1167 2087 ad
1221 2032 1322 2086 SS.
1361 2032 1753 2100 Apostolorum
1795 2040 2068 2084 monaste-

504 2132 642 2184 rium
687 2145 746 2182 se
803 2128 1046 2195 recepit,
1082 2135 1294 2178 vastum
1328 2135 1380 2176 et
1413 2124 1522 2190 jam
1557 2123 1858 2177 solitudine
1895 2123 2076 2176 horri-

503 2223 654 2281 dum,
690 2218 832 2270 unde
861 2217 1048 2270 eodem
1086 2226 1179 2269 aut
1211 2217 1460 2285 sequenti
1494 2230 1639 2269 anno
1674 2214 1833 2284 fugit,
1868 2215 2078 2269 veritus

508 2326 573 2364 ne
626 2310 790 2363 ca'dis
839 2310 1156 2361 commissae
1189 2323 1313 2376 erga
1347 2308 1608 2368 'l'urcam,
1646 2308 1803 2375 cujus
1839 2306 2078 2359 cadaver

505 2405 643 2454 intra
702 2414 892 2450 muros
950 2407 1228 2465 repertum
1272 2409 1421 2456 erat.
1472 2412 1647 2465 pinna:
1679 2413 1706 2449 a
1743 2399 2076 2450 Christianis

503 2493 872 2558 exigerentur.
907 2487 1134 2541 Videtur
1178 2501 1344 2556 porro
1378 2485 1697 2539 Gennadius
1729 2485 1864 2538 urbe
1895 2485 2078 2551 prolu-

506 2582 667 2651 Eisse,
707 2594 832 2632 nam
879 2586 991 2633 tres
1039 2578 1222 2648 βιαίας
1273 2578 1518 2642 ἀνόδους,
1559 2577 1674 2630 sive
1731 2575 1996 2630 violentos
2025 2576 2078 2628 in

507 2673 695 2725 urbem
745 2685 1032 2739 regressus
1080 2678 1478 2723 commemorat
1512 2668 1567 2722 in
1605 2668 1811 2736 aliquot
1843 2681 2080 2735 opuscu-

506 2766 682 2817 lorum
709 2760 1530 2830 titulisjuxta.antiquissimum
1552 2757 1778 2829 Regium
1806 2759 2075 2814 codicem.

507 2855 612 2909 Ter
648 2864 830 2907 autem
893 2853 1029 2906 urbe
1077 2850 1315 2906 excessit
1347 2890 1360 2912 ,
1410 2851 1576 2904 semel
1635 2865 1757 2904 cum
1799 2851 1971 2904 hostis
2003 2851 2080 2902 ir-

507 2957 804 3016 rumperet,
842 2949 1040 3000 iterum
1096 2953 1219 3014 post
1275 2943 1478 2999 caedem
1539 2958 1659 3013 quae.
1711 2942 1855 2996 intra
1893 2957 2080 2997 muros

506 3037 607 3094 SS.
633 3039 1025 3108 Apostolorum
1057 3044 1271 3106 patrata
1302 3045 1383 3090 est
1411 3051 1426 3101 ;
1462 3035 1679 3090 tandem
1717 3035 1966 3104 deposito
1989 3050 2080 3103 pa-

2178 573 2363 612 (‘oram
2413 561 2632 612 sultauo
2679 559 2996 612 Gennadius
3030 557 3240 624 habuit,
3270 569 3562 628 antequam
3600 575 3751 614 com-

2178 649 2514 718 pendiariam
2569 653 2712 704 illam
2787 651 3114 706 Christiana:
3169 653 3288 707 lidei
3348 654 3747 724 expositionem

2177 741 2387 808 scripto
2433 745 2918 811 complecteretur.
2978 744 3139 799 Edita
3188 755 3270 799 est
3323 761 3540 814 quoque
3569 747 3750 800 oratio

2179 832 2296 900 ipsa
2344 833 2650 898 rnultoties,
2704 847 2816 889 tum
2877 837 3136 902 seorsim,
3187 845 3299 890 tutu
3333 837 3388 890 in
3427 836 3752 893 Bibliotheca

2179 924 2404 976 Patrum
2418 969 2429 979 .

2250 1016 2423 1072 Paulo
2461 1030 2747 1089 postquam
2780 1020 2919 1075 hanc
2951 1023 3257 1077 orationem
3295 1023 3582 1079 habuisset
3613 1025 3758 1079 Geu-

2182 1109 2400 1173 nadius,
2452 1112 2810 1179 patriarchali
2862 1128 2920 1167 se
2971 1115 3239 1183 dignitate
3290 1117 3757 1186 abdicavit,a*gre

2179 1199 2401 1253 obtenta
2432 1215 2460 1252 a
2491 1203 2715 1257 sultano
2741 1203 2895 1256 venia
2931 1219 3090 1266 ;mox
3126 1207 3414 1273 epistolam
3448 1224 3542 1262 seu
3577 1191 3758 1276 points

2179 1293 2448 1360 prolixam
2512 1294 2831 1349 Orationem
2916 1298 3319 1365 apologeticaut
3391 1301 3618 1368 scripsit
3681 1301 3754 1352 ad

2181 1398 2359 1435 omnes
2382 1384 2563 1452 fideles
2586 1388 2636 1438 in
2660 1386 2873 1439 Christo
2894 1388 3041 1450 Jesu,
3077 1392 3189 1452 τοῖς
3219 1392 3501 1460 πανταχοῦ
3535 1396 3756 1454 πιστοῖς

2182 1476 2238 1526 ὲν
2290 1476 2508 1546 Χριστῷ
2580 1480 2779 1549 Ἰησοῦ.
2851 1479 3048 1550 Narrat
3105 1484 3381 1559 quomodo
3454 1495 3576 1553 post
3622 1501 3761 1555 pra:-

2183 1565 2382 1619 dictam
2422 1571 2622 1637 sa'pius
2662 1573 2812 1627 urbis
2843 1583 2894 1625 et
2927 1575 3097 1627 totius
3119 1575 3334 1644 imperii
3365 1577 3573 1631 cladem
3609 1595 3762 1632 coni~

2185 1659 2656 1728 minationemque
2721 1661 2920 1715 divina:
2995 1664 3248 1718 vindictae
3311 1667 3380 1719 ob
3437 1678 3756 1736 susceptum

2183 1746 2546 1803 Latinismum
2574 1793 2586 1813 ,
2619 1761 2780 1820 capta
2816 1753 2950 1807 urbe
2986 1755 3040 1806 in
3077 1755 3318 1810 hostium
3353 1773 3550 1814 manus
3589 1775 3752 1813 vene-

2183 1842 2274 1905 rit,
2307 1852 2360 1896 et
2399 1858 2462 1895 ex
2517 1843 2643 1913 fuga
2694 1853 2988 1912 retractus,
3057 1850 3368 1917 patriarcha
3403 1854 3749 1908 renuntiatus

2181 1932 2363 1998 fuerit,
2419 1937 2545 1990 licet
2600 1937 2844 1993 invitus:
2901 1941 2986 1993 cui
3045 1943 3261 1996 tandem
3297 1946 3533 2008 muneri,
3565 1948 3749 2000 statim

2180 2035 2342 2094 atque
2375 2043 2471 2095 per
2499 2029 2780 2082 sultannm
2817 2032 2997 2095 licuit,
3025 2035 3454 2087 renuntiamlurn
3479 2041 3755 2102 statuerit,

2181 2125 2294 2167 tum
2325 2117 2452 2183 quia
2490 2118 2784 2172 destitutus
2817 2130 2966 2174 esset
3002 2138 3192 2176 eorum
3231 2126 3468 2185 auxilio.
3508 2128 3597 2195 qui
3628 2142 3762 2180 one-

2182 2205 2258 2259 ris
2293 2217 2502 2275 partem
2559 2212 2865 2265 secundum
2909 2214 3324 2270 ecclesiasticas
3385 2218 3531 2288 leges
3585 2221 3758 2275 susti-

2182 2315 2315 2353 nere
2350 2302 2678 2368 debuerant,
2713 2315 2824 2356 tum
2863 2306 2930 2358 ob
2965 2309 3245 2376 impensos
3277 2311 3512 2366 inaniter
3543 2313 3758 2368 labores

2181 2394 2236 2445 in
2299 2393 2612 2449 auferendis
2661 2397 2940 2452 scandalis
2991 2407 3043 2453 et
3086 2405 3479 2471 componendis
3513 2408 3761 2460 simulta-

2185 2485 2352 2539 tibus.
2382 2484 2574 2542 \’arias
2609 2490 2772 2542 etiam
2805 2492 3148 2548 calamitates
3187 2494 3374 2560 refert,
3411 2512 3548 2564 quas
3577 2500 3643 2551 ab
3681 2499 3764 2553 in-

2183 2576 2322 2631 vidis
2373 2578 2569 2634 ruisset
2610 2596 2902 2649 perpessus
2938 2622 2954 2646 ,
3016 2585 3106 2651 qui
3167 2587 3598 2653 patriarehatum
3650 2607 3763 2645 non

2184 2665 2417 2720 obscure
2451 2670 2780 2734 ambientes,
2812 2674 2978 2726 multa
3008 2676 3107 2744 ipsi
3132 2677 3348 2746 negotia
3380 2678 3762 2739 lacessebant:

2185 2760 2463 2828 signiﬁcat
2503 2765 2719 2818 tandem
2755 2781 2815 2819 se
2863 2767 3119 2834 dignitati
3155 2773 3504 2839 renuntiare,
3556 2785 3614 2829 ut
3647 2777 3761 2843 jam

2185 2851 2288 2905 sibi
2334 2854 2436 2907 soli
2492 2864 2670 2922 vacet,
2724 2858 3220 2929 pmnitentiamque
3268 2863 3323 2916 in
3391 2868 3764 2935 tranquillaet

2187 2946 2433 3001 solitaria
2486 2949 2593 3001 vita
2645 2950 2713 3004 de
2769 2953 3011 3019 peccatis
3058 2955 3173 3009 suis
3216 2966 3359 3024 agat.
3388 2959 3518 3013 llaec
3552 2970 3636 3014 est
3677 2962 3766 3016 illa

2185 3041 2516 3108 παραίτησις
2540 3081 2555 3106 ,
2595 3057 2756 3109 quam
2791 3043 2844 3095 in
2871 3045 3056 3099 codice
3086 3047 3348 3102 Ecclesia:
3370 3049 3772 3116 ,Constantino-

508 3132 782 3184 triarchali
838 3145 1064 3183 munere
1104 3144 1225 3182 cum
1259 3143 1318 3182 se
1351 3129 1557 3196 recepit
1587 3128 1640 3180 in
1677 3129 2075 3181 monasterium
2113 3141 2156 3200 ρ
2194 3133 2446 3200 polituris:
2500 3133 2826 3199 descriptam
2895 3135 3069 3190 fuisse
3135 3140 3415 3193 memoria:
3475 3153 3524 3194 et
3575 3154 3768 3197 aucto-

507 3222 787 3277 Prodromi
819 3222 884 3276 ad
925 3218 1258 3275 Menmceum
1293 3229 1552 3282 montem,
1590 3218 1732 3272 unde
1767 3220 2083 3288 compulsus

507 3327 587 3371 cst
622 3320 670 3368 in
707 3315 890 3369 urbem
941 3314 1156 3376 redire,
1192 3320 1245 3365 et
1280 3323 1408 3365 tunc
1456 3312 1669 3381 aliquas
1706 3310 1972 3365 Homilies
2015 3315 2079 3364 ad

508 3410 767 3476 populum
817 3407 1026 3460 habuit.
1072 3404 1209 3457 Hinc
1255 3404 1599 3459 emendanda
1643 3418 1766 3472 quae
1797 3413 1921 3456 ante
1950 3419 2083 3470 pan-

506 3516 600 3551 cos
669 3513 843 3553 annos
915 3497 1117 3566 prodiit
1179 3496 1412 3564 Philippi
1468 3495 1651 3564 Cyprii
1700 3494 2084 3547 Patriarchalis

507 3590 770 3655 Historia,
811 3591 903 3660 qui
954 3591 1138 3643 statim
1191 3589 1534 3658 patriarchas
1585 3588 2084 3654 ὼιιδιειηιίηομυιὶ-

507 3694 664 3738 tanos
711 3684 777 3736 ad
822 3683 1274 3736 Pammacarista:
1324 3680 1606 3734 habitasse
1661 3680 1854 3733 scribit
1887 3689 2080 3733 contra

508 3776 898 3830 lzistOricorum
954 3777 1200 3829 omnium
1249 3772 1431 3836 (idem,
1461 3785 1596 3826 utet
1627 3774 1796 3825 multa
1823 3772 1925 3824 alia
1964 3789 2082 3840 qua:

508 3871 651 3921 Lune
685 3877 965 3921 auctorem
1013 3868 1128 3920 sive
1174 3867 1357 3935 potius
1385 3866 1893 3919 consarcinatorem
1940 3881 2082 3933 saepe

507 3961 894 4013 hallucinatum
925 3973 1044 4012 esse
1075 3957 1476 4011 demonstrant.

577 4053 714 4106 Cum
760 4068 824 4104 ex
875 4051 999 4120 fuga
1047 4051 1325 4114 rediissct,
1363 4049 1461 4105 sed
1492 4065 1601 4118 quo
1634 4064 1779 4102 anno
1813 4050 2078 4114 nescitur,

507 4144 698 4196 habuit
748 4141 1067 4197 Gennadius
1125 4140 1433 4195 orationem
1485 4141 1598 4193 sive
1646 4140 2076 4208 disputationem

509 4237 652 4289 illam
681 4236 983 4296 celebrem,
1032 4247 1152 4302 qua:
1189 4231 1394 4296 Graece,
1426 4231 1640 4294 Latine,
1675 4231 1784 4285 imo
1817 4241 1866 4284 ct
1897 4229 2084 4284 Turci-

508 4347 590 4391 Cc,
626 4331 719 4384 sed
741 4327 943 4381 Graecis
968 4326 1161 4380 litteris
1185 4326 1328 4379 edita
1357 4326 1598 4392 est,r:ap‘t
1627 4323 1725 4392 τῆς
1762 4324 1934 4392 μόνης
1961 4323 2079 4374 ὁδοῦ

510 4427 643 4490 πρὸς
669 4422 768 4489 τὴν
803 4419 1078 4487 σωτηρίαν
1133 4417 1461 4486 ἀνθρώπων.
1494 4416 1855 4470 Occasionem
1892 4424 2083 4468 narrat

2191 3223 2368 3278 ritatis
2422 3240 2587 3278 causa
2639 3225 2798 3280 docet
2861 3226 3107 3282 Historia
3166 3231 3563 3297 ecclesiastica,
3620 3237 3768 3305 apud

2191 3314 2443 3368 Crusium
2475 3317 2574 3383 (5),

2263 3408 2379 3460 Mox
2438 3411 2638 3476 recepit
2695 3426 2752 3463 se
2801 3412 3110 3467 Gennadius
3159 3415 3211 3467 in
3262 3420 3652 3472 monasterium
3707 3418 3767 3474 S.

2189 3499 2416 3553 Joannis
2465 3500 2720 3568 Baptistae
2770 3505 2823 3555 in
2868 3514 3048 3558 monte
3094 3505 3374 3562 Menoeceo
3434 3527 3598 3579 prope
3638 3510 3771 3565 Ser-

2195 3606 2280 3644 ras
2318 3592 2396 3644 vn-l
2429 3592 2684 3654 Pherras,
2735 3605 2792 3646 ut
2839 3595 3101 3648 scribitur
3142 3600 3193 3649 in
3239 3601 3358 3652 cod.
3405 3600 3593 3670 Regio,
3643 3620 3767 3657 cum

2194 3695 2364 3735 annos
2397 3683 2636 3751 quinque
2662 3694 2715 3737 et
2749 3701 2958 3739 menses
2993 3687 3199 3755 aliquot
3223 3687 3479 3744 Ερεῐεδί.υ
3502 3691 3771 3748 Constan—

2193 3774 2564 3842 tinopolitanze
2597 3775 2922 3845 praefuisset,
2955 3792 3117 3848 atque
3150 3781 3219 3834 ita
3251 3782 3368 3852 ejus
3399 3784 3671 3840 abdicatio
3703 3791 3768 3843 ad

2193 3877 2392 3915 annum
2438 3865 2571 3918 1459
2637 3866 2890 3921 reicitur.
2928 3867 3152 3923 Videtur
3196 3881 3371 3925 tamen
3441 3874 3599 3928 aliter
3651 3887 3769 3931 sta-

2196 3956 2494 4022 tuendum;
2537 3975 2659 4011 nam
2691 3961 2880 4014 titulus
2915 3960 3191 4017 Orationis
3213 3980 3372 4033 quam
3406 3967 3593 4020 habuit
3624 3969 3770 4022 Geu-

2193 4048 2388 4101 nadius
2424 4049 2474 4102 in
2522 4050 2709 4106 funere
2745 4052 3014 4107 Theodori
3050 4052 3332 4123 Sophiani,
3376 4057 3458 4110 sui
3494 4074 3559 4112 ex
3598 4059 3766 4114 fratre

2193 4140 2423 4208 nepotis,
2465 4143 2622 4194 docet
2656 4145 3063 4210 pronuntiatam
3115 4145 3282 4201 fuisse
3316 4149 3383 4202 ‘28
3423 4148 3765 4218 Septembris

2192 4245 2336 4283 anno
2377 4231 2534 4294 6965,
2570 4235 2870 4286 secundum
2908 4236 3148 4300 Graecos,
3178 4238 3281 4292 hoc
3312 4247 3396 4292 est
3432 4255 3576 4296 anno
3601 4243 3764 4295 Chri-

2193 4322 2262 4375 sti
2304 4323 2436 4376 1457
2479 4340 2509 4376 a
2548 4323 2832 4379 Gennadio
2882 4328 3167 4382 monacho.
3215 4328 3282 4381 At
3328 4329 3487 4401 vulgo
3533 4347 3641 4386 non
3691 4337 3765 4388 ita

2192 4415 2495 4482 appellatur
2550 4417 2601 4469 in
2653 4416 2823 4471 titulis
2874 4432 3062 4471 eorum
3109 4421 3496 4488 opusculorum
3543 4440 3662 4492 qua:
3713 4428 3768 4479 iu

512 4512 750 4565 Historia
795 4509 1260 4565 Graeco-Barbara
1293 4508 1402 4577 (:2).
1433 4506 1511 4559 Eo
1569 4517 1820 4574 tempore,
1875 4508 2070 4576 inquit,
2109 4499 2152 4554 D
2185 4508 2555 4575 patriarchatu
2608 4510 2844 4578 scripsit.
2895 4510 3027 4576 Qua:
3050 4512 3361 4580 conjectura
3412 4515 3772 4570 confirmatur

511 4603 643 4655 idem
675 4601 919 4654 sultanus
949 4602 1160 4660 ipsemet
1204 4599 1420 4650 intrarit
1456 4598 1895 4666 patriai-eliciunt,
1928 4614 2079 4649 cunt-

510 4706 607 4758 que
639 4691 690 4740 in
719 4689 907 4753 templo
946 4686 1385 4740 Pummacaristte
1449 4691 1702 4751 venisset,
1735 4689 1789 4739 in
1824 4688 2076 4740 sacellum

511 4786 775 4846 ingressus
813 4789 914 4839 est,
946 4777 1032 4829 ubi
1067 4778 1220 4830 hodie
1264 4781 1559 4830 arntariunt
1599 4795 1769 4830 rerum
1807 4795 2085 4831 sacrarum

509 4884 607 4937 est,
636 4883 685 4925 et
740 4889 856 4924 cum
885 4872 1190 4938 patriarcha
1233 4869 1507 4923 Gennadio
1556 4871 1775 4925 libenter
1819 4888 2084 4925 sermones

512 4967 728 5018 Contulit
755 5005 766 5018 .
810 4963 956 5017 Tum:
1001 4966 1140 5017 omni
1177 4976 1312 5017 metu
1351 4966 1543 5032 posito,
1573 4968 1870 5017 universam
1901 4967 1948 5018 ei
1983 4983 2083 5034 pa-

512 5060 748 5110 triarcha
777 5060 1044 5109 ceritatem
1076 5058 1200 5125 ﬁdei
1233 5057 1551 5110 Christianae
1583 5059 1810 5125 aperuit,
1842 5060 2084 5127 scripsit-

510 5170 604 5221 que
645 5169 738 5218 pro
792 5167 1010 5203 numero
1059 5153 1406 5220 qumstionunt
1439 5155 1552 5220 ejus
1591 5154 1768 5216 capita
1802 5153 2083 5219 viginti....

511 5264 627 5316 quw
663 5256 709 5300 et
769 5248 909 5300 dedit
939 5247 1171 5298 sultano.
1212 5245 1593 5313 Subjieiuntur
1625 5257 1803 5298 autem
1838 5247 1948 5299 lucc
1987 5262 2079 5298 ca-

514 5344 684 5408 pitula
733 5342 854 5393 loco
895 5342 1084 5402 citato,
1126 5355 1249 5393 cum
1315 5338 1551 5391 'l‘urcica
1619 5340 2082 5407 lltlt‘l‘pt‘rluliuue

508 5434 790 5485 At'unialis
819 5434 932 5485 sive
970 5432 1248 5483 Aelimetis
1297 5430 1573 5484 Berrhmie
1616 5433 1879 5499 pricl'ecti.
1925 5433 1992 5484 At
2030 5432 2080 5484 iu

509 5540 698 5578 nostro
736 5525 921 5577 Codice
964 5540 1072 5576 non
1128 5539 1222 5591 per
1267 5527 1496 5592 quaesita
1545 5537 1597 5578 et
1659 5542 1925 5593 responsa
1964 5527 2079 5579 lucc

579 5728 653 5790 (Ι)
687 5726 948 5795 'l'uri-ugr.
991 5728 1024 5780 Ι.
1065 5745 1123 5780 ll.
1160 5744 1209 5796 p.
1254 5728 1371 5780 IUS.

580 5799 654 5863 (ιιι
688 5798 817 5849 Ibid.
870 5815 987 5867 pag.
1039 5801 1154 5852 ιυυ.

762 5896 1019 5951 ΡΛικοι..
1065 5899 1146 5948 Gr:
1215 5890 1390 5950 CLX.

2193 4599 2364 4651 altera
2402 4600 2537 4652 satis
2569 4600 2873 4654 verisimili.
2912 4600 3043 4654 Nam
3083 4603 3137 4655 in
3171 4606 3507 4659 monasterio
3539 4605 3769 4662 Joannis

2195 4692 2309 4745 sive
2339 4691 2644 4757 Prodromi,
2685 4695 2854 4747 multa
2878 4693 3197 4750 Gennadius
3222 4697 3498 4754 elaborate
3525 4701 3769 4769 scripsit,

2196 4798 2316 4850 quae
2345 4784 2390 4836 si
2424 4785 2721 4836 secundum
2750 4785 3004 4840 Panviuii
3037 4797 3086 4840 et
3112 4786 3444 4842 Gencbrardi
3471 4791 3771 4846 chronolo~

2198 4875 2362 4942 giam,
2404 4873 2539 4927 obiit
2577 4889 2721 4928 anno
2764 4876 2922 4941 1460,
2969 4878 3131 4931 unius
3174 4880 3301 4931 anni
3346 4881 3636 4935 intervallo
3681 4885 3768 4938 vix

2195 4975 2409 5032 poterat
2439 4967 2744 5021 absolvere.
2788 4967 2945 5021 Tales
2996 4980 3124 5023 sunt
3189 4982 3452 5025 tractatus
3524 4974 3597 5026 De
3658 4973 3770 5026 Ex-

2188 5060 2426 5110 sistentia
2449 5069 2495 5109 et
2519 5068 2710 5112 natura
2734 5063 3056 5125 animarum,
3085 5063 3147 5115 de
3171 5060 3506 5133 Purgatorio,
3528 5067 3591 5119 de
3621 5067 3771 5121 Prw-

2190 5147 2560 5212 destinatione,
2593 5151 2656 5202 ad
2689 5149 2987 5218 Josephum
3021 5151 3565 5210 TheSsanniccnscm
3605 5174 3618 5221 ;
3653 5168 3763 5211 tres

2190 5245 2277 5296 alii
2303 5244 2367 5297 de
2389 5243 2872 5297 Pratdcstinatione
2897 5244 3208 5311 Sermones,
3236 5247 3487 5317 Epistula:
3511 5249 3578 5302 ad
3601 5249 3772 5302 'l‘hco-

2192 5338 2384 5389 dorum
2432 5337 2704 5389 Brennum
2749 5339 2862 5392 sive
2897 5338 3234 5404 Brieunium,
3288 5350 3339 5392 ct
3379 5342 3480 5393 alia
3523 5357 3622 5394 nec
3643 5358 3776 5409 pau-

2194 5446 2255 5482 ca
2291 5445 2388 5481 ncc
2413 5438 2859 5495 extemporauea.
2885 5430 3038 5486 Unde
3061 5446 3180 5483 cum
3205 5446 3364 5483 nemo
3391 5433 3493 5484 huc
3516 5448 3683 5501 usque
3703 5448 3767 5486 ex

2193 5522 2358 5578 Ccl'lls'
2380 5521 2582 5575 Gr:cc..c
2603 5521 2857 5578 Historia:
2881 5525 3249 5580 monumentis
3273 5541 3475 5578 annum
3500 5525 3768 5579 chnadii

2268 5729 2338 5790 (δ)
2377 5727 2505 5780 Ibit.
2543 5745 2662 5798 pag.
2704 5729 2818 5784 tea.
