4462 6450
756 382 863 444 267

752 593 895 645 H60
925 594 1089 644 vitatu
1126 594 1452 661 produxisse
1478 603 1705 656 statuat,
1739 609 1845 647 non
1871 594 2108 646 inaniter
2137 593 2346 645 videbi-

754 698 840 738 tur
897 685 1216 752 coniectari.
1279 683 1413 737 Nam
1471 685 1525 738 in
1585 685 1754 756 Regio
1806 687 1928 739 cod.
1991 684 2225 737 llomilia
2283 685 2350 736 de

752 778 986 829 transitu
1034 775 1092 828 Β.
1130 774 1314 830 Mariae
1353 776 1581 844 virginis
1640 778 1849 846 scripta
1882 775 2350 843 Constantinopo-

752 869 784 918 li
822 868 1023 919 dicitur
1050 868 1101 919 in
1136 867 1470 921 monasterio
1525 868 1992 930 Pammacaristae,
2030 881 2153 919 cum
2186 866 2350 920 tertio

753 976 802 1010 ιιι
843 961 1032 1010 urbem
1071 959 1252 1013 redire
1289 969 1519 1014 coactus
1562 959 1762 1015 fuisset
1793 975 1940 1013 anno
1964 960 2066 1025 οϐ’,
2107 960 2208 1014 hoc
2239 967 2349 1021 est,

753 1062 810 1102 ιιι
857 1066 1015 1102 nemo
1055 1065 1160 1102 non
1218 1051 1492 1121 intelligit,
1540 1053 1702 1116 (5972,
1751 1054 2057 1107 secundum
2103 1052 2350 1106 Graecam

749 1141 1189 1209 chronologiaut.
1240 1142 1330 1209 qui
1379 1158 1556 1195 annus
1615 1145 1916 1212 respondet
1958 1157 2104 1197 anno
2151 1142 2353 1196 Christi

753 1230 913 1292 ιιδι,
1003 1231 1156 1296 cujus
1226 1243 1410 1287 certus
1467 1235 1753 1288 character
1814 1243 1900 1289 est
1956 1235 2186 1289 indictio
2263 1233 2348 1298 12.

751 1341 912 1390 quam
989 1325 1112 1376 huic
1171 1339 1317 1377 anno
1395 1325 1719 1391 atljunctam
1787 1326 1951 1380 habet
1992 1323 2182 1380 Canon
2257 1341 2355 1379 an-

754 1433 946 1467 um-utn
978 1431 1351 1485 expansorutn
1406 1417 1474 1470 ab
1505 1417 1704 1470 Allatio
1751 1418 1954 1480 editus,
1990 1417 2041 1471 in
2074 1433 2240 1486 opere
2285 1418 2359 1470 De

751 1511 1028 1563 dominicis
1072 1520 1121 1563 et
1174 1511 1586 1564 hebdomadibus
1643 1510 1950 1565 Graecorum
2002 1509 2359 1578 (l).Seripsit

750 1604 914 1653 etiam
950 1603 1284 1670 opusculum
1313 1602 1456 1671 "cpi
1480 1602 1581 1669 τῆς
1637 1601 1860 1671 πρώτης
1911 1600 2009 1654 τοῦ
2061 1601 2197 1654 θεοῦ
2255 1602 2357 1655 λα-

755 1694 943 1760 τρείας
979 1733 993 1753 ,
1050 1704 1172 1761 post
1226 1693 1538 1747 abdicatam
1591 1693 1917 1761 dignitatem
1973 1694 2026 1745 in
2079 1692 2357 1746 Menmceo

755 1793 939 1838 monte
980 1785 1390 1839 etmonasterio
1427 1782 1712 1838 Prudrotni
1737 1798 1829 1836 au.
1855 1783 2042 1836 mundi
2070 1783 2232 1844 6966,
2257 1784 2352 1851 qui

752 1885 837 1929 est
884 1875 1013 1930 Jesu
1041 1876 1248 1930 Christi
1306 1875 1464 1930 “58.
1500 1876 1687 1943 ltaque
1727 1874 1840 1943 jam
1879 1875 1947 1928 ab
1995 1890 2140 1927 anno
2188 1846 2349 1939 MSS,
2385 1846 2425 1901 Β

753 1977 847 2022 aut
887 1968 1042 2034 1457,
1085 1969 1130 2022 si
1168 1983 1294 2022 vera
1342 1977 1427 2022 est
1459 1967 1752 2035 inscriptio
1792 1966 2073 2020 Orationis
2105 1968 2158 2018 in
2194 1965 2352 2019 fune-

755 2076 811 2115 re
865 2059 1158 2129 Sophiani,
1209 2058 1528 2114 Gennadius
1582 2059 1886 2111 monachus
1922 2059 2262 2128 vocabatur.
2299 2065 2353 2110 et

753 2155 1070 2223 patriarcha
1103 2168 1225 2208 esse
1278 2153 1548 2214 desierat,
1591 2168 1745 2216 cum,
1773 2153 1819 2207 si
1849 2151 2063 2205 Malaxo
2089 2160 2141 2203 et
2178 2150 2352 2205 llisto—

754 2248 849 2300 rite
892 2247 1139 2300 barbarae
1176 2244 1309 2300 fides
1345 2244 1600 2299 habenda
1638 2253 1741 2310 est,
1774 2259 1880 2298 non
1912 2254 2040 2297 ante
2075 2243 2212 2297 1459
2243 2244 2354 2312 pri-

753 2351 932 2393 vatam
976 2340 1142 2392 vitam
1175 2339 1463 2408 repetiisse
1518 2338 1790 2391 videatur.
1839 2335 1976 2390 Tum
2022 2336 2186 2390 etiam
2244 2350 2349 2388 non

755 2443 903 2488 recte
945 2432 1130 2486 statim
1158 2445 1284 2485 eum
1320 2431 1529 2484 obiisse
1570 2429 1846 2492 scribunt,
1896 2443 2022 2481 cum
2072 2442 2248 2481 annos
2293 2434 2350 2479 ut

756 2527 1044 2580 minimum
1094 2531 1337 2594 quatuor
1389 2521 1780 2592 supervixerit.
1832 2521 2010 2590 Atque
2059 2521 2172 2572 haec
2224 2525 2353 2573 sunt

751 2639 878 2691 qua:
912 2622 978 2676 de
1013 2618 1282 2674 Gennadii
1324 2619 1433 2671 vita
1495 2625 1549 2671 et
1588 2617 1750 2670 rebus
1790 2615 1956 2685 gestis
1991 2615 2044 2668 in
2089 2622 2238 2666 tanta
2272 2612 2354 2665 lti-

745 2717 938 2772 storite
992 2711 1329 2778 reccntioris:
1360 2709 1597 2779 caligine
1647 2709 1949 2762 observare
1985 2706 2284 2776 potuimus.

737 2795 746 2803 ’
821 2806 988 2860 Multa
1022 2805 1246 2874 scripsit
1286 2802 1606 2857 Gennadius
1651 2809 1850 2870 praeter
1897 2815 1957 2853 ea
2017 2813 2136 2868 qua:
2185 2797 2350 2851 variis

751 2900 885 2955 locis
939 2895 1147 2950 dudum
1192 2893 1337 2947 edita
1390 2901 1542 2946 sunt.
1589 2888 1721 2942 Nam
1774 2904 2122 2959 quacunque
2169 2887 2347 2941 tribus

749 2992 864 3046 suis
886 2987 1138 3058 Georgiis
1163 2987 1278 3040 sive
1297 2984 1607 3040 Gennadiis
1635 2983 1868 3036 Allatius
1895 2981 2172 3043 attribuit,
2202 2980 2350 3035 hunc

748 3094 1000 3139 nostrum
1037 3091 1320 3135 auctorem
1356 3079 1592 3144 habent;
1636 3077 1729 3130 sed
1781 3076 1937 3144 plura
1970 3075 2135 3142 longe
2177 3073 2230 3124 in
2264 3071 2344 3125 bi.

1833 384 2217 444 GENNADII
2268 383 2374 442 Ct".
2424 382 2622 440 PATll
2640 385 2706 441 1A
2721 385 2944 446 “CIL-Ii

751 516 1067 566 supremum
1110 501 1500 569 designavi-rit,
1535 501 1578 554 si
1626 501 1751 567 quis
1789 515 1912 553 cum
1948 501 2090 553 ultra
2141 515 2346 553 annum
2386 497 2599 562 Aquod
2669 496 2834 550 refert
2881 500 3194 552 Graecorum
3263 509 3509 555 actorum
3559 504 3791 572 scriptor
3828 522 3841 559 :

3934 393 4040 455 968

3883 521 4040 576 etqus

2455 587 2664 640 idcirCu
2702 588 2832 641 fides
2879 592 3137 643 vacillare
3193 607 3297 645 non
3353 593 3538 648 debet.
3583 593 3857 664 Sylvester
3897 599 4040 650 enim

2457 678 2756 748 Syropulus
2790 681 2868 750 (2)
2905 682 3191 738 Latinismi
3230 700 3336 738 non
3373 695 3688 754 suspectus,
3722 685 3888 739 refert
3935 686 4047 739 for-

2458 770 2658 822 mulam
2692 773 2998 826 concordia:
3031 775 3178 828 circa
3210 777 3570 844 quaestionem
3598 778 3664 831 de
3685 779 4045 847 processione

2459 858 2695 928 Spiritus
2727 865 2930 930 sancti,
2969 880 3090 933 qua:
3116 881 3143 918 a
3181 866 3414 937 Georgio
3447 865 3737 922 Scholario
3767 872 4046 940 composi-

2459 959 2533 1011 ta.
2583 965 2766 1006 coram
2810 955 3144 1025 imperatore
3169 969 3221 1010 et
3246 957 3562 1013 Grtecorum
3591 960 3879 1031 praecipuis
3913 963 4047 1014 lecta

2459 1043 2642 1098 fuerit.
2669 1047 2992 1102 Orationum
3028 1065 3148 1119 qua:
3189 1066 3313 1106 cum
3344 1053 3536 1107 iisdem
3569 1053 3706 1108 actis
3751 1054 4047 1109 circumfe-

2458 1146 2673 1201 runtur,
2701 1140 2847 1192 nulla
2883 1141 2938 1195 in
2973 1143 3179 1196 nostris
3209 1142 3497 1198 codicibus
3525 1145 3791 1200 memoria
3815 1156 3917 1209 est,
3956 1161 4050 1198 nc-

2459 1247 2565 1298 que
2613 1233 2830 1286 illarum
2880 1235 3133 1289 meminit
3178 1235 3455 1307 Sylvester
3499 1236 3830 1307 Syropulus,
3868 1246 3922 1292 et
3956 1253 4051 1292 eas

2460 1321 2696 1389 Georgio
2730 1325 3020 1380 Scholario
3051 1324 3342 1381 Matthteus
3367 1327 3775 1398 Caryophyllus
3802 1328 4052 1398 abdjud’-

2459 1423 2569 1468 cat.
2600 1413 2717 1467 Etsi
2765 1417 2909 1468 enim
2941 1432 3048 1471 non
3083 1417 3439 1486 indiligentiae
3471 1421 3649 1474 solum
3681 1421 3918 1480 nomine,
3956 1421 4049 1472 Sed

2460 1513 2727 1571 perpetuo
2785 1504 3053 1561 adversus
3111 1507 3336 1564 Latinos
3419 1509 3547 1564 odio
3603 1510 4050 1577 suspeetissimns

2463 1593 2768 1664 Syropulus
2793 1613 2916 1651 esse
2942 1598 3159 1660 debeat,
3193 1616 3355 1654 nemo
3392 1611 3575 1656 tamen
3604 1602 3808 1655 Graeca:
3863 1616 4050 1654 recen-

2462 1687 2618 1738 tioris
2675 1687 2915 1741 hister-ia:
2962 1689 3042 1744 vel
3087 1691 3441 1746 mediocriter
3483 1693 3715 1761 peritus,
3765 1690 4050 1760 cujusdam

2463 1776 2640 1828 critici
2665 1782 3342 1850 pra-posterumjudicium
3372 1799 3482 1852 quo
3520 1783 3726 1837 homini
3754 1783 3913 1836 fidem
3935 1798 4052 1834 oni-

2461 1883 2583 1922 nem
2615 1869 2911 1938 abjudicat,
2934 1872 3275 1939 sequendum
3297 1874 3656 1928 existimabit.
3695 1873 3799 1929 Sed
3854 1875 4051 1928 Allatio

2460 1962 2642 2029 potius
2707 1963 2915 2029 credet,
2956 1965 3048 2033 qui
3079 1964 3418 2036 Sylvestrum
3467 1969 3714 2038 agnoscit
3771 1977 4050 2022 auctorem

2459 2067 2625 2107 ttnutn
2659 2069 2723 2106 ex
2760 2056 2984 2110 asseclis
3022 2058 3364 2125 patriarchas,
3399 2075 3506 2113 non
3540 2075 3663 2114 eum
3702 2068 3880 2114 tamen
3919 2076 4053 2128 qua-

2459 2143 2563 2196 lem
2595 2159 2625 2198 e
2657 2147 2887 2202 cerebro
2915 2164 3016 2204 suo
3047 2147 3254 2203 ellinxit
3284 2153 3609 2206 temerarius
3643 2155 3912 2222 interpres
3949 2154 4050 2221 (5),

2456 2233 2696 2305 linguam
2752 2247 2802 2292 ετ
2843 2249 3066 2294 mentem
3100 2244 3289 2311 synodi
3340 2243 3670 2310 Grecorum,
3693 2246 3926 2309 doctum,
3950 2247 4051 2299 ete-

2458 2336 2692 2397 gantem,
2736 2331 2971 2399 antiquis
3013 2330 3232 2388 erciat
3274 2336 3564 2390 luminibus
3598 2339 4047 2405 comparandum,

2460 2435 2584 2474 cum
2617 2426 2861 2490 pessime
2892 2425 3099 2480 scribat
3131 2437 3187 2481 et
3225 2429 3621 2483 sentibarbare.
3659 2431 3728 2484 At
3760 2431 3848 2484 ille
3877 2430 4049 2484 Goer-

2458 2515 2604 2583 giutn
2659 2514 3010 2570 Scholarium
3068 2517 3124 2572 in
3174 2521 3388 2591 synodo
3432 2537 3557 2576 cum
3597 2521 3778 2577 Marco
3814 2523 4051 2593 Ephesio

2459 2608 2714 2660 unionem
2745 2606 3101 2678 impugnasse
3128 2626 3239 2665 non
3271 2613 3457 2678 refert,
3483 2623 3649 2683 atque
3674 2616 3752 2669 ita
3787 2616 4047 2668 Actorum

2456 2696 2774 2754 Grecorum
2801 2689 2962 2754 fidem
2988 2716 3098 2756 non
3131 2703 3439 2775 impugnat,
3467 2721 3591 2760 cum
3618 2722 3681 2762 eo
3713 2717 3895 2761 tamen
3924 2705 4049 2759 νει).

2458 2792 2630 2845 rentia
2664 2806 2724 2846 se
2755 2792 3102 2862 proripuisse
3129 2801 3365 2850 testatur
3388 2807 3607 2866 peracta
3647 2800 3877 2868 synodo.
3916 2798 4049 2850 Nul-

2455 2884 2541 2940 lus
2576 2885 2787 2940 interea
2823 2887 3064 2943 occurrit
3090 2887 3205 2943 sive
3236 2891 3378 2959 apud
3401 2890 3625 2946 Graecos
3656 2901 3912 2945 auctores
3935 2894 3998 2944 οιι
4027 2921 4048 2928 -

2459 2987 2539 3033 los
2577 2980 2691 3033 sive
2723 2983 3134 3052 tnanuscriptos
3169 2983 3332 3051 alter,
3360 3000 3524 3055 quem
3562 2986 3963 3056 Caryopbyllus
3993 2995 4046 3036 et

2454 3071 2684 3125 Allatius
2732 3073 3044 3143 designant,
3075 3076 3341 3146 Georgius
3381 3076 3722 3144 Scholarius,
3763 3081 3856 3148 qui
3896 3080 4044 3135 COu-

749 3177 1040 3232 loliothccis
1065 3174 1426 3236 delitescunt,
1467 3184 1703 3238 quorum
1745 3167 1987 3222 indicem
2024 3165 2115 3236 qui
2152 3165 2345 3218 leviter
2376 3179 2426 3244 ς
2456 3165 2814 3234 stantiuopoli
2861 3167 3204 3232 substiterit,
3250 3184 3373 3223 cum
3424 3169 3666 3226 Joannes
3706 3172 4045 3244 Palwologus

750 3269 1088 3342 inspexerit,
1121 3265 1309 3320 mirari
1342 3263 1553 3318 desinet
1586 3261 1762 3315 virum
1813 3259 2191 3313 doctissimum
2250 3271 2346 3324 pa-

747 3381 866 3419 rum
896 3369 1210 3418 accuratam
1234 3359 1284 3411 in
1313 3357 1379 3410 iis
1413 3353 1767 3408 recensendis
1799 3350 2028 3404 cnilicen
2060 3347 2346 3403 exercuis-

743 3475 821 3512 se.
861 3455 960 3509 Vix
1003 3453 1150 3508 enim
1201 3457 1457 3519 quartam
1499 3460 1690 3499 eorum
1747 3453 1958 3511 partetn
2009 3440 2241 3502 viderat,
2291 3447 2344 3490 et

741 3551 1068 3620 plerumque
1107 3543 1303 3597 alienis
1353 3539 1552 3594 oculis.
1589 3535 1777 3603 Neque
1827 3545 2011 3588 tamen
2048 3531 2149 3586 etsi
2185 3531 2341 3600 plura

739 3657 791 3696 et
835 3643 1073 3696 certiora
1103 3637 1483 3705 designamus,
1509 3630 1696 3684 omnia
1721 3627 1990 3684 Gennatlii
2029 3639 2196 3693 opera
2222 3624 2342 3678 exi-

739 3735 846 3788 stiu
873 3732 1095 3786 abimus
1114 3725 1471 3796 explicuisse.
1513 3723 1719 3792 Sparsa
1780 3720 2053 3790 siquidem
2093 3727 2146 3771 et
2177 3717 2344 3786 disje-

737 3836 822 3878 eta
851 3825 978 3876 hinc
1001 3821 1126 3874 iuele
1149 3817 1355 3872 scrinia
1385 3830 1411 3867 a
1441 3813 1714 3869 studiosis
1751 3818 1879 3882 post
1920 3810 2070 3864 illius
2102 3817 2334 3862 mortem

737 3922 966 3975 collecta
1017 3921 1166 3976 sunt,
1217 3920 1381 3978 atque
1431 3908 1505 3961 ita
1551 3921 1655 3959 non
1711 3907 1910 3958 mirum
1960 3911 2044 3956 est
2090 3903 2338 3971 quaedam

737 4009 1109 4066 intercidisse.
1146 4002 1395 4057 Ilomiliae
1443 4009 1569 4054 ante
1612 3998 2047 4069 patriarchatum
2097 3995 2337 4059 scriptae,

735 4098 1214 4167 ConstantinOpoli
1255 4103 1489 4163 repertze
1525 4102 1656 4147 sunt
1701 4099 1826 4162 post
1865 4098 2081 4160 captam
2120 4087 2336 4150 urbem,

737 4196 982 4267 quaedam
1021 4189 1436 4245 Thessalonica:
1467 4197 1519 4241 et
1546 4184 1821 4254 Callipoli,
1863 4190 1920 4234 ιιι
1946 4182 2051 4235 alia
2085 4180 2336 4249 ejusdem

735 4291 960 4357 scripta,
1005 4301 1125 4355 qua:
1157 4284 1419 4350 deinceps
1461 4278 1924 4339 receuscbnntur,
1969 4275 2106 4328 adeo
2144 4282 2203 4327 ttt
2235 4273 2338 4325 nii-

737 4385 841 4437 l'ut'i
876 4395 1036 4435 nemo
1074 4376 1197 4447 jure
1251 4382 1417 4445 queat
1476 4371 1621 4441 quod
1675 4368 1939 4424 nonnulla
1981 4365 2247 4436 perierint
2283 4365 2334 4418 in

736 4484 884 4523 lunia
916 4468 1228 4538 reipublicze
1264 4473 1319 4519 et
1358 4461 1617 4518 Ecclesia:
1649 4459 1856 4514 Grmca:
1887 4457 2223 4512 calamitate.
2261 4468 2271 4477 '

2455 3268 2507 3310 t‘l.
2557 3257 2833 3327 Josephus
2879 3262 3212 3329 patriarcha,
3256 3263 3416 3316 simul
3469 3278 3593 3316 cum
3643 3264 3849 3319 ϐτίῐιοὶε
3898 3269 4044 3329 aliis.

2457 3350 2720 3405 Ferrariaa
2746 3361 2800 3406 et
2826 3350 3118 3409 Florentiae
3152 3338 3340 3408 uniuni
3363 3355 3674 3411 sancienda:
3702 3371 3924 3427 operam
3950 3360 4047 3413 da-

2457 3455 2598 3498 rent.

2525 3535 2707 3590 Marco
2764 3538 3001 3606 Ephesio
3056 3540 3313 3594 utebatur
3373 3541 3800 3601 familiariSsiine
3856 3556 4044 3600 noster

2453 3625 2720 3697 Georgius
2759 3647 2772 3695 ;
2813 3631 2949 3685 duos
2977 3642 3160 3686 autem
3201 3634 3449 3703 ejusdem
3487 3639 3726 3692 nominis
3753 3649 3806 3692 et
3842 3651 4046 3707 cogn‘n-

2454 3723 2617 3776 minis
2646 3723 2838 3777 eodem
2865 3733 3130 3794 tempore,
3163 3742 3284 3781 sum
3299 3744 3382 3781 ma
3411 3729 3696 3797 doctrinae,
3734 3735 4039 3802 praesertim

2453 3833 2580 3870 vero
2632 3817 2994 3888 philosophia:
3026 3818 3116 3874 l’la
3144 3821 3319 3876 onic:e
3342 3836 3397 3876 et
3442 3822 3828 3886 Aristutelicre,
3889 3827 4046 3880 laud-1.

2450 3909 2722 3969 floruisse.
2759 3911 2950 3965 iisdem
2986 3914 3181 3967 amicis
3216 3930 3371 3980 usos,
3405 3931 3532 3972 cum
3569 3918 3714 3971 circa
3761 3920 4045 3988 religionis

2453 4007 2726 4072 negotium
2761 4007 3239 4060 vehementissime
3257 4008 3608 4077 dissiderent,
3631 4011 3682 4064 id
3704 4013 3922 4081 quidem
3951 4014 4044 4067 lie-

2453 4095 2494 4148 ri
2541 4097 2626 4149 vix
2659 4097 2903 4165 potuisse
2945 4113 3106 4152 nemo
3150 4115 3259 4153 non
3293 4102 3464 4157 videt.
3487 4102 3556 4156 At
3582 4118 3646 4157 ex
3677 4104 3840 4159 meris
3859 4108 4046 4175 conje-

2450 4187 2623 4241 cturis
2653 4188 2722 4239 ita
2759 4197 3026 4268 statuere,
3060 4198 3119 4243 ut
3156 4188 3565 4264 Caryophyllus
3592 4204 3645 4249 et
3673 4194 3907 4249 Allatius
3964 4195 4044 4249 fe-

2448 4291 2661 4345 cerunt,
2697 4284 2816 4338 sine
2849 4283 2975 4339 ullis
2998 4293 3286 4339 auctorum
3330 4286 3688 4350 testimoniis,
3726 4288 3957 4342 confusa
3993 4296 4046 4340 et

2450 4376 2676 4446 insuper
2766 4377 2952 4431 habita
3032 4389 3341 4448 temporum
3439 4379 3674 4446 ratione,
3744 4380 4043 4434 absurdum

2451 4485 2677 4538 prorsus
2742 4478 2826 4523 cst
2889 4479 2942 4525 et
2991 4472 3344 4527 excusatione
3417 4483 3590 4527 caret.
3641 4471 3827 4543 Neque
3871 4473 4041 4533 enim.

808 4566 878 4616 lix
921 4563 987 4616 iis
1027 4575 1148 4630 quae
1183 4572 1346 4627 supra
1393 4554 1643 4625 etposita
1675 4563 1823 4614 sunt,
1855 4550 2212 4604 manifestum
2250 4557 2334 4604 est
2365 4550 2415 4610 D
2445 4570 2502 4616 υι
2556 4565 2627 4615 ita
2698 4563 2841 4632 apud
2928 4579 2984 4617 se
3057 4564 3344 4632 haberem,
3421 4567 3750 4636 ueterisque
3813 4567 4043 4621 sum]ch

729 4657 1023 4724 Georgium
1053 4650 1398 4708 Scholarium
1424 4644 1730 4715 Philelpho,
1757 4643 2082 4713 Lipomano,
2111 4643 2343 4697 Atnhrov

734 4754 818 4802 sio
858 4742 1268 4801 Camaldulensi
1318 4740 1527 4794 Latinis
1578 4737 1900 4792 hominibus
1947 4737 2342 4806 conjunctissi-

733 4856 902 4903 mum,
939 4836 1147 4892 Circeis
1179 4849 1308 4887 vero
1343 4831 1502 4886 Lucte
1527 4828 1770 4894 Notaraz,
1799 4826 2095 4883 Theodoro
2132 4830 2338 4898 Despo-

733 4946 821 4996 ιε,
878 4941 931 4984 et
982 4931 1126 4991 aliis,
1171 4926 1423 4981 eumdem
1483 4923 1689 4994 judicis
1739 4922 1986 4993 primarii
2029 4939 2234 4976 munus
2284 4924 2334 4976 in

733 5027 856 5080 aula
890 5023 1120 5078 Joannis
1150 5017 1438 5086 Palwologi
1489 5015 1846 5080 sustinuisse,
1892 5012 2230 5069 Florentiam
2281 5018 2332 5069 in

726 5117 972 5185 ejusdem
1002 5111 1351 5183 imperatoris
1380 5109 1648 5163 comitatu
1681 5106 1897 5162 venisse
1927 5106 2112 5160 animo
2159 5122 2342 5178 protu-

731 5221 821 5281 pto
854 5220 907 5263 et
955 5207 1126 5261 alacri
1173 5206 1239 5260 ad
1292 5201 1700 5273 procurandam
1737 5199 2026 5270 utriusque
2074 5198 2336 5254 Ecclesiae

727 5303 1111 5368 concordiam,
1161 5302 1232 5356 ita
1276 5308 1461 5352 tamen
1510 5303 1569 5350 ut
1601 5294 1670 5349 ab
1719 5293 2106 5364 episcoporum
2143 5303 2198 5348 et
2242 5309 2337 5363 pa-

724 5401 984 5453 triarchae
1013 5404 1148 5450 nutu
1183 5391 1467 5464 penderet,
1509 5405 1632 5446 cum
1680 5387 1858 5443 laicus
1894 5380 2036 5442 inter
2071 5402 2168 5442 eos
2199 5403 2328 5442 scn-

721 5493 950 5544 tentiam
979 5489 1163 5543 dicere
1197 5502 1302 5540 non
1337 5493 1546 5554 posset.
1581 5482 1658 5537 Eo
1683 5480 1943 5536 fortassis
1969 5481 2154 5534 animo
2186 5481 2327 5551 apud

720 5586 1115 5654 imperatorem
1152 5581 1414 5650 exposuit
1456 5575 1589 5648 quid
1623 5576 1726 5632 sibi
1763 5577 1908 5630 factu
1945 5577 2212 5645 optimum
2250 5577 2324 5628 vi-

718 5682 963 5742 tleretur,
995 5688 1049 5732 et
1074 5675 1368 5732 consilium
1399 5672 1464 5728 de
1495 5668 1882 5740 amplectenda
1919 5668 2121 5722 unione
2150 5669 2322 5734 dedit,

788 5796 866 5867 (l)
894 5795 971 5849 De
1013 5810 1293 5856 consensu,
1323 5809 1376 5867 ηε
1407 5790 1562 5845 1522.

897 5868 1038 5923 llist.
1086 5871 1305 5922 C-‘llClllt
1341 5864 1487 5918 Flor.
1532 5881 1585 5934 p.
1645 5861 1771 5915 243.

2447 4665 2806 4719 conarentur,
2850 4653 2954 4707 alia
2989 4668 3156 4709 causa
3193 4655 3317 4718 fuit,
3352 4671 3516 4724 quam
3563 4656 3709 4725 quod
3745 4655 4039 4725 Georgium

2448 4745 2820 4810 Scholarium,
2856 4747 2948 4815 qui
2990 4745 3311 4801 Florentino
3343 4748 3579 4802 concilio
3612 4763 3737 4802 cum
3777 4762 4043 4817 purpura-

2445 4836 2514 4890 tis
2539 4837 2678 4889 aulm
2711 4835 3342 4906 Constantinopolitanae
3373 4839 3654 4902 interfuit,
3691 4855 3755 4893 ex
3831 4854 4042 4893 Suaso-

2446 4930 2523 4983 ria
2558 4929 2806 4984 oratione
2838 4946 2944 5000 qua
2971 4929 3238 4986 Joannem
3269 4931 3636 5004 Palaitilogum
3674 4934 3928 4986 hortatus
3961 4942 4043 4982 est

2443 5023 2509 5076 ad
2567 5021 3184 5085 uniunetn,Catholicis
3241 5023 3619 5094 adjunxerint,
3655 5039 3815 5093 quem
3885 5022 4042 5077 dein-

2443 5130 2570 5183 ceps
2604 5113 3141 5185 Constantinopolim
3196 5132 3478 5172 reversum
3543 5133 3650 5172 non
3707 5126 4042 5186 agnoSCunt.

2442 5205 2598 5261 Tunc
2633 5209 2779 5261 enim
2817 5208 3096 5260 coiitraria
3131 5222 3360 5277 prorsus
3385 5210 3627 5263 sensisse
3660 5208 4043 5270 lllllll],‘Ct‘l‘llS

2441 5301 2784 5370 argumentis
2819 5315 2881 5353 ex
2911 5299 3142 5354 historia
3181 5301 3402 5355 illorum
3447 5309 3758 5370 temporum
3796 5309 4041 5364 constat,

2443 5395 2681 5449 maxime
2714 5410 2844 5448 vero
2873 5395 3096 5465 scriptis
3128 5396 3182 5449 in
3214 5394 3441 5450 Latinos
3474 5394 3883 5457 acerbiSsiiitis,
3916 5409 4040 5462 quze

2442 5499 2549 5543 tam
2574 5489 2879 5557 singulares
2914 5486 3134 5558 Georgii
3165 5489 3434 5543 Sebolarii
3461 5490 3708 5545 auctoris
3743 5498 3900 5544 notas
3933 5504 4042 5558 pne

2439 5601 2496 5639 sc
2522 5585 2728 5647 ferunt,
2767 5595 2824 5638 ut
2850 5584 3147 5654 benignam
3171 5584 3376 5638 nullam
3405 5583 3915 5654 interpretationem
3947 5593 4043 5638 aut

2440 5676 2590 5730 falsa:
2628 5675 3008 5744 inscriptionis
3066 5675 3495 5730 accusationem
3555 5677 3874 5730 admittant.
3927 5674 4040 5730 lloc

2433 5878 2448 5920 ι
2514 5796 2590 5875 (5)
2629 5793 2761 5846 Rob.
2790 5796 3174 5865 (Ireygthouus
3210 5797 3261 5850 in
3289 5794 3507 5850 Praefat.
3541 5796 3606 5849 ad
3634 5793 3890 5866 Syropuli
3913 5791 4036 5847 llis-

2457 5883 2650 5920 Ol'lillll.

2457 5883 2650 5922 Ol'lillll.
