4462 6450
502 401 614 464 πθ

2057 395 2259 455 VlTA.

3647 408 3750 470 270

507 530 686 574 autem
716 518 836 572 solo
866 524 1189 586 argumento
1224 523 1329 568 tota
1383 511 1778 566 Allatianarum
1825 510 2070 578 disputa-
2104 517 2154 572 Α
2183 510 2403 563 tristitia
2431 513 2614 580 repleti
2644 529 2848 576 sumus,
2877 533 2990 569 cum
3022 521 3088 571 ad
3128 537 3283 574 aures
3335 531 3546 576 nostras
3573 541 3751 592 perre-

507 612 718 665 tionutn
750 618 928 663 strues
956 608 1163 668 nititur,
1189 615 1298 658 tam
1322 605 1374 657 in
1399 617 1561 670 opere
1589 602 1661 655 De
1688 614 1932 670 perpetuo
1958 619 2079 655 ron-

508 718 692 765 sensu,
733 715 895 768 qnam
934 702 987 752 in
1013 699 1254 751 Diatriba
1287 696 1351 748 de
1394 693 1656 764 Georgiis,
1685 704 1739 746 et
1770 695 1820 746 in
1859 694 2077 746 Exerci-

507 795 797 850 tationibus
837 793 1086 845 adversus
1133 788 1412 841 Robertunt
1469 785 1876 856 Creyghtonum.
1925 787 2079 850 Quod

505 893 894 954 argumentum
921 886 1065 952 cogit
1096 895 1200 934 nos
1231 891 1288 934 ut
1321 881 1385 933 de
1413 879 1517 933 ﬁde
1547 877 1768 946 Georgii
1805 876 2078 929 Scholarii

507 979 622 1031 sive
663 973 932 1029 Gennadii
981 973 1341 1042 quaestionem
1385 971 1762 1031 instituamus,
1817 975 2077 1036 tauquam

509 1065 780 1118 institutae
805 1061 1168 1130 disputationi
1194 1061 1585 1117 necessariam.

576 1153 775 1208 Statim
813 1167 945 1205 vero
1001 1149 1283 1204 latendum
1337 1161 1421 1203 est
1459 1162 1567 1202 non
1612 1147 1772 1215 plane
1811 1155 2073 1202 constare

503 1263 625 1316 quae
660 1245 954 1300 Florentia:
1010 1245 1155 1298 circa
1207 1244 1466 1297 unionem
1524 1240 1746 1310 Georgii
1803 1240 2075 1294 Scholarii

502 1339 780 1393 sententia
826 1337 990 1392 fuerit
1020 1347 1388 1404 praeterquam
1425 1349 1490 1388 ex
1537 1335 1722 1388 citatis
1746 1336 1919 1398 Actis,
1967 1343 2075 1388 act.

501 1429 595 1494 25,
626 1443 748 1493 quae
790 1443 894 1489 non
928 1428 1253 1496 quibusdam
1305 1426 1472 1493 regiis
1525 1426 1689 1479 codd.
1730 1428 1936 1484 solum,
1980 1426 2075 1479 sed

506 1522 663 1577 libris
688 1522 920 1576 vetustis
947 1519 1303 1574 consentiunt
1337 1528 1626 1586 antequam
1668 1516 1858 1570 Graeca
1891 1517 2076 1571 liomm

503 1613 808 1681 prodirent,
853 1622 1019 1680 atque
1044 1612 1180 1664 adeo
1217 1610 1474 1664 falsitatis
1509 1618 1604 1662 aut
1634 1610 2076 1676 interpolationis

503 1703 820 1769 suspicione
871 1709 1089 1753 vacant.
1139 1700 1272 1752 Eum
1331 1700 1478 1752 enim
1535 1697 1964 1750 reconciliandis
2020 1697 2076 1748 in

503 1794 790 1862 pristinam
841 1792 1189 1856 concordiam
1228 1789 1490 1844 Ecclesiis
1543 1788 1746 1842 lavisse
1781 1787 1922 1840 haud
1961 1803 2074 1837 me-

501 1887 785 1946 diocriter,
824 1901 930 1938 non
975 1885 1239 1937 Actorum
1281 1882 1398 1938 sola
1455 1881 1588 1934 tldes
1640 1880 1950 1932 contirmat.
2001 1877 2073 1931 Ea

500 1981 616 2033 sive
649 1976 1063 2046 Xanthopulum
1115 1975 1234 2029 sive
1274 1973 1444 2027 alium
1481 1981 1762 2026 auctorem
1805 1971 2061 2034 habeant,

501 2080 768 2139 praestant
825 2083 959 2123 sane
1001 2067 1303 2122 salebrosis
1347 2064 1600 2135 Syropuli
1632 2063 2073 2129 narrationibus,

500 2174 615 2216 tum
651 2163 888 2216 naturali
932 2160 1168 2231 quadam
1215 2160 1572 2225 simplicitate
1623 2166 1678 2212 et
1725 2158 1905 2212 nitore
1949 2173 2078 2212 ora-

497 2255 682 2317 tionis,
721 2265 833 2307 tum
858 2256 1024 2308 etiam
1061 2268 1244 2307 rerum
1271 2261 1549 2320 gestarum
1589 2252 1820 2306 historia
1856 2267 1975 2318 quat
2005 2251 2074 2304 ab

497 2347 648 2400 Actis
701 2347 912 2400 Latinis
963 2360 1091 2400 raro
1163 2346 1447 2410 dissentit,
1501 2360 1626 2399 cum
1694 2343 2073 2397 monumentis

496 2437 902 2491 ecclesiasticis
957 2447 1200 2506 utraque
1267 2436 1452 2506 lingua
1529 2435 1897 2494 exstantibus.
1958 2443 2067 2488 tam

493 2529 660 2582 editis
692 2543 854 2596 quam
907 2542 1067 2591 mss.,
1111 2527 1259 2579 nullo
1300 2527 1518 2596 negotio
1551 2533 1731 2593 potest
1763 2524 2069 2578 conciliari.

497 2625 574 2678 Es
608 2621 823 2673 illorum
859 2629 1041 2672 autem
1074 2619 1412 2682 testimonio,
1452 2633 1514 2671 ex
1564 2616 1808 2696 Epistola
1840 2616 1908 2669 ad
1961 2615 2070 2669 Ma-

493 2723 662 2779 gnum
694 2709 888 2761 ducent
922 2716 971 2760 et
1004 2709 1176 2761 altera
1208 2707 1273 2761 ad
1306 2706 1656 2762 Ambrosium
1687 2706 2071 2760 Camaldulen-

496 2816 638 2863 smn,
691 2813 800 2852 non
857 2798 1178 2862 dubitamus
1233 2813 1488 2854 asserere
1540 2798 1887 2852 Scholarium
1943 2814 2066 2851 cum

502 2891 713 2946 Gracis
743 2891 868 2945 aliis
900 2892 1205 2960 praesertim
1244 2891 1562 2959 patriarcha
1597 2889 1837 2960 Josepho
1875 2891 2067 2944 unioni

496 2986 698 3040 lavisse
725 2992 779 3040 et
810 2985 1197 3054 imperatorem
1255 2985 1457 3053 scripta
1507 2985 1755 3038 oratione
1787 2985 2067 3038 hortatum

497 3075 686 3141 fuisse,
741 3087 799 3131 ut
855 3079 947 3130 illa
1010 3076 1313 3131 secundum
1364 3076 1706 3146 propositam
1744 3075 2069 3131 aPontitice

494 3169 744 3224 Romano
815 3170 1157 3225 deﬁnitionis
1237 3169 1530 3223 formulam
1618 3179 2066 3261 componeretur.
2098 3189 2142 3248 α
2176 3169 2286 3252 μηνὶ
2311 3205 2626 3258 conveniam
2672 3208 2797 3261 huic

492 3262 786 3317 Orationes
811 3271 994 3317 tamen
1032 3261 1154 3316 illas
1196 3261 1504 3316 secundum
1542 3259 1896 3331 Caryophylli
1941 3277 2067 3316 sen-

493 3355 720 3408 tentiam
780 3364 880 3406 aut
935 3353 1140 3417 falsas,
1195 3361 1291 3406 aut
1352 3351 1645 3407 admodum
1702 3353 2066 3423 interpolatas

487 3463 638 3509 esse,
667 3461 771 3500 non
808 3445 1083 3500 immerito
1111 3445 1482 3513 suspicamur.
1521 3442 1656 3499 Nam
1694 3444 1748 3498 in
1783 3446 2065 3516 plerisque

490 3539 896 3608 exemplaribus
927 3536 1132 3591 mentio
1169 3545 1344 3606 capta:
1379 3535 1532 3591 urbis
1555 3538 1928 3602 interseritur,
1963 3554 2065 3592 cu-

486 3636 576 3703 jus
605 3635 790 3688 clades
812 3649 933 3687 cum
981 3631 1201 3685 nonnisi
1237 3643 1357 3700 post
1388 3645 1567 3685 annos
1601 3632 1892 3686 duodecim
1930 3647 2064 3686 cono

486 3737 675 3779 secuta
722 3725 816 3788 sit,
873 3725 1053 3778 locum
1114 3722 1226 3776 illic
1282 3738 1390 3776 non
1461 3722 1720 3778 habebat.
1781 3722 1860 3775 ita
1896 3722 2058 3776 etiam

487 3818 723 3872 suadent
756 3817 860 3870 alia
914 3831 1023 3870 non
1074 3829 1271 3882 pauca,
1326 3830 1447 3884 quze
1495 3814 1550 3867 in
1597 3814 1683 3869 bis
1719 3813 2061 3868 orationibus

487 3925 516 3964 a
546 3908 674 3962 viris
707 3907 886 3961 doctis
913 3908 1203 3962 observata
1245 3913 1396 3959 sunt.
1448 3905 1561 3959 Hac
1607 3907 1903 3960 occasione
1936 3922 2061 3974 pro-

486 4001 760 4073 pensioris
796 4002 849 4054 in
880 3999 1102 4052 Latinos
1143 3998 1309 4051 animi
1365 3999 1579 4051 videtur
1631 3997 1848 4052 Marcus
1878 3998 2059 4065 Ephe-

473 4084 626 4162 'sius,
682 4093 992 4148 arctissima
1044 4106 1168 4145 cum
1209 4089 1495 4145 Scholario
1544 4089 1788 4144 amicitia
1829 4095 2061 4160 conjun-

486 4195 633 4252 ctus,
677 4185 966 4253 scripsisse
1013 4183 1078 4234 ad
1114 4179 1266 4234 illum
1345 4180 1656 4248 epistolam,
1695 4195 1858 4248 quam
1889 4183 2058 4234 edidit

487 4278 742 4340 Allatius,
789 4275 1254 4330 communicatam
1292 4288 1320 4326 a
1363 4274 1483 4327 viro
1532 4273 1602 4327 cl.
1670 4272 1920 4327 Emerico
1968 4274 2060 4326 Bi-

487 4373 656 4441 gotio,
697 4370 788 4439 qui
826 4382 946 4422 eam
986 4383 1052 4421 ex
1094 4367 1471 4420 Ambrosianze
1502 4365 1761 4419 Biblioth.
1796 4366 2059 4421 Mediola-

487 4463 673 4517 ncnsis
706 4461 832 4515 cod.
882 4460 1271 4525 descripserat,
1321 4468 1373 4511 et
1424 4474 1584 4522 quam
1643 4459 2056 4528 integerrimam

486 4555 627 4607 nacti
695 4566 888 4606 sumus
952 4551 1007 4603 in
1067 4551 1278 4616 optimo
1349 4550 1538 4602 codice
1610 4565 1714 4602 ms.

485 4649 618 4716 R93.
649 4646 724 4715 (l)
760 4661 774 4698 :
810 4643 986 4712 Ὅσης
1026 4643 1168 4710 ἡμᾶς
1199 4641 1508 4709 ἐνέπλησας
1542 4640 1739 4710 ήδονῆς
1772 4642 1933 4712 ἡνίκα
1957 4645 2054 4711 τῆς

482 4739 651 4809 ὸρῦῆς
685 4726 1166 4801 πίστεω;’ἐγένου,
1199 4735 1293 4785 καὶ
1347 4733 1443 4784 τοῦ
1501 4734 1765 4795 εὐσεϐοῦς
1828 4736 1924 4786 καὶ
1948 4753 2054 4788 πα-

484 4833 637 4900 τρίου
692 4831 1062 4900 φρονήματος,
1107 4831 1201 4879 καὶ
1256 4830 1319 4898 τῇ
1379 4828 1846 4900 καταδικασθείσῃ
1904 4832 2059 4898 παρὰ

481 4926 592 4977 τῶν
617 4923 816 4976 ἀδίκων
848 4921 1046 4991 κριτῶν
1079 4920 1464 4987 συνηγόρησας
1495 4919 1746 4989 ἀληθείᾳ,
1788 4922 2060 4988 τοσαύτης

483 5019 544 5069 ὲκ
576 5017 669 5068 τοῦ
699 5016 942 5068 ἐναντίου
970 5014 1144 5084 λύπης
1171 5012 1266 5064 καὶ
1288 5013 1592 5080 κατηφείας
1619 5013 2052 5080 ἐνεπλήσοημεν,

481 5108 818 5167 ἀκούσαντες
885 5104 1238 5174 μεταθείσθαί
1299 5118 1357 5154 σε
1417 5104 1579 5155 πάλιν
1641 5105 1733 5155 καὶ
1788 5105 2052 5155 τάναντία

483 5201 701 5268 φρονεῖν
718 5215 776 5248 τε
805 5198 898 5247 καὶ
919 5196 1121 5261 λέγειν,
1145 5195 1240 5246 καὶ
1264 5197 1374 5255 τοῖς
1400 5197 1591 5255 κακοῖς
1608 5193 1910 5262 οἰκονόμοις
1933 5209 2058 5242 συν-

483 5295 703 5362 τρέχει]
747 5289 839 5339 ἐπὶ
865 5290 960 5348 τὰς
994 5287 1300 5355 μεσότητας
1333 5287 1427 5337 καὶ
1469 5284 1787 5351 οἰκονομίας
1819 5303 1832 5315 ο
1870 5283 2054 5348 Quatt-

483 5398 593 5435 tum
627 5381 909 5448 voluptatis
942 5387 989 5431 et
1016 5377 1214 5430 latitia'
1253 5376 1402 5426 nobis
1435 5375 1686 5435 attulisti,
1710 5389 1826 5425 cum
1858 5384 2050 5425 rectam

483 5479 660 5543 ﬁdem,
694 5484 740 5526 et
773 5474 912 5540 piant
941 5469 1601 5537 patriamquesententiam
1631 5464 1962 5534 amplexatus
2002 5484 2054 5520 es

479 5583 527 5622 et
563 5567 921 5619 condemnata:
957 5565 1019 5614 ab
1060 5561 1269 5628 injustis
1294 5559 1582 5627 judicibus,
1605 5559 1840 5609 raritatis
1875 5571 2054 5624 patro-

482 5660 679 5713 cinium
724 5656 1030 5720 suscepisti;
1067 5661 1271 5704 tantum
1331 5667 1357 5702 e
1417 5650 1689 5702 contrario
1735 5665 1957 5701 mturare
2007 5659 2052 5700 et

557 5839 633 5904 (1)
669 5837 899 5890 Allatius
935 5837 986 5889 in
1027 5833 1308 5902 (ireygtlt.,
1339 5849 1390 5901 p.
1435 5830 1520 5886 88.

1799 4551 2052 4606 biblioth.
2089 4550 2134 4605 D

2184 603 2280 664 uit,
2315 611 2364 655 te
2392 618 2601 656 rursum
2641 608 2872 661 alterata
2921 609 3055 676 [acie
3110 616 3402 682 pugnantia
3453 627 3626 671 tenere
3676 619 3753 672 lo-

2183 694 2375 760 quique
2397 703 2446 745 et
2481 711 2596 747 cum
2647 701 2893 763 pessimis
2936 708 3217 759 teconomis
3255 723 3360 761 una
3393 714 3656 776 conﬂuere
3685 714 3753 764 ad

2180 785 2521 848 procuranda
2557 791 2726 843 media
2767 794 2981 847 unionis
3017 803 3067 846 et
3090 795 3478 863 dispositionis.
3514 797 3591 856 ita
3633 819 3753 856 ver-

2184 875 2249 928 tit
2277 878 2546 942 Allstius;
2585 882 2782 936 melius
2828 885 3083 952 dixisset,
3119 891 3190 940 ad
3226 891 3401 946 media
3425 900 3668 960 qua'riain
3699 907 3749 951 et

2183 977 2601 1033 temperamento
2622 985 2639 1030 .'
2663 972 2715 1024 id
2748 974 2918 1037 enim,
2955 986 3012 1028 ttt
3037 993 3102 1030 ex
3135 980 3287 1034 Actis
3319 993 3550 1046 constat,
3599 997 3750 1039 sata-

2181 1057 2380 1128 gebant
2413 1062 2712 1128 imperator
2753 1077 2804 1118 et
2856 1069 3186 1134 patriarcha,
3233 1071 3546 1140 Bessarion,
3581 1076 3751 1131 Isido—

2186 1163 2279 1203 rus
2311 1162 2364 1203 et
2389 1152 2503 1216 alii,
2526 1168 2761 1221 quorum
2802 1158 2853 1209 in
2885 1173 3120 1214 numero
3153 1176 3284 1216 tunc
3327 1175 3446 1219 erat
3482 1165 3752 1237 Georgius

2185 1244 2521 1310 Scholarius,
2552 1255 2612 1300 ut
2632 1250 2778 1304 salva
2805 1252 3078 1320 doctrina,
3111 1257 3428 1328 integraque
3459 1259 3752 1331 disciplina

2182 1349 2320 1403 quas
2353 1352 2382 1390 a
2425 1339 2728 1407 majoribus
2777 1357 3130 1413 acceperant,
3164 1351 3460 1404 concordia
3492 1368 3617 1407 cum
3647 1353 3753 1407 La-

2186 1428 2315 1481 tinis
2337 1430 2686 1488 coalesceret.

2254 1541 2408 1605 Quod
2441 1558 2570 1598 vero
2597 1549 2865 1614 synodum
2900 1550 3268 1610 Florentinam
3295 1558 3542 1629 designet
3573 1561 3750 1629 Ephe-

2182 1631 2318 1696 sius,
2360 1637 2597 1704 probant
2659 1643 3053 1711 Subsequentia
3097 1646 3349 1716 Epistolas
3384 1653 3548 1706 verba
3603 1656 3748 1707 Ἀλλ·

2181 1725 2325 1790 ἐρεῖς
2365 1727 2496 1789 ἴσως
2523 1730 2597 1791 ὡς
2638 1731 2737 1784 οὐκ
2783 1735 2876 1786 ἐπὶ
2933 1737 3194 1790 τάναντία
3243 1740 3470 1807 γέγονεν
3503 1745 3536 1812 η
3585 1749 3753 1810 μετάσ

2183 1813 2351 1876 θεσις,
2393 1819 2667 1890 μεσότητα
2712 1824 2766 1874 δέ
2817 1840 2940 1877 τινα
2975 1829 3067 1880 καὶ
3117 1830 3433 1900 οἰκονομίαν
3487 1851 3752 1905 περισκο-

2183 1905 2391 1972 ποῦμεν
2417 1923 2430 1936 ·
2460 1909 2710 1963 οὐδέποτε
2746 1914 2831 1966 διὰ
2883 1919 3199 1987 μεσότητος,
3236 1922 3511 1984 ἄνθρωπε.
3546 1931 3614 1978 τὰ
3666 1930 3756 1983 ὲκ-

2181 1997 2544 2066 κ).ησιαστικά
2574 2005 2858 2079 διωρθώθη
2883 2028 2895 2040 ·
2924 2013 3087 2079 μέσον
3113 2013 3372 2084 ἀὶηῦεῖας
3405 2034 3500 2072 και
3525 2024 3755 2089 ψεύδους

2177 2088 2329 2141 οὐδέν
2359 2091 2525 2146 ἐστιν.
2558 2093 2768 2150 Forsan
2801 2116 3003 2156 asseres
3036 2121 3141 2158 non
3182 2108 3235 2158 in
3272 2112 3542 2164 contraria
3578 2125 3753 2166 muta-

2179 2177 2373 2232 tionem
2405 2181 2628 2250 factam,
2671 2191 2897 2242 medium
2932 2209 3049 2246 vero
3105 2198 3372 2264 quoddam
3409 2211 3459 2253 et
3491 2210 3752 2270 tempera—

2180 2280 2410 2323 mentum
2453 2274 2854 2348 investigamus.
2891 2282 3197 2353 Nusquam,
3249 2291 3322 2342 mi
3373 2293 3546 2357 homo,
3605 2295 3752 2362 ejus-

2177 2365 2322 2416 modi
2351 2366 2537 2422 mediis
2588 2386 2669 2424 res
2722 2376 3098 2432 ecclesiastica:
3138 2382 3190 2433 in
3223 2383 3411 2437 melius
3445 2386 3752 2452 reformata:

2175 2465 2336 2512 sunt:
2369 2459 2597 2513 medium
2653 2465 2792 2518 inter
2839 2469 3114 2524 veritatem
3161 2485 3209 2525 et
3263 2479 3595 2531 mendacium
3627 2483 3750 2534 uul-

2169 2548 2282 2600 tum
2314 2559 2411 2603 est.
2445 2551 2593 2607 Citat
2626 2559 2788 2611 verba
2833 2561 3082 2631 Gregorii
3122 2565 3380 2638 Theologi
3428 2576 3491 2627 de
3522 2577 3745 2644 syuotlis

2176 2641 2525 2711 Arianorum,
2561 2663 2699 2716 quas
2735 2651 2966 2720 Caiphae
2999 2659 3296 2713 concilium
3355 2668 3614 2727 vocabat,
3653 2674 3743 2720 Illll

2173 2733 2427 2790 Christus
2454 2740 2855 2799 condemnatus
2891 2761 3057 2812 esset,
3110 2766 3233 2804 mox
3269 2755 3417 2808 addit
3448 2774 3461 2810 :
3495 2754 3621 2827 Ἆρ’
3681 2763 3744 2814 οὐ

2174 2831 2441 2897 προσήκει
2470 2831 2644 2886 ταῦτα
2686 2838 2750 2904 τῇ
2785 2837 2877 2889 νῦν
2905 2841 3155 2911 ἡμετέρᾳ
3199 2846 3398 2917 συνόδῳ
3426 2865 3441 2880 ο
3479 2853 3570 2902 ml
3604 2854 3744 2906 πάνυ

2176 2918 2274 2987 μὲν
2304 2919 2418 2984 οὖν,
2481 2924 2646 2994 φαίην
2695 2930 2758 2980 ἂν
2825 2931 3022 2999 ἔγωγε.
3113 2935 3177 2990 Et
3217 2939 3354 2993 infra
3391 2959 3405 2995 :
3440 2943 3545 2996 Καὶ
3606 2948 3749 3000 ίστὲν

2173 3011 2417 3083 ἀράχνης
2476 3018 2786 3084 ὑφαίνουσι,
2829 3025 2917 3076 καὶ
2979 3027 3150 3090 ὅντως
3215 3031 3360 3095 ίστὸς
3421 3036 3666 3107 ἀράχνης
3724 3044 3753 3093 ό

2175 3108 2308 3176 παρ’
2347 3108 2527 3161 αὐτῶν
2564 3114 2839 3179 συντεθεὶς
2876 3121 2963 3171 καὶ
3010 3122 3336 3190 ὀνομασθείς
3373 3129 3516 3196 ὄρος.
3557 3129 3752 3187 Nonne

2852 3228 2992 3265 nunc
3044 3230 3374 3286 congregata:
3423 3233 3616 3279 nostra?
3669 3217 3753 3296 sy-

2177 3297 2336 3354 nodo,
2371 3304 2420 3346 et
2456 3298 2830 3354 omninoaane
2887 3321 3000 3358 mea
3037 3308 3246 3374 quidem
3284 3317 3619 3372 sententia...
3655 3319 3751 3373 Tc-

2176 3385 2280 3437 lam
2315 3402 2638 3443 aranearum
2677 3403 2900 3457 texunt;
2937 3414 3054 3450 vere
3096 3402 3234 3454 enim
3263 3415 3478 3459 aranea:
3513 3409 3617 3462 tela
3647 3422 3749 3476 est,

2175 3482 2462 3546 composita
2491 3491 2540 3534 et
2590 3485 2655 3535 ab
2702 3486 2827 3553 ipsis
2879 3491 3156 3547 nominata
3191 3496 3454 3564 deﬁnitio.
3490 3499 3752 3558 Hortatur

2174 3567 2360 3640 lugere
2417 3573 2715 3631 Sodomam
2777 3589 2830 3633 et
2901 3582 3268 3641 Gomorrham
3320 3608 3334 3648 :
3386 3597 3750 3662 repiehendtt

2173 3665 2317 3730 quod
2350 3665 2634 3735 dignitatis
2671 3681 2724 3723 et
2762 3673 3080 3729 divitiarum
3144 3695 3316 3748 amor,
3361 3695 3411 3738 et
3440 3687 3548 3741 alia
3592 3705 3750 3742 mun-

2170 3755 2312 3809 dana
2349 3761 2635 3817 commoda
2693 3779 2818 3818 eum
2877 3774 3261 3839 perverterint,
3293 3776 3451 3843 jubet
3508 3781 3750 3849 cogitare

2171 3862 2335 3917 quam
2367 3850 2476 3906 cito
2515 3853 2674 3908 ﬁnem
2709 3867 2997 3928 acceptura
3056 3865 3166 3919 sint
3197 3878 3247 3921 et
3280 3869 3549 3936 judicium
3603 3877 3742 3931 sub-

2170 3944 2434 3998 eundum.
2478 3948 2688 4018 ’Ὥσπερ
2740 3951 3162 4023 ἡψευδώνυμος
3228 3960 3444 4024 σύνοδος
3507 3967 3746 4035 ἀπαιτὴ-

2171 4051 2324 4087 σεται
2363 4038 2422 4089 τὸ
2454 4035 2594 4108 αἷμα
2631 4043 2740 4094 τῶν
2771 4046 3166 4116 ἀπολλυμένων
3200 4053 3411 4123 ψυχῶν,
3440 4057 3546 4108 τῶν
3585 4077 3744 4112 σκαν-

2167 4125 2527 4182 δαλισθέντων
2567 4135 2662 4186 ἐπὶ
2714 4136 2793 4205 τῷ
2847 4143 3137 4211 μυστηρίῳ
3191 4148 3290 4211 τῆς
3337 4147 3597 4216 πίστεως,
3635 4154 3745 4203 τῶν

2167 4217 2263 4287 τὴν
2302 4221 2576 4292 ἀφόρητον
2627 4226 2978 4298 βλασφημίαν
3035 4237 3128 4286 καὶ
3170 4239 3561 4308 ἀσυγχώρητον
3621 4249 3745 4308 ταῖς

2166 4311 2368 4382 ψυχαῖς
2400 4315 2817 4386 ὑποδεξαμένων
2849 4323 2947 4394 τὴν
2988 4329 3130 4379 κατὰ
3163 4329 3254 4381 τοῦ
3291 4332 3452 4398 ἁγίου
3487 4336 3739 4403 Πνεῦμα-

2167 4420 2280 4469 τος,
2316 4407 2409 4459 καὶ
2441 4409 2522 4471 είς
2574 4409 2666 4462 δύο
2718 4412 3042 4482 τολμώντων
3085 4421 3260 4488 ἀρχὰς
3309 4423 3607 4492 ἀναφέρειν
3643 4427 3740 4498 τὴν

2166 4497 2328 4549 αὑτοῦ
2368 4498 2627 4570 ὓπαρξιν,
2675 4503 2785 4554 τῶν
2832 4505 3184 4576 ὑπαχθέντων
3212 4515 3324 4574 τοῖς
3353 4514 3614 4584 ἀθέσμοις
3647 4521 3740 4570 καὶ

2166 4590 2474 4654 Λατινικοίς
2524 4593 2701 4646 tet-mw
2739 4612 2753 4648 :
2789 4595 2856 4650 Ut
2905 4601 3066 4652 etiam
3108 4604 3539 4674 pseudosynodus
3574 4613 3742 4664 ratio-

2168 4699 2282 4734 nem
2333 4685 2550 4737 reddere
2599 4699 2816 4756 cogetur
2855 4695 3132 4761 sanguinis
3165 4701 3492 4764 pereuntium
3527 4705 3741 4756 anima-

2169 4791 2305 4838 rum,
2338 4792 2517 4827 eorum
2553 4780 2645 4845 qui
2680 4783 3036 4838 scaudalizati
3063 4789 3276 4853 fuerunt
3303 4793 3358 4843 in
3398 4796 3644 4862 mysterio
3676 4797 3742 4864 fi-

2168 4866 2379 4933 dei,qui
2403 4869 2788 4924 intolerabilem
2823 4875 3204 4944 blasphemiam
3235 4892 3284 4934 et
3320 4883 3739 4938 irremissibilem

2169 4967 2352 5010 contra
2397 4958 2654 5028 Spiritum
2716 4977 2958 5020 sanctum
3000 4972 3392 5040 amplexisunt,
3423 4978 3610 5044 quique
3640 4995 3738 5029 au-

2165 5050 2283 5101 dent
2313 5055 2380 5104 ad
2402 5056 2506 5107 duo
2537 5060 2799 5126 principia
2824 5061 2938 5128 ejus
2974 5065 3368 5119 subsistentiam
3396 5070 3610 5136 referre,
3645 5073 3734 5138 qui

2162 5143 2448 5213 illegitimis
2470 5147 2782 5205 Latinorum
2803 5154 2996 5210 ritibus
3015 5158 3208 5210 abduci
3235 5176 3288 5212 se
3311 5162 3457 5226 passi
3482 5173 3622 5215 sunt.

2236 5280 2380 5334 lianc
2428 5283 2722 5352 Epistolam
2751 5287 3036 5346 Florentia}
3067 5296 3327 5361 scriptam
3353 5299 3596 5366 oportuit
3621 5310 3733 5352 sta-

2166 5375 2261 5422 tim
2299 5384 2459 5440 ntque
2493 5374 2816 5434 Scholarius
2843 5384 3146 5437 orationem
3181 5388 3329 5440 illam
3362 5391 3727 5450 exhibuisset,

2164 5464 2323 5532 cujus
2358 5468 2406 5518 in
2441 5470 2578 5520 actis
2608 5470 2813 5528 Grazcis
2850 5477 3053 5530 mentio
3091 5489 3195 5546 est,
3230 5482 3310 5533 vel
3339 5483 3530 5535 saltem
3567 5486 3728 5551 paulo

2167 5571 2452 5625 antquam
2502 5562 3018 5637 Constantitmpolin
3071 5571 3242 5627 Grmci
3282 5573 3578 5626 redierunt.
3623 5573 3730 5627 Nc-

2164 5664 2266 5716 que
2309 5652 2534 5706 interest
2587 5658 2729 5723 quod
2770 5670 2997 5730 uterque
3028 5663 3296 5733 Ephesius
3327 5675 3379 5720 et
3412 5665 3732 5721 Scholarius
