4462 6450
702 349 802 414 2η

1767 355 2148 413 GENNADII
2193 361 2298 416 ιλιι,
2337 362 2619 419 ΡᾹΉΗΑ
2637 365 2784 422 llCll
2802 367 2860 422 ΚΕ

3891 374 3997 446 ΞἺΞ

705 468 1002 525 Florentia:
1057 464 1224 522 simul
1257 474 1467 522 essent.
1520 466 1626 522 Sed
1670 466 1965 538 Ephesium
2001 469 2304 525 verisimile
2331 480 2380 538 Α
2408 477 2467 528 cii

2233 469 2620 538 ileAciemlaz
2650 481 2924 533 sententia
2970 481 3148 536 fuisse
3210 486 3572 551 exustimavit,
3631 507 3736 544 non
3798 510 3993 546 mtrunt

697 577 784 618 est
846 578 956 632 quo
1010 562 1134 630 plus
1176 560 1407 615 haberet
1449 560 1711 628 ponderis
1741 560 1862 628 ejus
1914 563 2094 616 oratio
2121 600 2137 624 .
2180 577 2301 615 eam

698 658 904 724 scripto
937 652 1443 720 comprehendisse.
1477 651 1625 707 Sane
1663 660 1774 707 tam
1824 654 2114 722 perspicue
2141 669 2306 722 syno-

705 749 838 801 dum
893 744 1271 800 Florentinam
1316 741 1596 812 designat,
1651 752 1711 797 ut
1755 745 1992 800 Allatius
2031 747 2171 813 ipse,
2204 747 2300 815 qui

708 839 884 893 nodos
915 835 1189 906 ejusmodi
1227 835 1432 904 sacpius
1462 835 1780 891 rescindere
1821 852 1987 907 quam
2025 838 2303 906 explicare

697 932 860 993 solet,
896 945 1094 999 aquam
1131 928 1235 984 sibi
1274 929 1480 984 limrere
1528 943 1638 982 non
1708 929 2024 993 difﬁteatur,
2074 933 2167 986 sed
2214 946 2302 985 re-

699 1025 870 1077 currit
911 1022 976 1075 ad
1011 1037 1174 1075 suum
1209 1021 1363 1073 illum
1401 1020 1752 1076 Scholarium
1801 1023 1918 1077 sive
1947 1022 2295 1077 Gennadium

694 1118 1136 1176 si-hismaticum,
1172 1115 1237 1169 ad
1263 1129 1426 1184 quem
1445 1115 1627 1168 datam
1665 1116 1990 1179 arbitratur,
2033 1117 2179 1170 nulla
2207 1131 2294 1169 ra-

697 1217 849 1267 tione
877 1211 1074 1274 l’nltus,
1102 1224 1265 1279 quam
1295 1208 1440 1278 quod
1471 1209 1516 1262 si
1553 1209 1617 1261 ad
1645 1207 1997 1262 Scholarinm
2029 1210 2124 1277 qui
2169 1225 2291 1262 cum

696 1310 1034 1373 imperatore
1061 1303 1130 1356 ad
1160 1302 1459 1355 concilium
1488 1301 1668 1364 venit,
1703 1299 1907 1368 scripta
1933 1301 2028 1362 sit,
2057 1301 2297 1354 concidit

696 1409 807 1450 tota
837 1399 1075 1450 duorum
1116 1393 1529 1448 Gennadiorum
1569 1391 1782 1445 fabula.
1816 1393 1880 1445 At
1915 1407 2040 1446 cum
2076 1393 2287 1461 liquido

692 1497 960 1558 appareat
986 1501 1093 1539 non
1116 1485 1284 1538 alium
1322 1485 1424 1537 hoc
1458 1483 1578 1537 loco
1599 1482 1900 1552 designari,
1923 1497 2089 1551 quam
2118 1485 2292 1535 virmn
2330 1542 2350 1562 δ

692 1581 1097 1640 doctissimum,
1138 1577 1557 1645 philosophum,
1603 1576 1658 1627 in
1701 1575 2045 1642 amplissima
2111 1574 2294 1642 digni-

691 1682 805 1727 tate
846 1670 1240 1732 constitutum,
1276 1667 1370 1738 qui
1401 1666 1468 1720 ad
1504 1667 1864 1723 concordiam
1889 1666 2132 1735 reliquos
2167 1667 2294 1720 hor-

692 1773 840 1818 tatus
875 1763 1063 1825 fuerit,
1097 1762 1243 1831 quod
1278 1761 1344 1815 de
1375 1775 1477 1815 suo
1509 1759 1796 1814 Gennatlio
1828 1759 2197 1814 schismatico
2224 1771 2291 1810 ne

689 1858 1011 1928 suspicatur
1045 1857 1270 1925 quidem
1315 1853 1557 1908 Allatius
1580 1894 1595 1918 ,
1651 1853 1766 1906 haec
1801 1853 1854 1906 in
1888 1853 2098 1906 larvam
2143 1851 2289 1904 illam

686 1953 886 2005 cadere
935 1966 1043 2004 non
1090 1955 1346 2018 possunt,
1392 1946 1744 2001 Gennadium
1785 1961 1983 2015 nempe
2027 1945 2291 2008 alterum,

687 2048 780 2114 qui
821 2045 1097 2098 obscurus
1149 2044 1203 2094 in
1250 2041 1412 2103 cella,
1448 2042 1570 2094 solo
1617 2041 1672 2093 in
1716 2039 1944 2094 Latinos
1979 2039 2110 2092 odio
2143 2052 2297 2090 com-

693 2139 987 2192 memlatus
1016 2176 1029 2199 ,
1062 2147 1189 2189 ante
1222 2142 1438 2204 captam
1475 2133 1673 2187 urbem
1709 2132 1853 2186 diem
1885 2146 2048 2186 suum
2080 2128 2294 2184 obiisse

686 2233 910 2285 dicitur.

758 2326 958 2379 Verum
983 2322 1085 2376 etsi
1115 2320 1442 2376 Scholarius
1469 2317 1853 2374 Florentinam
1881 2318 2141 2372 unionem
2171 2331 2296 2372 ora-

685 2422 835 2472 tione
895 2414 1253 2475 laudaverit,
1287 2427 1397 2465 non
1463 2419 1649 2465 tamen
1712 2425 1834 2466 eam
1877 2410 2294 2478 subscriptione

685 2513 945 2572 ﬁrmavit,
984 2525 1109 2563 enm
1148 2507 1274 2560 laici
1315 2521 1426 2558 non
1476 2502 1943 2572 subscripserint.
1979 2505 2160 2571 Atque
2211 2504 2287 2556 ita

685 2607 819 2658 nihil
855 2601 1258 2673 prOpemodum
1286 2599 1465 2657 egisse
1507 2596 1615 2652 sibi
1653 2596 1807 2651 visus
1838 2603 1946 2662 est,
1973 2595 2135 2665 quasi
2162 2609 2290 2650 ora-

681 2700 819 2753 toris
863 2697 1051 2766 potius
1084 2709 1243 2747 more
1275 2691 1611 2746 sententiam
1665 2688 1906 2743 dixisset
1959 2689 2288 2758 imperatori

691 2790 1116 2861 perjucundam,
1148 2782 1584 2852 Grrecorumtiue
1608 2781 1826 2836 aﬁlictis
1847 2781 2012 2836 rebus
2041 2795 2291 2835 commo-

681 2886 1000 2939 dissimam.
1043 2883 1229 2949 Atque
1269 2879 1343 2931 ita
1401 2875 1963 2945 Constantinopolim
2001 2889 2288 2938 reversus,

683 2979 870 3032 Marco
901 2975 1146 3044 Ephesio
1184 2970 1583 3027 reconciliatus
1635 2978 1742 3033 est,
1776 2978 1832 3023 et
1869 2983 1898 3022 a
1930 2968 2150 3022 Latinis
2175 2965 2288 3018 ile-

683 3072 998 3138 uoticisque
1032 3067 1408 3131 abalienatus,
1459 3065 1606 3118 unde
1647 3063 1704 3116 in
1732 3059 1963 3116 Joatmis
1990 3066 1991 3069 “
2018 3059 2286 3114 Palaeolo-

2412 569 2457 622 si
2506 585 2666 636 quem
2704 570 2900 623 Latino
2934 575 3143 626 nomini
3173 576 3613 632 infensissimum
3638 597 3764 637 esse
3802 599 3996 650 negare

2409 676 2517 713 non
2551 671 2784 726 poterat.
2825 664 2990 718 alium
3025 666 3194 720 fuisse
3239 669 3596 724 existimavit.
3630 672 3996 743 Alinsnempe

2409 752 2588 807 fat-tus
2623 763 2709 808 est
2743 756 2873 809 dum
2908 760 3142 813 mutavit
3173 763 3532 825 sententiam,
3566 773 3645 817 tot
3671 765 3996 821 Graecorum

2407 845 2720 898 antistitum
2783 849 3060 915 exemplo,
3115 851 3208 918 qui
3267 853 3460 908 unioni
3531 857 3997 926 subscripserant,

2405 935 2552 1001 quod
2582 934 2908 992 Scholarius
2946 955 3052 992 non
3089 940 3319 995 fecerat.
3349 943 3471 1008 Quo
3503 961 3644 999 vero
3690 952 3837 1000 circa
3870 947 3998 1000 Flo-

2405 1027 2681 1081 rentinam
2717 1030 2996 1098 synodum
3029 1033 3218 1086 animo
3247 1033 3440 1098 fuerit,
3517 1053 3679 1092 neruo
3702 1038 3814 1105 jam
3867 1055 3996 1093 con-

2399 1118 2630 1188 jeoturis
2653 1122 2873 1190 assequi
2915 1122 3222 1178 divinando
3283 1125 3470 1192 debet,
3504 1128 3597 1182 sed
3635 1130 3757 1196 ejus
3789 1132 3995 1183 oratio-

2405 1211 2569 1267 nibus
2600 1212 2853 1268 credere.
2881 1214 3163 1284 Prtrcipua
3203 1227 3287 1271 est
3334 1220 3699 1274 valedictoria
3728 1222 3793 1273 ad
3841 1221 3990 1275 Con-

2404 1303 2739 1364 stantinmn,
2771 1305 2825 1358 in
2867 1319 2977 1374 qua
3014 1322 3122 1360 non
3158 1309 3324 1362 aliam
3357 1310 3600 1366 inimicis
3633 1315 3753 1367 suis
3790 1315 3996 1366 calum-

2402 1396 2589 1449 niamli
2625 1411 2852 1450 causam
2886 1396 3059 1453 fuisse
3092 1408 3356 1462 testatur,
3388 1418 3553 1472 quam
3578 1405 3721 1474 quod
3758 1407 3996 1458 innova-

2402 1484 2538 1538 tioni
2573 1501 2667 1552 per
2703 1487 3087 1543 deﬁnitionem
3119 1492 3440 1560 synodalem
3489 1494 3650 1550 facta:
3668 1499 3800 1550 totis
3859 1499 3996 1550 viri-

2402 1576 2505 1630 bus
2544 1577 2867 1631 obsisteret.
2906 1580 3053 1634 Idem
3109 1583 3344 1650 probant
3381 1587 3530 1639 varia
3554 1589 3820 1641 adversus
3845 1589 3996 1641 Lati-

2401 1681 2500 1720 nos
2537 1677 2593 1722 et
2624 1668 3080 1738 Latinophronas
3110 1673 3342 1742 scripta.
3375 1675 3790 1744 disputationes
3862 1695 3992 1732 eum

2399 1759 2656 1813 Cortonae
2693 1760 2980 1829 episcopo,
3021 1771 3075 1816 et
3109 1765 3216 1816 alia
3253 1780 3376 1833 qua!
3407 1767 3487 1820 vel
3532 1781 3698 1836 supra
3740 1769 3998 1839 designa-

2401 1858 2452 1903 ta
2479 1861 2633 1913 sunt,
2656 1854 2740 1906 vel
2765 1854 2818 1905 in
2852 1853 3057 1908 Notitia
3086 1856 3210 1924 ejus
3237 1872 3468 1926 operum
3508 1860 3952 1928 designabantur
3979 1880 3992 1914 :

2400 1953 2513 1996 tum
2546 1960 2668 2013 qua:
2699 1945 2801 1998 sub
2848 1945 3045 2000 lsidori
3077 1949 3376 2004 cardinalis
3441 1951 3765 2016 adventum,
3819 1967 3872 2008 ct
3941 1956 3996 2009 in

2400 2038 2517 2105 ipsa
2543 2038 2833 2093 obsidione
2864 2039 3113 2108 svripsit,
3149 2041 3370 2094 tandem
3423 2041 3618 2097 Oratio
3651 2045 3829 2099 codici
3868 2045 3985 2098 Ma-

2398 2145 2521 2199 gna:
2553 2130 2808 2184 Ecclesiae
2843 2133 3073 2196 inserta,
3109 2149 3234 2186 cum
3259 2136 3632 2203 patriarchale
3665 2153 3865 2192 munus
3899 2140 3996 2193 tle-

2400 2223 2604 2292 posuit.
2641 2224 2863 2277 Priores
2894 2225 3042 2278 enim
3073 2225 3464 2281 demonstrant
3489 2244 3616 2282 eum
3664 2230 3758 2298 qui
3786 2230 3996 2299 judicis

2399 2317 2646 2384 primarii
2676 2316 2949 2386 dignitate
2983 2325 3242 2381 ornatus,
3300 2318 3637 2374 Florentiam
3673 2322 3726 2375 in
3756 2322 3997 2392 impera-

2400 2411 2541 2464 tor—is
2568 2409 2835 2462 comitatu
2902 2410 3191 2476 profectus
3221 2422 3324 2473 est,
3389 2413 3568 2482 ipsum
3597 2429 3722 2468 esse
3754 2416 3844 2483 qui
3877 2425 3996 2470 tan-

2400 2511 2483 2556 tas
2519 2510 2715 2554 contra
2757 2501 2981 2555 Latinos
3015 2512 3071 2556 et
3097 2501 3476 2557 Florentinam
3501 2507 3764 2560 unionem
3796 2508 3991 2563 turbas

2396 2594 2707 2648 excitavit:
2754 2595 3096 2662 posteriores
3154 2597 3409 2650 eumdem
3466 2600 3836 2666 patriarcham
3882 2603 3994 2670 pri-

2398 2702 2546 2740 mum
2577 2689 2954 2756 designatum,
2976 2702 3039 2741 ex
3077 2702 3187 2757 quo
3207 2688 3725 2760 ConstantinOpolis
3761 2694 3812 2746 in
3844 2694 3992 2748 Tur-

2395 2794 2586 2832 carum
2615 2787 2943 2848 potestatem
2977 2782 3153 2844 venit,
3173 2797 3366 2836 omnes
3391 2783 3533 2838 inter
3553 2799 3611 2838 se
3637 2787 3994 2839 consentiunt

2393 2879 2448 2925 et
2485 2872 2661 2924 lucem
2694 2872 2882 2925 altera:
2922 2871 3112 2925 alteris
3140 2871 3506 2938 ftenerantur,
3565 2885 3626 2928 ut
3697 2875 3993 2931 insititium

2397 2965 2551 3018 illum
2584 2965 2736 3018 nullo
2767 2979 2946 3033 neque
2987 2965 3115 3020 loco
3151 2980 3329 3036 neque
3380 2974 3630 3036 tempore
3671 2970 3989 3022 consistere

2394 3056 2698 3126 patiantur.
3335 3040 3337 3042 η

680 3167 730 3236 gi
771 3163 1133 3218 offensionem
1173 3159 1437 3223 incurrit,
1471 3158 1618 3226 quod
1693 3156 1966 3209 habemus
2029 3169 2099 3207 ex
2160 3153 2358 3226 ejnsc
2466 3150 2660 3215 Operte
2694 3151 2934 3218 pretium
2987 3156 3074 3205 est
3108 3151 3284 3220 Ipsius
3348 3151 3620 3208 Gennadii
3676 3154 3742 3210 de
3808 3156 3992 3226 seipse

680 3255 1040 3325 Apologetica
1075 3252 1140 3306 ad
1173 3249 1612 3305 Constantinum
1639 3246 2053 3314 oratione,quae
2075 3243 2282 3296 Allatio

682 3364 968 3418 nunquam
1005 3347 1122 3401 visa
1160 3355 1266 3399 est.
1300 3341 1465 3397 Nulla
1521 3351 1635 3396 toto
1676 3339 1971 3394 intervallo
2012 3335 2286 3403 temporis

678 3444 825 3511 quod
863 3439 1008 3492 inter
1046 3436 1384 3490 Florentino:
1426 3431 1629 3502 synodi
1693 3429 1881 3492 ﬁnem,
1936 3435 1992 3482 et
2046 3424 2283 3479 Joannis

680 3533 975 3600 Palteologi
1008 3531 1225 3585 obitum
1257 3526 1577 3584 intercessit
1607 3524 1844 3578 alterius
1889 3520 2135 3590 Georgii,
2167 3520 2285 3575 sive

677 3627 946 3684 Gennadii
977 3626 1184 3679 mentio
1221 3635 1326 3686 εει,
1359 3621 1455 3676 sed
1486 3629 1704 3673 tantum
1735 3617 1903 3686 hujus
1972 3616 2155 3669 nostri
2185 3615 2280 3683 qui

676 3717 1140 3788 coniunctissime
1171 3731 1298 3771 cum
1331 3728 1399 3770 eo
1435 3713 1588 3778 vixit,
1622 3713 1718 3783 qui
1748 3727 1883 3767 suos
1903 3712 1953 3766 ei
2015 3725 2116 3779 pro
2161 3709 2286 3762 Ari-

675 3817 873 3872 stotele
908 3821 1106 3868 contra
1150 3810 1468 3866 Gemistum
1496 3809 1672 3862 libros
1735 3806 1961 3869 dicavit,
2023 3803 2118 3871 qui
2171 3818 2284 3854 mo-

675 3907 839 3961 rienti
866 3903 1072 3965 adfuit,
1105 3911 1158 3956 et
1207 3901 1319 3955 Deo
1351 3911 1492 3955 teste
1525 3901 1717 3954 multis
1763 3897 2137 3968 praesentibus
2173 3896 2282 3949 Ec-

672 4000 857 4055 clesiae
905 4014 1018 4053 sua:
1048 3995 1319 4050 adversus
1381 3992 1608 4047 Latinos
1667 3991 2048 4048 defensionem
2104 3990 2158 4042 in
2226 4006 2285 4044 se

674 4095 886 4162 reci-pit
910 4134 924 4156 ,
962 4090 1170 4160 quique
1214 4097 1292 4141 tot
1337 4085 1510 4141 libros
1535 4084 1708 4141 edidit
1741 4085 1946 4154 quibus
1975 4085 2107 4138 unio
2154 4082 2284 4138 Flo-

675 4190 870 4244 rentiae
902 4187 1046 4242 facta
1087 4183 1522 4249 convelleretur,
1581 4181 1677 4252 qui
1711 4180 1938 4236 Graecos
1998 4179 2281 4234 antistites

670 4284 855 4336 adhuc
915 4279 1093 4333 laicus
1132 4293 1161 4332 a
1222 4277 1544 4332 coronando
1583 4273 1957 4330 Constantino
1983 4274 2283 4336 deterruit,

666 4386 722 4431 et
765 4375 986 4428 tandem
1022 4374 1076 4426 in
1115 4370 1517 4426 monasterium
1572 4384 1634 4424 se
1676 4369 1889 4437 recepit
1942 4367 2110 4437 paulo
2142 4372 2277 4420 ante

666 4482 885 4541 captam
927 4467 1147 4524 urbem.
1177 4464 1314 4531 Quae
1349 4466 1539 4517 omnia
1581 4478 1648 4517 ex
1684 4461 1802 4516 sola
1830 4461 1898 4514 ad
1950 4457 2276 4515 Constanti-

2393 3243 2691 3297 scribentis
2718 3243 2885 3297 verba
2923 3242 3137 3298 referre
3191 3261 3258 3299 ex
3343 3245 3550 3300 inedita
3610 3248 3856 3316 Epistola
3914 3251 3986 3305 ad

2396 3336 2547 3391 cives
2579 3351 2714 3391 suos
2746 3337 3161 3393 ecclesiasticos
3206 3348 3260 3392 et
3289 3341 3607 3404 saeculares,
3636 3343 3839 3410 scripta
3897 3359 3992 3397 sex

2392 3436 2520 3483 ante
2553 3438 2772 3498 captam
2845 3430 3045 3484 urbem
3111 3431 3422 3488 mensibus.
3481 3432 3777 3504 Postquam
3836 3436 3997 3490 initio

2391 3529 2620 3588 questus
2660 3530 2744 3575 est
2793 3522 2901 3589 peti
2937 3538 2996 3575 se
3043 3522 3215 3576 variis
3264 3523 3617 3579 inimicorum
3671 3529 3992 3591 calumniis.

2391 3613 2650 3666 intentari
2705 3615 2883 3668 minas
2921 3629 2934 3665 :
2967 3613 3088 3666 Non
3135 3615 3272 3677 alia,
3339 3618 3539 3686 inquit,
3610 3624 3822 3674 ratione
3891 3624 3994 3675 nisi

2388 3708 2526 3775 quod
2560 3707 2808 3760 nolumus
2852 3708 3102 3775 separari
3129 3725 3160 3760 a
3188 3711 3373 3775 patria
3405 3713 3790 3779 traditione,et
3823 3717 3989 3767 simul

2390 3805 2658 3870 cumipsis
2696 3804 3029 3870 impudentes
3066 3814 3258 3858 contra
3297 3805 3468 3858 Deum
3536 3824 3668 3862 esse.
3745 3809 3869 3862 Nisi
3897 3811 3994 3865 deo

2391 3899 2567 3953 sidera
2604 3913 2786 3967 pacem
2825 3895 3220 3965 Ecclesiarum,
3267 3908 3315 3952 et
3339 3904 3680 3953 concordiam
3723 3901 3992 3955 Christia-

2392 4009 2580 4044 norum
2636 3992 2896 4054 omnium,
2935 3991 3026 4045 sed
3068 4009 3268 4058 veram,
3333 3994 3694 4060 spiritualem,
3746 3999 3993 4050 ecclesia—

2388 4087 2604 4145 sticam,
2629 4084 2839 4151 justam
2879 4095 2928 4139 et
2971 4085 3289 4152 salutarem,
3323 4089 3436 4140 vita
3463 4105 3579 4141 mea
3622 4106 3752 4156 pace
3783 4102 3992 4146 careat.

2392 4179 2466 4232 De
2493 4180 2667 4248 primo
2696 4189 2870 4230 autem
2899 4179 3096 4245 capite,
3128 4195 3314 4247 nempe
3342 4182 3485 4250 quod
3515 4183 3826 4252 religionem
3859 4186 3992 4237 atti-

2389 4272 2564 4332 nebat,
2590 4271 2709 4323 dico
2727 4281 2776 4324 et
2797 4280 2958 4324 testor
2975 4272 3112 4340 quod
3131 4273 3267 4325 hanc
3282 4290 3376 4343 ego
3393 4287 3634 4327 sanctam
3657 4286 3876 4328 matrem
3894 4276 3996 4329 Ec-

2387 4368 2606 4422 clesiam
2626 4383 2744 4419 cum
2768 4365 2894 4419 aliis
2917 4367 3087 4421 tribus
3105 4369 3463 4422 sanctissimis
3485 4369 3810 4434 patriarchis
3834 4369 3995 4423 habui

2387 4477 2588 4530 semper
2612 4467 2664 4514 et
2696 4461 2860 4512 habeo
2900 4469 3155 4528 tanquam
3189 4476 3368 4514 veram
3395 4459 3623 4513 Matrem
3656 4463 3992 4516 orthodoxa-

667 4579 796 4618 num
833 4561 1067 4631 epistola
1107 4570 1220 4614 tam
1249 4558 1549 4628 perspicue
1609 4553 2092 4617 demonstrantur,
2129 4560 2188 4606 nt
2221 4553 2274 4603 in
2320 4541 2361 4595 ί)
2394 4571 2510 4606 rum
2563 4552 3024 4614 Christianorum,
3059 4554 3113 4604 in
3157 4555 3444 4620 qua,sicut
3479 4554 3635 4606 initio
3655 4555 3993 4620 prwdicalio—

664 4658 968 4707 obscurum
1000 4651 1233 4704 alterum
1270 4648 1623 4702 Gennadium
1667 4647 1872 4701 cadere
1909 4657 2267 4715 nequaquam

667 4743 902 4810 possint,
945 4755 1108 4810 quem
1138 4737 1485 4792 Florentiam
1557 4737 1749 4800 ivisse,
1777 4736 1973 4791 unioni
2038 4734 2272 4797 favisse,

668 4838 1083 4904 philosophum,
1110 4833 1358 4901 judicem
1411 4831 1744 4902 primarium
1771 4829 1994 4884 Notam:
2055 4828 2278 4883 amicis-

663 4949 868 4987 sunum
903 4931 1187 5001 (l),ltalis
1238 4931 1421 4984 doctis
1480 4927 2036 4996 coniunctissimum,
2105 4924 2277 4981 Marci

666 5027 886 5096 Ephesii
917 5024 1264 5094 discipulum
1314 5033 1368 5076 et
1421 5023 1908 5094 pernecessarium
1950 5021 2146 5085 fuisse,
2183 5037 2276 5076 ne-

662 5138 753 5174 mo
782 5134 1025 5188 unquam
1065 5120 1174 5171 ullo
1203 5119 1404 5171 idoneo
1442 5117 1770 5172 testimonio
1798 5118 2032 5187 probare
2066 5124 2278 5185 potest,

661 5217 837 5268 ιιιιιιιο
868 5215 1056 5267 minus
1091 5212 1142 5264 id
1167 5212 1316 5282 quod
1338 5210 1577 5266 Allatius
1611 5211 1940 5280 palmarium
1975 5226 2276 5281 argumen-

659 5323 772 5362 tum
810 5310 999 5369 habet.
1030 5306 1386 5360 Scholarium
1417 5322 1528 5360 non
1565 5306 1669 5360 nisi
1722 5312 2028 5376 postquam
2095 5303 2278 5374 digiti-

659 5414 827 5458 tatem
877 5404 1216 5468 abdicasset,
1297 5402 1675 5456 monasticam
1744 5391 1919 5456 vitam
1955 5399 2270 5470 professum

656 5515 804 5554 t‘SSP.

726 5592 868 5659 Quia
905 5607 1036 5647 vero
1072 5593 1226 5645 illum
1265 5591 1318 5643 in
1359 5589 1611 5645 eamdem
1679 5604 1919 5658 semper,
1950 5603 2114 5656 quam
2153 5585 2276 5641 Flo-

656 5691 851 5743 rentiae
891 5688 1332 5757 signilit-averat,
1374 5684 1690 5739 concordiae
1733 5699 1860 5737 cum
1887 5681 2114 5736 “Latinis
2155 5697 2282 5737 san—

2388 4651 2468 4700 nis
2511 4646 2848 4716 evangelicw,
2873 4645 3037 4715 juxta
3057 4645 3273 4700 Domini
3299 4648 3700 4715 prrrdictionem
3726 4648 3851 4716 fidei
3871 4667 3993 4718 pro-

2389 4739 2543 4794 batio
2561 4741 2861 4808 efﬁcaciter
2891 4742 3191 4810 perﬁcitur,
3223 4756 3284 4794 ea:
3313 4742 3555 4794 omnibus
3588 4745 3880 4809 apostasia:
3911 4745 3994 4796 in-

2387 4835 2655 4888 ettrsibus.
2681 4833 2879 4888 Omnia
2913 4837 3075 4889 etiam
3107 4835 3266 4904 hujus
3303 4835 3561 4890 Ecclesia!
3585 4836 3842 4905 dogmata
3875 4855 3996 4890 am-

2387 4929 2589 4994 plector
2628 4939 2880 4998 tanquam
2908 4929 3112 4992 divina,
3158 4929 3440 4982 verissima
3465 4940 3514 4983 et
3540 4931 3833 4995 salutaria,
3863 4949 3992 5000 quo-

2391 5040 2698 5076 rumunum
2730 5033 2832 5087 est,
2863 5023 3004 5092 quod
3056 5021 3293 5091 Spiritus
3351 5033 3574 5077 sanctus
3645 5039 3710 5076 ea:
3765 5024 3870 5079 Deo
3941 5037 3991 5077 et

2388 5121 2556 5171 Patre
2588 5117 2825 5187 procedit
2866 5118 2972 5170 sive
3006 5115 3277 5180 subsistit,
3329 5117 3781 5185 quemadmodum
3833 5120 3993 5170 habe-

2387 5224 2474 5265 tur
2504 5213 2560 5264 in
2601 5209 2854 5281 Symbolo
2935 5211 3174 5263 omnium
3235 5211 3564 5280 generalium
3617 5211 3966 5265 conciliorum

2389 5306 2577 5376 Neque
2607 5307 2749 5360 enim
2779 5320 2842 5359 ex
2876 5303 3041 5358 Patre
3059 5315 3106 5358 et
3149 5302 3316 5369 Filio,
3357 5315 3414 5358 ut
3469 5304 3794 5359 Latinorum
3831 5303 3992 5375 Sym-

2389 5402 2565 5454 bolum
2598 5401 2754 5466 dicit,
2787 5410 2835 5454 et
2877 5397 3196 5454 Florentino
3239 5400 3475 5471 synodus
3504 5399 3772 5453 inauditis
3819 5401 3990 5467 eapli—

2389 5495 2691 5548 rationibus
2730 5494 2967 5562 exponit.
3003 5494 3308 5563 Amplector
3341 5494 3546 5562 {actam
3599 5505 3785 5549 contra
3856 5495 3992 5548 Bec-

2390 5606 2510 5642 cum
2543 5588 2999 5657 Latinophronem
3033 5599 3278 5642 sanctam
3326 5599 3374 5642 et
3420 5607 3668 5659 magnam
3693 5593 3984 5659 synodum,

2395 5695 2442 5736 et
2478 5701 2592 5738 eam
2626 5683 2856 5752 ﬁrmiter
2881 5684 3020 5736 inter
3055 5685 3406 5738 mcumenicas
3467 5686 3838 5739 collocandum
3869 5703 3990 5739 cen-

721 5893 790 5959 (1)
828 5892 947 5942 Vide
981 5892 1103 5942 infra
1132 5894 1374 5943 Ccnnadii
1412 5899 1460 5940 cl
1496 5890 1691 5940 Notam
1715 5889 1973 5941 ammbtras
2001 5880 2253 5952 epistolas.
2283 5888 2418 5939 Εοιτ.
