4462 6450
468 397 573 457 273

2014 399 2204 456 Vl'l‘A.

3607 393 3702 416 ’τ’

3609 417 3711 450 ..ιι

468 527 575 570 880.
603 511 726 576 quia
786 508 1108 561 schismatici
1163 507 1399 561 absentia
1441 506 1773 559 mcumenictv
1832 506 2030 572 synodo
2065 512 2105 567 Λ
2138 507 2239 559 Sed
2271 505 2566 571 spiritualis
2593 506 2744 568 paria
2785 506 3114 556 sentientiuu
3148 504 3464 563 communio,
3501 515 3547 554 ct
3589 521 3710 568 prr-

467 599 773 666 qualitatem
810 613 912 648 non
947 597 1141 661 aufert.
1191 596 1446 663 Ejusdem
1521 593 1806 644 terribilem
1831 602 2037 645 senten-

471 690 598 738 tiam
628 701 743 736 cum
796 686 1067 737 sententiis
1119 694 1166 736 et
1233 683 1698 735 anathematismis
1762 689 2039 732 trementer

470 778 716 841 suscipio,
752 786 1007 842 tanquam
1031 791 1241 827 sacram
1277 783 1322 825 et
1396 775 1632 825 divinam
1694 773 2036 834 sententiam,

471 885 586 934 qua:
620 869 684 919 de
713 866 1025 918 Latinorum
1087 865 1443 934 dogmatibus,
1479 874 1526 915 et
1568 865 1630 916 de
1672 863 1828 928 Papa!
1893 879 2038 914 com-

473 960 848 1012 memoratione
873 958 1236 1011 convenientia
1264 957 1472 1009 decreta
1497 958 1770 1016 statuerit,
1803 952 2040 1007 Persisto

473 1054 525 1102 in
542 1069 602 1103 ea
635 1051 986 1116 promissione
1017 1066 1119 1116 qua
1149 1065 1228 1101 me
1287 1047 1551 1098 obstrinxi
1576 1047 1726 1098 beato
1783 1043 2040 1111 Ephesino

473 1145 730 1208 episcopo,
763 1159 877 1194 cum
915 1142 982 1194 ad
1010 1142 1172 1194 Deum
1198 1141 1521 1207 migraturus
1548 1146 1886 1197 esset,coram
1913 1136 2039 1199 Deo,

476 1233 676 1297 angelis
701 1240 746 1282 et
777 1231 1101 1292 hominibus,
1139 1241 1184 1281 et
1241 1227 1693 1294 disputationibus
1722 1242 1852 1292 quas
1884 1227 2044 1277 habui

474 1325 719 1374 mlvcrsus
771 1323 1066 1389 episcopum
1130 1321 1376 1374 Cornotar
1430 1320 1498 1372 ad
1541 1319 2045 1381 demonstrationem

475 1416 708 1465 veritatis
739 1429 896 1481 quam
922 1413 1255 1480 proﬁtemur,
1286 1421 1338 1462 ut
1359 1412 1517 1463 etiam
1549 1412 1768 1464 diversis
1801 1398 2068 1477 operibus-

476 1523 590 1567 qua:
623 1521 716 1570 pro
745 1507 920 1570 patria
946 1506 1069 1572 ﬁde,
1092 1505 1267 1555 divino
1322 1521 1537 1556 munere
1579 1503 1840 1569 publicavi
1878 1507 2048 1554 :co‘n—

476 1596 700 1661 fessioue
739 1611 937 1662 quoque
960 1595 1081 1660 fidei
1116 1610 1260 1656 meat,
1299 1595 1375 1646 vel
1423 1595 1600 1662 potius
1635 1593 1915 1645 catholicw
1947 1590 2047 1643 Ec—

477 1686 670 1746 clesiar,
712 1701 869 1752 quant
907 1693 1028 1735 ante
1083 1686 1354 1736 biennium
1400 1696 1655 1736 accurate
1715 1683 2043 1735 elaboratam

475 1777 712 1842 evulgari
751 1794 764 1827 :
807 1774 1277 1840 subscriptionibus
1301 1777 1461 1826 etiam
1490 1793 1619 1841 quas
1658 1790 1775 1826 cum
1804 1773 2048 1826 ecclesia-

481 1870 625 1920 sticis
659 1867 803 1928 viris,
834 1869 1016 1918 eadem
1053 1867 1323 1918 nobiscum
1353 1868 1698 1920 sentientibus
1736 1866 1929 1928 scripto
1956 1865 2044 1931 fir-

481 1960 736 2010 oravimus
767 1958 927 2026 legati
984 1966 1230 2025 tempore,
1256 1969 1304 2010 et
1343 1959 1531 2010 deinde
1576 1967 1687 2024 post
1735 1957 2046 2024 legationem

479 2050 679 2100 domini
714 2049 950 2112 Brennii,
979 2050 1131 2116 cujus
1154 2051 1414 2116 particeps
1441 2049 1587 2101 nullo
1623 2048 1776 2100 modo
1800 2049 1900 2115 fui,
1933 2064 2047 2098 cum

480 2159 736 2209 nusquam
766 2141 924 2208 Papa:
957 2140 1780 2203 commemorationemsuscipere
1819 2139 2044 2191 statuis-

479 2250 675 2296 semus,
712 2233 944 2299 quandiu
974 2235 1114 2285 circa
1165 2234 1426 2299 pra'cipnn
1453 2233 1574 2299 ﬁdei
1604 2233 1860 2299 dogmata
1889 2231 2046 2282 divisi

477 2336 525 2377 et
559 2325 822 2377 discordes
857 2341 1084 2378 essemus
1113 2330 1174 2376 ab
1207 2342 1270 2376 eo
1325 2326 1489 2376 secuti
1542 2326 1808 2392 pra'dicta:
1862 2322 2050 2390 synodi

479 2418 862 2483 deﬁnitionem,
911 2425 1122 2484 patrum

479 2512 730 2560 omnium.

556 2603 698 2655 Idem
736 2603 787 2654 in
815 2601 1048 2672 cpistola
1092 2602 1156 2654 ad
1191 2602 1526 2672 Sylvestrnm
1589 2615 1845 2667 magnum
1864 2598 2071 2653 eccle-.

481 2695 778 2755 Sial'cllanl,
808 2703 862 2746 et
905 2695 968 2746 ad
1001 2694 1342 2761 Agallianum
1393 2693 1893 2762 chartopltylacem,
1930 2691 2056 2743 reli-

481 2801 726 2852 quosque
759 2787 1166 2840 ecclesiasticos
1195 2787 1398 2854 scripta
1429 2802 1553 2840 cum
1587 2784 1834 2853 Liturgia
1874 2783 2055 2850 publi-

482 2895 542 2926 re
575 2879 942 2931 celebraretur
967 2887 1088 2945 post
1141 2887 1458 2929 renovatam
1503 2878 1763 2929 unionem
1797 2890 1921 2928 cum
1956 2877 2056 2930 Isi-

484 2969 619 3016 «loro
648 2965 924 3018 cardinalc
954 2965 1163 3018 llussia:
1207 2967 1384 3032 legato
1417 2967 1738 3034 apostolico,
1764 2975 2053 3034 postquam

482 3059 766 3108 t‘Xt‘llSﬂvll
811 3072 867 3109 se
898 3057 1043 3124 quod
1085 3065 1313 3110 vocatus
1348 3058 1425 3110 ire
1454 3059 1518 3110 ad
1548 3058 1815 3126 synodum
1845 3058 2056 3108 renuis-

1209 2425 1508 2466 nostrorum
1573 2415 2053 2482 magistrorumth

2141 595 2276 659 fecla
2306 593 2663 645 subordinatio
2691 609 2813 659 erga
2850 593 3106 659 legitimos
3139 604 3399 656 pastores,
3472 595 3523 642 in
3568 609 3711 641 com-

2142 684 2624 735 memoratioueilla
2658 685 2920 734 consistit.
2947 684 3282 749 Synodivero
3313 693 3358 734 et
3390 682 3488 733 SS.
3522 682 3707 732 Patres

2140 774 2416 838 deﬁniunt,
2450 783 2502 824 ut
2543 790 2572 824 a
2598 789 2818 840 quorum
2856 774 3095 840 Opinione
3113 774 3474 831 obhorremus,
3504 788 3705 824 eorum-

2141 873 2257 923 dem
2297 871 2712 922 communionem
2741 869 2917 936 fugere
2937 878 3195 935 oporteat.
3233 866 3403 919 Multa
3433 867 3542 918 alia
3571 867 3713 932 ejus-

2143 961 2283 1012 modi
2318 960 2576 1027 defiuiunt
2613 960 2752 1012 vobis
2784 961 2925 1010 haud
2955 963 3154 1027 ignota.
3182 960 3299 1012 l’ra:
3325 961 3561 1010 omnibus
3598 974 3714 1009 vero

2147 1050 2399 1104 Dominus
2436 1053 2571 1103 dicit
2602 1066 2618 1103 :
2647 1053 2886 1103 alienum
2914 1067 3016 1103 non
3065 1061 3366 1117 sequentur,
3395 1051 3482 1102 sed
3514 1050 3712 1116 fugient

2145 1139 2210 1192 ab
2249 1139 2527 1206 ipso,quia
2553 1156 2654 1190 non
2710 1148 2901 1189 norunt
2955 1155 3129 1190 vocem
3192 1141 3510 1190 alienorum.
3567 1138 3715 1188 Absit

2145 1245 2344 1297 quoque
2366 1237 2420 1280 ut
2455 1227 2744 1280 Ecclesium
2783 1245 2972 1289 meam,
3008 1245 3122 1294 qua:
3179 1245 3366 1280 sancta
3393 1241 3466 1281 est
3522 1231 3712 1280 Ortho-

2147 1319 2403 1370 doxorum
2434 1329 2617 1381 mater,
2647 1319 2840 1386 faciam
2864 1320 3189 1379 hcereticam,
3224 1319 3521 1385 suscipiem
3557 1322 3717 1383 Papa.-

2147 1411 2715 1470 commemorationem,
2750 1409 3001 1476 quamdiu
3047 1408 3193 1476 Papa
3218 1425 3278 1460 ea
3313 1409 3717 1474 conﬁtebituret

2149 1502 2339 1564 credet,
2371 1517 2592 1568 quorum
2637 1517 2802 1552 causa
2837 1517 2867 1550 α
2918 1511 3096 1552 nostra
3155 1498 3391 1551 Ecclesia
3451 1516 3551 1550 non
3603 1517 3722 1550 sus—

2149 1592 2361 1656 cipitur.
2387 1589 2444 1643 Si
2467 1592 2582 1659 quis
2607 1593 2743 1644 enim
2776 1608 2913 1643 nunc
2938 1593 3254 1657 conﬁteatur
3299 1610 3414 1645 eum
3449 1602 3586 1644 recte
3615 1594 3722 1643 dis-

2149 1696 2365 1748 pensare
2392 1683 2600 1734 verbum
2662 1683 2919 1743 veritatis,
2981 1685 3181 1750 fatetur
3207 1685 3249 1736 is
3308 1685 3537 1750 majores
3599 1701 3722 1734 suos

2151 1773 2314 1838 fuisse
2348 1773 2638 1826 ha'reticos.
2662 1773 2932 1826 Sententia
2968 1776 3130 1841 igitur
3160 1792 3271 1826 mea
3317 1778 3440 1828 talis
3464 1787 3563 1838 est,
3616 1777 3718 1841 fuit

2150 1875 2197 1918 et
2227 1866 2347 1926 erit,
2381 1881 2569 1932 eroque
2592 1877 2738 1917 extra
2765 1868 3058 1918 communio
3073 1884 3186 1919 nem
3208 1868 3390 1932 Papa',
3417 1878 3462 1920 et
3489 1869 3722 1918 omnium

2151 1960 2239 2026 qui
2285 1958 2366 2009 illi
2409 1974 2715 2026 quocunque
2770 1959 2921 2009 modo
2971 1961 3382 2023 communicant,
3430 1971 3486 2011 ut
3543 1972 3719 2024 putres

2154 2050 2343 2113 nostri,
2377 2065 2598 2117 quorum
2618 2052 2867 2114 pietatem
2896 2051 3102 2101 imitari
3135 2069 3227 2105 nos
3283 2054 3448 2115 decet,
3483 2069 3597 2104 cum
3638 2070 3732 2104 nec

2154 2141 2512 2201 sanctitatem,
2546 2157 2636 2193 nec
2675 2142 2992 2208 sapientiam
3022 2144 3237 2196 illorum
3263 2145 3569 2198 habeamus.
3605 2145 3729 2197 "AUC

2155 2246 2286 2283 sane
2320 2231 2496 2283 oratio
2535 2246 2642 2283 non
2675 2241 2759 2284 est
2820 2233 2997 2284 Latini
3062 2235 3323 2295 hominis.
3359 2245 3452 2288 aut
3485 2239 3600 2306 ejus
3633 2239 3728 2303 qni

2155 2323 2206 2374 in
2249 2323 2618 2376 llomanorum
2654 2324 2984 2377 sententiam
3027 2326 3331 2380 transierit.
3369 2326 3463 2381 Est
3541 2338 3725 2381 autent

2153 2415 2271 2481 ejus
2301 2415 2393 2483 qui
2429 2417 2481 2468 in
2508 2416 2628 2468 aula
2671 2416 2904 2479 vixerat,
2945 2420 3038 2485 qui
3073 2417 3413 2472 Florentiam
3454 2419 3738 2487 profectus

2155 2516 2294 2569 crat,
2322 2506 2524 2574 quique
2549 2506 3020 2575 patriarclta'post
3069 2521 3282 2577 captam
3318 2510 3510 2563 urbem
3547 2514 3731 2565 statim

2157 2608 2373 2651 creatus
2417 2601 2838 2667 cstzquodnon
2889 2604 3002 2655 sola
3049 2605 3246 2671 probat
3303 2605 3552 2658 mdicum
3601 2622 3736 2658 mss.

2157 2688 2314 2751 ﬁdes,
2352 2692 2443 2744 sed
2486 2691 2570 2745 vel
2605 2708 2708 2745 una
2753 2682 3094 2762 cpistola-air
3115 2683 3307 2758 omnes
3325 2696 3530 2772 ﬁdeles
3586 2701 3734 2748 vale-

2159 2772 2384 2837 dirtoria
2419 2801 2541 2838 cum
2575 2772 2894 2855 dignitatem
2951 2787 3274 2857 deponeret,
3320 2778 3541 2860 iibnnde
3608 2805 3745 2842 eon-

2161 2875 2363 2928 ﬁrmat.
2405 2892 2409 2896 ‘
3107 2887 3111 2892 ’
3290 2890 3337 2928 ,⁸

2230 2963 2403 3018 Porro
2456 2981 2801 3036 quaecunque
2887 2971 2952 3023 de
3009 2970 3226 3024 duobus
3281 2971 3581 3024 Gennadiis
3633 2971 3744 3022 sive

2163 3053 2466 3112 Scltolariis
2508 3072 2535 3110 a
2588 3060 2966 3132 Caryophyllq
3045 3048 3146 3114 aut.
3199 3063 3418 3115 Allatio.
3465 3064 3744 3130 tlis'pltluln

485 3158 586 3199 snt.
623 3150 700 3198 Ad
731 3151 856 3216 quid
896 3166 1054 3216 porro
1081 3149 1187 3202 ha'c
1246 3150 1458 3218 synaxis
1491 3151 1667 3200 habita
1699 3151 1823 3202 est?
1859 3147 2058 3215 Nempe
2087 3192 2129 3248 C
2164 3161 2313 3214 sunt,
2367 3163 2569 3221 prmler
2632 3171 2693 3209 ea
2746 3172 2865 3224 qua:
2911 3159 3141 3226 carptim
3203 3157 3585 3217 ἁθιὶιιακιίιιιιις,
3638 3177 3744 3210 [Hm

483 3240 604 3304 quia
639 3255 700 3290 ex
724 3257 822 3307 quo
856 3243 977 3292 unio
1021 3257 1111 3306 per
1150 3242 1394 3306 p0pulum
1433 3241 1458 3307 f
1494 3251 1580 3291 cta
1639 3251 1715 3292 est
1746 3239 1904 3306 (vah!
1938 3257 2059 3291 nam

485 3332 674 3382 (Ιὶιὶδὶο
711 3344 784 3382 cst
816 3351 845 3383 a
875 3333 1024 3397 Deol,
1077 3336 1555 3386 ecclesiasticarum
1593 3351 1900 3386 consensum
1931 3335 2063 3386 obti-

488 3438 606 3472 nere
670 3424 920 3490 gestiunt.
986 3423 1280 3490 Ilclinquite
1334 3443 1411 3477 me
1468 3428 1651 3476 horum
1711 3427 2060 3492 inexpertum,

490 3531 654 3565 meam
680 3517 812 3566 enim
840 3517 902 3567 de
927 3517 1022 3566 hoc
1048 3522 1254 3583 negotio
1277 3518 1589 3569 sententiam
1623 3518 1813 3570 millies
1879 3519 2055 3568 domi-

489 3619 584 3653 nus
616 3615 790 3655 noster
821 3607 1129 3670 imperator,
1155 3617 1200 3658 et
1225 3610 1338 3674 ejus
1392 3608 1710 3667 consiliarii,
1761 3619 1806 3659 et
1835 3625 1919 3660 ros
1953 3625 2059 3659 om-

489 3715 574 3747 nes
610 3700 965 3766 perspexistis.
1002 3700 1134 3752 Ante
1173 3701 1264 3752 hos
1328 3701 1584 3767 siquidem
1642 3701 1751 3752 dies
1812 3701 1932 3753 misi
1995 3699 2064 3752 ad

486 3805 602 3840 eum
633 3806 723 3855 per
779 3791 1122 3842 venerabilem
1153 3792 1468 3843 monac/tum
1525 3801 1572 3844 et
1626 3794 1950 3845 sacerdotem
1999 3793 2062 3845 Ι).

494 3880 749 3942 lgnatiu-n
784 3884 1018 3945 capitula
1055 3884 1331 3937 duodecim
1365 3886 1429 3936 de
1466 3886 1562 3936 hoc
1591 3898 1922 3954 argumento,
1951 3902 2067 3954 qutt'

489 3983 537 4023 et
563 3974 658 4037 ipsi
682 3975 909 4027 vidistis.
937 3973 1047 4043 Ego
1077 3992 1193 4028 vero
1242 3977 1392 4028 aliud
1414 3977 1541 4042 quid
1573 3977 1636 4028 ab
1673 3993 1729 4029 eo
1755 3977 1893 4046 quod
1931 3995 2066 4029 nunc

489 4065 911 4132 dico,uunquam
948 4068 1150 4130 dicam,
1207 4069 1636 4137 quandoquidem
1695 4067 2063 4122 Florentinom

488 4157 635 4208 illam
665 4161 927 4226 synodum
956 4175 1013 4213 eo
1040 4159 1152 4212 loco
1191 4162 1377 4225 habeo,
1415 4179 1517 4230 quo
1554 4165 1698 4230 apud
1761 4163 1924 4214 Deum
1964 4173 2061 4225 est,

489 4257 538 4299 ct
579 4252 768 4300 veritas
821 4251 990 4312 docet,
1051 4252 1447 4321 Christianique
1507 4272 1684 4306 omnes
1707 4256 1934 4320 legitimi
1964 4254 2064 4306 Ec-

488 4339 665 4389 clesia'
694 4338 985 4393 Orientalis
1025 4341 1125 4408 ﬁlii
1157 4342 1317 4409 juxta
1347 4353 1654 4396 sanctorum
1681 4343 1903 4396 Patrum
1945 4362 2064 4398 sen-

491 4431 706 4481 tentiam
739 4440 788 4482 et
817 4431 1194 4483 conscientiam
1230 4450 1382 4485 suam
1407 4437 1641 4487 sentiunt
1673 4447 1753 4500 ,et
1776 4447 1830 4486 ut
1863 4436 2062 4487 clarius

2167 3246 2300 3296 tanti
2337 3245 2592 3300 videntur
2630 3263 2776 3312 esse,
2814 3259 2870 3302 ut
2909 3251 2974 3302 ad
3013 3251 3298 3318 singulare
3323 3267 3556 3303 examen
3587 3269 3741 3302 revo-

2165 3340 2336 3390 canda
2387 3341 2522 3393 sint.
2577 3341 2632 3394 Id
2675 3343 2820 3396 enim
2871 3359 2976 3396 non
3014 3345 3119 3397 nisi
3186 3347 3394 3414 proliw
3436 3358 3486 3398 et
3523 3349 3747 3398 iulium

2167 3437 2638 3487 commentatione
2691 3445 2874 3503 potest
2931 3437 3171 3498 absolvi,
3219 3440 3312 3491 sed
3372 3440 3580 3505 alisque
3635 3441 3746 3490 ullo

2166 3535 2345 3588 opera:
2374 3522 2568 3590 pretio.
2604 3521 2737 3575 Nam
2767 3525 2853 3577 cui
2891 3527 3058 3579 semel
3090 3538 3386 3595 perspecta
3420 3529 3588 3580 luerit.
3621 3531 3746 3580 Irre-

2169 3613 2272 3672 vis,
2311 3629 2474 3681 quam
2520 3631 2586 3668 ex
2638 3617 2814 3670 certis
2876 3621 3257 3674 monumentis
3321 3620 3751 3684 delineavimus,

2169 3703 2423 3759 llistorim
2447 3706 2825 3763 Gennadianze
2861 3712 3143 3780 syimpsis,
3181 3713 3226 3765 is
3252 3715 3434 3766 statim
3467 3715 3754 3781 intelliget,

2169 3799 2222 3851 in
2255 3799 2455 3866 quibus
2489 3810 2544 3854 et
2580 3801 2797 3869 quoties
2825 3802 3199 3856 Itallucinatus
3241 3803 3403 3858 fuerit
3438 3804 3517 3857 vir
3547 3805 3756 3857 doctis-

2170 3893 2366 3945 simus.
2405 3892 2588 3946 Mirari
2628 3909 2758 3947 vero
2807 3895 2944 3948 satis
2982 3911 3088 3948 non
3125 3911 3421 3964 possumus
3455 3915 3602 3963 (tuin,
3633 3914 3755 3950 eum

2169 3985 2406 4054 primum
2453 3985 2504 4038 in
2554 4001 2717 4055 Opere
2754 3989 2815 4039 de
2857 3999 3109 4055 perpetuo
3155 4006 3415 4042 consensu
3465 3991 3562 4059 ll),
3609 3993 3757 4044 edito

2170 4092 2316 4129 anno
2356 4077 2514 4139 16H,
2553 4079 2962 4132 cnnlcnliosum
2998 4081 3142 4132 hunc
3179 4082 3244 4138 de
3283 4081 3496 4134 duobus
3533 4081 3756 4134 Genna-

2170 4169 2278 4222 diis
2329 4169 2513 4222 funem
2571 4170 2774 4224 ducere
2826 4173 3112 4241 cmpisset,
3168 4174 3374 4228 deinde
3428 4176 3590 4243 paulo
3635 4186 3758 4244 post

2172 4262 2556 4315 Dissertationi
2606 4265 2674 4316 de
2733 4263 2988 4333 Georgiis
3028 4267 3104 4333 (ἓ)
3158 4275 3330 4321 lotam
3392 4285 3546 4322 suam
3595 4269 3762 4320 verbo

2171 4359 2334 4405 tenus
2381 4353 2821 4421 disputationem
2883 4357 3235 4422 inseruisset,
3283 4370 3405 4428 post
3442 4377 3617 4414 annos
3664 4362 3757 4412 tri-

2171 4442 2318 4510 ginta
2348 4457 2454 4494 non
2500 4447 2759 4500 secundis
2789 4456 2882 4499 aut
2921 4449 3097 4503 tertiis
3135 4450 3218 4502 vel
3269 4452 3567 4506 tricesimis
3611 4455 3758 4507 curis

458 4522 685 4588 ‘dicam,
722 4538 836 4573 eam
863 4526 1119 4590 synodum
1148 4526 1303 4578 talem
1340 4528 1607 4589 existimo,
1644 4530 1815 4593 qualis
1845 4535 2068 4595 pseudo-
2106 4528 2146 4581 Ι)
2179 4535 2456 4587 meliorem
2516 4535 2713 4589 lactant
2771 4539 2822 4590 in
2880 4554 3047 4607 opere
3087 4551 3279 4593 contra
3337 4542 3758 4612 Creyghlonutn

490 4615 804 4665 (rcumenica
828 4616 920 4666 illa
945 4619 1038 4667 sub
1063 4615 1374 4670 Constantio
1410 4618 1534 4685 fuit,
1552 4636 1668 4686 qua:
1698 4619 2071 4672 Consubstan-

490 4705 636 4765 tiale,
672 4708 851 4756 utsibi
887 4707 1185 4774 videbatur,
1233 4713 1546 4764 sustulerat.
1617 4715 1882 4776 Quoniam
1947 4716 2070 4767 item

491 4813 603 4848 mea
627 4802 883 4850 sententia
913 4809 1011 4863 est,
1046 4801 1184 4868 quod
1209 4804 1297 4869 qui
1329 4802 1490 4869 Papa'
1515 4807 2067 4860 commemorationem

494 4891 643 4950 facit.
677 4904 766 4942 aut
797 4893 1011 4957 facienti
1058 4898 1434 4958 communicat,
1495 4898 1656 4948 etiam
1708 4901 1931 4952 consilio
1976 4911 2070 4952 aut

492 4982 881 5043 adhortatione,
917 4984 1040 5038 talis
1102 4988 1243 5054 apud
1285 5004 1367 5040 me
1414 4998 1511 5048 est,
1568 4989 1743 5057 qualis
1812 4992 1856 5042 is
1915 5008 2068 5056 quem

489 5073 761 5126 damnavit
797 5088 982 5127 sancta
1006 5087 1052 5130 et
1084 5095 1276 5148 magna
1312 5079 1545 5148 synodus
1596 5080 2068 5149 Constantinopoli

490 5176 824 5234 congregata,
858 5184 974 5235 qum
1017 5167 1331 5223 Latinorum
1362 5173 1663 5226 doctrinam
1719 5176 2066 5237 examinavit,

491 5254 818 5326 Beccumque
852 5268 996 5323 tunc,
1031 5271 1080 5313 et
1102 5264 1192 5330 qui
1221 5265 1402 5317 eadem
1458 5282 1577 5316 cum
1616 5267 1708 5318 illo
1749 5267 2067 5330 sentiebant,

489 5349 753 5406 deposuit.
784 5349 966 5420 Neque
989 5355 1369 5409 etristimoleve
1393 5358 1674 5425 quiddam.
1711 5376 1821 5410 esse
1882 5363 2067 5429 Papa),

491 5448 583 5490 aut
616 5441 1161 5514 ulterius'cujusdam
1208 5450 1438 5514 episcopi
1494 5455 2070 5509 commemoratimwm.

566 5621 609 5690 (1
663 5618 778 5674 lib.
817 5637 898 5683 tu,
931 5637 980 5676 c.
1024 5623 1080 5678 5.

2173 4635 2450 4679 recoctam
2489 4629 2690 4681 iterum
2731 4631 2974 4692 dedisse,
3010 4632 3082 4684 ita
3131 4643 3188 4684 ut
3220 4636 3380 4686 verba
3419 4637 3555 4703 ipsa,
3585 4640 3757 4704 jocm,

2171 4720 2314 4775 Sales
2344 4721 2782 4791 religiosissime,
2813 4741 2878 4777 ne
2917 4736 3133 4778 mutato
3163 4727 3382 4794 quidem
3422 4733 3599 4796 apice,
3634 4750 3756 4784 ser-

2173 4814 2405 4866 vaverit.
2445 4814 2547 4878 Qui
2600 4818 2787 4884 itaque
2838 4833 2999 4869 unam
3058 4819 3252 4872 harum
3295 4821 3761 4881 Dissertationum

2177 4905 2350 4968 novit,
2389 4909 2579 4958 ambas
2606 4908 2811 4963 alteras
2843 4912 3083 4966 noverit.

2251 4995 2467 5050 Felellit
2524 4999 2703 5051 virum
2768 5001 3152 5056 doctissimum
3208 5004 3562 5076 Caryopliylli
3623 5009 3762 5074 judi-

2179 5089 2322 5142 cium
2359 5091 2436 5153 la)
2474 5090 2539 5144 de
2570 5091 2790 5145 duobus
2820 5093 3146 5159 Gennadiis,
3180 5112 3301 5163 quae
3332 5099 3522 5166 opinio
3547 5117 3669 5152 cum
3703 5103 3766 5153 ,ιιι

2181 5184 2539 5236 asserendnm
2595 5185 2882 5240 catholica:
2921 5186 3182 5242 Ecclesiae
3215 5190 3561 5244 Gennadium
3616 5210 3764 5245 com-

2182 5273 2503 5328 modissinta
2561 5277 2863 5344 videretur,
2921 5293 3064 5344 eam,
3117 5295 3228 5350 quo
3273 5298 3331 5336 se
3382 5283 3612 5336 duceret
3663 5300 3768 5336 non

2181 5368 2317 5420 Satis
2352 5368 2680 5434 pr:c\‘idens,
2732 5379 2956 5426 secutus
2991 5380 3075 5426 cst
3125 5391 3232 5427 non
3280 5377 3388 5429 alio
3429 5376 3554 5439 line,
3608 5392 3768 5444 quam

2184 5474 2253 5512 ne
2304 5460 2507 5529 periret
2542 5463 2842 5518 auctoritas
2881 5465 3364 5536 Apologeticarum
3400 5486 3496 5542 pro
3540 5456 3774 5524 [Vim-cr-

2250 5634 2326 5701 (‘2)
2363 5635 2416 5690 lu
2455 5637 2692 5710 Georgio
2747 5639 3057 5696 Scholario.

557 5804 631 5865 (α)
667 5806 809 5858 l‘rael.
850 5809 908 5858 ad
937 5810 1178 5860 Gennadil
1209 5811 1498 5874 Apologian-
1528 5828 1612 5874 pro
1647 5817 1870 5878 quinque
1899 5817 2144 5880 capitibus
2182 5822 2384 5872 concilii
2423 5824 2716 5877 Florentini.
2759 5829 2944 5888 “etme,
2974 5830 3113 5893 1628,
3156 5834 3215 5881 l‘.
