4462 6450
714 398 816 455 9.7.“)

1777 407 2144 462 tiliNNAllll
2195 410 2301 469 (Ἰν,
2354 407 2868 467 ΓᾹἹῚΗᾹΗΕΙΙΕ

3877 372 3975 461 eis

712 513 822 555 tina
854 505 1062 574 ›)·ιιοι1ιι
1099 509 1430 568 orationum,
1469 526 1588 571 utre
1624 518 1758 562 lauti
1800 530 1904 565 non
1942 527 2080 574 erat,
2120 526 2174 567 ut
2212 529 2290 567 lo-
2327 532 2361 577 Α
2402 519 2474 567 uis

2212 529 2290 567 to-
2327 532 2361 577 Λ
2402 519 2487 567 uis
2525 534 2629 568 non
2677 516 2984 582 usurpavit,
3015 511 3270 580 quamvis
3302 525 3412 563 rem
3449 524 3578 560 voce
3616 509 3971 574 signiﬁcatam

712 608 820 649 tattt
898 598 1106 650 idcirco
1175 601 1566 652 ecclesiasticae
1639 603 1882 656 hismriae
1971 607 2294 658 recentior-is

711 688 910 739 seriem
973 690 1295 741 conturbari
1368 705 1597 744 necesse
1679 693 1840 746 foret.
1930 697 2296 766 (laryopliyllo

710 780 986 846 duplicem
1024 780 1374 834 Geunadiuni
1403 798 1503 834 cur
1542 785 1754 852 primus
1787 788 2114 849 somniaret,
2157 791 2296 841 r.:tio

711 873 860 924 nulla
902 882 1045 932 erat,
1079 875 1184 926 nisi
1221 875 1366 944 quod
1405 876 1476 928 ita
1521 893 1584 927 ex
1620 877 1916 930 collectore
1951 878 2294 932 Bibliotheca:

711 963 937 1015 Patrum
1003 965 1312 1034 lliargarino
1369 968 1569 1034 Bigneo
1623 969 1916 1029 didicerat,
1973 987 2083 1038 quo
2132 986 2294 1025 nemo

710 1056 965 1108 iltlztss‘is‘
1001 1059 1050 1108 ia
1097 1058 1322 1111 ferenda
1367 1061 1433 1112 de.
1469 1071 1716 1114 veterum
1751 1063 1976 1125 scriptis
2019 1064 2292 1116 sententia

709 1146 982 1201 infelicior
1010 1148 1130 1211 fuit,
1160 1165 1222 1201 ex
1257 1149 1589 1203 Bellarmino
1619 1162 1670 1204 et
1713 1152 1857 1212 aliis,
1896 1169 2132 1221 quorum
2187 1156 2295 1206 cri-

708 1244 814 1292 tice.
862 1247 912 1291 in
973 1243 1359 1295 exscribeudis
1419 1244 1652 1296 aliorqu
1707 1248 2122 1300 commentariis
2179 1255 2290 1300 tota

707 1332 1015 1384 constabat.

782 1425 926 1476 Sane
964 1414 1038 1478 ex
1096 1425 1162 1477 iis
1223 1442 1344 1493 qua-
1406 1443 1568 1494 supra
1631 1429 1908 1494 disputata
1966 1439 2114 1491 sunt,
2181 1440 2289 1484 tam

704 1526 922 1570 constat
972 1517 1114 1583 apud
1159 1533 1259 1570 nos
1287 1519 1630 1573 Gennadiqu
1661 1521 2080 1574 schismaticum
2127 1522 2292 1588 perti-

706 1611 1063 1662 nacissimum
1092 1619 1145 1662 et
1178 1610 1447 1664 furiosum
1500 1611 1691 1671 fuisse,
1718 1628 1881 1680 quam
1913 1614 2058 1679 quod
2095 1615 2289 1666 certis-

704 1702 866 1751 sime.
931 1702 1110 1768 Atque
1171 1702 1242 1754 ita
1304 1703 1467 1770 hujus
1522 1703 1772 1756 Homilia:
1821 1718 1984 1771 quam
2051 1705 2287 1764 edimus.

707 1792 882 1857 maior
915 1795 1062 1846 omni
1097 1796 1418 1862 exceptione
1459 1797 1765 1848 auctoritas
1798 1811 1920 1850 esse
1967 1797 2147 1851 debet.
2186 1796 2286 1850 So—

705 1885 819 1935 lent
849 1885 994 1936 enim
1028 1883 1431 1947 Protestantes,
1472 1889 1516 1940 si
1563 1888 1709 1955 quod
1743 1903 1807 1940 cx
1844 1888 2163 1943 Grarcorum
2197 1892 2288 1958 qui

702 1986 829 2028 ante
865 1977 1298 2043 quadringentos
1337 1991 1511 2031 annos
1533 1979 1895 2046 scripserunt,
1926 1980 2081 2035 libris
2133 1982 2290 2035 tesu-

702 2069 946 2120 monium
983 2068 1317 2134 proferatur,
1365 2073 1552 2124 Statim
1591 2073 1909 2134 inclamare,
1945 2073 2088 2142 quod
2126 2072 2292 2127 fuerit

702 2157 915 2210 Latinis
945 2161 1222 2212 addictus.
1253 2162 1372 2225 Qua
1409 2177 1537 2216 vero
1574 2162 1865 2216 rationein
1894 2164 2290 2234 ).a‘ttvo;‘p0vﬂ-

706 2268 844 2311 σεως
894 2253 1268 2325 suspicionem
1331 2257 1514 2308 vocari
1570 2257 1744 2324 possit
1794 2256 2138 2320 Gennadius,
2196 2257 2289 2324 qui

701 2342 924 2398 Latmus
957 2356 1064 2397 t.m
1106 2348 1380 2400 \‘irulcute
1414 2351 1738 2414 insectatur,
1765 2351 1858 2418 qui
1894 2366 1991 2418 pro
2016 2351 2290 2405 luereticis

702 2439 887 2494 habet.
949 2450 1001 2491 et
1043 2441 1169 2493 illos
1220 2442 1285 2493 ad
1341 2445 1789 2496 communionem
1834 2446 2044 2497 admitti
2099 2455 2289 2512 Vetat;

701 2531 790 2597 qui
852 2533 1192 2585 :ulditiout-tn
1253 2538 1516 2603 Sytnholo
1582 2539 1806 2599 iactam,
1875 2537 2291 2604 processionem

699 2624 872 2675 sancti
912 2624 1152 2692 Spiritus
1191 2648 1215 2676 a
1255 2626 1415 2682 Patre
1449 2641 1502 2682 et
1536 2629 1698 2692 Filio,
1736 2631 1963 2699 Azyma,
2016 2632 2287 2700 Purgato-

700 2716 866 2773 rium.
908 2728 961 2771 et
1007 2735 1066 2769 ea
1114 2720 1231 2786 ipsa
1273 2737 1392 2788 qua!
1443 2738 1554 2775 non
1603 2722 1747 2775 inter
1793 2725 2112 2777 necessaria
2166 2726 2290 2778 ﬁdei

697 2810 878 2873 capita
930 2808 1072 2874 apud
1119 2827 1216 2861 nos
1267 2811 1544 2864 habentur
1579 2813 1787 2866 erroris
1842 2827 1935 2866 aut
1985 2815 2290 2881 haereseos,

697 2911 806 2954 Lam
860 2916 1050 2969 aperte
1085 2906 1418 2957 condemnat
1447 2905 1521 2972 (Ι)
1555 2923 1566 2966 ;
1621 2907 1713 2974 qui
1764 2911 2053 2962 anathema
2087 2909 2291 2964 Joanni

699 2992 876 3046 Becco
911 2993 1068 3056 dicit,
1116 3002 1168 3047 et
1208 2998 1748 3066 pseudo-synodum,
1786 2999 1836 3050 iu
1883 3014 1990 3069 qua
2037 3001 2121 3052 Vir
2168 3002 2291 3069 pius

698 3097 750 3138 i-t
811 3088 1002 3142 multis
1060 3090 1382 3144 nominibus
1435 3092 1785 3147 venerandus
1841 3096 2130 3150 damnatus
2183 3107 2288 3160 ρει,

2401 608 2682 669 documit,
2717 617 2772 659 ιιι
2807 606 3342 669 Wirtemhergenses
3371 603 3473 670 ipsi
3502 601 3591 669 qui
3631 602 3760 652 Acta
3795 601 3970 652 edide-

2401 709 2556 759 runt,
2602 712 2729 751 nota
2785 699 2850 750 ad
2908 698 3210 764 marginem
3252 696 3436 748 testati
3484 704 3633 754 sunt,
3678 705 3800 744 nata
3854 692 3976 744 inde

2401 806 2540 841 nova
2590 798 3043 856 argumentorum
3093 802 3274 856 seges,
3310 787 3500 854 inqua
3549 783 3788 837 Thomas
3835 784 3974 836 Sini-

2405 883 2564 934 thens
2603 881 2870 934 Fet-lesim
2911 880 3229 949 Anglicanaa
3287 879 3574 947 theologus
3605 894 3662 932 se
3708 879 3973 930 citem-nit.

2401 975 2659 1027 Edidi-rat
2686 972 3164 1040 Constantinopoli
3198 971 3369 1025 redux
3411 973 3696 1038 epistolam
3733 973 3797 1022 de
3833 972 3973 1022 Cra!-

2400 1085 2589 1122 carnm
2633 1067 3005 1121 Et-clesiarutn
3042 1075 3208 1126 statu,
3261 1065 3312 1117 in
3352 1079 3458 1132 qua
3507 1065 3679 1116 virum
3718 1064 3976 1118 doctissi-

2401 1177 2546 1210 mum
2598 1159 2936 1213 Richardnm
3001 1158 3284 1210 Simonem
3343 1158 3784 1226 impugnaverat,
3831 1158 3978 1224 quod

2399 1253 2452 1305 in
2502 1252 2741 1306 llistoria
2791 1251 2918 1303 fidei
2954 1249 3318 1304 Orientalium
3362 1248 3582 1301 Graecos
3626 1249 3978 1317 prmsentiam

2399 1346 2624 1407 realem,
2663 1353 2714 1398 et
2755 1343 3437 1396 traussubstantialioni-m
3468 1341 3693 1392 credere
3730 1341 3979 1392 ﬁrmissi-

2401 1441 2503 1493 tuis
2543 1438 2892 1505 argumentis
2920 1435 3226 1489 docuisset.
3261 1433 3398 1498 Quia
3437 1450 3566 1487 vero
3594 1434 3876 1486 Smitheus
3908 1435 3976 1485 ita

2396 1541 2669 1586 Statuerat
2690 1531 2923 1597 primum
2957 1537 3048 1580 aut
3073 1527 3420 1581 saltcnt‘inter
3443 1529 3641 1596 primos
3668 1527 3759 1594 qui
3790 1543 3979 1592 μετω-

2399 1624 2642 1680 σιώσεως
2680 1638 2812 1676 voce
2859 1623 2942 1674 usi
2981 1621 3181 1683 forent,
3228 1620 3324 1672 Gal
3351 1621 3537 1672 rielem
3591 1617 3979 1684 l‘liiladelpliize

2398 1717 2802 1783 metropolitani
2846 1714 3039 1779 fuisse,
3088 1713 3354 1767 Gennadii
3393 1712 3773 1765 testimonium
3805 1724 3979 1777 oppo-

2398 1817 2584 1860 suerat
2617 1806 2680 1860 R.
2716 1807 2903 1859 Simon
2940 1821 3001 1858 ex
3041 1805 3188 1857 brevi
3231 1804 3319 1856 illa
3365 1802 3591 1854 honiilia
3626 1816 3789 1869 quam
3826 1799 3979 1869 Syri-

2400 1913 2502 1966 gus
2531 1902 2683 1965 operi
2720 1912 2819 1950 suo
2855 1896 3107 1957 inseruit,
3153 1894 3294 1962 quod
3323 1908 3464 1961 Optls
3496 1908 3522 1942 a
3559 1892 3717 1944 nobis
3752 1904 3977 1958 accepe-

2402 1997 2506 2042 rat.
2563 1989 2845 2042 Smitheus
2896 1988 2949 2040 in
2991 1988 3164 2054 prima
3213 1984 3694 2038 Miscellaueorum
3750 1997 3977 2036 suorum

2398 2082 2668 2146 editione,
2707 2095 2831 2134 cum
2883 2096 2947 2134 ex
2996 2079 3087 2133 illo
3121 2079 3238 2132 solo
3282 2076 3598 2130 testimonio
3642 2083 3808 2128 totam
3850 2090 3979 2127 eva-

2399 2191 2630 2230 nescere
2679 2178 2742 2228 de
2787 2172 3044 2228 Gabriele
3095 2187 3250 2225 Suam
3306 2169 3697 2221 divinationem
3749 2167 3974 2228 rideret,

2396 2268 2670 2325 Gennadii
2727 2283 2867 2334 opus
2919 2275 2979 2318 ut
3012 2264 3406 2331 ὑποϐολιμαίου
3441 2278 3494 2313 se
3512 2262 3734 2330 z‘iptoris
3763 2261 3976 2325 rejecit.

2396 2366 2464 2416 At
2495 2363 2856 2416 doctissimus
2900 2359 3020 2428 ejus
3057 2356 3408 2411 adversarius
3445 2354 3831 2407 dissertatione
3860 2368 3979 2406 ver-

2396 2458 2586 2512 nacola
2609 2456 2686 2526 (2)
2723 2455 2795 2506 De
2811 2454 2914 2521 ﬁde
2947 2451 3198 2505 la'cclesitt’
3225 2449 3508 2503 Orientalis~
3539 2449 3679 2499 circa
3700 2449 3978 2498 transsuit-

2396 2551 2817 2608 stantiationem,
2870 2547 3022 2600 illum
3076 2547 3150 2599 ita
3197 2543 3525 2600 confutavit,
3563 2553 3618 2592 ut
3664 2542 3708 2593 is
3749 2556 3978 2607 respon-

2398 2646 2553 2695 sione
2585 2645 2847 2695 Adversus
2880 2640 3252 2692 cavillationes
3287 2635 3530 2697 Simonii,
3573 2649 3694 2687 nam
3736 2635 3804 2684 ita
3833 2633 3976 2684 illam

2399 2735 2706 2787 inSt-.riherc
2765 2733 2996 2799 placuit,
3027 2732 3160 2783 nihil
3207 2729 3353 2798 quod
3377 2728 3444 2780 ad
3490 2743 3600 2780 rem
3633 2726 3859 2787 faceret,
3897 2740 3977 2778 re-

2398 2827 2689 2895 Sptlntitsse
2741 2836 3098 2894 agnoscatur.

2469 2919 2605 2970 tium
2641 2918 2810 2985 igitur
2850 2916 2902 2968 in
2931 2915 3110 2983 prima
3133 2911 3523 2966 dissertatione
3545 2909 3825 2964 homiliam
3854 2909 3977 2962 bre-

2398 3028 2541 3075 vem,
2597 3018 2689 3063 aut
2733 3009 3044 3077 epistolam,
3094 3007 3138 3060 si
3177 3005 3398 3074 quidem
3443 3005 3564 3058 talis
3611 3005 3778 3056 videri
3813 3004 3976 3056 etiam

2398 3113 2602 3176 potest,
2641 3119 2763 3172 quae
2811 3117 2872 3156 ex
2912 3098 3112 3154 Meletii
3150 3099 3327 3168 Syrigi
3369 3097 3510 3150 libro
3549 3095 3810 3165 producta
3863 3095 3978 3148 fne-

697 3183 958 3248 aniplecti
984 3197 1044 3236 se
1071 3184 1356 3238 multoties
1391 3192 1660 3250 testatur;
1699 3187 1861 3254 cujus
1890 3187 2130 3255 denique
2163 3190 2287 3242 lior—
2319 3201 2365 3261 ο
2400 3209 2507 3257 ται,
2537 3196 2783 3263 .rejicerc
2839 3199 3136 3261 satageret,
3187 3191 3302 3243 hmc
3346 3199 3668 3257 argumenta
3726 3187 3977 3254 protulit,

699 3285 810 3327 tatu
849 3287 896 3328 et
949 3278 1186 3330 consilio
1234 3279 1488 3332 monachi
1537 3289 1590 3333 et
1641 3280 1912 3334 mouiales
1969 3295 1996 3333 a
2045 3298 2292 3336 commu-

697 3370 862 3421 nione.
926 3369 1247 3423 Latinorum
1302 3373 1475 3441 palam
1535 3385 1920 3437 recesserunt,
1985 3392 2036 3432 (ι
2096 3391 2287 3432 sancta

696 3462 861 3514 etiam
899 3463 1188 3531 profanum
1225 3466 1276 3518 in
1306 3467 1526 3520 modum
1555 3469 2064 3532 conettlcaverunt;
2102 3474 2197 3540 ητςί
2235 3475 2286 3527 in

697 3554 862 3608 Marci
903 3557 1126 3626 Ephesii
1173 3561 1336 3611 verba
1365 3562 1597 3628 λιιι-εικῆ.
1627 3565 1834 3632 quique
1872 3571 2046 3632 palam
2080 3567 2291 3634 ιιιιιίιιρ-

698 3662 784 3699 tos
836 3660 919 3701 est
968 3652 1337 3718 ἁκοινιὲινητον
1384 3669 1513 3723 erga
1563 3654 1789 3711 Latinos
1841 3675 2162 3711 mansurum
2207 3674 2287 3726 se,

695 3748 869 3796 donec
910 3743 1151 3795 liomaua
1190 3746 1433 3800 Lcclesia
1468 3756 1544 3800 tot
1576 3749 1838 3813 lia-roses,
1872 3765 2105 3820 quarum
2146 3754 2287 3804 Illam

701 3838 905 3905 ubique
938 3840 1202 3906 postulat,
1255 3838 1592 3906 ahjurasset.
1631 3839 1754 3896 llaec
1781 3845 1951 3912 igitur
1989 3845 2288 3899 refellenda

698 3932 1020 3991 nu-nml-nnt
1063 3931 1534 3996 Ιλτιιιρειίιιιιίιιυε,
1592 3947 1886 4006 antequam
1943 3937 2286 3993 (nunadium

695 4032 758 4077 tle
804 4024 1170 4079 ΕιιεΙιειι-ίδιιςίι
1214 4027 1320 4080 ﬁde
1364 4029 1523 4082 nobis
1561 4030 1942 4084 testimonium
1983 4036 2289 4101 perhiben-

696 4127 800 4168 [t'm
837 4131 901 4167 ex
936 4116 1160 4169 testium
1199 4133 1428 4172 numero
1455 4118 1726 4187 t'cjiciant.
1763 4118 1828 4172 Ut
1865 4130 2046 4175 autem
2082 4123 2133 4175 id
2167 4124 2288 4178 eili-

690 4211 895 4271 ciatur,
952 4225 1059 4261 non
1109 4211 1119 4261 i
1169 4225 1304 4266 anes
1346 4213 1723 4280 conjecturas,
1775 4216 1869 4269 sed
1917 4227 2068 4269 certa
2128 4234 2290 4288 argu-

694 4315 874 4353 menta
904 4303 972 4355 ab
1009 4304 1142 4372 ipsis
1168 4308 1539 4370 postulamus.

763 4399 895 4461 Qua:
924 4414 1054 4451 vero
1093 4418 1153 4452 ex
1200 4401 1408 4452 nostris
1445 4402 1775 4456 auctoribus
1841 4403 1892 4454 in
1941 4406 2286 4457 contrarium

692 4494 973 4545 adducere
1000 4494 1204 4553 solent,
1245 4510 1303 4544 ta
1340 4494 1666 4547 habebimus
1698 4498 1926 4549 omnino
1969 4498 2150 4550 nihili.
2182 4498 2287 4552 Ne.-

690 4602 796 4652 quc
828 4587 974 4638 enim
1005 4587 1048 4639 si
1087 4589 1216 4658 quid
1247 4587 1503 4650 Allatius,
1548 4588 1978 4659 Caryopbyllus,
2008 4592 2286 4646 Arcudius

690 4689 783 4730 :iul
811 4679 900 4731 alii
937 4679 1001 4730 tle
1033 4676 1354 4731 Gl'iL‘CiWIllll
1402 4680 1564 4732 rebus
1599 4681 1974 4747 scripserunt,
2017 4682 2153 4751 legis
2190 4692 2285 4736 aut

687 4774 856 4826 eilicti
897 4773 1152 4842 perpettti
1199 4773 1342 4841 apud
1386 4789 1490 4831 nos
1535 4776 1643 4826 vim
1695 4776 1966 4840 obtinent,
2008 4788 2065 4833 ut
2112 4778 2286 4832 recla-

687 4881 839 4920 mare
885 4883 990 4920 uon
1039 4868 1243 4927 liccat;
1287 4868 1460 4922 multo
1502 4869 1686 4923 minus
1716 4870 1923 4939 scripta
1974 4883 2002 4922 a
2041 4871 2286 4927 sordidis

685 4961 1037 5027 amtoribUs,
1067 4978 1304 5030 quorum
1341 4963 1678 5016 testimoniis
1716 4964 1981 5018 Claudius
2016 4977 2122 5018 tam
2163 4965 2284 5018 inu-

686 5067 699 5107 t
735 5057 856 5109 liter
887 5057 1094 5110 abusus
1136 5069 1236 5117 t'sl,
1285 5070 1339 5110 ut
1385 5059 1700 5112 Orientales
1734 5058 2061 5113 Calvinistis
2087 5059 2287 5126 adjun-

682 5164 862 5219 grtet.
904 5169 1030 5205 cum
1067 5163 1196 5206 ante
1236 5170 1411 5206 annos
1456 5165 1677 5208 centum
1710 5161 1762 5205 et
1791 5153 1978 5209 decem
2011 5152 2285 5206 Luthera-

683 5246 770 5298 nis
827 5245 1451 5316 Wirtembergensibus,
1487 5261 1724 5318 quorum
1774 5248 2124 5302 tolerabilior
2161 5262 2286 5302 scn-

685 5341 858 5393 tentia
893 5350 1035 5405 erat,
1077 5351 1184 5394 tam
1243 5342 1533 5410 perspicue
1569 5341 1969 5407 signiﬁcaverit
2016 5339 2287 5394 Jeremias

682 5435 1030 5502 patriarcha,
1096 5445 1368 5505 quantmn
1427 5436 1516 5489 illa
1575 5436 1679 5489 sibi
1747 5447 1799 5489 et
1859 5436 1958 5489 toti
2023 5435 2289 5489 Ecclesiae

683 5531 952 5586 Urieutali
988 5531 1331 5599 displicer-‘t.

756 5623 958 5679 Verum
994 5627 1122 5695 quia
1154 5623 1426 5678 .Iercmias
1459 5637 1647 5678 vocem
1680 5620 2287 5678 Transsubstantiatim

2327 4559 2367 4613 D

2400 3290 2747 3343 (ii-unadium
2802 3287 2881 3341 ait
2944 3284 3245 3339 Catholicis
3294 3280 3730 3335 addictissitnum
3789 3278 3979 3338 fuisse.

2401 3385 2517 3436 solo
2569 3379 2885 3434 testimonio
2926 3376 3106 3429 Allatii
3147 3385 3200 3427 et
3253 3374 3487 3427 aliorum
3543 3374 3633 3439 qui
3688 3373 3979 3439 Georgium

2401 3476 2751 3530 Sit-oiarium
2785 3482 2838 3525 et
2875 3469 3224 3523 Gennadituu
3257 3465 3531 3534 duplicem
3585 3465 3816 3528 faciunt,
3859 3480 3979 3518 cum

2398 3584 2458 3621 et
2501 3569 2563 3619 iis
2609 3581 2731 3631 qua:
2782 3564 3043 3630 superius
3088 3561 3345 3629 exposita
3378 3567 3537 3620 sunt,
3573 3560 3710 3611 satis
3764 3570 3977 3612 constet

2402 3676 2568 3711 unum
2611 3658 2970 3724 eumdemun
3016 3655 3364 3708 Seliolarium
3419 3661 3472 3705 ct
3528 3653 3713 3705 unioni
3751 3638 3980 3722 promo?

2403 3752 2586 3802 renda"
2646 3753 2864 3803 dedisse.
2916 3762 3138 3816 operam
3187 3761 3311 3799 cum
3365 3753 3507 3798 esset
3561 3743 3874 3806 Florentiar,
3931 3757 3979 3796 ei

2398 3856 2608 3899 ιιιιιιειιςι
2652 3843 2952 3905 umentia,
2990 3839 3376 3896 acerbissimis
3413 3837 3612 3894 deinde
3668 3839 3719 3892 in
3755 3837 3978 3893 Latino:

2397 3939 2539 3990 odiis
2573 3937 2714 4002 apud
2748 3950 2877 3988 suos
2915 3933 3261 3987 inclaruisse.

2468 4033 2626 4083 Aliud
2697 4037 3084 4099 argumentum
3134 4027 3302 4081 sumit
3357 4043 3418 4080 ex
3461 4026 3664 4091 Allatii,
3706 4027 3981 4081 Posseviua

2399 4127 2748 4194 aliorumque
2789 4125 3035 4187 silentio,
3075 4124 3276 4192 quibus
3306 4139 3583 4191 nunquam
3619 4124 3732 4176 hac
3765 4123 3982 4174 humilia

2399 4222 2541 4271 lecta
2572 4219 2695 4282 fuit,
2736 4219 2838 4272 etsi
2874 4218 2964 4270 ille
3011 4217 3326 4285 diligentem
3369 4217 3422 4269 in
3453 4216 3722 4270 Genuadii
3761 4217 3982 4284 scriptis

2399 4311 2802 4378 ini-esugindis
2833 4309 3054 4362 navavit
3088 4322 3336 4376 operam.
3385 4307 3666 4361 Judicium
3715 4309 3785 4360 sit
3819 4323 3983 4374 penes

2397 4422 2493 4460 eos
2519 4405 2612 4473 qui
2639 4404 2974 4455 Allatianum
3010 4401 3248 4454 Iudicem
3284 4416 3408 4454 cum
3456 4410 3647 4453 nostro
3675 4399 3982 4463 conferent,

2398 4517 2466 4553 an
2499 4500 2599 4552 hac
2669 4497 2942 4549 invidiosa
2968 4494 3126 4548 laude
3156 4493 3356 4562 dignus
3403 4494 3476 4546 sit
3504 4493 3752 4545 Allatius.
3791 4490 3983 4545 Posse-

2405 4595 2569 4646 viuus
2597 4593 2785 4644 multis
2819 4589 2945 4642 aliis
2980 4588 3323 4650 nominibus,
3355 4588 3445 4641 sed
3481 4603 3765 4653 nunquam
3799 4602 3825 4638 a
3861 4588 3982 4639 dili-

2397 4684 2583 4753 gentia
2649 4700 2700 4734 .n
2754 4679 3115 4736 recensendis
3181 4678 3509 4732 auctoribus
3569 4677 3826 4729 laudatus
3882 4685 3982 4729 cst.

2396 4774 2535 4839 Quis
2589 4774 2773 4826 omnia
2809 4787 2866 4826 se
2890 4771 3092 4827 vidisse
3165 4769 3366 4822 audeat
3392 4767 3700 4828 venditare,
3733 4767 3837 4819 nisi
3870 4770 3982 4833 qui-

2397 4871 2500 4921 bus
2549 4868 2663 4920 hazt:
2710 4865 2896 4919 studia
2930 4865 3115 4932 ignota
3152 4862 3319 4915 sunt?
3348 4859 3654 4915 llabuimus
3689 4873 3753 4912 ex
3793 4859 3984 4911 biblio-

2400 4965 2560 5015 theca
2592 4961 2757 5028 llegia
2795 4957 2956 5012 codd.
2994 4972 3131 5011 mss.
3170 4956 3262 5022 qtti
3312 4963 3422 5008 tam
3459 4954 3706 5023 proxime
3739 4953 3804 5005 ad
3845 4952 3984 5004 Gen-

2401 5055 2548 5109 nadii
2581 5062 2796 5106 aitatem
2846 5052 3142 5111 accedunt,
3178 5059 3235 5102 ut
3290 5049 3476 5102 statim
3534 5047 3602 5100 ab
3635 5046 3758 5115 ejus
3811 5046 3984 5102 obitu.

2401 5159 2495 5202 aut
2555 5149 2674 5217 ipso
2719 5148 2888 5201 etiam
2928 5144 3227 5215 superstite
3265 5141 3459 5211 scripti
3509 5139 3824 5202 videantur,
3879 5136 3986 5190 imo

2402 5244 2653 5298 nonnulli
2693 5241 2891 5308 ipsius,
2931 5250 2989 5293 ιιι
3026 5255 3132 5291 non
3174 5252 3308 5290 vana
3335 5235 3653 5305 conjectura
3689 5241 3792 5292 est.
3826 5245 3987 5283 manu

2402 5339 2706 5395 emendati.
2747 5337 2804 5388 In
2845 5335 2912 5388 iis
2950 5333 3210 5400 leguntur
3237 5335 3381 5383 inter
3432 5329 3600 5381 multa
3635 5327 3738 5379 alia
3775 5325 3982 5393 Episto-

2402 5434 2465 5488 la:
2499 5445 2550 5486 et
2585 5430 2878 5484 tlratiOnes
2917 5443 3056 5495 quas
3085 5425 3402 5479 Gennadius
3451 5437 3574 5475 cum
3627 5422 3679 5474 in
3711 5431 3984 5472 monaste-

2400 5527 2538 5578 rium
2589 5541 2646 5577 se
2696 5523 2984 5591 reciperet,
3026 5531 3078 5572 et
3112 5534 3232 5570 cutn
3276 5514 3700 5583 patriarchalem
3745 5513 3986 5580 dignita-

2402 5631 2507 5673 tem
2554 5619 2860 5681 abdicaret,
2899 5615 3146 5686 scripsit,
3194 5627 3318 5684 qua:
3367 5621 3537 5666 tctam
3591 5609 3656 5662 de
3689 5605 3986 5661 Genu-adii:

755 5823 830 5889 (ll
865 5819 1033 5886 Epist.
1066 5817 1128 5870 ad
1166 5815 1460 5889 llaxiinum
1486 5824 1539 5868 et
1575 5814 1876 5870 monachos
1915 5812 2052 5868 alios
2078 5809 2277 5866 Montis
2323 5809 2473 5872 Sina,
2508 5828 2610 5867 tur.

750 5886 828 5963 (‘2)
867 5895 956 5947 lid.
999 5891 1224 5945 LutJi-a:
1266 5886 1418 5940 1087.
