4462 6450
492 412 598 471 217

1987 412 1991 416 ’
2040 409 2237 467 'l'i'l‘A.

3657 400 3763 457 ιω

494 528 709 577 duobus
764 523 1198 589 disputationem
1243 529 1522 573 evertunt.
1580 518 1746 587 Negcl
1800 520 2074 588 quispiam
2112 533 2151 582 Λ
2183 533 2329 574 esset
2361 520 2553 572 doctor
2586 518 2865 585 Evangelii
2912 518 2963 567 in
3018 513 3267 567 Ecclesia
3299 509 3761 571 Constantinopo-

495 615 732 681 genuina
768 614 879 665 lucc
911 627 1053 669 esse.
1097 612 1320 665 habebit
1357 610 1503 664 idem
1547 611 1600 662 in
1637 610 1817 664 Allatii
1850 612 2072 665 silentio

497 707 837 774 praesidium.

570 796 827 860 Quotidie
859 811 925 848 ex
974 795 1436 849 bibliothecarum
1487 792 1680 848 forulis
1730 796 1898 849 multa
1947 796 2077 851 doc-

498 888 731 942 tissimis
762 886 898 940 viris
955 885 1229 954 incognita
1271 899 1587 939 eruuntur:
1642 902 1819 954 neque
1876 889 2074 941 mirum

497 991 715 1034 exstare
748 983 799 1033 iu
837 980 1162 1044 Gallicanis,
1192 983 1337 1048 quod
1364 983 1418 1035 in
1450 980 1718 1035 Romanis
1752 999 1859 1037 non
1894 997 2078 1038 exsta-

501 1075 614 1128 bat.
650 1073 872 1143 Regiam
922 1074 1196 1129 Vaticanze
1231 1076 1469 1128 conterri
1505 1091 1614 1130 non
1652 1076 1757 1130 l‘ert
1792 1076 2079 1132 Smilheus

498 1183 654 1236 a'quo
680 1167 867 1220 at-itno
902 1182 915 1218 :
960 1182 1059 1220 cur
1093 1169 1354 1221 tandem?
1387 1166 1521 1222 Nam
1576 1170 1707 1239 quid
1765 1186 1861 1223 sua
1914 1171 2084 1225 refert

499 1277 621 1327 qua!
655 1260 871 1313 illarum
904 1260 1071 1314 ditior
1108 1262 1220 1314 sit?
1252 1259 1454 1327 Nempe
1486 1269 1542 1313 ut
1569 1276 1632 1315 ex
1668 1260 1942 1315 Vaticana:
1967 1262 2085 1315 lau-

501 1356 666 1408 dibus
721 1355 884 1421 regite
941 1353 1272 1407 invidiosam
1336 1354 1711 1423 suspicionem
1776 1350 2096 1423 comparet,

502 1446 663 1509 quasi
689 1444 834 1512 quod
876 1445 927 1496 iu
954 1444 1122 1497 altera
1157 1445 1334 1509 deest,
1374 1446 1425 1497 in
1453 1447 1555 1497 alia
1584 1462 1708 1500 esse
1736 1462 1844 1501 non
1872 1448 2085 1512 possit;

504 1548 599 1592 aut
628 1539 671 1591 si
715 1537 1044 1606 reperiatur.
1075 1538 1270 1590 debeat
1296 1538 1668 1593 adulterinum
1692 1538 1958 1606 judicari.

566 1631 721 1680 Hanc
743 1644 865 1680 vero
898 1628 1199 1685 humilium.
1231 1630 1409 1696 inquit
1435 1627 1744 1690 Sinitheus.
1776 1646 1881 1683 non
1916 1631 1969 1683 in
2003 1645 2088 1683 co-

503 1718 706 1773 dicibus
753 1717 929 1788 Regia:
981 1718 1329 1777 biblietltecm.
1384 1720 1475 1773 sed
1524 1724 1667 1789 apud
1701 1720 1769 1774 ι).
1832 1722 2090 1775 Burdelo-

506 1813 636 1864 tium
667 1822 882 1865 exstare
907 1810 1045 1862 dixit
1087 1810 1386 1869 Simonius.
1423 1813 1614 1881 frigide
1649 1814 1863 1883 quidem
1904 1823 1953 1868 et
1996 1816 2065 1869 ad

2182 611 2349 662 litana
2387 628 2397 660 :
2437 610 2525 676 qui
2564 590 2773 678 synodo
2820 621 2886 658 an
2952 604 3088 657 1658
3129 601 3233 655 sub
3272 601 3476 668 (lyr-illo
3512 596 3763 649 Berrhuu

2181 702 2299 755 ensi
2336 702 2601 755 adversus
2650 699 2913 769 Cyrillum
2965 695 3199 749 Lucarin
3242 692 3442 744 habita:
3494 688 3765 744 interluit,

2183 803 2235 845 et
2264 809 2382 846 eam
2415 792 2819 860 subscriptione
2854 787 3135 841 ﬁrmavit:
3170 784 3262 853 qui
3296 798 3320 835 ι)
3354 781 3651 836 Parthenio
3684 794 3768 832 se-

2185 889 2341 939 niore
2399 884 2712 953 patriarcha
2777 878 3395 947 Constantinopolitauo
3452 876 3504 926 in
3555 871 3767 924 Moldo-

2186 976 2467 1029 Blachiam
2524 975 2749 1039 missus,
2790 974 3031 1029 decretis
3066 972 3332 1025 adversus
3367 967 3615 1037 ejusdem
3656 964 3767 1016 Lu-

2187 1070 2334 1122 caris
2365 1068 2788 1122 Confessionem
2828 1065 3139 1121 scribendis
3189 1062 3362 1116 adiurit
3402 1078 3415 1113 :
3470 1070 3584 1112 tum
3616 1075 3676 1109 ea
3714 1064 3769 1107 ut

2187 1162 2607 1231 patriarchalem
2689 1160 3159 1213 conﬁrmationem
3216 1156 3577 1223 accipereut,
3624 1151 3773 1205 (Jon-

2189 1251 2588 1318 stantinopulin
2619 1250 2744 1303 tulit
2779 1267 2792 1302 :
2822 1251 2916 1313 qui
2952 1251 3093 1302 inter
3116 1248 3253 1301 alios
3278 1260 3471 1299 omnes
3493 1243 3777 1308 theologos

2192 1344 2259 1397 ab
2289 1343 2480 1396 eodem
2523 1341 2843 1411 designatus
2881 1351 2987 1404 est,
3038 1349 3097 1393 ut
3134 1339 3498 1393 orthodoxam
3534 1334 3771 1390 (‘onles-

2193 1435 2428 1498 sionem,
2477 1449 2600 1502 qua:
2633 1434 2813 1503 primo
2863 1433 2929 1487 ad
2983 1430 3347 1485 Russicarum
3403 1428 3776 1482 Ecclesiarum

2194 1542 2353 1582 usum
2387 1525 2695 1594 composita
2735 1524 2937 1587 fuerat,
2981 1532 3293 1577 recenseret
3324 1535 3375 1575 et
3409 1521 3737 1588 expenderet
3766 1540 3775 1568 :

2194 1634 2317 1688 qua:
2349 1618 2551 1672 deinde
2583 1617 2751 1670 totius
2789 1616 2994 1671 Graeca:
3034 1616 3297 1668 Ecclesia:
3341 1628 3613 1689 consensu
3665 1622 3781 1663 tan-

2196 1722 2362 1778 quam
2393 1708 2707 1763 communis
2736 1707 2857 1761 ﬁdei
2897 1706 3185 1760 verissima
3227 1706 3502 1774 expositio
3536 1703 3784 1771 probata,

2196 1808 2250 1854 et
2277 1799 2363 1853 bis
2390 1798 2555 1863 edita,
2586 1806 2855 1852 tractatur
2877 1797 3198 1852 Grmeorum
3226 1797 3474 1849 onmium
3506 1778 3780 1848 manibus.

505 1902 719 1957 modum
777 1918 1005 1970 parce...
1070 1902 1228 1955 titulo
1306 1877 1539 1958 Ιρηηέίιεξυ
1607 1877 1812 1959 (dum...
1876 1908 2083 1963 αάάεςο,
2123 1877 2251 1945 BSi
2319 1891 2435 1945 hace
2486 1890 2965 1960 ConStantinopoli
3039 1889 3328 1944 Smitheus
3394 1903 3501 1942 non
3566 1887 3783 1952 didicit,

508 1994 691 2065 Neque
717 1998 858 2050 enim
890 2012 957 2049 an
990 1996 1217 2062 singula:
1264 1996 1454 2049 Irarum
1508 1996 1855 2053 Itomiliarum
1903 1993 2089 2056 nomen

505 2089 771 2145 Gennadii
796 2100 1050 2159 tanquam
1084 2092 1191 2146 veri
1224 2092 1463 2145 auctoris
1497 2094 1857 2160 prartulerint,
1892 2110 1983 2159 per
2015 2097 2091 2158 ip-

503 2200 622 2236 rnm
655 2186 794 2238 scire
842 2184 991 2238 nobis
1023 2184 1164 2240 licet.
1216 2188 1294 2239 An
1344 2202 1449 2240 non
1491 2185 1670 2240 debuit
1716 2187 1809 2241 ille
1860 2188 2091 2241 codicem

504 2276 656 2332 illum
692 2293 800 2329 una
834 2293 953 2330 cum
992 2288 1305 2331 cmtera'um
1357 2276 1719 2331 Homilinrum
1758 2280 1931 2333 titulis
1979 2296 2090 2334 sus-

504 2372 729 2438 picionis
764 2387 827 2424 ne
857 2373 1140 2441 quisquam
1175 2373 1437 2439 impostor
1482 2374 1688 2442 vafritie
1734 2390 1836 2427 non
1872 2376 2092 2428 insolita

506 2479 691 2516 nomen
742 2461 1005 2516 Cennadii
1055 2462 1192 2530 forte
1218 2465 1497 2517 ementitus
1561 2465 1723 2533 fuerit
1791 2467 2096 2520 amovenda?

505 2574 673 2610 causa
729 2559 1039 2612 accuratius
1100 2568 1148 2612 et
1201 2559 1490 2628 specialius
1546 2560 1890 2615 describere?
1942 2558 2095 2626 Nun:

506 2666 671 2719 quam
714 2650 1019 2705 Burdelotii
1067 2651 1353 2707 Simonius
1393 2654 1668 2718 meminit,
1715 2662 1810 2709 aut
1851 2655 2096 2709 codicem

504 2749 647 2816 apud
680 2763 804 2801 eum
828 2755 1049 2805 exstare
1092 2749 1255 2802 dixit.
1287 2747 1428 2814 Quid
1465 2748 1533 2803 sit
1564 2749 1759 2819 frigide
1818 2760 1909 2803 aut
1939 2766 2100 2817 parce

508 2839 759 2894 codicem
807 2840 1101 2907 designare
1159 2854 1266 2892 non
1328 2840 1464 2893 satis
1511 2841 1787 2911 capimus.
1837 2841 1918 2894 An
1954 2842 2099 2908 quod

506 2933 737 2985 nimium
785 2933 941 2987 multi
992 2933 1218 2993 faciunt.
1254 2936 1651 2989 verbesissime
1683 2935 2100 2997 commendare.

504 3034 555 3079 et
580 3026 781 3094 saepius
810 3041 1005 3095 parum
1042 3026 1281 3081 ﬁdeliter
1304 3026 1487 3091 ‘lQuut
1520 3028 1666 3081 cnim
1690 3037 1815 3081 sunt
1844 3027 1934 3097 qui
1968 3027 2101 3079 ἁπό-

504 3134 697 3185 γραφα
728 3132 825 3171 sua
873 3132 1017 3186 saepe
1053 3117 1473 3172 mendosissima
1509 3133 1644 3173 mss.
1684 3118 1936 3173 codicum
1979 3116 2099 3169 loco

2196 1984 2356 2052 culpa
2391 1984 2566 2054 ipsius
2602 1994 2726 2047 est;
2763 1983 2858 2037 sed
2886 1984 3071 2036 editus
3104 1990 3208 2044 est,
3240 1990 3300 2034 ut
3326 1974 3567 2033 Vinetus
3588 1979 3654 2032 ad
3691 1995 3787 2031 nos

2198 2075 2464 2143 scriptum
2508 2090 2683 2144 nuper
2730 2074 2856 2138 fuit,
2894 2074 3035 2128 liber
3090 2072 3208 2141 ipse
3255 2071 3464 2125 Meletii
3525 2071 3787 2124 adversus

2198 2168 2390 2239 Cyrilli
2432 2166 2875 2233 Confessionem,
2926 2173 2978 2219 et
3033 2164 3181 2217 illius
3234 2174 3495 2231 tanquam
3548 2162 3679 2216 editi
3736 2163 3788 2215 in

2200 2263 2471 2318 Moldavia
2510 2261 2763 2316 meminit
2791 2258 2991 2314 Petrus
3018 2258 3251 2313 Allixius
3289 2258 3371 2311 vir
3406 2257 3787 2311 doctissimus.

2201 2358 2274 2412 Ea
2312 2371 2477 2425 porro
2523 2355 2697 2409 editio
2737 2370 2861 2409 cum
2914 2351 3234 2407 Graecorum
3282 2366 3449 2420 opera
3495 2350 3790 2421 prodierit.

2203 2467 2309 2505 non
2359 2460 2444 2505 est
2485 2451 2597 2519 jam
2634 2448 2783 2501 ullus
2815 2446 3084 2501 adversus
3132 2443 3333 2497 Meletii
3395 2443 3576 2514 Syrigi
3634 2442 3793 2495 ﬁdem

2202 2542 2508 2608 suspicioni
2543 2542 2721 2595 locus.
2747 2539 2867 2593 Non
2903 2541 3048 2594 enim
3080 2538 3448 2591 tenebrionum
3479 2546 3527 2589 et
3559 2536 3795 2605 partium

2204 2637 2396 2690 studiis
2428 2635 2925 2688 addictissimorum
2973 2631 3271 2694 hominum,
3313 2630 3409 2683 sed
3464 2643 3655 2680 eorum
3704 2632 3796 2693 qui

2207 2729 2260 2783 in
2296 2729 2442 2783 clara
2474 2728 2741 2783 Ecclesiae
2776 2725 2981 2781 Graecae
3023 2726 3165 2784 luce,
3200 2722 3464 2776 doctrina:
3498 2731 3549 2774 cl
3582 2721 3799 2787 pietatis

2208 2820 2373 2875 laude
2412 2820 2747 2884 ﬂoruerunt,
2781 2818 2988 2885 scripta
3028 2817 3133 2871 huc
3170 2830 3346 2884 usque
3386 2811 3523 2869 Jasii
3560 2822 3653 2866 aut
3694 2810 3799 2864 Bu-

2207 2915 2484 2970 ehorestae
2510 2927 2717 2968 excusa
2752 2922 2900 2969 sunt.

2278 3008 2437 3074 Quod
2469 3022 2634 3076 porro
2662 3020 2767 3061 nos
2800 3021 2867 3059 ex
2904 3005 3059 3060 libris
3095 3002 3416 3066 didicimus,
3451 3000 3493 3055 si
3526 2999 3800 3053 Constat:-

2210 3101 2436 3170 tinopoli
2472 3100 2753 3156 Smitbeus
2791 3114 2897 3153 non
2932 3098 3162 3158 audivit,
3212 3104 3400 3149 nostra
3436 3082 3749 3149 non‘relert
3787 3113 3797 3143 ;

507 3210 901 3275 laudaverunt,
938 3212 1083 3280 quod
1132 3212 1226 3280 qui
1262 3213 1404 3281 apud
1442 3227 1543 3267 nos
1586 3210 1811 3275 faceret,
1863 3226 1971 3265 non
2012 3212 2094 3264 in-
2127 3211 2169 3268 ο
2207 3194 2302 3249 sed
2330 3192 2662 3246 Parthenius
2694 3201 2749 3246 et
2774 3190 3069 3261 Dionysius
3117 3187 3445 3281 patriarcha:
3477 3185 3799 3281 Constanti-

504 3314 689 3360 tactus
727 3315 879 3359 esset
916 3320 943 3357 a
976 3305 1163 3359 sibilo.

576 3401 762 3454 Codex
813 3399 951 3467 ipse,
990 3404 1049 3450 ut
1096 3398 1495 3465 iudicaverunt
1530 3397 1631 3450 viri
1684 3397 1737 3450 in
1769 3397 2101 3464 antiquitate

504 3488 1208 3563 tlra‘caexercitatissimi.
1245 3489 1373 3541 talis
1405 3499 1510 3552 est,
1548 3498 1607 3543 ut
1650 3490 1717 3543 de
1754 3490 1874 3557 ejus
1912 3490 2105 3543 αὐθενο-

508 3587 599 3653 τίᾳ
634 3598 797 3637 nemo
834 3593 1032 3651 prmter
1066 3597 1161 3635 eos
1203 3582 1294 3646 qui
1334 3581 1489 3634 illum
1527 3597 1634 3635 non
1686 3582 1963 3645 viderunt,
1997 3583 2103 3634 du-

508 3677 783 3731 bitaverit.
866 3675 1072 3728 "abuit
1121 3674 1274 3727 illam
1313 3671 1623 3729 Nointelius
1660 3690 1688 3729 a
1742 3673 2102 3743 Pauagiotte;

507 3786 607 3823 uos
635 3787 659 3820 π
688 3768 990 3822 Nointelio.
1021 3766 1132 3821 Cur
1159 3782 1326 3834 porro
1346 3768 1413 3821 de
1440 3766 1759 3837 suspicione
1791 3765 2102 3821 amolienda

508 3862 805 3927 quisquam
865 3860 1162 3929 cogitaret,
1219 3874 1342 3927 qua:
1396 3861 1519 3913 sine
1569 3875 1781 3914 summa
1829 3860 2103 3913 calumnia

509 3954 742 4019 cogitari
797 3954 966 4008 multa
1019 3954 1242 4022 posset?
1295 3952 1490 4007 Exstat
1526 3952 1753 4005 humilia
1804 3968 1928 4006 eum
1984 3953 2107 4005 aliis

510 4046 783 4099 Gennadii
814 4045 990 4113 operil
1018 4059 1105 4107 us,
1151 4059 1272 4110 qum
1302 4044 1621 4097 certissime
1654 4045 1803 4097 illius
1841 4060 1963 4098 esse
1998 4060 2103 4097 non

511 4138 676 4191 modo
714 4139 1014 4191 multorum
1072 4137 1325 4190 codicum
1372 4151 1711 4200 consensus,
1755 4137 1846 4191 sed
1885 4136 2108 4190 Gra‘co-

510 4246 631 4284 rum
688 4230 1009 4285 testimonia
1068 4229 1422 4283 conﬁrmant.
1471 4227 1527 4283 In
1588 4244 1649 4282 ea
1707 4245 1866 4297 quam
1923 4230 2110 4283 laudnt

510 4324 767 4378 Heli-tius
799 4323 1057 4392 Syrigus,
1086 4323 1318 4377 alterius
1342 4338 1505 4392 quam
1540 4322 1795 4376 edimus:
1826 4323 1879 4374 in
1906 4323 2111 4389 infelici

511 4412 740 4479 palatio,
781 4427 968 4464 coram
1024 4411 1363 4479 imperatore
1408 4421 1461 4464 et
1495 4419 1688 4465 senatu
1744 4412 2110 4479 pronuntiabo

472 4500 821 4561 ,auctoritas
855 4499 1160 4554 stabilitur.
1217 4499 1427 4553 Laudat
1489 4515 1607 4553 eam
1663 4499 1966 4554 Callinicus
2018 4515 2112 4568 pa—

2209 3285 2535 3355 nopolitani,
2562 3283 2850 3338 Nectarius
2881 3294 2931 3335 et
2970 3282 3267 3335 Dositheus
3296 3277 3799 3347 llierosolytnitani.

2206 3388 2259 3432 ct
2293 3377 2383 3431 alii
2423 3377 2517 3445 qui
2570 3376 2938 3430 orthodoxam
2988 3372 3415 3428 Confessionem
3473 3372 3802 3425 teStitnoniis

2210 3470 2330 3524 suis
2355 3477 2717 3531 ornaverunt,
2747 3475 2802 3520 et
2827 3467 3087 3521 omnibus
3119 3465 3238 3519 suis
3267 3475 3527 3533 tanquam
3565 3462 3690 3517 ﬁdei
3715 3479 3802 3516 re-

2208 3563 2391 3632 gulam
2424 3560 2973 3622 commendaxerunt,
3012 3566 3182 3612 testes
3235 3564 3333 3610 hoe
3371 3560 3423 3609 in
3474 3567 3801 3621 argumento

2211 3653 2603 3722 locupletiores
2627 3652 2877 3707 Smitlteo
2912 3668 3037 3705 esse
3076 3666 3238 3704 nemo
3271 3665 3377 3704 non
3408 3650 3688 3703 fatebitur.

2284 3744 2511 3796 Miratur
2542 3743 2819 3812 quomodo
2857 3743 3005 3797 illius
3055 3742 3295 3795 homilia?
3346 3757 3455 3793 non
3490 3740 3804 3794 meminerit

2210 3838 2479 3892 Jeremias
2537 3836 2857 3908 patriarcha
2944 3836 3213 3889 adversus
3264 3832 3843 3901 Wirtcmbergenses.

2213 3932 2483 3992 scribens,
2528 3940 2692 3999 atque
2744 3944 2944 3983 novum
2976 3929 3103 3983 inde
3154 3936 3536 3996 argumentum
3572 3925 3649 3977 illi
3702 3924 3804 3976 n'a-

2212 4027 2403 4087 st'iltlt‘,
2436 4040 2547 4093 quo
2576 4024 2891 4091 suspicione
2918 4042 2943 4073 n
2985 4024 3292 4077 conﬁrmet.
3322 4023 3387 4073 At
3416 4035 3542 4074 cum
3577 4020 3643 4071 de
3679 4033 3808 4086 pro-

2214 4122 2465 4173 cessione
2499 4116 2743 4185 Spiritus
2772 4118 2946 4168 sancti
3005 4123 3114 4167 tam
3163 4114 3281 4167 fuse
3330 4119 3523 4166 contra
3582 4110 3805 4164 eosdem

2214 4213 2551 4280 disputaret,
2580 4214 2644 4263 de
2692 4208 2907 4277 prolixo
2935 4207 3180 4277 ejusdem
3217 4203 3487 4258 Gennadii
3540 4204 3809 4256 adversus

2220 4305 2446 4358 Latinos
2498 4320 2661 4372 opere
2706 4307 2857 4357 circa
2911 4301 3161 4354 eamdem
3221 4299 3512 4366 theologia:
3569 4307 3806 4364 partem,

2218 4399 2448 4451 verbum
2501 4413 2611 4451 non
2667 4397 2818 4462 fecit,
2859 4405 2918 4450 ut
2962 4410 3139 4462 neque
3196 4392 3447 4447 meminit
3506 4392 3806 4443 multorum

2221 4492 2456 4545 aliorum
2494 4508 2556 4545 ex
2587 4493 2796 4547 Grarcia
2857 4491 3274 4557 theologorum,
3331 4499 3569 4555 quorum
3609 4485 3809 4551 scripta

514 4591 755 4645 triarcha
805 4590 1465 4659 ConstantinOpolitanus
1514 4608 1580 4645 ex
1614 4594 2024 4648 recentioribus
2055 4594 2110 4648 in
2144 4556 2192 4616 θ
2221 4600 2276 4638 νε

2055 4594 2110 4648 in
2144 4556 2192 4616 θ
2221 4584 2301 4638 vel
2338 4585 2483 4639 edita
2514 4594 2662 4647 sunt,
2701 4587 2784 4636 vel
2841 4582 2895 4635 iu
2952 4578 3307 4635 DibliOthCiS
3357 4585 3672 4631 servantur.
3711 4576 3809 4637 Qui

513 4688 777 4757 synodica
809 4701 933 4751 sua,
970 4695 1024 4741 et
1059 4685 1148 4739 alii
1184 4701 1388 4756 magno
1420 4700 1678 4740 numero.

590 4778 693 4833 Sed
734 4777 1011 4831 Meletium
1062 4778 1318 4848 Syrigtuu
1358 4779 1575 4848 repellit
1631 4777 2112 4831 Miscellancorum

512 4881 710 4927 auctor
763 4880 1030 4941 tanquam
1089 4869 1399 4924 Gra’culum
1458 4870 1846 4935 tenebrioncm,
1882 4869 2114 4935 partium

513 4963 706 5019 studiis
753 4962 1206 5023 addictissimum,
1263 4961 1444 5014 Roma:
1476 5002 1489 5023 ,
1520 4963 1626 5015 nisi
1676 4963 1887 5028 fallitur
1930 4961 2115 5029 (vehe-

516 5061 731 5104 menter
766 5062 951 5103 autem
992 5051 1223 5119 fallitur)
1260 5052 1571 5104 educatum.
1612 5054 1680 5105 At
1712 5068 1874 5106 nemo
1909 5052 2114 5109 fortas-

516 5146 599 5198 sis
654 5146 794 5199 inter
845 5142 1066 5198 Graecos
1116 5146 1459 5200 recentiores
1507 5146 1702 5214 majori
1765 5146 2033 5199 doctrina:
2064 5155 2117 5201 et

515 5239 832 5310 ὀρθοδοξῐας
858 5238 1024 5293 laude
1052 5239 1264 5301 ﬂoruit,
1295 5238 1720 5293 commendatus
1753 5240 1968 5292 Scilicet
2002 5250 2115 5292 tum

517 5337 590 5389 ah
621 5334 808 5402 eoqni
843 5341 976 5390 ante
1022 5348 1233 5404 paucos
1268 5349 1448 5389 annos
1501 5334 1990 5404 Constantinopoli
2035 5350 2121 5389 se-

518 5428 691 5482 debat
721 5427 1024 5491 Callinico,
1071 5442 1098 5478 a
1135 5425 1424 5496 Dionysio.
1455 5422 1794 5482 Parthenio:
1832 5434 1946 5479 tum
1982 5425 2120 5479 Nec-

519 5527 773 5577 tario'et
836 5520 1101 5575 Dositheo
1166 5518 1692 5591 Hierosolymitanis
1752 5520 2115 5587 patriam-bis,

517 5611 684 5681 Cujus
716 5627 855 5680 opus
883 5610 1156 5667 adversus
1184 5610 1376 5683 Cyrilli
1420 5612 1658 5679 capitula
1692 5615 1759 5665 ab
1783 5627 1931 5665 anno
1964 5611 2117 5672 1640,

520 5718 633 5766 quo
664 5702 973 5770 perlectum
1002 5701 1131 5767 fuit,
1164 5703 1271 5757 huc
1313 5721 1489 5773 usque
1518 5705 1822 5768 laudatum,
1853 5720 1917 5757 ne
1955 5703 2118 5757 levis-

523 5792 665 5848 sima
702 5793 922 5863 quidem
965 5808 1204 5848 censura
1245 5796 1597 5865 perstrinxit.

612 5888 986 5943 Tencbrionem
1031 5904 1195 5945 nemo
1230 5907 1471 5962 unquam
1514 5889 1803 5961 appellavit
1852 5906 1996 5955 cum,
2031 5889 2120 5958 qui

2216 4694 2281 4732 ex
2318 4687 2426 4730 tam
2461 4678 2562 4731 levi
2595 4676 2914 4744 conjectura
2957 4687 3121 4742 opera
3161 4671 3487 4724 auctoribus
3525 4668 3810 4736 abjndica-

2219 4780 2322 4835 ret,
2359 4770 2631 4824 ridiculus
2676 4758 2858 4823 foretf
2888 4765 3099 4831 Nempe
3154 4763 3417 4817 tnOtissct
3467 4761 3815 4815 Ltllllcralltts

2219 4862 2490 4917 Genuadii
2515 4861 2838 4922 auctoritas,
2862 4859 3070 4928 quibus
3093 4856 3392 4925 exprobrat
3423 4854 3635 4908 ultimis
3670 4854 3813 4905 litte-

2220 4956 2299 5010 ris
2349 4954 2644 5020 Jeremias,
2703 4954 2848 5023 quod
2907 4961 3229 5007 sanctorum
3280 4949 3507 5003 Patrum
3570 4956 3813 5001 veterum

2222 5050 2583 5103 auctoritates
2612 5048 2840 5115 insuper
2867 5046 3153 5099 haberent.

2295 5140 2440 5195 Nihil
2491 5156 2712 5210 quoque
2760 5153 2885 5194 esse
2932 5139 2985 5190 in
3042 5138 3209 5191 tomis
3264 5135 3531 5189 adversus
3586 5132 3815 5185 Latium

2223 5234 2439 5286 duobus
2483 5232 2626 5301 quod
2688 5231 2926 5285 homilire
2976 5228 3211 5283 similent
3263 5227 3575 5280 doctrinam
3618 5239 3817 5290 reprae-

2224 5334 2425 5388 sentet,
2459 5340 2548 5380 res
2600 5322 2938 5394 suspicionis
2969 5322 3125 5392 plena
3158 5319 3409 5373 Smillieo
3447 5319 3683 5371 videtur.
3720 5316 3820 5368 Μι-

2224 5432 2344 5470 rutu
2377 5416 2566 5486 potius
2592 5425 2645 5469 et
2686 5423 2934 5469 [nonstro
2988 5410 3169 5465 simile.
3212 5410 3428 5472 fuisset,
3470 5406 3817 5463 Geuttadiuui

2227 5510 2294 5564 de
2323 5509 2567 5578 Spiritus
2594 5507 2765 5563 sancti
2812 5505 3166 5577 processione
3211 5504 3603 5566 disserentem,
3645 5500 3821 5567 deque.

2226 5603 2350 5657 aliis
2405 5603 2549 5657 inter
2604 5616 2737 5655 suos
2782 5598 3123 5667 Latinosque
3188 5596 3607 5659 controversiis,
3642 5595 3821 5649 alieno

2231 5700 2391 5762 plane
2439 5696 2490 5747 in
2547 5695 2667 5748 loco
2716 5695 2783 5749 dc
2838 5692 3202 5747 Eucliarislia:
3247 5692 3347 5745 ﬁde
3380 5690 3721 5759 disputasse,
3756 5687 3822 5741 de

2228 5806 2336 5854 qua
2368 5790 2513 5843 inter
2566 5797 2835 5857 utres-quc
2872 5785 3175 5855 perfectam
3230 5785 3649 5851 tiOllellSiUthlli
3700 5797 3822 5836 esse.

2232 5900 2339 5940 non
2395 5882 2705 5956 ignorabat.
2744 5881 3095 5953 Disputatum
3126 5888 3248 5934 crat
3305 5886 3507 5933 acriter
3542 5874 3842 5935 Ferraritaz.
