4462 6450
716 410 824 474 279

1778 413 2158 471 ΟΕΝΝᾹῘΗΙ
2207 415 2319 471 Ci‘.
2359 416 2870 475 l‘ATlflAlltllle

3881 384 3984 486 aiio

712 535 768 579 et
805 521 1096 576 Florentize
1148 521 1291 573 inter
1323 518 1549 573 Latinos
1599 531 1652 574 et
1701 522 1941 585 ϐιαιως,
1997 524 2294 589 μιιιδρτιίιιι
2325 517 2375 576 Δ
2405 523 2643 594 Liturgia
2697 529 3026 591 celebrantur,
3083 529 3426 584 circumlatio
3476 534 3628 598 panis
3677 541 3730 584 et
3776 535 3978 595 calli-is,

714 614 782 666 de.
813 615 1057 680 szmis.
1092 611 1322 663 materia
1364 610 1575 663 scilicet
1611 611 1662 662 in
1709 627 1813 678 qua
1851 613 2162 664 celebratur
2193 614 2299 664 liu-

709 705 985 758 Cllal'lSllﬂ‘.
1012 709 1421 754 sacramentum
1446 718 1457 764 ;
1481 701 1637 753 cedat
1675 701 1956 756 Smithcus
1987 704 2067 756 vel
2105 713 2296 755 aucto-

711 813 824 849 rem
877 797 1126 848 Graecum
1183 810 1348 846 unum
1374 795 1574 864 (neque
1604 795 1937 864 Sylveslrum
1966 797 2296 866 Syropulum

708 887 1151 957 excipimus)qui
1184 887 1407 941 Latinos
1453 901 1483 939 a
1528 885 1734 941 Grazcis
1779 887 1847 941 de
1892 888 2080 957 aliquo
2108 903 2300 942 errore

709 981 857 1034 circa
891 979 1256 1035 Eucharistiae
1288 981 1445 1033 [idem
1494 980 1843 1033 insimulatos
1876 992 2292 1034 commemoret.

706 1073 916 1126 Contra
945 1087 1070 1127 cum
1115 1071 1363 1131 Bohemi,
1401 1071 1646 1124 eamdem
1695 1087 1866 1140 prope
1909 1089 2074 1140 quam
2110 1071 2300 1126 Refor-

709 1164 866 1224 mati,
899 1163 964 1217 de
1009 1163 1202 1217 eodem
1251 1173 1600 1216 sacramento
1645 1161 1957 1230 Opinionem
2014 1163 2296 1227 baberent,

706 1257 890 1309 videat
931 1255 983 1310 in
1015 1256 1192 1324 ipsius
1218 1255 1473 1324 Syropuli
1509 1255 1830 1307 narratione
1859 1270 2020 1322 quam
2058 1258 2299 1322 graviter

708 1349 884 1403 Graeci
920 1347 1331 1416 tulerint,quod
1369 1348 1421 1398 in
1453 1347 1626 1414 prima
1659 1345 1863 1398 decreti
1904 1346 1969 1398 ad
1997 1346 2297 1398 concilium

707 1439 1100 1493 celebrandum
1138 1439 1374 1491 formula
1408 1436 1663 1491 Bohemis
1722 1437 2021 1503 comparati
2061 1437 2294 1504 quadam

702 1531 915 1583 ration:
976 1531 1234 1593 fuissent,
1273 1543 1411 1598 quos
1472 1529 1651 1581 multis
1685 1538 1734 1581 et
1786 1530 2024 1595 pessimi:
2083 1528 2299 1581 heresi-

703 1623 796 1674 bur
832 1622 1081 1675 laborare
1139 1621 1533 1690 agnoscebant.
1570 1620 1724 1684 Quod
1762 1620 1925 1687 igitur
1971 1635 2079 1672 non
2133 1618 2298 1671 modo

704 1710 754 1762 in
789 1711 1009 1764 duobus
1049 1710 1158 1764 illis
1208 1710 1582 1763 voluminibus
1632 1719 1824 1763 contra
1873 1708 2122 1772 Latinos,
2155 1725 2298 1778 quos

701 1801 985 1856 Smithcus
1021 1817 1303 1871 nunquam
1336 1803 1492 1862 vidit,
1519 1812 1632 1856 tum
1663 1802 1714 1855 in
1749 1803 1934 1857 multis
1957 1804 2078 1856 aliis
2101 1804 2297 1857 adver-

700 1910 796 1946 sus
837 1909 934 1948 eos
961 1896 1205 1962 scriptis,
1239 1909 1476 1962 quorum
1505 1895 1741 1947 indicem
1771 1895 2044 1960 dabimus,
2075 1896 2207 1948 nihil
2230 1897 2294 1950 de

701 1982 1063 2037 Eucharistize
1087 1985 1482 2038 controversiis
1537 1985 1866 2054 reperiatur,
1920 1986 2292 2039 certissimum

701 2078 928 2146 integra:
952 2078 1100 2131 circa
1134 2075 1284 2131 illum
1326 2079 1628 2133 articulum
1656 2078 1965 2132 concordiae
2004 2094 2292 2150 argumen—

700 2179 814 2226 lum
863 2181 1008 2223 erat.

777 2263 1005 2324 Verum,
1046 2273 1258 2338 tantum
1304 2265 1465 2318 abest
1506 2275 1563 2318 ut
1621 2266 1727 2318 vim
1796 2267 1948 2322 illius
2011 2269 2296 2337 agnoverit

701 2355 1184 2410 Miscellancorum
1225 2367 1445 2419 auctor,
1479 2359 1612 2410 nihil
1658 2369 1710 2411 ut
1761 2361 1937 2425 potius
1964 2363 2159 2429 duplici
2194 2379 2293 2418 sua

701 2450 1098 2505 Dissertatione
1149 2452 1438 2518 designare
1506 2453 1781 2515 videatur,
1848 2469 2013 2522 quam
2069 2472 2290 2510 causam

702 2543 1038 2612 suspiciOuis
1065 2545 1332 2597 adversus
1378 2544 1722 2598 Gennadium
1753 2555 1806 2600 et
1833 2546 1953 2614 ejus
1985 2547 2292 2611 bomiliam,

702 2635 757 2687 in
808 2649 867 2687 ea
907 2651 1014 2687 non
1072 2637 1475 2689 sententiarum
1526 2638 1709 2697 modo,
1756 2637 1852 2691 sed
1891 2638 2055 2692 etiam
2099 2656 2290 2694 vocum

702 2726 1087 2781 conformitate
1121 2729 1350 2782 subesse
1387 2729 1789 2797 gravissimam.
1833 2730 2035 2800 Nempe
2067 2734 2293 2787 siClau-

702 2821 792 2872 dio
818 2819 1224 2874 Carentoniano
1253 2821 1585 2875 credendum
1619 2831 1741 2888 est;
1774 2839 1948 2891 neque
2008 2826 2153 2878 enim
2209 2829 2292 2879 ul.-

703 2915 812 2967 Ium
846 2911 1123 2968 Smithcus
1158 2932 1220 2967 ex
1249 2914 1479 2978 Gt‘ﬂ'cia,
1531 2916 1613 2969 vel
1647 2931 1712 2970 ex
1751 2917 2120 2972 Orientalibus
2170 2935 2293 2988 pro-

702 3006 924 3069 vinciis,
963 3007 1130 3058 alium
1167 3006 1326 3073 hujus
1366 3007 1623 3074 paradoxi
1647 3019 1926 3062 auctorem
1959 3009 2141 3073 habet,
2166 3026 2289 3064 cum

703 3102 868 3155 realis
903 3101 1227 3180 pra‘senlim,
1265 3101 1436 3154 multo
1459 3102 1629 3171 magis
1656 3104 2290 3158 transsubstautiatiouis

2405 628 2698 684 antequam
2737 631 3154 682 consecrentur,
3191 630 3245 674 et
3276 637 3465 676 eorum
3493 625 3774 677 veneratio
3804 641 3866 677 ex
3901 629 3951 676 t'n

2406 719 2528 762 tura
2611 726 2736 763 mox
2804 715 3282 766 consecratione:
3329 716 3733 769 communionis
3802 718 3958 771 distri

2403 800 2630 854 buenda:
2650 800 2823 855 forma
2849 818 2866 862 :
2885 806 3274 871 particularum
3294 811 3638 862 conservatio
3655 810 3721 861 ad
3740 808 3980 861 infirmo-

2413 907 2534 944 rum
2572 892 2858 958 viaticum,
2904 894 3076 950 Missa
3135 899 3735 965 praesanctiﬁcatorum,
3779 911 3831 953 et
3872 911 3981 953 tam

2407 985 2580 1038 multa
2613 986 2717 1039 alia
2750 995 2899 1040 certa
2951 986 3197 1056 ejusdem
3263 989 3384 1044 ﬁdei
3457 1002 3776 1060 argumenta
3833 1004 3982 1057 sunt,

2405 1077 2554 1130 unde
2587 1079 2856 1147 quidquid
2887 1079 3065 1135 simile
3097 1084 3426 1138 occurrebat
3463 1084 3516 1138 in
3553 1083 3745 1139 Latina
3795 1087 3980 1151 missa,

2403 1172 2588 1225 statim
2623 1170 2997 1228 Protestantcs
3029 1175 3392 1230 sustulerunt.

2475 1261 2640 1326 Quasi
2683 1269 2864 1315 tamen
2908 1264 2977 1318 de
3016 1279 3074 1318 re
3105 1268 3290 1319 minus
3318 1282 3482 1336 quam
3509 1267 3578 1320 de
3614 1283 3744 1321 voce
3798 1285 3984 1338 agerc-

2404 1363 2512 1413 tur,
2549 1352 2656 1407 nisi
2701 1355 3374 1412 transsubstantiationem
3440 1374 3702 1427 expresse
3733 1365 3984 1414 nomina-

2407 1444 2582 1498 verint
2612 1443 2811 1509 Graeci,
2845 1457 2991 1502 vetat
3021 1448 3303 1506 Smithcus
3330 1452 3648 1506 existimare
3686 1454 3983 1522 quidquam

2403 1551 2501 1591 eos
2541 1537 2609 1591 de
2643 1540 2781 1593 reali
2823 1541 3293 1610 substantialique
3330 1548 3791 1598 transmutatione
3836 1545 3987 1609 cogi-

2405 1638 2574 1683 tasse.
2609 1629 2747 1694 Quia
2800 1631 2971 1697 igitur
3004 1631 3269 1686 Claudius
3304 1633 3376 1686 ita
3415 1644 3703 1696 statuerat,
3755 1634 3984 1688 Gabrieo

2405 1720 2508 1773 lem
2543 1719 3083 1789 Philadelphiensem
3115 1724 3349 1791 primttm
3388 1725 3558 1778 fuisse
3593 1739 3619 1776 a
3654 1740 3762 1793 quo
3799 1743 3986 1792 μετουι

2337 1851 2379 1905 Β
2412 1813 2655 1873 σιώσεως
2685 1822 2947 1881 usurpata
2973 1829 3072 1868 vox
3100 1814 3316 1878 fuisset,
3344 1815 3624 1871 Smithcus
3647 1818 3876 1882 primum
3895 1828 3989 1871 aut

2409 1902 2546 1954 inter
2585 1905 2818 1969 primos;
2853 1905 3123 1959 Gennadii
3182 1921 3314 1960 vero
3376 1907 3750 1961 teSIimonium
3802 1923 3988 1963 omnes

2403 1994 2552 2049 illius
2594 1996 2840 2051 rationes
2869 1998 3168 2058 evertebat,
3200 1999 3614 2067 supposititium
3651 2001 3806 2053 illum
3848 2001 3989 2054 scri-

2402 2097 2766 2157 ptoremcsse
2821 2089 3010 2156 jussit.
3046 2089 3234 2158 Neque
3286 2092 3432 2144 enim
3489 2092 3595 2145 alia
3647 2092 3839 2160 judicii
3878 2101 3988 2144 tam

2402 2179 2704 2248 prmcipitis
2757 2181 2898 2234 ratio
2935 2182 3230 2250 quaerenda
3252 2194 3354 2242 est,
3385 2197 3509 2236 cum
3544 2198 3608 2236 ex
3640 2182 3842 2253 duplici
3873 2185 3990 2254 ejus

2398 2273 2665 2340 opusculo
2712 2288 2839 2328 eum
2884 2274 2952 2329 de
2990 2275 3279 2330 Gennadio
3313 2276 3445 2329 nihil
3490 2278 3717 2332 omnino
3763 2279 3988 2333 scivisse

2397 2375 2592 2431 prreter
2659 2381 2830 2434 pauca
2882 2382 2984 2421 nec
3032 2384 3160 2421 vera
3204 2383 3326 2434 qua:
3355 2385 3420 2423 ex
3451 2370 3649 2423 Allatio
3697 2369 3986 2434 didicerat,

2398 2457 2747 2511 manifestum
2772 2459 2890 2512 sit:
2935 2459 3138 2535 quibus
3193 2461 3236 2514 si
3291 2463 3416 2528 quis
3466 2463 3797 2528 acquieseat,
3842 2462 3989 2515 illius

2397 2565 2502 2602 non
2545 2561 2629 2604 est
2669 2550 2737 2605 de
2767 2551 3053 2604 Gennadio
3090 2562 3184 2606 aut
3214 2553 3359 2606 illius
3404 2555 3662 2621 operibus
3692 2553 3832 2606 ferre
3865 2571 3989 2607 st-u-

2396 2640 2648 2694 tentiam.
2675 2641 2816 2694 Nihil
2838 2655 2971 2710 ergo
2993 2641 3464 2696 Miscellaneorum
3489 2654 3767 2697 amtorem
3795 2647 3991 2710 movit,

2397 2740 2456 2785 ut
2494 2733 2771 2785 bomiliam
2806 2733 2994 2786 falsam
3041 2734 3313 2797 iudicaret
3347 2752 3360 2788 :
3407 2734 3880 2804 Gennadinmqne,
3943 2737 3988 2788 si

2397 2836 2589 2877 auctor
2613 2825 2758 2877 illius
2788 2825 2948 2889 foret,
2993 2825 3296 2879 Latinismo
3319 2828 3613 2891 imbutum,
3653 2843 3811 2892 quam
3843 2844 3990 2880 men-

2395 2917 2686 2970 dacissima
2727 2916 2814 2970 illa
2852 2915 3150 2970 Claudiana
3190 2916 3526 2986 bypotbesis,
3559 2933 3678 2987 qua:
3707 2919 3982 2971 neminem

2395 3011 2645 3065 Graecum
2687 3012 2991 3080 legitimum
3027 3015 3298 3080 agnoscit,
3335 3013 3439 3067 nisi
3495 3014 3589 3080 qui
3643 3015 3986 3082 prtesentiam

2402 3105 2606 3159 realem
2640 3114 2695 3158 et
2739 3104 3417 3158 transsubstantiationem
3457 3104 3685 3171 rejiciat.

701 3194 896 3259 dogma
943 3204 997 3247 et
1049 3208 1246 3245 nomen
1299 3193 1556 3248 omnilms
1612 3195 1665 3248 in
1699 3195 1923 3250 Oriente
1957 3195 2291 3252 Christianis
2317 3183 2361 3246 C
2466 3197 2641 3262 Quam
2678 3211 2844 3264 porro
2871 3195 3008 3250 l‘alsa
3043 3196 3134 3248 illa
3170 3194 3334 3257 foret,
3363 3211 3424 3249 ex
3452 3195 3992 3266 Gabrielel’hiladel-

701 3296 944 3350 ignotum
982 3285 1085 3337 huc
1129 3299 1300 3352 usque
1358 3283 1542 3349 fuerit,
1606 3287 1700 3354 qui
1755 3295 2051 3357 utrumque
2090 3288 2291 3342 admit-

702 3389 844 3439 timt,
881 3377 1296 3445 pseudo-Graeci
1332 3385 1460 3431 sunt
1496 3387 1550 3431 et
1581 3380 1997 3449 Λατινόφρονες.
2035 3380 2146 3436 lloc
2179 3381 2224 3437 si
2259 3397 2287 3434 a

702 3470 930 3521 (Ilaudio
960 3470 1396 3524 demonstratum
1442 3470 1722 3525 Smithcus
1763 3473 2062 3539 existimat,
2101 3485 2286 3526 utnon

704 3579 813 3615 ouo
855 3563 975 3616 loco
1005 3563 1141 3616 satis
1173 3563 1522 3630 s'guilicavit,
1559 3579 1656 3617 nos
1688 3564 1884 3631 potiori
1919 3565 2064 3632 jure,
2099 3580 2166 3619 ne
2197 3581 2289 3617 ve-

703 3655 991 3709 risimilem
1028 3655 1249 3723 quidem
1302 3657 1674 3722 conjecturam
1711 3673 1833 3709 euut
1873 3658 2126 3711 attulisse
2162 3673 2288 3725 pro-

705 3752 892 3802 batum
925 3750 1127 3803 invicte
1156 3765 1183 3802 a
1220 3747 1427 3802 nostris
1460 3748 1725 3816 theologis
1749 3750 2150 3802 existimamus.
2183 3748 2291 3804 Res
2329 3736 2332 3737 ν

707 3861 758 3894 ιιι
803 3839 986 3897 medio
1021 3843 1378 3911 relinquatur,
1411 3852 1460 3894 nt
1492 3841 1542 3893 in
1592 3842 1862 3908 ejusmodi
1892 3843 2295 3911 qua-stionibus

705 3937 820 3990 lieri
889 3935 1100 3991 debet:
1136 3951 1201 3991 ne
1252 3937 1514 4004 syllabam
1570 3937 1788 4004 quidem
1848 3935 2049 3990 habent
2107 3938 2295 3989 Prote-

704 4040 940 4092 stantcs,
1003 4046 1107 4100 qua
1157 4031 1375 4099 probari
1423 4029 1724 4085 Claudiana
1780 4045 2014 4084 censura
2071 4034 2291 4100 possit:

706 4137 817 4180 tota
858 4127 1002 4180 enim
1041 4135 1488 4195 argumentorum
1523 4125 1602 4177 vis
1633 4125 1684 4177 in
1720 4123 1821 4176 hoc
1857 4140 1962 4178 uno
1988 4125 2110 4186 erit,
2147 4125 2293 4191 quod

705 4220 876 4273 εἴκει-ἰ
917 4228 969 4273 et
1004 4219 1310 4272 doctrinam
1349 4227 1402 4271 et
1439 4234 1623 4272 vocem
1656 4227 1781 4271 ante
1814 4218 2085 4271 Gabrielis
2119 4217 2298 4270 Phila.

705 4313 1051 4382 tlt'iplliClISlS
1096 4313 1457 4380 ructu-epulitae
1521 4321 1764 4378 tempora
1826 4327 1931 4363 non
1995 4325 2296 4379 usurpave-

710 4419 857 4459 runt.
896 4407 1089 4459 Sciunt
1143 4421 1308 4471 porro
1358 4420 1550 4457 omnes
1609 4413 1874 4472 quantum
1927 4406 1977 4456 iu
2025 4404 2297 4457 similibus

707 4503 1101 4555 controversiis
1155 4499 1298 4552 fallat
1353 4514 1494 4566 sa'pe
1544 4509 1924 4565 argumentum
1977 4495 2103 4548 tllttd
2153 4493 2296 4558 quod
2336 4537 2378 4591 β

705 4606 903 4650 voeant
951 4594 1288 4661 negativum.
1336 4590 1491 4656 Quod
1537 4592 1581 4645 si
1629 4589 1866 4656 alicujus
1904 4590 2160 4641 momenti
2192 4598 2298 4651 est,

706 4704 763 4744 ut
797 4706 928 4743 sane
959 4704 1104 4757 smpc
1145 4703 1269 4740 cum
1310 4685 1521 4755 judicio
1564 4693 1741 4753 potest
1771 4681 2042 4740 adhiberi,
2078 4696 2143 4730 eo
2169 4695 2300 4746 quo-

704 4802 810 4849 que
857 4795 1074 4836 utemur
1114 4780 1392 4841 catholici,
1423 4777 1518 4832 sed
1561 4775 1783 4831 certiori
1839 4783 1892 4827 et
1950 4774 2296 4827 evidentiori.

705 4879 836 4930 Nam
870 4892 992 4928 eum
1042 4882 1259 4928 exstent
1292 4872 1607 4924 Graecorum
1653 4871 1915 4922 adversus
1972 4867 2193 4920 Latinos
2238 4866 2301 4918 li-

705 4973 785 5023 bri
827 4982 932 5021 tam
970 4970 1099 5021 editi
1145 4981 1307 5032 quam
1368 4981 1497 5018 mss.
1562 4979 1758 5029 magno
1806 4975 2054 5024 numero,
2087 4966 2301 5012 exstent

702 5073 820 5114 aeta
862 5070 914 5114 et
960 5068 1314 5112 monumenta
1358 5070 1538 5107 rerum
1579 5054 1642 5104 a.|
1690 5052 2040 5104 concerdiam
2094 5065 2293 5118 procn—

703 5156 932 5208 randam
980 5155 1121 5205 inter
1181 5160 1446 5218 utrosque
1511 5156 1814 5216 gestarum,
1875 5144 2011 5199 nihil
2057 5144 2301 5199 oecurrit

703 5249 844 5301 unde
880 5246 958 5298 vel
1000 5244 1224 5297 Latinos
1255 5258 1279 5292 a
1311 5239 1517 5294 Graecis
1566 5246 1857 5290 accusatos
1885 5249 2004 5289 esse
2057 5241 2297 5295 constet,

701 5343 847 5409 quod
898 5334 1578 5393 traussubstantiationeni
1611 5333 1902 5395 docerent;
1938 5337 2030 5382 aut
2068 5343 2095 5380 tt
2158 5326 2301 5380 Lati-

703 5438 786 5490 nis
817 5435 1059 5488 Graecos.
1091 5439 1232 5500 quot
1265 5430 1414 5481 illam
1453 5428 1764 5497 rejicerent.

771 5528 996 5581 Accedit
1035 5526 1138 5580 alia
1191 5539 1403 5592 magnae
1431 5521 1778 5575 auctoritatis
1807 5518 2062 5589 probatio
2097 5532 2159 5571 cx
2184 5515 2300 5568 dis-

704 5623 899 5690 eiplina
927 5621 1266 5683 Graicoruttt,
1310 5633 1428 5685 quae
1455 5633 1560 5670 non
1593 5616 1705 5669 heri
1749 5622 1845 5667 aut
1871 5611 2298 5666 ntulitts~tertius

705 5725 945 5777 inventa,
978 5715 1070 5768 sed
1109 5729 1138 5766 a
1181 5712 1366 5766 multis
1393 5711 1606 5764 saeculis
1640 5709 1742 5762 huc
1773 5723 1949 5775 usque
1982 5706 2294 5764 observata,

705 5808 970 5875 ejusmodi
1008 5816 1111 5870 est,
1147 5815 1204 5859 ut
1242 5807 1448 5874 absque
1489 5802 1649 5858 realis
1678 5798 2157 5855 transmutationis
2191 5797 2295 5848 lide

706 5903 1005 5959 consistete
1067 5910 1318 5964 neutteat.
1370 5899 1502 5953 Nam
1568 5899 1704 5952 ritus
1750 5904 1801 5951 ct
1846 5907 2034 5955 preces
2083 5889 2284 5952 quibus

2403 3290 2622 3359 phiensi
2655 3289 2792 3343 satis
2826 3288 3008 3342 fuerat
3041 3288 3505 3342 demonstratum.
3534 3287 3708 3341 Lai-va
3769 3291 3854 3341 ille
3883 3293 3990 3357 pri-

2403 3396 2549 3435 mum
2583 3379 2814 3434 Claudio
2847 3379 2968 3443 fuit,
3009 3380 3256 3446 liberque
3311 3380 3540 3433 lictitius
3581 3398 3593 3434 :
3656 3382 3726 3432 ita
3787 3385 3989 3449 quippe

2406 3474 2691 3528 videbatur
2713 3471 2920 3525 homini
2990 3472 3219 3524 minime
3264 3470 3475 3532 Graico,
3525 3485 3580 3522 ut
3629 3471 3990 3522 admiratores

2400 3566 2519 3634 ejus
2552 3582 2749 3633 negare
2781 3581 2888 3618 non
2917 3573 3165 3633 possunt.
3201 3562 3496 3630 Supererat
3532 3561 3806 3615 seuunlus
3837 3573 3994 3613 artus

2404 3662 2621 3722 labulze,
2666 3669 2726 3712 ut
2766 3659 2977 3726 primus
3010 3659 3104 3724 qui
3141 3671 3331 3709 vocem
3366 3655 3994 3708 lransaubslanliulimtts

2407 3757 2753 3819 usurpasset,
2790 3747 3013 3802 Gabriel
3041 3746 3184 3800 foret
3229 3764 3239 3798 :
3279 3760 3400 3798 mox
3456 3760 3565 3798 non
3634 3749 3834 3810 primus
3902 3755 3995 3795 aut

2407 3848 2543 3900 inter
2571 3845 2790 3912 primos.
2827 3842 3013 3895 Fidem
3049 3843 3297 3893 omnium
3325 3840 3668 3908 appellamus
3702 3855 3796 3906 qui
3851 3838 3994 3889 (1m;-

2409 3956 2505 3994 cos
2536 3947 2794 3991 auctores
2828 3936 3101 4004 legerunt,
3138 3950 3205 3987 an
3241 3935 3409 3987 ullum
3445 3934 3773 4002 repererint,
3808 3932 3898 4000 qui
3934 3947 3999 3983 eo

2409 4029 2630 4083 nomine
2663 4025 2968 4080 Gabrielem
2999 4023 3303 4076 laudaverit
3335 4021 3811 4079 autaceusaverit,
3852 4019 3998 4085 quod

2412 4124 2614 4192 primus
2642 4129 2733 4173 aut
2768 4119 2908 4171 inter
2944 4117 3144 4183 primo:
3173 4130 3361 4169 vocem
3389 4125 3614 4168 eatenus
3681 4113 3998 4164 inusitatam

2414 4212 2673 4283 mysterio
2693 4209 3054 4264 Enebaristite
3079 4207 3409 4276 explicando
3432 4205 3767 4258 adhibuerit.
3797 4205 3861 4253 At
3885 4209 4002 4253 erat

2413 4322 2545 4360 sane
2568 4301 3002 4359 locuslaudandi
3034 4299 3180 4353 illius
3233 4295 3453 4351 Meletio
3504 4295 3719 4365 Syrigu,
3776 4307 3902 4344 cum
3937 4292 4003 4345 de

2414 4396 2833 4465 μετουσιώσεως
2876 4407 3011 4446 voce
3067 4391 3403 4457 disputaret,
3453 4387 3830 4454 fatereturque
3881 4401 4000 4438 eam

2411 4491 2601 4558 primis
2631 4487 2893 4541 Ecclesiae,
2921 4485 3246 4538 doctoribus
3285 4491 3609 4547 usurpatam
3652 4495 3761 4530 non
3813 4478 4004 4536 fuisse,

2413 4584 2507 4640 sed
2540 4600 2566 4636 a
2599 4581 3002 4651 posterioribus
3040 4585 3190 4630 recte
3259 4578 3326 4629 ad
3385 4574 3547 4627 [idem
3611 4571 4000 4640 explicandam

2414 4685 2603 4747 postea
2656 4672 2980 4725 adhibitam.

2485 4769 2618 4820 Cum
2651 4765 2818 4832 igitur
2843 4759 3113 4815 Gennadii
3150 4756 3466 4812 testimonio
3486 4762 3825 4807 everteretur
3851 4769 4004 4821 pror-

2411 4876 2503 4913 sus
2537 4858 2767 4913 Smithei
2803 4855 3117 4923 conjectura
3149 4870 3162 4911 ;
3196 4866 3320 4904 nam
3356 4865 3420 4901 ex
3453 4864 3520 4902 eo
3569 4847 3857 4901 constabat
3900 4864 4005 4898 non

2412 4966 2536 5007 ante
2565 4963 2786 5006 centum
2820 4963 3018 5008 annos,
3048 4945 3144 5000 srd
3205 4955 3425 4996 centum
3489 4950 3542 4994 et
3583 4938 3865 5008 sexaginta
3916 4947 4006 4987 aut

2414 5047 2652 5112 amplius
2697 5057 2886 5095 vocem
2925 5054 3042 5090 eam
3089 5043 3435 5103 usurpatam,
3469 5048 3578 5085 non
3608 5047 3671 5083 ex
3712 5029 4006 5082 falsissima

2415 5138 2728 5210 bypothesi,
2764 5134 2954 5189 saltem
2988 5131 3142 5184 valde
3215 5128 3405 5189 dubia,
3471 5135 3524 5178 et
3591 5122 4007 5192 probationibus

2411 5232 2696 5290 destituta,
2746 5221 3110 5282 convellenda
3154 5229 3272 5274 erat
3332 5217 3602 5273 Gennadii
3659 5214 4006 5276 auctori-'as;

2411 5322 2503 5379 sed
2530 5339 2594 5376 ex
2616 5320 2933 5374 Graecorum
2975 5314 3199 5369 testium
3241 5309 3367 5370 ﬁde,
3399 5323 3540 5374 quos
3571 5319 3728 5358 nemo
3750 5304 3925 5355 audiri
3955 5303 4007 5354 iii

2412 5417 2576 5471 rebus
2602 5415 2720 5470 suis
2760 5411 2960 5466 debere
2995 5405 3278 5476 negaverit
3314 5410 3446 5456 :aut
3474 5400 3666 5455 saltem
3697 5398 3826 5450 illud
3856 5397 4007 5450 evin-

2409 5509 2641 5563 cendum
2668 5507 2930 5572 etdogma
2961 5509 3012 5556 et
3042 5514 3232 5553 vocem
3260 5499 3326 5550 ab
3352 5495 3488 5563 ipsis
3509 5493 3710 5562 pariter
3734 5488 4005 5558 ignorari.

2412 5604 2465 5658 S'.
2501 5600 2764 5656 Cvrillum
2789 5597 3023 5649 Lutarin
3055 5591 3382 5661 excipimus,
3405 5588 3587 5640 nullus
3605 5585 3827 5639 Graecus
3851 5583 3996 5634 theo-

2412 5665 2568 5765 logus
2603 5703 2656 5744 et
2684 5703 2871 5743 vocem
2906 5698 2957 5741 et
3010 5686 3207 5754 dogma
3279 5696 3386 5733 non
3443 5677 3715 5748 probavit.
3781 5673 4002 5728 Gabriel

2409 5789 2771 5853 Meletiusqne
2795 5783 3022 5851 Syrigus
3041 5778 3334 5832 laudantur
3357 5773 3424 5826 ab
3443 5772 3718 5835 omnibus,
3742 5780 4001 5837 tanquam

2408 5884 2518 5940 veri
2586 5894 2773 5944 enecti:
2827 5875 3091 5932 doctrina:
3145 5870 3433 5928 interpres.
3489 5866 3725 5926 (Ivrilius
3775 5863 3992 5923 iudiciis
