4462 6450
504 403 603 462 281

2025 415 2226 473 \'l'l'.-\.

3673 399 3780 460 282

503 518 862 584 synodalibus
891 520 1184 570 damnatus
1218 528 1302 572 est
1331 539 1342 572 :
1384 521 1617 575 refutata
1646 522 1712 576 ab
1743 527 1934 578 eodem
1975 526 2075 594 Sy-
2109 534 2150 588 Α
2183 531 2536 591 imperatore,
2567 525 2839 592 episcOpis
2878 532 2932 576 et
2964 530 3178 581 senatu,
3207 528 3324 572 erat
3373 518 3548 572 adhuc
3606 533 3778 572 δείξειν

503 608 622 672 rigo
647 607 748 658 fuit
782 607 928 659 illius
973 607 1332 662 Calvinistica
1375 611 1664 665 Confessio
1699 632 1712 667 :
1781 625 1834 668 ct
1887 623 2079 667 contra

503 694 617 748 haec
660 697 971 748 testimonia
1007 713 1127 764 qure
1153 699 1304 752 Actis
1331 710 1384 752 et
1415 699 1875 758 Confessionibus
1897 704 2082 758 multis

502 802 565 840 ex
603 786 826 840 Oriente
853 789 1037 841 missis
1062 793 1391 843 confirmata
1427 802 1580 854 sunt,
1602 794 2081 863 audetquisquam

502 878 852 945 conjecturas
879 881 1227 934 inanissitnas
1262 898 1557 951 opponere.

577 969 788 1022 Primus
845 983 935 1023 aut
965 974 1103 1024 inter
1141 977 1361 1040 primos,
1391 978 1434 1029 si
1492 976 1739 1032 Stoilheo
1787 978 2080 1043 credimus,

504 1054 723 1110 Gabriel
758 1055 1256 1127 Philadelphiensis
1288 1063 1955 1123 Transsubstantiationis
1993 1085 2087 1122 νου

501 1165 618 1203 cem
658 1153 959 1216 usurpavit.
982 1168 1128 1206 anno
1163 1154 1318 1219 1600,
1351 1171 1461 1224 quo
1493 1157 1710 1210 libellus
1765 1160 1913 1212 illius
1967 1160 2076 1212 edio

503 1252 589 1294 tus
615 1256 719 1297 est.
749 1244 852 1297 Sed
879 1244 1125 1299 Melctius
1154 1249 1299 1314 l’iga,
1325 1251 1637 1314 patriarcha
1680 1252 2084 1307 Alexandrinus

505 1337 555 1388 in
588 1337 831 1404 epistolis
855 1354 984 1391 ann.
1038 1340 1175 1392 1595
1207 1349 1261 1393 et
1308 1341 1467 1403 1:391,
1518 1357 1634 1394 eam
1692 1358 1877 1405 vocem
1929 1345 2086 1397 adhi-

505 1431 724 1487 buerat.
760 1431 993 1498 ejusque
1024 1447 1247 1484 sensum
1281 1441 1335 1484 ct
1407 1443 1774 1488 consectauea
1828 1428 2098 1504 accurate

503 1522 900 1590 explicaverat,
939 1523 1192 1577 indicans
1226 1525 1387 1576 simul
1436 1533 1702 1580 tractatus
1767 1527 1906 1581 alios
1957 1545 2087 1583 suos

503 1611 794 1678 inquibus
871 1615 1046 1665 fusius
1101 1614 1169 1666 de
1229 1617 1421 1668 eodem
1481 1628 1810 1683 argumento
1874 1620 2083 1685 pridem

502 1705 863 1756 disseruerat.
898 1704 1186 1757 Latinismi
1214 1716 1508 1773 su5pectus
1538 1723 1660 1760 esse
1698 1724 1805 1760 non
1880 1719 2082 1774 potest,

503 1811 665 1862 quem
700 1795 944 1864 impense
968 1796 1236 1862 Georgius
1270 1796 1448 1850 Douza
1500 1809 1553 1852 et
1576 1798 1666 1850 alii
1712 1798 2086 1854 l’rotestantes

2187 617 2320 671 laris
2364 636 2375 670 :
2425 632 2585 670 nctno
2619 607 2802 669 autem
2846 613 3219 680 suspicabitur
3247 611 3314 664 ab
3349 612 3584 671 homine,
3617 611 3780 662 docto

2185 711 2426 779 quidem,
2452 709 2544 762 sed
2584 709 2747 771 laico,
2787 709 3029 774 ignotam
3088 719 3185 757 nec
3210 719 3309 756 usu
3372 702 3671 756 stahilitaui
3724 705 3774 754 in

2184 799 2446 867 mysterio
2471 795 2802 864 explicando
2839 809 3027 846 vocem
3062 793 3320 859 usurpari
3343 791 3780 858 potuisse,nullo

2184 886 2572 956 episcoporum
2609 891 2704 934 aut
2743 882 3125 946 theologorum
3165 877 3525 931 reclamante.

2259 977 2364 1031 Sed
2406 976 2731 1036 Callinicus,
2759 973 3053 1027 Dositheus
3085 980 3139 1024 et
3171 970 3261 1022 alii
3299 969 3471 1021 Grzeei
3507 967 3782 1019 antistites

2197 1078 2361 1123 erunt
2393 1067 2640 1121 Smilheo
2670 1067 3072 1132 Λατινόφρονες
3143 1061 3266 1114 novi
3325 1061 3541 1113 scilicet
3584 1067 3638 1112 et
3674 1060 3782 1110 huc

2186 1175 2364 1229 usque
2396 1159 2564 1227 ignoti
2587 1159 2848 1226 gcneris;
2887 1171 3010 1208 nam
3041 1171 3164 1206 cum
3210 1168 3273 1207 ea
3352 1168 3455 1207 vox
3525 1149 3778 1217 usurpari

2187 1253 2370 1319 cmpit,
2406 1253 2585 1305 nullos
2620 1252 2756 1303 alios
2791 1264 2954 1317 quam
2985 1248 3078 1315 qui
3148 1247 3446 1301 stabililam
3492 1243 3784 1297 Florentia:

2191 1345 2311 1398 ﬁdei
2342 1343 2722 1397 Delinitionem
2751 1341 3252 1409 amplectebantur,
3289 1337 3636 1404 designabat.
3679 1331 3783 1384 Ve-

2189 1453 2308 1490 rum
2337 1451 2443 1488 non
2467 1432 2973 1500 Constantinopoli,
3017 1433 3112 1486 sed
3150 1433 3202 1484 in
3232 1429 3448 1485 Claudii
3505 1427 3662 1482 libris
3697 1426 3782 1478 di—

2189 1528 2324 1580 dicit
2367 1526 2651 1579 Stnitheus
2677 1525 3090 1592 Λατινόφρονας
3119 1539 3268 1585 esse,
3295 1522 3387 1589 qui
3421 1521 3620 1574 rcalem
3652 1533 3787 1586 prm-

2191 1620 2422 1672 sentiam
2443 1628 2495 1671 et
2531 1617 3212 1670 transsubstautialionem
3244 1614 3564 1666 crederent.
3616 1609 3790 1663 Erunt

2191 1711 2356 1778 igitur
2380 1710 2545 1762 etiam
2579 1709 2694 1770 isti,
2735 1707 3000 1774 utilliqui
3034 1706 3243 1775 synodo
3275 1704 3791 1770 llierosolytnitan.e

2192 1801 2671 1868 Subscripserunt.
2709 1802 2761 1852 in
2794 1799 2984 1852 cadi-tu
3030 1795 3585 1864 Λατινοφρονούντων
3648 1795 3791 1845 clas-

510 1888 898 1951 laudaverunt,
925 1903 989 1942 eo
1019 1890 1320 1956 praasertitu
1357 1891 1598 1954 nomine,
1647 1893 1793 1959 quod
1852 1907 2083 1946 concor-
2118 1868 2161 1925 Β
2191 1909 2270 1955 se,
2301 1893 2392 1960 qui
2429 1903 2604 1944 tamen
2646 1893 2941 1958 primatum
2977 1890 3208 1942 Romani
3241 1888 3523 1940 Pontificis
3568 1895 3788 1953 negant,

503 1982 606 2034 diae
643 1982 789 2033 inter
824 1979 1062 2034 Polonizc
1106 1996 1276 2048 regno
1324 1982 1581 2036 subditos
1614 1982 1784 2037 01⁸ιὲοἰ
1845 1986 1981 2039 ritus
2038 1995 2093 2038 et

500 2072 815 2126 Catholicos
839 2073 1194 2126 conciliandae
1234 2074 1499 2126 acerrime
1533 2077 1840 2132 restitisset.
1861 2077 1938 2130 An
1960 2077 2091 2130 sub-

500 2163 710 2215 dititias
735 2163 857 2216 illas
889 2163 1151 2230 epistolas
1186 2178 1308 2218 esse
1337 2163 1620 2218 Smitheus
1674 2166 1864 2220 dicet?
1894 2167 2091 2221 Verum

500 2270 596 2308 cas
631 2271 693 2308 ex
733 2257 1054 2308 authentico
1083 2257 1382 2325 exemplari
1424 2257 1731 2326 descriptas
1765 2259 2090 2314 Constanti-

505 2332 727 2416 nopolin
763 2351 828 2402 ad
871 2347 1248 2416 Panagiottem
1287 2351 1439 2403 misit
1475 2350 1694 2405 Paisius
1753 2353 2093 2406 Alexandri-

506 2458 610 2495 Ilus
641 2444 959 2510 patriarcha
1000 2460 1014 2496 :
1055 2452 1107 2494 et
1144 2443 1808 2512 ConstantinOpolitanus
1860 2446 2092 2500 Callini-

503 2552 603 2590 cus
643 2537 692 2588 in
729 2536 979 2604 synodali
1012 2536 1335 2589 deﬁnitione
1365 2538 1848 2593 anni1691.iuter
1873 2555 1971 2594 eos
1996 2543 2089 2609 qui

505 2629 1150 2683 transsubstantiationis
1186 2645 1320 2683 voce
1369 2631 1454 2685 usi
1496 2644 1648 2696 sunt,
1688 2632 1966 2687 Meletium
2011 2629 2097 2689 l’i-‘

505 2737 628 2790 gam
665 2722 990 2774 muneravit.

583 2813 784 2865 Eadem
842 2814 1178 2866 auctoritate
1206 2815 1533 2880 patriarchae
1591 2815 2098 2885 Constantinopoli-

508 2906 647 2967 taui,
689 2917 742 2959 et
768 2904 1009 2960 Dosithei
1035 2906 1366 2975 patriarcha:
1421 2907 1906 2978 llierosolymitani
1969 2927 2100 2963 con-

509 2997 761 3048 firtnatnr
785 3013 847 3050 ea
872 3012 1034 3064 quant
1074 2998 1357 3051 Smithcus
1382 3010 1662 3067 oppugnat
1697 3001 1966 3055 Gennadii
2000 3003 2098 3056 ho-

508 3089 677 3141 tui'ia.
716 3087 890 3140 Verba
926 3096 1054 3141 sunt
1089 3105 1103 3141 :
1141 3087 1252 3140 Usa
1310 3107 1467 3151 porro
1497 3107 1558 3142 ea
1611 3091 1765 3158 (voce
1819 3095 2101 3145 transsui;-

2196 1983 2287 2051 qui
2325 1982 2587 2050 Spiritum
2621 1997 2648 2034 a
2679 1982 2838 2034 Patre
2871 1980 2989 2034 solo
3023 1979 3322 2046 procedere
3392 1979 3650 2039 credunt,
3686 1978 3786 2027 dm

2197 2087 2320 2132 cent
2349 2079 2567 2130 tandem
2604 2078 2812 2146 reliqua
2843 2091 2966 2143 quae
3025 2075 3208 2128 Romae
3277 2075 3638 2128 damnantur.
3716 2076 3790 2130 Ea

2199 2173 2412 2226 ratione
2452 2171 2774 2225 Gennadius
2808 2179 2862 2222 et
2888 2170 3006 2237 ejus
3032 2169 3275 2220 liomilize
3304 2169 3370 2219 ah
3414 2169 3532 2234 ipso
3562 2185 3705 2236 ιιι-ος(
3727 2170 3796 2220 ri-

2199 2265 2406 2318 buntur
2444 2283 2456 2318 :
2494 2265 2794 2318 natnaliam
2834 2265 3039 2316 nullam
3072 2262 3235 2316 habet
3267 2279 3280 2324 ;
3311 2262 3556 2330 adeoque
3589 2263 3631 2315 si
3653 2261 3797 2314 Gen—

2199 2359 2396 2412 nadius
2419 2358 2706 2411 Latinismi
2744 2367 3035 2426 suspectus
3072 2365 3178 2417 est,
3229 2355 3420 2409 eadem
3476 2357 3796 2422 suspicione

2200 2453 2405 2505 involvi
2440 2461 2656 2521 “P"rtet
2689 2451 2966 2516 Melctiunt
3007 2449 3220 2514 l‘igam,
3261 2449 3574 2501 Gabrielem
3613 2447 3799 2500 Phila-

2200 2545 2600 2612 delpltiensem,
2635 2543 2932 2607 Georgium
2963 2542 3308 2602 Coressiurn,
3342 2540 3618 2593 Meletiutn
3647 2541 3800 2607 Syri-

2201 2653 2352 2706 gum,
2382 2637 2646 2705 Cyrillum
2691 2647 2743 2689 et
2775 2635 3152 2695 Parthenium,
3177 2636 3268 2701 qui
3306 2633 3358 2686 in
3398 2634 3641 2703 synodis,
3669 2648 3799 2686 ann.

2205 2729 2342 2782 1638
2369 2737 2423 2782 et
2454 2728 2614 2790 1642,
2649 2727 2876 2781 Lucaris
2923 2725 3333 2780 confessionem
3368 2732 3428 2776 ιιι
3487 2726 3799 2777 hmreticam

2205 2823 2607 2875 damnaverunt
2648 2839 2658 2872 :
2717 2835 2910 2872 omnes
2956 2817 3335 2884 metmpolitas
3362 2829 3416 2870 et
3486 2818 3802 2884 cpiSt-opos,

2207 2912 2458 2980 aliosque
2499 2911 2912 2966 ecclesiasticos
2942 2911 3034 2976 qtti
3064 2909 3302 2962 decretis
3325 2908 3802 2975 subscripserunt,

2207 3015 2267 3060 ut
2299 3021 2392 3059 eos
2435 3006 2525 3073 qui
2552 3005 2741 3074 synodi
2793 3002 3308 3072 llierosolymitaure
3352 3016 3498 3053 anno
3537 3001 3673 3053 1672
3703 3001 3804 3052 De-

2205 3106 2352 3149 creta
2375 3095 2858 3150 confirmaverunt,
2881 3091 3190 3144 Net-tariqu
3215 3089 3800 3158 lliet'osolytnitanutu,

508 3182 897 3246 stantiationis)
937 3180 1178 3233 Ecclesia
1215 3191 1312 3242 est,
1361 3183 1612 3250 quoniam
1663 3199 1752 3235 nec
1819 3186 2100 3252 a'quivocis
2133 3222 2175 3277 Ο
2210 3201 2403 3240 omnes
2435 3183 2895 3238 tattdctuGrmt-os
2918 3183 3346 3242 sincerissimos,
3373 3182 3527 3247 siqui
3565 3197 3804 3249 unquam

508 3275 811 3341 subjicitur,
839 3282 887 3326 et
917 3283 1134 3340 superat
1168 3276 1403 3325 euntium
1465 3275 1839 3328 Itwrcticorum
1903 3279 2108 3344 sophis-

514 3377 685 3417 mata.
725 3365 835 3417 Nec
875 3383 1041 3417 eama
1080 3364 1551 3417 l-uttnisnmtuam
1615 3378 1714 3429 est,
1776 3370 1863 3420 sed
1910 3381 1987 3420 est
2046 3385 2104 3422 ea

508 3477 630 3511 t-oce
660 3463 832 3511 ditata
861 3470 979 3512 ante
1017 3476 1186 3512 annos
1219 3461 1507 3526 plurimos,
1534 3479 1565 3512 a
1602 3461 1909 3515 domesticis
1947 3473 1994 3515 ct
2028 3463 2106 3515 le-

508 3556 708 3623 gitimis
742 3556 854 3605 suis
888 3553 1198 3605 orthodoxis
1223 3555 1559 3612 doctoribus,
1584 3566 1639 3604 ut
1695 3564 1998 3622 promptum
2033 3558 2109 3606 vi-

508 3658 627 3696 tiu’l‘r?
649 3658 723 3697 est
759 3661 823 3696 ex
861 3645 1253 3697 commentariis
1307 3661 1439 3696 certe
1469 3646 1742 3714 religionis
1794 3646 2093 3714 defensoris

507 3742 654 3792 illius
676 3740 874 3790 domini
895 3737 1156 3790 Gennadii
1172 3737 2106 3805 patriarcha:Constantinopolitani,

507 3833 598 3900 qui
634 3847 811 3883 coram
845 3832 1155 3882 orthodoxis
1183 3830 1620 3896 imperatoribus,
1642 3840 1688 3882 et
1713 3831 1816 3897 piis
1875 3833 2109 3897 patriar-

510 3924 620 3975 rhis
649 3939 710 3974 ac
740 3939 897 3973 sacro
930 3931 1138 3981 senatu,
1176 3921 1405 3989 ipsisque
1428 3924 1739 3974 doctoribus
1795 3935 1952 3976 rectm
1985 3925 2108 3989 ﬁdei

513 4030 729 4077 nostrai,
758 4031 849 4080 per
879 4017 1016 4066 hanc
1041 4031 1213 4067 rocem
1251 4024 1305 4065 ut
1332 4026 1452 4067 ante
1491 4019 1784 4084 Cognitum,
1841 4027 1996 4085 atque
2042 4021 2105 4072 ab

512 4109 754 4161 Ecclesia
814 4119 1098 4174 receptam,
1159 4125 1252 4171 pro
1304 4109 1397 4160 hoc
1454 4111 1703 4177 mysterio
1761 4112 2103 4180 depugnavit.

513 4204 666 4254 Edita
703 4212 782 4253 est
819 4200 1009 4254 Gra‘ce
1064 4199 1343 4268 synodalis
1404 4201 1494 4253 illa
1561 4202 1815 4255 Definitio
1871 4203 2008 4257 Jasii
2053 4207 2105 4259 in

510 4292 808 4352 Moldavia,
843 4306 990 4343 anno
1031 4291 1188 4353 1694,
1225 4307 1250 4341 a
1293 4291 1553 4344 Dositheo
1605 4291 2108 4365 llierosolyntitano

507 4385 560 4437 in
594 4384 731 4436 libro
757 4392 943 4435 contra
971 4380 1239 4433 Joannem
1272 4379 1692 4450 Caryophyllutn
1721 4383 2105 4452 Logothetant,

507 4476 601 4528 Sed
631 4493 752 4527 cuni
785 4475 893 4527 huc
923 4491 1098 4542 usque
1133 4475 1284 4526 illum
1315 4474 1516 4527 habere
1573 4491 1677 4527 non
1740 4481 2103 4542 potui-rimus,

2214 3279 2454 3331 fuerunt.
2489 3277 2676 3329 Nullus
2714 3275 2860 3328 enim
2889 3291 3079 3328 eorum
3136 3284 3239 3335 est,
3309 3276 3402 3341 qui
3467 3273 3690 3326 Decreta
3713 3272 3807 3325 ad-

2215 3386 2404 3422 versus
2446 3369 2712 3436 Cyrillum
2787 3365 3020 3419 Lucarin
3080 3383 3186 3419 non
3265 3367 3551 3432 amplexus
3618 3367 3806 3418 fuerit.

2214 3462 2420 3530 quique
2455 3461 2646 3514 eadem
2683 3461 3054 3514 sentientibus
3111 3475 3175 3512 ac
3237 3459 3484 3512 nefarius
3529 3460 3620 3510 ille
3682 3459 3806 3511 ﬁdei

2214 3556 2372 3606 avita:
2414 3553 2684 3618 proditor,
2719 3555 3014 3606 anathema
3049 3567 3158 3605 non
3211 3551 3438 3604 dixerit.
3495 3551 3564 3601 At
3615 3566 3808 3602 omnes

2215 3647 2290 3698 illi
2321 3645 2539 3697 tandem
2579 3645 2650 3697 ita
2685 3644 2867 3698 Latini
2905 3655 3055 3707 sunt,
3117 3651 3176 3696 ttt
3234 3643 3481 3712 plerique
3543 3643 3811 3695 adversus

2214 3739 2437 3792 Latinos
2463 3740 2604 3808 stylo
2644 3739 2918 3792 acerrimo
2949 3737 3381 3796 decertaverint,
3411 3751 3522 3804 quo
3587 3737 3812 3789 nomine

2215 3831 2505 3884 laudantur
2546 3847 2574 3883 a
2606 3834 2723 3885 snis
2751 3842 2807 3885 ut
2833 3831 3042 3886 Graeca:
3087 3831 3346 3884 Ecclesia:
3381 3830 3628 3898 insignes
3654 3830 3810 3882 theo-

2217 3925 2636 3993 logi,illiusque
2661 3924 3006 3979 defensores.
3049 3925 3104 3976 Si
3153 3924 3322 3992 igitur
3369 3923 3568 3978 sinceri
3631 3921 3804 3974 Gran-i

2214 4033 2322 4068 non
2357 4027 2505 4080 sunt,
2541 4016 2634 4070 ubi
2668 4016 2892 4070 tandem
2932 4016 3120 4070 Grmca
3147 4014 3386 4069 Ecclesia
3421 4017 3489 4068 ah
3517 4015 3676 4067 annis
3709 4013 3812 4067 du-

2214 4110 2390 4164 centis
2418 4110 2554 4172 fuit;
2594 4126 2787 4164 omnes
2818 4111 2966 4163 enim
3027 4123 3395 4178 quoscunque
3440 4124 3503 4161 ex
3583 4107 3812 4161 historia

2213 4211 2264 4252 ct
2293 4200 2446 4254 libris
2477 4202 2754 4264 nmimus,
2786 4201 2988 4263 (ἓνκαὶ,
3020 4201 3181 4253 aliam
3218 4201 3378 4253 fidem
3431 4215 3540 4252 non
3609 4201 3813 4252 habue-

2216 4304 2362 4344 runt.
2412 4293 2855 4363 Verumopponit
2909 4293 3195 4347 Smitheus
3239 4292 3504 4360 Cyrillum
3553 4291 3814 4356 Lucarin,

2214 4383 2537 4439 Zachariam
2575 4387 2888 4457 Cerganum
2924 4389 3072 4440 Arta:
3104 4386 3316 4454 exiguae
3368 4385 3646 4438 urbeculzp
3700 4386 3818 4453 epi-

2214 4494 2467 4546 scopum,
2505 4491 2559 4533 et
2593 4480 3017 4550 Metrophanetn
3054 4479 3429 4548 Critopnlum.
3494 4476 3645 4532 Nova
3694 4479 3818 4545 jura

474 4561 818 4621 ‘versionem
876 4566 1074 4618 dan-ns
1150 4567 1361 4619 Nicolai
1422 4567 1687 4620 Contneni
1746 4568 2102 4637 PapadOpoli,
2146 4571 2501 4627 Dcondenda
2536 4580 2688 4635 sunt,
2744 4579 2802 4624 ut
2838 4571 3015 4624 tribus
3081 4570 3316 4624 testibus
3372 4569 3504 4621 lidcs
3555 4567 3819 4620 habeatur

506 4659 1050 4727 inscr-tautEpistulm
1105 4658 1170 4711 ad
1216 4660 1899 4728 ChrysanthnmNotaraut
1928 4664 2107 4718 Caesa-

513 4767 621 4807 rem
649 4751 1079 4820 metropolitani,
1112 4765 1235 4817 quae
1257 4752 1400 4806 edita
1438 4743 1796 4807 estVenetiis
1821 4771 1911 4808 an.
1949 4757 2105 4810 1703.

586 4845 642 4897 lit
694 4861 754 4896 ca
793 4860 954 4910 porro
989 4843 1250 4912 synodica
1287 4843 1612 4899 Dellnitione
1636 4849 1744 4898 duo
1800 4858 1928 4902 sunt
1989 4865 2110 4916 quze

503 4939 797 5008 diligenter
843 4939 1123 4992 observari
1181 4954 1362 5005 operae
1425 4941 1662 5007 pretium
1704 4942 1793 4995 sit.
1839 4943 2107 5010 Primum,

507 5032 802 5085 llomiliam
846 5047 1009 5100 qttam
1037 5031 1239 5099 publici
1272 5031 1415 5101 juris
1463 5032 1721 5099 facimus,
1774 5037 2112 5103 patriarchis

504 5126 726 5180 duobus
761 5125 1030 5180 Callinico
1061 5135 1115 5180 et
1142 5126 1584 5187 Dositheo,-tum
1656 5131 2025 5199 metropolitis
2057 5139 2112 5186 et

504 5220 785 5288 t-;.iscopis
814 5221 906 5288 qui
944 5220 1243 5274 scribendo
1298 5219 1621 5283 adfuerunt,
1681 5222 1852 5278 fuisse
1883 5224 2111 5280 notissi-

510 5329 696 5366 mam:
734 5324 898 5383 atque
932 5313 1071 5367 adeo
1106 5315 1173 5368 de
1205 5317 1323 5383 ejus
1352 5315 1616 5386 αὑϐεντίᾳ
1653 5318 1908 5373 dubitare
1939 5320 2113 5373 nemi-

507 5423 631 5462 nem
663 5423 842 5473 posse,
878 5408 1100 5478 nisiqui
1149 5409 1420 5479 αὐτοψίαν
1476 5397 1855 5465 Sinitlieanam
1908 5415 2114 5469 talibus

507 5499 837 5552 testimoniis
887 5499 1280 5567 prmferendam
1307 5501 1652 5555 existimarit.
1708 5502 1956 5556 Alterum
2007 5511 2112 5568 est,

507 5591 651 5660 quod
705 5593 986 5646 antistites
1029 5593 1131 5662 ipsi
1190 5592 1364 5647 Graeci
1437 5602 1714 5648 testantur
1764 5595 2114 5650 Gennadiunt

509 5699 696 5735 vocem
731 5684 1148 5748 μετουσιώσεως
1180 5699 1511 5751 usurpasse,
1547 5697 1604 5739 ιιι
1662 5687 1872 5755 p:idem
1927 5691 2117 5756 cogni-

508 5788 646 5840 tam,
677 5775 836 5842 idque
872 5779 1162 5832 verissime
1188 5779 1256 5831 ab
1291 5780 1398 5831 illis
1432 5781 1786 5833 υΙιςυΓνίιὶιιιιὶ
1827 5782 1947 5834 fuit.
1978 5784 2114 5834 (lum

507 5870 656 5924 cnim
703 5873 993 5926 hounliam
1029 5874 1176 5929 illam
1213 5874 1547 5930 declamaret
1589 5875 1638 5928 in
1697 5876 1901 5935 palatio
1929 5893 2114 5932 coram

2214 4674 2408 4717 contra
2453 4665 2603 4718 mille
2637 4665 2799 4728 alios,
2827 4666 2936 4718 imo
2971 4673 3159 4718 contra
3218 4660 3501 4730 publicum
3540 4671 3588 4714 et
3623 4659 3818 4712 multo-

2214 4755 2320 4811 ties
2348 4767 2668 4811 renovatum
2692 4760 2869 4811 totius'
2890 4755 3145 4810 Ecclesiae
3173 4754 3378 4808 ϐιωοω
3413 4753 3818 4807 testimonium.

2217 4849 2283 4902 At
2311 4851 2527 4904 illorum
2557 4851 2772 4920 primus
2803 4852 3167 4903 anathemate
3199 4849 3498 4899 damnatus
3534 4855 3638 4903 est,
3697 4860 3822 4912 pro-

2215 4941 2798 5011 scriptaquejudiciis
2871 4941 3112 5010 publicis
3167 4938 3531 5007 syno.lalibus
3583 4946 3822 5005 quatuor

2214 5035 2566 5090 Calvinistica
2594 5037 2720 5103 ejus
2760 5033 3043 5088 confessio
3075 5030 3560 5098 Constantiuolioli
3587 5029 3822 5090 scilicet,

2217 5130 2379 5184 annis
2407 5129 2565 5192 1638,
2600 5129 2757 5189 1612,
2791 5138 2842 5182 et
2875 5127 3034 5190 169i,
3067 5124 3462 5195 Hierosolymis
3482 5138 3626 5176 anno
3660 5121 3819 5183 107-2,

2217 5239 2338 5293 qua:
2367 5224 2572 5291 judicia
2607 5231 2907 5276 retractata
2953 5235 3235 5289 nunquam
3279 5217 3526 5280 fuerunt,
3564 5232 3690 5270 cum
3727 5232 3824 5269 eas

2217 5333 2411 5372 omnes
2436 5317 2744 5371 sententias
2777 5315 3072 5370 Dositheus
3097 5312 3421 5367 Enehiridio
3466 5327 3567 5366 suo
3603 5311 3654 5362 in
3688 5309 3825 5362 Mol-

2218 5410 2377 5464 davia
2416 5412 2564 5464 edito
2596 5411 2909 5464 inseruerit.
2979 5406 3290 5477 Gergauus,
3335 5406 3422 5458 vix
3468 5415 3631 5458 notus
3687 5404 3827 5465 inter

2219 5520 2372 5569 suOs,
2406 5515 2485 5560 tot
2510 5504 2844 5574 patriarcbis
2875 5515 2928 5556 et
2954 5503 3233 5572 episcopis
3250 5501 3450 5570 Opponi
3481 5516 3587 5552 non
3615 5506 3824 5567 potes'.

2220 5598 2612 5667 Metrophanes
2646 5598 2690 5650 si
2715 5611 2838 5652 vere
2869 5604 2924 5649 et
2951 5611 3015 5649 ex
3046 5596 3215 5649 animi
3249 5593 3522 5650 sententia
3546 5608 3665 5646 eam
3693 5607 3827 5646 con-

2225 5693 2522 5748 fessionem
2556 5690 2728 5745 edidit
2760 5705 2883 5759 qua:
2945 5689 3267 5743 llelmstadii
3339 5701 3543 5741 excusa
3604 5697 3706 5744 cst,
3767 5702 3828 5740 se

2223 5788 2337 5849 ipse
2375 5786 2607 5838 retexuit
2639 5802 2652 5848 ;
2690 5800 2812 5838 nam
2864 5784 3179 5852 patriarcha
3229 5782 3644 5835 Alexandrinus
3702 5795 3823 5831 cum

2223 5888 2393 5934 εδει-ι.
2417 5877 2609 5933 st'uodi
2644 5875 3286 5933 Constantinopolitath
3319 5874 3547 5928 Decreta
3581 5873 3826 5926 sul»an
