4462 6450
505 378 613 444 285

1986 386 2300 442 SCllll'TA
2318 431 2329 445 .

3691 390 3791 453 ἕξπίῖ

506 494 1038 561 Constantinopolim
1069 494 1281 557 tulisse,
1315 503 1365 545 et
1402 504 1458 545 ιιι
1491 509 1695 547 merens
1736 512 1763 563 ιι
1787 511 1924 547 ιΓιιιιὶ
1969 513 2017 545 Vt
2039 515 2094 547 ιι-
2130 511 2170 557 Α
2207 501 2299 551 sed
2340 499 2651 552 certissime
2686 499 3169 557 demonstrantus;
3205 510 3367 566 atque
3399 501 3533 552 adeo
3570 501 3790 555 fictum-

508 586 702 638 dihiles
748 588 966 637 domum
1018 586 1285 638 retulisse.
1339 584 1458 650 Quo
1509 588 1653 638 enim
1711 588 1869 639 modo
1916 589 2092 641 (ἱππιορὶ

510 677 707 729 falsum
756 675 888 727 illttd
941 686 1174 743 systema
1210 692 1315 728 non
1367 681 1737 744 ignorassent,
1779 678 1920 744 quod
1951 694 2086 745 prie-

511 775 760 833 tcrquam
808 765 1038 818 Claudio
1083 765 1135 817 in
1182 766 1367 819 Graeca
1405 766 1707 817 litteratura
1762 766 1919 834 plane
1972 765 2099 820 ltos-

509 858 630 925 pili,
666 856 867 909 nemini
899 871 1137 924 unquam
1173 864 1393 908 venerat
1429 859 1483 908 in
1522 858 1804 909 tuentem?
1838 866 1936 909 aut
1966 873 2101 925 quo-

512 949 673 1001 modo
700 949 751 999 in
779 949 1114 1000 contrariam
1147 946 1387 1002 Decretis
1412 948 1770 1017 synodalibus
1796 950 1933 1009 suis,
1960 946 2104 1002 Con-

512 1038 739 1091 fessioui
773 1038 1111 1101 orthodoxae,
1152 1036 1479 1106 disciplinae,
1522 1037 1802 1091 communi
1832 1036 2101 1091 doctrina:

511 1131 839 1183 sententiam
871 1130 1013 1181 intra
1058 1143 1262 1198 paucos
1290 1143 1463 1184 annos
1496 1128 1804 1182 transducti
1836 1128 2096 1191 fuissent,

516 1221 735 1275 nemine
781 1221 1219 1282 contradicente,
1284 1230 1378 1272 aut
1427 1219 1943 1273 anitnadvcrtente?
1996 1219 2098 1272 Sed

515 1312 648 1366 satis
685 1310 964 1364 confutata
1002 1319 1131 1363 sunt
1196 1311 1309 1363 lucc
1351 1311 1535 1362 omnia
1580 1310 1853 1379 paradoxa
1906 1313 1973 1364 ab
2002 1312 2100 1365 ad-

513 1407 759 1459 versario
823 1406 1172 1465 doctissimo.
1236 1420 1413 1474 neque
1450 1405 1543 1458 illa
1589 1406 1813 1459 uberius
1851 1406 2099 1460 refellen-

515 1498 568 1549 di
597 1513 762 1551 causa
793 1498 898 1549 ulla
942 1495 1099 1563 foret,
1133 1497 1237 1554 nisi
1270 1497 1800 1552 animadverteretur
1830 1493 2097 1567 quotidie,

516 1589 651 1640 nihil
684 1598 790 1639 tam
828 1587 1126 1640 absurdum
1169 1595 1263 1639 aut
1288 1585 1483 1639 falsum
1509 1602 1536 1639 a
1564 1602 1835 1654 quoquam
1873 1587 2101 1652 alicujus

522 1677 1077 1733 nominisCalvinista
1098 1676 1555 1745 affirmariposse,
1585 1679 1727 1744 quod
1780 1693 1886 1729 non
1918 1678 2099 1729 statim

515 1769 829 1823 laudatores
854 1768 1385 1832 credulusinveniat,
1436 1782 1668 1836 morque
1691 1769 1829 1837 apud
1869 1769 2102 1838 reliquos

2206 589 2283 640 dii
2310 605 2471 653 qttam
2502 592 2697 642 damus
2722 589 2954 643 llomilia
2980 595 3254 643 oeulatutn
3281 593 3545 659 ejusmodi
3578 603 3789 652 testem,

2210 688 2261 730 et
2302 682 2622 743 nasutiores,
2658 691 2715 732 ut
2749 680 2893 748 loqui
2926 690 3094 743 amat,
3131 684 3371 749 ejusdem
3407 685 3620 749 generis
3660 700 3787 735 ιριι-

2210 784 2365 823 sores
2394 785 2500 824 non
2540 773 2876 825 reformidat.
2941 772 3095 826 Unde
3121 786 3609 841 quantumcunque
3640 792 3792 826 eom-

2208 858 2496 911 ntendetur
2519 875 2639 913 cum
2665 860 2917 914 laudibus
2938 859 3061 928 'cjus
3092 863 3347 930 αὑτηψία,
3384 865 3637 915 recedere
3670 878 3791 916 ιιι-ιιο

2207 949 2312 1001 sim
2352 948 2600 1003 videmus
2634 950 2702 1003 ab
2738 951 2886 1004 illius
2918 957 3190 1005 sententia
3226 955 3419 1005 doctos
3477 954 3795 1007 Protestatt—

2211 1048 2293 1093 tes
2331 1057 2343 1092 :
2383 1051 2438 1094 ut
2484 1038 2814 1096 Laurentius
2858 1042 3206 1099 Normannus
3239 1044 3365 1098 fecit
3397 1045 3542 1097 circa
3571 1046 3798 1099 Confes-

2207 1132 2417 1184 sionem
2450 1133 2839 1197 orthodoxam,
2872 1133 3067 1189 Petrus
3096 1136 3328 1190 Allixius
3361 1138 3506 1189 circa
3530 1139 3798 1205 synodum

2205 1222 2335 1276 Jasii
2392 1224 2631 1277 habitam
2676 1239 2822 1277 anno
2856 1225 3017 1290 1642,
3065 1234 3119 1279 et
3174 1227 3446 1279 Meletium
3502 1228 3793 1296 Syrigutn:

2206 1315 2519 1381 dudumque
2594 1329 2711 1366 eam
2792 1315 3143 1381 cvploserunt
3204 1316 3549 1371 Marhat-hius
3643 1321 3800 1370 tlalo-

2205 1407 2344 1461 vius.
2364 1404 2653 1459 Felharius
2678 1408 3006 1473 Augustam!
3023 1407 3395 1463 Confessiunis
3422 1411 3679 1479 theologi,
3701 1413 3765 1463 cii
3782 1441 3806 1452 -

2205 1511 2266 1549 ca
2294 1497 2484 1566 erilli
2514 1496 2927 1553 Confessioncm
2947 1508 2995 1552 et
3027 1500 3264 1568 synodos
3286 1516 3373 1554 an.
3405 1501 3539 1556 1638
3563 1512 3617 1554 et
3645 1502 3801 1564 ltili,

2212 1602 2240 1638 a
2266 1589 2468 1655 quibus
2501 1591 2805 1658 proscripta
2841 1599 2945 1643 est.
2985 1591 3173 1657 Neque
3212 1592 3325 1659 ipse
3359 1591 3638 1647 Smitheus
3688 1610 3801 1646 om-

2211 1679 2342 1731 nino
2386 1690 2551 1747 negat
2600 1679 2822 1733 Grrccos
2873 1681 3090 1733 tandem
3149 1682 3447 1736 hodiernos
3478 1674 3801 1750 ‘prresontiae

2211 1768 2374 1820 realis
2430 1779 2484 1821 et
2544 1770 3192 1824 transsnhstantiationis
3228 1772 3423 1838 dogma
3461 1773 3740 1827 imbiliisse
3782 1793 3793 1826 :

515 1869 762 1914 transeat
811 1860 1291 1929 quodammodoin
1322 1874 1432 1913 rem
1455 1859 1775 1927 iudicatam.
1799 1858 1931 1913 Nam
1957 1836 2103 1913 nicn-
2142 1836 2178 1889 Β
2211 1859 2307 1912 sed
2338 1858 2387 1912 id
2422 1858 2624 1913 factum
2662 1861 2916 1928 pessimis
2957 1859 3275 1913 Latinorqu
3307 1836 3626 1924 fraudibus,
3662 1879 3801 1931 quas

516 1952 736 2006 dacium
777 1952 907 2004 illuzl
949 1958 1144 2015 totum,
1193 1952 1257 2003 tle
1292 1950 1498 2004 Graecis
1545 1951 1676 2003 nihil
1718 1951 1896 2005 minus
1938 1966 2101 2019 quam

518 2046 721 2098 realem
757 2043 1103 2113 praesentiam
1154 2042 1943 2110 transsuhstanti:itionemque
1990 2059 2109 2095 «re-

520 2136 801 2198 dentibus.
829 2135 922 2188 scd
951 2149 1072 2188 eam
1108 2132 1268 2186 fidem
1308 2134 1793 2203 amplectentibus,
1824 2150 1982 2201 quam
2008 2134 2111 2205 Cy-

521 2228 683 2282 rillus
717 2242 815 2281 sua
847 2226 1213 2280 (Iunfessione
1266 2226 1543 2294 exposuit,
1580 2242 1606 2278 a
1645 2225 1875 2280 Claudio
1911 2227 2111 2281 conﬂa-

522 2332 645 2374 tum
688 2327 791 2381 est,
837 2318 1247 2379 dissimulante,
1294 2317 1375 2370 vel
1410 2319 1693 2386 ignorante
1726 2319 1908 2385 potius
1946 2334 2110 2387 quam

523 2416 803 2470 diversum
842 2412 981 2465 foret
1014 2426 1121 2464 non
1155 2410 1471 2464 Grmcorum
1508 2410 1695 2471 modo,
1731 2411 1824 2463 sed
1859 2410 2116 2464 doetissi—

528 2524 739 2564 tuorum
782 2508 945 2560 etiam
992 2515 1145 2558 extra
1191 2504 1494 2557 Romanam
1547 2506 1996 2558 communionem
2051 2506 2117 2559 de

508 2601 715 2666 ,cadem
749 2597 1045 2668 judicium.
1087 2594 1370 2649 Creditum
1414 2594 1467 2647 id
1505 2593 1676 2647 fuisse
1721 2594 1789 2648 ab
1824 2595 2119 2649 illitteralis

530 2707 596 2745 ex
638 2691 758 2758 ejus
808 2697 980 2749 secta,
1020 2700 1183 2740 nemo
1228 2684 1521 2738 mirabitur
1559 2702 1571 2737 :
1614 2686 1739 2753 quis
1781 2685 2121 2740 existimaret

532 2785 677 2838 enim
715 2783 863 2835 verbi
911 2780 1080 2833 divini
1130 2779 1444 2831 ministrum
1485 2777 1535 2829 in
1588 2792 1644 2829 re
1692 2787 1797 2829 tam
1841 2780 1983 2832 seria
2030 2789 2123 2833 aut

532 2878 819 2943 ignorasse
885 2871 1028 2940 quod
1070 2869 1359 2930 scriberet,
1400 2877 1494 2921 aut
1535 2867 1680 2935 quod
1722 2868 2120 2938 incompertum

532 2968 637 3021 sibi
685 2966 985 3028 foret,-tam
1038 2969 1189 3015 certo
1221 2959 1567 3016 affirmasse?
1605 2960 1764 3015 Redit
1795 2962 1931 3015 alter
1976 2960 2124 3015 Con-

536 3057 915 3126 stantinopoli,
938 3065 985 3110 et
1013 3070 1133 3124 qua:
1154 3054 1421 3108 Claudius
1450 3052 1815 3107 affirmaverat
1844 3055 2020 3108 oculis
2069 3069 2127 3107 se

533 3151 741 3207 vidisse
766 3158 820 3205 ct
845 3151 1035 3203 auditu
1069 3147 1352 3216 accepisse
1386 3146 1563 3200 tribus
1592 3144 1787 3199 libellis
1810 3146 1972 3199 editis
1998 3159 2129 3198 con-

536 3256 788 3300 testatur.
852 3242 964 3298 Nos
1036 3240 1295 3296 catholici
1356 3239 1795 3307 patriarcharum
1854 3238 2123 3300 omnium,

535 3338 1011 3408 metropolitarum
1047 3344 1102 3390 et
1145 3335 1382 3388 aliorum
1432 3332 1928 3385 ecclesiasticorum
1977 3329 2127 3383 testi-

538 3432 738 3484 moniis
773 3430 1007 3498 publicis
1038 3426 1401 3495 privatisque,
1430 3424 1583 3476 lihris
1609 3424 1771 3475 editis
1803 3431 1856 3473 et
1883 3422 2124 3478 ineditis,

541 3523 682 3575 fama
715 3521 956 3588 publica,
991 3520 1278 3587 disciplina
1312 3530 1435 3585 quae
1461 3518 1790 3569 obversatur
1815 3515 1987 3567 oculis
2013 3530 2121 3563 om.

542 3615 717 3673 nium.
744 3622 799 3667 et
835 3614 955 3666 aliis
978 3621 1141 3666 certae
1171 3609 1516 3663 auctoritatis
1540 3606 1882 3676 argumentis
1910 3606 2127 3665 muniti,

541 3707 845 3761 Stuitlieum
884 3722 988 3757 non
1032 3704 1236 3757 vidisse
1283 3702 1367 3755 vel
1424 3700 1701 3753 audirive
1733 3698 2131 3751 Constantino-

545 3800 674 3870 poli.
703 3815 824 3867 quae
856 3812 1135 3867 nunquam
1170 3795 1415 3857 fuerunt,
1448 3808 1554 3847 non
1577 3805 1779 3846 temere
1806 3791 2133 3849 asseritutts,

573 3995 723 4007 ,σ--οςη-
793 3985 1889 4001 “”“θ“““ν“’ῌψψοω

2211 1963 2540 2002 arcanormn
2596 1951 2867 2004 rerelator
2918 1951 3034 2007 dies
3069 1951 3309 2006 docebit.
3370 1953 3425 2005 Si
3481 1969 3807 2022 supremum

2211 2039 2414 2094 Judicii
2442 2041 2585 2095 diem
2624 2043 2900 2112 intelligit,
2938 2043 3010 2096 ita
3049 2058 3183 2096 sane
3217 2062 3230 2096 :
3269 2059 3391 2097 nam
3427 2060 3610 2097 coram
3651 2062 3807 2098 sum-

2216 2151 2304 2189 tno
2325 2134 2519 2189 Judicc
2555 2137 2820 2205 patebunt
2858 2137 3083 2189 omnia:
3118 2135 3162 2189 si
3196 2136 3558 2204 longinquum
3585 2138 3809 2203 aliquod

2217 2236 2452 2295 tempus,
2484 2228 2593 2297 jam
2629 2228 2843 2293 aliquot
2873 2227 3004 2280 anni
3045 2228 3180 2295 lapsi
3208 2238 3337 2280 sunt
3365 2242 3429 2279 ex
3459 2243 3569 2293 quo
3595 2227 3811 2279 dubita-

2216 2319 2260 2372 ri
2294 2335 2401 2373 non
2432 2328 2610 2389 potest
2640 2321 2772 2387 quin
2810 2320 2983 2374 Grzeci
3018 2320 3157 2371 nihil
3192 2319 3375 2371 minus
3404 2334 3568 2387 quam
3633 2321 3800 2371 Λατι-

2218 2413 2496 2478 νὸφρονες,
2545 2413 2611 2465 de
2666 2412 2855 2481 Cyrilli
2912 2410 3295 2473 Confessione,
3331 2410 3397 2463 de
3428 2410 3650 2479 syuotlis
3680 2428 3807 2462 con~

2222 2509 2308 2555 tra
2340 2517 2459 2555 eam
2499 2503 2731 2571 ejusque
2760 2494 3041 2555 auctorem
3095 2502 3316 2566 habitis,
3349 2502 3413 2554 de
3471 2501 3816 2554 confessione

2220 2594 2550 2657 orthodoxa,
2601 2594 2667 2647 de
2706 2592 3356 2655 traussubstautiationc,
3394 2592 3458 2643 de
3499 2592 3811 2653 (listtttadio,

2223 2684 2290 2737 de
2351 2684 2565 2756 Syrigo,
2598 2686 2664 2739 de
2693 2685 3062 2749 Coressio,'de
3096 2686 3363 2754 Gregorio
3390 2688 3822 2754 proto-syncello

2224 2777 2345 2847 ejus
2380 2778 2673 2847 discipulo,
2697 2793 2815 2831 eam
2852 2778 3164 2846 opinionem
3203 2779 3519 2832 firmissime
3578 2788 3821 2841 tenvant,

2227 2884 2391 2939 quam
2447 2870 2698 2924 oculatus
2742 2870 2831 2923 ille
2865 2870 3023 2924 testis
3055 2870 3185 2924 tutis
3239 2871 3445 2923 viribus
3494 2870 3821 2939 impugnare

2231 2976 2524 3029 aggressus
2578 2973 2681 3017 est.
2723 2962 2859 3018 Cum
2897 2965 3042 3018 enim
3072 2963 3266 3032 synodi
3307 2961 3824 3032 llierosolymitanre

2232 3051 2450 3106 decreta
2485 3053 2597 3121 ipse
2635 3051 2926 3107 Dositheus
2965 3055 3015 3105 in
3045 3053 3311 3107 Moldavia
3372 3053 3461 3106 edi
3527 3056 3828 3115 curaverit,

2235 3143 2437 3210 quibus
2493 3144 2674 3196 omnia
2737 3145 3025 3212 perspicue
3081 3145 3460 3211 continentur,
3522 3159 3644 3212 qua:
3704 3160 3827 3198 cum

2235 3234 2537 3289 Claudiana
2591 3238 3138 3306 Δατινοψςονούντων
3202 3238 3521 3291 definitione
3550 3250 3691 3291 stare
3726 3255 3831 3290 non

2238 3340 2488 3395 pessum.
2543 3330 2633 3382 sed
2685 3332 2935 3383 sint-eros
2987 3329 3207 3383 Graecos
3264 3346 3386 3383 esse
3446 3342 3682 3386 constat.
3740 3334 3828 3397 σιω

2242 3422 2591 3480 pnescutiam
2648 3422 2847 3473 realetu
2886 3432 2937 3474 et
2980 3423 3656 3474 traus‘uhstantiatiouem
3715 3438 3827 3470 ert"

2241 3518 2400 3567 dunt.
2442 3513 2645 3566 frustra
2673 3516 3000 3583 conjectum
3026 3529 3217 3568 omnes
3244 3523 3373 3567 sunt
3403 3515 3491 3566 ubi
3525 3513 3695 3565 tit-mei
3739 3517 3835 3574 ipsi

2242 3603 2563 3671 loquuntur.
2600 3602 2757 3657 Unde
2811 3604 3074 3671 quidquid
3132 3620 3193 3654 ex
3240 3603 3371 3656 falsa
3426 3603 3515 3654 illa
3553 3604 3839 3671 ιιιιιιιιξιυμι

2244 3706 2434 3749 contra
2458 3696 2798 3749 Gcnnadium
2832 3706 2884 3748 et
2916 3700 3036 3761 eius
3072 3699 3324 3749 ltomilias
3356 3698 3637 3749 Stnitheus
3671 3696 3843 3749 dedu-

2248 3790 2349 3852 xit,
2376 3789 2706 3845 aceuratiori
2730 3791 3061 3843 refutatione
3096 3807 3201 3843 nott
3234 3791 3461 3860 indiget.

3355 3982 3586 3994 _—-——-

1141 4151 1223 4262 G
1252 4145 1841 4261 ENNADII
1929 4144 2513 4258 OPERUM
2599 4143 2891 4258 NOT

1497 4145 1841 4259 lADll
1929 4144 2513 4258 OPERUM
2599 4143 3259 4258 NOTITIA.

505 4565 515 4578 ι
631 4503 982 4569 Quaecunque
1023 4510 1052 4549 a
1095 4487 1389 4547 Gennadio
1453 4485 1659 4555 scripta
1698 4484 1765 4539 ad
1815 4501 1912 4559 nos
1950 4499 2146 4554 perve-

554 4606 778 4659 nerunt,
828 4601 924 4647 aut
976 4597 1105 4643 ante
1168 4579 1611 4656 patriarcbatum
1663 4579 1911 4647 scripsit.
1962 4577 2139 4631 autin

2255 4483 2397 4537 bene
2429 4483 2671 4545 multas.
2713 4499 2950 4551 quarum
3003 4484 3225 4541 selectae
3255 4484 3510 4553 quaedam
3557 4498 3860 4553 supersunt

2251 4577 2305 4631 in
2336 4575 2460 4630 cod.
2491 4574 2660 4645 Regio
2686 4575 2850 4639 2955.
2886 4579 2989 4631 hoc
3026 4577 3205 4638 titulo,
3256 4577 3352 4629 Ἐκ
3376 4576 3485 4628 τῶν
3530 4576 3863 4629 Ἐπιστολιῖιν

555 4698 679 4763 ipso
710 4686 1124 4761 patriarehatu.
1154 4688 1249 4734 aut
1276 4676 1532 4746 deposita
1565 4674 1836 4740 dignitate
1870 4687 1995 4727 cum
2036 4675 2145 4740 pri-
2180 4693 2226 4747 υ
2258 4670 2317 4763 [:2

2104 4675 2145 4725 i-
2180 4693 2226 4747 υ
2258 4670 2534 4737 Γεωργίου
2566 4669 2660 4722 τοῦ
2686 4671 2987 4739 Σχολαρίου
3021 4670 3114 4722 τοῦ
3139 4671 3367 4740 ὕστερον
3410 4672 3721 4728 Γεννειδξου.
3776 4669 3861 4721 Ex

559 4796 719 4842 vatus
782 4783 838 4836 in
904 4774 1299 4834 monasterium
1375 4768 1563 4826 Sancti
1619 4767 1850 4822 Joannis
1892 4766 2153 4836 Baptistae

562 4893 735 4951 prope
760 4875 961 4929 Serras
991 4868 1058 4923 ad
1086 4865 1428 4921 Menmceum
1464 4870 1703 4915 montem
1737 4873 1796 4913 se
1823 4860 2153 4927 recepisset.

566 4969 725 5025 lluuc
762 4966 1015 5023 ordinem
1065 4961 1186 5029 ejus
1249 4969 1481 5026 operum
1514 4953 1606 5019 qui
1645 4953 1771 5005 vitae
1814 4952 2014 5006 seriem
2064 4967 2154 5007 sc-

558 5066 775 5136 quitur,
829 5058 1055 5130 quidam
1106 5068 1264 5108 mss.
1310 5048 1535 5104 codices
1581 5054 2007 5114 repraesentant,
2058 5046 2150 5114 qui

562 5172 751 5217 tamen
808 5154 863 5210 id
922 5152 1090 5207 habet
1144 5140 1506 5203 incommodi,
1537 5138 1685 5209 quod
1718 5138 1787 5193 de
1818 5138 2008 5193 multis
2045 5155 2151 5193 non

563 5256 642 5311 ita
694 5251 891 5321 liquet,
944 5252 1007 5299 ut
1068 5238 1294 5311 quando
1339 5233 1546 5303 scripta
1594 5231 1704 5285 sint
1751 5238 1904 5287 certo
1949 5230 2155 5287 habere

566 5347 868 5422 possimus,
900 5352 1013 5409 quo
1041 5337 1095 5391 in
1142 5342 1344 5402 genere
1376 5336 1507 5381 sunt
1544 5325 1782 5396 homiliae
1808 5325 2151 5395 complures,

568 5419 626 5501 et
666 5439 963 5496 minutiora
994 5430 1244 5504 quadam
1288 5422 1583 5496 opuscula.
1619 5420 1724 5475 Sed
1776 5428 1961 5476 tamen
2010 5419 2159 5476 hunc

571 5539 850 5597 ordinem,
881 5529 1008 5601 quia
1040 5520 1386 5581 commodior
1418 5528 1523 5577 est.
1552 5530 1872 5585 sequemur.

646 5629 918 5697 Georgius
944 5621 1265 5677 Sebolarius
1293 5616 1472 5670 adhuc
1495 5614 1675 5668 laicus
1703 5653 1717 5675 .
1752 5611 1902 5667 cirCa
1936 5608 2168 5665 Floren-

575 5728 679 5786 tini
710 5721 931 5780 concilii
955 5727 1202 5785 tempora
1225 5712 1449 5782 scripsit
1496 5708 1788 5780 epistolas,
1826 5718 1881 5763 ut
1917 5707 2157 5772 videtur,

659 5894 739 5967 (ι)
774 5894 845 5950 lle
881 5902 1183 5953 consensu,
1212 5900 1261 5955 p.
1292 5881 1416 5938 962.

2264 4760 2522 4831 Epistolis
2555 4761 2769 4832 Georgii
2801 4757 3070 4817 Scholarii
3129 4766 3221 4829 qui
3285 4762 3593 4817 Gennadius
3628 4772 3864 4829 postmo-

2265 4858 2394 4909 dum
2426 4856 2553 4924 fuit.
2589 4859 2647 4911 lll
2682 4858 2890 4911 nemini
2924 4858 3193 4925 inscripta
3220 4856 3318 4917 :‘2u
3364 4855 3720 4919 Imperatoris
3751 4852 3866 4904 fra-

2265 4952 2331 5004 tri
2364 4966 2377 5015 ;
2410 4951 2473 5005 δι
2513 4966 2711 5017 magno
2742 4950 3155 5019 chartophylaci
3183 4965 3196 5011 ;
3234 4950 3292 5003 ιι
3332 4948 3511 5002 Marco
3545 4946 3869 5013 Lipomano.

2266 5044 2551 5099 Florentia
2591 5042 2851 5097 Venetias
2884 5044 3091 5104 missa;
3139 5044 3199 5095 5a
3234 5042 3526 5094 Ambrosio
3554 5037 3821 5093 Catualda
3844 5066 3855 5073 -

2272 5140 2413 5194 Icnsi
2445 5156 2459 5201 ;
2494 5139 2565 5193 (5ο
2606 5136 2804 5205 Magno
2849 5139 3011 5193 duci:
3049 5138 3253 5191 ibidem
3288 5150 3507 5204 quoque
3541 5132 3773 5199 scripta,
3813 5142 3870 5184 ιιι

2277 5234 2520 5293 videtur,
2556 5247 2664 5285 non
2701 5248 2766 5285 ex
2802 5231 3035 5295 Griecia,
3076 5242 3135 5286 ut
3166 5231 3483 5300 suspicatus
3514 5238 3597 5280 cat
3633 5225 3868 5278 Allatius

2267 5330 2362 5400 qui
2409 5328 2561 5382 illius
2599 5328 2848 5381 utctuinit
2881 5327 2981 5392 (1).
3016 5326 3209 5381 Exstat
3238 5341 3459 5394 quoque
3492 5324 3545 5374 ιιι
3581 5319 3705 5372 cod.
3737 5316 3873 5371 Col-

2266 5424 2487 5480 liertino
2528 5421 2713 5487 4958;
2753 5422 2814 5474 Ἱι
2883 5436 3159 5493 anonymo
3206 5421 3273 5474 de
3323 5416 3553 5486 privatis
3594 5412 3868 5474 negotiis;

2272 5518 2335 5573 8Ill
2371 5516 2662 5585 Philelpho
2696 5514 3071 5569 Mediolanum
3119 5505 3615 5575 Constantinopoli
3643 5503 3871 5569 scripta.

2285 5624 2342 5667 ut
2378 5611 2660 5671 existimo,
2714 5616 2769 5663 et
2830 5619 2957 5663 ante
3006 5607 3407 5677 profectionem
3464 5602 3729 5657 Italicam,-
3779 5607 3876 5647 aut

2286 5718 2411 5780 post
2444 5706 2686 5764 reditum
2721 5724 2734 5771 ;
2767 5720 2892 5759 nam
2923 5704 2977 5760 in
3016 5719 3079 5759 ca
3109 5704 3261 5759 dolet
3294 5700 3433 5770 eripi
3470 5698 3571 5752 sibi
3605 5709 3701 5766 per
3734 5702 3879 5750 stre»
