4462 6450
451 392 553 453 293

1877 388 2218 481 SClilIlVI'A.

3603 387 3706 445 9.04

455 508 784 563 Possevinus
821 509 1088 572 Appumtu
1125 525 1274 562 sacro
1307 529 1316 561 :
1357 523 1667 575 quanquam
1714 507 1846 558 falso
1906 521 2026 556 sus«
2061 516 2099 566 Α
2137 500 2545 570 ιιιιοιτυεεὶοιιοιιι
2581 501 2820 566 Spiritus
2840 503 3014 554 sancti
3047 518 3072 552 a
3114 501 3271 552 l’atrc
3299 512 3347 553 et
3381 502 3516 553 lt‘ilio
3549 507 3705 562 D(‘l'li.

456 609 715 666 pit-alura
748 598 970 665 Grecis,
1010 601 1286 654 subtracta
1314 601 1559 668 quzedam
1588 599 1754 651 luisse
1810 612 1929 664 quin
1963 594 2028 647 ad

456 772 582 810 vero
613 758 747 812 illud
776 759 950 825 ipsum
987 757 1307 826 mysterium
1335 756 1664 823 imaginibus
1694 762 1748 808 et
1780 754 2032 826 similitu-

455 829 676 881 ilinibus
717 824 1012 888 illustrare,
1044 824 1324 893 quantum
1365 827 1556 891 possit,
1589 828 1789 879 studet.
1820 824 1930 877 Nec
1975 824 2028 875 in

458 904 642 948 barum
666 897 877 948 delectu
909 910 935 947 a
970 897 1240 949 veteribus
1269 895 1514 949 dissidet.
1552 896 1694 949 Solis
1723 902 1870 946 certe
1897 894 2031 946 ima-

458 967 639 1026 ginem
663 966 792 1032 (col.
821 965 946 1031 3‘22)
977 966 1289 1020 invenimus
1317 968 1457 1031 apud
1485 962 2029 1031 Atbenagor..Legat.

461 1036 528 1097 Χ,
559 1037 674 1099 qui,
713 1037 892 1103 qualis
936 1037 1007 1090 sit
1068 1035 1319 1100 spiritus.
1374 1035 1675 1090 lcetoribus
1727 1034 1896 1087 voluit
1957 1036 2028 1085 ita

456 1107 659 1160 clarius
721 1106 970 1158 reddere.
1028 1105 1324 1159 Platonicis
1369 1104 1642 1164 formulis.
1698 1104 2028 1173 quibuscum

458 1179 611 1230 locus
641 1175 654 1226 I
683 1175 886 1229 Joaiin.
948 1173 1035 1238 IV,
1109 1175 1196 1237 i6,
1233 1175 1718 1236 commiscebatur,
1769 1174 2028 1226 innititur

459 1246 546 1300 illa
577 1246 934 1313 mysticorum
988 1245 1163 1312 magis
1193 1259 1355 1313 quam
1393 1245 1853 1299 scholasticorum
1903 1259 2027 1310 pro—

457 1317 572 1383 pria
603 1315 894 1369 Trinitatis
921 1315 1236 1380 explicatio.
1265 1329 1370 1383 qua
1422 1325 1532 1370 tres
1575 1327 1845 1383 personae
1909 1327 2030 1383 esse

455 1371 780 1440 dicebantur
808 1385 972 1447 Deus,
996 1371 1307 1453 'Sapientin',
1347 1389 1527 1439 Amor.
1573 1371 1721 1454 lianc
1787 1371 2029 1454 mysterii
2068 1415 2074 1423 .

457 1455 766 1511 absconditi
795 1456 1196 1520 expositionem
1221 1450 1461 1523 legimus
1489 1455 1546 1523 in
1577 1450 1858 1507 Gcnnadii'
1883 1450 2031 1505 conf.

458 1526 522 1590 ll,
563 1541 615 1592 p.
648 1525 926 1594 i5.lpsam
967 1539 1092 1577 vero
1118 1522 1354 1578 'duartim
1386 1525 1445 1594 in
1473 1522 1691 1594 Christo
1713 1530 2029 1575 naturarum

457 1610 762 1661 earumque
788 1596 1176 1648 distiiictarum
1212 1603 1265 1647 et
1301 1593 1426 1645 καθ’
1453 1593 1756 1644 ὑπόστασιν
1815 1603 2024 1644 tantum

459 1674 510 1716 et
546 1664 922 1731 προσωπικῶς
958 1664 1259 1722 iinitariim,
1281 1663 1572 1729 nonigitur
1604 1663 2021 1731 coministarnm

459 1743 512 1786 ct
537 1733 916 1796 confusarznn,
938 1732 1202 1784 rationem
1237 1733 1478 1785 illustrat
1510 1732 1758 1797 exemplo
1786 1730 2028 1800 antiqui-

463 1815 551 1858 tus
599 1804 712 1871 jam
757 1802 1025 1862 adhibito,
1063 1801 1208 1868 quod
1268 1804 1334 1857 de
1360 1802 1598 1854 hominis
1631 1815 1694 1852 ex
1754 1801 1932 1871 anima
1973 1803 2027 1854 et

459 1869 690 1948 corpore
719 1871 1010 1948 compositi
1035 1879 1226 1948 natura
1257 1871 1670 1948 _SlItI|p-Sil.(c.0i.-
1706 1871 1855 1948 διὲξ.
1885 1869 2026 1948 Idem
2064 1892 2105 1948 Β

1296 1940 1546 2012 plurimis
1572 1939 1725 2004 locis,
1749 1941 1840 1994 sed
1867 1942 2030 1994 etiam
2056 1996 2060 2002 ,

461 1961 569 2000 non
591 1947 765 2001 solum
784 1953 866 1996 est
899 1945 952 1995 in
978 1943 1267 2006 Augustini

460 2017 602 2080 apud
655 2016 794 2068 alios
828 2013 918 2080 qui
971 2010 1425 2081 philosophorum
1457 2010 1867 2081 Platonicorum
1899 2012 2062 2065 doc-‘

460 2079 658 2139 trinam
692 2092 747 2138 et
802 2079 1020 2137 dicendi
1083 2079 1349 2136 rationem
1402 2079 1468 2131 ad
1528 2095 1613 2133 res
1690 2081 2030 2136 Christianas

459 2155 801 2209 enarrandas
823 2152 1334 2208 accommodarunt.
1392 2150 1505 2221 Cir.
1545 2150 1732 2221 Cyrilli
1771 2151 1939 2205 altera
1963 2153 2032 2205 ad

462 2226 622 2280 Suec.
661 2226 839 2294 epist.,
873 2222 1014 2293 Opp.
1055 2222 1199 2294 v.2,
1241 2225 1364 2277 145.
1400 2220 1730 2294 liiiicaﬂ‘ine
1758 2231 1839 2274 est
1875 2223 2030 2289 illud,

459 2296 632 2364 quod.
668 2291 760 2364 qui
815 2291 1338 2349 buic'similitudini
1394 2291 1596 2364 aliquid
1650 2294 1911 2364 momenti
1969 2308 2032 2348 ac

462 2361 721 2436 ponderis
774 2364 1407 2436 inessearbitrarentur,
1452 2361 1555 2436 Ausi
1590 2373 1738 2436 sunt
1771 2363 2030 2425 formula,

460 2434 591 2504 qua,
622 2450 731 2504 quo
764 2444 925 2504 pacto
961 2434 1199 2486 humana
1229 2434 1597 2501 naturajuxta
1632 2435 1872 2488 divinam
1911 2450 2033 2490 esse

461 2507 753 2585 potuisset,
803 2505 1083 2585 explicare
1113 2518 1234 2559 sese
1264 2520 1424 2585 posse
1487 2505 1871 2585 opinarentur,
1932 2506 2033 2585 hac

466 2576 752 2637 nimirum,
775 2590 898 2644 quae
942 2574 1143 2628 ibidem
1169 2575 1310 2643 apud
1336 2574 1682 2629 GcniiaJiiim
1717 2584 1802 2629 cst
1833 2583 1936 2626 art.
1972 2575 2028 2635 7,
2071 2617 2081 2632 ,

460 2648 564 2709 τὴν
599 2644 948 2713 ἀνθρωπείαν
996 2643 1161 2710 φύσιν
1191 2647 1248 2696 ὲν
1291 2645 1441 2712 αὐτῷ
1489 2645 1568 2714 τῷ
1616 2645 2032 2714 προσληφοῆναι

464 2718 752 2784 συστῆναι,
783 2716 927 2784 quod
961 2713 1100 2767 idem
1140 2715 1300 2782 plane
1344 2713 1601 2784 estquod
1646 2713 1709 2768 ex
1760 2715 2034 2784 veteribus

462 2783 832 2840 Alexandrina
889 2785 1237 2855 philosophia
1275 2783 1523 2855 imbutis
1582 2785 1720 2839 dixit
1754 2783 2030 2855 lippolyt.

460 2869 635 2910 contr.
661 2855 841 2919 Non,
871 2855 958 2916 15,
983 2855 1041 2908 ὲν
1069 2853 1212 2922 λόγῳ
1237 2853 1333 2924 τὴν
1363 2856 1624 2908 σύστασιν
1664 2855 1774 2924 ἔχει
1809 2857 1840 2922 ὴ
1873 2853 2031 2925 σὰρξ,

460 2938 514 2980 et
537 2925 680 2995 quod
708 2925 1091 2988 Bellarminus,
1113 2925 1298 2995 multis
1319 2926 1622 2995 intei'jcctis
1657 2925 1873 2979 Seeculis
1901 2941 2030 2980 coii-

463 2993 662 3058 tendit,
688 2995 761 3050 De
795 2995 1028 3059 Christo,
1077 3011 1159 3057 ιιι,
1196 2994 1258 3046 l7
1288 3012 1300 3047 :
1335 2993 1568 3051 Verbum
1606 3003 1876 3050 Sustentat
1932 2997 2034 3050 liu-

465 3069 808 3120 manitatem.
849 3063 1095 3118 Humana
1128 3073 1326 3118 natura
1350 3080 1415 3119 eo
1447 3066 1755 3134 ipso.quod
1797 3068 2033 3121 ailivina

462 3146 743 3202 assumpta
774 3145 880 3196 est,
913 3135 1169 3196 substitit.
1225 3136 1548 3190 subsisteiidi
1587 3136 1816 3202 facultas
1848 3137 2036 3192 huma-

463 3211 622 3261 nitati
653 3225 682 3258 a
705 3206 886 3259 divina
925 3204 1097 3259 altera
1128 3222 1368 3273 personce
1403 3218 1555 3275 parte
1587 3209 1757 3260 indita
1789 3219 1887 3264 est.
1958 3210 2035 3266 Ne

462 3293 593 3332 vero
616 3276 819 3332 Christi
851 3275 1109 3331 divinitas
1139 3277 1387 3331 humana:
1416 3290 1620 3332 natura:
1673 3279 1893 3332 astricta
1918 3296 2035 3335 arc-

461 3351 626 3429 tiore,
660 3348 1683 3429 quam.parerat;lococircumscribi
1734 3350 2034 3429 videretur,

459 3418 758 3472 vindicavit
794 3416 841 3470 ei
877 3417 1007 3486 (col.
1039 3417 1165 3481 διδ)
1209 3417 1298 3487 Dei
1339 3420 1620 3483 virtutem,
1657 3435 1766 3487 qua
1800 3416 2033 3487 veteres;

463 3489 631 3570 veluti
656 3485 905 3556 'Ibeopli.
933 3487 1002 3570 ad
1037 3487 1217 3570 Autol.
1248 3485 1313 3552 ll,
1355 3490 1388 3543 5
1419 3506 1434 3555 ;
1459 3488 1634 3570 _0rig,
1664 3485 1941 3570 ἀεργίης.-
1971 3485 2034 3558 ΙΙ,
2064 3490 2068 3496 ’

465 3561 550 3624 15,
583 3560 748 3612 Deum
807 3559 1015 3611 mundo
1078 3560 1238 3628 longe
1289 3559 1650 3627 superiorem,
1709 3562 1756 3614 ci
1815 3565 2038 3621 minime

457 3631 619 3698 quasi
649 3630 991 3699 implicatum
1010 3643 1151 3691 esse.
1181 3643 1520 3685 conarentur
1544 3642 1856 3686 monstrare
1882 3635 2037 3697 ;dico

462 3698 891 3774 ii|,quodiapud
943 3698 1230 3774 Qi'igeiicm
1283 3703 1489 3774 passim
1519 3713 1604 3774 e_st
1674 3703 1732 3754 τὸ
1784 3704 2033 3774 ἄπειρον,

462 3773 900 3841 ἁ-περίγρσπτον,
933 3771 1327 3841 ἀπερίληπτον.
1362 3772 1508 3826 Dixit
1534 3771 1854 3827 Gennadius
1883 3771 2038 3838 pior-

459 3859 559 3897 sus
588 3859 652 3895 ex
693 3851 871 3896 mente
917 3841 1137 3912 illorum
1203 3843 1653 3912 philosophorum
1698 3854 1805 3897 art.
1877 3843 2032 3902 Vlll:

470 3915 533 3986 f0
586 3912 755 3981 Λόγος
814 3910 1106 3986 τοῦᾢθεοῦ
1168 3915 1311 3963 ἐστιν
1359 3910 1608 3986 ἄτξειρος,
1663 3914 1862 3986 ’ὥσπερ
1946 3918 2038 3971 καὶ

459 3985 594 4046 Θεός
675 3987 859 4054 ὲστινί
908 3983 1159 4049 ἄπειρος,
1226 3983 1588 4054 contendens,
1653 3983 2037 4054 bunc'Adyov

460 4064 516 4109 et
594 4058 645 4108 in
732 4053 955 4107 ϐίη-ἰειο
1027 4052 1294 4119 (lii-mine)
1351 4070 1494 4117 esse.
1578 4067 1631 4110 et
1726 4059 1778 4109 in
1834 4052 2038 4113 mundo

459 4135 516 4181 et
576 4127 627 4178 in
681 4125 855 4196 casio
905 4134 959 4178 et
1023 4124 1078 4177 in
1123 4122 1234 4176 Deo
1277 4124 1437 4196 Patre
1488 4143 1502 4190 ;
1556 4128 1758 4196 quippe
1816 4130 1908 4196 qui
1968 4144 2035 4184 ex

460 4195 780 4268 eorumdein
805 4195 1022 4247 illorum
1052 4194 1326 4260 sententia
1353 4211 1634 4266 nunquam
1657 4194 1669 4196 “
1690 4194 1813 4268 esse
1833 4194 1848 4196 “
1867 4211 2038 4268 posst

461 4267 676 4334 ἄλογος.
707 4265 894 4319 Dicere
918 4273 1099 4318 autem
1134 4280 1302 4338 ausus
1330 4276 1431 4329 est,
1467 4265 1641 4338 Λόγον
1669 4269 1720 4321 in
1763 4265 1879 4324 Deo'
1916 4271 2037 4338 ipso

460 4353 583 4392 esSe
614 4348 667 4390 et
696 4346 876 4389 tamen
915 4353 1010 4406 per
1048 4350 1107 4390 se
1149 4337 1564 4406 subsistentem.
1609 4337 1852 4393 Priscam
1891 4337 2036 4396 enim

459 4408 792 4479 sententiam
824 4407 1081 4479 ante‘jam
1102 4407 1235 4479 (col.
1260 4405 1385 4476 542)
1406 4407 1688 4478 professus
1715 4408 1812 4462 fuit
1835 4421 2042 4479 :quod-

461 4477 866 4552 cunqiiesitin
888 4476 998 4533 Deo
1035 4488 1174 4532 etex
1206 4475 1339 4542 Deo,
1463 4494 1562 4552 sua
1596 4491 1793 4552 natura
1829 4475 2036 4552 (Crusii

462 4561 658 4604 rursus
685 4550 976 4619 lectionem
1007 4558 1233 4604 secutus
1267 4550 1414 4618 sum)
1459 4549 1629 4604 Deum
1675 4549 1854 4619 ipsum
1890 4567 2034 4618 esse,

463 4600 585 4674 is;
601 4600 1411 4690 “i1.unus“.igi‘ui-‘s‘qiagi'
1443 4600 1873 4687 iii-aiataiat
1895 4600 2036 4678 ’ἱῖσῖιῖ
2072 4600 2117 4659 υ

461 4695 582 4745 suis
638 4691 847 4745 viribus
899 4691 1166 4755 exsistat;
1210 4693 1266 4745 in
1314 4693 1422 4746 Deo
1448 4693 1595 4744 enim
1656 4694 1863 4746 nultum
1920 4709 2043 4750 esse

463 4761 836 4832 συμϐεϐηκός,
894 4764 1037 4817 uude
1074 4763 1248 4832 Λόγον
1301 4778 1412 4816 non
1463 4763 1642 4832 solum
1698 4773 1893 4817 natura
1954 4768 2039 4819 sui

463 4843 795 4902 compotem,
828 4834 924 4889 sed
982 4834 1144 4887 etiam
1207 4831 1374 4886 Deum
1434 4848 1574 4887 esse.
1623 4831 1738 4885 Dixi
1801 4837 2038 4903 priscam

465 4905 622 4974 hanc
646 4919 769 4958 esse
800 4913 1331 4974 argumentationem
1371 4913 1424 4957 et
1494 4905 1860 4972 philosophiae
1917 4923 2039 4973 spe-

464 4971 747 5049 cicm'prae
775 4991 834 5031 se
859 4971 1046 5049 ferrea
1069 4973 1267 5049 Iisdem
1312 4989 1459 5028 enim
1496 4971 1821 5049 rationibus
1860 4971 2038 5049 fGi-Veg.

463 5043 601 5097 Naz.
629 5056 774 5099 orat.
823 5061 955 5100 xxXi
1017 5045 1304 5117 declarare
1346 5056 1576 5100 conatus
1612 5053 1716 5108 est,
1779 5043 2041 5117 Spiritum

463 5118 824 5186 esseoiioiav,
861 5131 968 5171 non
1009 5115 1382 5186 συμϐεϐηκός,
1418 5117 1682 5186 deinceps
1703 5115 1870 5170 Deum
1898 5133 2040 5172 esse.

465 5216 537 5229 ιι-
568 5184 752 5259 Viguit
782 5184 1093 5258 antiquitus
1119 5196 1184 5242 de
1222 5184 1586 5257 inspiratione
1620 5184 1729 5242 etsi
1793 5203 1903 5243 non
1954 5203 2044 5242 ac-

467 5270 715 5315 curatius
747 5262 976 5316 deﬁnita
1009 5264 1122 5314 haec
1153 5268 1301 5314 certe
1350 5260 1560 5329 opinio,
1617 5273 1748 5323 non,
1806 5271 1862 5313 ut
1899 5261 2046 5314 vide-

471 5343 580 5396 tur,
618 5335 756 5401 apud
789 5347 1003 5398 omnes,
1043 5330 1138 5386 sed
1166 5331 1311 5401 apud
1349 5331 1697 5394 eruditiores
1740 5345 1804 5384 ac
1838 5331 2045 5386 libera-

469 5405 672 5457 liuies:
707 5406 879 5459 fuisse
936 5418 1044 5456 non
1096 5416 1289 5457 omnes
1320 5417 1509 5458 sacros
1559 5410 1816 5456 auctores
1851 5403 2044 5456 eodem

466 5478 655 5527 dirino
681 5475 862 5528 aillatu
895 5474 1175 5546 dignatas,
1211 5475 1351 5530 alios
1384 5475 1569 5544 ponus
1586 5473 1711 5528 aliis
1729 5475 2046 5541 superiores

469 5549 553 5598 νει
579 5549 812 5617 laigiore
841 5553 923 5601 Vel
968 5550 1173 5602 diutius
1214 5547 1451 5601 durante
1486 5546 1840 5600 revelationis
1891 5546 2048 5600 bene-

544 5707 1276 5781 (i)BauiiizartcuACrusius.
1299 5709 1478 5764 Tlteol.
1505 5708 1658 5777 ιηυιη
1695 5725 1749 5780 p.
1772 5708 1875 5777 35;
1909 5708 2053 5766 Hist.

465 5780 678 5852 Dogm.,
721 5782 785 5846 ll,
812 5780 868 5853 p.
898 5782 1023 5847 982,
1064 5799 1113 5836 ιι.
1153 5784 1206 5836 '2.

539 5866 613 5921 μ)
639 5855 866 5922 .Itistiii.,
898 5853 1040 5907 υιιιι.
1082 5871 1125 5909 c.
1166 5853 1385 5925 'I'iypli.,
1425 5856 1511 5910 δυ.

2141 604 2349 647 ncrent.
2390 592 2444 644 ld
2483 592 2628 644 enim
2663 590 2767 645 n'oii
2800 608 2867 645 ex
2901 596 3195 648 collatione
3240 612 3370 650 mss.
3435 597 3708 657 codicum,

2142 754 2283 806 ﬁcio.
2313 753 2429 804 Hoc
2457 765 2602 808 certe
2623 755 2884 820 Origenes
2930 753 3129 819 szrpius
3167 753 3346 806 fassus
3371 762 3488 814 est;
3539 757 3708 809 diser-

2134 825 2204 876 tis
2228 824 2406 893 verbis
2438 823 2490 875 in
2525 819 2797 876 lioniil.'in
2830 819 3051 873 Numer.
3095 838 3205 875 xVI.
3245 823 3276 876 8
3309 839 3319 873 :
3357 826 3552 891 Aliqua
3582 831 3708 893 (μιῇ-

2134 893 2256 946 dem
2302 891 2556 946 Dominus
2592 894 2810 946 locutus
2864 901 2968 951 est,
3005 900 3060 943 ct
3122 907 3228 945 non
3272 895 3572 959 prophetis;
3602 891 3708 952 alia

2136 978 2264 1014 vero
2295 963 2558 1029 prop/icta:
2585 971 2638 1015 et
2693 979 2799 1016 n0ii
2847 961 3123 1015 Dominus.
3166 962 3284 1015 Pari
3323 966 3485 1018 modo
3542 971 3707 1023 etiam

2133 1031 2450 1086 Gennadius
2490 1035 2628 1086 hanc
2684 1034 2785 1086 sibi
2822 1031 2976 1084 tinxit
3007 1035 3365 1096 sententiam,
3421 1039 3711 1100 propheta-

2137 1117 2276 1160 rum,
2313 1118 2417 1168 qna
2471 1104 2550 1157 nsi
2609 1111 2812 1165 essent,
2869 1101 3283 1169 inspirationem
3323 1113 3376 1157 et
3424 1108 3709 1163 exiliorem

2135 1171 2305 1225 fuisse
2327 1182 2378 1223 et
2410 1174 2794 1238 interruptam.
2837 1171 2948 1223 Hoc
3002 1179 3151 1223 certe
3204 1173 3370 1227 latere
3437 1187 3568 1242 puto
3606 1179 3711 1232 illis

2135 1242 2337 1302 verbis,
2359 1257 2479 1308 qua!
2507 1253 2635 1296 sunt
2667 1243 2795 1308 (col.
2819 1242 2922 1296 546
2945 1242 3006 1305 A)
3035 1242 3162 1295 :Dci
3200 1243 3573 1299 benevolentia
3601 1265 3712 1299 nia-

2135 1315 2216 1375 αἱς
2240 1315 2466 1364 adaucta
2500 1321 2666 1366 estex
2693 1328 2778 1371 eo.
2797 1314 2938 1375 quod
2967 1312 3078 1378 ipse
3107 1311 3247 1365 Deus
3273 1320 3354 1378 (ex
3380 1315 3557 1366 Criisii
3579 1319 3708 1371 edit.

2138 1383 2254 1449 Ipse
2291 1381 2459 1449 Logus
2487 1385 2692 1436 divinus
2713 1393 2760 1436 et
2811 1383 2972 1446 Deus)
3009 1398 3134 1433 cum
3170 1384 3321 1435 onini
3361 1401 3460 1437 sua
3509 1389 3712 1441 virtute

2134 1456 2186 1506 in
2222 1451 2696 1519 Jesumpervenil,
2745 1468 2906 1520 quam
2945 1452 3088 1518 quod
3148 1451 3394 1519 ἔπεμπεν
3452 1457 3531 1516 εἰς
3585 1459 3713 1518 τοὺς

2136 1524 2424 1589 προφήτας
2467 1523 2631 1574 αὑτοῦ
2690 1522 2818 1588 μίαν
2850 1521 3058 1589 χάρινῆ
3121 1522 3246 1578 δύο.
3289 1525 3382 1574 καὶ
3432 1527 3512 1585 εις
3552 1527 3713 1577 ἄλλον

2135 1594 2235 1656 μὲν
2269 1592 2558 1656 προφήτην
2597 1593 2878 1651 ἐλάττονα,
2913 1592 2991 1650 εἰς
3023 1591 3182 1642 ἄλλον
3228 1592 3283 1643 δὲ
3318 1592 3561 1658 μείζονα.
3595 1595 3711 1648 Non

2135 1661 2299 1728 igitur
2332 1662 2511 1714 omnis
2543 1662 2931 1727 proiihetariim
2976 1661 3268 1713 multitudo
3319 1662 3507 1714 eadem
3545 1667 3712 1728 inspi-

2134 1731 2348 1784 ratione
2377 1730 2558 1794 adjiita
2601 1740 2705 1790 est.
2747 1731 2942 1783 nedum
2986 1730 3096 1788 illa,
3158 1745 3280 1797 qua:
3321 1732 3372 1781 in
3423 1729 3552 1784 ,Ιμειι
3587 1737 3709 1797 iuit,

2133 1808 2422 1870 postquam
2461 1800 2606 1855 Dens
2631 1804 2743 1870 ipse
2781 1800 3008 1868 ejusque
3039 1799 3211 1862 Λόγος
3262 1803 3309 1854 ei
3348 1802 3710 1866 ii‘ibabitavit;

2133 1870 2226 1923 sed
2258 1869 2421 1922 modo
2447 1869 2673 1940 majore,
2709 1873 2873 1923 modo
2900 1872 3133 1932 minore,
3160 1871 3346 1936 utique
3397 1888 3493 1940 pro
3523 1889 3712 1925 eorum

2135 1940 2422 2004 dignitate.
2452 1939 2562 1997 Nec
2585 1943 2662 1994 eis
2697 1941 2858 1994 infuit
2886 1940 3082 2004 Λόγος,
3117 1940 3209 1993 sed
3241 1939 3424 2008 xa'pt:,
3481 1944 3532 1995 id
3565 1945 3711 2008 quod

2134 2011 2295 2065 etiam
2358 2009 2424 2064 de
2483 2020 2813 2065 cunctorum
2879 2010 3213 2074 scriptorum
3301 2023 3495 2064 natura
3573 2015 3718 2067 dixit

2135 2090 2245 2137 art.
2270 2079 2605 2147 lit—A670;
2641 2097 2769 2136 vero
2797 2096 2894 2135 cur
2927 2096 3048 2135 cum
3082 2081 3304 2150 homine
3324 2079 3452 2134 Jesn
3495 2087 3718 2150 copula-

2136 2160 2290 2204 rctiir
2347 2154 2675 2218 oportuerit.
2718 2152 2853 2206 bene
2912 2151 3163 2218 exposuit
3217 2148 3538 2207 Gennadius
3565 2148 3712 2222 “(‹οι,

2137 2222 2288 2290 339),
2328 2240 2427 2277 nec
2483 2223 2584 2276 boc
2619 2225 2670 2276 in
2710 2223 2826 2275 loco
2879 2237 2906 2274 a
2960 2222 3263 2291 priscorum
3323 2225 3717 2290 philosophan-

2138 2295 2273 2348 tium
2304 2293 2681 2358 tlieologoium
2711 2290 3000 2348 alienatus,
3036 2290 3211 2346 Totus
3259 2295 3405 2347 enim
3442 2305 3714 2349 terrarum

2135 2365 2288 2418 orbis
2325 2363 2637 2418 divinarum
2677 2366 2849 2433 legum
2881 2362 3084 2419 oblitus
3116 2373 3312 2432 praeter
3337 2363 3556 2418 πάτρος
3581 2369 3718 2419 mul-

2137 2444 2319 2488 torum
2346 2435 2597 2506 deorum,
2632 2439 2722 2501 qui
2756 2450 2886 2506 non
2924 2437 3039 2488 veri
3088 2444 3280 2506 essent
3308 2435 3389 2506 dii
3448 2436 3584 2500 (θεοὶ
3645 2441 3720 2506 μὴ

2135 2506 2288 2567 ὄντες
2337 2505 2538 2574 (ibid.),
2595 2505 2764 2560 cultui
2807 2504 3065 2560 addictus
3126 2503 3248 2557 fuit.
3306 2503 3492 2559 Voluit
3552 2503 3721 2574 igitur

2141 2574 2284 2645 Deus
2322 2576 2633 2628 ἀνάπλατιν
2664 2577 2773 2628 τῶν
2824 2575 3131 2645 ἀνθρώπων
3175 2575 3290 2628 fieri
3334 2591 3429 2640 per
3479 2576 3716 2632 Verbum

2136 2654 2191 2699 et
2213 2643 2510 2714 Spiritum.
2553 2655 2606 2700 et
2639 2646 2709 2700 ob
2743 2646 2882 2699 hanc
2934 2643 3291 2714 potissimum
3328 2662 3516 2699 novam
3566 2665 3719 2700 rrec-

2140 2718 2335 2768 tionem
2377 2745 2445 2754 ——
2473 2733 2595 2784 qua:
2631 2731 2821 2770 rursus
2868 2731 2931 2770 ex
2985 2716 3393 2770 Platonicorum
3450 2722 3720 2772 sententia

2137 2786 2280 2854 dicta
2310 2794 2395 2839 est
2426 2816 2484 2825 —
2512 2788 2771 2841 divinitas
2811 2789 3052 2854 suscepit
3092 2786 3385 2840 humanam
3444 2795 3718 2842 naturam.

2140 2853 2230 2910 Sic
2262 2855 2481 2924 quidem
2525 2858 2736 2923 paravit
2783 2857 2926 2912 Deus
2987 2858 3057 2911 ob
3087 2855 3258 2912 solam
3295 2872 3449 2909 suam
3508 2859 3724 2912 miseri-

2138 2925 2383 2980 cordiain
2428 2936 2749 2981 convertere
2789 2928 3038 2983 homines
3062 2937 3116 2980 et
3196 2926 3430 2981 liberare
3463 2929 3571 2980 ἀπὸ
3626 2930 3724 2996 τῆς

2138 2996 2347 3067 πλάνης
2382 2998 2492 3050 τῶν
2521 2999 2815 3066 δαιμόνων.
2855 2997 3029 3062 Quam
3077 3004 3245 3050 totam
3274 3000 3591 3067 opinionem
3659 3016 3720 3051 es

2139 3064 2543 3122 Platonicorum
2574 3064 2799 3136 scriptis
2832 3077 3116 3121 mutuatus
3146 3075 3251 3120 est.
3303 3065 3364 3118 Hi
3399 3067 3543 3120 enim
3590 3069 3724 3119 deos

2141 3137 2440 3192 alienarum
2472 3140 2714 3207 gentium
2768 3143 2985 3193 deorum
3039 3138 3260 3191 nomine
3314 3137 3568 3205 indignos
3631 3140 3724 3192 il;t~-

2148 3208 2410 3272 buerunt,
2453 3210 2545 3262 sed
2573 3211 2850 3262 daemones
2903 3211 3194 3272 vocabant,
3235 3223 3469 3276 quorum
3533 3213 3723 3262 tranile

2145 3277 2349 3349 factum
2383 3279 2474 3340 sit,
2512 3289 2567 3332 iit
2617 3294 2757 3331 unus
2801 3279 2942 3335 Deus
2974 3278 3360 3349 iiegligeretur,
3405 3280 3566 3348 inque
3598 3297 3722 3332 cum

2142 3347 2314 3403 oﬂicia
2343 3350 2702 3409 violarentur,
2738 3359 2796 3401 ut
2824 3347 3063 3403 ileomm'
3085 3351 3305 3402 nomina
3364 3350 3580 3402 inventa
3639 3370 3726 3403 i-s-

2144 3429 2267 3472 sent
2297 3419 2628 3486 tabulaque,
2681 3435 2917 3486 quarum
2958 3422 3228 3473 suavitate
3297 3421 3478 3472 omnis
3522 3424 3726 3474 veritas

2144 3489 2360 3542 sublata
2402 3501 2569 3554 esset,
2621 3491 2942 3557 excogitatae
2987 3503 3154 3560 atque
3201 3491 3252 3542 in
3285 3491 3499 3558 'vulgns
3560 3494 3726 3544 dissi-

2145 3571 2279 3628 patas
2305 3560 2405 3628 ti).
2440 3560 2594 3625 Quod
2629 3562 2935 3613 animarum
2970 3573 3092 3629 post
3139 3569 3368 3614 mortem
3404 3569 3606 3612 statum
3644 3572 3726 3613 at-

2143 3631 2298 3693 tinet.
2331 3647 2394 3684 ex
2429 3633 2622 3700 priscae
2656 3629 2916 3685 Ecclesia:
2941 3632 3347 3686 consuetudine
3375 3632 3590 3683 illarum
3623 3634 3725 3683 im-

2144 3702 2528 3754 mortalitatem
2571 3717 2696 3755 cum
2745 3715 3037 3770 corporum
3095 3703 3520 3755 resuscitatione
3576 3717 3728 3756 arcte

2142 3772 2476 3838 composuit,
2501 3786 2728 3839 corpora
2766 3782 3082 3826 sanctorum
3114 3772 3418 3826 secundum
3473 3772 3723 3825 Platoni-

2142 3857 2236 3898 cas
2274 3843 2536 3896 formulas
2560 3841 2835 3910 ἄφθαρτα,
2867 3843 3124 3911 φωτεινὰ,
3151 3843 3364 3913 ἐλαφρὰ
3394 3841 3579 3896 futura
3607 3861 3731 3900 ess:

2145 3923 2296 3968 ratus
2322 3914 2450 3984 (col.
2485 3914 2632 3983 546).
2671 3913 2810 3979 Quid
2839 3913 3055 3967 interim
3093 3929 3265 3983 usque
3297 3915 3362 3967 ad
3421 3914 3568 3966 illam
3607 3919 3740 3969 cor"

2143 4001 2334 4053 porum
2373 3985 2780 4038 restitutionem
2806 3995 2970 4053 agant
2994 4000 3057 4037 ac
3089 3988 3332 4039 sentiant
3365 3986 3584 4048 animm,
3621 4003 3727 4040 non

2143 4056 2277 4108 Satis
2302 4055 2472 4122 liquet
2497 4069 2558 4108 ex
2585 4062 2689 4108 art.
2732 4053 2822 4108 12.
2846 4053 2909 4108 Νι
2951 4071 3080 4110 vero
3115 4057 3335 4124 egregie
3363 4056 3541 4118 fallor,
3594 4071 3730 4125 pra:-

2145 4125 2325 4195 parari
2352 4139 2447 4195 eas
2484 4128 2787 4192 putavit-ad
2824 4128 3043 4194 plenam
3094 4126 3450 4180 beatitudinis
3506 4141 3732 4194 percep—

2145 4194 2374 4250 tionem.
2411 4194 2559 4249 Dixit
2615 4198 2783 4261 enim,
2827 4198 2965 4251 tales
3017 4197 3230 4252 animas
3284 4196 3623 4248 τελειοῦσθαι
3652 4215 3730 4259 εις

2140 4267 2240 4336 τὴν
2276 4264 2507 4337 γνῶσιν,
2540 4281 2646 4336 qna
2676 4283 2848 4337 usque
2875 4268 2941 4321 ad
2970 4282 3200 4337 corpora
3225 4268 3434 4322 reddita
3484 4269 3732 4321 adauctu:

2143 4338 2403 4392 videbunt
2468 4336 2561 4390 Dei
2623 4336 2844 4403 arcana,
2880 4353 3003 4408 quas
3052 4353 3196 4392 nunc
3231 4339 3454 4409 quidem
3493 4338 3604 4401 jam
3637 4356 3731 4389 eo-

2144 4418 2436 4478 giioscunt,
2493 4409 2587 4463 sed
2651 4419 2862 4461 tantum
2900 4407 3016 4477 iper
3069 4407 3260 4462 Iidem.
3309 4407 3529 4460 lit-fellit
3569 4411 3734 4476 igitur

2148 4483 2362 4534 illorum
2410 4480 2763 4542 sententiain,
2817 4480 2909 4549 qui
2969 4480 3278 4533 animarum
3332 4479 3412 4532 \el
3457 4481 3731 4547 justorum

2147 4550 2520 4605 conditionem
2548 4564 2670 4604 esse
2700 4550 2750 4601 in
2773 4565 2994 4612 sensus.
3023 4551 3218 4603 virium
3280 4560 3332 4602 et
3381 4552 3733 4604 conscii-mia:

2147 4620 2392 4675 carentia
2417 4625 2818 4685 opinarentur;
2867 4621 3177 4675 rectissime
3220 4629 3427 4673 etcum
3491 4632 3733 4674 νειυιιιιε..

2145 4689 2369 4761 optimis
2393 4700 2445 4743 et
2472 4690 2844 4759 sagacissimis
2863 4693 3000 4746 .viris
3041 4691 3116 4758 (ἓ)
3153 4691 3264 4760 jam
3317 4693 3410 4743 illo
3470 4701 3734 4758 tempore,

2149 4767 2291 4816 inter
2325 4773 2555 4814 mortem
2586 4773 2635 4814 et
2659 4763 3136 4816 msuscitationem
3173 4763 3374 4829 posito.
3407 4778 3524 4815 esse
3556 4779 3737 4813 temn-

2149 4830 2452 4886 iierationis
2482 4833 2698 4884 initium
2722 4842 2972 4885 statuens
2997 4833 3098 4901 t5).
3131 4862 3198 4871 —
3253 4837 3466 4886 Addere
3498 4835 3736 4899 denique

2148 4915 2320 4973 pauca
2348 4902 2497 4973 lubet
2531 4902 2600 4956 de
2633 4904 2977 4971 argumentis
3003 4919 3100 4972 pro
3134 4906 3209 4958 rei
3251 4905 3581 4958 Christiana:
3635 4921 3735 4953 ιυ-

2149 4971 2310 5027 ritate
2333 4986 2362 5024 a
2391 4971 2676 5026 Geniiadio
2697 4973 2945 5040 prolatis.
2973 4978 3052 5027 A'c
3083 4976 3260 5037 primo
3296 4979 3416 5027 loco
3449 4976 3599 5041 ponit
3650 4990 3742 5041 vn-

2147 5044 2332 5098 ticinia
2364 5044 2490 5110 (col.
2524 5041 2675 5111 547).
2705 5059 2868 5111 quam
2900 5047 3025 5098 item
3056 5042 3328 5110 Justinus,
3364 5040 3518 5113 Αμοι.
3556 5060 3613 5107 ιι,
3651 5040 3742 5106 30,

2193 5117 2420 5183 εγίστην
2450 5119 2541 5168 καί
2586 5116 2964 5184 ἀληῢεστάην
3000 5116 3279 5180 ἀπόδειξιν
3339 5134 3462 5170 che
3498 5132 3742 5168 censuit.

2193 5133 2420 5183 εγιστην
2450 5133 2541 5168 και
2586 5133 2964 5184 αΑηυεστα.ην
3000 5133 3279 5180 among»
3339 5134 3462 5170 eSse
3498 5133 3742 5168 censuit.

2149 5133 2493 5241 vaticuiatos
2522 5201 2646 5241 esse
2681 5187 3002 5255 prophetas,
3040 5204 3383 5256 quaecunque
3422 5193 3654 5240 iecerint
3691 5201 3744 5238 et

2147 5257 2408 5313 Christus
2446 5268 2498 5311 et
2551 5259 2806 5326 apostoli,
2861 5275 3023 5324 quem
3077 5269 3396 5312 accuratum
3457 5261 3744 5312 vaticinii)-

2151 5345 2270 5384 rum
2321 5330 2373 5382 in
2413 5329 2639 5383 Christo
2693 5340 2945 5383 eventum
2999 5329 3230 5384 miratus
3272 5334 3382 5398 iam
3413 5329 3518 5384 fuit
3570 5332 3697 5397 Uti-,5
3732 5368 3748 5393 ,

2155 5399 2230 5454 De
2285 5401 2455 5468 princ.
2485 5415 2544 5464 II,
2574 5398 2752 5469 ﬂsqq.
2781 5419 2792 5463 ;
2823 5402 2875 5452 iu
2915 5399 3113 5454 locum.
3172 5411 3305 5456 toni.
3359 5401 3428 5465 ll,
3473 5402 3582 5466 ‘28;
3625 5417 3749 5454 \eia

2158 5476 2321 5543 etiam
2392 5473 2617 5543 oracula
2687 5472 3005 5543 Grieeoi'um
3071 5475 3426 5543 συγχωρήσει
3492 5472 3628 5523 Θευο
3682 5487 3750 5525 ue

2159 5542 2382 5599 Christo
2410 5542 2550 5598 facta
2586 5544 2792 5609 fuisse;
2832 5542 2886 5598 id
2919 5544 3066 5612 quod
3097 5561 3208 5598 non
3245 5542 3474 5598 multum
3507 5555 3663 5597 abest
3718 5561 3749 5596 ει

2239 5709 2313 5778 (5)
2341 5707 2598 5764 Eaindem
2643 5707 2759 5762 fere
2781 5708 3113 5780 sententiain
3174 5708 3407 5780 legimus
3444 5709 3630 5762 multis
3661 5725 3752 5760 ar-

2165 5782 2442 5907 gumentis
2469 5781 2772 5836 stabilitam
2813 5782 2865 5833 in
2898 5779 3043 5834 libro
3077 5795 3178 5850 pro
3216 5779 3415 5834 eoiieil.
3481 5784 3757 5846 l"ioreiit.,

2163 5868 2212 5906 e.
2288 5893 2301 5907 .
