4462 6450
485 365 595 428 313

1458 374 1560 433 Ex
1597 373 1797 433 iiIS‘i‘.
1837 353 2419 435 i‘.\TItl.-ti‘.CllIC.-\
2455 378 2812 444 (Ἄποικος.

3675 385 3782 447 314

485 459 671 524 χρόνοι
729 458 837 518 ἀπδ
875 460 1121 528 Χριστοῦ
1157 465 1468 530 γεννήσεως
1519 463 1683 530 χίλιοι
1736 463 2079 531 τετρακόσιοι
2113 469 2152 519 Α
2187 472 2241 515 tu

2020 478 2079 513 ,οι
2113 469 2152 519 Α
2187 472 2272 515 tur
2304 466 2431 517 anni
2467 480 2493 516 a
2530 477 2657 519 nato
2681 465 2904 520 Christo
2975 466 3123 522 tnille
3175 468 3558 537 qmdtingenti
3618 476 3782 540 quin-

488 553 914 618 τῖενηντιτρεῐς,
953 552 1123 620 Μαΐῳ
1163 554 1388 622 εἰκοστῇ
1425 555 1648 623 ὶννάτῃ,
1685 554 1868 623 ἡμέρα
1895 553 2076 622 τρίτῃ.

490 640 680 708 Ὅμως
703 639 960 709 ἣξευρεν,
982 645 1062 695 ὅτι
1105 645 1220 706 πῶς
1241 645 1290 696 oi
1325 643 1587 713 Ῥωμαῖοι
1619 646 1776 713 ἔχουν
1809 646 2080 716 πατριάρ-

486 748 587 800 χην
613 733 844 786 πάντοτε
878 735 1015 788 διότι
1047 736 1152 788 tae
1181 739 1260 797 εἰς
1285 737 1386 806 τὴν
1410 737 1565 788 πόλιν
1588 738 1766 802 ἔκαμε
1797 737 1888 789 τὸν
1915 737 2080 790 πλέον

488 823 703 889 καιρὸν,
748 827 882 892 πρὶν
942 832 1076 896 περὶ
1136 826 1202 879 νά
1265 826 1364 896 τὴν
1420 829 1601 898 ἐπάρη
1634 828 1884 891 ἔσοντας,
1941 828 2078 882 ὀποῦ

486 917 783 979 ἁφέντευεν
807 919 834 969 6
861 919 1110 989 πατέρας
1147 919 1318 974 αὑτοῦ
1359 922 1592 974 σουλτᾶν
1649 921 1968 991 Μουράτης,
1998 923 2080 983 εἰς

487 1009 589 1077 τὴν
635 1011 1110 1079 Ἀδριανούπολιν.
1185 1013 1294 1067 Καὶ
1383 993 1585 1084 ἧξευρε
1647 1016 1715 1067 τά
1793 1013 2082 1083 Ῥωμαϊκά

491 1100 664 1154 καλλά
700 1101 794 1154 καὶ
826 1103 1152 1168 λεπτότατα,
1179 1104 1273 1156 καὶ
1296 1104 1592 1171 τὰςτάξεις
1617 1105 1724 1158 τῶν
1763 1106 2079 1170 Ῥωμαίων.

491 1194 693 1246 Λοιπὸν
729 1195 1038 1265 ἐθαύμασε,
1076 1197 1193 1260 πῶς
1241 1198 1331 1251 ὁὲν
1364 1199 1581 1264 ὑπῆγεν
1617 1200 1646 1251 6
1702 1200 2077 1270 πατριάρχης,

487 1288 553 1341 νά
613 1288 704 1341 τὸν
755 1290 1168 1361 ἱπροσκυνήσῃ,
1220 1291 1299 1354 ὡς
1361 1285 1594 1360 ἁφὲντή,
1655 1294 1748 1345 καὶ
1815 1293 2077 1364 εουμώθη

485 1380 688 1444 πολλὰ,
725 1384 818 1433 καὶ
848 1382 1267 1449 -ὲσυλλογίζετο,
1302 1384 1354 1436 τί
1402 1384 1521 1438 έναι
1551 1386 1730 1438 τοῦτο.
1767 1387 1876 1440 Καὶ
1911 1391 1969 1442 ὲν
2002 1378 2099 1454 τῷ

484 1472 601 1538 ἅμα
650 1473 846 1542 ἔκραξε
881 1477 1010 1536 τοὺς
1045 1477 1369 1545 κληρικοὺς,
1403 1479 1498 1531 καὶ
1532 1475 1656 1531 εἷπε
1681 1494 1696 1510 ο
1735 1479 1843 1534 Ποῦ
1877 1480 1995 1534 έναι
2052 1483 2079 1535 6

485 1564 934 1632 πατριαρχήσας,
976 1566 1070 1617 καὶ
1114 1567 1203 1619 δὲν
1250 1562 1382 1637 ἦλθε
1441 1571 1509 1621 νά
1576 1569 1644 1638 μὲ
1693 1572 2076 1643 προσκυνήσει,

480 1654 557 1714 ὡς
623 1654 918 1722 βασιλέανς
981 1658 1132 1710 Διότι
1188 1659 1358 1722 αὐτὸς,
1400 1662 1429 1714 6
1477 1661 1772 1725 σουλτάνος
1824 1664 2078 1732 ὲπεθύμα

482 1745 658 1799 πολλὰ
687 1748 753 1800 νὰ
783 1749 966 1817 ὁμιλεῖ
987 1750 1130 1819 μετὰ
1160 1751 1256 1805 τοῦ
1273 1753 1625 1823 πατριάρχου
1662 1755 1790 1824 περὶ
1814 1757 2077 1820 πίστεωςο

481 1839 575 1890 καὶ
609 1839 674 1893 νὰ
730 1840 937 1911 ipensa,
1003 1845 1070 1897 νά
1128 1845 1381 1916 μανθάνῃ
1413 1848 1484 1899 τὰ
1521 1847 1619 1900 τοῦ
1666 1846 1825 1901 Θεοῦ.
1891 1849 2080 1918 Ὅμως

485 1923 650 1981 εἶπαν
678 1931 848 1985 αὑτοῦ
888 1933 937 1986 oi
965 1935 1245 2005 κληρικοὶ,
1276 1937 1358 1988 ὅτι
1410 1937 1518 1989 ἀπὸ
1550 1938 1720 1990 πολὺν
1755 1939 1947 2007 καιρὸν
1977 1956 2081 1992 παά

486 2023 761 2094 τριάρχην
789 2025 881 2079 etv
911 2026 1146 2097 ἔχωμεν·
1186 2028 1270 2081 ὅτι
1302 2031 1330 2082 6
1352 2026 1727 2100 πατριάρχης,
1758 2031 1898 2085 ὀποῦ
1922 2026 2076 2102 ἦτον,

483 2113 877 2185 θεληματικῶς
903 2119 1111 2184 ζῶντος
1145 2138 1241 2175 του
1273 2121 1454 2192 άφηκε
1489 2122 1549 2176 τὸ
1581 2123 1801 2194 σκαμνῆ
1820 2140 1935 2189 του,
1981 2125 2080 2177 καὶ

482 2211 595 2264 ἀπὸ
622 2211 742 2266 τότε
765 2213 925 2266 ἄλλον
950 2214 1039 2268 δὲν
1073 2216 1360 2285 ἔκάμαμε.

2182 557 2445 624 quaginta
2484 568 2615 624 tres,
2663 558 2960 628 ipsa'urhe
2992 559 3062 611 ‘29
3096 558 3183 611 die
3237 559 3384 620 Maii,
3431 561 3564 612 feria
3618 565 3782 615 tertia

2181 647 2312 716 (die
2341 647 2590 718 Martis),
2631 662 2815 718 capta.
2845 650 2999 704 Tune
3023 650 3112 704 ille
3140 651 3319 714 scivit,
3365 651 3645 718 Romanis,
3683 671 3780 709 seu

2180 739 2408 801 Graecis.
2475 757 2695 811 semper
2757 741 2928 796 fuisse
2983 744 3356 812 patriai-ctiam
3413 761 3427 796 :
3491 758 3778 812 propterea

2182 832 2326 898 quod
2353 833 2454 887 hac
2503 832 2555 886 iu
2609 833 2764 898 urbe,
2816 844 3117 903 antequam
3173 849 3293 889 eam
3345 837 3606 901 cepisset,
3663 838 3782 906 ipse

2185 922 2454 990 majorem
2492 924 2757 993 temporis
2803 934 3019 993 partem
3069 934 3347 990 exegerat.
3402 936 3553 994 patre
3608 927 3781 994 ipsius

2184 1014 2397 1070 Mttrata
2470 1016 2826 1086 Adrianopoli
2861 1016 3210 1071 dominante.
3262 1015 3428 1070 Norat
3461 1020 3649 1080 itaque.
3693 1035 3781 1071 res

2183 1105 2464 1163 Romanas
2498 1116 2554 1162 ct
2606 1108 2831 1162 ordines
2887 1109 3460 1177 gubernationemque
3497 1110 3779 1162 llomano-

2181 1214 2302 1252 rum
2331 1198 2500 1268 probe
2521 1207 2575 1252 et
2596 1210 2810 1254 exacte.
2853 1199 3096 1256 Proinde
3123 1203 3425 1256 mirabatur
3449 1201 3576 1269 quid
3599 1216 3783 1256 eat-sa».

2181 1303 2329 1349 esset
2359 1294 2504 1363 quod
2539 1295 2850 1365 patriarcha
2881 1311 2990 1351 non
3020 1299 3234 1352 veniret
3261 1299 3326 1352 ad
3363 1315 3422 1352 se
3461 1297 3785 1367 suppliciter

2184 1383 2414 1439 honoris
2477 1399 2681 1446 causa,
2721 1400 2818 1452 pro
2889 1388 3112 1440 domino
3183 1401 3517 1455 agnoscens,
3593 1386 3784 1448 iraque

2185 1487 2497 1532 commotus
2526 1477 2804 1546 cogitabat
2824 1479 2956 1548 quid
2991 1480 3092 1532 hoc
3119 1480 3194 1533 re':
3223 1491 3392 1533 esset.
3425 1481 3497 1532 Ac
3519 1478 3785 1530 continuo

2184 1570 2377 1624 accitis
2402 1570 2798 1625 ecclesiasticis
2850 1572 3009 1632 viris,
3043 1572 3217 1625 dixit:
3253 1570 3354 1625 Ubi
3405 1581 3511 1633 est,
3548 1571 3639 1635 qui
3681 1583 3781 1637 pa-

2186 1660 2445 1716 triarchae
2510 1676 2713 1716 munus
2764 1663 2978 1728 gessit?
3027 1662 3210 1728 Quare
3256 1679 3363 1716 non
3414 1662 3672 1723 accessit,
3724 1671 3784 1712 ut

2191 1753 2325 1806 mihi
2369 1761 2629 1821 tanquam
2657 1755 2767 1823 regi
2803 1755 3167 1808 reverentiam
3197 1753 3436 1807 debitam
3472 1750 3785 1808 exhiberet?

2192 1844 2316 1901 llaec
2357 1845 2635 1900 sultanus.
2682 1845 2874 1914 Magna
2892 1846 3037 1898 enim
3059 1846 3182 1913 ejus
3203 1847 3446 1898 animum
3477 1845 3788 1899 incesserat

2189 1938 2391 2006 cupido
2421 1937 2645 1992 videndi
2684 1939 3080 2007 patriarcham,
3112 1947 3314 1993 etcum
3345 1953 3410 1991 eo
3433 1936 3499 1993 de
3525 1936 3788 2005 religione

2155 2031 2564 2101 .colloquendi,
2592 2039 2651 2086 ut
2681 2048 2744 2086 ex
2778 2047 2844 2086 eo
2871 2048 3149 2101 quaerens,
3189 2049 3278 2087 res
3319 2033 3535 2086 divinas
3584 2044 3792 2098 cogno-

2187 2132 2390 2178 sceret.
2442 2123 2601 2180 Tunc
2644 2126 3055 2195 responderunt
3104 2126 3152 2179 ei
3186 2125 3373 2181 clerici
3425 2124 3501 2178 illi
3535 2141 3548 2176 :
3581 2121 3704 2176 Jatn
3759 2137 3787 2172 a

2191 2217 2357 2289 longo
2417 2227 2663 2289 tempore
2726 2235 2834 2273 non
2898 2219 3167 2275 habemus
3221 2218 3616 2289 patriarcham.
3679 2215 3785 2281 Qui

480 2306 628 2361 enim
697 2308 1014 2378 patriarcha
1067 2312 1212 2380 fuit,
1272 2328 1372 2369 sua
1397 2321 1618 2387 sponte,
1658 2314 1840 2370 adhuc
1871 2312 2087 2379 vivens,
2128 2313 2352 2370 sedem-
2396 2330 2554 2372 suam
2622 2315 2869 2386 reliquit,
2926 2326 2980 2370 et
3030 2315 3097 2370 ab
3152 2330 3218 2369 eo
3274 2322 3522 2382 tempore
3577 2308 3789 2363 nullum

481 2403 648 2458 alium
684 2404 1032 2464 sum-cintus.

548 2498 662 2552 Kal
693 2499 937 2564 ἀκούσας
981 2499 1210 2557 τοῦτοὸ
1276 2504 1595 2572 σουλτάνος,
1663 2505 1905 2561 ἔπαυσεν
1969 2505 2080 2559 ἀπὸ

482 2592 578 2644 τδν
603 2591 777 2660 θυμὸν
811 2592 951 2646 ὀποῦ
986 2589 1102 2666 εἶχε
1127 2613 1144 2627 ·
1177 2597 1276 2650 καὶ
1326 2597 1540 2669 θέλημα
1582 2601 1711 2662 τοὺς
1750 2598 1944 2661 ἔδωκε,
1983 2580 2089 2650 καῖ

481 2685 609 2746 τοὺς
647 2683 807 2739 εἷπε·
840 2687 1074 2742 Ὀποιον
1134 2691 1346 2754 θέλουν,
1389 2693 1456 2744 νὰ
1507 2693 1743 2762 κάμουν,
1779 2690 1924 2744 κατὰ
1979 2690 2081 2761 τὴν

488 2780 675 2831 πεστιν
709 2796 862 2837 τους.
897 2781 1011 2835 Καὶ
1065 2781 1250 2845 τοῦτο,
1286 2783 1426 2838 ὀποῦ
1484 2780 1641 2838 εἶπεν
1697 2786 1727 2836 6
1761 2783 2079 2848 σουλτάνος,

482 2872 566 2924 ὅτι
619 2872 686 2926 νά
734 2873 953 2942 κάμουν
1021 2875 1402 2946 πατριάρχην,
1456 2877 1517 2930 τὸ
1548 2877 1724 2948 ἔκαμε
1769 2893 1837 2946 με
1864 2877 2030 2948 τέχνη
2062 2891 2076 2908 ·

481 2963 569 3016 διὰ
601 2966 671 3018 νά
691 2965 928 3020 άκούουν
949 2969 995 3020 οἱ
1033 2969 1387 3038 Χριστιανοὶ,
1409 2970 1492 3024 δτι
1525 2969 1686 3041 ἔχουν
1707 2971 2080 3044 πατριάρχην,

483 3055 550 3110 νά
579 3056 812 3128 τρέχουν
843 3059 927 3123 εις
947 3058 1051 3132 τὴν
1083 3059 1266 3116 πόλιν.

553 3321 760 3379 Δοιπὶν
787 3326 836 3380 oi
870 3327 1156 3398 κληρικοὶ,
1186 3322 1335 3385 κατᾶ
1364 3330 1459 3385 τὸν
1506 3331 1742 3402 ὁρισμὸν
1786 3329 1888 3386 τοῦ
1927 3331 2081 3385 σουλ-

478 3420 645 3473 τὰνου
673 3418 946 3486 ὲσὺναξαν
1000 3423 1269 3493 μερικοὺς
1305 3425 1438 3486 τοὺς
1489 3424 1721 3496 πλησίον
1777 3427 2078 3496 ἀρχιερεῖς.

480 3512 596 3564 Καὶ
660 3511 887 3566 συνόδου
942 3511 1270 3584 γενομένης,
1314 3513 1543 3580 ἔκλεξαν
1611 3516 1723 3569 ὅλοι
1776 3515 2082 3586 ὁμοφώνως

477 3603 568 3655 τὴν
617 3603 934 3672 σοφώτατον
971 3604 1159 3674 κύριν,
1207 3603 1486 3676 Γεὼργιον
1546 3608 1641 3659 τὸν
1694 3605 2007 3677 σχολάριον,
2053 3606 2082 3658 6

478 3697 665 3759 ὃποιος
698 3691 832 3765 ἦτον
856 3697 1054 3766 κριτὴς
1090 3695 1194 3764 τῆς
1226 3695 1524 3767 βασιλικῆς
1553 3699 1816 3768 κρίσεως,
1871 3702 1951 3762 εἰς
1982 3699 2080 3764 τὰς

480 3790 697 3860 ἡμέρας
746 3789 856 3842 τῶν
926 3789 1200 3858 βασιλέων
1238 3791 1348 3844 τῶν
1414 3791 1731 3862 Ῥωμαίων.
1789 3794 1902 3846 Καὶ
1951 3793 2081 3848 ὅταν

481 3882 700 3952 ὑπῆγεν
734 3884 763 3935 6
794 3882 1052 3953 βασιλεὺς
1099 3883 1358 3952 Ἰωάννης
1393 3885 1422 3938 6
1463 3883 1838 3955 Παλαιολόγος
1871 3887 1956 3950 εις
1982 3885 2081 3957 τὴν

491 3979 804 4048 Φραγγῑαν,
837 3976 977 4031 ὀποῦ
1003 3976 1223 4048 ικαμαν
1255 3977 1356 4049 τὴν
1389 3978 1586 4049 ὀγδόην
1616 3979 1836 4033 σύνοδον
1857 3996 1870 4009 ·
1903 3980 2080 4052 ιπῆρε

478 4070 578 4125 καὶ
622 4069 808 4133 αὑτὸν,
844 4068 920 4131 ὡς
951 4067 1293 4137 σοφώτατον.
1331 4063 1505 4122 Ἦτον
1539 4067 1597 4121 δὲ
1645 4068 1850 4139 ἄνδρας
1904 4066 2080 4135 ἁγιώ-

476 4177 640 4222 τατος
700 4161 798 4212 καὶ
827 4157 1253 4223 εὐλαϐέστατος.
1287 4159 1421 4223 Καὶ,
1455 4158 1530 4222 ὡς
1564 4158 1781 4213 ἔδωκαν
1812 4158 1983 4215 αὐτοῦ
2019 4159 2082 4212 τὸ

480 4256 685 4323 μικρὸν
719 4256 950 4325 μήνυμα
1010 4249 1102 4309 διὰ
1137 4255 1204 4308 νὰ
1251 4253 1345 4308 τὸν
1402 4254 1652 4325 ἐκάμουν
1701 4255 2077 4326 πατριάρχην,

2263 2496 2381 2554 lioc
2421 2513 2518 2552 rex
2551 2496 2765 2554 audito.
2796 2497 3030 2552 cessavit
3060 2497 3128 2551 ab
3164 2498 3244 2550 ira
3299 2509 3464 2562 quam
3517 2507 3794 2562 concepe—

2192 2601 2302 2657 rat,
2324 2605 2534 2660 suaque
2556 2590 2838 2645 voluntate
2873 2599 3197 2658 potestatem
3234 2590 3387 2644 dedit
3425 2590 3508 2644 eis
3537 2588 3786 2649 creandi,

2202 2684 2458 2740 dicens:
2540 2684 2648 2739 Vos
2715 2699 2845 2739 vero
2915 2684 3079 2737 facile
3160 2682 3534 2752 patriarcham
3597 2695 3797 2750 quem-

2194 2791 2416 2847 cunque
2477 2774 2684 2830 voletis
2748 2791 2812 2829 ex
2874 2775 3191 2844 pra‘seriplo
3235 2774 3514 2845 religionis
3567 2781 3789 2826 vestrae.

2193 2869 2308 2928 Hoc
2340 2880 2549 2934 autem,
2577 2868 2724 2939 quod
2753 2868 2826 2924 ita
2861 2869 2929 2924 de
2962 2869 3217 2923 iaciendo
3267 2868 3580 2937 patriarcha
3628 2865 3796 2931 dixit,

2192 2979 2304 3020 non
2334 2978 2524 3018 amore
2553 2961 2836 3034 religionis
2873 2962 2942 3015 ab
2970 2976 3035 3015 eo
3061 2963 3268 3016 dictum
3302 2960 3535 3023 fuit,scd
3570 2958 3790 3014 callide.

2189 3054 2379 3111 Voluit
2437 3053 2674 3116 scilicet.
2737 3065 2797 3108 ut
2850 3051 3183 3108 Christianis
3245 3051 3450 3121 ubique
3525 3050 3793 3117 dispersis

2189 3150 2592 3211 innotesceret,
2621 3147 2824 3202 iterum
2862 3161 3104 3216 praeesse
3133 3145 3529 3216 patriarcham,
3570 3157 3680 3214 quo
3713 3142 3796 3198 sic

2186 3240 2255 3296 ad
2283 3237 2685 3296 conferendum
2715 3252 2775 3294 se
2800 3236 2854 3292 in
2894 3238 3086 3292 urbem
3117 3238 3500 3292 allicerentur.

2256 3334 2496 3403 Accepta
2530 3332 2698 3402 igitur
2735 3330 2840 3385 hac
2875 3331 3160 3395 facultate,
3202 3331 3391 3387 clerici
3421 3332 3488 3386 de
3527 3330 3792 3386 mandato

2187 3425 2336 3497 regis
2365 3433 2776 3496 congregarunt
2812 3435 2995 3480 certos
3027 3426 3319 3495 quosdam,
3348 3425 3442 3496 qui
3500 3426 3553 3479 in
3584 3423 3788 3480 vicinia

2187 3525 2367 3581 erant,
2433 3530 2727 3572 sacrorum
2799 3516 3101 3571 antistites.
3175 3515 3288 3572 lloc
3351 3515 3517 3570 modo
3579 3519 3795 3584 synodo

2187 3621 2401 3676 coacta,
2437 3609 2727 3677 elegerunt
2772 3625 2882 3664 una
2918 3618 3104 3665 mente
3125 3617 3181 3665 et
3219 3624 3353 3666 voce
3399 3609 3790 3664 doctissimum

2186 3712 2244 3759 et
2293 3701 2796 3771 prudentissimum
2849 3703 3028 3757 virum
3065 3702 3362 3772 Georgium
3418 3701 3794 3767 Seholarium,

2186 3798 2281 3869 qui
2315 3806 2503 3854 stante
2535 3797 2716 3853 adhuc
2747 3797 2987 3869 imperio
3043 3796 3321 3860 Romano,
3354 3795 3408 3851 in
3437 3795 3647 3865 judicio
3691 3794 3794 3847 im-

2185 3890 2465 3961 peratorio
2513 3890 2758 3959 iudicem
2814 3899 3024 3961 egerat.
3082 3890 3183 3952 Ac,
3243 3905 3353 3960 quo
3401 3902 3651 3959 tempore
3700 3898 3792 3942 rex

2183 3983 2421 4041 Joannes
2447 3983 2788 4054 Palmologus
2830 3985 2884 4039 in
2915 3983 3127 4039 italiam
3157 3983 3442 4054 proiectus
3469 3985 3669 4047 fuerat,
3702 3985 3793 4038 ubi

2184 4088 2377 4133 octava
2419 4077 2664 4149 synodus
2715 4077 2862 4132 facta
2907 4086 3014 4141 est,
3057 4089 3244 4133 scena]
3279 4078 3433 4133 illum
3482 4080 3628 4134 inter
3658 4078 3796 4132 alios

2185 4171 2441 4236 duxerat,
2480 4181 2542 4227 ut
2600 4171 2916 4228 eruditione
2960 4175 3250 4244 praestanti
3302 4172 3615 4244 prmditum.
3665 4173 3795 4228 Erat

2184 4281 2354 4338 porro
2396 4265 2538 4321 idem
2593 4266 2801 4336 pietate
2833 4267 3242 4338 sanctitateque
3289 4267 3523 4337 insignis
3559 4267 3666 4321 vir.
3726 4266 3798 4322 Ut

475 4349 697 4412 τελείως
727 4348 819 4402 δὲν
846 4347 1010 4418 ἧθελε
1076 4348 1145 4402 νὰ
1175 4347 1239 4402 τὸ
1271 4348 1507 4418 ἀκούσῃ,
1540 4348 1664 4401 οὐδὲ
1701 4348 1768 4401 νά
1803 4349 1865 4401 τδ
1915 4348 2078 4417 στέρο
2117 4365 2160 4421 υ
2190 4373 2237 4411 at

2032 4366 2078 4442 If
2117 4365 2374 4421 Dantem
2439 4358 2905 4425 signiﬁcationem
2953 4360 3166 4442 ‘(sicut
3233 4362 3286 4416 in
3351 4361 3794 4431 patriarcharum

477 4442 581 4508 εει,
616 4443 705 4496 διὰ
730 4442 799 4496 νά
831 4440 981 4510 γένει
1023 4442 1407 4512 πατριάρχης.
1447 4443 1511 4495 Ol
1567 4442 1625 4494 δὲ
1662 4442 1947 4513 ἀρχιερεῖς
1981 4441 2080 4494 καὶ

473 4537 522 4590 οἱ
553 4536 836 4607 κληρικοὶ,
875 4535 974 4589 καὶ
1003 4537 1030 4589 6
1081 4535 1213 4598 λαὸς
1239 4535 1386 4599 ὅλος.
1419 4536 1518 4587 καὶ
1577 4535 1852 4599 στανικῶς
1911 4533 2082 4589 αὑτοῦ

477 4630 696 4701 ἔκαμαν
724 4629 892 4683 αὑτὸν
927 4628 1304 4700 πατριάρχην,
1358 4627 1641 4692 δώσαντες
1673 4629 1846 4683 αὐτοῦ
1877 4631 1975 4683 καὶ
2019 4630 2083 4683 τὸ

479 4723 624 4794 μέγα
652 4723 905 4794 μήνυμα.
949 4721 1399 4793 Ἐχειροτόνησεν
1429 4721 1597 4777 αὑτὸν
1635 4722 1664 4775 6
1712 4723 2078 4793 Ἡρακλείας,

477 4816 621 4886 μετὰ
649 4817 748 4869 καὶ
779 4816 960 4870 ἄλλων
995 4815 1212 4868 πολλῶν
1243 4815 1576 4888 ἀρχιερέων,
1618 4817 1678 4870 ὲν
1703 4816 1784 4886 τῷ
1818 4817 1930 4885 ναῷ
1967 4816 2077 4870 τῶν

485 4910 686 4978 ’Λγίων
729 4899 1105 4976 ’Λποστόλὼν,
1139 4909 1280 4963 ὀποῦ
1348 4909 1551 4979 εκτησε
1608 4907 1865 4979 Θεοδὼρα
1910 4911 1944 4981 η
1984 4909 2078 4978 βα-

480 5004 699 5057 σίλισσα
733 5045 752 5069 ,
812 5005 847 5075 ἠ
923 5003 1198 5074 ὀμόζυγος
1264 5002 1362 5058 τοῦ
1439 5003 1682 5073 μεγάλου
1756 5004 2078 5058 ’1ουστινια-

471 5094 563 5149 νοῦ
641 5095 735 5150 τοῦ
815 5097 1110 5167 βασιλέως,
1163 5095 1260 5151 καὶ
1336 5094 1666 5159 Γεννάὸιον,
1721 5076 1814 5148 τὸν
1875 5094 2080 5167 ὀνόμαο

471 5205 594 5244 σαν.

2189 4450 2477 4506 creatione
2509 4449 2629 4506 ﬁeri
2676 4449 2929 4521 solebat)
2966 4451 3259 4518 minorem,
3306 4467 3431 4523 qua:
3455 4451 3796 4521 appellatur,

2186 4545 2264 4601 illi
2332 4545 2638 4613 dederunt,
2708 4555 2769 4602 ut
2833 4547 3046 4602 scilicet
3139 4547 3318 4616 ipsum
3391 4545 3800 4602 constituerent

2186 4636 2589 4706 patriarcham,
2635 4636 2790 4691 nullo
2825 4636 2992 4691 modo
3053 4652 3172 4691 eam
3209 4637 3405 4692 audire
3449 4638 3643 4700 voluit,
3699 4655 3801 4694 nec

2188 4731 2548 4801 acquiescere
2572 4730 2795 4786 illorum
2823 4730 3138 4802 sttﬂragiis,
3170 4739 3229 4785 ut
3265 4731 3581 4801 patriarcha
3621 4731 3799 4787 ﬁerit.

2186 4822 2490 4880 Pontiﬁces
2535 4839 2690 4888 vero,
2725 4831 2780 4879 et
2825 4822 3010 4878 clerici
3051 4835 3105 4877 et
3143 4825 3380 4895 populus
3423 4831 3574 4878 totus
3629 4823 3795 4877 etiam

2189 4913 2423 4969 invitum
2477 4924 2534 4970 et
2601 4916 2967 4971 reluctantem
3031 4928 3319 4979 crearunt.
3378 4917 3508 4971 data
3576 4931 3800 4987 quoque

2188 5007 2365 5062 altera
2413 5023 2536 5077 quae
2568 5008 2746 5079 major
2774 5021 3030 5078 vocatur,
3081 5026 3196 5066 sure
3227 5011 3532 5066 voluntatis
3585 5011 3799 5081 signiti-

2187 5099 2427 5156 catione.
2457 5099 2735 5159 Ordinans
2784 5102 3124 5158 renuntiavit
3156 5120 3280 5158 eum
3331 5104 3609 5161 Heraclea:
3653 5105 3798 5159 anti-

2183 5201 2320 5258 stes,
2347 5197 2718 5264 prazsentibns
2764 5198 2887 5252 aliis
2919 5197 3279 5267 pontificibus
3315 5201 3526 5262 multis,
3575 5201 3629 5253 in
3691 5211 3798 5253 tem

472 5292 559 5356 pio
619 5288 954 5345 Sanctorum
989 5289 1404 5361 Apostolorum,
1442 5287 1592 5360 quod
1623 5289 1754 5348 olim
1790 5304 1820 5345 a
1853 5289 2043 5362 regina
2109 5290 2425 5364 Theodoro,
2466 5296 2765 5356 Justiniani
2794 5299 2973 5372 Magni
3001 5301 3257 5371 conjuge,
3283 5300 3563 5353 conditum
3598 5294 3799 5354 luctat.

469 5390 631 5459 eique
659 5387 1009 5444 Genuadium
1037 5387 1229 5443 dixere
1257 5401 1484 5442 nomen.

579 5561 658 5614 A'.
693 5557 1025 5622 Γεννὰὃιος
1059 5559 1092 5611 ὀ
1133 5554 1491 5627 Σχολάριος,
1524 5556 1555 5609 ὁ
1585 5556 1962 5626 σοφώτατος.

543 5676 748 5742 Τοῦτος
802 5676 951 5746 ἔγινε
984 5667 1211 5746 ’πρῶτος
1253 5673 1609 5745 πατριάρχης
1674 5674 1778 5728 ἐδῶ
1839 5677 1920 5738 εἰς
1973 5676 2075 5744 τὴν

471 5769 1078 5835 Κωνσταντινούπολιν,
1139 5768 1235 5838 ἀφ’
1279 5763 1342 5823 οὗ
1402 5767 1759 5822 ἐϐασίλευσεν
1809 5769 1986 5841 αὐτὴν
2048 5773 2077 5824 6

475 5865 638 5931 οὗτὸς
692 5864 1006 5933 σουλτάνοῖ,
1052 5864 1126 5929 ὡς
1170 5862 1516 5935 ἐγράψαμεν.
1581 5864 1716 5931 Καί,
1786 5866 1937 5922 (usa?
1988 5867 2078 5922 τὶν

2309 5561 2350 5615 l.
2413 5560 2720 5616 Gennadius
2789 5561 3124 5617 Scholariw.
3193 5565 3271 5617 t-lr
3329 5563 3687 5616 doctissimus.

2259 5678 2360 5733 llic
2395 5680 2498 5733 fuit
2531 5679 2739 5749 primus
2786 5679 2837 5733 in
2885 5680 3026 5735 urbe
3063 5689 3251 5734 nostra
3304 5676 3793 5750 Constantinopoli

2151 5784 2153 5786 ·
2189 5773 2530 5840 patriarcha,
2577 5784 2870 5846 postquam
2910 5774 3028 5844 ejus
3065 5792 3156 5831 res
3187 5775 3400 5831 exstitit
3433 5773 3795 5841 llicchenteta,

2190 5879 2250 5926 ut
2294 5870 2555 5928 dialmus.
2591 5873 2724 5930 Eum
2772 5865 3068 5945 statitn,’ut
3109 5874 3439 5947 patriarcha:
3471 5872 3797 5946 dignitatem
