4462 6450
1603 387 2018 454 CONFESSIO
2063 385 2268 445 FlDEl
2323 384 2583 444 PRIOR.

2204 504 2266 554 P.
2313 503 2446 556 Ecce
2480 502 2558 557 sic
2595 516 2717 556 esse
2753 509 2859 554 tres
2894 501 3130 555 dicimus
3165 508 3218 554 et
3255 514 3447 556 unum.

2209 593 2272 648 T.
2317 593 2521 648 Doceas
2565 609 2682 657 nos,
2718 608 2924 662 qnmso,
2957 593 3234 663 quomodo
3271 601 3356 647 est
3400 607 3542 647 unus
3577 593 3719 646 Deus

2138 692 2191 738 et
2243 695 2351 739 tres
2403 700 2667 753 personae,
2702 684 2955 752 quoniam
3011 685 3167 739 nobis
3220 686 3418 740 llill‘llln
3479 687 3715 750 videtur,

2139 778 2411 841 quomodo
2445 793 2586 831 unus
2615 777 2757 831 Deus
2795 777 2887 839 sil,
2922 787 2973 830 et
3006 785 3113 830 tres
3151 777 3200 829 in
3229 791 3296 829 eo
3339 792 3603 845 perseuan

451 408 547 474 321
1603 387 2018 454 CONFESSIO
2063 385 2268 445 FlDEl
2323 384 2583 444 PRIOR.
3608 383 3713 446 392

523 533 589 582 ll.
631 525 762 579 Ἰδοὺ
792 523 899 592 γὰρ
926 521 1071 591 τρεῖς
1103 518 1337 586 λέγομεν
1369 517 1460 568 καὶ
1491 514 1606 567 ἕνα.
2057 511 2100 566 Α

521 621 587 673 Τ.
631 617 792 671 Ἀλλὰ
832 611 1039 677 δίδαξον
1080 612 1249 682 ἡμᾶς,
1296 609 1409 670 πῶς
1453 608 1569 658 ἐστι
1614 605 1708 656 καὶ
1751 598 1829 665 εἷς
1877 603 2030 663 Θεὸς,

453 715 546 766 xu".
577 711 693 770 πῶς
724 707 886 761 πάλιν
914 705 1042 774 τρία
1072 703 1361 771 πρόσωπα,
1396 699 1524 751 ἐπεὶ
1555 696 1872 764 Θαυμαστὸν
1902 697 2033 764 ἡμῖν

452 803 597 855 δοκεῖ
623 799 800 862 τοῦτο,
829 799 976 858 ὅπως
1007 797 1097 848 καὶ
1129 788 1208 856 εἷς
1240 795 1356 844 ἐστι
1387 790 1519 853 Θεὸς
1549 791 1643 844 xu‘t
1671 788 1796 857 τρία
1830 789 1938 841 eiul.
1971 789 2035 840 τὰ

459 895 729 958 πρόσωπα
763 889 954 942 αὑτοῦ.

531 988 598 1039 ll.
637 987 835 1036 ’Λκουε
890 981 1158 1043 συνετῶς,
1211 980 1301 1031 καὶ
1355 977 1569 1046 νοήσεις
1615 975 1673 1026 τὸ
1724 973 1823 1042 τῆς
1874 972 2036 1040 ἁγίας

461 1077 687 1146 Τριάδος
725 1075 1059 1144 μυστήριον,
1096 1071 1273 1133 καθὼς
1307 1070 1530 1122 δύναται
1561 1070 1686 1130 νοῦς
1721 1068 1911 1134 νοῆσαι
1946 1067 2033 1117 ἁνο

462 1169 771 1239 Ορὼπινος,
815 1166 889 1229 ὡς
937 1167 1058 1236 ἐμοὶ
1102 1165 1247 1217 δοκεῖ
1275 1178 1288 1190 ·
1336 1164 1474 1232 πλὴν
1519 1162 1579 1213 τὸ
1623 1161 1764 1213 κατὰ
1808 1159 2039 1227 δύναμιν

464 1263 596 1330 ἡμῖν
623 1260 777 1324 λέξω.
813 1259 901 1320 Ὠς
930 1259 1168 1323 γίνωσκε
1196 1254 1351 1308 τοῦτο
1371 1296 1385 1320 ,
1414 1255 1493 1305 δτι
1522 1252 1608 1305 διὰ
1637 1252 1791 1304 τοῦτο
1823 1252 2042 1317 λέγεται

464 1358 492 1405 6
530 1353 661 1413 Θεὸς
702 1351 1126 1419 ἁνερμήνευτος,
1164 1349 1249 1400 διὰ
1285 1347 1341 1399 τὸ
1380 1348 1440 1398 03
1483 1345 1761 1413 δυνάμεθα
1807 1341 2042 1394 καταλα-

467 1445 582 1495 6εῖν
615 1440 780 1495 αὑτοῦ
815 1440 914 1510 τὴν
950 1439 1132 1506 φύσιν,
1168 1439 1284 1490 οἱδὶ
1323 1437 1505 1506 ὅμοιός
1541 1438 1687 1487 ἐστιν
1720 1437 1851 1506 ἡμῖν
1889 1450 2042 1503 μονο-

469 1538 780 1608 πρόςωπος.
817 1535 874 1586 El
906 1535 1011 1600 γὰρ
1041 1528 1126 1602 ἦν,
1158 1530 1530 1599 ἐγινώσκομεν
1560 1529 1624 1580 ἂν
1654 1528 1833 1589 αὑτὸν,
1865 1525 1938 1587 ὡς
1965 1544 2044 1592 γι-

468 1629 749 1697 νώσκομεν
775 1626 1036 1693 ἀλλήλους
1061 1625 1206 1692 ἡμᾶς
1227 1640 1241 1652 ·
1270 1621 1406 1674 ἀλλὰ
1433 1623 1582 1673 ἐστιν
1607 1614 1683 1680 εἷς
1715 1620 1811 1687 μὲν
1839 1618 1865 1669 6
1891 1617 2042 1679 Θεὸς,

468 1723 533 1774 τὰ
562 1721 617 1773 δὲ
657 1721 919 1788 πρόσωπα
953 1718 1118 1784 αὐτῆς
1144 1715 1245 1782 τῆς
1279 1714 1533 1780 θεότητος
1565 1712 1690 1779 τρία
1713 1726 1727 1741 °
1757 1711 1847 1762 xui.
1881 1709 2044 1780 βλέπε

2213 960 2272 1015 Ρ.
2313 961 2722 1022 Animadrerte,
2758 978 2963 1029 qumso,
2997 969 3051 1016 et
3088 960 3246 1014 facile
3281 961 3485 1030 poteris
3521 961 3721 1013 inti-lli-

2145 1070 2268 1119 gere
2322 1054 2640 1124 mysterium
2695 1063 2898 1107 sani-tae
2924 1053 3229 1117 Trinitatis,
3259 1063 3520 1121 quantum
3574 1069 3724 1106 mens

2147 1147 2382 1198 humana
2432 1146 2607 1198 valeat
2643 1147 2948 1213 intelligere
2998 1162 3010 1196 :
3048 1161 3144 1214 ego
3176 1154 3353 1198 autem
3385 1162 3481 1215 pro
3515 1146 3634 1197 viril
3661 1160 3723 1197 us

2145 1237 2450 1305 exprimere
2492 1239 2843 1291 Contendant.
2906 1236 3114 1289 Idcirco
3169 1236 3369 1288 dicitur
3423 1236 3562 1290 Dens
3617 1254 3721 1289 non

2147 1328 2411 1395 interpret
2435 1327 2598 1391 .bilis,
2633 1331 2760 1394 quia
2807 1344 2913 1380 non
2958 1327 3136 1396 possis
3163 1327 3281 1396 ejus
3319 1340 3566 1381 naturam
3601 1345 3724 1396 per-

2147 1420 2354 1488 cipere,
2390 1435 2565 1488 neque
2610 1420 2808 1473 similis
2857 1431 2938 1474 est
2996 1420 3101 1473 ulla
3151 1422 3310 1474 nobis
3361 1436 3614 1490 persona.
3671 1424 3726 1475 Si

2148 1511 2292 1562 enim
2343 1520 2484 1562 esset
2518 1526 2747 1578 persona
2779 1511 2960 1573 unica,
2998 1511 3148 1563 illum
3196 1512 3385 1580 procul
3422 1512 3587 1566 dubio
3632 1527 3725 1565 co-

2150 1616 2558 1669 gnosceremus,
2594 1603 3056 1670 quemadmodum
3099 1618 3198 1655 nos
3241 1604 3470 1657 invicem
3529 1619 3728 1674 cogno-

2153 1695 2383 1748 scimus.
2438 1693 2542 1748 Scd
2600 1704 2684 1747 est
2729 1711 2867 1748 unus
2895 1696 3111 1763 quidem
3155 1696 3297 1750 Deus
3325 1736 3338 1759 ,
3396 1706 3508 1750 tres
3550 1707 3728 1749 autem

471 1815 564 1865 ἀπ’
595 1787 716 1881 ἄρτι
751 1811 818 1862 τὰ
852 1810 1148 1876 λεγόμενα.
1178 1808 1390 1873 Ὥσπερ
1426 1804 1571 1856 ἔστιν
1608 1805 1757 1873 ἣλιος
1795 1799 1893 1867 εἷς,
1932 1805 1958 1854 6
1991 1801 2046 1852 δὲ
2082 1843 2121 1898 Β
2153 1802 2233 1848 νει

1991 1801 2046 1852 δὲ
2082 1843 2121 1898 Β
2153 1802 2395 1848 μετδοιιτυ
2451 1787 2696 1856 ejusdem
2752 1789 3003 1852 deitatis;
3056 1791 3279 1857 proinde
3359 1789 3732 1842 animadverte

470 1907 618 1974 ἥλιος
649 1906 757 1971 ἔχει
788 1904 978 1955 ἀκτῖνα
1009 1903 1100 1953 xu‘t
1131 1901 1270 1967 φῶς.
1297 1901 1388 1951 xui
1416 1898 1554 1950 εἰσὶν
1579 1901 1634 1949 ἐν
1661 1898 1735 1964 τῇ
1766 1895 1899 1965 ἡλίῳ
1930 1911 2047 1963 axe-

470 1997 559 2048 δὸν
596 1995 865 2062 πρόσωπα
900 1993 1059 2059 τρία,
1100 1991 1316 2053 δίσκος,
1353 1989 1508 2051 ἀκτὶς
1545 1989 1638 2041 καὶ
1673 1989 1787 2056 φῶς
1816 2004 1828 2017 ’
1868 1986 2050 2047 δίσκος

475 2087 576 2155 μὲν
615 2087 675 2137 τὸ
715 2083 872 2152 σῶμα
911 2085 1001 2136 τοῦ
1041 2084 1213 2153 ἡλίου,
1255 2083 1411 2145 ἀκτὶς
1449 2083 1504 2134 δὲ
1546 2083 1577 2151 ἡ
1616 2079 2049 2146 καταϐαινομένη

474 2176 912 2247 Ααμπαδοςρανῶς
945 2176 1040 2228 καί
1079 2175 1351 2244 κρούουσα
1385 2174 1518 2240 πρὸς
1550 2173 1646 2240 τὴν
1679 2171 1816 2239 γῆν,
1849 2171 1964 2238 φῶς
1994 2169 2050 2221 δὲ

472 2270 534 2323 τὸ
577 2271 805 2337 φωτίζον
845 2268 938 2320 καὶ
981 2270 1060 2329 είς
1101 2269 1222 2328 τοὺς
1266 2264 1606 2326 ἐπισκιώδεις
1643 2262 1840 2325 τόπους
1882 2260 2052 2331 χωρῖς

474 2364 692 2422 ἀκτῖνος
717 2377 729 2391 ·
759 2361 857 2413 καὶ
891 2359 998 2411 ίδοὶ)
1034 2357 1218 2426 σχεδὸν
1248 2357 1518 2424 πρόσωπα
1547 2355 1690 2424 τρία,
1719 2357 1923 2416 δίσκος,
1955 2357 2052 2407 ἁκ-

471 2457 557 2517 τὶς
589 2453 683 2506 καὶ
718 2452 830 2519 φῶς
857 2468 870 2480 ο
903 2451 963 2503 οὐ
996 2450 1228 2517 λὲγομεν
1258 2451 1404 2518 τρεῖς
1437 2448 1619 2517 ἡλίους
1643 2489 1656 2512 ,
1694 2447 1809 2500 ἀλλ’
1834 2449 1927 2500 ἕνα
1959 2449 2052 2501 καὶ

479 2549 658 2617 μόνον,
697 2544 815 2596 οὐδὲ
849 2543 1079 2609 λέγομεν
1115 2542 1404 2611 πρόσωπον
1438 2540 1518 2605 ἓν,
1553 2541 1689 2593 ἀλλὰ
1723 2541 1847 2608 τρία
1883 2542 2053 2609 πρόσ-

476 2653 620 2691 ωπα.
714 2635 841 2687 Ἐὰν
871 2635 980 2702 γὰρ
1015 2633 1315 2704 ἐρωτηθῇς,
1354 2633 1510 2685 πόσοι
1545 2631 1684 2700 ἡλιοι
1719 2632 1855 2684 εἰσὶν
1889 2635 1944 2685 ἐν
1977 2632 2053 2699 τῷ

475 2727 730 2796 οὑρανῷς
766 2727 981 2793 μέλλεις
1013 2727 1185 2777 εἰπεῖν
1207 2767 1222 2789 ,
1252 2725 1333 2777 ὅτι
1365 2721 1446 2785 εἷς
1474 2725 1621 2793 ἥλιος
1655 2726 1797 2776 ἐστιν
1824 2740 1838 2754 ο
1875 2727 1969 2777 ἐάν
2000 2725 2053 2777 δὲ

478 2813 762 2881 ἐρωτηθῇς
802 2813 870 2866 τὰ
916 2814 1188 2884 πρόσωπα
1228 2811 1321 2864 τοῦ
1365 2813 1520 2882 ἡλίου
1565 2817 1704 2865 πόσα
1747 2815 1887 2876 sisi;
1933 2815 2052 2865 είπὲ

477 2907 623 2975 τρία,
648 2907 851 2969 δίσκος,
879 2906 1035 2968 ἀκτὶς
1063 2907 1157 2958 καὶ
1184 2904 1298 2967 φῶς
1323 2920 1335 2933 ·
1382 2935 1448 2943 -—-
1472 2905 1641 2968 οὕτως
1670 2906 1779 2958 νὸει
1806 2908 1899 2958 καὶ
1928 2907 2054 2975 περὶ

479 2997 572 3049 τοῦ
607 2997 762 3049 Θεοῦ.
802 2997 933 3058 Θεὸς
973 2998 1071 3063 μὲν
1106 2990 1204 3062 εἷς,
1243 2998 1512 3064 πρόσωπα
1547 2997 1601 3049 δὲ
1636 2998 1729 3048 τοῦ
1768 2999 1882 3061 ἐνὸς
1917 2999 2052 3051 Θεοῦ

479 3091 623 3158 τρία,
654 3089 863 3158 Πατὴρ,
894 3089 1021 3150 Υἱὸς
1057 3088 1149 3140 καὶ
1180 3089 1333 3153 ἆγιον
1368 3088 1588 3154 Πνεῦμα
1613 3105 1622 3116 ·
1652 3090 1745 3141 καὶ
1775 3091 1837 3143 ἐκ
1863 3091 2051 3142 τούτου

2155 1893 2272 1944 (μιιυ
2303 1879 2499 1931 dicturi
2545 1894 2758 1932 sumus.
2792 1879 3263 1942 Quemadmodum
3316 1889 3399 1934 est
3447 1897 3588 1934 unus
3629 1881 3731 1941 sol,

2155 1972 2244 2039 qni
2286 1970 2502 2038 quidem
2539 1972 2720 2024 radios
2755 1971 2915 2024 liabet
2946 1980 2999 2024 et
3030 1973 3238 2036 lumen,
3266 1982 3504 2040 suntque
3543 1972 3593 2024 in
3621 1973 3736 2026 sole

2156 2072 2264 2115 tres
2293 2062 2445 2128 quasi
2482 2078 2747 2129 personm,
2781 2063 3090 2117 substantia
3137 2064 3293 2125 solis,
3341 2065 3529 2116 radius
3563 2073 3615 2116 et
3650 2063 3736 2117 lu-

2158 2168 2317 2216 men;
2362 2153 2548 2207 radius
2585 2170 2709 2207 vero
2733 2196 2746 2217 ,
2798 2155 2889 2218 qui
2941 2155 3212 2218 discedit,
3245 2155 3515 2222 lampadis
3566 2156 3737 2208 instar

2158 2254 2351 2297 terram
2405 2247 2742 2312 percutiens,
2778 2247 2956 2298 lumen
3000 2257 3178 2298 autem
3207 2286 3220 2311 ,
3280 2249 3424 2314 quod
3464 2248 3736 2300 illuminat

2156 2338 2271 2390 loca
2334 2337 2648 2402 tenebrosa,
2701 2337 2906 2406 absque
2961 2339 3111 2391 radio
3164 2354 3342 2393 :ecce
3394 2341 3578 2408 itaque
3627 2350 3738 2394 tres

2156 2429 2311 2497 quasi
2364 2445 2630 2497 persoum,
2692 2445 2892 2497 corpus
2930 2431 3144 2484 scilicet
3199 2432 3398 2496 solare,
3453 2435 3638 2485 radius
3689 2448 3741 2487 et

2157 2523 2363 2585 lumen;
2386 2536 2491 2575 non
2531 2531 2708 2576 tamen
2747 2523 2984 2576 dicimus
3013 2534 3122 2579 tres
3155 2525 3324 2588 soles,
3354 2541 3540 2579 verum
3572 2543 3739 2579 unum

2156 2623 2208 2667 et
2244 2615 2442 2679 solum,
2491 2630 2592 2668 nec
2623 2614 2860 2671 dicimus
2892 2633 3184 2686 personam
3235 2634 3419 2684 unam,
3459 2620 3557 2673 sed
3610 2629 3740 2674 tres.

2158 2708 2212 2759 Si
2267 2708 2412 2760 enim
2461 2708 2633 2762 fueris
2679 2708 3070 2777 interrogatus,
3115 2711 3258 2778 quod
3315 2719 3442 2763 sunt
3493 2713 3636 2764 soles
3689 2712 3743 2764 in

2157 2801 2337 2853 cosio?
2382 2800 2714 2868 respondere
2758 2801 2947 2862 debes,
2987 2800 3141 2856 Unus
3191 2815 3275 2856 est
3309 2803 3410 2856 sol.
3452 2802 3507 2856 Si
3559 2812 3744 2855 autem

2159 2891 2523 2958 interregatus
2565 2891 2756 2952 fueris,
2808 2909 2929 2961 quae
2991 2904 3119 2946 sunt
3181 2909 3426 2962 persona:
3481 2896 3533 2948 in
3593 2887 3749 2950 sole?

2159 2984 2427 3048 responde
2457 2997 2592 3047 tres,
2626 2985 2806 3037 solare
2839 2999 3061 3053 corpus,
3101 2988 3287 3038 radius
3319 2997 3372 3038 rt
3412 2987 3617 3040 lumen.
3661 2988 3749 3041 Si-

2160 3075 2360 3128 utiliter
2386 3076 2729 3129 sentiendum
2771 3085 2853 3129 est
2886 3078 3049 3128 etiam
3089 3077 3154 3130 de
3186 3076 3317 3131 Deo.
3359 3076 3500 3131 υνυς
3528 3081 3747 3147 quidem

480 3183 738 3244 γίνωσκε,
767 3182 847 3233 ὅτι
877 3179 1062 3249 ὥσπερ
1092 3182 1241 3230 ἐστὶν
1271 3180 1416 3248 ἥλιος
1446 3181 1848 3250 τριπρόσωπος.
1877 3181 2050 3244 οὓτως
2080 3174 2121 3231 C
2156 3184 2242 3220 “"1

1987 3199 2050 3244 υς
2080 3174 2121 3231 C
2156 3184 2320 3229 unus,
2355 3184 2598 3234 persona:
2628 3177 2807 3220 autem
2847 3169 2901 3221 iu
2933 3168 3043 3220 Deo
3088 3179 3219 3232 tres,
3264 3169 3447 3235 Pater,
3484 3170 3656 3225 Flilllb‘
3694 3185 3749 3226 ct

482 3275 600 3324 ἐστὶ
642 3273 736 3325 καὶ
776 3268 854 3334 εἷς
897 3272 1029 3333 Θεὸς
1070 3272 1502 3339 τρισυπὸστατος
1529 3286 1542 3298 ⁶
1591 3272 1759 3333 τύπος
1799 3273 1904 3339 γάρ
1946 3277 2061 3326 ἐστι

480 3365 574 3416 τοῦ
618 3365 824 3434 Πατρὸς
864 3363 892 3414 6
933 3363 1115 3426 δίσκος
1150 3366 1178 3416 6
1218 3363 1463 3433 ἡλιακὸς,
1505 3362 1677 3424 τύπος
1719 3364 1775 3414 δέ
1816 3367 1931 3416 ἐστι
1969 3365 2059 3417 τοῦ

484 3457 614 3510 Υίοῦ
650 3459 680 3518 ἡ
715 3457 889 3520 ἀκτὶς,
919 3455 1013 3506 καὶ
1042 3455 1207 3516 τύπος
1235 3456 1328 3506 τοῦ
1364 3455 1627 3522 παναγίου
1664 3457 1976 3522 Ilva-ligato;
2005 3459 2063 3509 τὸ

485 3549 598 3614 φῶς
638 3551 753 3600 ἐστι
789 3548 879 3599 τοῦ
919 3548 1069 3618 ἡλίου
1096 3562 1109 3577 ’
1149 3548 1244 3600 καὶ
1282 3550 1404 3600 ἐπεὶ
1444 3548 1617 3610 οὕτως
1655 3550 1747 3602 ἐπὶ
1781 3550 1873 3602 τοῦ
1913 3552 2062 3620 ἡλίου

483 3642 685 3702 δίσκος,
724 3641 879 3702 ἀκτὶς
920 3640 1014 3690 καὶ
1053 3640 1186 3705 φῶς.
1224 3642 1317 3691 καὶ
1353 3636 1434 3699 εἷς
1473 3639 1623 3709 ἣλιος
1661 3643 1755 3693 καὶ
1795 3643 1854 3694 οὐ
1894 3647 2061 3711 τρεῖς,

483 3734 686 3801 ὁμοίως
731 3733 826 3784 xui
871 3733 962 3784 ἐπὶ
1006 3731 1100 3784 τοῦ
1149 3731 1283 3784 Θεοῦ
1336 3733 1546 3804 Πατὴρ,
1593 3735 1716 3798 Υίὸς
1766 3739 1860 3789 καὶ
1908 3737 2064 3803 ἅγιον

488 3825 709 3892 Πνεῦμα
743 3821 823 3887 είς
857 3824 987 3886 Θεὸς
1024 3825 1116 3876 καὶ
1150 3824 1210 3876 οὐ
1247 3827 1394 3893 τρεῖς
1430 3827 1562 3879 θεοί.
1605 3828 1712 3879 Καὶ
1747 3828 1909 3881 πάλιν
1943 3830 2063 3881 εἰπὲ

486 3918 654 3976 οὕτως
679 3933 692 3946 ·
722 3917 843 3968 ἐπεὶ
870 3915 962 3967 τοῦ
993 3915 1141 3984 ἡλίου
1171 3916 1470 3985 ἀχώριστος
1498 3918 1524 3968 6
1553 3917 1756 3983 δίσκος,
1787 3920 1880 3970 καὶ
1905 3921 1936 3988 ἡ
1970 3922 2066 3972 ἀκ-

487 4010 569 4070 τὶς
596 4009 686 4059 καὶ
710 4007 770 4059 τὸ
798 4005 909 4072 φῶς
938 4007 996 4057 οὐ
1027 4006 1351 4076 χωρίζονται
1379 4006 1471 4058 ἀπ’
1498 4005 1773 4075 ἀλλήλων,
1799 4008 1886 4060 διὰ
1909 4008 2066 4061 τοῦτο

487 4101 707 4167 λέγεται
741 4094 818 4160 εἷς
851 4099 1002 4166 ἥλιος
1036 4098 1130 4150 καὶ
1162 4098 1222 4149 οὐ
1256 4101 1402 4166 τρεῖς
1427 4139 1440 4161 ,
1475 4098 1610 4150 διότι
1645 4100 1705 4150 οὐ
1739 4101 2064 4169 χωρίζονται

488 4197 556 4244 τὰ
582 4192 850 4260 πρόσωπα
876 4190 1054 4242 αὐτῶν
1078 4189 1174 4242 ἀπ’
1195 4189 1440 4258 ἀλλήλων
1461 4206 1476 4219 ⁸
1503 4191 1598 4243 καὶ
1620 4189 1808 4260 ὥσπερ
1833 4194 1860 4243 6
1883 4193 2065 4255 δίσκος

489 4287 516 4336 ὁ
547 4283 767 4352 ἡλιακὸς
797 4283 959 4351 γεννᾷ
985 4281 1084 4349 τὴν
1112 4283 1324 4345 ἀκτῖνα,
1358 4282 1450 4333 xu‘t
1482 4282 1753 4351 napis-06
1784 4285 1937 4354 ἡλίου
1969 4286 2066 4337 καὶ

490 4374 598 4424 τῶν
629 4373 864 4425 ἀκτίνων
895 4373 1253 4441 ἐκπορεύεται
1285 4373 1341 4424 τὸ
1376 4373 1490 4441 φῶς
1516 4390 1529 4403 ν
1560 4373 1704 4426 οὕτω
1738 4376 1764 4426 6
1799 4376 1930 4437 Θεὸς
1969 4379 2062 4428 xui.

2169 3260 2407 3330 Spiritus
2454 3272 2704 3314 sanctus.
2739 3260 2815 3312 Ex
2849 3259 2931 3314 liis
2977 3260 3185 3328 poteris
3223 3261 3551 3331 intelligere,
3580 3267 3747 3333 quod,

2166 3352 2628 3421 quemadmodum
2663 3360 2793 3406 sunt
2839 3353 2890 3405 iu
2923 3352 3038 3405 sole
3089 3355 3187 3405 tria
3236 3353 3516 3416 distincta,
3552 3356 3626 3407 ita
3667 3366 3752 3409 est

2165 3453 2218 3494 et
2248 3459 2386 3496 unus
2440 3441 2582 3496 Deus
2630 3443 2793 3496 trium
2856 3460 3246 3513 personarum.
3297 3445 3456 3499 Patrr
3497 3459 3580 3500 est
3631 3449 3749 3517 ipse

2168 3551 2366 3604 corpus
2415 3538 2611 3599 solare,
2651 3534 2825 3592 Filius
2879 3546 3060 3590 autem
3113 3547 3195 3591 est
3254 3537 3463 3604 radius,
3511 3539 3752 3608 Spiritus

2166 3640 2392 3681 sanctus
2422 3639 2504 3682 est
2540 3630 2720 3682 lumen
2756 3630 2908 3684 solis.
2941 3629 3000 3681 Et
3037 3630 3178 3684 sicut
3211 3631 3263 3684 iu
3300 3633 3417 3685 sole
3443 3642 3522 3685 est
3549 3648 3752 3700 corpus

2167 3721 2369 3782 solare,
2398 3730 2480 3773 est
2524 3722 2709 3774 radius
2759 3733 2810 3775 et
2847 3723 3051 3785 lumen,
3082 3732 3135 3776 et
3171 3736 3351 3777 tamen
3387 3741 3527 3780 unus
3559 3729 3664 3788 sui,
3698 3735 3752 3779 rt

2169 3827 2275 3866 non
2315 3823 2463 3878 tres;
2506 3813 2760 3866 similiter
2789 3823 2842 3866 et
2876 3815 2928 3866 in
2968 3817 3077 3867 Ι)εο
3119 3814 3303 3877 Pater,
3337 3815 3507 3870 Filzus
3543 3828 3595 3870 et
3628 3821 3752 3887 Spi-

2168 3907 2305 3960 ritus
2348 3914 2571 3959 sanctus
2619 3922 2762 3960 unus
2806 3907 2950 3961 Deus
2990 3917 3042 3960 et
3081 3924 3188 3961 non
3228 3918 3337 3962 tres
3374 3910 3468 3962 dii.
3527 3909 3756 3982 insuper

2167 3998 2255 4051 dic
2287 3998 2388 4051 sic.
2423 3996 2654 4062 Quando
2683 3999 2990 4053 substantia
3023 4000 3156 4054 solis
3185 4014 3236 4054 et
3264 4001 3454 4056 radius
3488 4012 3540 4056 et
3570 4004 3751 4058 lumen

2171 4104 2276 4141 non
2329 4091 2562 4142 invicem
2607 4102 2964 4157 separantur,
3013 4103 3300 4162 propterea
3357 4095 3560 4149 dicitur
3611 4113 3756 4152 unus

2169 4181 2271 4242 sol,
2311 4192 2363 4235 et
2392 4197 2500 4234 non
2532 4191 2665 4247 tres,
2692 4185 2818 4251 quia
2861 4199 2969 4237 non
3004 4195 3334 4252 separantur
3373 4187 3441 4240 ab
3472 4188 3706 4241 invicem
3737 4205 3753 4254 ;

2168 4284 2221 4327 et
2253 4273 2718 4342 quemadmodum
2755 4275 3066 4330 substantia
3096 4277 3227 4332 solis
3266 4279 3519 4345 producit
3551 4280 3755 4346 radios,

2169 4379 2223 4422 et
2247 4383 2274 4420 a
2303 4370 2415 4422 sole
2459 4381 2512 4420 et
2537 4368 2711 4422 radiis
2737 4369 2989 4438 procedit
3027 4372 3211 4424 lumen
3250 4388 3263 4425 :
3299 4373 3371 4425 ita
3399 4372 3558 4427 Pater
3588 4390 3755 4442 gene-

494 4467 681 4535 Πατὴρ
710 4467 873 4534 γεννᾷ
904 4465 994 4516 τὸν
1028 4464 1153 4517 Υίὸν
1186 4466 1277 4517 καὶ
1312 4465 1483 4533 Λόγον
1513 4465 1678 4519 αὐτοῦ
1701 4507 1716 4531 ,
1752 4467 1845 4520 καὶ
1874 4469 1938 4520 ἐκ
1967 4467 2063 4520 τοῦ
2101 4503 2143 4558 D
2176 4472 2256 4514 rat

2003 4467 2063 4520 οῦ
2101 4503 2143 4558 D
2176 4472 2258 4514 rat
2291 4459 2487 4513 Filium
2518 4475 2613 4514 seu
2652 4459 2886 4515 Verbum
2914 4464 3033 4529 ejus
3062 4471 3114 4516 ct
3149 4480 3177 4516 a
3203 4463 3365 4518 Patre
3389 4476 3442 4519 et
3467 4466 3605 4520 Filio
3637 4482 3760 4532 pro-

494 4559 702 4628 Πατρὸς
746 4559 840 4610 καὶ
877 4556 1006 4609 Υίοῦ
1042 4558 1401 4627 ἐκπορεύεται
1438 4557 1496 4610 τὸ
1535 4559 1759 4628 Πνεῦμα
1794 4561 1851 4612 τὸ
1888 4562 2066 4627 ἆγιον.

496 4650 666 4701 Βλέπε
704 4649 940 4710 συνετῶς
965 4669 979 4684 α
1013 4649 1202 4718 ὥσπερ
1237 4650 1268 4718 ἡ
1303 4650 1458 4722 ακτλς
1490 4649 1586 4702 τοῦ
1622 4651 1768 4720 ἡλίου
1806 4654 2072 4706 καταϐαί-

494 4759 575 4793 νει
617 4740 677 4803 ἐξ
718 4738 948 4810 οὐρανοῦ
992 4739 1128 4809 πρὸς
1164 4740 1262 4810 τὴν
1299 4742 1401 4809 γῆν
1439 4742 1531 4796 καὶ
1572 4742 1680 4794 ἀπὸ
1712 4743 1805 4793 τοῦ
1850 4745 2073 4813 ἡλιακοῦ

494 4833 680 4884 δίσκου
715 4832 774 4883 οὗ
811 4832 1142 4900 χωρίζεται,
1182 4833 1275 4884 καὶ
1310 4830 1432 4884 οὕτε
1469 4835 1532 4884 ἐκ
1568 4832 1661 4885 τοῦ
1696 4833 1927 4903 οὐρανοῦ
1963 4836 2077 4888 λεί-

500 4942 623 4989 πει,
656 4923 779 4976 οὔτε
811 4925 917 4976 ἀπὸ
948 4925 1046 4994 τῆς
1080 4924 1202 4993 γῆς,
1238 4925 1354 4978 ἀλλ’
1380 4925 1529 4978 ἐστιν
1562 4928 1618 4977 ἐν
1649 4925 1726 4995 τῷ
1758 4927 1968 4998 ἡλιακῴ
1999 4929 2076 4981 δί-

501 5033 612 5087 σκῳ
644 5018 736 5068 καὶ
767 5020 823 5069 ἐν
851 5017 928 5084 τῷ
958 5017 1171 5087 οὐρανῷ
1205 5019 1298 5070 καὶ
1331 5020 1424 5070 ἐπὶ
1449 5021 1514 5088 τῇ
1548 5022 1615 5090 γῇ
1652 5023 1745 5072 καὶ
1779 5020 2079 5090 πανταχοῦ,

500 5111 593 5160 καὶ
631 5106 756 5160 οὔτε
797 5108 906 5160 τῶν
940 5107 1053 5162 ἄνω
1091 5107 1214 5161 οὔτε
1251 5109 1360 5162 τῶν
1397 5112 1550 5164 κάτω
1585 5113 1617 5182 ἡ
1663 5113 1820 5176 ἀκτίς
1864 5114 2039 5166 λείπει
2063 5132 2077 5147 ·

500 5199 640 5252 οὕτω
674 5202 766 5254 καὶ
797 5203 825 5254 6
860 5201 987 5264 Υίὸς
1019 5202 1192 5268 Λόγος
1226 5203 1321 5255 τοῦ
1358 5203 1491 5255 Θεοῦ
1526 5205 1765 5274 καΟῆλΘε
1811 5207 1947 5275 πρὸς
1983 5209 2083 5275 τὴν

500 5292 632 5358 γῆν,
672 5290 766 5342 xui.
805 5289 928 5342 οὔτε
970 5292 1034 5344 ὲκ
1067 5292 1160 5345 τοῦ
1208 5293 1413 5361 Πατρὸς
1438 5293 1651 5346 ἔλειπεν
1685 5293 1832 5359 οὔτε,
1877 5297 1940 5348 ἐκ
1975 5297 2082 5348 τῶν

501 5381 764 5449 οὐρανῶν,
801 5381 924 5434 οὔτε
949 5383 1012 5433 ἐκ
1046 5381 1146 5450 τῆς
1182 5382 1318 5452 γῆς,
1357 5385 1470 5436 ἀλλ’
1497 5381 1564 5454 ἦν
1597 5388 1686 5438 ἀεὶ
1723 5389 1816 5438 καὶ
1850 5387 1993 5440 ἐστιν
2029 5389 2083 5439 ἐν

501 5474 612 5531 τοῖς
662 5471 879 5534 κόλποις
924 5472 1017 5524 τοῦ
1065 5473 1278 5541 Πατρὸς
1323 5473 1650 5544 ἀχώριστος,
1701 5479 1790 5528 καὶ
1835 5479 1946 5530 ἄνω
1990 5483 2085 5531 καὶ

504 5563 655 5613 κάτω
679 5562 772 5612 καὶ
799 5561 1078 5631 πανταχοῦ
1103 5565 1196 5615 καὶ
1220 5565 1340 5617 οὐδέ
1369 5582 1506 5627 τινος
1533 5566 1736 5621 ἔλειπε.
1764 5569 1871 5621 Καὶ
1893 5568 2080 5640 ὥσπερ

505 5654 562 5703 τὸ
590 5653 813 5720 ἡλιακὸν
845 5653 959 5722 φῶς
995 5655 1108 5706 ἐστι
1141 5656 1234 5708 καὶ
1263 5657 1319 5708 ἐν
1351 5657 1426 5726 τῷ
1460 5657 1669 5727 ἡλιακῷ
1701 5660 1870 5730 δίσκῳ
1901 5663 1994 5713 καὶ
2026 5664 2083 5712 ἐν

507 5745 572 5811 τῇ
610 5745 787 5797 ἀκτῖνι
823 5746 917 5797 xui.
956 5748 1014 5797 ἐν
1048 5747 1124 5816 τῷ
1161 5748 1374 5818 οὐρανῷ
1412 5750 1505 5803 καὶ
1543 5752 1666 5821 ἐπῇ
1707 5755 1803 5820 γῇ,
1840 5756 1933 5805 καὶ
1973 5758 2081 5807 εἱσ-

507 5836 726 5905 έρχεται
757 5838 834 5901 είς
860 5838 956 5901 τὰς
985 5839 1161 5905 οἰκίας
1189 5842 1282 5894 καὶ
1343 5843 1617 5912 πανταχοῦ
1652 5846 1874 5912 φωτίζει
1900 5863 1912 5877 ·
1941 5846 2083 5901 οὕτω

2180 4553 2328 4606 cedit
2375 4552 2614 4622 Spiritus
2646 4562 2894 4607 sanctus.
2934 4553 3021 4609 Sis
3071 4555 3235 4623 igitur
3266 4566 3502 4612 attentus
3553 4574 3758 4626 quiest).

2182 4645 2338 4712 Quod
2383 4649 2526 4701 sicut
2566 4649 2749 4701 radius
2790 4648 2920 4701 Solis
2952 4649 3231 4702 descendit
3268 4651 3332 4702 de
3378 4653 3521 4704 casio
3551 4652 3616 4704 ad
3655 4661 3766 4705 ter-

2185 4755 2300 4792 ram
2335 4748 2387 4792 et
2418 4756 2445 4792 a
2484 4754 2712 4808 corpore
2745 4740 2908 4794 solari
2945 4756 3053 4794 non
3101 4753 3411 4809 separatur,
3447 4752 3499 4796 et
3530 4760 3703 4811 neque
3735 4759 3762 4795 a

2186 4831 2328 4885 melo
2358 4834 2512 4885 abest
2553 4848 2730 4901 neque
2762 4849 2788 4884 a
2815 4842 2983 4896 terra,
3014 4838 3107 4886 sed
3143 4845 3225 4888 cst
3256 4835 3307 4887 in
3341 4850 3567 4903 corpore
3600 4835 3766 4888 solari

2188 4927 2318 4980 etin
2346 4931 2508 4989 C(Plt),
2537 4927 2590 4979 in
2622 4938 2765 4980 terra
2801 4939 2853 4980 et
2882 4928 3105 4994 ubique,
3136 4945 3312 4996 neque
3343 4945 3565 4982 sursum
3592 4945 3769 4997 neque

2187 5019 2443 5073 deorsum
2476 5020 2662 5082 abest;
2710 5019 2782 5071 ita
2816 5028 2868 5072 et
2902 5018 3074 5073 Filius
3136 5037 3232 5073 seu
3281 5020 3514 5074 Verbum
3551 5019 3641 5072 Dei
3678 5022 3772 5072 de-

2191 5112 2405 5165 scendit
2436 5111 2490 5164 in
2547 5119 2750 5164 terram
2790 5121 2845 5165 et
2876 5127 3050 5179 neque
3082 5126 3110 5163 a
3145 5111 3303 5165 Patre
3341 5114 3708 5181 abest,neque
3742 5128 3768 5164 a

2189 5207 2351 5267 caelo,
2409 5218 2588 5272 neque
2621 5221 2650 5255 a
2705 5213 2873 5265 terra,
2917 5203 3009 5257 sed
3074 5203 3176 5256 fuit
3229 5213 3283 5257 et
3332 5218 3553 5272 semper
3596 5206 3768 5257 estin

2190 5296 2398 5366 gremio
2448 5295 2648 5357 Patris,
2699 5296 3090 5364 inseparabilis
3122 5303 3174 5347 et
3222 5311 3439 5350 sursum
3496 5305 3551 5348 et
3609 5297 3770 5348 deor-

2194 5403 2313 5440 smn
2368 5388 2566 5456 ubique
2611 5397 2664 5439 et
2730 5401 3000 5455 nusquam
3064 5386 3234 5440 deest.
3305 5386 3372 5440 Et
3417 5386 3774 5454 quemadmo-

2193 5481 2320 5533 dum
2378 5489 2461 5534 est
2516 5481 2702 5534 lumen
2765 5483 2947 5534 solare
2993 5491 3046 5533 et
3107 5481 3158 5534 in
3205 5495 3435 5547 corpore
3495 5481 3659 5534 solari
3718 5488 3774 5533 et

2195 5575 2246 5625 iu
2285 5573 2435 5625 radio
2466 5582 2518 5626 et
2557 5572 2612 5624 in
2659 5575 2796 5626 ρωιυ
2833 5582 2885 5626 et
2913 5574 2963 5625 iu
2996 5581 3142 5625 terra
3183 5583 3238 5625 et
3273 5572 3582 5641 ingreditur
3628 5572 3771 5624 inte-

2193 5662 2339 5714 riora
2377 5663 2571 5715 domus
2625 5672 2676 5717 et
2736 5665 2919 5717 omnia
2973 5663 3268 5725 illuminat,
3308 5663 3379 5716 ita
3431 5672 3484 5715 et
3530 5663 3768 5732 Spiritus

2195 5764 2422 5807 santtus
2448 5756 2645 5823 ubique
2673 5767 2725 5810 et
2764 5773 2887 5810 cum
2918 5753 3077 5809 Patre
3110 5764 3164 5810 et
3198 5773 3319 5809 cum
3356 5755 3492 5808 Filio
3525 5765 3607 5809 est
3644 5772 3770 5809 sur-

2194 5864 2314 5901 sum
2364 5859 2415 5901 ct
2471 5848 2750 5914 deorsum,
2805 5858 2856 5904 et
2886 5863 3079 5906 omnes
3116 5850 3362 5905 homines
3417 5849 3681 5903 illuminat
3717 5857 3767 5904 ct
