4462 6450
719 386 829 450 323

723 504 917 557 nullibi
988 501 1163 554 deest.

722 596 887 649 (tiam
948 593 1174 662 inquirit
1226 600 1280 645 et
1347 592 1754 660 profunditates
1813 593 1967 646 Dei’.
2031 592 2169 645 Ecce
2210 595 2313 660 igi—

723 686 835 739 iiur
895 681 1364 751 quemadmodum
1422 684 1466 736 si
1527 698 1810 751 nunquam
1886 682 2095 736 lleliam
2143 683 2318 735 Thcs-

722 775 926 837 biiem,
962 774 1285 841 prophetam
1327 771 1502 833 illum,
1543 771 1918 838 potuissemus
1957 785 2315 838 cegnosecre,

720 867 896 933 qualis
936 865 1136 924 fuerit;
1171 863 1394 932 quando
1426 870 1608 914 autem
1651 861 1902 915 videmus
1938 862 2085 916 illius
2122 863 2318 931 imagi-

722 975 868 1014 nem,
904 967 1032 1009 tunc
1076 956 1338 1024 paulatim
1383 955 1743 1024 intelligimus
1779 954 2002 1022 ﬁguram
2033 955 2316 1024 propheta:

723 1051 868 1102 illius
913 1048 1100 1110 Heliae,
1133 1049 1258 1101 licet
1289 1063 1396 1100 non
1431 1047 1682 1116 ejusdem
1728 1048 1955 1100 honoris
1993 1065 2005 1101 :
2045 1048 2118 1100 ita
2148 1049 2314 1101 etiam

722 1145 787 1193 de
823 1141 930 1193 Deo
976 1141 1280 1207 intelligere
1314 1148 1575 1208 oportet;
1610 1155 1733 1192 nam
1785 1139 1954 1192 Deum
1990 1139 2174 1193 nullus
2214 1144 2319 1192 un'-

721 1251 887 1301 quam
923 1235 1074 1286 vidit.
1117 1233 1180 1285 Et
1223 1234 1349 1302 quia
1383 1231 1552 1286 lleum
1593 1251 1698 1285 non
1750 1233 2027 1296 videmus,
2089 1247 2188 1285 nec
2223 1247 2319 1285 co—

723 1337 989 1391 gnoscere
1014 1337 1330 1390 possumus,
1355 1321 1535 1389 qualis
1560 1328 1674 1382 est;
1710 1323 2036 1387 quiatameu
2068 1320 2211 1374 Deus
2235 1330 2318 1374 est

723 1418 926 1477 lumen,
973 1428 1277 1481 reperimus
1322 1413 1505 1466 lumen
1552 1414 1815 1467 sensibile
1847 1416 2004 1479 solis,
2053 1426 2314 1483 tanquam

723 1504 1014 1569 imaginem
1055 1505 1349 1559 invisabilis
1387 1504 1502 1558 Dei.
1553 1504 1611 1559 Si
1651 1517 1834 1560 autem
1869 1507 2132 1571 dicimus,
2175 1522 2317 1577 quo-

723 1597 867 1648 niam
903 1598 986 1650 sol
1033 1596 1268 1650 visibilis
1307 1608 1359 1649 et
1401 1612 1544 1650 unus
1585 1607 1690 1660 est,
1734 1609 1786 1650 et
1830 1598 1932 1651 tria
1969 1599 2020 1650 in
2063 1614 2122 1652 se
2156 1600 2318 1652 habet

719 1699 772 1740 et
808 1694 918 1742 haec
950 1689 1052 1742 tria
1077 1698 1207 1744 sunt
1254 1690 1668 1757 inseparabilia,
1697 1694 1777 1743 sol
1806 1692 1994 1758 itaque
2021 1701 2104 1744 est
2131 1693 2314 1761 imago

723 1781 1081 1847 intelligibilis
1114 1781 1272 1840 solis.
1329 1780 1585 1834 videlicet
1632 1781 1750 1845 Dei,
1780 1796 1904 1835 cum
1938 1792 2070 1834 sunt
2104 1785 2156 1834 in
2199 1783 2315 1835 sole

1831 384 2088 444 GENNA
2105 386 2210 446 DlI
2258 387 2369 447 CP.
2408 387 2920 447 PA'l‘R'ARCII.’E

1248 500 1486 569 Spiritus
1541 501 1686 553 enim
1721 543 1736 565 ,
1805 510 1865 554 ut
1941 502 2014 553 ait
2077 499 2309 563 Paulus,
2347 512 2389 566 Α
2421 505 2515 557 καὶ
2548 507 2606 556 τ),
2640 506 2864 574 Πνεῦμα
2897 507 2954 558 τὸ
2985 508 3010 559 ἃ

2255 516 2309 563 s,
2347 512 2389 566 Α
2421 505 2515 557 καὶ
2548 507 2606 556 τὸ
2640 506 2864 574 Πνεῦμα
2897 507 2954 558 τὸ
2985 508 3140 573 ἅγιον
3173 504 3450 574 πανταχοῦ
3486 505 3576 558 καὶ
3609 505 3748 574 μετὰ
3780 507 3869 556 τοῦ
3906 507 4010 558 [lx-

3907 372 4013 454 πέρι

2422 597 2548 663 τρὸς
2581 598 2696 649 ἔστι
2726 600 2819 649 καὶ
2851 601 2989 666 μετὰ
3015 598 3106 649 τοῦ
3143 599 3296 662 Υίοῦ,
3328 600 3422 650 καὶ
3454 599 3566 650 ἅνω
3598 597 3693 650 καὶ
3721 599 3894 662 κάτει),
3923 599 4013 649 καὶ

2422 691 2600 738 πάντα
2647 688 2934 756 ἄνθρωπον
2979 687 3206 756 φωτίζει
3250 693 3346 741 καὶ
3388 691 3446 740 οὐ
3493 689 3672 739 λείπει
3713 688 3897 739 ποθέν.
3943 688 4017 739 Τὸ

2420 779 2529 846 γὰρ
2560 779 2786 848 Πνεῦμα
2813 782 2873 832 τὸ
2902 781 3075 846 ἅγιον,
3113 781 3280 849 φησὶν
3305 783 3333 832 6
3364 781 3538 849 μέγας
3571 777 3803 841 Παῦλος,
3837 779 4011 831 πάντα

2418 870 2617 940 ἐρευνᾷ
2651 873 2746 924 καὶ
2781 873 2846 924 τὰ
2883 872 3023 941 βάοη
3058 872 3151 925 τοῦ
3189 872 3345 926 Θεοῦ.
3385 873 3519 925 Ἰδοὺ
3555 871 3778 933 λοιπὸν,
3817 872 4010 939 ὥσπερ

2420 961 2469 1011 εἰ
2505 959 2606 1012 οὐκ
2639 959 2864 1030 οἴδαμεν
2898 962 2990 1014 τὸν
3028 962 3218 1015 ⁹Ιιλίαν
3250 963 3342 1014 τὸν
3373 961 3642 1028 Θεσϐίτην
3679 965 3888 1012 ἐκεῖνον
3921 961 4011 1012 τὸν

2422 1053 2748 1122 προφήτην,
2784 1055 2843 1106 οὺ
2882 1053 3228 1120 γινώσκομεν
3263 1054 3515 1115 ποταπὸς
3551 1051 3618 1123 ἦν
3641 1071 3652 1082 ·
3694 1056 3819 1106 ὅταν
3852 1054 3907 1104 δὲ
3941 1053 4017 1103 εἴ-

2419 1148 2604 1217 δωμεν
2633 1148 2732 1218 τὴν
2763 1149 2946 1202 εἰκόνα
2976 1151 3214 1212 ἐκείνου,
3244 1149 3365 1199 τότε
3405 1150 3606 1217 μικρὸν
3636 1148 4014 1216 κατανοοῦμεν

2419 1240 2513 1293 τὸν
2559 1241 2892 1310 χαρακτῆρα
2937 1241 3032 1293 τοῦ
3083 1242 3363 1309 προφήτου
3415 1241 3621 1292 ἐκείνου
3665 1242 3868 1300 Ἠλίου,
3917 1241 4015 1291 κᾶν

2421 1328 2517 1380 xal.
2553 1330 2628 1398 μὴ
2669 1330 2909 1395 ἰσότιμος
2953 1330 3102 1382 ἐστιν
3132 1347 3144 1357 ·
3193 1329 3335 1382 οὕτω
3381 1332 3474 1382 καὶ
3510 1331 3600 1382 ἐπὶ
3635 1329 3728 1382 τοῦ
3770 1329 3905 1383 Θεοῦ
3941 1331 4017 1381 δεῖ

2423 1422 2587 1472 νοεῖν.
2628 1420 2738 1472 Καὶ
2783 1422 2892 1490 γὰρ
2935 1421 3068 1474 Θεὸν
3109 1422 3282 1483 οὐδεὶς
3323 1423 3572 1490 ἑώρακεν
3617 1425 3835 1474 πώποτε
3867 1438 3880 1450 ·
3923 1422 4016 1473 καὶ

2422 1511 2544 1561 ἐπεὶ
2570 1509 2661 1561 τὸν
2686 1510 2821 1562 Θεὸν
2847 1512 2944 1580 οὐχ
2971 1512 3299 1582 ἑωράκαμεν
3325 1514 3446 1565 οὐδὲ
3475 1513 3821 1581 γινώσκομεν
3850 1531 3919 1564 πο
3957 1531 4016 1564 α-

2423 1603 2523 1669 μὸς
2657 1605 2778 1656 ἐπεὶ
2808 1605 2865 1657 δέ
2899 1606 3012 1671 φῶς
3048 1608 3196 1658 ἐστιν
3226 1607 3253 1656 6
3283 1606 3415 1669 Θεὸς
3439 1649 3452 1672 ,
3484 1607 3815 1674 εὑρίσκομεν
3847 1607 3905 1657 τὸ
3935 1607 4018 1657 αξ-

2422 1693 2623 1762 σθητὸν
2656 1695 2772 1761 φῶς
2807 1694 3000 1763 ὥσπερ
3032 1696 3221 1748 εἰκόνα
3253 1695 3349 1748 τοῦ
3386 1695 3618 1764 ἀοράτου
3654 1694 3790 1746 Θεοῦ
3813 1732 3830 1750 .
3869 1695 3928 1745 Εἰ
3962 1695 4017 1745 δὲ

2420 1784 2654 1854 λέγομεν
2678 1827 2691 1849 ,
2730 1788 2847 1848 πῶς
2884 1787 3078 1856 ὁρατός
3117 1790 3264 1839 ἐστιν
3297 1787 3488 1855 ἥλιος,
3526 1789 3618 1840 καὶ
3654 1781 3735 1848 εἷς
3772 1790 3887 1838 ἐστι
3926 1787 4018 1837 καὶ

723 1890 832 1927 uno
868 1875 969 1926 Iria
1019 1875 1302 1937 distincta,
1351 1885 1559 1928 etcum
1610 1874 1682 1927 ita
1721 1874 1815 1938 sil,
1853 1876 1926 1928 ita
1960 1875 2310 1930 sentiendum
2355 1872 2395 1928 Β
2424 1893 2485 1946 τρ

2262 1891 2310 1928 ιη
2355 1872 2395 1928 Β
2424 1877 2546 1946 τρία
2579 1878 2848 1946 πρόσωπα
2875 1877 2970 1929 τοῦ
2999 1879 3152 1946 ἡλίου
3183 1878 3276 1932 καὶ
3300 1880 3368 1930 τὰ
3399 1878 3671 1948 πρόσωπά
3706 1881 3846 1929 εἰσιν
3875 1877 4018 1945 ἀχώ-

725 1977 809 2020 est
850 1980 901 2020 et
937 1967 1299 2020 credendum.

797 2286 852 2342 Si
885 2298 1068 2340 autem
1099 2287 1410 2354 exemplum
1447 2285 1550 2337 hoc
1582 2285 1678 2337 tibi
1715 2301 2069 2354 nequaquam
2104 2283 2327 2340 satisfa-

724 2383 801 2434 eit
834 2381 900 2433 ad
930 2381 1300 2448 cegnitiunem
1332 2377 1496 2430 trium
1533 2393 1898 2447 personarum
1932 2378 2177 2443 deitatis,
2209 2379 2327 2431 ani-

727 2473 1013 2528 madverte
1046 2484 1098 2528 et
1130 2475 1292 2525 aliam
1319 2474 1612 2541 imaginem
1650 2473 1766 2526 Dei.
1800 2471 1893 2526 Est
1923 2484 2109 2528 autem
2140 2475 2328 2527 anima

728 2570 1010 2632 heminis;
1041 2567 1268 2636 quando
1299 2567 1446 2619 enim
1486 2566 1628 2620 Deus
1661 2567 1949 2619 hominem
1996 2582 2190 2621 creare
2232 2583 2328 2621 vo-

728 2662 849 2720 luit,
885 2662 1023 2714 dixit
1072 2678 1085 2714 :
1131 2679 1148 2710 ι
1197 2659 1486 2712 Faciamus
1526 2660 1806 2713 hominem
1843 2664 1908 2712 ad
1945 2658 2241 2726 imaginem
2275 2667 2331 2712 et

734 2754 1158 2808 similitudinem
1206 2765 1454 2807 nostram
1488 2755 1530 2805 ’.
1581 2771 1600 2804 ι
1645 2751 1784 2807 Ecce
1837 2753 2004 2820 igitur
2050 2762 2104 2808 et
2164 2753 2332 2806 homo

737 2850 852 2915 ipse
895 2849 1075 2915 imago
1111 2846 1202 2900 Dei
1238 2855 1325 2901 est
1360 2863 1375 2902 :
1408 2845 1664 2899 videlicet
1705 2846 1888 2898 anima
1941 2846 2206 2900 hominis.
2241 2845 2336 2898 Est

725 2941 872 2995 enim
906 2941 1089 2993 anima
1129 2939 1367 2992 hominis
1406 2953 1512 2991 una
1555 2937 1800 3005 quidem,
1857 2948 1910 2992 et
1956 2940 2122 2991 trium
2175 2939 2334 3008 quasi

727 3046 1128 3101 personarum;
1183 3040 1295 3084 tres
1333 3029 1480 3083 enim
1526 3030 1827 3098 potentias,
1867 3030 2030 3100 quasi
2068 3039 2178 3084 tres
2213 3045 2338 3100 per-

725 3139 890 3177 sonas
925 3122 1086 3174 habet
1113 3121 1332 3184 anima;
1374 3125 1429 3173 et
1465 3119 1762 3187 quomodo,
1802 3119 2204 3175 animadverte.
2243 3119 2339 3174 Est

728 3228 910 3269 autem
935 3215 1117 3267 anima
1149 3229 1256 3266 una
1295 3214 1749 3282 persona,anima
1783 3229 1915 3268 vero
1941 3214 2196 3285 producit
2221 3231 2332 3270 ser-
2365 3233 2409 3294 ο
2442 3183 2590 3254 ψυχη
2613 3199 2653 3294 ’Υ

728 3325 971 3372 ιιιοηριη,
1012 3317 1066 3361 et
1110 3322 1241 3362 ecce
1279 3321 1486 3369 sermo,
1521 3306 1627 3360 alia
1669 3322 1935 3375 persona;
1970 3311 2148 3360 anima
2202 3323 2329 3377 pro-

723 3401 880 3454 ducit
914 3402 1304 3470 spirationem,
1346 3409 1399 3452 et
1431 3413 1560 3453 ecce
1592 3399 1824 3469 spiratio
1848 3440 1862 3464 ,
1899 3399 2005 3454 alia
2050 3416 2283 3468 persona
2311 3417 2326 3465 ;

725 3504 857 3547 sunt
890 3509 1021 3559 ergo
1043 3491 1202 3560 quasi
1233 3506 1485 3560 pet-sonte
1520 3500 1631 3545 tres
1668 3509 1680 3544 :
1717 3491 1925 3554 anima,
1971 3507 2178 3558 sermo,
2213 3491 2330 3561 spi-

728 3586 893 3638 ratio.
922 3587 1135 3638 Animae
1173 3592 1304 3638 sunt
1351 3597 1603 3652 persome
1650 3594 1702 3637 et
1744 3601 1853 3637 non
1887 3586 2161 3654 corporis.
2195 3600 2330 3654 quo-

728 3679 1128 3740 niamevolans
1154 3676 1336 3729 anima
1367 3677 1436 3728 ab
1458 3692 1714 3744 corpore,
1741 3692 1842 3731 nec
1866 3693 2068 3739 sermo,
2097 3693 2198 3730 nec
2219 3677 2330 3746 spi-

731 3774 874 3826 iatio
915 3780 1163 3825 remanet
1199 3771 1250 3822 in
1284 3784 1545 3838 corpore;
1603 3771 1863 3841 sedjacet
1895 3785 2098 3839 cei-pus
2121 3771 2332 3841 absque

728 3880 987 3918 sermone
1019 3873 1074 3917 et
1102 3861 1432 3932 spiratione.
1468 3879 1652 3917 sermo
1688 3879 1815 3916 vero
1848 3876 1901 3917 et
1936 3865 2169 3932 spiratio
2201 3875 2331 3918 sunt

728 3960 784 4011 in
812 3957 996 4010 anima
1022 3973 1036 4021 ;
1066 3965 1119 4011 et
1155 3957 1257 4010 hoc
1288 3957 1512 4024 quidem
1543 3963 1714 4024 patet,
1752 3955 1880 4024 quia
1913 3971 2097 4010 sermo
2136 3965 2190 4010 ct
2217 3955 2328 4023 spi-

729 4055 877 4108 ratio
907 4054 975 4107 ah
1003 4055 1184 4106 anima
1210 4059 1335 4105 sunt
1372 4064 1623 4120 persona:
1656 4069 1668 4102 :
1701 4058 1755 4104 et
1789 4064 1919 4103 ecce
1949 4049 2115 4118 igitur
2146 4051 2330 4103 anima

721 4164 812 4208 est
841 4163 1092 4220 persona,
1125 4144 1355 4214 spiratio
1384 4141 1512 4195 alia.
1547 4141 1741 4195 Anima
1775 4150 1860 4196 est
1902 4142 2044 4194 trina
2079 4144 2237 4212 quasi
2275 4145 2330 4196 in

727 4246 1007 4317 personis,
1037 4243 1163 4295 licet
1189 4239 1372 4293 anima
1404 4237 1476 4292 sit
1504 4251 1612 4290 una
1651 4245 1705 4290 et
1741 4250 1849 4289 non
1891 4244 2023 4290 tres.
2057 4233 2114 4289 Si
2145 4245 2330 4290 autem

728 4344 1100 4407 interrogatus
1160 4332 1375 4396 fueris,
1431 4338 1567 4398 quot
1627 4328 1844 4381 animas
1893 4327 2092 4382 habeat
2139 4327 2330 4390 homo,

726 4429 1087 4502 respmnlebis
1147 4442 1312 4481 unam
1345 4441 1359 4490 ;
1408 4425 1784 4493 interrogatus
1825 4432 2011 4482 autem
2041 4435 2176 4494 quot
2206 4440 2332 4494 per—

728 4540 880 4579 Some
930 4523 1092 4575 unius
1123 4519 1236 4574 sint
1267 4518 1490 4583 animae,
1529 4515 1864 4585 respondere
1896 4518 2157 4569 convenit
2188 4524 2327 4579 tres,

723 4619 990 4688 quoniam
1025 4614 1236 4675 anima,
1276 4626 1459 4666 sermo
1496 4618 1550 4662 et
1583 4608 1813 4678 spiratio
1864 4617 1947 4663 est
1988 4623 2093 4662 una
2123 4607 2330 4671 anima,
2365 4609 2415 4670 ι)

721 4725 777 4766 et
814 4723 926 4764 tres
960 4721 1224 4778 persona.
1267 4705 1330 4759 Et
1377 4706 1562 4757 anima
1598 4702 1820 4772 quidem
1855 4710 1944 4755 est
1985 4704 2053 4754 ad
2110 4702 2330 4754 modum

725 4805 908 4859 l‘aliis
936 4843 948 4866 ,
993 4817 1174 4856 sermo
1212 4813 1344 4854 vero
1396 4800 1595 4851 anima:
1626 4803 1713 4850 est
1759 4797 1827 4848 ad
1867 4795 2089 4850 modum
2123 4793 2247 4847 Filii
2281 4805 2336 4849 et

727 4899 888 4951 Verbi
929 4896 1045 4958 Dei,
1081 4893 1312 4962 spiratio
1345 4905 1474 4943 vero
1505 4889 1705 4942 animae
1732 4898 1817 4943 est
1847 4888 1911 4942 ad
1953 4888 2175 4941 modum
2206 4886 2334 4956 Spi-

727 5001 870 5042 ntus
912 4980 1111 5040 sancti.
1151 4982 1630 5051 Quemadmodum
1670 4982 1818 5035 enim
1855 4983 2037 5034 anima
2071 4991 2154 5034 est
2185 4982 2338 5049 inge-

725 5086 861 5144 niia,
895 5084 964 5132 ita
1019 5081 1160 5132 Deus
1219 5075 1383 5129 Pater
1419 5075 1693 5143 ingenitus
1747 5082 1851 5137 cst,
1887 5085 1938 5127 et
1976 5073 2336 5142 quemadmo-

723 5182 855 5227 tlttln
885 5187 1068 5226 M'IIIIO
1095 5179 1399 5240 gellt'rstlur
1424 5172 1491 5219 ιιι»
1515 5167 1630 5234 ipsa
1661 5169 1866 5228 anima,
1898 5167 1969 5218 ita
2005 5180 2057 5221 et
2091 5165 2332 5219 Verbum

729 5277 802 5323 lle
863 5289 887 5318 a
926 5268 1085 5318 l'atre
1136 5272 1453 5332 generatur,
1484 5270 1536 5313 et
1583 5260 2054 5329 quemadmodum
2105 5259 2336 5330 spii'atio

727 5371 1025 5429 generatur
1054 5359 1121 5410 ab
1153 5355 1358 5418 anima,
1398 5363 1449 5407 ct
1481 5353 1721 5424 Spiritus
1752 5364 1975 5416 sanctus
2012 5351 2262 5422 procedit
2306 5368 2334 5403 λ

729 5458 798 5511 Ιό
832 5471 888 5508 re
919 5472 932 5520 ;
971 5461 1024 5507 et
1065 5453 1155 5505 dic
1187 5452 1306 5504 sic:
1347 5451 1568 5512 Anima,
1608 5464 1818 5509 Sermo,
1855 5449 2112 5516 Spiratio,
2147 5449 2332 5500 anima

727 5565 831 5604 nua
867 5561 921 5604 et
970 5562 1079 5601 non
1119 5554 1271 5610 tres;
1315 5545 1384 5597 ita
1415 5553 1470 5597 et
1496 5541 1680 5606 I’atcr,
1717 5541 1953 5595 Verbum
1992 5551 2044 5595 et
2087 5542 2332 5610 Spiritus

726 5654 953 5699 sanctus
991 5657 1132 5695 unus
1178 5640 1342 5706 Deus,
1369 5654 1478 5692 non
1515 5646 1647 5691 tres.
1695 5638 2084 5703 lnscparabilis
2121 5635 2334 5700 anima,

723 5755 777 5797 ct
809 5756 995 5794 sermo
1034 5750 1090 5794 et
1142 5736 1378 5808 spiratio
1409 5752 1514 5788 una
1555 5736 1736 5786 animi
1770 5742 1823 5786 et
1855 5749 1962 5785 non
2006 5741 2140 5796 tres,
2185 5731 2335 5785 inse-

804 5922 1029 5979 'lCor.
1068 5937 1127 5988 ll,
1173 5921 1254 5977 l0.
1338 5921 1354 5950 ⁸
1399 5920 1540 5975 Cen.
1581 5937 1616 5984 I,
1661 5921 1754 5975 '20.

2429 1986 2593 2040 ριστα
2626 1971 2720 2023 τοῦ
2755 1971 2907 2040 ἡλίου
2932 1989 2944 2001 '
2982 1975 3009 2024 6
3043 1973 3100 2025 δὲ
3134 1973 3284 2042 ἥλιός
3319 1974 3468 2026 ἐστιν
3501 1971 3665 2024 εἰκὼν
3695 1971 3787 2024 τοῦ
3823 1971 4015 2041 νοητοῦ

2428 2063 2584 2132 ἡλίου
2621 2063 2793 2131 ἡγουν
2823 2063 2917 2115 τοῦ
2954 2063 3091 2116 Θεοῦ
3117 2080 3130 2092 ·
3164 2064 3282 2117 ἐστι
3316 2066 3370 2118 δὲ
3404 2069 3432 2119 6
3465 2066 3616 2134 ἥλιος
3647 2066 4017 2136 τρισυπόστα-

2430 2170 2522 2217 τος
2550 2169 2564 2183 ·
2601 2155 2695 2207 καὶ
2726 2155 2899 2216 οὕτως
2933 2154 3021 2223 ἔχε
3055 2157 3150 2207 καὶ
3177 2157 3287 2208 νόει
3321 2155 3413 2208 κιὶ
3448 2157 3690 2210 πίστευε.

2506 2243 2567 2296 Εἰ
2600 2243 2656 2296 δέ
2688 2244 2788 2296 οὐκ
2820 2246 2980 2313 ἀρκεῖ
3012 2261 3094 2296 σοι
3132 2244 3193 2296 τὸ
3227 2244 3323 2297 τοῦ
3358 2246 3512 2315 ἡλίου
3549 2244 3905 2313 παράδειγμα
3942 2243 4020 2306 εἰς

2433 2337 2739 2406 ἐπίγνωσιν
2788 2338 3227 2408 τρισυποστὰτου
3262 2337 3540 2409 Θεότητος,
3576 2338 3740 2406 βλέπε
3800 2339 3894 2390 καὶ
3927 2339 4022 2392 ἄλο

2433 2434 2535 2500 λην
2581 2430 2768 2484 εἰκόνα
2823 2430 2981 2484 Θεοῦ.
3015 2431 3172 2483 Ἐστι
3217 2431 3274 2483 δὲ
3313 2432 3518 2500 ἡψυχὴ
3576 2431 3670 2482 τοῦ
3704 2428 4020 2498 ἀνθρώπου.

2437 2523 2612 2576 ’Ὅταν
2647 2524 2757 2592 γὰρ
2794 2522 2987 2590 ἔμελλε
3053 2523 3318 2575 πλάσσειν
3363 2525 3391 2576 6
3432 2522 3566 2586 Θεὸς
3593 2523 3685 2575 τὸν
3713 2522 4020 2592 ἄνθρωπον,

2437 2617 2615 2688 εἶπεν,
2642 2622 2723 2674 ὅτι
2753 2621 3083 2689 Ποιήσωμεν
3130 2617 3422 2689 ἄνθρωπον
3453 2620 3580 2671 κατ’
3609 2619 3794 2671 εἰκόνα
3827 2619 4026 2686 ἡμετέ-

2441 2734 2542 2787 ραν
2580 2717 2673 2770 ita}:
2709 2714 2831 2768 καθ’
2865 2716 3131 2785 ὁμοίωσιν
3159 2733 3172 2746 ο
3210 2715 3322 2776 ἰδοὺ
3382 2714 3596 2781 λοιπὸν,
3633 2715 3728 2766 καὶ
3756 2716 3785 2767 6
3817 2711 4029 2782 ἄνθρω-

2443 2827 2543 2873 πος
2575 2808 2744 2861 εἰκών
2775 2809 2893 2860 ἐστι
2925 2811 3021 2861 τοῦ
3055 2806 3216 2869 Θεοῦ,
3249 2808 3417 2877 ἤγουν
3445 2808 3476 2876 ἡ
3516 2805 3665 2876 ψυχὴ
3697 2805 3791 2858 τοῦ
3820 2805 4022 2874 ἀνθρὼ-

2445 2921 2574 2958 που.
2629 2903 2780 2956 Ἔστὶ
2813 2901 2869 2955 δέ
2906 2903 2939 2972 ἡ
2967 2901 3115 2972 ψυχὴ
3147 2900 3241 2954 τοῦ
3267 2901 3568 2970 ἀνθρώπου
3603 2902 3700 2969 μία
3731 2897 3849 2966 μὲν,
3896 2898 4031 2950 ἀλλὰ

2442 2997 2884 3067 τρισυπόστατος
2907 3010 2922 3025 ·
2952 2996 3080 3067 τρία
3134 2995 3240 3064 γὰρ
3299 2995 3570 3063 πρόσωπα
3618 2993 3734 3062 ἔχει
3765 2993 3807 3060 ἡ·
3834 2992 3981 3060 ψυχή
4017 3007 4029 3021 ·

2445 3089 2539 3141 καὶ
2574 3087 2689 3150 πῶς
2725 3089 2982 3142 ἄκουσον.
3030 3084 3211 3138 Ἐστὶν
3239 3086 3270 3154 ἡ
3298 3085 3446 3154 ψυχὴ
3474 3083 3530 3136 ἓν
3564 3084 3881 3152 πρόσωπον,
3915 3083 3946 3152 ἡ
3976 3082 4032 3133 δὲ

2661 3183 2788 3252 εννᾷ
2813 3180 2902 3233 τὸν
2941 3179 3122 3245 λόγον,
3153 3178 3249 3231 καὶ
3285 3177 3395 3230 ἰδοὺ
3423 3178 3451 3229 6
3482 3175 3641 3242 λόγος
3668 3175 3828 3229 ἄλλον
3858 3175 4031 3243 προσ·

2439 3289 2627 3328 ωπον·
2677 3276 2710 3343 ἡ
2775 3271 2923 3342 ψυχὴ
2971 3272 3267 3343 ἐκπορεύει
3320 3271 3421 3338 τὴν
3468 3269 3656 3338 πνοὴν,
3704 3270 3796 3321 καὶ
3845 3269 3955 3320 ίδοὺ
3996 3269 4026 3336 ἡ

2446 3367 2585 3437 πνοὴ
2635 3367 2799 3420 ἄλλον
2856 3369 3178 3435 πρόσωπον.
3232 3365 3340 3417 Καὶ
3392 3363 3504 3415 ἰδοὺ
3558 3363 3828 3431 πρόσωπα
3879 3360 4029 3430 τρία,

2442 3461 2617 3531 ψυχὴ,
2642 3459 2802 3527 λόγος
2835 3460 2932 3512 καὶ
2989 3458 3128 3526 πνοὴ
3174 3459 3272 3525 τῆς
3320 3454 3502 3524 ψυχῆς
3537 3456 3666 3518 είσι,
3690 3453 3749 3505 οὐ
3803 3452 3892 3504 τοῦ
3927 3451 4031 3502 σώ-

2445 3569 2647 3626 ματος’
2675 3551 2863 3622 ἐπειδὴ
2909 3551 3087 3621 ψυχῆς
3137 3549 3463 3619 ἐξελθούσης
3515 3552 3578 3602 ἐκ
3619 3549 3712 3601 τοῦ
3757 3549 4029 3614 σώματος,

2438 3647 2760 3717 οὕτῐλόγος
2793 3651 3126 3718 ἐναπομένει
3157 3649 3234 3718 τῷ
3267 3648 3484 3716 σώματι
3528 3647 3650 3700 οῦτε
3695 3647 3856 3717 πνοὴ,
3898 3645 4033 3700 alii

2445 3745 2624 3795 κεῖται
2656 3743 2716 3794 τὸ
2751 3742 2910 3811 σῶμα
2942 3744 3036 3796 καὶ
3066 3743 3263 3811 ἄλογον
3295 3743 3391 3796 καὶ
3421 3741 3650 3795 ἄπνουν.
3699 3743 3758 3793 Ὀ
3789 3744 3842 3793 δὲ
3879 3741 4030 3806 λόγος

2445 3837 2538 3890 καὶ
2564 3839 2594 3903 ἡ
2633 3838 2768 3907 πνοή
2802 3838 2940 3888 εἰσιν
2971 3835 3028 3890 ἐν
3061 3838 3127 3905 τῇ
3151 3833 3296 3906 ψυχῇ
3319 3849 3333 3863 ο
3365 3833 3459 3886 καὶ
3490 3833 3647 3886 τοῦτο
3678 3832 3838 3903 δῆλόν
3862 3836 4033 3897 tota,

2442 3931 2514 3994 ὼς
2535 3932 2662 3984 ὃτιό
2692 3932 2849 3999 λόγος
2883 3930 2979 3984 καὶ
3016 3931 3047 4000 ἡ
3083 3931 3222 3999 πνοὴ
3249 3930 3355 3981 ἀπὸ
3385 3929 3486 3998 τῆς
3512 3929 3688 3998 ψυχῆς
3724 3929 3829 3980 εἱσι
3865 3931 4036 3998 πρόσ-

2440 4044 2570 4078 ωπα
2592 4041 2604 4053 ·
2639 4028 2734 4078 καὶ
2769 4025 2877 4078 ἰδοὺ
2926 4024 3195 4093 λοιπὸν,ἡ
3233 4022 3378 4092 ψυχὴ
3445 4024 3737 4088 πρόσωπον
3781 4023 3860 4085 ἒν,
3896 4025 3922 4074 6
3955 4021 4038 4070 λέ-

2442 4137 2538 4188 γος
2587 4120 2748 4172 ἄλλον
2810 4119 3128 4189 πρόσωπον,
3159 4120 3313 4188 καὶὴ
3347 4119 3486 4187 πνοὴ
3521 4116 3680 4170 ἄλλον
3715 4117 4029 4185 πρόσωπον,

2442 4218 2570 4284 τρία
2606 4215 2795 4284 σχεδὸν
2851 4214 3122 4284 πρόσωπα
3168 4216 3267 4284 τῆς
3313 4212 3514 4283 ψυχῆς,
3550 4212 3687 4265 ἀλλὰ
3738 4212 3888 4281 ψυχὴ
3941 4214 4039 4282 μία

2442 4309 2537 4361 καὶ
2571 4309 2632 4360 οὐ
2660 4309 2829 4378 τρεῖς.
2874 4309 2932 4360 Et
2968 4311 3077 4376 γὰρ
3108 4308 3416 4378 ἐρωτηθῇς,
3441 4310 3614 4372 πόσας
3645 4307 3826 4378 ψυχὰς
3863 4308 3977 4377 ἔχει
4012 4310 4037 4360 6

2443 4400 2732 4469 ἄνθρωπος
2759 4416 2774 4464 ;
2801 4399 3020 4469 μέλλεις
3047 4402 3224 4453 εἰπεῖν
3245 4402 3327 4453 ὅτι
3357 4401 3487 4470 μίαν
3514 4418 3527 4432 ·
3564 4402 3612 4453 εί
3643 4401 3697 4454 δὲ
3726 4402 4034 4471 ἐρωτηθῇς,

2445 4495 2537 4546 καὶ
2576 4493 2719 4546 πόσα
2774 4495 3045 4564 πρόσωπά
3093 4495 3199 4546 εἰσι
3236 4493 3332 4565 τῆς
3369 4495 3498 4563 μιᾶς
3554 4492 3731 4562 ψυχῆς
3760 4510 3772 4558 ;
3802 4492 4037 4562 ἁρμόζει

2443 4587 2530 4640 ἵνα
2562 4588 2722 4659 εἴπῃς
2757 4589 2839 4641 ὅτι
2875 4588 3024 4658 τρία,
3049 4588 3238 4657 ἐπειδὴ
3268 4587 3420 4658 ψυχὴ
3452 4589 3541 4640 καὶ
3582 4587 3739 4653 λόγος
3772 4591 3862 4638 καὶ
3898 4585 4036 4657 πνοὴ

2443 4687 2543 4754 μία
2577 4683 2727 4753 ψυχὴ
2758 4684 2852 4736 καὶ
2885 4683 3158 4752 πρόσωπα
3190 4683 3337 4753 τρία.
3372 4684 3479 4736 Καί
3520 4684 3720 4752 ἐστινὴ
3760 4685 3858 4752 μὲν
3886 4681 4035 4752 ψυχὴ

2442 4777 2522 4840 είς
2562 4777 2732 4830 τύπον
2761 4777 2855 4830 τοῦ
2903 4777 3144 4847 Πατρὸς,
3174 4780 3202 4829 ὁ
3227 4777 3282 4831 δέ
3310 4775 3467 4842 λόγος
3507 4776 3604 4846 τῆς
3634 4777 3814 4845 ψυχῆς
3845 4777 3926 4839 εἰς
3950 4775 4040 4828 τύ-

2442 4889 2545 4923 πον
2593 4872 2687 4923 τοῦ
2743 4870 2871 4923 Υίοῦ
2915 4873 3009 4925 καὶ
3057 4873 3232 4937 Λόγου
3267 4869 3364 4923 τοῦ
3412 4869 3573 4932 Θεοῦ,
3607 4874 3638 4942 ἡ
3676 4872 3731 4922 δὲ
3767 4872 3905 4941 πνοὴ
3938 4871 4039 4939 τῆς

2440 4964 2620 5034 ψυχῆς
2653 4965 2799 5018 ἔστιν
2823 4965 2901 5028 el,-
2930 4964 3097 5017 τύπον
3130 4965 3225 5017 τοῦ
3259 4966 3527 5032 παναγίου
3559 4965 3904 5034 [Ινεύματος.
3946 4965 4035 5028 Ὠς

2443 5060 2551 5127 γὰρ
2583 5060 2614 5126 ἡ
2641 5057 2789 5128 ψυχὴ
2814 5060 3133 5127 ἀγένητος,
3162 5060 3308 5110 οὕτω
3359 5062 3450 5108 καὶ
3485 5060 3512 5109 6
3549 5059 3682 5120 Θεὸς
3719 5059 3814 5109 καὶ
3847 5057 4037 5122 Πατὴρ

2441 5153 2742 5221 ὰγένίιητος
2768 5169 2780 5181 ·
2809 5155 2900 5205 καὶ
2938 5151 3126 5221 ὥσπερ
3162 5153 3188 5203 6
3221 5152 3393 5218 Λόγος
3432 5154 3528 5218 τῆς
3561 5150 3742 5219 ψυχῆς
3777 5149 4038 5218 γεννητὸς

2444 5245 2541 5299 ἀπ’
2574 5247 2767 5316 αὐτῆς,
2793 5247 2936 5300 οὕτω
2961 5249 3052 5298 καὶ
3082 5251 3108 5300 6
3143 5249 3315 5314 Λόγος
3350 5245 3449 5298 τοῦ
3483 5245 3620 5299 Θεοῦ
3648 5238 3905 5316 γεννητὸς
3932 5245 4040 5296 ἀπο

2446 5341 2539 5392 τοῦ
2580 5341 2792 5408 Πατρός
2818 5359 2830 5371 ·
2868 5343 2963 5394 καὶ
2995 5339 3187 5412 ὥσπερ
3223 5346 3255 5412 ἡ
3291 5341 3540 5412 ἀναπνοὴ
3564 5343 3820 5409 γεννᾶται
3853 5341 3916 5391 ἐκ
3945 5340 4039 5408 τῆς

2444 5436 2647 5507 ψυχῆς,
2684 5435 2829 5489 οὕτω
2862 5438 2956 5487 καὶ
2990 5437 3049 5487 τὸ
3082 5436 3308 5504 Πνεῦμα
3361 5438 3420 5486 τὸ
3473 5435 3632 5504 ἆγιον
3679 5434 4041 5505 ἐκπορεύεται

2446 5534 2555 5585 ἀπὸ
2583 5531 2677 5584 τοῦ
2714 5531 2948 5599 Πατρός.
3003 5532 3108 5583 Καὶ
3141 5530 3263 5583 είπέ
3296 5528 3468 5590 οὓτως
3496 5546 3510 5562 ο
3548 5529 3732 5596 Ψυχὴ,
3764 5530 3917 5592 λόγος
3948 5528 4043 5577 καὶ

2449 5627 2585 5692 πνοὴ
2617 5625 2713 5694 μία
2743 5623 2892 5693 ψυχὴ
2919 5625 3011 5675 καὶ
3038 5624 3098 5676 οὐ
3130 5625 3279 5691 τρεῖς
3305 5639 3320 5652 ·
3341 5621 3485 5674 οὕτω
3511 5622 3603 5673 καὶ
3634 5619 3843 5690 Πατὴρ,
3873 5619 4042 5684 Λόγος

2451 5721 2547 5774 καὶ
2581 5716 2802 5790 Πνεῦμα
2845 5720 3002 5786 ἅγιον
3031 5712 3109 5782 εἷς
3143 5718 3273 5781 Θεὸς
3310 5717 3407 5771 καί
3436 5717 3497 5771 οὐ
3527 5718 3675 5788 τρεῖς
3701 5730 3712 5741 '
3741 5714 4044 5786 ἀχώριστος
