4462 6450
491 367 594 458 329

1545 371 1684 431 CON
1701 370 1964 431 FESSIO
2006 369 2076 429 Fl
2092 371 2221 429 DEI
2278 368 2732 428 POSTERIUB.

3652 380 3756 440 330

489 482 614 550 τὴρ,
643 480 885 544 τοιοῦτος
915 481 1008 536 καὶ
1033 483 1060 535 6
1089 482 1235 549 Πδς,
1267 484 1359 536 καὶ
1386 487 1562 553 τροπῇ
1589 487 1683 538 τοῦ
1711 504 1738 536 ο
1772 485 1851 546 εἰς
1876 503 1904 536 υ
1935 484 2066 544 υἱός·
2103 493 2145 545 Α
2178 479 2251 534 οἷς

1995 484 2066 544 ὁς·
2103 493 2145 545 Α
2178 479 2314 549 οἷος,
2358 485 2458 536 hoc
2489 494 2569 536 est
2604 483 2765 547 talis;
2798 484 2978 552 qualis
3024 483 3173 538 enim
3217 495 3391 553 pater,
3426 489 3552 544 talis
3591 492 3757 555 ﬁlius.

490 577 673 646 ὅμοιος
713 577 822 647 γὰρ
852 578 880 630 6
904 580 1018 640 υἱὸς
1049 577 1127 646 τῷ
1159 581 1349 650 πατρί.

562 753 626 806 Τ.
688 753 802 805 Καὶ
863 753 924 805 16
982 752 1208 822 Πνεῦμα
1270 752 1330 806 16
1391 755 1549 822 ἅγιον
1602 755 1690 808 διὰ
1735 754 1789 807 τί
1849 753 2070 821 λέγεται

489 845 711 914 πνεῦμα
735 862 749 909 ;

559 937 624 988 Π.
677 935 904 1004 Πνεῦμα
954 935 1170 1002 λέγεται
1205 948 1361 1007 παρα
1395 939 1455 988 16
1508 940 1688 991 νοεῖν·
1736 940 1916 995 πάντα
1966 942 2073 1009 γὰρ

486 1027 651 1092 ὀξέως
669 1027 1082 1094 ἐπινοεῖ,ήγουν
1107 1029 1290 1079 πᾶσαν
1320 1028 1507 1096 νόησιν
1534 1030 1816 1097 συντόμως
1843 1031 2078 1082 ἐπινοεῖ-

485 1136 599 1172 ταιο
639 1120 699 1171 τὸ
731 1120 839 1188 γὰρ
864 1119 1019 1186 ἅγιον
1046 1119 1270 1188 Πνεῦμα
1293 1120 1468 1173 πάντα
1494 1121 1693 1190 ἐρευνᾷ
1718 1123 1810 1174 καὶ
1838 1121 1906 1175 τὰ
1930 1120 2068 1191 βάθη

484 1206 579 1261 τοῦ
604 1209 764 1264 Θεοῦ.

558 1302 622 1354 Τ.
671 1300 794 1353 Ἐπὶ
829 1301 963 1354 Θεοῦ
999 1303 1138 1354 πόσα
1172 1303 1356 1366 arata;
1934 1343 1976 1389 ,ζ

561 1395 738 1447 Π.Ἐν
769 1395 941 1446 αἴτιον
959 1395 1050 1447 ἐπὶ
1073 1394 1208 1447 Θεοῦ
1233 1395 1395 1460 λέγω,
1429 1398 1520 1448 καὶ
1549 1398 1709 1450 τοῦτό
1736 1401 1882 1450 ἐστιν
1909 1401 1949 1451 6'
1970 1403 2079 1454 [Ia—

486 1487 592 1554 τήρ
613 1502 624 1513 ·
657 1486 824 1548 αὐτὸς
874 1488 1041 1556 γεννᾷ
1071 1488 1163 1538 τὸν
1216 1489 1341 1540 Υἱὸν
1374 1492 1468 1541 καὶ
1505 1491 1799 1558 ὲκπορεύει
1829 1491 1893 1544 τὸ
1921 1494 2076 1559 ἆγιον

489 1574 737 1646 Πνεῦμα.
773 1580 1016 1631 Γίνωσκε
1051 1581 1136 1632 ὅτι
1169 1583 1194 1631 ὁ
1227 1581 1417 1649 Πατὴρ
1458 1583 1618 1649 μόνος
1678 1584 1826 1636 ἐστὶν
1876 1586 2071 1650 αἴτιος,

484 1674 511 1719 6
541 1670 597 1721 δέ
649 1671 777 1733 Υἱὸς
814 1671 915 1722 οὐκ
971 1671 1121 1722 ἔστιν
1157 1671 1330 1731 αἴτιος
1381 1675 1517 1724 ἀλλὰ
1572 1675 1841 1738 αἰτιατος,
1884 1677 1978 1726 καὶ
2016 1679 2075 1728 τὸ

486 1763 638 1829 ἅγιον
667 1762 894 1832 Πνεῦμα
918 1764 1122 1830 ὁμοίως
1155 1764 1256 1814 οὐκ
1285 1763 1433 1815 ἔστιν
1462 1766 1636 1816 αἴτιον
1659 1765 1775 1816 ἀλλ’
1798 1768 2072 1820 αἰτιατόν·

485 1854 630 1906 ὥστε
659 1855 720 1905 τὸ
755 1855 854 1921 μὲν
884 1853 1059 1906 αἴτιον
1085 1853 1144 1905 ἓν
1177 1858 1326 1906 ἐστιν
1361 1857 1386 1906 6
1420 1855 1631 1925 Πατὴρ,
1660 1860 1730 1908 τὰ
1762 1857 1819 1908 δὲ
1850 1860 2074 1911 αἰτιατὰ
2107 1833 2148 1886 Β

486 1946 597 2006 δύο,
622 1947 649 1996 6
679 1946 805 2008 Υἱὸς
839 1945 932 1998 καὶ
964 1948 1023 1996 16
1058 1946 1215 2010 ἅγιον
1269 1946 1515 2012 Πνεῦμα.
1559 1946 1742 2008 Αῐτιος
1791 1947 2075 2017 λέγεταιλό

488 2038 676 2107 Πατὴρ
701 2037 788 2090 διὰ
810 2038 870 2089 16
895 2039 1090 2105 γεννᾷν
1122 2039 1215 2088 καὶ
1242 2037 1302 2089 οὐ
1335 2040 1618 2105 γεννᾶται,
1653 2040 1945 2109 ἐκπορεύει
1980 2043 2077 2094 καὶ

484 2131 583 2182 οῦκ
615 2132 1012 2199 ἐκπορεύεταιο
1057 2132 1223 2199 γεννᾷ
1265 2130 1366 2197 μὲν
1418 2131 1508 2183 τδν
1570 2131 1726 2196 Υἱὸν,
1782 2135 2075 2203 ἐκπορεύει

485 2224 542 2276 δέ
578 2225 637 2275 τὸ
679 2222 905 2288 Πνεῦμα
939 2223 1002 2276 τὺ
1051 2223 1247 2291 ἅγιον·
1306 2225 1396 2275 καὶ
1443 2223 1532 2276 διὰ
1589 2225 1745 2278 τοῦτο
1794 2226 2016 2293 λέγεται
2049 2230 2076 2282 6

489 2305 680 2387 Πατὴρ
707 2319 902 2380 αἴτιος.

556 2501 622 2555 Τ.
655 2502 766 2554 Καὶ
793 2503 936 2555 πόσα
965 2504 1188 2557 αἰτιατὰ
1216 2524 1226 2566 ;

561 2593 626 2645 Π.
669 2595 900 2646 Mum
930 2596 1045 2656 δύο,
1084 2600 1112 2648 6
1159 2599 1284 2660 Υἱὸς
1319 2601 1413 2652 καὶ
1443 2603 1503 2653 16
1543 2603 1770 2672 Πνεῦμα
1807 2605 1862 2658 τὸ
1896 2607 2071 2673 ἅγιον.

485 2683 562 2736 Οὐ
598 2688 762 2756 γεννᾷ
794 2691 821 2739 6
852 2687 1001 2749 Υἱὸς,
1047 2689 1184 2741 ἀλλὰ
1218 2694 1500 2756 γεννᾶται,
1533 2696 1622 2747 διὰ
1669 2698 1826 2750 τοῦτο
1856 2699 2072 2766 λέγεται

488 2779 766 2842 αἰτιατός·
801 2781 1003 2850 ὁμοίως
1056 2785 1150 2835 καὶ
1203 2785 1264 2836 16
1314 2786 1469 2850 ἅγιον
1509 2789 1735 2857 Πνεῦμα
1767 2791 1868 2844 οῦκ
1905 2793 2073 2844 ἐκπο-

489 2873 659 2937 ρεύει,
693 2874 808 2925 ἀλλ’
839 2876 1227 2941 ἐκπορεύεται,
1261 2881 1356 2930 καὶ
1401 2880 1488 2931 διὰ
1539 2881 1699 2932 τοῦτο
1731 2883 1953 2949 λέγεται
1994 2887 2074 2936 αἰ-

484 2968 688 3020 τιατόν.
742 2968 940 3021 Λοιπὸν
990 2970 1088 3021 ἐὰν
1148 2988 1231 3032 τις
1267 2973 1522 3043 ἐρωτήσῃ
1580 2991 1658 3037 σε,
1696 2977 1778 3026 ὅτι
1815 2977 1907 3028 ἐπὶ
1937 2976 2072 3029 Θεοῦ

486 3060 627 3113 πόσα
656 3061 807 3114 αἴτια
837 3062 1018 3129 λέγεις
1042 3079 1055 3126 ;
1083 3063 1204 3115 εἰπὲ
1232 3065 1288 3115 ἓν
1318 3082 1330 3094 ·
1369 3068 1521 3118 ποῖον
1557 3067 1743 3131 τοῦτο;
1783 3069 1996 3140 Πατήρ.

553 3213 616 3295 Τ.
661 3243 769 3295 Καὶ
800 3242 888 3295 διὰ
920 3242 971 3293 τί
1001 3241 1222 3309 λέγεται
1255 3243 1466 3309 αῖτιον;

554 3335 617 3388 ll.
663 3334 762 3387 Διὰ
811 3335 872 3388 16
920 3338 1119 3406 γεννᾷν
1169 3337 1261 3390 τὸν
1321 3338 1448 3391 Υῐὸν
1500 3339 1595 3391 καὶ
1648 3341 1968 3410 ὲκπορεῦειν
2016 3344 2075 3397 16

484 3426 707 3496 Πνεῦμα
736 3426 912 3496 ἅγιον.

551 3518 615 3571 Τ.
660 3518 784 3572 Ἐπὶ
831 3520 929 3588 τῆς
974 3521 1139 3588 ἁγίας
1185 3523 1417 3592 Τριάδος
1458 3525 1542 3588 τίς
1593 3527 1810 3595 πρῶτος
1860 3532 1923 3582 ἐκ
1965 3531 2075 3583 τῶν

478 3610 668 3679 τριῶν,
701 3615 729 3663 6
763 3609 952 3682 Πατὴρ
983 3613 1016 3682 ἢ
1051 3614 1080 3664 6
1113 3613 1238 3676 Υἱὸς
1267 3615 1299 3681 ἢ
1331 3616 1391 3667 τὸ
1424 3617 1649 3685 Πνεῦμα
1680 3619 1739 3670 τὸ
1768 3620 1961 3688 ἅγιον,

552 3704 620 3755 Π.
658 3703 784 3756 Ἐπὶ
825 3704 923 3773 τῆς
965 3704 1131 3771 ἁγίας
1174 3707 1404 3775 Τριάδος
1449 3710 1624 3772 οὐδείς
1666 3713 1785 3764 ἐστι
1835 3715 2072 3784 πρῶτος,

478 3796 654 3860 οὐδεὶς
691 3800 840 3850 ἐστιν
874 3797 1135 3868 ῦστερος,
1175 3800 1311 3854 ἀλλὰ
1347 3803 1464 3872 ἅμα
1502 3803 1722 3874 Πατὴρ,
1759 3805 1874 3875 ἅμα
1911 3808 2069 3873 Υἱὸς,

442 3876 445 3877 ν
477 3889 593 3959 ἅμα
624 3893 718 3944 καὶ
743 3892 804 3944 16
833 3893 1061 3962 Πνεῦμα
1085 3894 1147 3946 τὺ
1174 3895 1330 3962 ἅγιον
1351 3912 1363 3924 ·
1398 3897 1493 3950 καὶ
1521 3898 1610 3951 διὰ
1636 3898 1795 3952 τοῦτο
1819 3901 1915 3954 καὶ
1943 3919 2072 3955 συν-

477 3984 707 4054 άναρχοι
741 3984 1018 4052 λέγονται,
1055 3986 1115 4039 τὸ
1154 3992 1261 4056 πρὸ
1290 3989 1386 4057 τῆς
1425 3990 1602 4060 ἀρχῆς
1635 3991 1715 4046 ὃν.
1753 3993 1815 4048 ’0
1847 3995 1904 4048 δὲ
1938 3997 2071 4060 Θεὸς

474 4077 573 4130 οὐκ
605 4079 721 4147 ἔχει
750 4079 947 4150 ἀρχὴν,
978 4079 1116 4134 ἀλλὰ
1148 4081 1256 4150 πρὸ
1287 4081 1388 4150 τῆς
1421 4084 1595 4152 ἀρχῆς
1628 4084 1765 4150 ἔστι,
1795 4088 1882 4140 διὰ
1913 4089 2070 4143 τοῦτο

475 4170 691 4240 λέγεται
723 4171 958 4240 ἄναρχος
986 4187 1000 4202 °
1035 4175 1271 4242 ἄναρχος
1302 4173 1490 4227 λοιπὸν
1517 4176 1544 4226 6
1579 4177 1798 4247 Πατὴρ,
1830 4179 2069 4248 ἄναρχος

473 4260 662 4314 λοιπὸν
693 4263 721 4313 6
764 4261 924 4327 Υἱὸς,
962 4262 1205 4333 ἄναρχον
1243 4265 1336 4318 καὶ
1371 4267 1430 4318 16
1475 4266 1699 4336 Πνεῦμα
1743 4269 1899 4337 ἅγιον
1926 4290 1938 4302 ·
1976 4274 2070 4324 καὶ

476 4355 586 4407 ἰδοὺ
620 4356 972 4425 συνάναρχοι,
1001 4357 1095 4409 καὶ
1123 4358 1300 4420 οὐδεὶς
1333 4359 1549 4427 πρῶτος
1580 4362 1674 4414 καὶ
1704 4363 1878 4426 οὐδεὶς
1913 4363 2065 4418 ὓστε-

472 4463 564 4515 ρος
595 4449 686 4500 ἐπὶ
717 4450 813 4516 τῆς
847 4448 1010 4514 ἁγίας
1039 4449 1293 4515 Τριάδος.

2177 581 2231 626 et
2269 576 2623 626 mutationeo
2673 575 2782 626 l’n-u
2827 574 3074 629 Οτιιῑουιη
3152 577 3288 638 υἱὸς,
3333 578 3437 634 hoc
3474 590 3554 634 est
3590 583 3757 636 lilius.

2181 663 2391 717 Similis
2415 667 2557 718 enim
2610 665 2781 732 patris
2808 675 2888 719 est
2922 667 3086 724 ﬁlius.

2254 753 2317 808 Τ.
2354 756 2417 808 Et
2450 755 2686 823 πνεῦμα,
2716 757 2751 810 i.
2783 772 2832 811 e.
2861 756 3128 826 Spiritus,
3164 761 3308 816 unde
3340 762 3570 818 dicitur?

2252 932 2310 984 l’.
2351 933 2432 985 Ab
2489 934 2594 986 hoc
2648 935 2816 987 verbo
2865 936 3018 997 νοέω,
3069 937 3106 989 i.
3151 954 3201 993 e.
3242 940 3511 1008 intelligo.
3560 944 3756 998 Omnia

2179 1025 2323 1076 enim
2361 1025 2635 1078 veraciter
2658 1036 2706 1079 ct
2744 1037 2903 1081 acute
2941 1030 3204 1097 intelligit
3246 1044 3300 1085 et
3336 1036 3607 1101 providet.
3640 1040 3761 1106 Spi-

2180 1117 2320 1169 ritus
2341 1115 2488 1170 enim
2521 1131 2746 1172 sanetus
2775 1122 2961 1173 omnia
2996 1120 3245 1189 inquirit,
3275 1131 3326 1175 et
3355 1125 3761 1191 profunditatis

2182 1211 2344 1262 etiam
2380 1210 2494 1262 Dei.

2256 1298 2318 1354 Τ.
2352 1301 2408 1354 In
2446 1301 2553 1356 Deo
2585 1317 2705 1372 quae
2733 1313 2862 1356 sunt
2898 1305 3168 1374 prinripia
3201 1309 3566 1375 pro'lnctit'a?

2253 1391 2314 1443 Ρ.
2354 1386 2526 1445 Unuiu
2585 1395 2815 1449 dicimus
2870 1398 3206 1465 principium
3263 1404 3639 1468 gcnet'atit'tnn
3709 1407 3761 1457 in

2184 1481 2316 1544 Deo,
2352 1482 2409 1536 Ιι.
2448 1498 2496 1536 e.
2545 1484 2728 1548 Pater,
2767 1487 2881 1554 ipse
2908 1488 3053 1540 enim
3092 1502 3316 1554 gent-rat
3347 1490 3542 1546 Filium
3575 1507 3624 1547 et
3655 1499 3760 1564 spi-

2184 1583 2264 1625 rat
2297 1573 2562 1639 Spiritum
2603 1587 2877 1631 sanctum.
2919 1579 3096 1640 Scias,
3127 1583 3272 1648 quod
3300 1589 3450 1638 solus
3487 1595 3568 1638 est
3603 1587 3762 1640 l’uter

2181 1665 2542 1730 generalivus
2592 1666 2713 1719 Filii
2753 1667 2965 1731 ;l“ilitts
2994 1683 3176 1725 autem
3215 1690 3319 1726 non
3367 1686 3452 1729 νει
3493 1685 3766 1745 generati-

2184 1771 2305 1819 vus,
2341 1759 2436 1810 sed
2468 1759 2687 1825 genitus
2726 1779 2738 1822 ;
2780 1761 3019 1830 Spiritus
3052 1776 3281 1820 sanctus
3313 1782 3420 1820 non
3447 1779 3527 1823 cst
3561 1773 3766 1838 produ—

2180 1849 2381 1911 clivus,
2415 1855 2510 1904 sed
2545 1854 2870 1918 productus.
2911 1855 3096 1924 Itaque
3130 1861 3460 1928 principium
3486 1866 3768 1931 producti-

2182 1956 2305 1994 vum
2360 1952 2445 1997 est
2493 1943 2654 1998 Pater
2700 1959 2748 1998 et
2796 1949 2961 2002 etiam
2996 1951 3198 2015 Filius;
3268 1957 3517 2022 producti
3581 1967 3762 2013 autem

2181 2043 2306 2085 sunt
2343 2033 2517 2090 Filius
2552 2047 2606 2092 et
2641 2036 2889 2109 Spiritus
2937 2054 3193 2100 sanctus.
3219 2045 3582 2118 gPi-incipium
3639 2068 3762 2119 pro-

2181 2126 2464 2183 ductivum
2513 2131 2721 2186 dicitur
2762 2133 2944 2201 Pater,
2971 2139 3100 2207 quia
3129 2149 3350 2207 general
3387 2153 3440 2196 et
3465 2159 3571 2196 non
3602 2161 3765 2214 gene-

2184 2228 2357 2284 ratur,
2387 2225 2642 2290 producit
2669 2238 2722 2279 et
2750 2246 2854 2281 non
2891 2232 3258 2298 producitur;
3283 2249 3514 2304 generat
3542 2239 3763 2302 quidem

2180 2309 2402 2375 Filium,
2433 2317 2605 2383 spirat
2637 2328 2819 2374 autem
2852 2320 3121 2385 Spiritum
3148 2337 3428 2393 saurtum,
3467 2339 3518 2384 et
3549 2331 3767 2386 ideodi-

2181 2406 2326 2458 citur
2353 2406 2516 2463 Pater
2542 2412 2874 2479 principium
2909 2419 3324 2485 produrlivum.

2255 2498 2317 2551 T.
2352 2499 2418 2554 Et
2471 2513 2606 2571 quot
2662 2518 2789 2559 sunt
2821 2487 3072 2575 personae
3112 2513 3164 2565 in
3204 2516 3404 2569 divinis
3439 2519 3720 2585 produetre
3749 2524 3770 2572 1’

2253 2592 2316 2645 Ρ.
2345 2592 2473 2648 Dua:
2507 2609 2637 2650 sunt
2662 2599 2718 2652 in
2754 2601 2958 2656 ditiuis
2988 2621 3236 2671 personae
3265 2613 3567 2677 productae,
3600 2613 3769 2668 Filius

2180 2691 2233 2736 et
2262 2682 2506 2752 Spiritus
2535 2701 2796 2744 sanctus.
2840 2691 2958 2747 Non
2993 2707 3218 2764 generat
3248 2698 3444 2765 Filius,
3479 2707 3568 2757 sed
3601 2724 3768 2775 genie-

2180 2787 2355 2840 ratur,
2393 2790 2684 2850 propterea
2715 2783 2928 2838 dicitur
2958 2791 3263 2855 productus
3297 2812 3308 2845 :
3355 2795 3617 2851 similiter
3647 2799 3769 2869 Spi-

2183 2868 2320 2921 ritus
2353 2882 2582 2926 sanctur.
2619 2890 2724 2928 non
2786 2879 2984 2945 spirat,
3023 2885 3114 2935 sed
3155 2886 3418 2952 spiratur,
3447 2899 3502 2943 ct
3535 2890 3653 2944 ideo
3683 2893 3770 2946 di-

2180 2959 2678 3029 citurproductus.
2733 2966 2788 3020 Si
2826 2972 2996 3038 igitur
3041 2974 3418 3046 interrogatus
3472 2980 3666 3044 fueris,
3716 2986 3769 3036 in

2179 3050 2384 3106 divinis
2412 3071 2534 3122 qua:
2578 3058 2688 3111 sint
2721 3076 2970 3127 personae
3014 3067 3416 3133 producentes?
3459 3077 3771 3142 responde:

2181 3159 2310 3199 una.
2343 3143 2603 3210 Qtlll'llalll
2636 3150 2724 3203 illa
2763 3155 2783 3204 Υ
2812 3152 2996 3209 Pater.

2256 3236 2320 3288 T.
2358 3236 2418 3289 Et
2452 3255 2549 3292 cur
2579 3241 2783 3296 dicitur
2811 3247 3166 3311 producens?

2249 3327 2307 3382 P.
2345 3331 2482 3396 Quia
2513 3346 2738 3402 generat
2775 3338 2974 3394 Filium
3003 3355 3057 3396 et
3096 3346 3273 3412 spirat
3329 3347 3600 3418 Spiritum
3643 3369 3772 3409 san-

2180 3433 2350 3477 etum.

2251 3516 2312 3570 T.
2345 3517 2398 3570 In
2429 3533 2620 3576 sancta
2655 3523 2927 3582 Trinitatc
2955 3531 3079 3597 quis
3105 3531 3204 3586 fuit
3238 3536 3472 3604 primus,
3509 3538 3669 3596 Pater
3701 3558 3770 3597 an

2181 3607 2353 3665 Filius
2383 3630 2449 3667 an
2476 3617 2719 3685 Spiritus
2756 3633 2982 3678 sanctus
3018 3625 3040 3676 ἶ)

2252 3702 2396 3760 Ρ.1ιι
2430 3723 2623 3764 sancta
2668 3712 2938 3769 Trinitate
2987 3719 3167 3773 nullus
3213 3735 3297 3776 est
3345 3726 3556 3792 primus
3590 3744 3772 3800 neque

2181 3793 2431 3862 ultimus,
2475 3801 2568 3853 sed
2606 3801 2769 3857 simul
2823 3807 3006 3870 Pater,
3043 3811 3208 3866 simul
3254 3811 3452 3878 Filius,
3499 3821 3665 3874 simul
3717 3835 3772 3877 et

2180 3883 2421 3954 Spiritus
2446 3903 2698 3958 sanctus,
2735 3905 2790 3950 et
2821 3911 3121 3969 propterea
3158 3907 3320 3960 simul
3360 3925 3469 3964 non
3526 3913 3770 3970 incho’ati

2177 3981 2438 4035 dicuntur
2469 3993 2594 4040 ante
2628 3989 2978 4060 principium.
3023 3995 3165 4050 Deus
3207 4015 3336 4056 vero
3361 4003 3524 4058 Pater
3556 4008 3767 4076 princi-

2176 4073 2266 4138 pio
2300 4087 2468 4138 caret,
2509 4078 2631 4133 licet
2667 4092 2751 4136 est
2811 4095 2938 4140 ante
2975 4089 3331 4160 principium,
3377 4105 3432 4150 et
3473 4073 3764 4169 propterea

2175 4164 2377 4219 dicitur
2427 4169 2547 4225 sine
2612 4173 2920 4245 principio;
2973 4191 3166 4237 etnon
3228 4185 3519 4245 inchoatus
3569 4191 3764 4254 Filius.

2177 4275 2286 4314 non
2340 4263 2639 4321 inchoatus
2690 4269 2932 4337 Spiritus
2984 4287 3231 4331 sanctus.
3281 4279 3344 4333 Et
3401 4298 3531 4337 ecce
3599 4286 3768 4341 simul

2175 4360 2456 4422 coaeterni,
2494 4369 2546 4414 et
2579 4364 2759 4419 nullus
2802 4367 3036 4436 primus,
3081 4373 3267 4429 nullus
3293 4376 3518 4431 ultimus
3553 4379 3605 4432 in
3635 4397 3764 4435 san-

2174 4458 2258 4503 cta
2292 4450 2587 4508 Trinitate.

542 4537 605 4593 Τ.
647 4539 758 4592 Καὶ
789 4541 850 4592 τὸ
887 4539 1114 4610 Πνεῦμα
1148 4543 1206 4595 16
1247 4544 1405 4613 ἅγιον
1441 4546 1557 4609 πῶς
1598 4548 1962 4616 ἐκπορεύεται
2004 4553 2067 4604 ἐκ
2097 4547 2148 4604 Ι)
2176 4630 2197 4632 ξ
2248 4536 2310 4591 Το
2367 4541 2432 4594 Εί
2503 4543 2743 4613 5Pirilus
2799 4563 3031 4608 δεηειυε
3083 4561 3363 4625 Ψιοῐηοδο
3427 4565 3675 4632 Pl'uc‘i‘dil
3736 4584 3764 4620 ³

470 4632 565 4685 τοῦ
599 4632 811 4703 Πατρός
837 4651 850 4699 ;

543 4726 612 4779 ll.
646 4727 794 4780 Ἔδει
826 4743 883 4779 σε
912 4731 1010 4781 καὶ
1036 4729 1164 4797 περὶ
1190 4723 1384 4783 τούτου
1417 4733 1492 4802 μὴ
1520 4735 1754 4803 ἐρωτᾷν,
1787 4737 1878 4788 καὶ
1905 4737 2064 4791 τοῦτο

475 4816 578 4886 γὰρ
609 4818 1043 4888 ἁνερμήνευτον.
1081 4821 1229 4890 Πλὴν
1263 4822 1504 4890 μάνθανε
1539 4825 1632 4875 καὶ
1667 4829 1798 4895 περὶ
1828 4827 2022 4879 τούτου
2047 4872 2060 4896 ,

469 4912 554 4963 ὃτι
591 4909 785 4980 ὥσπερ
823 4914 855 4981 ἡ
895 4913 1141 4984 ἀναπνοὴ
1176 4914 1271 4967 τοῦ
1313 4915 1608 4983 ἀνθρώπου
1649 4919 1714 4969 ἐκ
1746 4920 1844 4988 τῆς
1885 4920 2065 4990 ψυχῆς

471 5003 875 5074 ἐκπορεύεται,
910 5004 1056 5060 οὕτω
1090 5010 1186 5062 καὶ
1220 5009 1282 5061 16
1319 5009 1546 5079 Πνεῦμα
1579 5015 1640 5063 16
1677 5009 1834 5080 ἅγιον
1870 5017 1934 5067 ἐκ
1969 5015 2064 5067 τοῦ

475 5096 688 5168 Πατρὸς
719 5098 1100 5168 ἐκπορεύεται.

544 5190 609 5243 Τ,
637 5187 784 5260 *Αρα
811 5195 1072 5260 χωρεῖῖαι
1099 5194 1127 5245 6
1157 5194 1290 5257 Θεὸς
1319 5195 1377 5248 έν
1406 5196 1487 5247 ἐνὶ
1518 5196 1669 5265 τόπῳ
1698 5196 1729 5266 ἢ
1763 5196 1860 5263 0ὕῖ

544 5283 614 5336 ll.
653 5284 756 5345 Θὲς
789 5284 881 5335 τὸν
920 5285 1044 5338 νοῦν
1077 5303 1172 5338 σου
1210 5288 1305 5339 καὶ
1339 5288 1564 5355 νόησον,
1603 5289 1685 5340 ὅτι
1721 5291 1748 5342 6
1781 5290 1911 5354 Θεὸς
1949 5292 2064 5360 φῶς

471 5377 642 5441 ἐστιν,
672 5375 987 5444 ἀθεώρητος
1020 5381 1116 5432 καὶ
1146 5380 1455 5450 ἁχώρητος,
1488 5379 1614 5433 οὕτε
1633 5372 1740 5434 ὀῦν
1770 5383 2065 5454 θεωρεῖται

469 5472 500 5522 6
529 5469 661 5533 Θεὸς
684 5508 700 5531 ,
731 5468 854 5523 οὔτε
886 5473 1150 5540 χωριῖται
1179 5474 1260 5534 εὶς
1293 5473 1352 5525 τὸ
1386 5474 1498 5525 πᾶν
1518 5515 1533 5538 ,
1567 5475 1702 5527 ὅπου
1737 5476 1923 5544 μέλλει
1955 5496 2066 5547 χω-

475 5563 588 5630 ρεῖν
619 5563 714 5615 καὶ
744 5566 1027 5616 κατοικεῖν
1050 5580 1067 5598 ο
1099 5563 1242 5619 time
1273 5566 1469 5635 δῆλον,
1501 5568 1588 5620 ὅτι
1618 5569 1679 5620 οὑ
1713 5572 1974 5638 χωρείται
2007 5575 2065 5624 ἐν

470 5653 553 5706 ἐνὶ
577 5655 751 5726 τόπῳ,
775 5653 914 5710 ἀλλὰ
939 5659 1104 5710 παντὶ
1130 5657 1222 5709 καὶ
1251 5658 1532 5730 πανταχοῦ
1561 5661 1830 5729 πάρεστιν
1857 5664 1885 5713 6
1909 5661 2061 5725 Θεός.

473 5745 660 5799 Πάντα
685 5747 929 5817 ἤκουσας
948 5748 1077 5818 περὶ
1093 5751 1191 5818 τῆς
1219 5749 1380 5817 ἁγίας
1410 5751 1666 5820 Τριάδος,
1695 5753 1778 5805 ὅτι
1811 5752 1869 5805 ἓν
1901 5755 2068 5823 πρόσ-

469 5853 620 5894 ωπον
643 5842 670 5895 6
703 5841 890 5910 Πατὴρ
950 5842 1045 5894 καὶ
1071 5842 1130 5894 τὸ
1156 5842 1240 5895 ἓτε
1254 5860 1346 5910 ρον
1371 5845 1598 5913 λέγεται
1628 5846 1855 5919 Πνεῦμα
1882 5850 2062 5918 ἅγιον,

795 5942 1058 6000 l‘nnoL.
1112 5942 1232 6003 (in.
1266 5940 1446 6002 CLX.

2173 4630 2375 4687 Patre?

2243 4727 2302 4781 P.
2351 4729 2698 4803 Interrogare
2724 4737 2790 4790 de
2827 4739 2928 4793 hoc
2961 4742 3189 4799 minime
3225 4754 3274 4799 te
3317 4746 3495 4814 decet,
3534 4767 3644 4805 non
3680 4768 3766 4808 εει

2172 4821 2628 4893 interpretabile;
2662 4838 2906 4885 attamen
2941 4833 3168 4891 addisce
3199 4855 3388 4908 quaeso
3418 4843 3484 4897 de
3518 4845 3618 4899 hac
3652 4863 3710 4900 re
3750 4868 3762 4903 :

2170 4917 2636 4982 quemadmodum
2685 4925 2920 4992 spiratio
2970 4928 3210 4986 hominis
3239 4936 3491 5001 procedit
3537 4939 3604 4992 ab
3649 4943 3767 4994 ani-

2173 5020 2280 5072 ma,
2307 5009 2382 5063 ita
2407 5019 2460 5064 et
2489 5011 2728 5078 Spiritus
2756 5029 2981 5075 sanctus
3010 5025 3262 5091 procedit
3295 5041 3322 5079 ο
3348 5025 3533 5084 Patre.
3622 5011 3631 5018 ’

2243 5191 2304 5246 Ἰ.
2340 5192 2535 5249 Utrum
2565 5196 2688 5252 loco
2725 5202 2942 5269 capitur
2975 5203 3118 5260 Deus
3149 5223 3216 5261 an
3242 5213 3403 5265 non?

2243 5284 2306 5339 P.
2363 5291 2752 5348 Animadverte
2798 5307 2852 5351 et
2906 5297 3187 5371 intelliges
3247 5305 3566 5377 diligenter,
3623 5315 3767 5382 quod

2172 5377 2315 5433 Deus
2351 5381 2535 5436 lumen
2570 5399 2652 5438 est
2696 5387 2976 5445 invisibile
3006 5402 3060 5446 et
3095 5394 3220 5449 loco
3252 5413 3356 5452 non
3385 5405 3716 5472 receptabile
3748 5426 3763 5474 ;

2170 5489 2350 5543 neque
2393 5476 2562 5546 igitur
2614 5484 2884 5549 aspicitur
2934 5484 3096 5552 Deus,
3154 5505 3335 5561 neque
3377 5497 3672 5564 respicitur
3713 5502 3767 5554 in

2172 5575 2308 5631 toto,
2356 5567 2446 5621 ubi
2492 5569 2845 5629 habitaturus
2872 5586 2926 5631 et
2959 5590 3384 5651 receptaturus;
3419 5585 3607 5657 itaque
3635 5593 3768 5645 .cla-

2170 5676 2292 5716 rum
2341 5664 2810 5739 manifestumque
2859 5681 2967 5737 est,
3021 5679 3168 5743 quod
3222 5694 3330 5733 non
3390 5684 3660 5752 recipitur
3714 5687 3768 5738 in

2171 5771 2281 5811 uno
2316 5758 2458 5824 loco,
2490 5759 2587 5816 sed
2623 5762 2675 5815 in
2712 5771 2828 5819 toto
2863 5773 2914 5820 et
2957 5767 3159 5838 ubique
3184 5771 3338 5826 adest
3381 5773 3545 5830 Deus.
3587 5776 3768 5830 Etiam

2171 5851 2433 5908 audivisti
2499 5854 2564 5910 de
2598 5869 2792 5914 sancta
2834 5860 3124 5931 Trinitate,
3158 5865 3305 5921 ouod
3361 5883 3470 5922 una
3526 5885 3766 5939 persona

3337 5961 3402 6024 11
