  <div class='ocr_page' id='page_1' title='image "/cluster/home/n/w/nwhite01/storage/ocr_20150623/160/nnc1.0046980687/179.png"; bbox 0 0 4462 6450; ppageno 0'>
   <div class='ocr_carea' id='block_1_1' title="bbox 719 376 823 436">
    <p class='ocr_par' dir='ltr' id='par_1_1' title="bbox 719 376 823 436">
     <span class='ocr_line' id='line_1_1' title="bbox 719 376 823 436; baseline -0.058 0"><span class='ocrx_word' id='word_1_1' title='bbox 719 376 823 436; x_wconf 71' lang='lat'><strong>330</strong></span> 
     </span>
    </p>
   </div>
   <div class='ocr_carea' id='block_1_2' title="bbox 1802 383 2892 443">
    <p class='ocr_par' dir='ltr' id='par_1_2' title="bbox 1802 383 2892 443">
     <span class='ocr_line' id='line_1_2' title="bbox 1802 383 2892 443; baseline -0.001 -3"><span class='ocrx_word' id='word_1_2' title='bbox 1802 384 2177 441; x_wconf 70' lang='lat' dir='ltr'><strong>GENN.\DII</strong></span> <span class='ocrx_word' id='word_1_3' title='bbox 2225 383 2333 441; x_wconf 73' lang='lat' dir='ltr'><strong>Cl’.</strong></span> <span class='ocrx_word' id='word_1_4' title='bbox 2370 383 2892 443; x_wconf 66' lang='lat' dir='ltr'><strong>l’A&#39;I‘lll.-\I{CH.E</strong></span> 
     </span>
    </p>
   </div>
   <div class='ocr_carea' id='block_1_3' title="bbox 3880 381 3986 440">
    <p class='ocr_par' dir='ltr' id='par_1_3' title="bbox 3880 381 3986 440">
     <span class='ocr_line' id='line_1_3' title="bbox 3880 381 3986 440; baseline 0 -1"><span class='ocrx_word' id='word_1_5' title='bbox 3880 381 3986 440; x_wconf 81' lang='grc' dir='ltr'><strong>3ίο</strong></span> 
     </span>
    </p>
   </div>
   <div class='ocr_carea' id='block_1_4' title="bbox 719 489 2481 562">
    <p class='ocr_par' dir='ltr' id='par_1_4' title="bbox 719 489 2476 562">
     <span class='ocr_line' id='line_1_4' title="bbox 719 489 2476 562; baseline 0.006 -26"><span class='ocrx_word' id='word_1_6' title='bbox 719 489 1013 538; x_wconf 71' lang='lat' dir='ltr'><strong>voluntatis</strong></span> <span class='ocrx_word' id='word_1_7' title='bbox 1045 499 1096 540; x_wconf 92' lang='lat' dir='ltr'><strong>ct</strong></span> <span class='ocrx_word' id='word_1_8' title='bbox 1137 491 1426 546; x_wconf 83' lang='lat' dir='ltr'><strong>charitatis</strong></span> <span class='ocrx_word' id='word_1_9' title='bbox 1475 509 1606 558; x_wconf 63' lang='lat' dir='ltr'><strong>suae,</strong></span> <span class='ocrx_word' id='word_1_10' title='bbox 1644 495 1950 562; x_wconf 66' lang='lat' dir='ltr'><strong>providere,</strong></span> <span class='ocrx_word' id='word_1_11' title='bbox 2008 495 2308 562; x_wconf 77' lang='lat' dir='ltr'><strong>gubernare</strong></span> <span class='ocrx_word' id='word_1_12' title='bbox 2337 491 2386 546; x_wconf 83' lang='lat' dir='ltr'><strong>A</strong></span> <span class='ocrx_word' id='word_1_13' title='bbox 2417 496 2476 546; x_wconf 77' lang='grc' dir='ltr'>κό</span> 
     </span>
    </p>
   </div>
   <div class='ocr_carea' id='block_1_5' title="bbox 2218 489 3980 562">
    <p class='ocr_par' dir='ltr' id='par_1_5' title="bbox 2219 491 3980 562">
     <span class='ocr_line' id='line_1_5' title="bbox 2219 491 3980 562; baseline -0.003 -16"><span class='ocrx_word' id='word_1_14' title='bbox 2219 509 2308 546; x_wconf 87' lang='lat' dir='ltr'><strong>are</strong></span> <span class='ocrx_word' id='word_1_15' title='bbox 2337 491 2386 546; x_wconf 82' lang='lat' dir='ltr'><strong>A</strong></span> <span class='ocrx_word' id='word_1_16' title='bbox 2417 496 2640 562; x_wconf 84' lang='grc' dir='ltr'>κόσμον,</span> <span class='ocrx_word' id='word_1_17' title='bbox 2670 496 2763 548; x_wconf 57' lang='grc' dir='ltr'><strong>κατ.</strong></span> <span class='ocrx_word' id='word_1_18' title='bbox 2796 495 2884 547; x_wconf 66' lang='grc' dir='ltr'>διὰ</span> <span class='ocrx_word' id='word_1_19' title='bbox 2917 494 3010 546; x_wconf 84' lang='grc' dir='ltr'><strong>τοῦ</strong></span> <span class='ocrx_word' id='word_1_20' title='bbox 3051 491 3361 560; x_wconf 73' lang='grc' dir='ltr'>Πνεύματος</span> <span class='ocrx_word' id='word_1_21' title='bbox 3418 491 3516 559; x_wconf 70' lang='grc' dir='ltr'>τῆς</span> <span class='ocrx_word' id='word_1_22' title='bbox 3556 492 3766 561; x_wconf 77' lang='grc' dir='ltr'>ἀγαθῆς</span> <span class='ocrx_word' id='word_1_23' title='bbox 3819 494 3980 557; x_wconf 74' lang='grc' dir='ltr'>θελή-</span> 
     </span>
    </p>
   </div>
   <div class='ocr_carea' id='block_1_6' title="bbox 716 588 2302 649">
    <p class='ocr_par' dir='ltr' id='par_1_6' title="bbox 716 588 2302 649">
     <span class='ocr_line' id='line_1_6' title="bbox 716 588 2302 649; baseline 0.006 -18"><span class='ocrx_word' id='word_1_24' title='bbox 716 591 768 631; x_wconf 79' lang='grc' dir='ltr'><strong>(τι</strong></span> <span class='ocrx_word' id='word_1_25' title='bbox 801 596 1014 632; x_wconf 64' lang='lat' dir='ltr'><strong>Haut-ore</strong></span> <span class='ocrx_word' id='word_1_26' title='bbox 1070 599 1288 637; x_wconf 76' lang='lat' dir='ltr'><strong>onlnem</strong></span> <span class='ocrx_word' id='word_1_27' title='bbox 1346 594 1592 639; x_wconf 91' lang='lat' dir='ltr'><strong>naturam</strong></span> <span class='ocrx_word' id='word_1_28' title='bbox 1647 602 1803 640; x_wconf 90' lang='lat' dir='ltr'><strong>suam</strong></span> <span class='ocrx_word' id='word_1_29' title='bbox 1854 589 1906 640; x_wconf 87' lang='lat' dir='ltr'><strong>in</strong></span> <span class='ocrx_word' id='word_1_30' title='bbox 1959 588 2179 649; x_wconf 84' lang='lat' dir='ltr'><strong>mundo,</strong></span> <span class='ocrx_word' id='word_1_31' title='bbox 2237 589 2302 641; x_wconf 81' lang='lat' dir='ltr'><strong>ad</strong></span> 
     </span>
    </p>
   </div>
   <div class='ocr_carea' id='block_1_7' title="bbox 718 672 2302 744">
    <p class='ocr_par' dir='ltr' id='par_1_7' title="bbox 718 672 2302 744">
     <span class='ocr_line' id='line_1_7' title="bbox 718 672 2302 744; baseline 0.008 -22"><span class='ocrx_word' id='word_1_32' title='bbox 718 672 940 732; x_wconf 70' lang='lat' dir='ltr'><strong>liOlllllll,</strong></span> <span class='ocrx_word' id='word_1_33' title='bbox 973 689 1068 738; x_wconf 83' lang='lat' dir='ltr'><strong>pro</strong></span> <span class='ocrx_word' id='word_1_34' title='bbox 1100 677 1361 744; x_wconf 78' lang='lat' dir='ltr'><strong>cujusque</strong></span> <span class='ocrx_word' id='word_1_35' title='bbox 1392 687 1598 732; x_wconf 67' lang='lat' dir='ltr'><strong>naturae</strong></span> <span class='ocrx_word' id='word_1_36' title='bbox 1632 679 1842 732; x_wconf 84' lang='lat' dir='ltr'><strong>ordine.</strong></span> <span class='ocrx_word' id='word_1_37' title='bbox 1877 680 2003 734; x_wconf 90' lang='lat' dir='ltr'><strong>Ideo</strong></span> <span class='ocrx_word' id='word_1_38' title='bbox 2029 680 2302 735; x_wconf 77' lang='lat' dir='ltr'><strong>credimus</strong></span> 
     </span>
    </p>
   </div>
   <div class='ocr_carea' id='block_1_8' title="bbox 717 761 2303 832">
    <p class='ocr_par' dir='ltr' id='par_1_8' title="bbox 717 761 2303 832">
     <span class='ocr_line' id='line_1_8' title="bbox 717 761 2303 832; baseline 0.008 -22"><span class='ocrx_word' id='word_1_39' title='bbox 717 761 907 827; x_wconf 65' lang='lat' dir='ltr'><strong>lli-um,</strong></span> <span class='ocrx_word' id='word_1_40' title='bbox 940 767 1159 832; x_wconf 82' lang='lat' dir='ltr'><strong>quando</strong></span> <span class='ocrx_word' id='word_1_41' title='bbox 1193 769 1383 821; x_wconf 86' lang='lat' dir='ltr'><strong>voluit.</strong></span> <span class='ocrx_word' id='word_1_42' title='bbox 1414 769 1527 822; x_wconf 90' lang='lat' dir='ltr'><strong>sola</strong></span> <span class='ocrx_word' id='word_1_43' title='bbox 1557 770 1928 824; x_wconf 79' lang='lat' dir='ltr'><strong>misericordia</strong></span> <span class='ocrx_word' id='word_1_44' title='bbox 1964 788 2058 825; x_wconf 89' lang='lat' dir='ltr'><strong>sua</strong></span> <span class='ocrx_word' id='word_1_45' title='bbox 2079 787 2303 826; x_wconf 89' lang='lat' dir='ltr'><strong>convcr-</strong></span> 
     </span>
    </p>
   </div>
   <div class='ocr_carea' id='block_1_9' title="bbox 712 857 2301 922">
    <p class='ocr_par' dir='ltr' id='par_1_9' title="bbox 712 857 2301 922">
     <span class='ocr_line' id='line_1_9' title="bbox 712 857 2301 922; baseline 0.006 -14"><span class='ocrx_word' id='word_1_46' title='bbox 712 858 842 909; x_wconf 79' lang='lat' dir='ltr'><strong>t&#39;sse</strong></span> <span class='ocrx_word' id='word_1_47' title='bbox 903 857 1176 922; x_wconf 82' lang='lat' dir='ltr'><strong>homines,</strong></span> <span class='ocrx_word' id='word_1_48' title='bbox 1230 863 1548 916; x_wconf 83' lang='lat' dir='ltr'><strong>abducendo</strong></span> <span class='ocrx_word' id='word_1_49' title='bbox 1601 879 1628 915; x_wconf 93' lang='lat' dir='ltr'><strong>a</strong></span> <span class='ocrx_word' id='word_1_50' title='bbox 1682 865 1999 918; x_wconf 79' lang='lat' dir='ltr'><strong>seductione</strong></span> <span class='ocrx_word' id='word_1_51' title='bbox 2031 875 2083 919; x_wconf 84' lang='lat' dir='ltr'><strong>et</strong></span> <span class='ocrx_word' id='word_1_52' title='bbox 2117 881 2301 918; x_wconf 87' lang='lat' dir='ltr'><strong>errore</strong></span> 
     </span>
    </p>
   </div>
   <div class='ocr_carea' id='block_1_10' title="bbox 714 948 2300 1026">
    <p class='ocr_par' dir='ltr' id='par_1_10' title="bbox 714 948 2300 1026">
     <span class='ocr_line' id='line_1_10' title="bbox 714 948 2300 1026; baseline 0.009 -29"><span class='ocrx_word' id='word_1_53' title='bbox 714 951 1039 1014; x_wconf 65' lang='lat' dir='ltr'><strong>daemonum,</strong></span> <span class='ocrx_word' id='word_1_54' title='bbox 1069 962 1122 1005; x_wconf 86' lang='lat' dir='ltr'><strong>et</strong></span> <span class='ocrx_word' id='word_1_55' title='bbox 1162 953 1308 1005; x_wconf 90' lang='lat' dir='ltr'><strong>cultu</strong></span> <span class='ocrx_word' id='word_1_56' title='bbox 1345 948 1612 1008; x_wconf 86' lang='lat' dir='ltr'><strong>idolorum</strong></span> <span class='ocrx_word' id='word_1_57' title='bbox 1645 975 1657 1010; x_wconf 93' lang='lat'><strong>:</strong></span> <span class='ocrx_word' id='word_1_58' title='bbox 1697 968 1980 1025; x_wconf 87' lang='lat' dir='ltr'><strong>propterea</strong></span> <span class='ocrx_word' id='word_1_59' title='bbox 2011 959 2153 1026; x_wconf 87' lang='lat' dir='ltr'><strong>quod</strong></span> <span class='ocrx_word' id='word_1_60' title='bbox 2205 973 2300 1011; x_wconf 66' lang='lat' dir='ltr'><strong>ex,-</strong></span> 
     </span>
    </p>
   </div>
   <div class='ocr_carea' id='block_1_11' title="bbox 712 1045 2300 1116">
    <p class='ocr_par' dir='ltr' id='par_1_11' title="bbox 712 1045 2300 1116">
     <span class='ocr_line' id='line_1_11' title="bbox 712 1045 2300 1116; baseline 0.008 -28"><span class='ocrx_word' id='word_1_61' title='bbox 712 1055 866 1109; x_wconf 72' lang='lat' dir='ltr'><strong>n-pta</strong></span> <span class='ocrx_word' id='word_1_62' title='bbox 908 1053 1133 1113; x_wconf 80' lang='lat' dir='ltr'><strong>angusta</strong></span> <span class='ocrx_word' id='word_1_63' title='bbox 1165 1045 1384 1113; x_wconf 82' lang='lat' dir='ltr'><strong>regione</strong></span> <span class='ocrx_word' id='word_1_64' title='bbox 1413 1045 1750 1112; x_wconf 73' lang='lat' dir='ltr'><strong>Judazorum,</strong></span> <span class='ocrx_word' id='word_1_65' title='bbox 1786 1050 1837 1100; x_wconf 88' lang='lat' dir='ltr'><strong>in</strong></span> <span class='ocrx_word' id='word_1_66' title='bbox 1870 1065 1974 1116; x_wconf 91' lang='lat' dir='ltr'><strong>qua</strong></span> <span class='ocrx_word' id='word_1_67' title='bbox 2007 1066 2145 1103; x_wconf 88' lang='lat' dir='ltr'><strong>unus</strong></span> <span class='ocrx_word' id='word_1_68' title='bbox 2170 1051 2300 1103; x_wconf 82' lang='lat' dir='ltr'><strong>ado-</strong></span> 
     </span>
    </p>
   </div>
   <div class='ocr_carea' id='block_1_12' title="bbox 715 1137 2297 1212">
    <p class='ocr_par' dir='ltr' id='par_1_12' title="bbox 715 1137 2297 1212">
     <span class='ocr_line' id='line_1_12' title="bbox 715 1137 2297 1212; baseline 0.008 -28"><span class='ocrx_word' id='word_1_69' title='bbox 715 1139 936 1188; x_wconf 76' lang='lat' dir='ltr'><strong>rabatur</strong></span> <span class='ocrx_word' id='word_1_70' title='bbox 966 1147 1017 1189; x_wconf 85' lang='lat' dir='ltr'><strong>et</strong></span> <span class='ocrx_word' id='word_1_71' title='bbox 1049 1137 1375 1192; x_wconf 68' lang='lat' dir='ltr'><strong>credebatur</strong></span> <span class='ocrx_word' id='word_1_72' title='bbox 1410 1139 1571 1202; x_wconf 81' lang='lat' dir='ltr'><strong>Deus,</strong></span> <span class='ocrx_word' id='word_1_73' title='bbox 1605 1157 1670 1194; x_wconf 80' lang='lat' dir='ltr'><strong>ex</strong></span> <span class='ocrx_word' id='word_1_74' title='bbox 1711 1142 1824 1209; x_wconf 81' lang='lat' dir='ltr'><strong>lege</strong></span> <span class='ocrx_word' id='word_1_75' title='bbox 1848 1142 2028 1208; x_wconf 69' lang='lat' dir='ltr'><strong>Blosis,</strong></span> <span class='ocrx_word' id='word_1_76' title='bbox 2061 1145 2297 1212; x_wconf 86' lang='lat' dir='ltr'><strong>reliquus</strong></span> 
     </span>
    </p>
   </div>
   <div class='ocr_carea' id='block_1_13' title="bbox 711 1229 2296 1291">
    <p class='ocr_par' dir='ltr' id='par_1_13' title="bbox 711 1229 2296 1291">
     <span class='ocr_line' id='line_1_13' title="bbox 711 1229 2296 1291; baseline 0.009 -15"><span class='ocrx_word' id='word_1_77' title='bbox 711 1229 891 1280; x_wconf 87' lang='lat' dir='ltr'><strong>omnis</strong></span> <span class='ocrx_word' id='word_1_78' title='bbox 919 1239 1186 1282; x_wconf 87' lang='lat' dir='ltr'><strong>terrarum</strong></span> <span class='ocrx_word' id='word_1_79' title='bbox 1221 1231 1371 1284; x_wconf 67' lang='lat' dir='ltr'><strong>orlvis</strong></span> <span class='ocrx_word' id='word_1_80' title='bbox 1399 1234 1608 1284; x_wconf 85' lang='lat' dir='ltr'><strong>colebat</strong></span> <span class='ocrx_word' id='word_1_81' title='bbox 1640 1233 1730 1286; x_wconf 90' lang='lat' dir='ltr'><strong>Dei</strong></span> <span class='ocrx_word' id='word_1_82' title='bbox 1766 1244 2044 1288; x_wconf 87' lang='lat' dir='ltr'><strong>creaturas</strong></span> <span class='ocrx_word' id='word_1_83' title='bbox 2082 1253 2096 1289; x_wconf 91' lang='lat'>:</span> <span class='ocrx_word' id='word_1_84' title='bbox 2124 1238 2296 1291; x_wconf 89' lang='lat' dir='ltr'><strong>homi-</strong></span> 
     </span>
    </p>
   </div>
   <div class='ocr_carea' id='block_1_14' title="bbox 712 1319 2297 1394">
    <p class='ocr_par' dir='ltr' id='par_1_14' title="bbox 712 1319 2297 1394">
     <span class='ocr_line' id='line_1_14' title="bbox 712 1319 2297 1394; baseline 0.009 -26"><span class='ocrx_word' id='word_1_85' title='bbox 712 1333 808 1370; x_wconf 93' lang='lat' dir='ltr'><strong>nes</strong></span> <span class='ocrx_word' id='word_1_86' title='bbox 866 1319 992 1372; x_wconf 91' lang='lat' dir='ltr'><strong>item</strong></span> <span class='ocrx_word' id='word_1_87' title='bbox 1054 1322 1254 1375; x_wconf 90' lang='lat' dir='ltr'><strong>multos</strong></span> <span class='ocrx_word' id='word_1_88' title='bbox 1291 1324 1534 1390; x_wconf 85' lang='lat' dir='ltr'><strong>deos,qui</strong></span> <span class='ocrx_word' id='word_1_89' title='bbox 1575 1337 1678 1376; x_wconf 90' lang='lat' dir='ltr'><strong>non</strong></span> <span class='ocrx_word' id='word_1_90' title='bbox 1713 1334 1863 1384; x_wconf 87' lang='lat' dir='ltr'><strong>sunt.</strong></span> <span class='ocrx_word' id='word_1_91' title='bbox 1917 1343 2014 1394; x_wconf 86' lang='lat' dir='ltr'><strong>pro</strong></span> <span class='ocrx_word' id='word_1_92' title='bbox 2052 1344 2158 1380; x_wconf 90' lang='lat' dir='ltr'><strong>uno</strong></span> <span class='ocrx_word' id='word_1_93' title='bbox 2183 1331 2297 1383; x_wconf 92' lang='lat' dir='ltr'><strong>solo</strong></span> 
     </span>
    </p>
   </div>
   <div class='ocr_carea' id='block_1_15' title="bbox 712 1409 2293 1481">
    <p class='ocr_par' dir='ltr' id='par_1_15' title="bbox 712 1409 2293 1481">
     <span class='ocr_line' id='line_1_15' title="bbox 712 1409 2293 1481; baseline 0.011 -27"><span class='ocrx_word' id='word_1_94' title='bbox 712 1424 840 1458; x_wconf 76' lang='lat' dir='ltr'><strong>vero</strong></span> <span class='ocrx_word' id='word_1_95' title='bbox 875 1409 981 1461; x_wconf 88' lang='lat' dir='ltr'><strong>Deo</strong></span> <span class='ocrx_word' id='word_1_96' title='bbox 1009 1411 1306 1463; x_wconf 80' lang='lat' dir='ltr'><strong>adorabant</strong></span> <span class='ocrx_word' id='word_1_97' title='bbox 1351 1429 1366 1464; x_wconf 91' lang='lat'><strong>:</strong></span> <span class='ocrx_word' id='word_1_98' title='bbox 1419 1412 1667 1466; x_wconf 82' lang='lat' dir='ltr'><strong>vivebant</strong></span> <span class='ocrx_word' id='word_1_99' title='bbox 1711 1414 1938 1481; x_wconf 87' lang='lat' dir='ltr'><strong>denique</strong></span> <span class='ocrx_word' id='word_1_100' title='bbox 1997 1418 2293 1472; x_wconf 85' lang='lat' dir='ltr'><strong>secundum</strong></span> 
     </span>
    </p>
   </div>
   <div class='ocr_carea' id='block_1_16' title="bbox 709 1498 2291 1576">
    <p class='ocr_par' dir='ltr' id='par_1_16' title="bbox 709 1498 2291 1576">
     <span class='ocr_line' id='line_1_16' title="bbox 709 1498 2291 1576; baseline 0.012 -33"><span class='ocrx_word' id='word_1_101' title='bbox 709 1511 836 1546; x_wconf 68' lang='lat' dir='ltr'><strong>suas</strong></span> <span class='ocrx_word' id='word_1_102' title='bbox 860 1498 1055 1564; x_wconf 78' lang='lat' dir='ltr'><strong>singuli</strong></span> <span class='ocrx_word' id='word_1_103' title='bbox 1080 1503 1576 1568; x_wconf 65' lang='lat' dir='ltr'><strong>concupiscentias,</strong></span> <span class='ocrx_word' id='word_1_104' title='bbox 1598 1521 1701 1559; x_wconf 89' lang='lat' dir='ltr'><strong>non</strong></span> <span class='ocrx_word' id='word_1_105' title='bbox 1729 1510 2025 1560; x_wconf 78' lang='lat' dir='ltr'><strong>secundum</strong></span> <span class='ocrx_word' id='word_1_106' title='bbox 2057 1511 2291 1576; x_wconf 84' lang='lat' dir='ltr'><strong>aliquam</strong></span> 
     </span>
    </p>
   </div>
   <div class='ocr_carea' id='block_1_17' title="bbox 711 1584 1029 1651">
    <p class='ocr_par' dir='ltr' id='par_1_17' title="bbox 711 1584 1029 1651">
     <span class='ocr_line' id='line_1_17' title="bbox 711 1584 1029 1651; baseline 0.003 -15"><span class='ocrx_word' id='word_1_107' title='bbox 711 1584 802 1636; x_wconf 79' lang='lat' dir='ltr'><strong>Dei</strong></span> <span class='ocrx_word' id='word_1_108' title='bbox 841 1586 1029 1651; x_wconf 72' lang='lat' dir='ltr'><strong>legem.</strong></span> 
     </span>
    </p>
   </div>
   <div class='ocr_carea' id='block_1_18' title="bbox 785 1849 2283 1922">
    <p class='ocr_par' dir='ltr' id='par_1_18' title="bbox 785 1849 2283 1922">
     <span class='ocr_line' id='line_1_18' title="bbox 785 1849 2283 1922; baseline 0.015 -23"><span class='ocrx_word' id='word_1_109' title='bbox 785 1849 1031 1904; x_wconf 67' lang='lat' dir='ltr'><strong>Aclrmat.</strong></span> <span class='ocrx_word' id='word_1_110' title='bbox 1090 1852 1222 1907; x_wconf 87' lang='lat' dir='ltr'><strong>lchti</strong></span> <span class='ocrx_word' id='word_1_111' title='bbox 1261 1859 1479 1912; x_wconf 84' lang='lat' dir='ltr'><strong>catimis</strong></span> <span class='ocrx_word' id='word_1_112' title='bbox 1528 1875 1705 1914; x_wconf 88' lang='lat' dir='ltr'><strong>sonun</strong></span> <span class='ocrx_word' id='word_1_113' title='bbox 1767 1865 2114 1919; x_wconf 83' lang='lat' dir='ltr'><strong>uzerindetur</strong></span> <span class='ocrx_word' id='word_1_114' title='bbox 2167 1869 2283 1922; x_wconf 85' lang='lat' dir='ltr'><strong>bari</strong></span> 
     </span>
    </p>
   </div>
   <div class='ocr_carea' id='block_1_19' title="bbox 710 1941 2294 2026">
    <p class='ocr_par' dir='ltr' id='par_1_19' title="bbox 710 1941 2294 2026">
     <span class='ocr_line' id='line_1_19' title="bbox 710 1941 2294 2026; baseline 0.016 -37"><span class='ocrx_word' id='word_1_115' title='bbox 710 1950 805 1991; x_wconf 91' lang='lat' dir='ltr'><strong>nut</strong></span> <span class='ocrx_word' id='word_1_116' title='bbox 876 1941 1050 1997; x_wconf 80' lang='lat' dir='ltr'><strong>klebé</strong></span> <span class='ocrx_word' id='word_1_117' title='bbox 1099 1945 1210 1997; x_wconf 88' lang='lat' dir='ltr'><strong>ilmi</strong></span> <span class='ocrx_word' id='word_1_118' title='bbox 1262 1946 1385 2001; x_wconf 86' lang='lat' dir='ltr'><strong>labe</strong></span> <span class='ocrx_word' id='word_1_119' title='bbox 1449 1953 1699 2006; x_wconf 88' lang='lat' dir='ltr'><strong>cutretile</strong></span> <span class='ocrx_word' id='word_1_120' title='bbox 1762 1956 1919 2008; x_wconf 88' lang='lat' dir='ltr'><strong>alemi</strong></span> <span class='ocrx_word' id='word_1_121' title='bbox 1979 1959 2160 2026; x_wconf 70' lang='lat' dir='ltr'><strong>giariti</strong></span> <span class='ocrx_word' id='word_1_122' title='bbox 2230 1960 2294 2014; x_wconf 90' lang='lat' dir='ltr'><strong>be</strong></span> 
     </span>
    </p>
   </div>
   <div class='ocr_carea' id='block_1_20' title="bbox 705 2033 2292 2120">
    <p class='ocr_par' dir='ltr' id='par_1_20' title="bbox 705 2033 2292 2120">
     <span class='ocr_line' id='line_1_20' title="bbox 705 2033 2292 2120; baseline 0.018 -44"><span class='ocrx_word' id='word_1_123' title='bbox 705 2055 717 2076; x_wconf 81' lang='lat'><strong><em>.</em></strong></span> <span class='ocrx_word' id='word_1_124' title='bbox 743 2033 861 2083; x_wconf 75' lang='lat' dir='ltr'><strong>hem</strong></span> <span class='ocrx_word' id='word_1_125' title='bbox 903 2033 1034 2087; x_wconf 87' lang='lat' dir='ltr'><strong>ruch</strong></span> <span class='ocrx_word' id='word_1_126' title='bbox 1063 2035 1259 2090; x_wconf 86' lang='lat' dir='ltr'><strong>cutsile</strong></span> <span class='ocrx_word' id='word_1_127' title='bbox 1284 2038 1393 2092; x_wconf 84' lang='lat' dir='ltr'><strong>kim</strong></span> <span class='ocrx_word' id='word_1_128' title='bbox 1427 2039 1736 2108; x_wconf 74' lang='lat' dir='ltr'><strong>gkentonun</strong></span> <span class='ocrx_word' id='word_1_129' title='bbox 1766 2047 1985 2100; x_wconf 85' lang='lat' dir='ltr'><strong>achseni</strong></span> <span class='ocrx_word' id='word_1_130' title='bbox 2019 2049 2186 2103; x_wconf 90' lang='lat' dir='ltr'><strong>ichthi</strong></span> <span class='ocrx_word' id='word_1_131' title='bbox 2209 2053 2292 2120; x_wconf 81' lang='lat' dir='ltr'><strong>gi-</strong></span> 
     </span>
    </p>
   </div>
   <div class='ocr_carea' id='block_1_21' title="bbox 707 2124 2287 2204">
    <p class='ocr_par' dir='ltr' id='par_1_21' title="bbox 707 2124 2287 2204">
     <span class='ocr_line' id='line_1_21' title="bbox 707 2124 2287 2204; baseline 0.015 -33"><span class='ocrx_word' id='word_1_132' title='bbox 707 2124 781 2172; x_wconf 84' lang='lat' dir='ltr'><strong>:u-i</strong></span> <span class='ocrx_word' id='word_1_133' title='bbox 846 2125 907 2176; x_wconf 85' lang='lat' dir='ltr'><strong>he</strong></span> <span class='ocrx_word' id='word_1_134' title='bbox 959 2129 1359 2182; x_wconf 82' lang='lat' dir='ltr'><strong>muchabetitur</strong></span> <span class='ocrx_word' id='word_1_135' title='bbox 1422 2135 1643 2188; x_wconf 91' lang='lat' dir='ltr'><strong>anunile</strong></span> <span class='ocrx_word' id='word_1_136' title='bbox 1675 2137 1886 2204; x_wconf 78' lang='lat' dir='ltr'><strong>techigé</strong></span> <span class='ocrx_word' id='word_1_137' title='bbox 1920 2140 2020 2192; x_wconf 86' lang='lat' dir='ltr'><strong>iter</strong></span> <span class='ocrx_word' id='word_1_138' title='bbox 2049 2142 2287 2196; x_wconf 88' lang='lat' dir='ltr'><strong>hechem</strong></span> 
     </span>
    </p>
   </div>
   <div class='ocr_carea' id='block_1_22' title="bbox 706 2214 2288 2292">
    <p class='ocr_par' dir='ltr' id='par_1_22' title="bbox 706 2214 2288 2292">
     <span class='ocr_line' id='line_1_22' title="bbox 706 2214 2288 2292; baseline 0.017 -33"><span class='ocrx_word' id='word_1_139' title='bbox 706 2214 908 2264; x_wconf 70' lang='lat' dir='ltr'><strong>vaiirur</strong></span> <span class='ocrx_word' id='word_1_140' title='bbox 942 2217 1006 2268; x_wconf 80' lang='lat' dir='ltr'><strong>Le</strong></span> <span class='ocrx_word' id='word_1_141' title='bbox 1053 2218 1258 2272; x_wconf 78' lang='lat' dir='ltr'><strong>teehric</strong></span> <span class='ocrx_word' id='word_1_142' title='bbox 1296 2221 1560 2292; x_wconf 51' lang='lat' dir='ltr'><strong>iter‘alem</strong></span> <span class='ocrx_word' id='word_1_143' title='bbox 1585 2225 1784 2279; x_wconf 75' lang='lat' dir='ltr'><strong>itzindé</strong></span> <span class='ocrx_word' id='word_1_144' title='bbox 1807 2229 2029 2283; x_wconf 86' lang='lat' dir='ltr'><strong>chcrsec</strong></span> <span class='ocrx_word' id='word_1_145' title='bbox 2056 2231 2288 2286; x_wconf 76' lang='lat' dir='ltr'><strong>alachité</strong></span> 
     </span>
    </p>
   </div>
   <div class='ocr_carea' id='block_1_23' title="bbox 703 2307 2287 2380">
    <p class='ocr_par' dir='ltr' id='par_1_23' title="bbox 703 2307 2287 2380">
     <span class='ocr_line' id='line_1_23' title="bbox 703 2307 2287 2380; baseline 0.015 -24"><span class='ocrx_word' id='word_1_146' title='bbox 703 2307 1196 2373; x_wconf 61' lang='lat' dir='ltr'><strong>egemlichasasiue</strong></span> <span class='ocrx_word' id='word_1_147' title='bbox 1232 2313 1418 2380; x_wconf 68' lang='lat' dir='ltr'><strong>ggioré</strong></span> <span class='ocrx_word' id='word_1_148' title='bbox 1456 2316 1518 2369; x_wconf 87' lang='lat' dir='ltr'><strong>be</strong></span> <span class='ocrx_word' id='word_1_149' title='bbox 1547 2318 1687 2371; x_wconf 87' lang='lat' dir='ltr'><strong>tachi</strong></span> <span class='ocrx_word' id='word_1_150' title='bbox 1736 2320 1938 2374; x_wconf 89' lang='lat' dir='ltr'><strong>anundi</strong></span> <span class='ocrx_word' id='word_1_151' title='bbox 1994 2325 2164 2377; x_wconf 82' lang='lat' dir='ltr'><strong>tzocai</strong></span> <span class='ocrx_word' id='word_1_152' title='bbox 2193 2342 2287 2378; x_wconf 85' lang='lat' dir='ltr'><strong>na-</strong></span> 
     </span>
    </p>
   </div>
   <div class='ocr_carea' id='block_1_24' title="bbox 705 2400 2284 2469">
    <p class='ocr_par' dir='ltr' id='par_1_24' title="bbox 705 2400 2284 2469">
     <span class='ocr_line' id='line_1_24' title="bbox 705 2400 2284 2469; baseline 0.015 -24"><span class='ocrx_word' id='word_1_153' title='bbox 705 2414 836 2451; x_wconf 64' lang='lat' dir='ltr'><strong>;n&#39;us</strong></span> <span class='ocrx_word' id='word_1_154' title='bbox 890 2400 999 2452; x_wconf 82' lang='lat' dir='ltr'><strong>kim</strong></span> <span class='ocrx_word' id='word_1_155' title='bbox 1058 2403 1107 2455; x_wconf 93' lang='lat' dir='ltr'><strong>ol</strong></span> <span class='ocrx_word' id='word_1_156' title='bbox 1166 2403 1331 2458; x_wconf 68' lang='lat' dir='ltr'><strong>[actin</strong></span> <span class='ocrx_word' id='word_1_157' title='bbox 1383 2406 1456 2459; x_wconf 81' lang='lat' dir='ltr'><strong>kil</strong></span> <span class='ocrx_word' id='word_1_158' title='bbox 1521 2408 1671 2463; x_wconf 79' lang='lat' dir='ltr'><strong>alach</strong></span> <span class='ocrx_word' id='word_1_159' title='bbox 1725 2413 1908 2466; x_wconf 77' lang='lat' dir='ltr'><strong>tahare</strong></span> <span class='ocrx_word' id='word_1_160' title='bbox 1953 2414 2089 2468; x_wconf 61' lang='lat' dir='ltr'><strong>lis-lie</strong></span> <span class='ocrx_word' id='word_1_161' title='bbox 2148 2418 2284 2469; x_wconf 86' lang='lat' dir='ltr'><strong>taala</strong></span> 
     </span>
    </p>
   </div>
   <div class='ocr_carea' id='block_1_25' title="bbox 706 2492 2282 2574">
    <p class='ocr_par' dir='ltr' id='par_1_25' title="bbox 706 2492 2282 2574">
     <span class='ocr_line' id='line_1_25' title="bbox 706 2492 2282 2574; baseline 0.012 -32"><span class='ocrx_word' id='word_1_162' title='bbox 706 2493 849 2558; x_wconf 70' lang='lat' dir='ltr'><strong>tilcpi</strong></span> <span class='ocrx_word' id='word_1_163' title='bbox 903 2492 1194 2560; x_wconf 66' lang='lat' dir='ltr'><strong>pkentiuun</strong></span> <span class='ocrx_word' id='word_1_164' title='bbox 1243 2496 1550 2554; x_wconf 80' lang='lat' dir='ltr'><strong>keamalsen</strong></span> <span class='ocrx_word' id='word_1_165' title='bbox 1611 2502 1867 2557; x_wconf 81' lang='lat' dir='ltr'><strong>katinden</strong></span> <span class='ocrx_word' id='word_1_166' title='bbox 1938 2511 2282 2574; x_wconf 64' lang='lat' dir='ltr'><strong>turmegilzin</strong></span> 
     </span>
    </p>
   </div>
   <div class='ocr_carea' id='block_1_26' title="bbox 701 2586 2283 2662">
    <p class='ocr_par' dir='ltr' id='par_1_26' title="bbox 701 2586 2283 2662">
     <span class='ocr_line' id='line_1_26' title="bbox 701 2586 2283 2662; baseline 0.013 -30"><span class='ocrx_word' id='word_1_167' title='bbox 701 2586 945 2638; x_wconf 79' lang='lat' dir='ltr'><strong>atcmleri</strong></span> <span class='ocrx_word' id='word_1_168' title='bbox 978 2588 1201 2642; x_wconf 84' lang='lat' dir='ltr'><strong>seitanit</strong></span> <span class='ocrx_word' id='word_1_169' title='bbox 1246 2590 1499 2644; x_wconf 89' lang='lat' dir='ltr'><strong>mainden</strong></span> <span class='ocrx_word' id='word_1_170' title='bbox 1551 2593 1616 2646; x_wconf 88' lang='lat' dir='ltr'><strong>he</strong></span> <span class='ocrx_word' id='word_1_171' title='bbox 1644 2593 1738 2647; x_wconf 89' lang='lat' dir='ltr'><strong>but</strong></span> <span class='ocrx_word' id='word_1_172' title='bbox 1788 2597 2111 2662; x_wconf 78' lang='lat' dir='ltr'><strong>pereslicten</strong></span> <span class='ocrx_word' id='word_1_173' title='bbox 2172 2600 2283 2652; x_wconf 85' lang='lat' dir='ltr'><strong>zira</strong></span> 
     </span>
    </p>
   </div>
   <div class='ocr_carea' id='block_1_27' title="bbox 701 2674 2281 2754">
    <p class='ocr_par' dir='ltr' id='par_1_27' title="bbox 701 2674 2281 2754">
     <span class='ocr_line' id='line_1_27' title="bbox 701 2674 2281 2754; baseline 0.011 -29"><span class='ocrx_word' id='word_1_174' title='bbox 701 2674 806 2726; x_wconf 62' lang='lat' dir='ltr'><strong>him</strong></span> <span class='ocrx_word' id='word_1_175' title='bbox 850 2675 1079 2730; x_wconf 86' lang='lat' dir='ltr'><strong>harinun</strong></span> <span class='ocrx_word' id='word_1_176' title='bbox 1112 2679 1342 2747; x_wconf 68' lang='lat' dir='ltr'><strong>hirlilige</strong></span> <span class='ocrx_word' id='word_1_177' title='bbox 1370 2682 1434 2734; x_wconf 88' lang='lat' dir='ltr'><strong>be</strong></span> <span class='ocrx_word' id='word_1_178' title='bbox 1466 2699 1737 2737; x_wconf 88' lang='lat' dir='ltr'><strong>mttsanun</strong></span> <span class='ocrx_word' id='word_1_179' title='bbox 1778 2685 2018 2754; x_wconf 79' lang='lat' dir='ltr'><strong>kitapiué</strong></span> <span class='ocrx_word' id='word_1_180' title='bbox 2044 2689 2281 2743; x_wconf 80' lang='lat' dir='ltr'><strong>echtikat</strong></span> 
     </span>
    </p>
   </div>
   <div class='ocr_carea' id='block_1_28' title="bbox 700 2767 2278 2844">
    <p class='ocr_par' dir='ltr' id='par_1_28' title="bbox 700 2767 2278 2844">
     <span class='ocr_line' id='line_1_28' title="bbox 700 2767 2278 2844; baseline 0.012 -29"><span class='ocrx_word' id='word_1_181' title='bbox 700 2767 883 2818; x_wconf 71' lang='lat' dir='ltr'><strong>iterIt-r</strong></span> <span class='ocrx_word' id='word_1_182' title='bbox 913 2768 977 2820; x_wconf 86' lang='lat' dir='ltr'><strong>be</strong></span> <span class='ocrx_word' id='word_1_183' title='bbox 1032 2769 1374 2824; x_wconf 86' lang='lat' dir='ltr'><strong>inauurlariti</strong></span> <span class='ocrx_word' id='word_1_184' title='bbox 1410 2789 1476 2825; x_wconf 85' lang='lat' dir='ltr'><strong>an</strong></span> <span class='ocrx_word' id='word_1_185' title='bbox 1513 2775 1687 2828; x_wconf 89' lang='lat' dir='ltr'><strong>lartan</strong></span> <span class='ocrx_word' id='word_1_186' title='bbox 1738 2777 1870 2844; x_wconf 80' lang='lat' dir='ltr'><strong>gairi</strong></span> <span class='ocrx_word' id='word_1_187' title='bbox 1907 2780 2136 2834; x_wconf 89' lang='lat' dir='ltr'><strong>atemlcr</strong></span> <span class='ocrx_word' id='word_1_188' title='bbox 2170 2781 2278 2834; x_wconf 84' lang='lat' dir='ltr'><strong>kim</strong></span> 
     </span>
    </p>
   </div>
   <div class='ocr_carea' id='block_1_29' title="bbox 700 2860 2278 2924">
    <p class='ocr_par' dir='ltr' id='par_1_29' title="bbox 700 2860 2278 2924">
     <span class='ocr_line' id='line_1_29' title="bbox 700 2860 2278 2924; baseline 0.011 -16"><span class='ocrx_word' id='word_1_189' title='bbox 700 2873 792 2913; x_wconf 50' lang='lat' dir='ltr'><strong>uer</strong></span> <span class='ocrx_word' id='word_1_190' title='bbox 857 2860 1166 2924; x_wconf 69' lang='lat' dir='ltr'><strong>giuzunttki</strong></span> <span class='ocrx_word' id='word_1_191' title='bbox 1215 2861 1361 2916; x_wconf 80' lang='lat' dir='ltr'><strong>fariti</strong></span> <span class='ocrx_word' id='word_1_192' title='bbox 1423 2865 1847 2922; x_wconf 75' lang='lat' dir='ltr'><strong>alachaichtikat</strong></span> <span class='ocrx_word' id='word_1_193' title='bbox 1905 2871 2161 2924; x_wconf 82' lang='lat' dir='ltr'><strong>itemsleri</strong></span> <span class='ocrx_word' id='word_1_194' title='bbox 2206 2873 2278 2924; x_wconf 89' lang='lat' dir='ltr'><strong>ti-</strong></span> 
     </span>
    </p>
   </div>
   <div class='ocr_carea' id='block_1_30' title="bbox 703 2945 2276 3028">
    <p class='ocr_par' dir='ltr' id='par_1_30' title="bbox 703 2945 2276 3028">
     <span class='ocr_line' id='line_1_30' title="bbox 703 2945 2276 3028; baseline 0.013 -34"><span class='ocrx_word' id='word_1_195' title='bbox 703 2945 838 2999; x_wconf 69' lang='lat' dir='ltr'><strong>Inelki</strong></span> <span class='ocrx_word' id='word_1_196' title='bbox 891 2948 1232 3003; x_wconf 77' lang='lat' dir='ltr'><strong>mat-hlukiné</strong></span> <span class='ocrx_word' id='word_1_197' title='bbox 1263 2952 1561 3019; x_wconf 89' lang='lat' dir='ltr'><strong>taparlariti</strong></span> <span class='ocrx_word' id='word_1_198' title='bbox 1598 2955 1689 3008; x_wconf 87' lang='lat' dir='ltr'><strong>but</strong></span> <span class='ocrx_word' id='word_1_199' title='bbox 1719 2957 1823 3026; x_wconf 75' lang='grc' dir='ltr'><strong>ὺἱεί</strong></span> <span class='ocrx_word' id='word_1_200' title='bbox 1869 2959 1916 3011; x_wconf 85' lang='lat' dir='ltr'><strong>ai</strong></span> <span class='ocrx_word' id='word_1_201' title='bbox 1958 2959 2061 3028; x_wconf 84' lang='lat' dir='ltr'><strong>bigi</strong></span> <span class='ocrx_word' id='word_1_202' title='bbox 2115 2961 2276 3027; x_wconf 80' lang='lat' dir='ltr'><strong>gkiun</strong></span> 
     </span>
    </p>
   </div>
   <div class='ocr_carea' id='block_1_31' title="bbox 697 3037 2277 3122">
    <p class='ocr_par' dir='ltr' id='par_1_31' title="bbox 697 3037 2277 3122">
     <span class='ocr_line' id='line_1_31' title="bbox 697 3037 2277 3122; baseline 0.01 -32"><span class='ocrx_word' id='word_1_203' title='bbox 697 3037 840 3106; x_wconf 67' lang='lat' dir='ltr'><strong>;kipi</strong></span> <span class='ocrx_word' id='word_1_204' title='bbox 893 3041 1058 3093; x_wconf 81' lang='lat' dir='ltr'><strong>tzoita</strong></span> <span class='ocrx_word' id='word_1_205' title='bbox 1109 3043 1258 3111; x_wconf 79' lang='lat' dir='ltr'><strong>arige</strong></span> <span class='ocrx_word' id='word_1_206' title='bbox 1289 3053 1340 3096; x_wconf 87' lang='lat' dir='ltr'><strong>ta</strong></span> <span class='ocrx_word' id='word_1_207' title='bbox 1373 3047 1615 3112; x_wconf 87' lang='lat' dir='ltr'><strong>parlariti</strong></span> <span class='ocrx_word' id='word_1_208' title='bbox 1657 3047 1741 3101; x_wconf 89' lang='lat' dir='ltr'><strong>bir</strong></span> <span class='ocrx_word' id='word_1_209' title='bbox 1768 3049 2094 3117; x_wconf 78' lang='lat' dir='ltr'><strong>gkeritzecta</strong></span> <span class='ocrx_word' id='word_1_210' title='bbox 2128 3054 2277 3122; x_wconf 80' lang='lat' dir='ltr'><strong>arige</strong></span> 
     </span>
    </p>
   </div>
   <div class='ocr_carea' id='block_1_32' title="bbox 2415 583 3982 654">
    <p class='ocr_par' dir='ltr' id='par_1_32' title="bbox 2415 583 3982 654">
     <span class='ocr_line' id='line_1_32' title="bbox 2415 583 3982 654; baseline -0.002 -17"><span class='ocrx_word' id='word_1_211' title='bbox 2415 603 2552 648; x_wconf 85' lang='grc' dir='ltr'>σεως</span> <span class='ocrx_word' id='word_1_212' title='bbox 2598 588 2691 638; x_wconf 70' lang='grc' dir='ltr'>καὶ</span> <span class='ocrx_word' id='word_1_213' title='bbox 2723 588 2941 654; x_wconf 78' lang='grc' dir='ltr'><strong>ἀγάπης</strong></span> <span class='ocrx_word' id='word_1_214' title='bbox 2985 583 3172 646; x_wconf 73' lang='grc' dir='ltr'>αὑτοῦ,</span> <span class='ocrx_word' id='word_1_215' title='bbox 3207 586 3522 651; x_wconf 73' lang='grc' dir='ltr'>προνοεῖται</span> <span class='ocrx_word' id='word_1_216' title='bbox 3575 586 3670 636; x_wconf 72' lang='grc' dir='ltr'>καὶ</span> <span class='ocrx_word' id='word_1_217' title='bbox 3723 585 3982 652; x_wconf 74' lang='grc' dir='ltr'>κυδερνᾷ,</span> 
     </span>
    </p>
   </div>
   <div class='ocr_carea' id='block_1_33' title="bbox 2412 675 3984 744">
    <p class='ocr_par' dir='ltr' id='par_1_33' title="bbox 2412 675 3984 744">
     <span class='ocr_line' id='line_1_33' title="bbox 2412 675 3984 744; baseline -0.001 -16"><span class='ocrx_word' id='word_1_218' title='bbox 2412 678 2506 729; x_wconf 78' lang='grc' dir='ltr'><strong>καὶ</strong></span> <span class='ocrx_word' id='word_1_219' title='bbox 2537 679 2677 729; x_wconf 90' lang='grc' dir='ltr'><strong>κινεῖ</strong></span> <span class='ocrx_word' id='word_1_220' title='bbox 2702 679 2881 729; x_wconf 78' lang='grc' dir='ltr'>πᾶσαν</span> <span class='ocrx_word' id='word_1_221' title='bbox 2916 677 3079 744; x_wconf 69' lang='grc' dir='ltr'>φύσιν</span> <span class='ocrx_word' id='word_1_222' title='bbox 3115 675 3281 730; x_wconf 81' lang='grc' dir='ltr'>αὑτοῦ</span> <span class='ocrx_word' id='word_1_223' title='bbox 3318 678 3376 728; x_wconf 86' lang='grc' dir='ltr'><strong>ὲν</strong></span> <span class='ocrx_word' id='word_1_224' title='bbox 3405 675 3481 744; x_wconf 81' lang='grc' dir='ltr'>τῷ</span> <span class='ocrx_word' id='word_1_225' title='bbox 3512 677 3722 743; x_wconf 86' lang='grc' dir='ltr'>κόσμῳ,</span> <span class='ocrx_word' id='word_1_226' title='bbox 3756 677 3894 742; x_wconf 72' lang='grc' dir='ltr'>πρὸς</span> <span class='ocrx_word' id='word_1_227' title='bbox 3923 680 3984 727; x_wconf 79' lang='grc' dir='ltr'><strong>τὺ</strong></span> 
     </span>
    </p>
   </div>
   <div class='ocr_carea' id='block_1_34' title="bbox 2409 766 3982 836">
    <p class='ocr_par' dir='ltr' id='par_1_34' title="bbox 2409 766 3982 836">
     <span class='ocr_line' id='line_1_34' title="bbox 2409 766 3982 836; baseline -0.001 -14"><span class='ocrx_word' id='word_1_228' title='bbox 2409 770 2635 835; x_wconf 73' lang='grc' dir='ltr'>ἀγαθὸν,</span> <span class='ocrx_word' id='word_1_229' title='bbox 2666 770 2805 820; x_wconf 86' lang='grc' dir='ltr'>κατά</span> <span class='ocrx_word' id='word_1_230' title='bbox 2855 769 2952 836; x_wconf 79' lang='grc' dir='ltr'><strong>τὴν</strong></span> <span class='ocrx_word' id='word_1_231' title='bbox 2998 768 3154 830; x_wconf 78' lang='grc' dir='ltr'>τάξιν</span> <span class='ocrx_word' id='word_1_232' title='bbox 3200 769 3439 829; x_wconf 76' lang='grc' dir='ltr'><strong>ἑκάστης</strong></span> <span class='ocrx_word' id='word_1_233' title='bbox 3483 766 3720 834; x_wconf 79' lang='grc' dir='ltr'>φύσεως.</span> <span class='ocrx_word' id='word_1_234' title='bbox 3754 769 3862 821; x_wconf 74' lang='grc' dir='ltr'>Καὶ</span> <span class='ocrx_word' id='word_1_235' title='bbox 3892 769 3982 820; x_wconf 81' lang='grc' dir='ltr'><strong>διὰ</strong></span> 
     </span>
    </p>
   </div>
   <div class='ocr_carea' id='block_1_35' title="bbox 2410 858 3979 928">
    <p class='ocr_par' dir='ltr' id='par_1_35' title="bbox 2410 858 3979 928">
     <span class='ocr_line' id='line_1_35' title="bbox 2410 858 3979 928; baseline 0.001 -17"><span class='ocrx_word' id='word_1_236' title='bbox 2410 861 2564 912; x_wconf 87' lang='grc' dir='ltr'>τοῦτο</span> <span class='ocrx_word' id='word_1_237' title='bbox 2615 860 2970 928; x_wconf 82' lang='grc' dir='ltr'><strong>πιστεύομεν,</strong></span> <span class='ocrx_word' id='word_1_238' title='bbox 3020 861 3126 922; x_wconf 85' lang='grc' dir='ltr'>ὅτι,</span> <span class='ocrx_word' id='word_1_239' title='bbox 3173 860 3262 912; x_wconf 86' lang='grc' dir='ltr'>ὅτε</span> <span class='ocrx_word' id='word_1_240' title='bbox 3315 858 3581 927; x_wconf 78' lang='grc' dir='ltr'>ἠθέλησεν</span> <span class='ocrx_word' id='word_1_241' title='bbox 3631 862 3658 911; x_wconf 98' lang='lat'><strong>6</strong></span> <span class='ocrx_word' id='word_1_242' title='bbox 3703 860 3858 921; x_wconf 73' lang='grc' dir='ltr'>Θεὸς.</span> <span class='ocrx_word' id='word_1_243' title='bbox 3889 860 3979 912; x_wconf 75' lang='grc' dir='ltr'><strong>διὰ</strong></span> 
     </span>
    </p>
   </div>
   <div class='ocr_carea' id='block_1_36' title="bbox 2414 949 3982 1019">
    <p class='ocr_par' dir='ltr' id='par_1_36' title="bbox 2414 949 3982 1019">
     <span class='ocr_line' id='line_1_36' title="bbox 2414 949 3982 1019; baseline 0 -17"><span class='ocrx_word' id='word_1_244' title='bbox 2414 953 2582 1019; x_wconf 83' lang='grc' dir='ltr'>μόνην</span> <span class='ocrx_word' id='word_1_245' title='bbox 2628 953 2727 1014; x_wconf 76' lang='grc' dir='ltr'><strong>τὴν</strong></span> <span class='ocrx_word' id='word_1_246' title='bbox 2779 949 3153 1018; x_wconf 74' lang='grc' dir='ltr'>ἐλεημοσύνην</span> <span class='ocrx_word' id='word_1_247' title='bbox 3212 950 3401 1015; x_wconf 82' lang='grc' dir='ltr'>αὑτοῦ,</span> <span class='ocrx_word' id='word_1_248' title='bbox 3465 951 3792 1019; x_wconf 71' lang='grc' dir='ltr'><strong>ἐπιστρέψαι</strong></span> <span class='ocrx_word' id='word_1_249' title='bbox 3854 951 3982 1012; x_wconf 84' lang='grc' dir='ltr'>τοὺς</span> 
     </span>
    </p>
   </div>
   <div class='ocr_carea' id='block_1_37' title="bbox 2409 1039 3978 1110">
    <p class='ocr_par' dir='ltr' id='par_1_37' title="bbox 2409 1039 3978 1110">
     <span class='ocr_line' id='line_1_37' title="bbox 2409 1039 3978 1110; baseline 0.001 -19"><span class='ocrx_word' id='word_1_250' title='bbox 2409 1039 2731 1106; x_wconf 80' lang='grc' dir='ltr'><strong>ἀνθρώπους</strong></span> <span class='ocrx_word' id='word_1_251' title='bbox 2774 1039 2881 1091; x_wconf 79' lang='grc' dir='ltr'><strong>ἀπὸ</strong></span> <span class='ocrx_word' id='word_1_252' title='bbox 2910 1039 3011 1105; x_wconf 81' lang='grc' dir='ltr'>τῆς</span> <span class='ocrx_word' id='word_1_253' title='bbox 3064 1041 3271 1109; x_wconf 77' lang='grc' dir='ltr'><strong>πλάνης</strong></span> <span class='ocrx_word' id='word_1_254' title='bbox 3297 1043 3407 1094; x_wconf 83' lang='grc' dir='ltr'>τῶν</span> <span class='ocrx_word' id='word_1_255' title='bbox 3434 1042 3725 1110; x_wconf 83' lang='grc' dir='ltr'>δαιμόνων,</span> <span class='ocrx_word' id='word_1_256' title='bbox 3757 1042 3849 1093; x_wconf 63' lang='grc' dir='ltr'>καὶ</span> <span class='ocrx_word' id='word_1_257' title='bbox 3879 1041 3978 1108; x_wconf 75' lang='grc' dir='ltr'><strong>τῆς</strong></span> 
     </span>
    </p>
   </div>
   <div class='ocr_carea' id='block_1_38' title="bbox 2408 1131 3977 1202">
    <p class='ocr_par' dir='ltr' id='par_1_38' title="bbox 2408 1131 3977 1202">
     <span class='ocr_line' id='line_1_38' title="bbox 2408 1131 3977 1202; baseline 0.001 -20"><span class='ocrx_word' id='word_1_258' title='bbox 2408 1131 2872 1202; x_wconf 79' lang='grc' dir='ltr'>εἰδωλολατρείας,</span> <span class='ocrx_word' id='word_1_259' title='bbox 2917 1133 3068 1195; x_wconf 84' lang='grc' dir='ltr'>διότι,</span> <span class='ocrx_word' id='word_1_260' title='bbox 3105 1133 3246 1202; x_wconf 84' lang='grc' dir='ltr'>πλὴν</span> <span class='ocrx_word' id='word_1_261' title='bbox 3296 1133 3388 1186; x_wconf 89' lang='grc' dir='ltr'><strong>τοῦ</strong></span> <span class='ocrx_word' id='word_1_262' title='bbox 3445 1134 3625 1200; x_wconf 81' lang='grc' dir='ltr'>ὀλίγου</span> <span class='ocrx_word' id='word_1_263' title='bbox 3659 1137 3823 1188; x_wconf 85' lang='grc' dir='ltr'>τόπου</span> <span class='ocrx_word' id='word_1_264' title='bbox 3871 1136 3977 1186; x_wconf 80' lang='grc' dir='ltr'>τῶν</span> 
     </span>
    </p>
   </div>
   <div class='ocr_carea' id='block_1_39' title="bbox 2419 1219 3978 1293">
    <p class='ocr_par' dir='ltr' id='par_1_39' title="bbox 2419 1219 3978 1293">
     <span class='ocr_line' id='line_1_39' title="bbox 2419 1219 3978 1293; baseline 0.001 -17"><span class='ocrx_word' id='word_1_265' title='bbox 2419 1225 2710 1288; x_wconf 82' lang='grc' dir='ltr'>Ἰουδαίων,</span> <span class='ocrx_word' id='word_1_266' title='bbox 2743 1229 2799 1276; x_wconf 86' lang='grc' dir='ltr'><strong>ὲν</strong></span> <span class='ocrx_word' id='word_1_267' title='bbox 2852 1219 2895 1292; x_wconf 78' lang='grc' dir='ltr'>ᾧ</span> <span class='ocrx_word' id='word_1_268' title='bbox 2944 1229 3335 1293; x_wconf 88' lang='grc' dir='ltr'>προσεκυνεῖτο</span> <span class='ocrx_word' id='word_1_269' title='bbox 3382 1227 3476 1278; x_wconf 77' lang='grc' dir='ltr'><strong>καὶ</strong></span> <span class='ocrx_word' id='word_1_270' title='bbox 3521 1229 3842 1279; x_wconf 73' lang='grc' dir='ltr'><strong>ἐπιστεύετο</strong></span> <span class='ocrx_word' id='word_1_271' title='bbox 3898 1223 3978 1288; x_wconf 81' lang='grc' dir='ltr'><strong>εἷς</strong></span> 
     </span>
    </p>
   </div>
   <div class='ocr_carea' id='block_1_40' title="bbox 2406 1314 3976 1383">
    <p class='ocr_par' dir='ltr' id='par_1_40' title="bbox 2406 1314 3976 1383">
     <span class='ocr_line' id='line_1_40' title="bbox 2406 1314 3976 1383; baseline 0.003 -17"><span class='ocrx_word' id='word_1_272' title='bbox 2406 1315 2558 1380; x_wconf 73' lang='grc' dir='ltr'>Θεὸς,</span> <span class='ocrx_word' id='word_1_273' title='bbox 2594 1316 2656 1366; x_wconf 87' lang='grc' dir='ltr'><strong>ἐκ</strong></span> <span class='ocrx_word' id='word_1_274' title='bbox 2704 1315 2798 1367; x_wconf 87' lang='grc' dir='ltr'><strong>τοῦ</strong></span> <span class='ocrx_word' id='word_1_275' title='bbox 2831 1317 2999 1383; x_wconf 87' lang='grc' dir='ltr'>νόμου</span> <span class='ocrx_word' id='word_1_276' title='bbox 3036 1314 3128 1367; x_wconf 83' lang='grc' dir='ltr'><strong>τοῦ</strong></span> <span class='ocrx_word' id='word_1_277' title='bbox 3163 1317 3464 1380; x_wconf 77' lang='grc' dir='ltr'><strong>Μωῦσέως,</strong></span> <span class='ocrx_word' id='word_1_278' title='bbox 3491 1319 3524 1383; x_wconf 78' lang='grc' dir='ltr'>ἠ</span> <span class='ocrx_word' id='word_1_279' title='bbox 3571 1317 3628 1369; x_wconf 83' lang='grc' dir='ltr'><strong>δὲ</strong></span> <span class='ocrx_word' id='word_1_280' title='bbox 3659 1318 3792 1383; x_wconf 77' lang='grc' dir='ltr'>ἄλλη</span> <span class='ocrx_word' id='word_1_281' title='bbox 3828 1320 3976 1370; x_wconf 85' lang='grc' dir='ltr'>πᾶσα</span> 
     </span>
    </p>
   </div>
   <div class='ocr_carea' id='block_1_41' title="bbox 2404 1406 3978 1476">
    <p class='ocr_par' dir='ltr' id='par_1_41' title="bbox 2404 1406 3978 1476">
     <span class='ocr_line' id='line_1_41' title="bbox 2404 1406 3978 1476; baseline 0.001 -18"><span class='ocrx_word' id='word_1_282' title='bbox 2404 1408 2703 1474; x_wconf 78' lang='grc' dir='ltr'><strong>οἰκουμένη</strong></span> <span class='ocrx_word' id='word_1_283' title='bbox 2757 1406 3047 1469; x_wconf 74' lang='grc' dir='ltr'>ὲσεὸάζετο</span> <span class='ocrx_word' id='word_1_284' title='bbox 3092 1409 3160 1458; x_wconf 84' lang='grc' dir='ltr'>τὰ</span> <span class='ocrx_word' id='word_1_285' title='bbox 3205 1408 3482 1476; x_wconf 82' lang='grc' dir='ltr'>κτίσματα</span> <span class='ocrx_word' id='word_1_286' title='bbox 3526 1407 3620 1460; x_wconf 86' lang='grc' dir='ltr'><strong>τοῦ</strong></span> <span class='ocrx_word' id='word_1_287' title='bbox 3669 1408 3826 1474; x_wconf 82' lang='grc' dir='ltr'>Θεοῦ,</span> <span class='ocrx_word' id='word_1_288' title='bbox 3884 1409 3978 1461; x_wconf 67' lang='grc' dir='ltr'>καὶ</span> 
     </span>
    </p>
   </div>
   <div class='ocr_carea' id='block_1_42' title="bbox 2405 1497 3977 1566">
    <p class='ocr_par' dir='ltr' id='par_1_42' title="bbox 2405 1497 3977 1566">
     <span class='ocr_line' id='line_1_42' title="bbox 2405 1497 3977 1566; baseline 0.003 -20"><span class='ocrx_word' id='word_1_289' title='bbox 2405 1497 2633 1558; x_wconf 79' lang='grc' dir='ltr'>πολλοὺς</span> <span class='ocrx_word' id='word_1_290' title='bbox 2687 1499 2863 1560; x_wconf 70' lang='grc' dir='ltr'>θεοὺς,</span> <span class='ocrx_word' id='word_1_291' title='bbox 2904 1500 3028 1559; x_wconf 83' lang='grc' dir='ltr'>τοὺς</span> <span class='ocrx_word' id='word_1_292' title='bbox 3079 1499 3155 1566; x_wconf 81' lang='grc' dir='ltr'><strong>μὴ</strong></span> <span class='ocrx_word' id='word_1_293' title='bbox 3186 1499 3366 1562; x_wconf 74' lang='grc' dir='ltr'>ὄντας,</span> <span class='ocrx_word' id='word_1_294' title='bbox 3395 1500 3516 1552; x_wconf 75' lang='grc' dir='ltr'>ἀντὶ</span> <span class='ocrx_word' id='word_1_295' title='bbox 3569 1500 3665 1553; x_wconf 87' lang='grc' dir='ltr'><strong>τοῦ</strong></span> <span class='ocrx_word' id='word_1_296' title='bbox 3719 1501 3834 1561; x_wconf 78' lang='grc' dir='ltr'>ἑνὸς</span> <span class='ocrx_word' id='word_1_297' title='bbox 3882 1501 3977 1554; x_wconf 73' lang='grc' dir='ltr'><strong>καὶ</strong></span> 
     </span>
    </p>
   </div>
   <div class='ocr_carea' id='block_1_43' title="bbox 2407 1588 3978 1656">
    <p class='ocr_par' dir='ltr' id='par_1_43' title="bbox 2407 1588 3978 1656">
     <span class='ocr_line' id='line_1_43' title="bbox 2407 1588 3978 1656; baseline 0.004 -20"><span class='ocrx_word' id='word_1_298' title='bbox 2407 1589 2567 1651; x_wconf 84' lang='grc' dir='ltr'>μόνου</span> <span class='ocrx_word' id='word_1_299' title='bbox 2601 1588 2858 1656; x_wconf 83' lang='grc' dir='ltr'><strong>ἀληθινοῦ</strong></span> <span class='ocrx_word' id='word_1_300' title='bbox 2887 1588 3024 1640; x_wconf 88' lang='grc' dir='ltr'>Θεοῦ</span> <span class='ocrx_word' id='word_1_301' title='bbox 3052 1592 3429 1656; x_wconf 78' lang='grc' dir='ltr'><strong>προσεκύνουν</strong></span> <span class='ocrx_word' id='word_1_302' title='bbox 3447 1608 3460 1620; x_wconf 89' lang='grc'><strong>·</strong></span> <span class='ocrx_word' id='word_1_303' title='bbox 3487 1590 3580 1641; x_wconf 79' lang='grc' dir='ltr'><strong>καὶ</strong></span> <span class='ocrx_word' id='word_1_304' title='bbox 3603 1591 3978 1644; x_wconf 74' lang='grc' dir='ltr'><strong>ἐπολιτεύοντο</strong></span> 
     </span>
    </p>
   </div>
   <div class='ocr_carea' id='block_1_44' title="bbox 2403 1677 3973 1754">
    <p class='ocr_par' dir='ltr' id='par_1_44' title="bbox 2403 1677 3973 1754">
     <span class='ocr_line' id='line_1_44' title="bbox 2403 1677 3973 1754; baseline 0.004 -28"><span class='ocrx_word' id='word_1_305' title='bbox 2403 1680 2544 1727; x_wconf 85' lang='grc' dir='ltr'>κατά</span> <span class='ocrx_word' id='word_1_306' title='bbox 2583 1677 2680 1737; x_wconf 87' lang='grc' dir='ltr'><strong>τάς</strong></span> <span class='ocrx_word' id='word_1_307' title='bbox 2717 1677 2853 1737; x_wconf 71' lang='grc' dir='ltr'>ἰδίας</span> <span class='ocrx_word' id='word_1_308' title='bbox 2876 1677 3096 1730; x_wconf 76' lang='grc' dir='ltr'>ἔκαστοι</span> <span class='ocrx_word' id='word_1_309' title='bbox 3126 1679 3444 1754; x_wconf 70' lang='grc' dir='ltr'><strong>ἐπιθυμίας,</strong></span> <span class='ocrx_word' id='word_1_310' title='bbox 3470 1683 3528 1733; x_wconf 77' lang='grc' dir='ltr'><strong>οὗ</strong></span> <span class='ocrx_word' id='word_1_311' title='bbox 3559 1683 3703 1734; x_wconf 84' lang='grc' dir='ltr'>κατά</span> <span class='ocrx_word' id='word_1_312' title='bbox 3726 1699 3847 1735; x_wconf 89' lang='grc' dir='ltr'>τινα</span> <span class='ocrx_word' id='word_1_313' title='bbox 3881 1682 3973 1734; x_wconf 89' lang='grc' dir='ltr'><strong>τοῦ</strong></span> 
     </span>
    </p>
   </div>
   <div class='ocr_carea' id='block_1_45' title="bbox 2399 1766 2752 1834">
    <p class='ocr_par' dir='ltr' id='par_1_45' title="bbox 2399 1766 2752 1834">
     <span class='ocr_line' id='line_1_45' title="bbox 2399 1766 2752 1834; baseline 0.006 -16"><span class='ocrx_word' id='word_1_314' title='bbox 2399 1766 2535 1818; x_wconf 83' lang='grc' dir='ltr'>Θεοῦ</span> <span class='ocrx_word' id='word_1_315' title='bbox 2568 1768 2752 1834; x_wconf 85' lang='grc' dir='ltr'>νόμον.</span> 
     </span>
    </p>
   </div>
   <div class='ocr_carea' id='block_1_46' title="bbox 2481 1857 3970 1932">
    <p class='ocr_par' dir='ltr' id='par_1_46' title="bbox 2481 1857 3970 1932">
     <span class='ocr_line' id='line_1_46' title="bbox 2481 1857 3970 1932; baseline 0.005 -24"><span class='ocrx_word' id='word_1_316' title='bbox 2481 1857 2724 1923; x_wconf 80' lang='grc' dir='ltr'><strong>Ἀχμάτ.</strong></span> <span class='ocrx_word' id='word_1_317' title='bbox 2783 1861 2918 1926; x_wconf 73' lang='grc' dir='ltr'>Ἰχτι</span> <span class='ocrx_word' id='word_1_318' title='bbox 2991 1863 3229 1929; x_wconf 81' lang='grc' dir='ltr'>κατιμῆς</span> <span class='ocrx_word' id='word_1_319' title='bbox 3303 1863 3493 1916; x_wconf 87' lang='grc' dir='ltr'>σονοῦν</span> <span class='ocrx_word' id='word_1_320' title='bbox 3561 1864 3970 1932; x_wconf 76' lang='grc' dir='ltr'><strong>οὐζεριντὲτουρ</strong></span> 
     </span>
    </p>
   </div>
   <div class='ocr_carea' id='block_1_47' title="bbox 2399 1950 3974 2024">
    <p class='ocr_par' dir='ltr' id='par_1_47' title="bbox 2399 1950 3974 2024">
     <span class='ocr_line' id='line_1_47' title="bbox 2399 1950 3974 2024; baseline 0.006 -26"><span class='ocrx_word' id='word_1_321' title='bbox 2399 1950 2580 2016; x_wconf 78' lang='grc' dir='ltr'>μπαρὶ</span> <span class='ocrx_word' id='word_1_322' title='bbox 2613 1951 2734 2001; x_wconf 72' lang='grc' dir='ltr'>νοῦτ</span> <span class='ocrx_word' id='word_1_323' title='bbox 2767 1950 2949 2003; x_wconf 78' lang='grc' dir='ltr'>κιλεϐὲ</span> <span class='ocrx_word' id='word_1_324' title='bbox 2996 1953 3109 2019; x_wconf 84' lang='grc' dir='ltr'>ῑλμι</span> <span class='ocrx_word' id='word_1_325' title='bbox 3136 1951 3266 2004; x_wconf 81' lang='grc' dir='ltr'><strong>λασὲ</strong></span> <span class='ocrx_word' id='word_1_326' title='bbox 3295 1955 3610 2022; x_wconf 82' lang='grc' dir='ltr'>κουτρὲτιλε</span> <span class='ocrx_word' id='word_1_327' title='bbox 3642 1955 3805 2024; x_wconf 71' lang='grc' dir='ltr'>ἀλεμὶ</span> <span class='ocrx_word' id='word_1_328' title='bbox 3851 1972 3974 2022; x_wconf 75' lang='grc' dir='ltr'>γιαο</span> 
     </span>
    </p>
   </div>
   <div class='ocr_carea' id='block_1_48' title="bbox 2399 2039 3968 2114">
    <p class='ocr_par' dir='ltr' id='par_1_48' title="bbox 2399 2039 3968 2114">
     <span class='ocr_line' id='line_1_48' title="bbox 2399 2039 3968 2114; baseline 0.003 -24"><span class='ocrx_word' id='word_1_329' title='bbox 2399 2040 2506 2106; x_wconf 76' lang='grc' dir='ltr'>ριτὶ</span> <span class='ocrx_word' id='word_1_330' title='bbox 2545 2039 2601 2107; x_wconf 57' lang='lat' dir='ltr'><strong>pa</strong></span> <span class='ocrx_word' id='word_1_331' title='bbox 2649 2042 2755 2109; x_wconf 84' lang='grc' dir='ltr'>χὲμ</span> <span class='ocrx_word' id='word_1_332' title='bbox 2790 2043 2920 2110; x_wconf 81' lang='grc' dir='ltr'>ρουχ</span> <span class='ocrx_word' id='word_1_333' title='bbox 2975 2044 3226 2096; x_wconf 84' lang='grc' dir='ltr'>κσύτσιλε</span> <span class='ocrx_word' id='word_1_334' title='bbox 3261 2047 3362 2112; x_wconf 76' lang='grc' dir='ltr'><strong>κὶμ</strong></span> <span class='ocrx_word' id='word_1_335' title='bbox 3393 2045 3720 2111; x_wconf 86' lang='grc' dir='ltr'>γκεντονοῦν</span> <span class='ocrx_word' id='word_1_336' title='bbox 3764 2047 3968 2114; x_wconf 81' lang='grc' dir='ltr'>ἀχσὲνη</span> 
     </span>
    </p>
   </div>
   <div class='ocr_carea' id='block_1_49' title="bbox 2399 2130 3970 2204">
    <p class='ocr_par' dir='ltr' id='par_1_49' title="bbox 2399 2130 3970 2204">
     <span class='ocr_line' id='line_1_49' title="bbox 2399 2130 3970 2204; baseline -0.001 -16"><span class='ocrx_word' id='word_1_337' title='bbox 2399 2130 2504 2198; x_wconf 83' lang='grc' dir='ltr'>ῖχθι</span> <span class='ocrx_word' id='word_1_338' title='bbox 2567 2132 2734 2202; x_wconf 84' lang='grc' dir='ltr'>γιαρὴ</span> <span class='ocrx_word' id='word_1_339' title='bbox 2803 2132 2863 2200; x_wconf 64' lang='lat' dir='ltr'><strong>ps</strong></span> <span class='ocrx_word' id='word_1_340' title='bbox 2919 2136 3400 2204; x_wconf 79' lang='grc' dir='ltr'>μουχαμπετίτουρ</span> <span class='ocrx_word' id='word_1_341' title='bbox 3463 2137 3708 2189; x_wconf 80' lang='grc' dir='ltr'>ἀνούνιλε</span> <span class='ocrx_word' id='word_1_342' title='bbox 3770 2137 3970 2204; x_wconf 76' lang='grc' dir='ltr'>τεχηγὲ</span> 
     </span>
    </p>
   </div>
   <div class='ocr_carea' id='block_1_50' title="bbox 2396 2223 3971 2297">
    <p class='ocr_par' dir='ltr' id='par_1_50' title="bbox 2396 2223 3971 2297">
     <span class='ocr_line' id='line_1_50' title="bbox 2396 2223 3971 2297; baseline 0.004 -23"><span class='ocrx_word' id='word_1_343' title='bbox 2396 2223 2507 2290; x_wconf 80' lang='grc' dir='ltr'><strong>ίτὲρ</strong></span> <span class='ocrx_word' id='word_1_344' title='bbox 2544 2224 2603 2291; x_wconf 85' lang='grc' dir='ltr'><strong>βὲ</strong></span> <span class='ocrx_word' id='word_1_345' title='bbox 2647 2223 2753 2292; x_wconf 83' lang='grc' dir='ltr'><strong>χὲμ</strong></span> <span class='ocrx_word' id='word_1_346' title='bbox 2802 2227 3065 2294; x_wconf 75' lang='grc' dir='ltr'>κατιροὺρ</span> <span class='ocrx_word' id='word_1_347' title='bbox 3093 2227 3153 2293; x_wconf 83' lang='grc' dir='ltr'><strong>βὲ</strong></span> <span class='ocrx_word' id='word_1_348' title='bbox 3190 2228 3383 2295; x_wconf 76' lang='grc' dir='ltr'>τεχρὶκ</span> <span class='ocrx_word' id='word_1_349' title='bbox 3429 2229 3541 2297; x_wconf 80' lang='grc' dir='ltr'><strong>ίτὲρ</strong></span> <span class='ocrx_word' id='word_1_350' title='bbox 3579 2228 3721 2297; x_wconf 74' lang='grc' dir='ltr'>ἀλὲμ</span> <span class='ocrx_word' id='word_1_351' title='bbox 3774 2228 3971 2292; x_wconf 73' lang='grc' dir='ltr'>ίτζιντὲ</span> 
     </span>
    </p>
   </div>
   <div class='ocr_carea' id='block_1_51' title="bbox 2390 2315 3970 2389">
    <p class='ocr_par' dir='ltr' id='par_1_51' title="bbox 2390 2315 3970 2389">
     <span class='ocr_line' id='line_1_51' title="bbox 2390 2315 3970 2389; baseline 0.004 -24"><span class='ocrx_word' id='word_1_352' title='bbox 2390 2315 2590 2383; x_wconf 81' lang='grc' dir='ltr'>χερσὲκ</span> <span class='ocrx_word' id='word_1_353' title='bbox 2647 2315 2869 2384; x_wconf 84' lang='grc' dir='ltr'>ἀλαχιτὲ</span> <span class='ocrx_word' id='word_1_354' title='bbox 2928 2320 3382 2388; x_wconf 78' lang='grc' dir='ltr'>γγεντιχασασινὲ</span> <span class='ocrx_word' id='word_1_355' title='bbox 3441 2320 3637 2388; x_wconf 72' lang='grc' dir='ltr'>Γγιορὲ</span> <span class='ocrx_word' id='word_1_356' title='bbox 3714 2321 3772 2389; x_wconf 86' lang='grc' dir='ltr'><strong>βὲ</strong></span> <span class='ocrx_word' id='word_1_357' title='bbox 3839 2321 3970 2388; x_wconf 77' lang='grc' dir='ltr'><strong>ταχὶ</strong></span> 
     </span>
    </p>
   </div>
   <div class='ocr_carea' id='block_1_52' title="bbox 2389 2406 3965 2480">
    <p class='ocr_par' dir='ltr' id='par_1_52' title="bbox 2389 2406 3965 2480">
     <span class='ocr_line' id='line_1_52' title="bbox 2389 2406 3965 2480; baseline 0.005 -24"><span class='ocrx_word' id='word_1_358' title='bbox 2389 2406 2606 2457; x_wconf 83' lang='grc' dir='ltr'>ἀνούντι</span> <span class='ocrx_word' id='word_1_359' title='bbox 2637 2409 2879 2476; x_wconf 82' lang='grc' dir='ltr'>τζοκακῆ</span> <span class='ocrx_word' id='word_1_360' title='bbox 2933 2410 3197 2476; x_wconf 78' lang='grc' dir='ltr'>ναοὺρους</span> <span class='ocrx_word' id='word_1_361' title='bbox 3242 2413 3342 2480; x_wconf 78' lang='grc' dir='ltr'>κὶμ</span> <span class='ocrx_word' id='word_1_362' title='bbox 3369 2413 3428 2463; x_wconf 83' lang='grc' dir='ltr'>ὂλ</span> <span class='ocrx_word' id='word_1_363' title='bbox 3464 2413 3658 2480; x_wconf 85' lang='grc' dir='ltr'>βάκτιν</span> <span class='ocrx_word' id='word_1_364' title='bbox 3691 2414 3782 2464; x_wconf 82' lang='grc' dir='ltr'><strong>κὶλ</strong></span> <span class='ocrx_word' id='word_1_365' title='bbox 3824 2411 3965 2480; x_wconf 78' lang='grc' dir='ltr'>ἀλὰχ</span> 
     </span>
    </p>
   </div>
   <div class='ocr_carea' id='block_1_53' title="bbox 2388 2499 3968 2569">
    <p class='ocr_par' dir='ltr' id='par_1_53' title="bbox 2388 2499 3968 2569">
     <span class='ocr_line' id='line_1_53' title="bbox 2388 2499 3968 2569; baseline 0.005 -21"><span class='ocrx_word' id='word_1_366' title='bbox 2388 2499 2645 2567; x_wconf 78' lang='grc' dir='ltr'>ταμπαρὲ</span> <span class='ocrx_word' id='word_1_367' title='bbox 2689 2500 2817 2550; x_wconf 80' lang='grc' dir='ltr'>κεσὲ</span> <span class='ocrx_word' id='word_1_368' title='bbox 2850 2501 3024 2552; x_wconf 84' lang='grc' dir='ltr'>ταάλα</span> <span class='ocrx_word' id='word_1_369' title='bbox 3066 2501 3250 2553; x_wconf 75' lang='grc' dir='ltr'>τιλεπὶ</span> <span class='ocrx_word' id='word_1_370' title='bbox 3293 2505 3614 2569; x_wconf 85' lang='grc' dir='ltr'>γκεντινοῦν</span> <span class='ocrx_word' id='word_1_371' title='bbox 3655 2505 3968 2566; x_wconf 82' lang='grc' dir='ltr'>κεαμάλσεν</span> 
     </span>
    </p>
   </div>
   <div class='ocr_carea' id='block_1_54' title="bbox 2388 2591 3960 2666">
    <p class='ocr_par' dir='ltr' id='par_1_54' title="bbox 2388 2591 3960 2666">
     <span class='ocr_line' id='line_1_54' title="bbox 2388 2591 3960 2666; baseline 0.004 -25"><span class='ocrx_word' id='word_1_372' title='bbox 2388 2591 2636 2642; x_wconf 81' lang='grc' dir='ltr'>κατιντὲν</span> <span class='ocrx_word' id='word_1_373' title='bbox 2659 2592 2750 2644; x_wconf 85' lang='grc' dir='ltr'>τὸν</span> <span class='ocrx_word' id='word_1_374' title='bbox 2771 2593 3156 2662; x_wconf 78' lang='grc' dir='ltr'>τουρμέγιτζιν</span> <span class='ocrx_word' id='word_1_375' title='bbox 3186 2596 3462 2663; x_wconf 82' lang='grc' dir='ltr'>ἀτεμλερῆ</span> <span class='ocrx_word' id='word_1_376' title='bbox 3493 2598 3763 2666; x_wconf 76' lang='grc' dir='ltr'>σεκτάνητ</span> <span class='ocrx_word' id='word_1_377' title='bbox 3789 2614 3960 2665; x_wconf 87' lang='grc' dir='ltr'>μαην-</span> 
     </span>
    </p>
   </div>
   <div class='ocr_carea' id='block_1_55' title="bbox 2385 2682 3963 2758">
    <p class='ocr_par' dir='ltr' id='par_1_55' title="bbox 2385 2682 3963 2758">
     <span class='ocr_line' id='line_1_55' title="bbox 2385 2682 3963 2758; baseline 0.003 -26"><span class='ocrx_word' id='word_1_378' title='bbox 2385 2682 2477 2733; x_wconf 79' lang='grc' dir='ltr'>τὲν</span> <span class='ocrx_word' id='word_1_379' title='bbox 2524 2683 2582 2750; x_wconf 87' lang='grc' dir='ltr'><strong>βὲ</strong></span> <span class='ocrx_word' id='word_1_380' title='bbox 2633 2686 2812 2748; x_wconf 84' lang='grc' dir='ltr'>μποὺτ</span> <span class='ocrx_word' id='word_1_381' title='bbox 2866 2685 3240 2753; x_wconf 73' lang='grc' dir='ltr'>περεσληκτὲν</span> <span class='ocrx_word' id='word_1_382' title='bbox 3292 2687 3432 2756; x_wconf 78' lang='grc' dir='ltr'><strong>ζῆρα</strong></span> <span class='ocrx_word' id='word_1_383' title='bbox 3492 2689 3592 2756; x_wconf 72' lang='grc' dir='ltr'>κὶμ</span> <span class='ocrx_word' id='word_1_384' title='bbox 3655 2690 3963 2758; x_wconf 83' lang='grc' dir='ltr'>μπαρινοῦν</span> 
     </span>
    </p>
   </div>
   <div class='ocr_carea' id='block_1_56' title="bbox 2388 2775 3950 2848">
    <p class='ocr_par' dir='ltr' id='par_1_56' title="bbox 2388 2775 3950 2848">
     <span class='ocr_line' id='line_1_56' title="bbox 2388 2775 3950 2848; baseline 0.006 -25"><span class='ocrx_word' id='word_1_385' title='bbox 2388 2775 2702 2842; x_wconf 81' lang='grc' dir='ltr'>μπιρλιλιγὲ</span> <span class='ocrx_word' id='word_1_386' title='bbox 2737 2776 2796 2844; x_wconf 78' lang='grc' dir='ltr'><strong>βὲ</strong></span> <span class='ocrx_word' id='word_1_387' title='bbox 2829 2779 3132 2843; x_wconf 81' lang='grc' dir='ltr'>μουσανοῦν</span> <span class='ocrx_word' id='word_1_388' title='bbox 3165 2781 3416 2831; x_wconf 78' lang='grc' dir='ltr'>κιταπινὲ</span> <span class='ocrx_word' id='word_1_389' title='bbox 3454 2782 3675 2848; x_wconf 57' lang='lat' dir='ltr'><strong>extum</strong></span> <span class='ocrx_word' id='word_1_390' title='bbox 3736 2782 3950 2848; x_wconf 81' lang='grc' dir='ltr'><strong>ἱτερλὲρ</strong></span> 
     </span>
    </p>
   </div>
   <div class='ocr_carea' id='block_1_57' title="bbox 2385 2865 3962 2942">
    <p class='ocr_par' dir='ltr' id='par_1_57' title="bbox 2385 2865 3962 2942">
     <span class='ocr_line' id='line_1_57' title="bbox 2385 2865 3962 2942; baseline 0.006 -26"><span class='ocrx_word' id='word_1_391' title='bbox 2385 2865 2443 2932; x_wconf 72' lang='grc' dir='ltr'><strong>βε</strong></span> <span class='ocrx_word' id='word_1_392' title='bbox 2470 2868 2891 2937; x_wconf 81' lang='grc' dir='ltr'><strong>ὴνανουρλάριτι</strong></span> <span class='ocrx_word' id='word_1_393' title='bbox 2925 2870 2990 2922; x_wconf 86' lang='grc' dir='ltr'><strong>ἀν</strong></span> <span class='ocrx_word' id='word_1_394' title='bbox 3020 2872 3226 2938; x_wconf 80' lang='grc' dir='ltr'>λαρτάν</span> <span class='ocrx_word' id='word_1_395' title='bbox 3266 2875 3434 2942; x_wconf 83' lang='grc' dir='ltr'>γάηρι</span> <span class='ocrx_word' id='word_1_396' title='bbox 3471 2875 3707 2942; x_wconf 79' lang='grc' dir='ltr'><strong>ἀτεμ).ὲρ</strong></span> <span class='ocrx_word' id='word_1_397' title='bbox 3739 2877 3838 2942; x_wconf 73' lang='grc' dir='ltr'>κὶμ</span> <span class='ocrx_word' id='word_1_398' title='bbox 3862 2889 3962 2942; x_wconf 56' lang='lat' dir='ltr'><strong>vi;</strong></span> 
     </span>
    </p>
   </div>
   <div class='ocr_carea' id='block_1_58' title="bbox 2383 2959 3960 3036">
    <p class='ocr_par' dir='ltr' id='par_1_58' title="bbox 2383 2959 3960 3036">
     <span class='ocr_line' id='line_1_58' title="bbox 2383 2959 3960 3036; baseline 0.008 -27"><span class='ocrx_word' id='word_1_399' title='bbox 2383 2959 2751 3025; x_wconf 74' lang='grc' dir='ltr'>γιουζουντέκι</span> <span class='ocrx_word' id='word_1_400' title='bbox 2792 2961 2974 3031; x_wconf 83' lang='grc' dir='ltr'>βάριτι</span> <span class='ocrx_word' id='word_1_401' title='bbox 3053 2965 3230 3033; x_wconf 82' lang='grc' dir='ltr'>ἀλαχά</span> <span class='ocrx_word' id='word_1_402' title='bbox 3278 2967 3488 3034; x_wconf 75' lang='grc' dir='ltr'>ίχτικὰτ</span> <span class='ocrx_word' id='word_1_403' title='bbox 3535 2968 3824 3036; x_wconf 82' lang='grc' dir='ltr'>ίτεμσλέρη</span> <span class='ocrx_word' id='word_1_404' title='bbox 3882 2985 3960 3023; x_wconf 75' lang='grc' dir='ltr'><strong>τι·</strong></span> 
     </span>
    </p>
   </div>
   <div class='ocr_carea' id='block_1_59' title="bbox 2385 3051 3961 3126">
    <p class='ocr_par' dir='ltr' id='par_1_59' title="bbox 2385 3051 3961 3126">
     <span class='ocr_line' id='line_1_59' title="bbox 2385 3051 3961 3126; baseline 0.006 -24"><span class='ocrx_word' id='word_1_405' title='bbox 2385 3051 2589 3118; x_wconf 87' lang='grc' dir='ltr'>μπέλκι</span> <span class='ocrx_word' id='word_1_406' title='bbox 2646 3054 2973 3121; x_wconf 82' lang='grc' dir='ltr'>μαχλουκινὲ</span> <span class='ocrx_word' id='word_1_407' title='bbox 3019 3057 3386 3124; x_wconf 86' lang='grc' dir='ltr'>ταπαρλάριτι</span> <span class='ocrx_word' id='word_1_408' title='bbox 3449 3059 3628 3123; x_wconf 79' lang='grc' dir='ltr'>μποῦτ</span> <span class='ocrx_word' id='word_1_409' title='bbox 3664 3061 3828 3126; x_wconf 74' lang='grc' dir='ltr'>μπιγὶ</span> <span class='ocrx_word' id='word_1_410' title='bbox 3890 3059 3961 3111; x_wconf 82' lang='grc' dir='ltr'><strong>ἆκ</strong></span> 
     </span>
    </p>
   </div>
   <div class='ocr_carea' id='block_1_60' title="bbox 697 3131 2459 3219">
    <p class='ocr_par' dir='ltr' id='par_1_60' title="bbox 697 3131 2459 3212">
     <span class='ocr_line' id='line_1_60' title="bbox 697 3131 2459 3212; baseline 0.011 -32"><span class='ocrx_word' id='word_1_411' title='bbox 697 3131 1028 3198; x_wconf 78' lang='lat' dir='ltr'><strong>Iapcaslariti</strong></span> <span class='ocrx_word' id='word_1_412' title='bbox 1078 3133 1272 3188; x_wconf 85' lang='lat' dir='ltr'><strong>scitam</strong></span> <span class='ocrx_word' id='word_1_413' title='bbox 1326 3136 1648 3192; x_wconf 82' lang='lat' dir='ltr'><strong>malatasiila</strong></span> <span class='ocrx_word' id='word_1_414' title='bbox 1698 3141 1934 3195; x_wconf 82' lang='lat' dir='ltr'><strong>neusleri</strong></span> <span class='ocrx_word' id='word_1_415' title='bbox 1989 3143 2354 3211; x_wconf 80' lang='lat' dir='ltr'><strong>chahasinéc</strong></span> <span class='ocrx_word' id='word_1_416' title='bbox 2393 3161 2459 3212; x_wconf 86' lang='grc' dir='ltr'>μτ</span> 
     </span>
    </p>
   </div>
   <div class='ocr_carea' id='block_1_61' title="bbox 2197 3131 3959 3219">
    <p class='ocr_par' dir='ltr' id='par_1_61' title="bbox 2202 3143 3959 3219">
     <span class='ocr_line' id='line_1_61' title="bbox 2202 3143 3959 3219; baseline 0.003 -23"><span class='ocrx_word' id='word_1_417' title='bbox 2202 3143 2354 3211; x_wconf 83' lang='lat' dir='ltr'><strong>inéC</strong></span> <span class='ocrx_word' id='word_1_418' title='bbox 2393 3145 2554 3212; x_wconf 83' lang='grc' dir='ltr'>μπιγὶ</span> <span class='ocrx_word' id='word_1_419' title='bbox 2589 3145 2778 3211; x_wconf 89' lang='grc' dir='ltr'>γκιοῦν</span> <span class='ocrx_word' id='word_1_420' title='bbox 2836 3145 2996 3212; x_wconf 76' lang='grc' dir='ltr'>γκιπὶ</span> <span class='ocrx_word' id='word_1_421' title='bbox 3053 3147 3256 3210; x_wconf 78' lang='grc' dir='ltr'>τζόκτα</span> <span class='ocrx_word' id='word_1_422' title='bbox 3323 3150 3480 3217; x_wconf 83' lang='grc' dir='ltr'>ἀριγὲ</span> <span class='ocrx_word' id='word_1_423' title='bbox 3538 3153 3606 3202; x_wconf 81' lang='grc' dir='ltr'>τὰ</span> <span class='ocrx_word' id='word_1_424' title='bbox 3661 3150 3959 3219; x_wconf 75' lang='grc' dir='ltr'>παρλάριτι</span> 
     </span>
    </p>
   </div>
   <div class='ocr_carea' id='block_1_62' title="bbox 696 3225 2276 3302">
    <p class='ocr_par' dir='ltr' id='par_1_62' title="bbox 696 3225 2276 3302">
     <span class='ocr_line' id='line_1_62' title="bbox 696 3225 2276 3302; baseline 0.011 -30"><span class='ocrx_word' id='word_1_425' title='bbox 696 3225 993 3291; x_wconf 65' lang='lat' dir='ltr'><strong>ugiarlariti</strong></span> <span class='ocrx_word' id='word_1_426' title='bbox 1022 3225 1175 3280; x_wconf 86' lang='lat' dir='ltr'><strong>alach</strong></span> <span class='ocrx_word' id='word_1_427' title='bbox 1199 3229 1408 3282; x_wconf 82' lang='lat' dir='ltr'><strong>emriué</strong></span> <span class='ocrx_word' id='word_1_428' title='bbox 1441 3229 1674 3284; x_wconf 85' lang='lat' dir='ltr'><strong>imtithal</strong></span> <span class='ocrx_word' id='word_1_429' title='bbox 1702 3233 1818 3292; x_wconf 89' lang='lat' dir='ltr'><strong>itup</strong></span> <span class='ocrx_word' id='word_1_430' title='bbox 1841 3247 1928 3285; x_wconf 90' lang='lat' dir='ltr'><strong>mu</strong></span> <span class='ocrx_word' id='word_1_431' title='bbox 1963 3249 2018 3287; x_wconf 89' lang='lat' dir='ltr'><strong>sa</strong></span> <span class='ocrx_word' id='word_1_432' title='bbox 2038 3233 2276 3302; x_wconf 75' lang='lat' dir='ltr'><strong>kitapine</strong></span> 
     </span>
    </p>
   </div>
   <div class='ocr_carea' id='block_1_63' title="bbox 693 3316 1112 3368">
    <p class='ocr_par' dir='ltr' id='par_1_63' title="bbox 693 3316 1112 3368">
     <span class='ocr_line' id='line_1_63' title="bbox 693 3316 1112 3368; baseline 0.019 -7"><span class='ocrx_word' id='word_1_433' title='bbox 693 3316 1112 3368; x_wconf 77' lang='lat' dir='ltr'><strong>inanmaslariti.</strong></span> 
     </span>
    </p>
   </div>
   <div class='ocr_carea' id='block_1_64' title="bbox 1316 3605 1670 3664">
    <p class='ocr_par' dir='ltr' id='par_1_64' title="bbox 1316 3605 1670 3664">
     <span class='ocr_line' id='line_1_64' title="bbox 1316 3605 1670 3664; baseline 0.014 -5"><span class='ocrx_word' id='word_1_434' title='bbox 1316 3605 1544 3661; x_wconf 81' lang='lat' dir='ltr'><strong>CAPUT</strong></span> <span class='ocrx_word' id='word_1_435' title='bbox 1581 3608 1670 3664; x_wconf 88' lang='lat' dir='ltr'><strong>Vl.</strong></span> 
     </span>
    </p>
   </div>
   <div class='ocr_carea' id='block_1_65' title="bbox 765 3694 2273 3758">
    <p class='ocr_par' dir='ltr' id='par_1_65' title="bbox 765 3694 2273 3758">
     <span class='ocr_line' id='line_1_65' title="bbox 765 3694 2273 3758; baseline 0.007 -10"><span class='ocrx_word' id='word_1_436' title='bbox 765 3694 1009 3748; x_wconf 72' lang='lat' dir='ltr'><strong>SCIIOL.</strong></span> <span class='ocrx_word' id='word_1_437' title='bbox 1031 3695 1185 3750; x_wconf 87' lang='lat' dir='ltr'><strong>Tune</strong></span> <span class='ocrx_word' id='word_1_438' title='bbox 1217 3698 1358 3752; x_wconf 84' lang='lat' dir='ltr'><strong>Deus</strong></span> <span class='ocrx_word' id='word_1_439' title='bbox 1383 3705 1544 3753; x_wconf 81' lang='lat' dir='ltr'><strong>talem</strong></span> <span class='ocrx_word' id='word_1_440' title='bbox 1577 3701 2023 3758; x_wconf 76' lang='lat' dir='ltr'><strong>reformationem</strong></span> <span class='ocrx_word' id='word_1_441' title='bbox 2052 3706 2273 3758; x_wconf 86' lang='lat' dir='ltr'><strong>humani</strong></span> 
     </span>
    </p>
   </div>
   <div class='ocr_carea' id='block_1_66' title="bbox 691 3787 2270 3863">
    <p class='ocr_par' dir='ltr' id='par_1_66' title="bbox 691 3787 2270 3863">
     <span class='ocr_line' id='line_1_66' title="bbox 691 3787 2270 3863; baseline 0.007 -24"><span class='ocrx_word' id='word_1_442' title='bbox 691 3789 910 3848; x_wconf 56' lang='lat' dir='ltr'><strong>{,(‘llCl&#39;iS</strong></span> <span class='ocrx_word' id='word_1_443' title='bbox 940 3804 1035 3853; x_wconf 85' lang='lat' dir='ltr'><strong>per</strong></span> <span class='ocrx_word' id='word_1_444' title='bbox 1061 3787 1265 3857; x_wconf 79' lang='lat' dir='ltr'><strong>Logum</strong></span> <span class='ocrx_word' id='word_1_445' title='bbox 1295 3806 1495 3858; x_wconf 80' lang='lat' dir='ltr'><strong>perque</strong></span> <span class='ocrx_word' id='word_1_446' title='bbox 1525 3804 1776 3847; x_wconf 89' lang='lat' dir='ltr'><strong>sanctum</strong></span> <span class='ocrx_word' id='word_1_447' title='bbox 1803 3795 2062 3863; x_wconf 73' lang='lat' dir='ltr'><strong>Spiritum</strong></span> <span class='ocrx_word' id='word_1_448' title='bbox 2112 3813 2270 3851; x_wconf 88' lang='lat' dir='ltr'><strong>suum</strong></span> 
     </span>
    </p>
   </div>
   <div class='ocr_carea' id='block_1_67' title="bbox 694 3879 2270 3954">
    <p class='ocr_par' dir='ltr' id='par_1_67' title="bbox 694 3879 2270 3954">
     <span class='ocr_line' id='line_1_67' title="bbox 694 3879 2270 3954; baseline 0.006 -21"><span class='ocrx_word' id='word_1_449' title='bbox 694 3881 842 3934; x_wconf 78' lang='lat' dir='ltr'><strong>leeit.</strong></span> <span class='ocrx_word' id='word_1_450' title='bbox 881 3879 1093 3936; x_wconf 88' lang='lat' dir='ltr'><strong>Idcirco</strong></span> <span class='ocrx_word' id='word_1_451' title='bbox 1121 3881 1303 3951; x_wconf 77' lang='lat' dir='ltr'><strong>Logus</strong></span> <span class='ocrx_word' id='word_1_452' title='bbox 1342 3885 1434 3938; x_wconf 88' lang='lat' dir='ltr'><strong>Dei</strong></span> <span class='ocrx_word' id='word_1_453' title='bbox 1461 3886 1635 3938; x_wconf 82' lang='lat' dir='ltr'><strong>induit</strong></span> <span class='ocrx_word' id='word_1_454' title='bbox 1663 3887 1960 3941; x_wconf 89' lang='lat' dir='ltr'><strong>humanam</strong></span> <span class='ocrx_word' id='word_1_455' title='bbox 1993 3897 2270 3954; x_wconf 86' lang='lat' dir='ltr'><strong>naturam,</strong></span> 
     </span>
    </p>
   </div>
   <div class='ocr_carea' id='block_1_68' title="bbox 694 3973 2270 4051">
    <p class='ocr_par' dir='ltr' id='par_1_68' title="bbox 694 3973 2270 4051">
     <span class='ocr_line' id='line_1_68' title="bbox 694 3973 2270 4051; baseline 0.008 -29"><span class='ocrx_word' id='word_1_456' title='bbox 694 3983 749 4023; x_wconf 89' lang='lat' dir='ltr'><strong>ut</strong></span> <span class='ocrx_word' id='word_1_457' title='bbox 782 3989 887 4040; x_wconf 85' lang='lat' dir='ltr'><strong>qua</strong></span> <span class='ocrx_word' id='word_1_458' title='bbox 919 3973 1085 4027; x_wconf 85' lang='lat' dir='ltr'><strong>homo</strong></span> <span class='ocrx_word' id='word_1_459' title='bbox 1112 3983 1276 4040; x_wconf 87' lang='lat' dir='ltr'><strong>esset,</strong></span> <span class='ocrx_word' id='word_1_460' title='bbox 1314 3988 1628 4031; x_wconf 86' lang='lat' dir='ltr'><strong>versaretur</strong></span> <span class='ocrx_word' id='word_1_461' title='bbox 1653 3992 1775 4032; x_wconf 91' lang='lat' dir='ltr'><strong>cum</strong></span> <span class='ocrx_word' id='word_1_462' title='bbox 1797 3979 2138 4046; x_wconf 83' lang='lat' dir='ltr'><strong>hominibus;</strong></span> <span class='ocrx_word' id='word_1_463' title='bbox 2161 3997 2270 4051; x_wconf 88' lang='lat' dir='ltr'><strong>qua</strong></span> 
     </span>
    </p>
   </div>
   <div class='ocr_carea' id='block_1_69' title="bbox 691 4066 2270 4138">
    <p class='ocr_par' dir='ltr' id='par_1_69' title="bbox 691 4066 2270 4138">
     <span class='ocr_line' id='line_1_69' title="bbox 691 4066 2270 4138; baseline 0.009 -25"><span class='ocrx_word' id='word_1_464' title='bbox 691 4076 869 4120; x_wconf 59' lang='lat' dir='ltr'><strong>autem</strong></span> <span class='ocrx_word' id='word_1_465' title='bbox 908 4066 1089 4136; x_wconf 80' lang='lat' dir='ltr'><strong>Logus</strong></span> <span class='ocrx_word' id='word_1_466' title='bbox 1130 4068 1244 4133; x_wconf 88' lang='lat' dir='ltr'><strong>Dei,</strong></span> <span class='ocrx_word' id='word_1_467' title='bbox 1273 4079 1324 4121; x_wconf 91' lang='lat' dir='ltr'><strong>et</strong></span> <span class='ocrx_word' id='word_1_468' title='bbox 1363 4070 1633 4138; x_wconf 85' lang='lat' dir='ltr'><strong>sapientia</strong></span> <span class='ocrx_word' id='word_1_469' title='bbox 1689 4071 1803 4137; x_wconf 87' lang='lat' dir='ltr'><strong>Dei,</strong></span> <span class='ocrx_word' id='word_1_470' title='bbox 1835 4075 2057 4127; x_wconf 87' lang='lat' dir='ltr'><strong>doceret</strong></span> <span class='ocrx_word' id='word_1_471' title='bbox 2091 4075 2270 4128; x_wconf 89' lang='lat' dir='ltr'><strong>homi-</strong></span> 
     </span>
    </p>
   </div>
   <div class='ocr_carea' id='block_1_70' title="bbox 693 4159 2272 4230">
    <p class='ocr_par' dir='ltr' id='par_1_70' title="bbox 693 4159 2272 4230">
     <span class='ocr_line' id='line_1_70' title="bbox 693 4159 2272 4230; baseline 0.008 -24"><span class='ocrx_word' id='word_1_472' title='bbox 693 4173 788 4211; x_wconf 82' lang='lat' dir='ltr'><strong>nes</strong></span> <span class='ocrx_word' id='word_1_473' title='bbox 823 4159 1049 4212; x_wconf 78' lang='lat' dir='ltr'><strong>credere</strong></span> <span class='ocrx_word' id='word_1_474' title='bbox 1099 4160 1149 4212; x_wconf 92' lang='lat' dir='ltr'><strong>in</strong></span> <span class='ocrx_word' id='word_1_475' title='bbox 1182 4160 1330 4214; x_wconf 88' lang='lat' dir='ltr'><strong>hunc</strong></span> <span class='ocrx_word' id='word_1_476' title='bbox 1373 4177 1539 4214; x_wconf 90' lang='lat' dir='ltr'><strong>unum</strong></span> <span class='ocrx_word' id='word_1_477' title='bbox 1576 4171 1630 4215; x_wconf 85' lang='lat' dir='ltr'><strong>et</strong></span> <span class='ocrx_word' id='word_1_478' title='bbox 1657 4177 1842 4216; x_wconf 81' lang='lat' dir='ltr'><strong>verum</strong></span> <span class='ocrx_word' id='word_1_479' title='bbox 1879 4164 2068 4230; x_wconf 84' lang='lat' dir='ltr'><strong>Deum,</strong></span> <span class='ocrx_word' id='word_1_480' title='bbox 2103 4174 2156 4218; x_wconf 91' lang='lat' dir='ltr'><strong>et</strong></span> <span class='ocrx_word' id='word_1_481' title='bbox 2197 4167 2272 4218; x_wconf 81' lang='lat' dir='ltr'><strong>vi-</strong></span> 
     </span>
    </p>
   </div>
   <div class='ocr_carea' id='block_1_71' title="bbox 693 4256 2271 4324">
    <p class='ocr_par' dir='ltr' id='par_1_71' title="bbox 693 4256 2271 4324">
     <span class='ocr_line' id='line_1_71' title="bbox 693 4256 2271 4324; baseline 0.004 -19"><span class='ocrx_word' id='word_1_482' title='bbox 693 4270 816 4308; x_wconf 74' lang='lat' dir='ltr'><strong>vere</strong></span> <span class='ocrx_word' id='word_1_483' title='bbox 852 4256 1155 4308; x_wconf 89' lang='lat' dir='ltr'><strong>secundum</strong></span> <span class='ocrx_word' id='word_1_484' title='bbox 1186 4257 1380 4323; x_wconf 79' lang='lat' dir='ltr'><strong>legem,</strong></span> <span class='ocrx_word' id='word_1_485' title='bbox 1401 4271 1564 4324; x_wconf 89' lang='lat' dir='ltr'><strong>quam</strong></span> <span class='ocrx_word' id='word_1_486' title='bbox 1597 4258 1715 4324; x_wconf 89' lang='lat' dir='ltr'><strong>ipse</strong></span> <span class='ocrx_word' id='word_1_487' title='bbox 1745 4257 2024 4323; x_wconf 87' lang='lat' dir='ltr'><strong>dedisset;</strong></span> <span class='ocrx_word' id='word_1_488' title='bbox 2054 4275 2271 4323; x_wconf 89' lang='lat' dir='ltr'><strong>rursus,</strong></span> 
     </span>
    </p>
   </div>
   <div class='ocr_carea' id='block_1_72' title="bbox 691 4346 2272 4418">
    <p class='ocr_par' dir='ltr' id='par_1_72' title="bbox 691 4346 2272 4418">
     <span class='ocr_line' id='line_1_72' title="bbox 691 4346 2272 4418; baseline 0.008 -26"><span class='ocrx_word' id='word_1_489' title='bbox 691 4363 793 4409; x_wconf 64' lang='lat' dir='ltr'><strong>qua</strong></span> <span class='ocrx_word' id='word_1_490' title='bbox 827 4347 1010 4411; x_wconf 81' lang='lat' dir='ltr'><strong>homo,</strong></span> <span class='ocrx_word' id='word_1_491' title='bbox 1041 4356 1099 4398; x_wconf 91' lang='lat' dir='ltr'><strong>ut</strong></span> <span class='ocrx_word' id='word_1_492' title='bbox 1131 4362 1311 4401; x_wconf 86' lang='lat' dir='ltr'><strong>mores</strong></span> <span class='ocrx_word' id='word_1_493' title='bbox 1342 4346 1624 4416; x_wconf 81' lang='lat' dir='ltr'><strong>vitamque</strong></span> <span class='ocrx_word' id='word_1_494' title='bbox 1656 4364 1811 4402; x_wconf 88' lang='lat' dir='ltr'><strong>suam</strong></span> <span class='ocrx_word' id='word_1_495' title='bbox 1841 4351 2149 4418; x_wconf 79' lang='lat' dir='ltr'><strong>exemplum</strong></span> <span class='ocrx_word' id='word_1_496' title='bbox 2177 4351 2272 4404; x_wconf 87' lang='lat' dir='ltr'><strong>da-</strong></span> 
     </span>
    </p>
   </div>
   <div class='ocr_carea' id='block_1_73' title="bbox 696 4439 2268 4509">
    <p class='ocr_par' dir='ltr' id='par_1_73' title="bbox 696 4439 2268 4509">
     <span class='ocr_line' id='line_1_73' title="bbox 696 4439 2268 4509; baseline 0.006 -24"><span class='ocrx_word' id='word_1_497' title='bbox 696 4448 773 4491; x_wconf 64' lang='lat' dir='ltr'><strong>ret</strong></span> <span class='ocrx_word' id='word_1_498' title='bbox 797 4440 1057 4492; x_wconf 75' lang='lat' dir='ltr'><strong>doctrina:</strong></span> <span class='ocrx_word' id='word_1_499' title='bbox 1080 4455 1224 4494; x_wconf 69' lang='lat' dir='ltr'><strong>suae:</strong></span> <span class='ocrx_word' id='word_1_500' title='bbox 1256 4439 1467 4508; x_wconf 88' lang='lat' dir='ltr'><strong>primus</strong></span> <span class='ocrx_word' id='word_1_501' title='bbox 1492 4441 1634 4493; x_wconf 90' lang='lat' dir='ltr'><strong>enim</strong></span> <span class='ocrx_word' id='word_1_502' title='bbox 1665 4441 1783 4509; x_wconf 92' lang='lat' dir='ltr'><strong>ipse</strong></span> <span class='ocrx_word' id='word_1_503' title='bbox 1805 4443 2045 4496; x_wconf 77' lang='lat' dir='ltr'><strong>servavit</strong></span> <span class='ocrx_word' id='word_1_504' title='bbox 2076 4443 2268 4508; x_wconf 74' lang='lat' dir='ltr'><strong>legem,</strong></span> 
     </span>
    </p>
   </div>
   <div class='ocr_carea' id='block_1_74' title="bbox 691 4530 2277 4599">
    <p class='ocr_par' dir='ltr' id='par_1_74' title="bbox 691 4530 2277 4599">
     <span class='ocr_line' id='line_1_74' title="bbox 691 4530 2277 4599; baseline 0.002 -17"><span class='ocrx_word' id='word_1_505' title='bbox 691 4546 854 4597; x_wconf 72' lang='lat' dir='ltr'><strong>quam</strong></span> <span class='ocrx_word' id='word_1_506' title='bbox 883 4531 1198 4586; x_wconf 83' lang='lat' dir='ltr'><strong>hominibus</strong></span> <span class='ocrx_word' id='word_1_507' title='bbox 1232 4531 1454 4585; x_wconf 88' lang='lat' dir='ltr'><strong>dederat</strong></span> <span class='ocrx_word' id='word_1_508' title='bbox 1483 4548 1496 4584; x_wconf 89' lang='lat'><strong>:</strong></span> <span class='ocrx_word' id='word_1_509' title='bbox 1533 4546 1638 4599; x_wconf 91' lang='lat' dir='ltr'><strong>qua</strong></span> <span class='ocrx_word' id='word_1_510' title='bbox 1699 4545 1825 4585; x_wconf 85' lang='lat' dir='ltr'><strong>vero</strong></span> <span class='ocrx_word' id='word_1_511' title='bbox 1859 4530 2038 4599; x_wconf 85' lang='lat' dir='ltr'><strong>Logus</strong></span> <span class='ocrx_word' id='word_1_512' title='bbox 2080 4533 2194 4596; x_wconf 85' lang='lat' dir='ltr'><strong>Dei,</strong></span> <span class='ocrx_word' id='word_1_513' title='bbox 2223 4540 2277 4585; x_wconf 89' lang='lat' dir='ltr'><strong>et</strong></span> 
     </span>
    </p>
   </div>
   <div class='ocr_carea' id='block_1_75' title="bbox 692 4623 2273 4692">
    <p class='ocr_par' dir='ltr' id='par_1_75' title="bbox 692 4623 2273 4692">
     <span class='ocr_line' id='line_1_75' title="bbox 692 4623 2273 4692; baseline -0.001 -17"><span class='ocrx_word' id='word_1_514' title='bbox 692 4623 959 4692; x_wconf 81' lang='lat' dir='ltr'><strong>potentia,</strong></span> <span class='ocrx_word' id='word_1_515' title='bbox 998 4631 1184 4691; x_wconf 90' lang='lat' dir='ltr'><strong>posset</strong></span> <span class='ocrx_word' id='word_1_516' title='bbox 1220 4623 1348 4674; x_wconf 90' lang='lat' dir='ltr'><strong>illud</strong></span> <span class='ocrx_word' id='word_1_517' title='bbox 1382 4623 1480 4676; x_wconf 89' lang='lat' dir='ltr'><strong>toti</strong></span> <span class='ocrx_word' id='word_1_518' title='bbox 1521 4623 1729 4675; x_wconf 86' lang='lat' dir='ltr'><strong>mundo</strong></span> <span class='ocrx_word' id='word_1_519' title='bbox 1765 4623 2007 4676; x_wconf 81' lang='lat' dir='ltr'><strong>salutare</strong></span> <span class='ocrx_word' id='word_1_520' title='bbox 2047 4624 2273 4685; x_wconf 89' lang='lat' dir='ltr'><strong>bonum,</strong></span> 
     </span>
    </p>
   </div>
   <div class='ocr_carea' id='block_1_76' title="bbox 691 4715 2274 4785">
    <p class='ocr_par' dir='ltr' id='par_1_76' title="bbox 691 4715 2274 4785">
     <span class='ocr_line' id='line_1_76' title="bbox 691 4715 2274 4785; baseline 0.003 -20"><span class='ocrx_word' id='word_1_521' title='bbox 691 4717 850 4785; x_wconf 64' lang='lat' dir='ltr'><strong>cujus</strong></span> <span class='ocrx_word' id='word_1_522' title='bbox 885 4732 1050 4770; x_wconf 82' lang='lat' dir='ltr'><strong>causa</strong></span> <span class='ocrx_word' id='word_1_523' title='bbox 1081 4723 1324 4779; x_wconf 80' lang='lat' dir='ltr'><strong>venerat,</strong></span> <span class='ocrx_word' id='word_1_524' title='bbox 1345 4715 1617 4768; x_wconf 77' lang='lat' dir='ltr'><strong>coniicere</strong></span> <span class='ocrx_word' id='word_1_525' title='bbox 1641 4730 1657 4768; x_wconf 91' lang='lat'>:</span> <span class='ocrx_word' id='word_1_526' title='bbox 1683 4716 1811 4783; x_wconf 89' lang='lat' dir='ltr'><strong>quia</strong></span> <span class='ocrx_word' id='word_1_527' title='bbox 1835 4715 1947 4767; x_wconf 82' lang='lat' dir='ltr'><strong>ﬁeri</strong></span> <span class='ocrx_word' id='word_1_528' title='bbox 1981 4730 2091 4768; x_wconf 90' lang='lat' dir='ltr'><strong>non</strong></span> <span class='ocrx_word' id='word_1_529' title='bbox 2121 4724 2274 4783; x_wconf 88' lang='lat' dir='ltr'><strong>pote-</strong></span> 
     </span>
    </p>
   </div>
   <div class='ocr_carea' id='block_1_77' title="bbox 693 4804 2274 4873">
    <p class='ocr_par' dir='ltr' id='par_1_77' title="bbox 693 4804 2274 4873">
     <span class='ocr_line' id='line_1_77' title="bbox 693 4804 2274 4873; baseline 0 -16"><span class='ocrx_word' id='word_1_530' title='bbox 693 4819 773 4858; x_wconf 78' lang='lat' dir='ltr'><strong>tat</strong></span> <span class='ocrx_word' id='word_1_531' title='bbox 798 4817 856 4859; x_wconf 91' lang='lat' dir='ltr'><strong>ut</strong></span> <span class='ocrx_word' id='word_1_532' title='bbox 886 4805 1151 4873; x_wconf 86' lang='lat' dir='ltr'><strong>simplicis</strong></span> <span class='ocrx_word' id='word_1_533' title='bbox 1181 4806 1416 4858; x_wconf 90' lang='lat' dir='ltr'><strong>hominis</strong></span> <span class='ocrx_word' id='word_1_534' title='bbox 1447 4805 1658 4858; x_wconf 88' lang='lat' dir='ltr'><strong>viribus</strong></span> <span class='ocrx_word' id='word_1_535' title='bbox 1687 4805 1752 4858; x_wconf 92' lang='lat' dir='ltr'><strong>ad</strong></span> <span class='ocrx_word' id='word_1_536' title='bbox 1785 4804 1951 4858; x_wconf 88' lang='lat' dir='ltr'><strong>Deum</strong></span> <span class='ocrx_word' id='word_1_537' title='bbox 1987 4813 2274 4860; x_wconf 72' lang='lat' dir='ltr'><strong>converte-</strong></span> 
     </span>
    </p>
   </div>
   <div class='ocr_carea' id='block_1_78' title="bbox 694 4896 2278 4966">
    <p class='ocr_par' dir='ltr' id='par_1_78' title="bbox 694 4896 2278 4966">
     <span class='ocr_line' id='line_1_78' title="bbox 694 4896 2278 4966; baseline 0.002 -18"><span class='ocrx_word' id='word_1_538' title='bbox 694 4911 842 4951; x_wconf 79' lang='lat' dir='ltr'><strong>retur</strong></span> <span class='ocrx_word' id='word_1_539' title='bbox 874 4899 1025 4951; x_wconf 85' lang='lat' dir='ltr'><strong>orbis</strong></span> <span class='ocrx_word' id='word_1_540' title='bbox 1053 4907 1347 4950; x_wconf 89' lang='lat' dir='ltr'><strong>terrarum.</strong></span> <span class='ocrx_word' id='word_1_541' title='bbox 1388 4897 1486 4959; x_wconf 84' lang='lat' dir='ltr'><strong>Ita,</strong></span> <span class='ocrx_word' id='word_1_542' title='bbox 1521 4896 1673 4963; x_wconf 81' lang='lat' dir='ltr'><strong>Logo</strong></span> <span class='ocrx_word' id='word_1_543' title='bbox 1725 4897 1943 4966; x_wconf 89' lang='lat' dir='ltr'><strong>quidem</strong></span> <span class='ocrx_word' id='word_1_544' title='bbox 1981 4913 2080 4951; x_wconf 89' lang='lat' dir='ltr'><strong>suo</strong></span> <span class='ocrx_word' id='word_1_545' title='bbox 2111 4900 2278 4951; x_wconf 88' lang='lat' dir='ltr'><strong>semi-</strong></span> 
     </span>
    </p>
   </div>
   <div class='ocr_carea' id='block_1_79' title="bbox 694 4989 2273 5059">
    <p class='ocr_par' dir='ltr' id='par_1_79' title="bbox 694 4989 2273 5059">
     <span class='ocr_line' id='line_1_79' title="bbox 694 4989 2273 5059; baseline 0.001 -18"><span class='ocrx_word' id='word_1_546' title='bbox 694 4993 840 5046; x_wconf 67' lang='lat' dir='ltr'><strong>navit</strong></span> <span class='ocrx_word' id='word_1_547' title='bbox 875 4990 1233 5059; x_wconf 83' lang='lat' dir='ltr'><strong>Omnipotens</strong></span> <span class='ocrx_word' id='word_1_548' title='bbox 1271 4991 1381 5052; x_wconf 91' lang='lat' dir='ltr'><strong>ille,</strong></span> <span class='ocrx_word' id='word_1_549' title='bbox 1410 5000 1464 5042; x_wconf 89' lang='lat' dir='ltr'><strong>et</strong></span> <span class='ocrx_word' id='word_1_550' title='bbox 1496 4993 1782 5042; x_wconf 88' lang='lat' dir='ltr'><strong>oculorum</strong></span> <span class='ocrx_word' id='word_1_551' title='bbox 1808 4989 2082 5057; x_wconf 83' lang='lat' dir='ltr'><strong>eli&#39;ugiens</strong></span> <span class='ocrx_word' id='word_1_552' title='bbox 2117 4992 2273 5043; x_wconf 63' lang='lat' dir='ltr'><strong>obtu.</strong></span> 
     </span>
    </p>
   </div>
   <div class='ocr_carea' id='block_1_80' title="bbox 693 5082 2272 5152">
    <p class='ocr_par' dir='ltr' id='par_1_80' title="bbox 693 5082 2272 5152">
     <span class='ocr_line' id='line_1_80' title="bbox 693 5082 2272 5152; baseline -0.001 -14"><span class='ocrx_word' id='word_1_553' title='bbox 693 5105 825 5147; x_wconf 78' lang='lat' dir='ltr'><strong>ium,</strong></span> <span class='ocrx_word' id='word_1_554' title='bbox 854 5087 1018 5149; x_wconf 86' lang='lat' dir='ltr'><strong>Deus,</strong></span> <span class='ocrx_word' id='word_1_555' title='bbox 1057 5085 1344 5138; x_wconf 87' lang='lat' dir='ltr'><strong>veritatem</strong></span> <span class='ocrx_word' id='word_1_556' title='bbox 1371 5082 1809 5152; x_wconf 84' lang='lat' dir='ltr'><strong>Hierosolymis;</strong></span> <span class='ocrx_word' id='word_1_557' title='bbox 1843 5082 2054 5152; x_wconf 91' lang='lat' dir='ltr'><strong>Spiritu</strong></span> <span class='ocrx_word' id='word_1_558' title='bbox 2091 5094 2272 5137; x_wconf 80' lang='lat' dir='ltr'><strong>autem</strong></span> 
     </span>
    </p>
   </div>
   <div class='ocr_carea' id='block_1_81' title="bbox 692 5176 2271 5245">
    <p class='ocr_par' dir='ltr' id='par_1_81' title="bbox 692 5176 2271 5245">
     <span class='ocr_line' id='line_1_81' title="bbox 692 5176 2271 5245; baseline 0.001 -17"><span class='ocrx_word' id='word_1_559' title='bbox 692 5194 790 5229; x_wconf 59' lang='lat' dir='ltr'><strong>&gt;th</strong></span> <span class='ocrx_word' id='word_1_560' title='bbox 822 5177 1150 5230; x_wconf 79' lang='lat' dir='ltr'><strong>illuminavit</strong></span> <span class='ocrx_word' id='word_1_561' title='bbox 1179 5186 1232 5230; x_wconf 91' lang='lat' dir='ltr'><strong>et</strong></span> <span class='ocrx_word' id='word_1_562' title='bbox 1267 5176 1545 5230; x_wconf 82' lang='lat' dir='ltr'><strong>roboravit</strong></span> <span class='ocrx_word' id='word_1_563' title='bbox 1590 5176 1869 5245; x_wconf 81' lang='lat' dir='ltr'><strong>apostolos</strong></span> <span class='ocrx_word' id='word_1_564' title='bbox 1903 5191 2052 5239; x_wconf 91' lang='lat' dir='ltr'><strong>suos,</strong></span> <span class='ocrx_word' id='word_1_565' title='bbox 2086 5189 2144 5230; x_wconf 91' lang='lat' dir='ltr'><strong>ut</strong></span> <span class='ocrx_word' id='word_1_566' title='bbox 2181 5192 2271 5230; x_wconf 36' lang='lat' dir='ltr'><strong>ves</strong></span> 
     </span>
    </p>
   </div>
   <div class='ocr_carea' id='block_1_82' title="bbox 695 5267 2272 5330">
    <p class='ocr_par' dir='ltr' id='par_1_82' title="bbox 695 5267 2272 5330">
     <span class='ocr_line' id='line_1_82' title="bbox 695 5267 2272 5330; baseline 0.001 -11"><span class='ocrx_word' id='word_1_567' title='bbox 695 5269 907 5320; x_wconf 87' lang='lat' dir='ltr'><strong>ritatcm</strong></span> <span class='ocrx_word' id='word_1_568' title='bbox 941 5267 994 5318; x_wconf 90' lang='lat' dir='ltr'><strong>in</strong></span> <span class='ocrx_word' id='word_1_569' title='bbox 1028 5275 1198 5319; x_wconf 88' lang='lat' dir='ltr'><strong>totum</strong></span> <span class='ocrx_word' id='word_1_570' title='bbox 1220 5267 1384 5320; x_wconf 90' lang='lat' dir='ltr'><strong>etiam</strong></span> <span class='ocrx_word' id='word_1_571' title='bbox 1411 5275 1571 5320; x_wconf 68' lang='lat' dir='ltr'><strong>terrae</strong></span> <span class='ocrx_word' id='word_1_572' title='bbox 1599 5267 1787 5321; x_wconf 90' lang='lat' dir='ltr'><strong>orbem</strong></span> <span class='ocrx_word' id='word_1_573' title='bbox 1819 5267 2272 5330; x_wconf 88' lang='lat' dir='ltr'><strong>disseminarent,</strong></span> 
     </span>
    </p>
   </div>
   <div class='ocr_carea' id='block_1_83' title="bbox 695 5350 2274 5421">
    <p class='ocr_par' dir='ltr' id='par_1_83' title="bbox 695 5350 2274 5421">
     <span class='ocr_line' id='line_1_83' title="bbox 695 5350 2274 5421; baseline 0.001 -18"><span class='ocrx_word' id='word_1_574' title='bbox 695 5365 914 5421; x_wconf 78' lang='lat' dir='ltr'><strong>propter</strong></span> <span class='ocrx_word' id='word_1_575' title='bbox 961 5354 1286 5405; x_wconf 86' lang='lat' dir='ltr'><strong>charitatem</strong></span> <span class='ocrx_word' id='word_1_576' title='bbox 1348 5350 1466 5414; x_wconf 90' lang='lat' dir='ltr'><strong>Dei,</strong></span> <span class='ocrx_word' id='word_1_577' title='bbox 1519 5354 1608 5421; x_wconf 89' lang='lat' dir='ltr'><strong>qui</strong></span> <span class='ocrx_word' id='word_1_578' title='bbox 1671 5355 1849 5420; x_wconf 90' lang='lat' dir='ltr'><strong>ipsum</strong></span> <span class='ocrx_word' id='word_1_579' title='bbox 1917 5354 2160 5416; x_wconf 87' lang='lat' dir='ltr'><strong>miserat,</strong></span> <span class='ocrx_word' id='word_1_580' title='bbox 2220 5361 2274 5404; x_wconf 91' lang='lat' dir='ltr'><strong>et</strong></span> 
     </span>
    </p>
   </div>
   <div class='ocr_carea' id='block_1_84' title="bbox 694 5443 2270 5513">
    <p class='ocr_par' dir='ltr' id='par_1_84' title="bbox 694 5443 2270 5513">
     <span class='ocr_line' id='line_1_84' title="bbox 694 5443 2270 5513; baseline -0.001 -15"><span class='ocrx_word' id='word_1_581' title='bbox 694 5457 914 5513; x_wconf 66' lang='lat' dir='ltr'><strong>propter</strong></span> <span class='ocrx_word' id='word_1_582' title='bbox 955 5445 1331 5512; x_wconf 84' lang='lat' dir='ltr'><strong>cupiditatem,</strong></span> <span class='ocrx_word' id='word_1_583' title='bbox 1361 5459 1469 5512; x_wconf 92' lang='lat' dir='ltr'><strong>qua</strong></span> <span class='ocrx_word' id='word_1_584' title='bbox 1499 5443 1779 5513; x_wconf 81' lang='lat' dir='ltr'><strong>ﬂagrabat,</strong></span> <span class='ocrx_word' id='word_1_585' title='bbox 1818 5443 2014 5498; x_wconf 88' lang='lat' dir='ltr'><strong>salutis</strong></span> <span class='ocrx_word' id='word_1_586' title='bbox 2049 5445 2270 5497; x_wconf 85' lang='lat' dir='ltr'><strong>humani</strong></span> 
     </span>
    </p>
   </div>
   <div class='ocr_carea' id='block_1_85' title="bbox 693 5536 2271 5606">
    <p class='ocr_par' dir='ltr' id='par_1_85' title="bbox 693 5536 2271 5606">
     <span class='ocr_line' id='line_1_85' title="bbox 693 5536 2271 5606; baseline -0.001 -15"><span class='ocrx_word' id='word_1_587' title='bbox 693 5539 912 5600; x_wconf 63' lang='lat' dir='ltr'><strong>generis</strong></span> <span class='ocrx_word' id='word_1_588' title='bbox 942 5555 954 5590; x_wconf 91' lang='lat'><strong>:</strong></span> <span class='ocrx_word' id='word_1_589' title='bbox 991 5537 1289 5591; x_wconf 83' lang='lat' dir='ltr'><strong>secundum</strong></span> <span class='ocrx_word' id='word_1_590' title='bbox 1320 5538 1630 5606; x_wconf 83' lang='lat' dir='ltr'><strong>exemplum</strong></span> <span class='ocrx_word' id='word_1_591' title='bbox 1657 5537 1829 5605; x_wconf 88' lang='lat' dir='ltr'><strong>ipsius</strong></span> <span class='ocrx_word' id='word_1_592' title='bbox 1857 5536 2009 5599; x_wconf 86' lang='lat' dir='ltr'><strong>Jesu,</strong></span> <span class='ocrx_word' id='word_1_593' title='bbox 2035 5541 2126 5606; x_wconf 89' lang='lat' dir='ltr'><strong>qui</strong></span> <span class='ocrx_word' id='word_1_594' title='bbox 2165 5553 2271 5606; x_wconf 91' lang='lat' dir='ltr'><strong>qua</strong></span> 
     </span>
    </p>
   </div>
   <div class='ocr_carea' id='block_1_86' title="bbox 696 5632 2270 5699">
    <p class='ocr_par' dir='ltr' id='par_1_86' title="bbox 696 5632 2270 5699">
     <span class='ocr_line' id='line_1_86' title="bbox 696 5632 2270 5699; baseline -0.001 -15"><span class='ocrx_word' id='word_1_595' title='bbox 696 5634 994 5684; x_wconf 87' lang='lat' dir='ltr'><strong>humanam</strong></span> <span class='ocrx_word' id='word_1_596' title='bbox 1055 5640 1433 5699; x_wconf 83' lang='lat' dir='ltr'><strong>assumpserat</strong></span> <span class='ocrx_word' id='word_1_597' title='bbox 1484 5637 1775 5692; x_wconf 86' lang='lat' dir='ltr'><strong>naturam,</strong></span> <span class='ocrx_word' id='word_1_598' title='bbox 1840 5645 1937 5697; x_wconf 93' lang='lat' dir='ltr'><strong>pro</strong></span> <span class='ocrx_word' id='word_1_599' title='bbox 1993 5632 2270 5684; x_wconf 86' lang='lat' dir='ltr'><strong>communi</strong></span> 
     </span>
    </p>
   </div>
   <div class='ocr_carea' id='block_1_87' title="bbox 696 5722 2272 5779">
    <p class='ocr_par' dir='ltr' id='par_1_87' title="bbox 696 5722 2272 5779">
     <span class='ocr_line' id='line_1_87' title="bbox 696 5722 2272 5779; baseline -0.003 0"><span class='ocrx_word' id='word_1_600' title='bbox 696 5728 872 5779; x_wconf 77' lang='lat' dir='ltr'><strong>salute</strong></span> <span class='ocrx_word' id='word_1_601' title='bbox 896 5724 1180 5778; x_wconf 88' lang='lat' dir='ltr'><strong>hominum</strong></span> <span class='ocrx_word' id='word_1_602' title='bbox 1209 5724 1354 5777; x_wconf 87' lang='lat' dir='ltr'><strong>ultro</strong></span> <span class='ocrx_word' id='word_1_603' title='bbox 1382 5733 1663 5777; x_wconf 88' lang='lat' dir='ltr'><strong>emortuus</strong></span> <span class='ocrx_word' id='word_1_604' title='bbox 1692 5733 1796 5777; x_wconf 83' lang='lat' dir='ltr'><strong>cst.</strong></span> <span class='ocrx_word' id='word_1_605' title='bbox 1833 5722 1928 5776; x_wconf 86' lang='lat' dir='ltr'><strong>Sic</strong></span> <span class='ocrx_word' id='word_1_606' title='bbox 1965 5740 2064 5776; x_wconf 86' lang='lat' dir='ltr'><strong>nos</strong></span> <span class='ocrx_word' id='word_1_607' title='bbox 2096 5725 2272 5777; x_wconf 87' lang='lat' dir='ltr'><strong>credi-</strong></span> 
     </span>
    </p>
   </div>
   <div class='ocr_carea' id='block_1_88' title="bbox 696 5816 2257 5885">
    <p class='ocr_par' dir='ltr' id='par_1_88' title="bbox 696 5816 2257 5885">
     <span class='ocr_line' id='line_1_88' title="bbox 696 5816 2257 5885; baseline -0.004 -13"><span class='ocrx_word' id='word_1_608' title='bbox 696 5834 819 5873; x_wconf 78' lang='lat' dir='ltr'><strong>mus</strong></span> <span class='ocrx_word' id='word_1_609' title='bbox 883 5833 1048 5872; x_wconf 83' lang='lat' dir='ltr'><strong>unum</strong></span> <span class='ocrx_word' id='word_1_610' title='bbox 1093 5818 1146 5871; x_wconf 87' lang='lat' dir='ltr'><strong>in</strong></span> <span class='ocrx_word' id='word_1_611' title='bbox 1192 5817 1370 5871; x_wconf 74' lang='lat' dir='ltr'><strong>tribus</strong></span> <span class='ocrx_word' id='word_1_612' title='bbox 1435 5817 1686 5885; x_wconf 68' lang='lat' dir='ltr'><strong>|It‘l‘$Cl1lS</strong></span> <span class='ocrx_word' id='word_1_613' title='bbox 1753 5818 1916 5870; x_wconf 62' lang='lat' dir='ltr'><strong>“eum</strong></span> <span class='ocrx_word' id='word_1_614' title='bbox 1965 5835 1972 5868; x_wconf 92' lang='lat'><strong>:</strong></span> <span class='ocrx_word' id='word_1_615' title='bbox 2021 5816 2257 5877; x_wconf 70' lang='lat' dir='ltr'><strong>Patrem,</strong></span> 
     </span>
    </p>
   </div>
   <div class='ocr_carea' id='block_1_89' title="bbox 2388 3237 3960 3311">
    <p class='ocr_par' dir='ltr' id='par_1_89' title="bbox 2388 3237 3960 3311">
     <span class='ocr_line' id='line_1_89' title="bbox 2388 3237 3960 3311; baseline 0.004 -25"><span class='ocrx_word' id='word_1_616' title='bbox 2388 3237 2529 3305; x_wconf 78' lang='grc' dir='ltr'>μπὶρ</span> <span class='ocrx_word' id='word_1_617' title='bbox 2600 3238 2965 3306; x_wconf 76' lang='grc' dir='ltr'>γκεριτζέκτα</span> <span class='ocrx_word' id='word_1_618' title='bbox 3037 3241 3199 3308; x_wconf 81' lang='grc' dir='ltr'>ἀριγὲ</span> <span class='ocrx_word' id='word_1_619' title='bbox 3277 3241 3685 3310; x_wconf 81' lang='grc' dir='ltr'>τσιπκασλάριτι</span> <span class='ocrx_word' id='word_1_620' title='bbox 3759 3243 3960 3311; x_wconf 81' lang='grc' dir='ltr'>σεητάν</span> 
     </span>
    </p>
   </div>
   <div class='ocr_carea' id='block_1_90' title="bbox 2388 3327 3958 3402">
    <p class='ocr_par' dir='ltr' id='par_1_90' title="bbox 2388 3327 3958 3402">
     <span class='ocr_line' id='line_1_90' title="bbox 2388 3327 3958 3402; baseline 0.004 -23"><span class='ocrx_word' id='word_1_621' title='bbox 2388 3327 2786 3394; x_wconf 86' lang='grc' dir='ltr'>μαλατασίειλα</span> <span class='ocrx_word' id='word_1_622' title='bbox 2824 3331 3072 3399; x_wconf 80' lang='grc' dir='ltr'>νευσλερὶ</span> <span class='ocrx_word' id='word_1_623' title='bbox 3103 3331 3370 3400; x_wconf 75' lang='grc' dir='ltr'><strong>χαὸασινὲ</strong></span> <span class='ocrx_word' id='word_1_624' title='bbox 3406 3331 3788 3402; x_wconf 83' lang='grc' dir='ltr'>οὑγιαρλάριτι</span> <span class='ocrx_word' id='word_1_625' title='bbox 3821 3333 3958 3401; x_wconf 78' lang='grc' dir='ltr'>ἀλάχ</span> 
     </span>
    </p>
   </div>
   <div class='ocr_carea' id='block_1_91' title="bbox 2386 3419 3953 3494">
    <p class='ocr_par' dir='ltr' id='par_1_91' title="bbox 2386 3419 3953 3494">
     <span class='ocr_line' id='line_1_91' title="bbox 2386 3419 3953 3494; baseline 0.006 -25"><span class='ocrx_word' id='word_1_626' title='bbox 2386 3419 2577 3486; x_wconf 80' lang='grc' dir='ltr'>ὲμρινὲ</span> <span class='ocrx_word' id='word_1_627' title='bbox 2621 3421 2842 3489; x_wconf 81' lang='grc' dir='ltr'>ίμτιθὰλ</span> <span class='ocrx_word' id='word_1_628' title='bbox 2898 3423 3056 3474; x_wconf 85' lang='grc' dir='ltr'>ίτοὺπ</span> <span class='ocrx_word' id='word_1_629' title='bbox 3108 3423 3284 3492; x_wconf 86' lang='grc' dir='ltr'>μουσὰ</span> <span class='ocrx_word' id='word_1_630' title='bbox 3336 3425 3590 3477; x_wconf 83' lang='grc' dir='ltr'>κιταπινὲ</span> <span class='ocrx_word' id='word_1_631' title='bbox 3632 3425 3953 3494; x_wconf 81' lang='grc' dir='ltr'>ῑνανμασλά-</span> 
     </span>
    </p>
   </div>
   <div class='ocr_carea' id='block_1_92' title="bbox 2386 3527 2514 3576">
    <p class='ocr_par' dir='ltr' id='par_1_92' title="bbox 2386 3527 2514 3576">
     <span class='ocr_line' id='line_1_92' title="bbox 2386 3527 2514 3576; baseline 0.031 -16"><span class='ocrx_word' id='word_1_632' title='bbox 2386 3527 2514 3576; x_wconf 89' lang='grc' dir='ltr'>ριτι.</span> 
     </span>
    </p>
   </div>
   <div class='ocr_carea' id='block_1_93' title="bbox 2984 3607 3354 3674">
    <p class='ocr_par' dir='ltr' id='par_1_93' title="bbox 2984 3607 3354 3674">
     <span class='ocr_line' id='line_1_93' title="bbox 2984 3607 3354 3674; baseline 0.003 -16"><span class='ocrx_word' id='word_1_633' title='bbox 2984 3607 3231 3659; x_wconf 82' lang='grc' dir='ltr'><strong>ΚΕΦΑΛ.</strong></span> <span class='ocrx_word' id='word_1_634' title='bbox 3267 3609 3354 3674; x_wconf 64' lang='grc' dir='ltr'><strong>ς’.</strong></span> 
     </span>
    </p>
   </div>
   <div class='ocr_carea' id='block_1_94' title="bbox 2457 3698 3957 3773">
    <p class='ocr_par' dir='ltr' id='par_1_94' title="bbox 2457 3698 3957 3773">
     <span class='ocr_line' id='line_1_94' title="bbox 2457 3698 3957 3773; baseline 0.007 -26"><span class='ocrx_word' id='word_1_635' title='bbox 2457 3699 2655 3749; x_wconf 77' lang='grc' dir='ltr'>ΣΧΟΛ.</span> <span class='ocrx_word' id='word_1_636' title='bbox 2695 3698 3129 3768; x_wconf 78' lang='grc' dir='ltr'>Τότε-ἐποίησεν</span> <span class='ocrx_word' id='word_1_637' title='bbox 3171 3703 3198 3753; x_wconf 88' lang='lat'><strong>6</strong></span> <span class='ocrx_word' id='word_1_638' title='bbox 3229 3701 3362 3764; x_wconf 79' lang='grc' dir='ltr'>Θεὸς</span> <span class='ocrx_word' id='word_1_639' title='bbox 3407 3703 3507 3773; x_wconf 83' lang='grc' dir='ltr'>τὴν</span> <span class='ocrx_word' id='word_1_640' title='bbox 3540 3705 3797 3773; x_wconf 77' lang='grc' dir='ltr'>τοιαύτην</span> <span class='ocrx_word' id='word_1_641' title='bbox 3827 3706 3957 3758; x_wconf 87' lang='grc' dir='ltr'>ἀνά-</span> 
     </span>
    </p>
   </div>
   <div class='ocr_carea' id='block_1_95' title="bbox 2385 3788 3954 3859">
    <p class='ocr_par' dir='ltr' id='par_1_95' title="bbox 2385 3788 3954 3859">
     <span class='ocr_line' id='line_1_95' title="bbox 2385 3788 3954 3859; baseline 0.008 -22"><span class='ocrx_word' id='word_1_642' title='bbox 2385 3788 2583 3841; x_wconf 83' lang='grc' dir='ltr'>πλασιν</span> <span class='ocrx_word' id='word_1_643' title='bbox 2616 3789 2722 3842; x_wconf 81' lang='grc' dir='ltr'><strong>τῶν</strong></span> <span class='ocrx_word' id='word_1_644' title='bbox 2756 3790 3061 3859; x_wconf 71' lang='grc' dir='ltr'><strong>ἀνθρώπων</strong></span> <span class='ocrx_word' id='word_1_645' title='bbox 3116 3792 3200 3844; x_wconf 84' lang='grc' dir='ltr'><strong>διὰ</strong></span> <span class='ocrx_word' id='word_1_646' title='bbox 3248 3794 3342 3844; x_wconf 81' lang='grc' dir='ltr'><strong>τοῦ</strong></span> <span class='ocrx_word' id='word_1_647' title='bbox 3397 3795 3592 3859; x_wconf 86' lang='grc' dir='ltr'>Λόγου,</span> <span class='ocrx_word' id='word_1_648' title='bbox 3623 3798 3715 3849; x_wconf 78' lang='grc' dir='ltr'>καὶ</span> <span class='ocrx_word' id='word_1_649' title='bbox 3743 3797 3832 3849; x_wconf 78' lang='grc' dir='ltr'><strong>διὰ</strong></span> <span class='ocrx_word' id='word_1_650' title='bbox 3862 3799 3954 3850; x_wconf 90' lang='grc' dir='ltr'><strong>τοῦ</strong></span> 
     </span>
    </p>
   </div>
   <div class='ocr_carea' id='block_1_96' title="bbox 2383 3879 3950 3956">
    <p class='ocr_par' dir='ltr' id='par_1_96' title="bbox 2383 3879 3950 3956">
     <span class='ocr_line' id='line_1_96' title="bbox 2383 3879 3950 3956; baseline 0.005 -23"><span class='ocrx_word' id='word_1_651' title='bbox 2383 3883 2540 3947; x_wconf 88' lang='grc' dir='ltr'>ἁγίου</span> <span class='ocrx_word' id='word_1_652' title='bbox 2584 3879 2901 3949; x_wconf 78' lang='grc' dir='ltr'>Πνεῦματος</span> <span class='ocrx_word' id='word_1_653' title='bbox 2938 3882 3125 3947; x_wconf 84' lang='grc' dir='ltr'>αὐτοῦ,</span> <span class='ocrx_word' id='word_1_654' title='bbox 3165 3882 3256 3935; x_wconf 73' lang='grc' dir='ltr'>καὶ</span> <span class='ocrx_word' id='word_1_655' title='bbox 3288 3883 3374 3936; x_wconf 71' lang='grc' dir='ltr'>διὰ</span> <span class='ocrx_word' id='word_1_656' title='bbox 3406 3885 3565 3937; x_wconf 87' lang='grc' dir='ltr'>τοῦτο</span> <span class='ocrx_word' id='word_1_657' title='bbox 3592 3889 3618 3939; x_wconf 93' lang='lat'><strong>6</strong></span> <span class='ocrx_word' id='word_1_658' title='bbox 3653 3889 3822 3956; x_wconf 84' lang='grc' dir='ltr'><strong>Λόγος</strong></span> <span class='ocrx_word' id='word_1_659' title='bbox 3855 3889 3950 3940; x_wconf 82' lang='grc' dir='ltr'><strong>τοῦ</strong></span> 
     </span>
    </p>
   </div>
   <div class='ocr_carea' id='block_1_97' title="bbox 2381 3972 3953 4048">
    <p class='ocr_par' dir='ltr' id='par_1_97' title="bbox 2381 3972 3953 4048">
     <span class='ocr_line' id='line_1_97' title="bbox 2381 3972 3953 4048; baseline 0.005 -24"><span class='ocrx_word' id='word_1_660' title='bbox 2381 3972 2516 4024; x_wconf 84' lang='grc' dir='ltr'>Θεοῦ</span> <span class='ocrx_word' id='word_1_661' title='bbox 2556 3973 2774 4039; x_wconf 82' lang='grc' dir='ltr'><strong>ὲνεδύθη</strong></span> <span class='ocrx_word' id='word_1_662' title='bbox 2821 3973 2920 4043; x_wconf 81' lang='grc' dir='ltr'><strong>τὴν</strong></span> <span class='ocrx_word' id='word_1_663' title='bbox 2976 3975 3324 4043; x_wconf 75' lang='grc' dir='ltr'><strong>ἀνθρωπείαν</strong></span> <span class='ocrx_word' id='word_1_664' title='bbox 3369 3978 3552 4043; x_wconf 66' lang='grc' dir='ltr'>φύσιν,</span> <span class='ocrx_word' id='word_1_665' title='bbox 3594 3978 3700 4042; x_wconf 80' lang='grc' dir='ltr'>ἵνα,</span> <span class='ocrx_word' id='word_1_666' title='bbox 3733 3980 3809 4041; x_wconf 85' lang='grc' dir='ltr'><strong>ὡς</strong></span> <span class='ocrx_word' id='word_1_667' title='bbox 3856 3981 3953 4048; x_wconf 80' lang='grc' dir='ltr'>μὲν</span> 
     </span>
    </p>
   </div>
   <div class='ocr_carea' id='block_1_98' title="bbox 2380 4065 3951 4136">
    <p class='ocr_par' dir='ltr' id='par_1_98' title="bbox 2380 4065 3951 4136">
     <span class='ocr_line' id='line_1_98' title="bbox 2380 4065 3951 4136; baseline 0.004 -19"><span class='ocrx_word' id='word_1_668' title='bbox 2380 4065 2687 4134; x_wconf 77' lang='grc' dir='ltr'>ἄνθρωπος,</span> <span class='ocrx_word' id='word_1_669' title='bbox 2719 4067 2969 4133; x_wconf 83' lang='grc' dir='ltr'><strong>ὁμιλήσει</strong></span> <span class='ocrx_word' id='word_1_670' title='bbox 3027 4066 3358 4136; x_wconf 84' lang='grc' dir='ltr'>ἀνθρώποις,</span> <span class='ocrx_word' id='word_1_671' title='bbox 3412 4069 3486 4130; x_wconf 87' lang='grc' dir='ltr'>ὠς</span> <span class='ocrx_word' id='word_1_672' title='bbox 3536 4069 3592 4120; x_wconf 84' lang='grc' dir='ltr'><strong>δὲ</strong></span> <span class='ocrx_word' id='word_1_673' title='bbox 3633 4071 3808 4136; x_wconf 84' lang='grc' dir='ltr'>Λόγος</span> <span class='ocrx_word' id='word_1_674' title='bbox 3858 4073 3951 4123; x_wconf 73' lang='grc' dir='ltr'><strong>τοῦ</strong></span> 
     </span>
    </p>
   </div>
   <div class='ocr_carea' id='block_1_99' title="bbox 2381 4157 3955 4232">
    <p class='ocr_par' dir='ltr' id='par_1_99' title="bbox 2381 4157 3955 4232">
     <span class='ocr_line' id='line_1_99' title="bbox 2381 4157 3955 4232; baseline 0.006 -24"><span class='ocrx_word' id='word_1_675' title='bbox 2381 4157 2536 4222; x_wconf 85' lang='grc' dir='ltr'>Θεοῦ,</span> <span class='ocrx_word' id='word_1_676' title='bbox 2600 4157 2696 4209; x_wconf 71' lang='grc' dir='ltr'>καὶ</span> <span class='ocrx_word' id='word_1_677' title='bbox 2738 4157 2876 4210; x_wconf 88' lang='grc' dir='ltr'>Θεοῦ</span> <span class='ocrx_word' id='word_1_678' title='bbox 2943 4159 3140 4226; x_wconf 81' lang='grc' dir='ltr'>σοφία,</span> <span class='ocrx_word' id='word_1_679' title='bbox 3199 4160 3392 4231; x_wconf 75' lang='grc' dir='ltr'>διδάξῃ</span> <span class='ocrx_word' id='word_1_680' title='bbox 3443 4162 3567 4224; x_wconf 78' lang='grc' dir='ltr'>τοὺς</span> <span class='ocrx_word' id='word_1_681' title='bbox 3629 4164 3955 4232; x_wconf 80' lang='grc' dir='ltr'><strong>ἀνθρώπους</strong></span> 
     </span>
    </p>
   </div>
   <div class='ocr_carea' id='block_1_100' title="bbox 2381 4247 3954 4321">
    <p class='ocr_par' dir='ltr' id='par_1_100' title="bbox 2381 4247 3954 4321">
     <span class='ocr_line' id='line_1_100' title="bbox 2381 4247 3954 4321; baseline 0.004 -19"><span class='ocrx_word' id='word_1_682' title='bbox 2381 4249 2662 4302; x_wconf 83' lang='grc' dir='ltr'>πιστεύειν</span> <span class='ocrx_word' id='word_1_683' title='bbox 2693 4252 2772 4312; x_wconf 83' lang='grc' dir='ltr'>είς</span> <span class='ocrx_word' id='word_1_684' title='bbox 2808 4251 2899 4302; x_wconf 73' lang='grc' dir='ltr'><strong>τὸν</strong></span> <span class='ocrx_word' id='word_1_685' title='bbox 2936 4251 3032 4303; x_wconf 76' lang='grc' dir='ltr'>ἕνα</span> <span class='ocrx_word' id='word_1_686' title='bbox 3065 4252 3242 4321; x_wconf 82' lang='grc' dir='ltr'>ἀληθῆ</span> <span class='ocrx_word' id='word_1_687' title='bbox 3273 4247 3428 4317; x_wconf 81' lang='grc' dir='ltr'>Θεὸν,</span> <span class='ocrx_word' id='word_1_688' title='bbox 3452 4255 3546 4306; x_wconf 83' lang='grc' dir='ltr'>καὶ</span> <span class='ocrx_word' id='word_1_689' title='bbox 3577 4255 3954 4309; x_wconf 73' lang='grc' dir='ltr'>πολιτεύεσθαι</span> 
     </span>
    </p>
   </div>
   <div class='ocr_carea' id='block_1_101' title="bbox 2382 4343 3954 4411">
    <p class='ocr_par' dir='ltr' id='par_1_101' title="bbox 2382 4343 3954 4411">
     <span class='ocr_line' id='line_1_101' title="bbox 2382 4343 3954 4411; baseline 0.004 -16"><span class='ocrx_word' id='word_1_690' title='bbox 2382 4344 2522 4396; x_wconf 85' lang='grc' dir='ltr'><strong>γατά</strong></span> <span class='ocrx_word' id='word_1_691' title='bbox 2572 4344 2661 4396; x_wconf 76' lang='grc' dir='ltr'>τὸν</span> <span class='ocrx_word' id='word_1_692' title='bbox 2721 4344 2906 4410; x_wconf 87' lang='grc' dir='ltr'>νόμον,</span> <span class='ocrx_word' id='word_1_693' title='bbox 2945 4343 3003 4396; x_wconf 79' lang='grc' dir='ltr'><strong>ὃν</strong></span> <span class='ocrx_word' id='word_1_694' title='bbox 3053 4345 3214 4406; x_wconf 79' lang='grc' dir='ltr'>αὐτὸς</span> <span class='ocrx_word' id='word_1_695' title='bbox 3265 4345 3432 4397; x_wconf 80' lang='grc' dir='ltr'>ἔδωκε</span> <span class='ocrx_word' id='word_1_696' title='bbox 3463 4361 3476 4374; x_wconf 89' lang='grc'>⁶</span> <span class='ocrx_word' id='word_1_697' title='bbox 3529 4349 3621 4399; x_wconf 75' lang='grc' dir='ltr'>καὶ</span> <span class='ocrx_word' id='word_1_698' title='bbox 3667 4349 3846 4411; x_wconf 84' lang='grc' dir='ltr'>πάλιν,</span> <span class='ocrx_word' id='word_1_699' title='bbox 3882 4352 3954 4411; x_wconf 74' lang='grc' dir='ltr'>ὡς</span> 
     </span>
    </p>
   </div>
   <div class='ocr_carea' id='block_1_102' title="bbox 2387 4434 3945 4509">
    <p class='ocr_par' dir='ltr' id='par_1_102' title="bbox 2387 4434 3945 4509">
     <span class='ocr_line' id='line_1_102' title="bbox 2387 4434 3945 4509; baseline 0.006 -24"><span class='ocrx_word' id='word_1_700' title='bbox 2387 4435 2484 4499; x_wconf 84' lang='grc' dir='ltr'><strong>μὲν</strong></span> <span class='ocrx_word' id='word_1_701' title='bbox 2528 4434 2835 4502; x_wconf 78' lang='grc' dir='ltr'><strong>ἄνθρωπος,</strong></span> <span class='ocrx_word' id='word_1_702' title='bbox 2866 4436 2950 4486; x_wconf 82' lang='grc' dir='ltr'>ἵνα</span> <span class='ocrx_word' id='word_1_703' title='bbox 2996 4435 3071 4504; x_wconf 84' lang='grc' dir='ltr'>δῷ</span> <span class='ocrx_word' id='word_1_704' title='bbox 3101 4436 3199 4504; x_wconf 81' lang='grc' dir='ltr'><strong>τὴν</strong></span> <span class='ocrx_word' id='word_1_705' title='bbox 3243 4437 3526 4490; x_wconf 80' lang='grc' dir='ltr'>πολιτείαν</span> <span class='ocrx_word' id='word_1_706' title='bbox 3562 4439 3728 4492; x_wconf 83' lang='grc' dir='ltr'>αὑτοῦ</span> <span class='ocrx_word' id='word_1_707' title='bbox 3775 4443 3945 4509; x_wconf 36' lang='grc' dir='ltr'>παρά.</span> 
     </span>
    </p>
   </div>
   <div class='ocr_carea' id='block_1_103' title="bbox 2384 4526 3958 4600">
    <p class='ocr_par' dir='ltr' id='par_1_103' title="bbox 2384 4526 3958 4600">
     <span class='ocr_line' id='line_1_103' title="bbox 2384 4526 3958 4600; baseline 0.003 -22"><span class='ocrx_word' id='word_1_708' title='bbox 2384 4527 2581 4593; x_wconf 85' lang='grc' dir='ltr'>δειγμα</span> <span class='ocrx_word' id='word_1_709' title='bbox 2632 4526 2731 4593; x_wconf 80' lang='grc' dir='ltr'>τῆς</span> <span class='ocrx_word' id='word_1_710' title='bbox 2762 4526 3111 4588; x_wconf 82' lang='grc' dir='ltr'><strong>διδασκαλίας</strong></span> <span class='ocrx_word' id='word_1_711' title='bbox 3152 4527 3343 4581; x_wconf 78' lang='grc' dir='ltr'>αὐτοῦ.</span> <span class='ocrx_word' id='word_1_712' title='bbox 3385 4529 3607 4596; x_wconf 84' lang='grc' dir='ltr'>Πρῶτος</span> <span class='ocrx_word' id='word_1_713' title='bbox 3649 4531 3757 4600; x_wconf 78' lang='grc' dir='ltr'>γὰρ</span> <span class='ocrx_word' id='word_1_714' title='bbox 3792 4532 3958 4593; x_wconf 70' lang='grc' dir='ltr'>αὐτὸς</span> 
     </span>
    </p>
   </div>
   <div class='ocr_carea' id='block_1_104' title="bbox 2385 4619 3951 4689">
    <p class='ocr_par' dir='ltr' id='par_1_104' title="bbox 2385 4619 3951 4689">
     <span class='ocr_line' id='line_1_104' title="bbox 2385 4619 3951 4689; baseline 0.007 -21"><span class='ocrx_word' id='word_1_715' title='bbox 2385 4619 2615 4686; x_wconf 75' lang='grc' dir='ltr'>ἐτήρησε</span> <span class='ocrx_word' id='word_1_716' title='bbox 2642 4620 2731 4670; x_wconf 76' lang='grc' dir='ltr'>τὸν</span> <span class='ocrx_word' id='word_1_717' title='bbox 2761 4621 2944 4687; x_wconf 86' lang='grc' dir='ltr'>νόμον,</span> <span class='ocrx_word' id='word_1_718' title='bbox 2971 4620 3029 4671; x_wconf 78' lang='grc' dir='ltr'><strong>ὃν</strong></span> <span class='ocrx_word' id='word_1_719' title='bbox 3054 4620 3222 4674; x_wconf 81' lang='grc' dir='ltr'>ἔδωκε</span> <span class='ocrx_word' id='word_1_720' title='bbox 3249 4623 3362 4684; x_wconf 78' lang='grc' dir='ltr'>τοῖς</span> <span class='ocrx_word' id='word_1_721' title='bbox 3404 4623 3734 4689; x_wconf 77' lang='grc' dir='ltr'>ἀνθρώποις.</span> <span class='ocrx_word' id='word_1_722' title='bbox 3778 4627 3862 4687; x_wconf 83' lang='grc' dir='ltr'>Ὠς</span> <span class='ocrx_word' id='word_1_723' title='bbox 3896 4628 3951 4680; x_wconf 78' lang='grc' dir='ltr'><strong>δὲ</strong></span> 
     </span>
    </p>
   </div>
   <div class='ocr_carea' id='block_1_105' title="bbox 2383 4709 3958 4784">
    <p class='ocr_par' dir='ltr' id='par_1_105' title="bbox 2383 4709 3958 4784">
     <span class='ocr_line' id='line_1_105' title="bbox 2383 4709 3958 4784; baseline 0.008 -25"><span class='ocrx_word' id='word_1_724' title='bbox 2383 4710 2552 4775; x_wconf 84' lang='grc' dir='ltr'>Λόγος</span> <span class='ocrx_word' id='word_1_725' title='bbox 2595 4709 2688 4760; x_wconf 86' lang='grc' dir='ltr'><strong>τοῦ</strong></span> <span class='ocrx_word' id='word_1_726' title='bbox 2730 4709 2889 4772; x_wconf 89' lang='grc' dir='ltr'>Θεοῦ,</span> <span class='ocrx_word' id='word_1_727' title='bbox 2931 4711 3025 4763; x_wconf 81' lang='grc' dir='ltr'><strong>καὶ</strong></span> <span class='ocrx_word' id='word_1_728' title='bbox 3075 4711 3325 4780; x_wconf 81' lang='grc' dir='ltr'>δύναμις,</span> <span class='ocrx_word' id='word_1_729' title='bbox 3361 4713 3563 4782; x_wconf 82' lang='grc' dir='ltr'>δυνηθῇ</span> <span class='ocrx_word' id='word_1_730' title='bbox 3607 4716 3958 4784; x_wconf 83' lang='grc' dir='ltr'>κατορθῶσαι</span> 
     </span>
    </p>
   </div>
   <div class='ocr_carea' id='block_1_106' title="bbox 2381 4801 3960 4877">
    <p class='ocr_par' dir='ltr' id='par_1_106' title="bbox 2381 4801 3960 4877">
     <span class='ocr_line' id='line_1_106' title="bbox 2381 4801 3960 4877; baseline 0.006 -26"><span class='ocrx_word' id='word_1_731' title='bbox 2381 4801 2440 4852; x_wconf 72' lang='grc' dir='ltr'><strong>τὸ</strong></span> <span class='ocrx_word' id='word_1_732' title='bbox 2497 4802 2844 4867; x_wconf 76' lang='grc' dir='ltr'>παγκόσμιον</span> <span class='ocrx_word' id='word_1_733' title='bbox 2897 4802 3122 4868; x_wconf 72' lang='grc' dir='ltr'>ἀγαθὸν,</span> <span class='ocrx_word' id='word_1_734' title='bbox 3180 4803 3317 4871; x_wconf 81' lang='grc' dir='ltr'>ὅπερ</span> <span class='ocrx_word' id='word_1_735' title='bbox 3370 4804 3657 4857; x_wconf 71' lang='grc' dir='ltr'>ἐϐούλετο·</span> <span class='ocrx_word' id='word_1_736' title='bbox 3707 4806 3838 4860; x_wconf 84' lang='grc' dir='ltr'>διότι</span> <span class='ocrx_word' id='word_1_737' title='bbox 3893 4805 3960 4877; x_wconf 82' lang='grc' dir='ltr'><strong>ἦν</strong></span> 
     </span>
    </p>
   </div>
   <div class='ocr_carea' id='block_1_107' title="bbox 2382 4891 3958 4966">
    <p class='ocr_par' dir='ltr' id='par_1_107' title="bbox 2382 4891 3958 4966">
     <span class='ocr_line' id='line_1_107' title="bbox 2382 4891 3958 4966; baseline 0.003 -22"><span class='ocrx_word' id='word_1_738' title='bbox 2382 4893 2665 4953; x_wconf 67' lang='grc' dir='ltr'>ἀδύνατον,</span> <span class='ocrx_word' id='word_1_739' title='bbox 2690 4891 2758 4944; x_wconf 75' lang='grc' dir='ltr'>δι’</span> <span class='ocrx_word' id='word_1_740' title='bbox 2789 4894 2905 4955; x_wconf 82' lang='grc' dir='ltr'>ἐνὸς</span> <span class='ocrx_word' id='word_1_741' title='bbox 2937 4892 3226 4961; x_wconf 79' lang='grc' dir='ltr'>ἀνθρώπου</span> <span class='ocrx_word' id='word_1_742' title='bbox 3259 4894 3484 4962; x_wconf 83' lang='grc' dir='ltr'>δυνάμει</span> <span class='ocrx_word' id='word_1_743' title='bbox 3510 4895 3836 4964; x_wconf 66' lang='grc' dir='ltr'>ἐπιστρέψαι</span> <span class='ocrx_word' id='word_1_744' title='bbox 3865 4897 3958 4966; x_wconf 76' lang='grc' dir='ltr'><strong>τὴν</strong></span> 
     </span>
    </p>
   </div>
   <div class='ocr_carea' id='block_1_108' title="bbox 2380 4985 3958 5052">
    <p class='ocr_par' dir='ltr' id='par_1_108' title="bbox 2380 4985 3958 5052">
     <span class='ocr_line' id='line_1_108' title="bbox 2380 4985 3958 5052; baseline 0.004 -19"><span class='ocrx_word' id='word_1_745' title='bbox 2380 4985 2712 5052; x_wconf 74' lang='grc' dir='ltr'>οἰκουμένην</span> <span class='ocrx_word' id='word_1_746' title='bbox 2761 4986 2897 5052; x_wconf 76' lang='grc' dir='ltr'>πρὸς</span> <span class='ocrx_word' id='word_1_747' title='bbox 2948 4985 3103 5044; x_wconf 78' lang='grc' dir='ltr'>τέλος</span> <span class='ocrx_word' id='word_1_748' title='bbox 3147 4985 3240 5036; x_wconf 83' lang='grc' dir='ltr'>τὸν</span> <span class='ocrx_word' id='word_1_749' title='bbox 3295 4985 3446 5038; x_wconf 72' lang='grc' dir='ltr'>Θεόν.</span> <span class='ocrx_word' id='word_1_750' title='bbox 3491 4987 3599 5038; x_wconf 82' lang='grc' dir='ltr'><strong>Καὶ</strong></span> <span class='ocrx_word' id='word_1_751' title='bbox 3649 4987 3822 5050; x_wconf 74' lang='grc' dir='ltr'>οὕτως</span> <span class='ocrx_word' id='word_1_752' title='bbox 3873 4989 3958 5040; x_wconf 73' lang='grc' dir='ltr'><strong>διὰ</strong></span> 
     </span>
    </p>
   </div>
   <div class='ocr_carea' id='block_1_109' title="bbox 2385 5074 3955 5147">
    <p class='ocr_par' dir='ltr' id='par_1_109' title="bbox 2385 5074 3955 5147">
     <span class='ocr_line' id='line_1_109' title="bbox 2385 5074 3955 5147; baseline 0.004 -21"><span class='ocrx_word' id='word_1_753' title='bbox 2385 5078 2482 5145; x_wconf 78' lang='grc' dir='ltr'>μὲν</span> <span class='ocrx_word' id='word_1_754' title='bbox 2511 5076 2606 5128; x_wconf 87' lang='grc' dir='ltr'><strong>τοῦ</strong></span> <span class='ocrx_word' id='word_1_755' title='bbox 2649 5077 2822 5143; x_wconf 85' lang='grc' dir='ltr'>Λόγου</span> <span class='ocrx_word' id='word_1_756' title='bbox 2853 5074 3020 5127; x_wconf 82' lang='grc' dir='ltr'>αὑτοῦ</span> <span class='ocrx_word' id='word_1_757' title='bbox 3053 5077 3274 5145; x_wconf 80' lang='grc' dir='ltr'>ἔσπειρε</span> <span class='ocrx_word' id='word_1_758' title='bbox 3309 5076 3408 5146; x_wconf 84' lang='grc' dir='ltr'>τὴν</span> <span class='ocrx_word' id='word_1_759' title='bbox 3445 5079 3711 5147; x_wconf 82' lang='grc' dir='ltr'>ἀλήθειαν</span> <span class='ocrx_word' id='word_1_760' title='bbox 3756 5081 3782 5131; x_wconf 91' lang='lat'><strong>6</strong></span> <span class='ocrx_word' id='word_1_761' title='bbox 3819 5097 3955 5132; x_wconf 84' lang='grc' dir='ltr'>παν-</span> 
     </span>
    </p>
   </div>
   <div class='ocr_carea' id='block_1_110' title="bbox 2383 5169 3956 5240">
    <p class='ocr_par' dir='ltr' id='par_1_110' title="bbox 2383 5169 3956 5240">
     <span class='ocr_line' id='line_1_110' title="bbox 2383 5169 3956 5240; baseline 0.003 -21"><span class='ocrx_word' id='word_1_762' title='bbox 2383 5170 2682 5238; x_wconf 79' lang='grc' dir='ltr'>τοδῦναμος</span> <span class='ocrx_word' id='word_1_763' title='bbox 2729 5171 2817 5222; x_wconf 71' lang='grc' dir='ltr'><strong>καὶ</strong></span> <span class='ocrx_word' id='word_1_764' title='bbox 2857 5171 3089 5239; x_wconf 82' lang='grc' dir='ltr'>ἀόρατος</span> <span class='ocrx_word' id='word_1_765' title='bbox 3132 5169 3265 5230; x_wconf 83' lang='grc' dir='ltr'>Θεὸς</span> <span class='ocrx_word' id='word_1_766' title='bbox 3322 5171 3381 5220; x_wconf 82' lang='grc' dir='ltr'>ἐν</span> <span class='ocrx_word' id='word_1_767' title='bbox 3439 5170 3839 5240; x_wconf 82' lang='grc' dir='ltr'><strong>Ἰερουσαλήμ·</strong></span> <span class='ocrx_word' id='word_1_768' title='bbox 3871 5173 3956 5224; x_wconf 75' lang='grc' dir='ltr'><strong>διὰ</strong></span> 
     </span>
    </p>
   </div>
   <div class='ocr_carea' id='block_1_111' title="bbox 2378 5260 3955 5330">
    <p class='ocr_par' dir='ltr' id='par_1_111' title="bbox 2378 5260 3955 5330">
     <span class='ocr_line' id='line_1_111' title="bbox 2378 5260 3955 5330; baseline 0.001 -16"><span class='ocrx_word' id='word_1_769' title='bbox 2378 5262 2434 5314; x_wconf 77' lang='grc' dir='ltr'><strong>δὲ</strong></span> <span class='ocrx_word' id='word_1_770' title='bbox 2465 5262 2557 5314; x_wconf 73' lang='grc' dir='ltr'>τοῦ</span> <span class='ocrx_word' id='word_1_771' title='bbox 2599 5261 2913 5330; x_wconf 79' lang='grc' dir='ltr'>Πνεῦματος</span> <span class='ocrx_word' id='word_1_772' title='bbox 2945 5260 3132 5326; x_wconf 72' lang='grc' dir='ltr'>αὐτοῦ,</span> <span class='ocrx_word' id='word_1_773' title='bbox 3171 5262 3403 5329; x_wconf 74' lang='grc' dir='ltr'>ἐφώτισε</span> <span class='ocrx_word' id='word_1_774' title='bbox 3433 5262 3525 5314; x_wconf 70' lang='grc' dir='ltr'>καὶ</span> <span class='ocrx_word' id='word_1_775' title='bbox 3549 5262 3801 5330; x_wconf 82' lang='grc' dir='ltr'>ἐνίσχυσε</span> <span class='ocrx_word' id='word_1_776' title='bbox 3829 5264 3955 5324; x_wconf 74' lang='grc' dir='ltr'>τοὺς</span> 
     </span>
    </p>
   </div>
   <div class='ocr_carea' id='block_1_112' title="bbox 2383 5353 3956 5423">
    <p class='ocr_par' dir='ltr' id='par_1_112' title="bbox 2383 5353 3956 5423">
     <span class='ocr_line' id='line_1_112' title="bbox 2383 5353 3956 5423; baseline -0.001 -17"><span class='ocrx_word' id='word_1_777' title='bbox 2383 5356 2716 5416; x_wconf 80' lang='grc' dir='ltr'>ἀποστόλους</span> <span class='ocrx_word' id='word_1_778' title='bbox 2764 5353 2953 5418; x_wconf 66' lang='grc' dir='ltr'>αὐτοῦ,</span> <span class='ocrx_word' id='word_1_779' title='bbox 3003 5355 3088 5407; x_wconf 78' lang='grc' dir='ltr'>ἵνα</span> <span class='ocrx_word' id='word_1_780' title='bbox 3144 5355 3446 5423; x_wconf 76' lang='grc' dir='ltr'>σπείρουσιν</span> <span class='ocrx_word' id='word_1_781' title='bbox 3492 5355 3648 5406; x_wconf 64' lang='grc' dir='ltr'>αὐτοὶ</span> <span class='ocrx_word' id='word_1_782' title='bbox 3682 5355 3780 5422; x_wconf 75' lang='grc' dir='ltr'>τὴν</span> <span class='ocrx_word' id='word_1_783' title='bbox 3822 5355 3956 5422; x_wconf 79' lang='grc' dir='ltr'>ἀλή-</span> 
     </span>
    </p>
   </div>
   <div class='ocr_carea' id='block_1_113' title="bbox 2382 5445 3954 5514">
    <p class='ocr_par' dir='ltr' id='par_1_113' title="bbox 2382 5445 3954 5514">
     <span class='ocr_line' id='line_1_113' title="bbox 2382 5445 3954 5514; baseline 0 -16"><span class='ocrx_word' id='word_1_784' title='bbox 2382 5448 2556 5508; x_wconf 76' lang='grc' dir='ltr'>θειαν,</span> <span class='ocrx_word' id='word_1_785' title='bbox 2597 5447 2690 5498; x_wconf 79' lang='grc' dir='ltr'><strong>καὶ</strong></span> <span class='ocrx_word' id='word_1_786' title='bbox 2734 5447 2814 5506; x_wconf 76' lang='grc' dir='ltr'><strong>εἰς</strong></span> <span class='ocrx_word' id='word_1_787' title='bbox 2857 5448 3034 5498; x_wconf 78' lang='grc' dir='ltr'>πάντα</span> <span class='ocrx_word' id='word_1_788' title='bbox 3084 5447 3175 5498; x_wconf 75' lang='grc' dir='ltr'><strong>τὸν</strong></span> <span class='ocrx_word' id='word_1_789' title='bbox 3212 5447 3440 5513; x_wconf 84' lang='grc' dir='ltr'>κόσμον,</span> <span class='ocrx_word' id='word_1_790' title='bbox 3474 5445 3562 5497; x_wconf 78' lang='grc' dir='ltr'><strong>διὰ</strong></span> <span class='ocrx_word' id='word_1_791' title='bbox 3590 5445 3688 5514; x_wconf 82' lang='grc' dir='ltr'>τὴν</span> <span class='ocrx_word' id='word_1_792' title='bbox 3730 5447 3954 5514; x_wconf 78' lang='grc' dir='ltr'>ἀγάπην</span> 
     </span>
    </p>
   </div>
   <div class='ocr_carea' id='block_1_114' title="bbox 2383 5537 3955 5607">
    <p class='ocr_par' dir='ltr' id='par_1_114' title="bbox 2383 5537 3955 5607">
     <span class='ocr_line' id='line_1_114' title="bbox 2383 5537 3955 5607; baseline 0 -17"><span class='ocrx_word' id='word_1_793' title='bbox 2383 5539 2474 5592; x_wconf 86' lang='grc' dir='ltr'><strong>τοῦ</strong></span> <span class='ocrx_word' id='word_1_794' title='bbox 2533 5539 2847 5606; x_wconf 62' lang='grc' dir='ltr'>πέμψαντος</span> <span class='ocrx_word' id='word_1_795' title='bbox 2899 5539 3061 5591; x_wconf 71' lang='grc' dir='ltr'>αὑτὸν</span> <span class='ocrx_word' id='word_1_796' title='bbox 3101 5537 3261 5599; x_wconf 85' lang='grc' dir='ltr'>Θεοῦ,</span> <span class='ocrx_word' id='word_1_797' title='bbox 3294 5539 3386 5589; x_wconf 79' lang='grc' dir='ltr'>καὶ</span> <span class='ocrx_word' id='word_1_798' title='bbox 3440 5537 3528 5590; x_wconf 73' lang='grc' dir='ltr'>διὰ</span> <span class='ocrx_word' id='word_1_799' title='bbox 3574 5537 3674 5606; x_wconf 84' lang='grc' dir='ltr'>τὴν</span> <span class='ocrx_word' id='word_1_800' title='bbox 3731 5539 3955 5607; x_wconf 83' lang='grc' dir='ltr'>ἀγάπην</span> 
     </span>
    </p>
   </div>
   <div class='ocr_carea' id='block_1_115' title="bbox 2380 5628 3951 5698">
    <p class='ocr_par' dir='ltr' id='par_1_115' title="bbox 2380 5628 3951 5698">
     <span class='ocr_line' id='line_1_115' title="bbox 2380 5628 3951 5698; baseline 0 -16"><span class='ocrx_word' id='word_1_801' title='bbox 2380 5633 2477 5692; x_wconf 73' lang='grc' dir='ltr'><strong>τ“ς</strong></span> <span class='ocrx_word' id='word_1_802' title='bbox 2514 5633 2786 5698; x_wconf 83' lang='grc' dir='ltr'>σωτηρίας</span> <span class='ocrx_word' id='word_1_803' title='bbox 2818 5629 2910 5682; x_wconf 82' lang='grc' dir='ltr'><strong>τοῦ</strong></span> <span class='ocrx_word' id='word_1_804' title='bbox 2948 5631 3158 5698; x_wconf 81' lang='grc' dir='ltr'>κόσμου</span> <span class='ocrx_word' id='word_1_805' title='bbox 3190 5629 3330 5681; x_wconf 78' lang='grc' dir='ltr'>κατὰ</span> <span class='ocrx_word' id='word_1_806' title='bbox 3364 5628 3423 5680; x_wconf 82' lang='grc' dir='ltr'>τὸ</span> <span class='ocrx_word' id='word_1_807' title='bbox 3454 5629 3807 5697; x_wconf 75' lang='grc' dir='ltr'>παράδειγμα</span> <span class='ocrx_word' id='word_1_808' title='bbox 3856 5629 3951 5682; x_wconf 83' lang='grc' dir='ltr'><strong>τοῦ</strong></span> 
     </span>
    </p>
   </div>
   <div class='ocr_carea' id='block_1_116' title="bbox 2393 5720 3955 5791">
    <p class='ocr_par' dir='ltr' id='par_1_116' title="bbox 2393 5720 3955 5791">
     <span class='ocr_line' id='line_1_116' title="bbox 2393 5720 3955 5791; baseline -0.001 -17"><span class='ocrx_word' id='word_1_809' title='bbox 2393 5722 2595 5791; x_wconf 79' lang='grc' dir='ltr'>Ἰησοῦ,</span> <span class='ocrx_word' id='word_1_810' title='bbox 2628 5723 2775 5782; x_wconf 80' lang='grc' dir='ltr'>ὅστις</span> <span class='ocrx_word' id='word_1_811' title='bbox 2811 5724 3073 5784; x_wconf 74' lang='grc' dir='ltr'>ἑκουσίως</span> <span class='ocrx_word' id='word_1_812' title='bbox 3106 5721 3346 5772; x_wconf 70' lang='grc' dir='ltr'>ἀπέθανε</span> <span class='ocrx_word' id='word_1_813' title='bbox 3385 5722 3530 5772; x_wconf 73' lang='grc' dir='ltr'>κατὰ</span> <span class='ocrx_word' id='word_1_814' title='bbox 3568 5720 3624 5771; x_wconf 78' lang='grc' dir='ltr'>τὸ</span> <span class='ocrx_word' id='word_1_815' title='bbox 3679 5720 3955 5790; x_wconf 83' lang='grc' dir='ltr'><strong>ἀνθρώπι-</strong></span> 
     </span>
    </p>
   </div>
   <div class='ocr_carea' id='block_1_117' title="bbox 2381 5811 3959 5883">
    <p class='ocr_par' dir='ltr' id='par_1_117' title="bbox 2381 5811 3959 5883">
     <span class='ocr_line' id='line_1_117' title="bbox 2381 5811 3959 5883; baseline 0.001 -17"><span class='ocrx_word' id='word_1_816' title='bbox 2381 5833 2486 5881; x_wconf 64' lang='grc' dir='ltr'>κον,</span> <span class='ocrx_word' id='word_1_817' title='bbox 2520 5815 2659 5883; x_wconf 60' lang='grc' dir='ltr'>ὑπερ</span> <span class='ocrx_word' id='word_1_818' title='bbox 2697 5815 2789 5868; x_wconf 79' lang='grc' dir='ltr'>τοῦ</span> <span class='ocrx_word' id='word_1_819' title='bbox 2831 5816 3071 5883; x_wconf 65' lang='grc' dir='ltr'>σωθῆναι</span> <span class='ocrx_word' id='word_1_820' title='bbox 3106 5815 3193 5866; x_wconf 54' lang='grc' dir='ltr'>τείν</span> <span class='ocrx_word' id='word_1_821' title='bbox 3238 5813 3460 5882; x_wconf 74' lang='grc' dir='ltr'>κόσμον,</span> <span class='ocrx_word' id='word_1_822' title='bbox 3515 5813 3667 5866; x_wconf 68' lang='grc' dir='ltr'>Οὕτω</span> <span class='ocrx_word' id='word_1_823' title='bbox 3706 5811 3959 5868; x_wconf 64' lang='lat' dir='ltr'><strong>morsus»</strong></span> 
     </span>
    </p>
   </div>
  </div>
