4462 6450
715 421 822 483 355

1806 404 2067 466 GENNA
2086 404 2193 464 Dll
2231 401 2346 462 ΟΡ.
2391 402 2918 462 PATRIARCH/B

3913 374 4017 460 3'56

715 532 972 593 rebimiui
1006 544 1229 588 carnem
1264 528 1491 582 edentes
1524 526 1846 585 humanam,
1883 533 1938 575 et
1982 521 2309 589 sanguinem
2345 531 2387 584 Α
2421 519 2477 572 νῦ

2261 535 2309 572 nt
2345 531 2387 584 Α
2421 519 2517 573 νῦν
2541 521 2887 586 ὑφεστήκασι
2924 517 3019 570 καὶ
3066 517 3208 567 είσὶν
3236 516 3293 566 ἐν
3316 514 3438 582 ἐμοί
3470 527 3483 541 °
3520 514 3637 566 ἀλλ’
3671 514 3747 576 ὡς
3782 512 3840 566 ἐν
3873 515 4023 582 ἄρτῳ

720 631 968 684 bibentes
999 627 1101 680 sub
1132 621 1324 677 cadent
1358 622 1530 672 forma
1563 632 1670 686 qua
1698 615 2035 675 subsistunt,
2068 627 2121 667 et
2148 616 2201 667 in
2231 627 2316 665 me

719 734 868 783 sunt,
909 720 1005 773 sed
1065 727 1325 783 tanquam
1358 713 1411 765 in
1462 727 1603 781 pane
1636 718 1690 763 et
1726 709 1857 761 vino
1905 706 2317 761 manducabitis

718 822 770 865 ct
803 810 1002 863 hibetis
1035 824 1048 860 :
1082 805 1243 875 panis
1286 814 1473 858 autem
1532 810 1585 856 et
1618 801 1734 856 riui
1775 815 2054 868 apparens
2089 798 2314 861 veritas,

721 901 1014 954 veritatem
1065 911 1172 948 non
1213 901 1570 962 apparentem
1630 892 1882 959 corporis
1917 900 1970 942 et
2005 888 2318 958 sanguinis,

672 1006 675 1008 ‘
720 991 1066 1044 continebit:
1106 985 1418 1040 substantia
1459 983 1681 1051 quidem
1723 988 2116 1043 transmutata,
2171 980 2319 1032 utin

725 1084 878 1137 robis
901 1088 1309 1136 sacramentum
1366 1083 1667 1141 operetur;
1714 1084 1940 1126 externa
1979 1086 2108 1124 vero
2141 1069 2320 1123 forma

723 1179 912 1230 eadem
941 1182 1322 1242 permanente,
1359 1184 1425 1221 ne
1455 1183 1561 1237 qua
1601 1182 1700 1220 vos
1735 1166 2015 1219 haesitatio
2043 1175 2097 1217 et
2121 1163 2323 1216 horror

725 1274 1000 1329 detinens,
1029 1283 1058 1320 a
1095 1265 1492 1318 communione
1548 1261 1810 1314 abducat.
1848 1259 1974 1314 [lare
2021 1257 2210 1326 itaque
2243 1257 2322 1311 sic

729 1364 1015 1421 facientes,
1052 1370 1158 1408 non
1189 1354 1451 1406 amicitiae
1483 1353 1689 1411 solum,
1729 1349 1825 1404 sed
1858 1346 2122 1401 utilitatis
2150 1345 2319 1400 etiam

728 1467 916 1516 causa,
980 1462 1303 1504 sermonum
1371 1458 1626 1497 meorum
1688 1452 1743 1495 et
1797 1442 1924 1493 vita:
1959 1454 2091 1493 mea!
2118 1452 2328 1494 memo-

732 1548 865 1599 riam
904 1544 1192 1603 habentes,
1247 1549 1362 1591 tum
1417 1537 1471 1592 in
1512 1534 1787 1605 spirituali
1829 1534 1939 1585 vita
1993 1531 2325 1600 proﬁcietis,

731 1650 842 1689 tum
883 1636 1070 1688 futura
1129 1633 1218 1685 illa
1261 1631 1369 1683 vita
1407 1630 1560 1699 digni
1593 1635 1913 1696 opportuno
1945 1633 2190 1692 tempore
2218 1622 2328 1676 em-

729 1727 976 1785 ciemini,
1005 1725 1258 1792 adquam
1298 1735 1393 1774 vos
1430 1720 1691 1780 antehac,
1727 1726 1992 1786 quantum
2026 1716 2162 1768 satis
2189 1722 2327 1774 erat,

731 1820 1052 1890 praeparari.
1086 1815 1235 1869 Talis
1265 1825 1348 1869 est
1393 1815 1558 1882 hujus
1601 1809 1940 1866 sacramenti
1966 1821 2190 1876 scapus.
2231 1818 2330 1858 au~

2428 615 2524 665 καὶ
2577 612 2710 680 οϊνῳ
2767 610 2974 663 ἐσθίειν
3039 610 3135 662 καὶ
3189 607 3368 659 πίνειν
3427 605 3679 675 μέλλετε,
3713 607 3810 658 κα)⁵
3860 608 3893 676 ἡ
3929 606 4023 658 τοῦ

2427 706 2597 774 ἀρτου
2647 703 2742 754 καὶ
2794 703 2942 754 οῐνου
2977 699 3286 770 φαινομένη
3323 698 3579 766 ἀλήθεια,
3609 697 3710 766 τὴν
3757 697 4025 766 ἀλήθειαν

2429 795 2609 863 ἀφανῆ
2639 794 2733 846 τοῦ
2770 793 3025 862 σώματος
3060 793 3157 844 καὶ
3191 791 3429 859 αἵματος
3463 789 3734 858 περιέξει,
3776 788 3877 855 τῆς
3927 789 4026 856 μὲν

2431 886 2620 947 οὐσίας
2659 884 3125 954 μεταϐληθείσης,
3157 883 3235 945 ὼς
3261 880 3328 934 ἂν
3363 881 3423 933 ἐν
3457 881 3590 949 ὑμῖν
3620 881 3685 931 τὸ
3718 880 4024 949 μυστήριον

2433 983 2655 1049 ἐνεργῇ,
2693 979 2789 1048 τῆς
2843 979 2901 1030 δὲ
2933 977 3136 1041 ἔξωθεν
3167 972 3468 1036 διαθέσεως
3519 973 3619 1040 τῆς
3651 970 3826 1038 αὐτῆς
3863 968 4035 1032 σωζο-

2439 1073 2628 1142 μένης,
2659 1073 2745 1125 ῐνα
2780 1071 2970 1140 μηδεὶς
2999 1070 3150 1140 ὑμᾶς
3184 1066 3394 1137 ἴλιγγος
3431 1066 3727 1134 κατασχὼν
3758 1065 4031 1134 ἀπαγάγῃ

2435 1167 2532 1234 τῆς
2565 1164 2951 1234 μεταλήψεως.
2987 1162 3178 1215 Ταῦτα
3223 1160 3410 1214 τοίνυν
3447 1159 3592 1212 οὓτω
3623 1157 3936 1219 ποιοῦντες,
3971 1155 4034 1207 οὐ

2438 1260 2623 1330 φιλίας
2655 1259 2823 1312 ἕνεκα
2866 1258 3049 1327 μόνον,
3081 1256 3223 1310 ἀλλὰ
3280 1256 3376 1308 καὶ
3404 1254 3696 1321 ὡφελείας,
3740 1252 3833 1304 καὶ
3861 1251 4022 1317 λόγου

2437 1353 2530 1405 καὶ
2565 1349 2682 1420 βίου
2727 1348 3168 1419 μνημονεύοντες
3212 1347 3320 1400 τῶν
3351 1346 3524 1416 ἐμῶν,
3560 1347 3617 1398 ἐν
3671 1346 3738 1413 τῇ
3789 1358 4038 1408 πνευμα-

2438 1446 2563 1512 τικῇ
2612 1442 2729 1513 ζωῇ
2785 1441 3093 1510 προκόψετε
3144 1440 3361 1509 δήπου,
3413 1439 3508 1491 καὶ
3569 1436 3672 1504 τῆς
3730 1433 4038 1504 μελλούσης

2437 1535 2654 1602 ἐκείνης
2708 1533 2986 1604 ἐγκαίρως
3034 1529 3437 1601 ἁξιωθήσεσθε,
3472 1530 3606 1595 πρὸς
3652 1530 3719 1598 ἢν
3753 1528 3899 1595 ὑμᾶς
3932 1526 4036 1593 ἁρ-

2441 1626 2683 1688 κούντως
2730 1624 2970 1694 πρόσθεν
3021 1624 3357 1692 κατήρτισα.
3389 1621 3562 1683 Οὗτος
3608 1622 3636 1672 ό
3679 1618 3772 1671 τοῦ
3826 1633 4038 1687 μυστηο

2443 1720 2562 1791 ρίου
2603 1718 2832 1780 σκοπὸς,
2862 1710 2908 1770 ὦ
2958 1716 3250 1780 παρόντες,
3282 1714 3358 1776 ὠς
3407 1715 3465 1766 ἐν
3517 1713 3722 1779 ὀλίγοις
3764 1709 3894 1776 περὶ
3939 1705 4038 1760 τοῦ

2443 1810 2705 1881 μεγίστου
2743 1810 2838 1862 καὶ
2869 1807 3153 1860 θειοτάτου
3184 1804 3483 1857 διαλαϐεῖν.
3522 1803 3632 1856 Καὶ
3682 1800 3776 1853 νῦν
3825 1800 3886 1851 τὸ
3939 1815 4040 1867 μυ-

731 1915 958 1973 ditorcs,
991 1917 1259 1978 quantum
1298 1907 1493 1975 paucis
1523 1903 1590 1957 de
1631 1901 1872 1955 maximo
1901 1909 1954 1953 et
1979 1899 2332 1954 divinissimo
2367 1897 2408 1954 Β
2441 1921 2493 1956 σι

2268 1913 2332 1952 no
2367 1897 2408 1954 Β
2441 1907 2662 1973 στήριον
2693 1904 2807 1963 τοῖς
2841 1900 3133 1968 μετέχουσι
3160 1896 3450 1967 προκοπὴν
3485 1897 3584 1960 τῆς
3614 1893 3754 1945 κατὰ
3790 1889 4030 1961 Χριστοῦ

731 2005 1077 2055 sacramento
1125 1996 1312 2050 dicere
1338 1994 1493 2048 licet.
1525 1994 1589 2046 Et
1620 2006 1768 2045 nunc
1804 1997 2219 2045 sacramentum
2274 1991 2328 2041 in

731 2092 1294 2153 commitnicantibus,
1360 2086 1668 2154 profectqu
1701 2085 1826 2137 vitm
1855 2084 1908 2134 in
1941 2081 2165 2134 Christo
2203 2095 2332 2149 ope-

735 2197 908 2247 ratur,
939 2184 1195 2251 quodque
1237 2179 1600 2248 corporaliter
1629 2176 1826 2237 eltieit,
1864 2173 1915 2226 id
1955 2188 2067 2243 quo
2095 2173 2214 2241 ejus
2249 2172 2333 2224 vi-

732 2280 912 2336 detur,
941 2281 1042 2330 hoc
1077 2285 1294 2329 secreto
1315 2283 1368 2326 ct
1420 2270 1779 2325 invisibiliter
1804 2268 2044 2337 perlicit,
2089 2267 2139 2319 id
2186 2264 2332 2334 quod

736 2373 966 2424 interius
990 2379 1095 2423 est.
1123 2367 1310 2420 Nutrit
1349 2366 1495 2419 enim
1532 2375 1585 2418 et
1613 2363 1788 2418 reiicit
1815 2362 2054 2414 animam
2087 2369 2334 2414 nostram

732 2464 938 2517 Christi
980 2476 1204 2529 corpus,
1247 2462 1392 2513 sicut
1428 2457 1587 2525 panis
1631 2455 1847 2524 corpori
1901 2454 2045 2506 idem
2093 2461 2335 2520 pra‘stat.

731 2556 796 2610 Et
827 2555 963 2606 sicut
1005 2552 1311 2618 rcgenerati
1341 2561 1394 2601 et
1422 2547 1689 2612 baptizati
1727 2544 2037 2610 accipimus
2068 2554 2190 2593 esse
2219 2553 2342 2607 gra-

735 2652 820 2703 tiae
847 2663 953 2716 quo
986 2646 1189 2698 desinit
1243 2657 1368 2697 csse
1421 2641 1655 2710 peccati,
1695 2638 1844 2688 uncti
1880 2651 2004 2688 vero
2038 2635 2339 2684 chrismate

735 2747 784 2792 in
816 2736 1410 2810 regeneratiomsdono
1439 2734 1858 2788 continuantur,
1893 2740 1944 2780 et
1978 2728 2179 2795 signati
2208 2741 2340 2779 cen-

735 2836 1007 2888 fortamur
1041 2832 1106 2884 atl
1143 2827 1453 2899 spiritualia
1484 2826 1814 2881 certamina.
1849 2837 1982 2889 qum
2028 2835 2130 2872 nos
2180 2818 2345 2888 Spiri-

736 2929 958 2981 tualiter
1008 2927 1222 2986 genitos
1274 2921 1465 2974 subire
1520 2931 1752 2986 prorsus
1812 2928 2040 2967 necesse
2097 2922 2217 2975 est;
2270 2911 2341 2962 ita

734 3025 902 3073 etiam
937 3019 1284 3070 robustiores
1338 3011 1513 3064 factos
1554 3007 1757 3061 nutriri
1798 3013 2035 3074 oportet,
2092 3015 2144 3056 et
2196 3002 2348 3054 acci-

737 3132 863 3184 pere
889 3108 1359 3181 persevcrantiam
1388 3112 1442 3158 et
1474 3111 1828 3172 augmentum
1871 3100 1922 3151 itt
1951 3098 2139 3150 eadem
2173 3095 2345 3159 gratia

741 3224 834 3277 per
859 3213 1272 3266 sacramentum
1309 3195 1748 3252 communionis.
1785 3191 1856 3246 Ut
1891 3192 2035 3244 enim
2065 3188 2218 3240 calor
2248 3199 2346 3239 na—

2436 1999 2584 2065 ζωῆς
2635 1992 2997 2064 ἐνεργάζεται
3047 1991 3186 2061 ὅπερ
3223 1988 3560 2057 σωματικῶς
3608 1986 3712 2056 δρᾷ
3745 1985 3808 2037 τὸ
3843 1983 4038 2050 φαινό-

2440 2106 2603 2159 μενον
2627 2086 2827 2139 αὐτοῦ’
2868 2083 3028 2136 τοῦτο
3062 2080 3342 2150 μυστικῶς
3370 2097 3429 2132 τε
3473 2078 3566 2132 καὶ
3597 2076 3850 2147 ἀοράτως
3888 2074 4037 2126 ἔνδον

2437 2182 2620 2235 ἀνύον.
2659 2180 2866 2251 Τρέφει
2923 2177 3036 2246 γὰρ
3085 2175 3178 2228 καὶ
3233 2175 3541 2228 ἀνακτᾶται
3604 2173 3706 2241 τὴν
3758 2169 4041 2240 ἡμετέραν

2437 2273 2618 2342 ψυχὴν
2667 2270 2728 2322 τὸ
2775 2268 2869 2322 τοῦ
2916 2267 3159 2335 Χριστοῦ
3197 2266 3378 2336 σῶμα,
3412 2265 3672 2334 καθάπερ
3703 2263 3732 2314 ό
3763 2260 3930 2329 ἄρτος
3961 2256 4041 2324 τῷ

2443 2366 2656 2435 σώματι
2705 2364 2865 2417 τοῦτο
2911 2363 3229 2433 ἐργάζεται.
3282 2360 3390 2412 Καὶ
3437 2358 3693 2426 καθάπερ
3727 2348 4041 2418 ἀναγεννώ-

2447 2459 2587 2528 μεθα
2649 2458 3068 2528 βαπτιζόμενοι,
3103 2468 3200 2528 καὶ
3245 2456 3305 2506 τὸ
3333 2450 3472 2506 εἶναι
3520 2451 3616 2517 τῆς
3669 2450 3912 2518 χάριτος,
3943 2440 4041 2494 τοῦ

2444 2549 2585 2604 εἶναι
2632 2553 2731 2618 τῆς
2779 2552 3060 2622 ἁμαρτίας
3114 2546 3614 2617 ἀντιλαμϐάνομεν,
3650 2541 3936 2610 χριόμενοι
3987 2535 4044 2586 δὲ

2445 2647 2520 2714 τῖ’)
2556 2646 2716 2714 μύρῳ
2763 2647 2817 2696 ὲν
2862 2645 3016 2717 αὐτῷ
3068 2644 3166 2711 τῆς
3208 2639 3626 2707 ἀναγεννήσεως
3672 2629 4045 2703 βεδῖιιούμεθα

2445 2739 2624 2808 δώρίξλ
2688 2738 2781 2789 καὶ
2838 2737 2975 2805 πρὸς
3000 2737 3130 2797 τοὺς
3178 2731 3595 2803 πνευματικοὺς
3644 2727 3868 2796 ἀγῶνας
3937 2725 4046 2775 ἐνι-

2449 2830 2731 2898 σχυόμεοα
2785 2828 3226 2898 σημειούμενοι,
3283 2826 3375 2889 οὓς
3439 2826 3656 2892 ἀνάγκη
3713 2823 3865 2874 πᾶσα
3917 2819 4046 2877 τοὺς

2452 2923 2843 2993 πνευματικῶς
2893 2925 3275 3010 γενηυμένους
3314 2918 3705 2988 ·ὑπέρχεσθαι,
3768 2913 3912 2967 οὕτω
3968 2912 4050 2964 δεῖ

2453 3019 2545 3067 καὶ
2579 3013 2884 3085 τρέφεσθαι
2923 3006 3373 3083 δυνᾶμωθέντας,
3401 3011 3503 3064 καὶ
3534 3011 3635 3076 τὴν
3663 3010 3720 3060 ὲν
3761 3011 3828 3077 τῇ
3863 3006 4047 3077 χάριτι

2451 3105 2753 3174 λαμϐάνειν
2781 3105 3046 3174 διαμονὴν
3080 3105 3174 3157 καὶ
3210 3105 3475 3163 ἐπίδοσιν,
3513 3102 3590 3171 τῷ
3627 3100 3917 3170 μυστηρίῳ
3947 3097 4046 3166 τῆς

2460 3198 2840 3267 μεταλήψεως.
2871 3197 3085 3266 Ὥσπερ
3140 3199 3249 3267 γὰρ
3305 3200 3336 3266 ἡ
3393 3196 3597 3264 φυσικὴ
3647 3194 3743 3246 τοῦ
3797 3191 4052 3261 σώματος

744 3297 930 3351 turalis
973 3293 1224 3362 corporis
1252 3295 1604 3345 consumeret
1633 3285 1923 3339 humidum
1973 3281 2222 3352 ejusdem
2261 3280 2343 3332 in-
2375 3275 2420 3336 C
2455 3290 2506 3341 οέ

2286 3295 2343 3332 ΙΙ·
2375 3275 2420 3336 C
2455 3290 2634 3358 θέρμη
2669 3287 2937 3342 ἀναλώσει
2991 3288 3060 3340 ἂν
3090 3290 3191 3359 τὴν
3230 3289 3476 3358 ἔμφυτον
3512 3285 3792 3356 ὑγρότητα
3826 3281 4048 3344 τούτου,

743 3398 953 3446 natum,
984 3385 1085 3437 nisi
1115 3383 1507 3436 alimentorum
1549 3375 1870 3432 accessione
1924 3373 2071 3427 facta
2126 3380 2349 3425 susten-

744 3491 986 3542 tal'clttt',
1047 3487 1100 3530 et
1173 3475 1381 3528 idcirco
1435 3473 1561 3527 cibo
1614 3479 1667 3524 et
1740 3478 1870 3539 potu
1941 3476 2352 3520 conservantur

743 3576 949 3643 optimc
980 3571 1167 3623 vitalia
1202 3567 1460 3628 interius,
1513 3563 1718 3634 quibus
1750 3571 1947 3616 natura
1996 3567 2182 3613 nostra
2218 3572 2353 3610 con-

741 3668 910 3729 sis:it,
939 3672 1198 3730 corrupta
1227 3663 1412 3714 calore
1442 3667 1776 3727 reparantur
1823 3663 1878 3708 et
1919 3661 2347 3711 conservantur,

739 3773 792 3814 et
825 3757 1165 3827 impossibile
1196 3763 1273 3807 est
1326 3754 1483 3806 aliter
1536 3752 1832 3804 humanam
1868 3746 2038 3798 vitam
2074 3742 2352 3810 qualiter-

741 3867 957 3921 cunque
999 3846 1300 3905 sustentari
1344 3863 1357 3900 :
1407 3846 1478 3898 ita
1538 3852 1592 3899 et
1643 3841 1864 3896 malitiae
1916 3841 2066 3892 calor
2119 3837 2352 3890 interius

743 3950 987 4003 animam
1046 3944 1376 4013 depasceus,
1425 3939 1758 4010 pietatisque
1827 3937 2030 4010 bonam
2066 3929 2349 3986 habitudi-

742 4057 863 4095 nem
934 4039 1265 4099 emaci-aus,
1337 4035 1544 4086 laceret
1598 4045 1718 4084 eam
1813 4019 2041 4080 omnino
2095 4021 2352 4084 deficere,

741 4135 843 4187 nisi
877 4132 1063 4185 anima
1105 4131 1250 4182 hunc
1284 4124 1636 4196 spiritualem
1669 4123 1852 4174 cibum
1914 4119 2214 4186 acciperet,
2252 4115 2351 4167 ob-

742 4227 1035 4279 sistcntcm
1086 4222 1136 4275 vi
1176 4218 1511 4289 corruptrit-i
1558 4215 1803 4277 malitiae,
1848 4223 1902 4264 et
1935 4211 1988 4263 in
2021 4208 2183 4262 nobis
2208 4207 2354 4262 dona

741 4318 1055 4389 spiritualia
1078 4314 1504 4369 confirmantem
1539 4319 1594 4363 et
1623 4316 1900 4375 agentem.

815 4500 1035 4568 Corpus
1086 4503 1274 4550 autent
1333 4491 1544 4548 Christi
1602 4486 1857 4558 corporis
1892 4485 2107 4538 ratione
2134 4490 2219 4537 est
2251 4498 2354 4535 nu-

744 4597 939 4658 triens,
994 4594 1214 4646 ratione
1272 4602 1404 4643 rero
1455 4585 1715 4655 puritatis
1754 4597 1850 4652 per
1909 4581 2171 4634 unionem
2228 4591 2354 4632 cum

743 4690 931 4744 divina
964 4698 1162 4742 natura
1198 4684 1504 4754 puriﬁcans
1542 4689 1596 4733 et
1659 4676 2040 4739 sanctiﬁcans,
2070 4671 2351 4729 sttﬂicien-

748 4798 830 4838 ter
886 4783 1052 4837 nobis
1098 4777 1391 4847 spirituale
1449 4775 1658 4845 praebet
1688 4772 2056 4826 Olimcntunt.
2117 4769 2190 4822 Ita
2231 4782 2364 4821 vero

747 4871 1012 4940 praeclare
1081 4868 1363 4926 nutritas.
1428 4866 1493 4916 ad
1561 4863 1911 4930 Spiritualem
1951 4860 2246 4929 puritatem
2308 4868 2365 4911 et

749 4966 1049 5019 sanitatem
1085 4962 1316 5025 reducit,
1360 4974 1469 5028 qua
1510 4958 1641 5011 olint
1676 4971 1777 5010 nos
1829 4954 1983 5008 vetiti
2028 4953 2239 5008 fructus
2272 4967 2365 5006 co.

753 5061 950 5113 mestio
982 5058 1279 5127 dejcccrat.
1323 5050 1624 5123 Oportebat
1679 5050 1824 5103 enim
1854 5062 1995 5126 nos,
2041 5047 2135 5117 qui
2165 5059 2365 5114 corpo-

760 5168 854 5207 rco
883 5151 1124 5223 quodam
1161 5150 1284 5203 cibo
1321 5147 1702 5201 innocentiam
1740 5152 1795 5197 et
1832 5142 2129 5197 sanitatem
2162 5142 2365 5193 amise-

749 5261 964 5311 ramus,
998 5256 1269 5313 corporeo
1293 5240 1532 5310 quodam
1558 5237 1824 5291 alimento
1849 5235 1995 5288 illam
2025 5243 2364 5293 restaurare,

748 5351 808 5394 ut
865 5341 940 5394 ita
999 5337 1205 5393 similia
1273 5334 1592 5396 similibus,
1631 5340 1685 5385 et
1737 5328 2017 5384 contraria
2068 5325 2366 5382 contrariis

747 5442 1062 5504 opportune
1126 5438 1483 5492 curarentur,
1553 5422 2027 5496 quemadmodum
2093 5422 2200 5477 cibi
2261 5421 2362 5484 illi,

751 5537 987 5597 uterque.
1025 5539 1354 5595 corporeus,
1385 5531 1494 5574 tam
1529 5524 1622 5590 qui
1653 5521 1806 5589 prius
1843 5518 2014 5573 exitio
2041 5517 2164 5580 fuit,
2197 5531 2363 5586 quam

747 5625 848 5694 qui
893 5637 1043 5678 nunc
1069 5622 1234 5678 saluti
1284 5629 1391 5686 est,
1449 5617 1661 5672 sanitas
1704 5624 1761 5672 et
1796 5614 1902 5668 vita
1942 5613 2273 5683 spiritualis,
2312 5611 2366 5665 id

749 5717 900 5787 quod
925 5731 1071 5770 nunc
1104 5714 1301 5779 salvat,
1327 5710 1558 5783 etquod
1594 5709 1724 5765 olim
1757 5709 2030 5777 corrupit.
2069 5705 2173 5761 Sed
2211 5707 2364 5760 illtnn

749 5811 976 5882 quidem
1006 5807 1366 5880 cibum.Deus
1401 5806 1799 5878 prohibuerat,
1835 5803 2004 5858 istum
2039 5817 2174 5857 vero
2219 5815 2367 5855 nunc

747 5918 805 5963 et
841 5905 1104 5976 usurpari
1137 5901 1390 5976 praecipit
1450 5910 1501 5957 et
1536 5898 1922 5957 subministrat
1953 5914 1964 5949 :
2001 5895 2151 5950 illum
2189 5895 2365 5949 malus

2461 3384 2536 3452 μὴ
2567 3384 2684 3442 ταῖς
2712 3380 2821 3433 ἀπὸ
2846 3381 2954 3433 τῶν
2997 3382 3219 3450 τροφῶν
3259 3379 3601 3449 προσθήκαι;
3645 3375 4052 3448 βοηθουμένην,

2459 3476 2554 3528 καὶ
2601 3474 2693 3527 διὰ
2726 3472 2885 3526 τοῦτο
2921 3476 2986 3542 τῇ
3028 3476 3206 3544 τροφῇ
3241 3475 3334 3527 καὶ
3363 3473 3440 3543 τῷ
3476 3472 3685 3542 πόματι
3720 3469 4056 3539 φυλάττεται

2459 3573 2559 3638 μὲν
2613 3571 2679 3622 τὰ
2731 3568 3077 3620 συνιστῶντα
3130 3569 3229 3638 τὴν
3261 3567 3426 3635 φύσιν
3477 3566 3626 3619 ἔνδον
3683 3565 3890 3628 καλῶς,
3929 3565 4059 3616 ἀνα-

2458 3657 2764 3731 πληροῦται
2794 3660 2851 3713 δέ
2889 3663 2956 3712 τὰ
2983 3661 3263 3730 φθαρέντα
3291 3665 3356 3731 τῇ
3393 3661 3598 3732 θέρμῃ,
3631 3660 3725 3712 καὶ
3774 3657 4058 3721 ἁνασώζεὲ

2456 3773 2584 3817 ται,
2643 3756 2736 3806 καὶ
2790 3753 3054 3808 ἀδύνατόν
3106 3755 3256 3807 ἐστιν
3310 3756 3487 3817 ἄλλως
3542 3755 3641 3825 τὴν
3702 3753 4058 3824 ἀνθρωπίνην

2459 3847 2628 3918 ζωὴν,
2671 3847 2778 3900 οὐδ’
2808 3848 2894 3914 ἐφ’
2948 3846 3174 3900 όσονοῦν
3223 3847 3552 3918 διαρκέσαι·
3589 3845 3762 3908 οὕτως
3809 3848 3841 3915 ἡ
3877 3846 4058 3917 θέρμη

2459 3941 2725 4013 πονηρίας
2756 3941 2973 3995 ἔνδοθεν
3006 3941 3105 4012 τὴν
3134 3940 3316 4010 ψυχὴν
3350 3943 3797 4010 κατατρώγουσα
3840 3942 3918 4012 τῷ
3962 3942 4060 4011 τὴν

2459 4035 2693 4105 πιότητα
2721 4037 2818 4099 τῇς
2851 4034 3138 4096 εὐλαϐείας
3173 4035 3476 4104 ξηραίνειν,
3503 4037 3762 4106 ἐποίησεν
3792 4035 3860 4088 ἂν
3887 4034 4059 4104 αὐτὴν

2459 4129 2811 4180 παντάπασιν
2844 4126 3112 4190 ἐκλιπεῖν,
3146 4130 3193 4179 εί
3222 4129 3299 4196 μὴ
3323 4128 3420 4197 τὴν
3445 4130 3828 4197 πνευματικὴν
3853 4131 4058 4196 ταύτην

2466 4221 2499 4290 ἡ
2540 4219 2688 4290 ψυχὴ
2730 4221 2941 4289 τροφὴν
3000 4220 3484 4290 προσελάμωνεν,
3522 4221 4061 4291 ἀντικαθισταμένην

2459 4316 2526 4382 τῇ
2555 4312 2834 4382 φθαρτικῇ
2867 4312 3095 4381 δυνάμει
3148 4313 3247 4382 τῆς
3278 4314 3572 4382 πονηρίας,
3598 4315 3693 4366 καὶ
3718 4314 4060 4367 συνιστῶσαν

2460 4407 2516 4457 ἐν
2550 4406 2683 4475 ἡμῖν
2710 4404 2780 4457 τὰ
2804 4407 3159 4475 πνευματικὰ
3179 4404 3275 4458 τοῦ
3298 4405 3434 4459 Θεοῦ
3458 4406 3633 4476 δῶρα,
3659 4407 3751 4459 καὶ
3769 4407 4063 4474 αὔξουσαν.

2534 4499 2607 4550 Τὸ
2639 4497 2696 4550 δὲ
2751 4497 2846 4549 τοῦ
2877 4499 3119 4568 Χριστοῦ
3175 4499 3336 4568 σῶμα
3366 4499 3445 4569 τῷ
3499 4499 3600 4569 μὲν
3645 4500 3790 4572 λόγῳ
3835 4501 3930 4555 τοῦ
3963 4504 4067 4556 σώ-

2388 4630 2438 4690 D
2472 4608 2642 4690 ματος
2687 4591 2916 4690 τρέφον,
2969 4592 3047 4661 τῷ
3093 4591 3152 4644 δὲ
3201 4593 3301 4661 τῆς
3351 4592 3732 4664 καθαρότητος
3792 4594 3939 4665 λόγῳ
4001 4599 4067 4665 τῇ

2469 4686 2606 4754 πρὸς
2646 4684 2748 4756 τὴν
2789 4685 2944 4738 θείαν
2987 4686 3152 4754 φύσιν
3205 4686 3400 4740 ἑνώσει
3448 4687 3714 4758 καθαῖρον
3759 4691 3855 4744 καὶ
3907 4691 4069 4759 ἁγιά-

2470 4781 2583 4844 ζον,
2639 4781 2958 4850 ἀρκούντως
3006 4783 3141 4849 ἡμῖν
3186 4781 3289 4851 τὴν
3340 4781 3722 4853 πνευματικὴν
3771 4785 4070 4854 παρέχεται

2468 4873 2686 4944 τέρψιν.
2715 4874 3054 4942 Τρεφόμενοι
3090 4873 3147 4927 δὲ
3177 4873 3322 4927 οὕτω
3358 4874 3540 4938 καλῶς
3593 4875 3732 4943 προς
3774 4877 3874 4946 τὴν
3910 4894 4068 4929 πνευ-

2471 4968 2711 5038 ματικὴν
2764 4967 3120 5037 καθαρότητα
3175 4968 3269 5021 καὶ
3319 4969 3512 5037 ὑγείαν
3553 4969 3969 5039 ἐπαναγόμεθα,
4006 4966 4071 5041 ἧς

2468 5062 2616 5130 ἠμᾶ;
2657 5059 2756 5128 τῆς
2794 5060 3189 5132 κεκωλυμένης
3245 5060 3453 5132 βρῶσις
3497 5063 3695 5126 ἐξέωσε
3741 5065 3888 5118 τότε.
3920 5065 4075 5118 Ἔδει

2469 5155 2580 5224 γάρ
2637 5155 2786 5226 ἡμᾶς
2824 5157 3115 5224 σωματικῇ
3158 5173 3265 5209 τινι
3301 5156 3507 5225 βρώσει
3546 5159 3645 5226 τὴν
3698 5158 4076 5226 ἀκεραιότητα

2473 5253 2565 5301 καὶ
2629 5250 2728 5318 τὴν
2789 5249 2977 5316 ὑγείαν
3031 5249 3248 5318 ἐκείνην
3312 5250 3714 5314 ἀποϐαλόντας,
3783 5238 4072 5320 σωματικῇ

2470 5357 2578 5391 τινι
2618 5341 2781 5392 πάλιν
2831 5343 3010 5410 τροφῇ
3062 5343 3200 5409 πρὸς
3235 5342 3455 5412 ἐκείνην
3499 5341 3847 5408 ἐπανελθεῖν,
3881 5343 4076 5397 καὶτὰ

2476 5433 2574 5502 μὲν
2605 5433 2770 5501 ὅμοια
2802 5435 2912 5497 τοῖς
2947 5435 3158 5504 ὁμοίοις
3181 5436 3593 5506 θεραπευθῆναι
3619 5436 3827 5500 καλῶς,
3865 5438 3975 5499 τοῖς
4018 5436 4075 5488 δὲ

2474 5528 2737 5590 ἐναντίοις
2779 5528 2847 5579 τὰ
2900 5530 3143 5595 ἐναντία,
3179 5525 3294 5582 οἷον
3346 5530 3584 5600 βρώσεις
3627 5530 3728 5600 μὲν
3757 5531 3928 5603 ἄμφω
3972 5549 4077 5584 σω-

2476 5624 2725 5690 ματικαὶ,
2763 5623 2796 5692 ἦ
2833 5639 2890 5675 τε
2919 5623 3289 5694 διαφθείρασα
3322 5625 3419 5692 τὴν
3443 5623 3644 5696 ἀρχὴν,
3674 5625 3707 5695 ἦ
3737 5642 3798 5678 τε
3826 5624 4078 5691 σώζουσα

2473 5714 2591 5778 νῦν,
2631 5716 2725 5768 καὶ
2765 5715 2924 5783 ὑγεία
2970 5719 3065 5769 καὶ
3119 5719 3472 5788 πνευματικὴ
3525 5719 3661 5790 ζωὴ,
3702 5720 3763 5773 τό
3805 5737 3864 5772 τε
3907 5720 4079 5784 σωζό-

2475 5826 2660 5880 μενον,
2705 5811 2766 5863 τὸ
2801 5827 2861 5863 τε
2909 5811 3297 5882 φθειρόμενον.
3342 5813 3482 5866 Ἀλλ’
3529 5816 3750 5885 ἐκείνην
3796 5817 3896 5886 μὲν
3943 5816 4080 5867 ἀπέ-

2472 5920 2679 5973 τρεπεν
2713 5905 2740 5955 ό
2781 5903 2938 5970 Θεὸς,
2965 5906 3172 5978 ταύτην
3214 5907 3266 5960 δὲ
3300 5907 3397 5962 νῦν
3438 5910 3728 5984 ἐπιτρέπει
3785 5912 3876 5964 καὶ
3913 5923 4080 5981 χορη-
