4462 6450
711 372 816 434 359

1786 376 2172 437 GENNADll
2215 377 2322 436 (ΣΡ.
2362 376 2880 436 ΡΛἸἮΙΑΒΟΠἈΕ

3897 365 4004 433 360

715 506 858 553 rum,
888 502 938 544 et
964 506 1234 545 caecorum
1264 492 1453 545 oculos
1483 491 1680 560 aperit.
1720 492 1777 546 ιιι
1818 495 2020 548 talibus
2056 494 2302 546 miraru-
2335 498 2378 556 Α
2410 513 2474 545 τυ

2241 510 2302 545 u-
2335 498 2378 556 Α
2410 495 2651 560 τυφλῶν.
2696 494 2840 544 Ἀλλ’
2883 495 2942 545 ἑν
2985 495 3096 551 τοῖς
3138 490 3407 551 τοιούτοις
3455 488 3717 556 ἐμϐάλλει
3759 487 3859 555 μὲν
3902 486 4003 555 τὴν

715 587 781 638 lis
811 584 1055 637 excludit
1084 583 1308 651 quidem
1344 592 1556 636 natura:
1584 584 1860 648 ordinent,
1903 601 2009 638 non
2034 594 2304 653 quantum

712 676 779 728 ad
820 689 882 727 ea
912 689 1033 743 qua:
1067 673 1224 736 ﬁunt,
1262 673 1354 729 sed
1398 683 1669 742 quantum
1703 676 1769 728 ad
1800 676 1852 729 id
1906 678 1958 730 in
1991 692 2103 745 quo
2145 678 2303 736 ﬁunt,

713 781 910 834 nempe
932 774 1198 834 quantum
1231 763 1297 816 ad
1326 763 1664 832 subjectum.
1704 764 1886 820 Efﬁcit
1921 769 2068 820 enim
2103 777 2157 821 et
2184 769 2299 836 ipsa

715 873 909 913 natura
943 859 1131 920 vitam,
1167 859 1261 912 sed
1320 872 1427 910 non
1480 859 1532 911 in
1574 866 1794 911 mortuo
1820 900 1833 921 ,
1875 869 1926 913 et
1957 859 2051 912 dat
2100 862 2303 924 visunt,

714 955 806 1006 sed
851 965 956 1004 non
996 951 1043 1002 ei
1087 952 1195 1018 ‘qui
1256 949 1422 1003 semel
1459 949 1636 1002 oculis
1680 949 1908 1003 orbatus
1941 960 2044 1003 est.
2099 952 2304 1006 Iterum

713 1044 860 1096 sistit
894 1043 1063 1096 solem
1104 1057 1199 1110 per
1234 1039 1424 1094 Jesum
1455 1040 1630 1095 ﬁlium
1672 1039 1844 1105 Nave,
1888 1052 1941 1095 et
1978 1056 2180 1111 corpus
2209 1044 2307 1095 Itu-

716 1151 936 1187 tnanum
996 1151 1090 1202 per
1150 1134 1390 1202 seipsum
1447 1133 1751 1204 glorilicat;
1792 1150 1991 1201 corpus
2027 1149 2122 1202 per
2158 1133 2305 1189 aliud

715 1243 914 1294 corpus
955 1233 1302 1280 transmeare
1357 1225 1506 1287 facit,
1564 1240 1688 1295 qttae
1754 1226 1975 1294 quidem
2035 1229 2178 1280 inter
2212 1228 2307 1283 Dei

716 1319 977 1372 miracula
1011 1320 1310 1371 maximum
1350 1328 1404 1371 et
1471 1319 1813 1388 praecipuum
1856 1319 2036 1371 locum
2080 1320 2302 1385 habent,

714 1409 849 1461 adeo
911 1416 967 1460 ut
1007 1408 1156 1460 nullo
1219 1409 1441 1459 modoa
1503 1415 1701 1459 natura
1767 1407 1996 1475 produci
2051 1411 2304 1475 possint:

715 1501 807 1554 sed
849 1503 961 1553 haec
987 1501 1152 1552 etiam
1181 1509 1404 1567 sulierat
1439 1498 1784 1568 propositum
1813 1501 2162 1552 miraculum.
2192 1501 2309 1554 Illic

713 1591 858 1642 enim
896 1589 1248 1643 solummodo
1296 1591 1466 1642 solem
1502 1591 1679 1652 sistit,
1716 1590 1810 1643 sed
1859 1606 1964 1642 non
1991 1593 2156 1643 simul
2191 1608 2304 1644 uto-

714 1685 826 1735 veri
853 1698 1071 1751 quoque
1140 1698 1264 1734 eum
1328 1683 1483 1745 iacit,
1543 1697 1720 1750 neque
1749 1682 1911 1736 simul
1949 1699 2070 1736 esse
2111 1694 2163 1736 ct
2196 1700 2303 1736 non

711 1786 864 1836 esse;
900 1773 986 1825 hic
1006 1787 1133 1825 vero
1155 1772 1281 1825 facit
1299 1772 1517 1840 quidem
1545 1787 1760 1840 pineta,
1781 1772 1874 1825 sed
1897 1782 1947 1825 ct
1971 1788 2167 1840 corpus
2184 1773 2306 1828 abs-

2409 585 2510 652 τῆς
2537 585 2754 650 φύσεως
2781 583 2958 648 τάξιν,
2985 582 3101 634 ἀλλ’
3132 583 3231 649 οὐχ
3261 584 3387 633 ὅσον
3419 579 3558 647 πρὸς
3588 578 3657 630 τά
3701 577 3991 644 γινόμενα,

2408 676 2533 726 ὅσον
2574 672 2628 725 δὲ
2673 672 2811 740 πρὸς
2843 673 2904 724 τὸ
2943 672 3003 722 ὲν
3044 665 3088 738 ᾧ
3120 670 3298 723 ταῦτα
3330 670 3545 736 γίνεται
3585 668 3723 736 πρὸς
3767 667 3829 719 τὸ
3871 669 4004 718 ὐπο-

2409 765 2663 832 κείμενον
2697 762 2922 832 δηλαδή.
2953 763 3108 814 Ποιεῖ
3132 762 3243 829 γάρ
3275 762 3371 813 καὶ
3404 762 3438 829 ἡ
3471 760 3634 828 φύσις
3660 758 3799 825 αὑτὴ
3832 756 3998 822 ζωὴν.

2409 857 2528 909 ἀλλ’
2555 856 2653 907 οὐκ
2692 857 2748 906 ὲν
2777 854 2862 922 τῷ
2886 853 3088 924 νεκρῷ,
3123 854 3218 906 καὶ
3245 851 3463 904 δίδωσιν
3489 850 3635 919 δψιν,
3675 847 3792 900 ἀλλ’
3831 848 3892 898 οὐ
3925 846 4003 913 τῷ

2410 949 2669 1012 καθάπαξ
2749 949 3140 1018 πεπηρωμένῳ
3226 945 3353 1006 τοὺς
3418 943 3757 1012 ὀφθαλμούς.
3832 941 4002 994 Πάλιν

2410 1043 2626 1108 ἵστησιν
2657 1042 2807 1111 ἥλιον
2842 1041 2928 1092 διὰ
2982 1038 3159 1106 Ίησοῦ
3192 1035 3288 1091 τοῦ
3340 1036 3499 1104 Ναυῆ
3526 1051 3538 1064 ·
3575 1035 3758 1088 καὶτὸ
3789 1032 4003 1100 ἀνθρώ-

2411 1152 2566 1187 πινον
2630 1135 2794 1202 σῶμα
2847 1131 3062 1196 δοξάζει
3117 1131 3186 1183 δι’
3249 1128 3470 1194 ἑαυτοῦ,
3527 1127 3624 1180 καὶ⁸
3687 1126 3850 1191 σῶμα
3915 1125 4006 1177 διά

2414 1229 2666 1296 σώματος
2717 1225 2910 1279 διιέναι
2940 1227 3108 1288 ποιεῖ,
3153 1224 3189 1277 ὃ.
3226 1225 3290 1292 δὴ
3331 1224 3432 1290 τὴν
3470 1222 3741 1292 μεγίστην
3786 1221 3844 1271 ὲν
3889 1221 4003 1280 τοῖς

2411 1320 2506 1373 τοῦ
2557 1320 2694 1372 Θεοῦ
2741 1318 3069 1387 Θαυμασίοις
3119 1317 3276 1382 τάξιν
3319 1315 3634 1382 ἐπέχουσιν,
3689 1313 3766 1373 ὼς
3811 1310 4002 1363 οὐδένα

2411 1415 2611 1483 τρόπον
2646 1415 2748 1465 ὑπὸ
2791 1413 2889 1480 τῆς
2941 1411 3158 1477 φύσεως
3187 1409 3462 1475 δυνάμενα
3522 1404 3790 1471 γίνεσθαι.
3840 1402 4002 1453 Ἀλλά

2414 1505 2763 1558 καὶτούτων
2823 1504 3150 1569 ὑπέρκειται
3217 1502 3279 1552 τὸ
3347 1499 3717 1566 προκείμενον
3790 1493 3998 1560 θαῦμα.

2416 1599 2626 1664 Ἴστησι
2677 1596 2786 1666 γάρ
2848 1594 3011 1661 μόνον
3068 1594 3185 1643 ἐκεῖ
3221 1592 3314 1643 τὸν
3369 1591 3544 1657 ἣλιον,
3577 1588 3691 1640 ἀλλ’
3739 1587 3837 1654 οὐχ
3887 1585 4004 1652 ἃμα

2414 1694 2508 1745 καὶ
2557 1690 2826 1742 κινεῖσθαι
2879 1688 2972 1739 τὸν
3017 1688 3179 1740 αὐτὸν
3215 1686 3381 1745 ποιεῖ,
3419 1682 3526 1734 οὐδ’
3568 1683 3684 1748 ἅμα
3731 1675 3871 1730 εἷναί
3919 1695 4002 1737 τε,

2413 1783 2510 1835 καὶ
2562 1781 2636 1850 μὴ
2661 1777 2820 1834 εἶναι.
2867 1777 3131 1832 Ἐνταῦθα
3173 1777 3230 1829 δὲ
3267 1776 3411 1827 ποιεῖ
3463 1774 3563 1840 μὲν
3598 1773 3758 1839 σῶμα
3787 1772 3877 1822 τὸν
3908 1770 4007 1837 ἄρ-

712 1878 816 1928 quc
862 1861 1322 1913 convenientibus
1347 1860 1448 1928 ipsi
1471 1861 1876 1924 accidentibus,
1900 1870 1952 1914 et
1978 1863 2136 1930 panis
2156 1863 2299 1916 acci-
2335 1856 2381 1914 Β
2409 1889 2469 1924 το

2243 1863 2299 1916 εἰ·
2335 1856 2381 1914 Β
2409 1889 2521 1934 τον,
2556 1872 2693 1924 ἀλλά
2746 1871 2838 1923 καὶ
2889 1870 2948 1922 τὸ
2984 1869 3144 1930 σῶμα
3210 1869 3379 1937 χωρὶς
3419 1867 3527 1918 τῶν
3564 1864 3716 1932 αὑτῷ
3765 1861 4005 1930 πρεπόν-

711 1953 900 2004 dentia
927 1951 1139 2019 absque
1179 1951 1540 2004 conveniente
1587 1951 1719 2018 ipsrs
1736 1951 2045 2004 substantia
2079 1967 2303 2006 conser-

717 2051 828 2104 vat,
859 2052 911 2094 et
938 2042 1304 2095 substantiam
1344 2041 1467 2093 aliis
1509 2040 1889 2094 accidentibus
1931 2045 2301 2110 congenitam,

712 2132 1000 2200 conjungil
1043 2148 1162 2186 cum
1192 2132 1573 2186 accidentibus
1611 2132 1770 2185 alteri
1797 2134 2125 2188 substantiae
2176 2151 2306 2189 con—

711 2227 1059 2295 gruentibus.
1093 2223 1134 2276 Ο
1157 2224 1452 2277 niaximum
1472 2224 1796 2277 miraculum
1817 2227 2032 2280 etontni
2054 2244 2307 2283 sermone

712 2317 1009 2386 superius!
1052 2319 1246 2369 iterum
1309 2317 1514 2370 dicam.
1580 2316 1685 2369 Sed
1723 2319 1953 2370 alterum
2003 2322 2147 2387 quod
2181 2322 2308 2376 huic

711 2425 1048 2478 comparem,
1119 2410 1447 2462 miraculum
1509 2410 1729 2476 habeo,
1789 2412 1933 2480 quod
2009 2413 2305 2467 humanam

714 2513 964 2553 naturam
997 2501 1142 2554 Deus
1171 2501 1370 2552 divin-.e
1401 2516 1650 2569 personre
1684 2502 1995 2570 conjunxit,
2031 2519 2138 2556 non
2167 2507 2309 2558 sicut

711 2596 908 2647 anima:
983 2609 1182 2662 corpus
1247 2595 1555 2663 conjungit,
1611 2604 1845 2662 utroque
1901 2597 2129 2650 seorsim
2186 2613 2309 2665 pro-

713 2691 888 2755 prium
937 2703 1134 2740 nomen
1177 2687 1468 2740 retinente.
1532 2687 1722 2755 Neque
1779 2689 1925 2741 enim
1963 2690 2144 2742 anima
2180 2705 2308 2743 cor—

711 2798 834 2848 pus,
865 2791 958 2834 aut
986 2797 1190 2850 corpus
1227 2781 1408 2833 anima
1455 2781 1693 2844 dicitur,
1735 2783 1826 2835 sed
1861 2782 1934 2833 ita
1985 2782 2102 2834 uuit
2129 2782 2307 2851 (natu-

711 2889 797 2928 ras
823 2872 984 2941 duas)
1019 2872 1406 2941 personaliter,
1459 2886 1516 2925 ut
1554 2872 1698 2926 Deus
1733 2874 1897 2925 homo
1927 2875 1996 2926 sit
2021 2917 2034 2937 ,
2061 2884 2112 2926 et
2147 2876 2309 2927 homo

711 2970 871 3022 Deus.
912 2966 1113 3020 Verum
1151 2968 1256 3020 isto
1311 2965 1623 3019 mirabilius
1659 2976 1710 3019 et
1749 2966 1881 3018 illud
1941 2965 2262 3032 mysterium
2295 2985 2306 3018 :

709 3063 794 3114 hic
825 3061 972 3114 enim
1001 3070 1192 3114 neutra
1223 3062 1275 3113 itt
1315 3061 1540 3113 alteram
1583 3069 1924 3114 tausmutata
1964 3073 2157 3113 natura
2185 3061 2306 3121 fuit.

705 3154 797 3207 sed
831 3155 881 3205 in
912 3153 1116 3206 Christi
1147 3166 1403 3221 persona,
1449 3161 1503 3204 et
1538 3152 1799 3205 divinitas
1840 3162 1893 3204 ct
1926 3152 2166 3205 humana
2214 3168 2308 3206 na-

2413 1985 2520 2018 των
2557 1963 3008 2033 συμϐεϐηκότων,
3040 1964 3137 2015 καὶ
3169 1963 3237 2015 τά
3269 1959 3364 2013 τοῦ
3396 1960 3565 2027 ἄρτου
3602 1955 3994 2024 συμϐεϐηκότι

2413 2057 2581 2124 χωρὶς
2623 2055 2722 2122 τῆς
2770 2053 2953 2113 αὐτοῖς
3014 2053 3335 2119 πρεπούσης
3389 2049 3579 2110 οὐσίας
3625 2045 4006 2114 διαφυλάττει,

2413 2148 2508 2199 καὶ
2577 2147 2768 2197 οὗσίαν
2849 2144 3032 2204 ἄλλοις
3109 2141 3491 2210 συμϐεϐηκόσι
3573 2140 4002 2207 συμπεφυκυῖαν

2416 2234 2676 2286 συνάπτει
2729 2233 2869 2300 μετά
2925 2230 3359 2301 συμϐεϐηκότων
3416 2231 3553 2302 ἄλλῃ
3608 2229 4007 2298 προσηκόντων

2414 2326 2591 2395 οὐσία.
2651 2325 2714 2377 Ὠ
2780 2325 3039 2392 μεγίστου
3095 2323 3396 2393 θαύματος,
3465 2325 3556 2375 καὶ
3619 2323 3797 2375 πάντα
3849 2320 4011 2386 λόγον

2415 2419 2670 2479 νικῶντος
2701 2418 2712 2468 !
2745 2416 2901 2478 αὖθις
2932 2417 3063 2484 ἐρῶ.
3109 2414 3252 2468 Ἀλλ’
3295 2415 3403 2484 ἔχω
3441 2415 3616 2484 τούτῳ
3650 2413 3725 2483 τῷ
3766 2413 4009 2482 θαύματι

2417 2509 2759 2578 παραλαϐεῖν
2794 2509 3006 2580 ἕτερον,
3037 2507 3120 2560 ὅτι
3173 2508 3273 2575 τὴν
3323 2508 3578 2576 ἀνδρείαν
3622 2506 3786 2573 φύσιν
3820 2509 3846 2557 ὁ
3877 2505 4012 2566 θεὸς

2414 2602 2490 2670 τῷ
2523 2603 2655 2668 θείῳ
2707 2601 2911 2670 συνῆψε
2950 2602 3256 2669 προσώπῳ,
3297 2601 3394 2668 οὐχ
3441 2600 3634 2667 ὥσπερ
3670 2602 3733 2666 τῇ
3773 2599 3920 2668 ψυχῇ
3953 2599 4013 2648 τὸ

2417 2696 2576 2762 σῶμα
2627 2700 2911 2759 συνάπτει,
2943 2697 3208 2762 ἐκατέρου
3259 2694 3338 2763 τῷ
3399 2694 3515 2760 ίδίῳ
3569 2693 3731 2762 μόνον
3782 2694 4008 2760 ὀνόματι

2416 2789 2777 2858 καλουμένου.
2811 2786 2948 2840 Οὔτε
2981 2789 3090 2857 γάρ
3119 2790 3150 2856 ἡ
3177 2788 3325 2857 ψυχὴ
3364 2788 3545 2855 σῶμα,
3576 2786 3700 2838 οὗτε
3745 2785 3804 2837 τὸ
3847 2785 4007 2852 σῶμα

2415 2883 2563 2953 ψυχὴ
2600 2885 2816 2950 λέγεται
2845 2902 2856 2913 ·
2899 2884 3014 2935 ἀλλ’
3066 2882 3241 2943 οὕτως
3274 2885 3402 2935 ’ἑνοῖ
3426 2880 3832 2950 ’προσωπικῶ;,
3866 2880 4010 2932 ὥστε

2414 2982 2504 3032 τὸν
2541 2977 2675 3031 Θεὸν
2722 2977 3012 3043 ἄνθρωπον
3072 2973 3234 3035 εἶναι,
3270 2977 3364 3027 καὶ
3401 2975 3533 3027 Θεὸν
3588 2975 3859 3041 ὑπάρχειν
3918 2973 4011 3024 τὸν

2417 3072 2723 3139 ἄνθρωπον.
2773 3070 2934 3122 Ἀλλά
2966 3071 3060 3120 καὶ
3091 3069 3286 3120 τούτου
3319 3068 3769 3136 θαυμαστότερον
3801 3068 3919 3117 ἐστι
3947 3064 4010 3116 τὸ

2420 3167 2743 3234 μυστήριον.
2796 3164 2948 3218 Ἐκεῖ
2991 3164 3088 3233 μὲν
3116 3165 3222 3231 γάρ
3252 3162 3512 3231 οὐδετέρα
3549 3161 3683 3229 πρὸς
3729 3160 3829 3226 τὴν
3887 3157 4009 3209 ἐτέ-

706 3259 826 3298 tura
875 3244 1166 3299 inconfuse
1207 3244 1583 3312 reperiuntur.
1639 3245 1754 3298 Illic
1803 3259 1930 3298 Vero
1959 3255 2211 3298 creatura
2252 3247 2303 3300 in
2334 3231 2377 3288 ο

2252 3247 2303 3300 itt
2334 3231 2377 3288 θ
2420 3231 2516 3325 ραν
2553 3231 2959 3326 μεταόἐὸληται
2992 3231 3168 3322 ἠφύσιν
3194 3269 3207 3284 ·
3247 3252 3363 3305 ἀλλ’
3415 3254 3472 3303 ἐν
3522 3251 3598 3320 τῷ
3639 3250 3731 3302 τοῦ
3767 3247 4007 3318 Χριστοῦ

701 3343 1019 3395 Creatorem
1079 3340 1516 3393 transformatur
1592 3340 1867 3392 mediante
1925 3354 2193 3407 corpore,
2253 3349 2307 3394 et

705 3434 1093 3501 przeersistens
1144 3433 1299 3501 panis
1331 3431 1640 3486 substantia
1689 3445 1890 3498 corpus
1946 3430 2038 3484 Dei
2068 3432 2145 3494 ﬁt,
2178 3433 2305 3483 dum

700 3541 902 3596 corpus
932 3525 1141 3580 Christi
1194 3525 1455 3580 efﬁcitur.
1510 3523 1805 3576 Maximum
1844 3523 2063 3591 quidem
2116 3539 2304 3576 revera

700 3620 946 3672 omnium
1008 3619 1101 3672 Dei
1159 3617 1497 3671 mirabilium
1559 3626 1642 3670 est
1682 3631 1745 3668 ex
1811 3616 1895 3669 his
1961 3627 2305 3683 argumentis

702 3713 858 3781 panis
906 3712 959 3765 iu
1026 3725 1229 3780 corpus
1301 3709 1651 3763 Dominicunt
1715 3707 2303 3771 Transsubstautiatio,

700 3804 794 3858 sed
875 3819 1000 3870 quae
1062 3811 1393 3871 potestatem
1459 3800 1705 3854 divinam
1762 3800 2134 3854 consideranti
2198 3815 2303 3853 non

699 3894 1061 3966 impossibilis
1103 3894 1478 3962 iiudicabitur.
1545 3891 1730 3961 Neque
1790 3892 1937 3946 enim
1987 3892 2306 3947 exisliutare

695 3998 910 4059 oportet
964 4001 1163 4058 praeter
1196 3988 1506 4043 naturalem
1577 4002 1761 4042 rerum
1821 3988 2073 4041 ordinem
2120 3985 2303 4039 facere

699 4085 834 4137 nihil
875 4098 1034 4153 posse
1067 4083 1260 4142 Deum.
1299 4082 1385 4135 cui
1419 4092 1473 4136 et
1506 4091 1703 4134 natura
1737 4091 1793 4134 et
1821 4080 1958 4134 Ordo
1989 4080 2304 4148 subjiciun-

696 4190 783 4230 tur
831 4192 847 4230 :
904 4175 1073 4228 multo
1133 4176 1310 4245 magis
1382 4189 1504 4229 cum
1559 4182 1613 4227 et
1674 4175 1850 4243 ipsam
1914 4184 2166 4227 naturam
2226 4173 2301 4226 vi-

692 4274 823 4322 dere
853 4269 1014 4322 liceat
1035 4282 1166 4320 suos
1192 4266 1464 4318 terminos
1499 4266 1797 4334 aliquando
1844 4265 2322 4341 praetergrediens

694 4373 823 4415 tem.
867 4359 1057 4428 Neque
1122 4369 1341 4428 oportet
1394 4360 1791 4412 miraculorum
1848 4360 2096 4428 quwdam
2139 4360 2299 4427 quasi

693 4457 871 4510 facilia
903 4464 955 4507 ct
982 4454 1140 4507 obvia
1179 4453 1289 4507 Deo
1335 4455 1675 4514 concedere,
1713 4451 1780 4505 ad
1827 4453 2034 4518 majora
2078 4467 2207 4504 vero
2244 4461 2301 4505 et

691 4549 1005 4602 tiil'ﬁciliora
1054 4545 1442 4615 impotentiam
1481 4546 1761 4598 ascribere
1793 4544 1840 4598 ei
1896 4545 1988 4613 qui
2026 4544 2296 4597 inﬁnitam

690 4649 1015 4708 potestatum
1058 4641 1243 4699 habet,
1310 4651 1410 4690 nec
1467 4635 1588 4688 aliis
1619 4651 1786 4703 quam
1848 4634 2149 4688 voluntatis
2185 4651 2297 4690 suae

689 4734 940 4786 terminis
978 4730 1486 4796 circumscriptam.
1534 4725 1588 4779 Si
1623 4728 1770 4779 enim
1803 4735 2016 4779 naturae
2047 4727 2299 4778 ordinem

689 4825 1371 4893 transgrediturtanquam
1401 4820 1935 4889 superioromnibus
1983 4834 2174 4881 causa,
2224 4835 2307 4872 5c-

686 4920 934 4971 cundum
963 4915 1338 4983 subjectortun
1385 4915 1782 4971 diversitatem,
1811 4927 1911 4964 cur
1934 4928 2040 4963 non
2060 4919 2112 4964 et
2135 4912 2184 4963 in
2216 4927 2308 4965 ea-

687 5013 810 5065 dem
839 5027 896 5065 re
919 5013 1194 5075 eumdem,
1223 5008 1267 5062 si
1295 5007 1544 5069 voluerit,
1571 5007 1818 5059 ordinem
1845 5006 2307 5070 trausgrcdietur‘?

690 5104 743 5153 Si
767 5117 929 5170 porro
945 5115 1051 5153 non
1076 5102 1243 5152 servit
1262 5099 1443 5152 ordini
1461 5105 1671 5150 natura:
1690 5096 1780 5163 qui
1800 5097 2049 5150 conditor
2067 5096 2186 5162 ejus
2200 5107 2305 5158 est,

683 5212 786 5249 cur
821 5210 928 5245 non
965 5203 1018 5246 et
1053 5203 1302 5245 naturam
1336 5192 1506 5260 ipsam
1560 5189 1954 5243 transmutahit
1984 5192 2129 5243 sicut
2188 5190 2305 5256 ipse

689 5287 960 5340 voluerit?
997 5284 1061 5341 Ut
1092 5288 1238 5337 enim
1275 5295 1477 5338 creata:
1529 5283 1689 5336 alicui
1722 5283 1979 5352 potentia:
2013 5283 2302 5345 miracula,

686 5384 854 5435 etiam
892 5381 983 5433 illa
1017 5379 1288 5449 postremi
1318 5378 1558 5447 generis,
1600 5379 1826 5432 omnino
1879 5371 2008 5430 sunt
2050 5377 2321 5445 impossi-'

687 5474 816 5529 bilia
847 5517 858 5537 ,
897 5473 968 5525 ita
1007 5472 1267 5542 potentia:
1297 5471 1532 5525 inﬁnitae
1567 5470 1990 5541 amplitudinem
2024 5471 2300 5539 sequitur,

686 5579 743 5623 ut
785 5582 913 5624 cum
957 5566 1224 5630 voluerit,
1293 5565 1598 5620 maximum
1657 5565 1920 5634 quodque
1973 5565 2297 5617 lllll'atllltltlt

681 5662 975 5728 designare
1000 5669 1054 5715 et
1076 5661 1296 5716 ellicere
1321 5670 1509 5729 queat,
1537 5670 1592 5714 et
1621 5659 1768 5729 quod
1795 5658 1860 5711 ad
1888 5656 2093 5711 nullam
2126 5656 2298 5710 subli-

685 5761 931 5809 ιιιιιηιυιιι
981 5753 1140 5824 quasi
1190 5753 1452 5823 impedita
1513 5752 1773 5809 desistat.
1823 5751 2117 5818 Quomodo
2169 5766 2298 5803 vero

683 5849 909 5906 dilticrle
939 5866 1060 5906 esse
1103 5849 1277 5919 possit
1315 5849 1364 5905 ei
1407 5849 1500 5922 qui
1543 5850 1726 5906 omnia
1762 5849 2074 5913 constituit,
2128 5849 2295 5917 parti—

2417 3350 2716 3419 προσώπῳ,
2755 3349 2847 3400 καὶ
2896 3348 2928 3416 ή
2987 3347 3202 3412 θεότης,
3238 3346 3331 3397 καὶ
3393 3345 3424 3412 ἡ
3487 3343 3806 3412 ἀνθρωπίνη
3843 3342 4009 3410 φύσις

2411 3440 2735 3509 ἀσυγχύτως
2772 3439 2941 3492 ἐστίν.
2984 3437 3255 3492 Ἐνταῦθα
3286 3438 3342 3490 δὲ
3385 3436 3443 3488 τὸ
3495 3437 3701 3504 κτίσμα
3745 3434 3882 3504 πρὸς
3915 3434 4006 3486 τὸν

2414 3536 2642 3602 κτίστην
2687 3531 3083 3602 μεταποιοῦται
3114 3532 3202 3582 διά
3251 3532 3419 3598 μέσου
3461 3529 3556 3582 τοῦ
3612 3529 3891 3594 σώματος,
3918 3531 4014 3580 καὶ

2413 3631 2445 3697 ἡ
2480 3630 2933 3699 προϋφεστηκυῖα
2955 3627 3049 3681 τοῦ
3083 3627 3255 3698 ἄρτου
3284 3626 3444 3679 οὐσία
3481 3627 3641 3694 σῶμα
3684 3625 3823 3678 Θεοῦ
3858 3621 4008 3692 γίνεὲ

2411 3741 2520 3785 ται,
2551 3727 2840 3792 γινόμενον
2897 3722 3076 3790 σῶμα.
3110 3722 3312 3783 Μεῖζον
3373 3719 3576 3790 μὲνδὴ
3634 3725 3857 3774 πάντων
3900 3721 4010 3772 τῶν

2413 3817 2573 3871 θείων
2605 3815 2906 3884 θαυμάτων
2935 3816 3008 3876 ὼς
3041 3814 3262 3883 ἀληθῶς
3289 3813 3379 3866 διὰ
3405 3813 3602 3877 ταῦτα,
3635 3814 3666 3883 ή
3707 3813 3802 3866 τοῦ
3839 3813 4008 3882 ἄρτου

2411 3913 2548 3980 πρὸς
2575 3910 2634 3963 τὸ
2664 3911 2823 3977 σῶμα
2850 3907 2912 3961 τδ
2941 3909 3264 3961 δεσποτικὸν
3291 3909 3731 3975 Μετουσὶωσις,
3761 3908 3880 3961 ἀλλ’
3910 3912 4010 3961 οὐκ

2408 4005 2670 4066 ἀδύνατος
2709 4002 2786 4070 τῷ
2815 4003 2950 4070 πρὸς
2981 4001 3076 4070 τὴν
3107 4001 3258 4053 θείαν
3291 4001 3547 4071 βλέποντι
3582 4003 3837 4070 δύναμιν.
3870 4003 4012 4056 Οὔτε

2411 4100 2518 4165 γάρ
2560 4098 2640 4148 δεῖ
2687 4097 2779 4147 τὸν
2820 4095 2957 4146 Θεὸν
3001 4095 3259 4162 ἡγεῖσθαι
3295 4095 3371 4166 μὴ
3402 4095 3666 4148 δύνασθαι
3709 4097 3866 4164 παρά
3909 4098 4010 4164 τὴν

2411 4191 2578 4255 φύσιν
2620 4191 2716 4241 καὶ
2760 4188 2870 4240 τῶν
2914 4187 3085 4244 ὄντων
3117 4186 3276 4253 τάξιν
3309 4189 3508 4252 ποιεῖν,
3538 4182 3582 4255 ᾧ
3637 4191 3732 4242 καὶ
3777 4193 3808 4260 ἡ
3846 4189 4010 4258 φύσις

2407 4287 2504 4338 καὶ
2535 4287 2567 4356 ἡ
2595 4285 2750 4347 τάξις
2781 4283 3096 4346 ὑπόκειται,
3134 4283 3234 4334 καὶ
3260 4281 3444 4351 πολλῷ
3480 4283 3685 4353 μᾶλλον
3723 4286 3859 4338 ὅπου
3915 4288 4007 4338 καὶ

2407 4381 2505 4448 τὴν
2542 4381 2707 4446 φύσιν
2739 4376 2911 4444 αὐτὴν
2943 4375 3092 4427 ἐστιν
3147 4375 3276 4427 ίδεῖν
3323 4377 3433 4428 τῶν
3484 4377 3864 4448 ἑαυτῆςῖόρων
3897 4380 4008 4446 ὲξι-

2409 4474 2690 4542 σταμένην
2750 4471 2902 4523 ποτέ.
2949 4467 3088 4520 Οὔτε
3144 4470 3213 4522 τά
3271 4469 3372 4539 μὲν
3420 4468 3498 4532 ὡς
3565 4472 3835 4542 πρόχειρα
3897 4473 4008 4526 τῶν

2408 4566 2707 4631 θαυμάτων
2733 4562 2815 4615 δεῖ
2843 4561 2920 4629 τῷ
2951 4559 3071 4629 Θεῷ
3097 4561 3428 4629 συγχωρεῖν,
3463 4560 3601 4628 πρὸς
3636 4561 3692 4613 δὲ
3720 4560 3790 4614 τὰ
3830 4563 4016 4631 μείζων

2414 4661 2507 4712 καὶ
2536 4658 2942 4726 δυσχερέστερα
2978 4653 3369 4717 καταδικάζειν
3416 4653 3722 4721 ἀδυναμίαν
3770 4654 3866 4709 τοῦ
3913 4657 4006 4710 δύ-

2412 4768 2579 4818 ναμιν
2625 4750 2854 4815 ἄπειρον
2910 4747 3149 4815 ἔχοντος,
3199 4747 3293 4797 καὶ
3337 4744 3622 4812 σύστοιχον
3654 4748 3722 4816 τῇ
3760 4747 4002 4819 θελήσει.

2412 4844 2475 4895 Εί
2508 4843 2612 4908 γάρ
2644 4843 2742 4908 τὴν
2766 4838 2919 4903 τάξιν
2952 4839 3388 4907 ύπερῦαίνειτῆς
3413 4836 3628 4904 φύσεως
3651 4837 3725 4900 ὡς
3750 4840 4007 4910 Campni-

2417 4951 2580 5000 μενον
2622 4936 2842 4985 πάντων
2888 4931 3064 4983 αἴτιον
3114 4932 3172 4982 ὲν
3208 4930 3271 4999 τῇ
3319 4930 3427 4982 τῶν
3471 4931 3852 4998 ὑποκειμένων
3886 4933 4005 4987 δια-

2413 5030 2579 5098 φορᾷ,
2636 5030 2688 5080 τί
2751 5029 2826 5096 μὴ
2871 5029 2967 5077 καὶ
3015 5028 3071 5078 ὲν
3116 5024 3195 5093 τῷ
3264 5025 3416 5093 αύτῷ
3467 5027 3756 5095 πράγματι
3801 5028 4008 5095 ταύτην

2415 5122 2699 5190 βουληθεὶς
2743 5119 3152 5189 ὑπερϐήσεταις
3186 5117 3244 5170 ΕΞ
3280 5120 3335 5172 δὲ
3371 5121 3446 5188 μὴ
3475 5120 3721 5172 δουλεύει
3752 5123 3817 5190 τῇ
3851 5119 4004 5187 τάξει

2409 5215 2508 5285 τῆς
2542 5214 2759 5282 φύσεως
2808 5211 3145 5281 δημιουργὸς
3195 5213 3363 5281 αὐτῆς
3396 5209 3494 5275 ὢν,
3530 5214 3582 5264 τί
3638 5212 3714 5282 μὴ
3767 5203 4007 5282 καὶτὴν

2412 5311 2576 5378 φύσιν
2637 5311 2807 5380 αὐτὴν
2869 5313 3297 5379 μεταποιήσειεν
3355 5309 3431 5370 ὡς
3484 5309 3552 5360 ἂν
3601 5308 3765 5372 αὐτὸς
3804 5308 4005 5378 βουλη-

2411 5405 2565 5472 θείης
2605 5405 2818 5471 Ὥσπερ
2847 5404 2956 5473 γὰρ
2989 5404 3184 5471 κτιστῇ
3219 5419 3322 5455 τινι
3364 5401 3621 5470 δυνάμει,
3655 5401 3750 5454 καὶ
3795 5405 3865 5453 τὰ
3896 5400 4007 5453 τῶν

2409 5499 2708 5564 θαυμάτων
2735 5496 2942 5564 ἔσχατα
2974 5499 3040 5564 τῇ
3081 5496 3235 5558 τάξει
3285 5496 3541 5564 καθάπερ
3578 5495 4002 5566 ἀνεπιχείρητα,

2407 5591 2552 5643 οὕτω
2581 5594 2646 5660 τῇ
2679 5590 2974 5659 περιουσία
3000 5592 3272 5659 προσήκει
3305 5589 3400 5658 τῆς
3433 5589 3664 5659 ἀπείρο)
3691 5588 4002 5653 δυνάμεως,

2407 5683 2630 5734 ἐπειδάν
2701 5682 2938 5752 βουληθῇ
2999 5682 3187 5748 μεῖζον
3247 5682 3336 5734 ἀεὶ
3405 5682 3657 5751 μείζονος
3714 5681 4003 5749 θαύματος

2406 5780 2645 5830 ἐπινοεῖν
2678 5779 2773 5829 καὶ
2814 5780 3010 5840 ποιεῖν,
3051 5779 3145 5830 καί
3185 5777 3320 5849 πρὸς
3371 5778 3637 5847 οὐδεμίαν
3691 5774 4004 5848 ὑπερίολὴν

2406 5871 2680 5925 ἴσταιθαι.
2720 5871 2784 5923 Τί
2833 5869 2877 5921 δ’
2914 5869 2978 5926 ἂν
3036 5869 3122 5940 εἴη
3178 5871 3418 5940 χαλεπὸν
3474 5871 3552 5942 τῷ
3590 5871 3711 5924 τόδε
3775 5871 3834 5927 τὸ
3885 5871 3996 5926 τᾶν
