  <div class='ocr_page' id='page_1' title='image "/cluster/home/n/w/nwhite01/storage/ocr_20150623/160/nnc1.0046980687/191.png"; bbox 0 0 4462 6450; ppageno 0'>
   <div class='ocr_carea' id='block_1_1' title="bbox 739 434 842 496">
    <p class='ocr_par' dir='ltr' id='par_1_1' title="bbox 739 434 842 496">
     <span class='ocr_line' id='line_1_1' title="bbox 739 434 842 496; baseline -0.029 0"><span class='ocrx_word' id='word_1_1' title='bbox 739 434 842 496; x_wconf 80' lang='lat'><strong>363</strong></span> 
     </span>
    </p>
   </div>
   <div class='ocr_carea' id='block_1_2' title="bbox 739 539 1814 614">
    <p class='ocr_par' dir='ltr' id='par_1_2' title="bbox 739 539 1814 614">
     <span class='ocr_line' id='line_1_2' title="bbox 739 539 1814 614; baseline -0.007 -11"><span class='ocrx_word' id='word_1_2' title='bbox 739 565 935 603; x_wconf 87' lang='lat' dir='ltr'><strong>rursus</strong></span> <span class='ocrx_word' id='word_1_3' title='bbox 994 548 1044 601; x_wconf 93' lang='lat' dir='ltr'><strong>in</strong></span> <span class='ocrx_word' id='word_1_4' title='bbox 1103 547 1306 614; x_wconf 74' lang='lat' dir='ltr'><strong>\irgam</strong></span> <span class='ocrx_word' id='word_1_5' title='bbox 1363 539 1749 596; x_wconf 73' lang='lat' dir='ltr'><strong>transmutarit</strong></span> <span class='ocrx_word' id='word_1_6' title='bbox 1801 559 1814 595; x_wconf 88' lang='lat'>:</span> 
     </span>
    </p>
   </div>
   <div class='ocr_carea' id='block_1_3' title="bbox 740 630 2313 713">
    <p class='ocr_par' dir='ltr' id='par_1_3' title="bbox 740 630 2313 713">
     <span class='ocr_line' id='line_1_3' title="bbox 740 630 2313 713; baseline -0.013 -17"><span class='ocrx_word' id='word_1_7' title='bbox 740 657 936 713; x_wconf 89' lang='lat' dir='ltr'><strong>aquam</strong></span> <span class='ocrx_word' id='word_1_8' title='bbox 962 643 1144 694; x_wconf 74' lang='lat' dir='ltr'><strong>viuum</strong></span> <span class='ocrx_word' id='word_1_9' title='bbox 1180 638 1308 692; x_wconf 80' lang='lat' dir='ltr'><strong>fecit</strong></span> <span class='ocrx_word' id='word_1_10' title='bbox 1342 636 1396 690; x_wconf 93' lang='lat' dir='ltr'><strong>in</strong></span> <span class='ocrx_word' id='word_1_11' title='bbox 1434 634 1579 688; x_wconf 85' lang='lat' dir='ltr'><strong>Cana</strong></span> <span class='ocrx_word' id='word_1_12' title='bbox 1609 651 1623 687; x_wconf 91' lang='lat'>:</span> <span class='ocrx_word' id='word_1_13' title='bbox 1653 633 1767 701; x_wconf 88' lang='lat' dir='ltr'><strong>ipsa</strong></span> <span class='ocrx_word' id='word_1_14' title='bbox 1815 630 2052 684; x_wconf 76' lang='lat' dir='ltr'><strong>fructum</strong></span> <span class='ocrx_word' id='word_1_15' title='bbox 2093 640 2313 680; x_wconf 88' lang='lat' dir='ltr'><strong>carnem</strong></span> 
     </span>
    </p>
   </div>
   <div class='ocr_carea' id='block_1_4' title="bbox 741 723 2316 796">
    <p class='ocr_par' dir='ltr' id='par_1_4' title="bbox 741 723 2316 796">
     <span class='ocr_line' id='line_1_4' title="bbox 741 723 2316 796; baseline -0.013 -6"><span class='ocrx_word' id='word_1_16' title='bbox 741 735 994 793; x_wconf 70' lang='lat' dir='ltr'><strong>animalis</strong></span> <span class='ocrx_word' id='word_1_17' title='bbox 1031 733 1158 786; x_wconf 79' lang='lat' dir='ltr'><strong>facit</strong></span> <span class='ocrx_word' id='word_1_18' title='bbox 1203 732 1342 783; x_wconf 90' lang='lat' dir='ltr'><strong>intra</strong></span> <span class='ocrx_word' id='word_1_19' title='bbox 1393 725 1610 796; x_wconf 77' lang='lat' dir='ltr'><strong>aliquod</strong></span> <span class='ocrx_word' id='word_1_20' title='bbox 1661 723 1924 791; x_wconf 88' lang='lat' dir='ltr'><strong>temporis</strong></span> <span class='ocrx_word' id='word_1_21' title='bbox 1976 723 2232 790; x_wconf 82' lang='lat' dir='ltr'><strong>spatium,</strong></span> <span class='ocrx_word' id='word_1_22' title='bbox 2264 727 2316 770; x_wconf 82' lang='lat' dir='ltr'><strong>et</strong></span> 
     </span>
    </p>
   </div>
   <div class='ocr_carea' id='block_1_5' title="bbox 742 817 2318 896">
    <p class='ocr_par' dir='ltr' id='par_1_5' title="bbox 742 817 2318 896">
     <span class='ocr_line' id='line_1_5' title="bbox 742 817 2318 896; baseline -0.015 -14"><span class='ocrx_word' id='word_1_23' title='bbox 742 830 892 884; x_wconf 72' lang='lat' dir='ltr'><strong>carni</strong></span> <span class='ocrx_word' id='word_1_24' title='bbox 933 833 1287 896; x_wconf 79' lang='lat' dir='ltr'><strong>augmentum</strong></span> <span class='ocrx_word' id='word_1_25' title='bbox 1317 837 1383 876; x_wconf 80' lang='lat' dir='ltr'><strong>ex</strong></span> <span class='ocrx_word' id='word_1_26' title='bbox 1419 822 1606 875; x_wconf 87' lang='lat' dir='ltr'><strong>eodem</strong></span> <span class='ocrx_word' id='word_1_27' title='bbox 1636 817 1815 871; x_wconf 81' lang='lat' dir='ltr'><strong>fructu</strong></span> <span class='ocrx_word' id='word_1_28' title='bbox 1865 829 1958 882; x_wconf 86' lang='lat' dir='ltr'><strong>per</strong></span> <span class='ocrx_word' id='word_1_29' title='bbox 1986 818 2318 867; x_wconf 82' lang='lat' dir='ltr'><strong>tranSmnta-</strong></span> 
     </span>
    </p>
   </div>
   <div class='ocr_carea' id='block_1_6' title="bbox 742 911 2320 987">
    <p class='ocr_par' dir='ltr' id='par_1_6' title="bbox 742 911 2320 987">
     <span class='ocr_line' id='line_1_6' title="bbox 742 911 2320 987; baseline -0.016 -9"><span class='ocrx_word' id='word_1_30' title='bbox 742 926 945 978; x_wconf 78' lang='lat' dir='ltr'><strong>lienem</strong></span> <span class='ocrx_word' id='word_1_31' title='bbox 1000 919 1209 987; x_wconf 88' lang='lat' dir='ltr'><strong>adjicit.</strong></span> <span class='ocrx_word' id='word_1_32' title='bbox 1270 914 1469 970; x_wconf 82' lang='lat' dir='ltr'><strong>Verum</strong></span> <span class='ocrx_word' id='word_1_33' title='bbox 1550 919 1841 981; x_wconf 82' lang='lat' dir='ltr'><strong>postquam</strong></span> <span class='ocrx_word' id='word_1_34' title='bbox 1920 911 2320 960; x_wconf 75' lang='lat' dir='ltr'><strong>concesserunt</strong></span> 
     </span>
    </p>
   </div>
   <div class='ocr_carea' id='block_1_7' title="bbox 741 1002 2316 1071">
    <p class='ocr_par' dir='ltr' id='par_1_7' title="bbox 741 1002 2316 1071">
     <span class='ocr_line' id='line_1_7' title="bbox 741 1002 2316 1071; baseline -0.017 0"><span class='ocrx_word' id='word_1_35' title='bbox 741 1014 1066 1071; x_wconf 70' lang='lat' dir='ltr'><strong>substantize</strong></span> <span class='ocrx_word' id='word_1_36' title='bbox 1089 1005 1598 1065; x_wconf 77' lang='lat' dir='ltr'><strong>trausmutatimrem</strong></span> <span class='ocrx_word' id='word_1_37' title='bbox 1629 1002 1683 1055; x_wconf 90' lang='lat' dir='ltr'><strong>in</strong></span> <span class='ocrx_word' id='word_1_38' title='bbox 1713 1003 1814 1053; x_wconf 84' lang='lat' dir='ltr'><strong>hoc</strong></span> <span class='ocrx_word' id='word_1_39' title='bbox 1840 1006 2183 1052; x_wconf 88' lang='lat' dir='ltr'><strong>sacramento</strong></span> <span class='ocrx_word' id='word_1_40' title='bbox 2209 1009 2316 1046; x_wconf 92' lang='lat' dir='ltr'><strong>non</strong></span> 
     </span>
    </p>
   </div>
   <div class='ocr_carea' id='block_1_8' title="bbox 742 1089 2316 1174">
    <p class='ocr_par' dir='ltr' id='par_1_8' title="bbox 742 1089 2316 1174">
     <span class='ocr_line' id='line_1_8' title="bbox 742 1089 2316 1174; baseline -0.015 -12"><span class='ocrx_word' id='word_1_41' title='bbox 742 1124 862 1162; x_wconf 61' lang='lat' dir='ltr'><strong>esse</strong></span> <span class='ocrx_word' id='word_1_42' title='bbox 893 1120 1116 1174; x_wconf 79' lang='lat' dir='ltr'><strong>prorsus</strong></span> <span class='ocrx_word' id='word_1_43' title='bbox 1149 1089 1566 1167; x_wconf 60' lang='lat' dir='ltr'><strong>impossibilem&#39;,</strong></span> <span class='ocrx_word' id='word_1_44' title='bbox 1617 1108 1809 1147; x_wconf 86' lang='lat' dir='ltr'><strong>rursus</strong></span> <span class='ocrx_word' id='word_1_45' title='bbox 1842 1106 1957 1144; x_wconf 77' lang='lat' dir='ltr'><strong>eam</strong></span> <span class='ocrx_word' id='word_1_46' title='bbox 1997 1091 2316 1156; x_wconf 78' lang='lat' dir='ltr'><strong>impugnare</strong></span> 
     </span>
    </p>
   </div>
   <div class='ocr_carea' id='block_1_9' title="bbox 743 1177 2317 1269">
    <p class='ocr_par' dir='ltr' id='par_1_9' title="bbox 743 1177 2317 1269">
     <span class='ocr_line' id='line_1_9' title="bbox 743 1177 2317 1269; baseline -0.017 -15"><span class='ocrx_word' id='word_1_47' title='bbox 743 1219 806 1254; x_wconf 74' lang='lat' dir='ltr'><strong>ex</strong></span> <span class='ocrx_word' id='word_1_48' title='bbox 829 1196 1147 1269; x_wconf 86' lang='lat' dir='ltr'><strong>quantitatis</strong></span> <span class='ocrx_word' id='word_1_49' title='bbox 1167 1192 1380 1246; x_wconf 89' lang='lat' dir='ltr'><strong>ratione</strong></span> <span class='ocrx_word' id='word_1_50' title='bbox 1403 1185 1810 1257; x_wconf 80' lang='lat' dir='ltr'><strong>aggrediuntur.</strong></span> <span class='ocrx_word' id='word_1_51' title='bbox 1833 1181 2149 1235; x_wconf 88' lang='lat' dir='ltr'><strong>Substantia</strong></span> <span class='ocrx_word' id='word_1_52' title='bbox 2172 1177 2317 1232; x_wconf 90' lang='lat' dir='ltr'><strong>enim</strong></span> 
     </span>
    </p>
   </div>
   <div class='ocr_carea' id='block_1_10' title="bbox 744 1271 2320 1360">
    <p class='ocr_par' dir='ltr' id='par_1_10' title="bbox 744 1271 2320 1360">
     <span class='ocr_line' id='line_1_10' title="bbox 744 1271 2320 1360; baseline -0.011 -20"><span class='ocrx_word' id='word_1_53' title='bbox 744 1291 898 1360; x_wconf 76' lang='lat' dir='ltr'><strong>panis</strong></span> <span class='ocrx_word' id='word_1_54' title='bbox 929 1289 980 1339; x_wconf 91' lang='lat' dir='ltr'><strong>in</strong></span> <span class='ocrx_word' id='word_1_55' title='bbox 1016 1286 1158 1338; x_wconf 85' lang='lat' dir='ltr'><strong>illam</strong></span> <span class='ocrx_word' id='word_1_56' title='bbox 1187 1281 1431 1350; x_wconf 84' lang='lat' dir='ltr'><strong>corporis</strong></span> <span class='ocrx_word' id='word_1_57' title='bbox 1465 1286 1852 1338; x_wconf 67' lang='lat' dir='ltr'><strong>transinutata,</strong></span> <span class='ocrx_word' id='word_1_58' title='bbox 1889 1271 2193 1328; x_wconf 77' lang='lat' dir='ltr'><strong>accidentia</strong></span> <span class='ocrx_word' id='word_1_59' title='bbox 2220 1285 2320 1339; x_wconf 84' lang='lat' dir='ltr'><strong>pa-</strong></span> 
     </span>
    </p>
   </div>
   <div class='ocr_carea' id='block_1_11' title="bbox 746 1363 2319 1442">
    <p class='ocr_par' dir='ltr' id='par_1_11' title="bbox 746 1363 2319 1442">
     <span class='ocr_line' id='line_1_11' title="bbox 746 1363 2319 1442; baseline -0.014 -6"><span class='ocrx_word' id='word_1_60' title='bbox 746 1385 829 1436; x_wconf 82' lang='lat' dir='ltr'><strong>nis</strong></span> <span class='ocrx_word' id='word_1_61' title='bbox 855 1393 1070 1433; x_wconf 88' lang='lat' dir='ltr'><strong>manere</strong></span> <span class='ocrx_word' id='word_1_62' title='bbox 1092 1377 1298 1441; x_wconf 84' lang='lat' dir='ltr'><strong>absque</strong></span> <span class='ocrx_word' id='word_1_63' title='bbox 1321 1373 1585 1442; x_wconf 78' lang='lat' dir='ltr'><strong>subjecto,</strong></span> <span class='ocrx_word' id='word_1_64' title='bbox 1609 1385 1731 1423; x_wconf 91' lang='lat' dir='ltr'><strong>eum</strong></span> <span class='ocrx_word' id='word_1_65' title='bbox 1760 1382 1926 1436; x_wconf 81' lang='lat' dir='ltr'><strong>supra</strong></span> <span class='ocrx_word' id='word_1_66' title='bbox 1952 1374 2198 1418; x_wconf 88' lang='lat' dir='ltr'><strong>naturam</strong></span> <span class='ocrx_word' id='word_1_67' title='bbox 2229 1363 2319 1424; x_wconf 88' lang='lat' dir='ltr'><strong>sit,</strong></span> 
     </span>
    </p>
   </div>
   <div class='ocr_carea' id='block_1_12' title="bbox 744 1458 2320 1536">
    <p class='ocr_par' dir='ltr' id='par_1_12' title="bbox 744 1458 2320 1536">
     <span class='ocr_line' id='line_1_12' title="bbox 744 1458 2320 1536; baseline -0.013 -10"><span class='ocrx_word' id='word_1_68' title='bbox 744 1486 921 1527; x_wconf 86' lang='lat' dir='ltr'><strong>tamen</strong></span> <span class='ocrx_word' id='word_1_69' title='bbox 948 1485 1052 1523; x_wconf 89' lang='lat' dir='ltr'><strong>non</strong></span> <span class='ocrx_word' id='word_1_70' title='bbox 1091 1482 1356 1536; x_wconf 86' lang='lat' dir='ltr'><strong>superare</strong></span> <span class='ocrx_word' id='word_1_71' title='bbox 1382 1465 1431 1517; x_wconf 88' lang='lat' dir='ltr'><strong>id</strong></span> <span class='ocrx_word' id='word_1_72' title='bbox 1480 1463 1623 1531; x_wconf 92' lang='lat' dir='ltr'><strong>quod</strong></span> <span class='ocrx_word' id='word_1_73' title='bbox 1651 1467 1829 1514; x_wconf 92' lang='lat' dir='ltr'><strong>mente</strong></span> <span class='ocrx_word' id='word_1_74' title='bbox 1876 1458 2089 1526; x_wconf 87' lang='lat' dir='ltr'><strong>concipi</strong></span> <span class='ocrx_word' id='word_1_75' title='bbox 2119 1463 2320 1525; x_wconf 82' lang='lat' dir='ltr'><strong>potest.</strong></span> 
     </span>
    </p>
   </div>
   <div class='ocr_carea' id='block_1_13' title="bbox 746 1549 2324 1635">
    <p class='ocr_par' dir='ltr' id='par_1_13' title="bbox 746 1549 2324 1635">
     <span class='ocr_line' id='line_1_13' title="bbox 746 1549 2324 1635; baseline -0.012 -16"><span class='ocrx_word' id='word_1_76' title='bbox 746 1564 1007 1635; x_wconf 73' lang='lat' dir='ltr'><strong>Equidem</strong></span> <span class='ocrx_word' id='word_1_77' title='bbox 1031 1559 1332 1615; x_wconf 79' lang='lat' dir='ltr'><strong>accidentia</strong></span> <span class='ocrx_word' id='word_1_78' title='bbox 1359 1572 1462 1609; x_wconf 85' lang='lat' dir='ltr'><strong>non</strong></span> <span class='ocrx_word' id='word_1_79' title='bbox 1487 1555 1752 1607; x_wconf 74' lang='lat' dir='ltr'><strong>exsistere</strong></span> <span class='ocrx_word' id='word_1_80' title='bbox 1772 1554 1826 1604; x_wconf 90' lang='lat' dir='ltr'><strong>in</strong></span> <span class='ocrx_word' id='word_1_81' title='bbox 1856 1550 2104 1617; x_wconf 88' lang='lat' dir='ltr'><strong>subjecto</strong></span> <span class='ocrx_word' id='word_1_82' title='bbox 2124 1549 2324 1615; x_wconf 84' lang='lat' dir='ltr'><strong>impos-</strong></span> 
     </span>
    </p>
   </div>
   <div class='ocr_carea' id='block_1_14' title="bbox 745 1639 2321 1721">
    <p class='ocr_par' dir='ltr' id='par_1_14' title="bbox 745 1639 2321 1721">
     <span class='ocr_line' id='line_1_14' title="bbox 745 1639 2321 1721; baseline -0.016 -8"><span class='ocrx_word' id='word_1_83' title='bbox 745 1659 900 1713; x_wconf 84' lang='lat' dir='ltr'><strong>sibile</strong></span> <span class='ocrx_word' id='word_1_84' title='bbox 923 1665 1040 1721; x_wconf 89' lang='lat' dir='ltr'><strong>est;</strong></span> <span class='ocrx_word' id='word_1_85' title='bbox 1065 1654 1115 1706; x_wconf 88' lang='lat' dir='ltr'><strong>id</strong></span> <span class='ocrx_word' id='word_1_86' title='bbox 1148 1651 1289 1706; x_wconf 91' lang='lat' dir='ltr'><strong>enim</strong></span> <span class='ocrx_word' id='word_1_87' title='bbox 1323 1663 1386 1701; x_wconf 82' lang='lat' dir='ltr'><strong>ex</strong></span> <span class='ocrx_word' id='word_1_88' title='bbox 1423 1645 1632 1699; x_wconf 85' lang='lat' dir='ltr'><strong>ratione</strong></span> <span class='ocrx_word' id='word_1_89' title='bbox 1661 1652 1714 1696; x_wconf 90' lang='lat' dir='ltr'><strong>et</strong></span> <span class='ocrx_word' id='word_1_90' title='bbox 1740 1639 2321 1708; x_wconf 78' lang='lat' dir='ltr'><strong>deﬁnitioneipsorum</strong></span> 
     </span>
    </p>
   </div>
   <div class='ocr_carea' id='block_1_15' title="bbox 746 1728 2324 1806">
    <p class='ocr_par' dir='ltr' id='par_1_15' title="bbox 746 1728 2324 1806">
     <span class='ocr_line' id='line_1_15' title="bbox 746 1728 2324 1806; baseline -0.017 0"><span class='ocrx_word' id='word_1_91' title='bbox 746 1747 1106 1806; x_wconf 86' lang='lat' dir='ltr'><strong>accidentium</strong></span> <span class='ocrx_word' id='word_1_92' title='bbox 1141 1748 1377 1796; x_wconf 87' lang='lat' dir='ltr'><strong>constat.</strong></span> <span class='ocrx_word' id='word_1_93' title='bbox 1407 1738 1657 1790; x_wconf 84' lang='lat' dir='ltr'><strong>Attamen</strong></span> <span class='ocrx_word' id='word_1_94' title='bbox 1693 1733 1796 1789; x_wconf 89' lang='lat' dir='ltr'><strong>tale</strong></span> <span class='ocrx_word' id='word_1_95' title='bbox 1825 1732 2101 1801; x_wconf 84' lang='lat' dir='ltr'><strong>quidpiam</strong></span> <span class='ocrx_word' id='word_1_96' title='bbox 2139 1728 2324 1782; x_wconf 88' lang='lat' dir='ltr'><strong>animo</strong></span> 
     </span>
    </p>
   </div>
   <div class='ocr_carea' id='block_1_16' title="bbox 744 1824 2325 1910">
    <p class='ocr_par' dir='ltr' id='par_1_16' title="bbox 744 1824 2325 1910">
     <span class='ocr_line' id='line_1_16' title="bbox 744 1824 2325 1910; baseline -0.018 -12"><span class='ocrx_word' id='word_1_97' title='bbox 744 1842 1034 1910; x_wconf 86' lang='lat' dir='ltr'><strong>concipere</strong></span> <span class='ocrx_word' id='word_1_98' title='bbox 1061 1846 1372 1905; x_wconf 88' lang='lat' dir='ltr'><strong>possumus,</strong></span> <span class='ocrx_word' id='word_1_99' title='bbox 1396 1838 1450 1881; x_wconf 91' lang='lat' dir='ltr'><strong>et</strong></span> <span class='ocrx_word' id='word_1_100' title='bbox 1474 1825 1730 1881; x_wconf 84' lang='lat' dir='ltr'><strong>accidens</strong></span> <span class='ocrx_word' id='word_1_101' title='bbox 1749 1839 1778 1877; x_wconf 90' lang='lat' dir='ltr'><strong>a</strong></span> <span class='ocrx_word' id='word_1_102' title='bbox 1802 1824 2046 1892; x_wconf 86' lang='lat' dir='ltr'><strong>subjecto</strong></span> <span class='ocrx_word' id='word_1_103' title='bbox 2067 1832 2325 1889; x_wconf 80' lang='lat' dir='ltr'><strong>separare</strong></span> 
     </span>
    </p>
   </div>
   <div class='ocr_carea' id='block_1_17' title="bbox 1799 418 2891 486">
    <p class='ocr_par' dir='ltr' id='par_1_17' title="bbox 1799 418 2891 486">
     <span class='ocr_line' id='line_1_17' title="bbox 1799 418 2891 486; baseline -0.005 -2"><span class='ocrx_word' id='word_1_104' title='bbox 1799 425 2055 486; x_wconf 74' lang='lat' dir='ltr'><strong>GENN.\</strong></span> <span class='ocrx_word' id='word_1_105' title='bbox 2071 420 2178 482; x_wconf 78' lang='grc' dir='ltr'><strong>[ΠΙ</strong></span> <span class='ocrx_word' id='word_1_106' title='bbox 2214 421 2320 480; x_wconf 78' lang='lat' dir='ltr'><strong>CP.</strong></span> <span class='ocrx_word' id='word_1_107' title='bbox 2369 418 2815 480; x_wconf 68' lang='lat' dir='ltr'><strong>l‘ATlllARCH</strong></span> <span class='ocrx_word' id='word_1_108' title='bbox 2831 420 2891 479; x_wconf 68' lang='grc' dir='ltr'><strong>,Ε</strong></span> 
     </span>
    </p>
   </div>
   <div class='ocr_carea' id='block_1_18' title="bbox 1877 527 3639 607">
    <p class='ocr_par' dir='ltr' id='par_1_18' title="bbox 1877 530 3634 607">
     <span class='ocr_line' id='line_1_18' title="bbox 1877 530 3634 607; baseline -0.006 -15"><span class='ocrx_word' id='word_1_109' title='bbox 1877 538 2068 592; x_wconf 80' lang='lat' dir='ltr'><strong>eadem</strong></span> <span class='ocrx_word' id='word_1_110' title='bbox 2127 542 2310 604; x_wconf 89' lang='lat' dir='ltr'><strong>postea</strong></span> <span class='ocrx_word' id='word_1_111' title='bbox 2340 547 2386 607; x_wconf 67' lang='grc' dir='ltr'><strong>Α</strong></span> <span class='ocrx_word' id='word_1_112' title='bbox 2421 531 2712 598; x_wconf 74' lang='grc' dir='ltr'>μετέϐαλεν</span> <span class='ocrx_word' id='word_1_113' title='bbox 2737 545 2749 559; x_wconf 81' lang='grc'><strong><em>⁸</em></strong></span> <span class='ocrx_word' id='word_1_114' title='bbox 2786 531 2842 582; x_wconf 60' lang='grc' dir='ltr'>τὸ</span> <span class='ocrx_word' id='word_1_115' title='bbox 2872 530 3016 600; x_wconf 75' lang='grc' dir='ltr'>ὕδωρ</span> <span class='ocrx_word' id='word_1_116' title='bbox 3047 532 3074 600; x_wconf 73' lang='grc' dir='ltr'><strong>η</strong></span> <span class='ocrx_word' id='word_1_117' title='bbox 3111 531 3248 601; x_wconf 81' lang='grc' dir='ltr'>αὐτὴ</span> <span class='ocrx_word' id='word_1_118' title='bbox 3276 533 3578 600; x_wconf 56' lang='grc' dir='ltr'>πεποίηκεν</span> <span class='ocrx_word' id='word_1_119' title='bbox 3608 550 3634 582; x_wconf 86' lang='grc' dir='ltr'><strong>ο</strong></span> 
     </span>
    </p>
   </div>
   <div class='ocr_carea' id='block_1_19' title="bbox 2243 527 4005 607">
    <p class='ocr_par' dir='ltr' id='par_1_19' title="bbox 2243 527 4005 607">
     <span class='ocr_line' id='line_1_19' title="bbox 2243 527 4005 607; baseline 0.002 -25"><span class='ocrx_word' id='word_1_120' title='bbox 2243 548 2310 587; x_wconf 79' lang='lat' dir='ltr'><strong>ea</strong></span> <span class='ocrx_word' id='word_1_121' title='bbox 2340 547 2386 607; x_wconf 66' lang='grc' dir='ltr'><strong>Α</strong></span> <span class='ocrx_word' id='word_1_122' title='bbox 2421 531 2712 598; x_wconf 70' lang='grc' dir='ltr'>μετέϐαλεν</span> <span class='ocrx_word' id='word_1_123' title='bbox 2737 545 2749 559; x_wconf 87' lang='grc'>⁶</span> <span class='ocrx_word' id='word_1_124' title='bbox 2786 531 2842 582; x_wconf 60' lang='grc' dir='ltr'>τὸ</span> <span class='ocrx_word' id='word_1_125' title='bbox 2872 530 3016 600; x_wconf 76' lang='grc' dir='ltr'>ὓδωρ</span> <span class='ocrx_word' id='word_1_126' title='bbox 3047 532 3074 600; x_wconf 73' lang='grc' dir='ltr'><strong>η</strong></span> <span class='ocrx_word' id='word_1_127' title='bbox 3111 531 3248 601; x_wconf 82' lang='grc' dir='ltr'>αὐτὴ</span> <span class='ocrx_word' id='word_1_128' title='bbox 3276 533 3578 600; x_wconf 56' lang='grc' dir='ltr'>πεποίηκεν</span> <span class='ocrx_word' id='word_1_129' title='bbox 3608 527 3748 584; x_wconf 76' lang='grc' dir='ltr'>οἶνον</span> <span class='ocrx_word' id='word_1_130' title='bbox 3779 533 4005 603; x_wconf 78' lang='grc' dir='ltr'>ὕστερον</span> 
     </span>
    </p>
   </div>
   <div class='ocr_carea' id='block_1_20' title="bbox 3901 418 4004 480">
    <p class='ocr_par' dir='ltr' id='par_1_20' title="bbox 3901 418 4004 480">
     <span class='ocr_line' id='line_1_20' title="bbox 3901 418 4004 480; baseline -0.01 0"><span class='ocrx_word' id='word_1_131' title='bbox 3901 418 4004 480; x_wconf 59' lang='grc'><strong>364</strong></span> 
     </span>
    </p>
   </div>
   <div class='ocr_carea' id='block_1_21' title="bbox 2430 615 4008 695">
    <p class='ocr_par' dir='ltr' id='par_1_21' title="bbox 2430 615 4008 695">
     <span class='ocr_line' id='line_1_21' title="bbox 2430 615 4008 695; baseline 0.003 -19"><span class='ocrx_word' id='word_1_132' title='bbox 2430 626 2482 676; x_wconf 77' lang='grc' dir='ltr'><strong>ἐν</strong></span> <span class='ocrx_word' id='word_1_133' title='bbox 2521 615 2677 692; x_wconf 80' lang='grc' dir='ltr'>Κανᾷ</span> <span class='ocrx_word' id='word_1_134' title='bbox 2705 641 2717 655; x_wconf 80' lang='grc' dir='ltr'><strong>ο</strong></span> <span class='ocrx_word' id='word_1_135' title='bbox 2751 623 2887 692; x_wconf 83' lang='grc' dir='ltr'>αὐτὴ</span> <span class='ocrx_word' id='word_1_136' title='bbox 2935 624 3032 692; x_wconf 82' lang='grc' dir='ltr'>τὴν</span> <span class='ocrx_word' id='word_1_137' title='bbox 3086 626 3264 693; x_wconf 70' lang='grc' dir='ltr'>σάρκα</span> <span class='ocrx_word' id='word_1_138' title='bbox 3294 625 3387 676; x_wconf 88' lang='grc' dir='ltr'><strong>τοῦ</strong></span> <span class='ocrx_word' id='word_1_139' title='bbox 3438 625 3578 689; x_wconf 78' lang='grc' dir='ltr'>ζὼου</span> <span class='ocrx_word' id='word_1_140' title='bbox 3611 626 3825 695; x_wconf 83' lang='grc' dir='ltr'>καρπὸν</span> <span class='ocrx_word' id='word_1_141' title='bbox 3862 631 4008 681; x_wconf 85' lang='grc' dir='ltr'>ποιεῖ</span> 
     </span>
    </p>
   </div>
   <div class='ocr_carea' id='block_1_22' title="bbox 2426 717 4010 787">
    <p class='ocr_par' dir='ltr' id='par_1_22' title="bbox 2426 717 4010 787">
     <span class='ocr_line' id='line_1_22' title="bbox 2426 717 4010 787; baseline 0.001 -18"><span class='ocrx_word' id='word_1_142' title='bbox 2426 717 2511 769; x_wconf 66' lang='grc' dir='ltr'><strong>διὰ</strong></span> <span class='ocrx_word' id='word_1_143' title='bbox 2542 719 2758 786; x_wconf 73' lang='grc' dir='ltr'>χρόνον,</span> <span class='ocrx_word' id='word_1_144' title='bbox 2797 717 2888 767; x_wconf 67' lang='grc' dir='ltr'><strong>καὶ</strong></span> <span class='ocrx_word' id='word_1_145' title='bbox 2916 720 2978 786; x_wconf 77' lang='grc' dir='ltr'>τῇ</span> <span class='ocrx_word' id='word_1_146' title='bbox 3002 717 3168 786; x_wconf 63' lang='grc' dir='ltr'>σαρκὶ</span> <span class='ocrx_word' id='word_1_147' title='bbox 3215 718 3304 769; x_wconf 69' lang='grc' dir='ltr'>τὸν</span> <span class='ocrx_word' id='word_1_148' title='bbox 3358 719 3570 786; x_wconf 75' lang='grc' dir='ltr'>καρπὸν</span> <span class='ocrx_word' id='word_1_149' title='bbox 3604 718 3760 778; x_wconf 77' lang='grc' dir='ltr'>αὖθις</span> <span class='ocrx_word' id='word_1_150' title='bbox 3792 723 4010 787; x_wconf 75' lang='grc' dir='ltr'>προσεί-</span> 
     </span>
    </p>
   </div>
   <div class='ocr_carea' id='block_1_23' title="bbox 2430 808 4011 881">
    <p class='ocr_par' dir='ltr' id='par_1_23' title="bbox 2430 808 4011 881">
     <span class='ocr_line' id='line_1_23' title="bbox 2430 808 4011 881; baseline 0.001 -23"><span class='ocrx_word' id='word_1_151' title='bbox 2430 809 2584 877; x_wconf 84' lang='grc' dir='ltr'>θησιν</span> <span class='ocrx_word' id='word_1_152' title='bbox 2616 810 2679 860; x_wconf 79' lang='grc' dir='ltr'><strong>ἐκ</strong></span> <span class='ocrx_word' id='word_1_153' title='bbox 2736 808 3066 876; x_wconf 82' lang='grc' dir='ltr'>μεταϐολῆς.</span> <span class='ocrx_word' id='word_1_154' title='bbox 3110 810 3250 860; x_wconf 82' lang='grc' dir='ltr'>Ἀλλ’</span> <span class='ocrx_word' id='word_1_155' title='bbox 3307 811 3524 862; x_wconf 66' lang='grc' dir='ltr'>ἐπειδάν</span> <span class='ocrx_word' id='word_1_156' title='bbox 3579 811 3711 863; x_wconf 86' lang='grc' dir='ltr'>δῶσι</span> <span class='ocrx_word' id='word_1_157' title='bbox 3766 811 3866 881; x_wconf 83' lang='grc' dir='ltr'><strong>τὴν</strong></span> <span class='ocrx_word' id='word_1_158' title='bbox 3915 813 4011 878; x_wconf 70' lang='grc' dir='ltr'>τῆς</span> 
     </span>
    </p>
   </div>
   <div class='ocr_carea' id='block_1_24' title="bbox 2429 900 4011 974">
    <p class='ocr_par' dir='ltr' id='par_1_24' title="bbox 2429 900 4011 974">
     <span class='ocr_line' id='line_1_24' title="bbox 2429 900 4011 974; baseline 0.002 -23"><span class='ocrx_word' id='word_1_159' title='bbox 2429 901 2616 962; x_wconf 83' lang='grc' dir='ltr'>οὐσίας</span> <span class='ocrx_word' id='word_1_160' title='bbox 2649 900 2954 970; x_wconf 81' lang='grc' dir='ltr'>μεταϐολὴν</span> <span class='ocrx_word' id='word_1_161' title='bbox 2992 903 3047 953; x_wconf 82' lang='grc' dir='ltr'>ἐν</span> <span class='ocrx_word' id='word_1_162' title='bbox 3080 901 3251 971; x_wconf 86' lang='grc' dir='ltr'>τούτῳ</span> <span class='ocrx_word' id='word_1_163' title='bbox 3295 903 3372 972; x_wconf 82' lang='grc' dir='ltr'><strong>τῷ</strong></span> <span class='ocrx_word' id='word_1_164' title='bbox 3422 903 3710 973; x_wconf 74' lang='grc' dir='ltr'><strong>μυστηρίῳ</strong></span> <span class='ocrx_word' id='word_1_165' title='bbox 3747 905 3820 974; x_wconf 83' lang='grc' dir='ltr'><strong>μὴ</strong></span> <span class='ocrx_word' id='word_1_166' title='bbox 3873 903 4011 956; x_wconf 76' lang='grc' dir='ltr'>εἶναι</span> 
     </span>
    </p>
   </div>
   <div class='ocr_carea' id='block_1_25' title="bbox 2431 993 4014 1066">
    <p class='ocr_par' dir='ltr' id='par_1_25' title="bbox 2431 993 4014 1066">
     <span class='ocr_line' id='line_1_25' title="bbox 2431 993 4014 1066; baseline 0.001 -23"><span class='ocrx_word' id='word_1_167' title='bbox 2431 993 2686 1056; x_wconf 69' lang='grc' dir='ltr'>καθάπαξ</span> <span class='ocrx_word' id='word_1_168' title='bbox 2711 994 3048 1059; x_wconf 80' lang='grc' dir='ltr'>ἀνένδεκτον,</span> <span class='ocrx_word' id='word_1_169' title='bbox 3069 995 3176 1046; x_wconf 73' lang='grc' dir='ltr'>ἀπὸ</span> <span class='ocrx_word' id='word_1_170' title='bbox 3196 997 3290 1060; x_wconf 80' lang='grc' dir='ltr'>τῆς</span> <span class='ocrx_word' id='word_1_171' title='bbox 3317 997 3608 1064; x_wconf 71' lang='grc' dir='ltr'>ποσότητος</span> <span class='ocrx_word' id='word_1_172' title='bbox 3633 993 3788 1056; x_wconf 76' lang='grc' dir='ltr'>αὖθις</span> <span class='ocrx_word' id='word_1_173' title='bbox 3809 998 4014 1066; x_wconf 67' lang='grc' dir='ltr'>ἐπιχει-</span> 
     </span>
    </p>
   </div>
   <div class='ocr_carea' id='block_1_26' title="bbox 2434 1084 4014 1157">
    <p class='ocr_par' dir='ltr' id='par_1_26' title="bbox 2434 1084 4014 1157">
     <span class='ocr_line' id='line_1_26' title="bbox 2434 1084 4014 1157; baseline 0.001 -22"><span class='ocrx_word' id='word_1_174' title='bbox 2434 1084 2642 1152; x_wconf 88' lang='grc' dir='ltr'>ροῦσιν.</span> <span class='ocrx_word' id='word_1_175' title='bbox 2672 1087 2742 1137; x_wconf 82' lang='grc' dir='ltr'>Τὸ</span> <span class='ocrx_word' id='word_1_176' title='bbox 2775 1085 2872 1156; x_wconf 82' lang='grc' dir='ltr'>μὲν</span> <span class='ocrx_word' id='word_1_177' title='bbox 2900 1087 3004 1155; x_wconf 81' lang='grc' dir='ltr'>γὰρ</span> <span class='ocrx_word' id='word_1_178' title='bbox 3030 1086 3127 1154; x_wconf 79' lang='grc' dir='ltr'>τῆς</span> <span class='ocrx_word' id='word_1_179' title='bbox 3157 1085 3250 1138; x_wconf 88' lang='grc' dir='ltr'><strong>τοῦ</strong></span> <span class='ocrx_word' id='word_1_180' title='bbox 3273 1086 3436 1157; x_wconf 88' lang='grc' dir='ltr'>ἄρτου</span> <span class='ocrx_word' id='word_1_181' title='bbox 3467 1087 3656 1150; x_wconf 76' lang='grc' dir='ltr'>οὐσίας</span> <span class='ocrx_word' id='word_1_182' title='bbox 3689 1090 3763 1149; x_wconf 88' lang='grc' dir='ltr'>εἰς</span> <span class='ocrx_word' id='word_1_183' title='bbox 3799 1089 3896 1156; x_wconf 76' lang='grc' dir='ltr'><strong>τὴν</strong></span> <span class='ocrx_word' id='word_1_184' title='bbox 3921 1088 4014 1140; x_wconf 76' lang='grc' dir='ltr'><strong>τοῦ</strong></span> 
     </span>
    </p>
   </div>
   <div class='ocr_carea' id='block_1_27' title="bbox 2432 1176 4015 1250">
    <p class='ocr_par' dir='ltr' id='par_1_27' title="bbox 2432 1176 4015 1250">
     <span class='ocr_line' id='line_1_27' title="bbox 2432 1176 4015 1250; baseline 0 -21"><span class='ocrx_word' id='word_1_185' title='bbox 2432 1176 2684 1245; x_wconf 82' lang='grc' dir='ltr'>σώματος</span> <span class='ocrx_word' id='word_1_186' title='bbox 2724 1179 3210 1248; x_wconf 71' lang='grc' dir='ltr'>μεταϐαλλομένης</span> <span class='ocrx_word' id='word_1_187' title='bbox 3237 1178 3305 1230; x_wconf 84' lang='grc' dir='ltr'><strong>τά</strong></span> <span class='ocrx_word' id='word_1_188' title='bbox 3340 1181 3730 1248; x_wconf 74' lang='grc' dir='ltr'>συμϐεϐηκότα</span> <span class='ocrx_word' id='word_1_189' title='bbox 3760 1183 3834 1248; x_wconf 72' lang='grc' dir='ltr'>τῷ</span> <span class='ocrx_word' id='word_1_190' title='bbox 3864 1181 4015 1250; x_wconf 67' lang='grc' dir='ltr'>ἄρτῳ</span> 
     </span>
    </p>
   </div>
   <div class='ocr_carea' id='block_1_28' title="bbox 2434 1267 4014 1337">
    <p class='ocr_par' dir='ltr' id='par_1_28' title="bbox 2434 1267 4014 1337">
     <span class='ocr_line' id='line_1_28' title="bbox 2434 1267 4014 1337; baseline -0.003 -18"><span class='ocrx_word' id='word_1_191' title='bbox 2434 1268 2615 1336; x_wconf 81' lang='grc' dir='ltr'>μένειν</span> <span class='ocrx_word' id='word_1_192' title='bbox 2650 1267 2744 1319; x_wconf 88' lang='grc' dir='ltr'><strong>τοῦ</strong></span> <span class='ocrx_word' id='word_1_193' title='bbox 2794 1269 3160 1336; x_wconf 82' lang='grc' dir='ltr'>ὑποκειμένου</span> <span class='ocrx_word' id='word_1_194' title='bbox 3208 1269 3397 1337; x_wconf 73' lang='grc' dir='ltr'>χωρὶς,</span> <span class='ocrx_word' id='word_1_195' title='bbox 3429 1268 3568 1336; x_wconf 81' lang='grc' dir='ltr'>ὑπὲρ</span> <span class='ocrx_word' id='word_1_196' title='bbox 3618 1267 3716 1337; x_wconf 82' lang='grc' dir='ltr'><strong>τὴν</strong></span> <span class='ocrx_word' id='word_1_197' title='bbox 3747 1269 3907 1335; x_wconf 80' lang='grc' dir='ltr'>φύσιν</span> <span class='ocrx_word' id='word_1_198' title='bbox 3935 1269 4014 1329; x_wconf 70' lang='grc' dir='ltr'><strong>ὃν,</strong></span> 
     </span>
    </p>
   </div>
   <div class='ocr_carea' id='block_1_29' title="bbox 2430 1359 4016 1431">
    <p class='ocr_par' dir='ltr' id='par_1_29' title="bbox 2430 1359 4016 1431">
     <span class='ocr_line' id='line_1_29' title="bbox 2430 1359 4016 1431; baseline -0.001 -18"><span class='ocrx_word' id='word_1_199' title='bbox 2430 1363 2578 1430; x_wconf 85' lang='grc' dir='ltr'>ὅμως</span> <span class='ocrx_word' id='word_1_200' title='bbox 2607 1362 2702 1431; x_wconf 82' lang='grc' dir='ltr'>οὐχ</span> <span class='ocrx_word' id='word_1_201' title='bbox 2736 1360 3086 1429; x_wconf 78' lang='grc' dir='ltr'>ὑπερϐαίνειν</span> <span class='ocrx_word' id='word_1_202' title='bbox 3115 1359 3287 1430; x_wconf 78' lang='grc' dir='ltr'>τὴν...</span> <span class='ocrx_word' id='word_1_203' title='bbox 3319 1362 3374 1412; x_wconf 82' lang='grc' dir='ltr'>ὲν</span> <span class='ocrx_word' id='word_1_204' title='bbox 3416 1360 3546 1430; x_wconf 83' lang='grc' dir='ltr'>παρ’</span> <span class='ocrx_word' id='word_1_205' title='bbox 3582 1361 3748 1415; x_wconf 83' lang='grc' dir='ltr'>αὑτοῦ</span> <span class='ocrx_word' id='word_1_206' title='bbox 3778 1361 3889 1414; x_wconf 85' lang='grc' dir='ltr'>νοῦ.</span> <span class='ocrx_word' id='word_1_207' title='bbox 3926 1360 4016 1428; x_wconf 80' lang='grc' dir='ltr'>Μὴ</span> 
     </span>
    </p>
   </div>
   <div class='ocr_carea' id='block_1_30' title="bbox 2433 1454 4016 1525">
    <p class='ocr_par' dir='ltr' id='par_1_30' title="bbox 2433 1454 4016 1525">
     <span class='ocr_line' id='line_1_30' title="bbox 2433 1454 4016 1525; baseline -0.001 -19"><span class='ocrx_word' id='word_1_208' title='bbox 2433 1456 2765 1524; x_wconf 77' lang='grc' dir='ltr'>ἐνυπάρχειν</span> <span class='ocrx_word' id='word_1_209' title='bbox 2818 1457 2920 1525; x_wconf 76' lang='grc' dir='ltr'>μὲν</span> <span class='ocrx_word' id='word_1_210' title='bbox 2967 1455 3077 1525; x_wconf 82' lang='grc' dir='ltr'><strong>γάρ</strong></span> <span class='ocrx_word' id='word_1_211' title='bbox 3124 1455 3470 1523; x_wconf 77' lang='grc' dir='ltr'><strong>ὑποκειμένῳ</strong></span> <span class='ocrx_word' id='word_1_212' title='bbox 3505 1454 3574 1506; x_wconf 68' lang='grc' dir='ltr'>τὰ</span> <span class='ocrx_word' id='word_1_213' title='bbox 3631 1454 4016 1521; x_wconf 68' lang='grc' dir='ltr'>συμϐεϐηκότα</span> 
     </span>
    </p>
   </div>
   <div class='ocr_carea' id='block_1_31' title="bbox 2430 1544 4016 1614">
    <p class='ocr_par' dir='ltr' id='par_1_31' title="bbox 2430 1544 4016 1614">
     <span class='ocr_line' id='line_1_31' title="bbox 2430 1544 4016 1614; baseline -0.001 -18"><span class='ocrx_word' id='word_1_214' title='bbox 2430 1545 2730 1599; x_wconf 76' lang='grc' dir='ltr'>ἀδύνατονο</span> <span class='ocrx_word' id='word_1_215' title='bbox 2778 1546 2937 1599; x_wconf 87' lang='grc' dir='ltr'>τοῦτο</span> <span class='ocrx_word' id='word_1_216' title='bbox 2990 1546 3100 1614; x_wconf 86' lang='grc' dir='ltr'><strong>γάρ</strong></span> <span class='ocrx_word' id='word_1_217' title='bbox 3151 1547 3213 1597; x_wconf 83' lang='grc' dir='ltr'>ὲκ</span> <span class='ocrx_word' id='word_1_218' title='bbox 3268 1545 3363 1596; x_wconf 88' lang='grc' dir='ltr'><strong>τοῦ</strong></span> <span class='ocrx_word' id='word_1_219' title='bbox 3404 1545 3564 1611; x_wconf 81' lang='grc' dir='ltr'><strong>λόγου</strong></span> <span class='ocrx_word' id='word_1_220' title='bbox 3594 1544 3704 1596; x_wconf 82' lang='grc' dir='ltr'>τῶν</span> <span class='ocrx_word' id='word_1_221' title='bbox 3739 1544 4016 1611; x_wconf 78' lang='grc' dir='ltr'>συμϐεϐη-</span> 
     </span>
    </p>
   </div>
   <div class='ocr_carea' id='block_1_32' title="bbox 2432 1635 4016 1703">
    <p class='ocr_par' dir='ltr' id='par_1_32' title="bbox 2432 1635 4016 1703">
     <span class='ocr_line' id='line_1_32' title="bbox 2432 1635 4016 1703; baseline -0.001 -15"><span class='ocrx_word' id='word_1_222' title='bbox 2432 1638 2608 1688; x_wconf 87' lang='grc' dir='ltr'>κότων</span> <span class='ocrx_word' id='word_1_223' title='bbox 2665 1637 2834 1690; x_wconf 76' lang='grc' dir='ltr'>ἐστίν.</span> <span class='ocrx_word' id='word_1_224' title='bbox 2885 1638 3152 1690; x_wconf 83' lang='grc' dir='ltr'>Ἐπινοεῖν</span> <span class='ocrx_word' id='word_1_225' title='bbox 3204 1637 3259 1688; x_wconf 81' lang='grc' dir='ltr'><em>δέ</em></span> <span class='ocrx_word' id='word_1_226' title='bbox 3306 1655 3356 1688; x_wconf 90' lang='grc' dir='ltr'><strong>τι</strong></span> <span class='ocrx_word' id='word_1_227' title='bbox 3392 1637 3633 1689; x_wconf 75' lang='grc' dir='ltr'>τοιοῦτον</span> <span class='ocrx_word' id='word_1_228' title='bbox 3680 1637 3831 1703; x_wconf 81' lang='grc' dir='ltr'>ὅμως</span> <span class='ocrx_word' id='word_1_229' title='bbox 3861 1635 4016 1687; x_wconf 81' lang='grc' dir='ltr'>δυνά-</span> 
     </span>
    </p>
   </div>
   <div class='ocr_carea' id='block_1_33' title="bbox 2435 1727 4019 1798">
    <p class='ocr_par' dir='ltr' id='par_1_33' title="bbox 2435 1727 4019 1798">
     <span class='ocr_line' id='line_1_33' title="bbox 2435 1727 4019 1798; baseline -0.001 -19"><span class='ocrx_word' id='word_1_230' title='bbox 2435 1730 2598 1798; x_wconf 86' lang='grc' dir='ltr'>μεθα,</span> <span class='ocrx_word' id='word_1_231' title='bbox 2633 1729 2728 1780; x_wconf 75' lang='grc' dir='ltr'><strong>καὶ</strong></span> <span class='ocrx_word' id='word_1_232' title='bbox 2756 1727 2850 1781; x_wconf 81' lang='grc' dir='ltr'><strong>τοῦ</strong></span> <span class='ocrx_word' id='word_1_233' title='bbox 2884 1729 3244 1798; x_wconf 77' lang='grc' dir='ltr'>ὑποκειμένου</span> <span class='ocrx_word' id='word_1_234' title='bbox 3281 1729 3342 1781; x_wconf 77' lang='grc' dir='ltr'><strong>τὸ</strong></span> <span class='ocrx_word' id='word_1_235' title='bbox 3371 1728 3729 1798; x_wconf 69' lang='grc' dir='ltr'>συμϐεϐηκὸς</span> <span class='ocrx_word' id='word_1_236' title='bbox 3761 1729 4019 1796; x_wconf 80' lang='grc' dir='ltr'>ἀφαιρεῖν</span> 
     </span>
    </p>
   </div>
   <div class='ocr_carea' id='block_1_34' title="bbox 2433 1815 4019 1891">
    <p class='ocr_par' dir='ltr' id='par_1_34' title="bbox 2433 1815 4019 1891">
     <span class='ocr_line' id='line_1_34' title="bbox 2433 1815 4019 1891; baseline 0.001 -20"><span class='ocrx_word' id='word_1_237' title='bbox 2433 1822 2497 1889; x_wconf 81' lang='grc' dir='ltr'>τῇ</span> <span class='ocrx_word' id='word_1_238' title='bbox 2531 1819 2757 1888; x_wconf 78' lang='grc' dir='ltr'>δυνάμει</span> <span class='ocrx_word' id='word_1_239' title='bbox 2812 1821 2906 1872; x_wconf 86' lang='grc' dir='ltr'><strong>τοῦ</strong></span> <span class='ocrx_word' id='word_1_240' title='bbox 2942 1820 3054 1885; x_wconf 90' lang='grc' dir='ltr'>νοῦ,</span> <span class='ocrx_word' id='word_1_241' title='bbox 3084 1815 3128 1888; x_wconf 79' lang='grc' dir='ltr'><strong>ᾧ</strong></span> <span class='ocrx_word' id='word_1_242' title='bbox 3177 1821 3365 1891; x_wconf 84' lang='grc' dir='ltr'>τρόπῳ</span> <span class='ocrx_word' id='word_1_243' title='bbox 3407 1820 3612 1872; x_wconf 76' lang='grc' dir='ltr'>καὶτὸν</span> <span class='ocrx_word' id='word_1_244' title='bbox 3654 1820 3747 1870; x_wconf 88' lang='grc' dir='ltr'><strong>τοῦ</strong></span> <span class='ocrx_word' id='word_1_245' title='bbox 3787 1820 4019 1873; x_wconf 81' lang='grc' dir='ltr'>καθόλου</span> 
     </span>
    </p>
   </div>
   <div class='ocr_carea' id='block_1_35' title="bbox 745 1912 2507 2006">
    <p class='ocr_par' dir='ltr' id='par_1_35' title="bbox 745 1912 2507 2006">
     <span class='ocr_line' id='line_1_35' title="bbox 745 1912 2507 2006; baseline -0.013 -19"><span class='ocrx_word' id='word_1_246' title='bbox 745 1951 840 2006; x_wconf 83' lang='lat' dir='ltr'><strong>per</strong></span> <span class='ocrx_word' id='word_1_247' title='bbox 865 1929 1062 1985; x_wconf 90' lang='lat' dir='ltr'><strong>mentis</strong></span> <span class='ocrx_word' id='word_1_248' title='bbox 1087 1924 1381 1995; x_wconf 79' lang='lat' dir='ltr'><strong>potentiam</strong></span> <span class='ocrx_word' id='word_1_249' title='bbox 1406 1939 1416 1974; x_wconf 96' lang='lat'>:</span> <span class='ocrx_word' id='word_1_250' title='bbox 1445 1936 1550 1990; x_wconf 89' lang='lat' dir='ltr'><strong>qua</strong></span> <span class='ocrx_word' id='word_1_251' title='bbox 1576 1919 1790 1972; x_wconf 87' lang='lat' dir='ltr'><strong>ratione</strong></span> <span class='ocrx_word' id='word_1_252' title='bbox 1811 1913 2137 1970; x_wconf 74' lang='lat' dir='ltr'><strong>universalis</strong></span> <span class='ocrx_word' id='word_1_253' title='bbox 2161 1912 2324 1965; x_wconf 89' lang='lat' dir='ltr'><strong>ratio-</strong></span> <span class='ocrx_word' id='word_1_254' title='bbox 2362 1915 2399 1968; x_wconf 83' lang='grc' dir='ltr'>Β</span> <span class='ocrx_word' id='word_1_255' title='bbox 2428 1913 2507 1980; x_wconf 65' lang='grc' dir='ltr'><strong>λόγ</strong></span> 
     </span>
    </p>
   </div>
   <div class='ocr_carea' id='block_1_36' title="bbox 2256 1912 4018 2006">
    <p class='ocr_par' dir='ltr' id='par_1_36' title="bbox 2256 1912 4018 1983">
     <span class='ocr_line' id='line_1_36' title="bbox 2256 1912 4018 1983; baseline -0.001 -19"><span class='ocrx_word' id='word_1_256' title='bbox 2256 1913 2324 1964; x_wconf 84' lang='lat' dir='ltr'><strong>io-</strong></span> <span class='ocrx_word' id='word_1_257' title='bbox 2362 1915 2399 1968; x_wconf 83' lang='grc' dir='ltr'>Β</span> <span class='ocrx_word' id='word_1_258' title='bbox 2428 1913 2586 1980; x_wconf 83' lang='grc' dir='ltr'>λόγον</span> <span class='ocrx_word' id='word_1_259' title='bbox 2623 1913 2950 1982; x_wconf 76' lang='grc' dir='ltr'>ἁθροίζομεν</span> <span class='ocrx_word' id='word_1_260' title='bbox 2982 1915 3045 1965; x_wconf 82' lang='grc' dir='ltr'>ὲκ</span> <span class='ocrx_word' id='word_1_261' title='bbox 3074 1913 3186 1966; x_wconf 80' lang='grc' dir='ltr'>τῶν</span> <span class='ocrx_word' id='word_1_262' title='bbox 3227 1915 3473 1983; x_wconf 82' lang='grc' dir='ltr'>μερικῶν</span> <span class='ocrx_word' id='word_1_263' title='bbox 3523 1912 3911 1981; x_wconf 72' lang='grc' dir='ltr'>ἀφαιροῦντες.</span> <span class='ocrx_word' id='word_1_264' title='bbox 3945 1913 4018 1964; x_wconf 80' lang='grc' dir='ltr'><strong>Τὸ</strong></span> 
     </span>
    </p>
   </div>
   <div class='ocr_carea' id='block_1_37' title="bbox 749 2009 2321 2085">
    <p class='ocr_par' dir='ltr' id='par_1_37' title="bbox 749 2009 2321 2085">
     <span class='ocr_line' id='line_1_37' title="bbox 749 2009 2321 2085; baseline -0.019 -1"><span class='ocrx_word' id='word_1_265' title='bbox 749 2043 871 2085; x_wconf 94' lang='lat' dir='ltr'><strong>nem</strong></span> <span class='ocrx_word' id='word_1_266' title='bbox 891 2026 941 2077; x_wconf 91' lang='lat' dir='ltr'><strong>in</strong></span> <span class='ocrx_word' id='word_1_267' title='bbox 971 2036 1135 2076; x_wconf 91' lang='lat' dir='ltr'><strong>unum</strong></span> <span class='ocrx_word' id='word_1_268' title='bbox 1158 2016 1484 2085; x_wconf 82' lang='lat' dir='ltr'><strong>colligimus,</strong></span> <span class='ocrx_word' id='word_1_269' title='bbox 1509 2027 1572 2064; x_wconf 84' lang='lat' dir='ltr'><strong>ex</strong></span> <span class='ocrx_word' id='word_1_270' title='bbox 1593 2009 1962 2078; x_wconf 70' lang='lat' dir='ltr'><strong>singularibus</strong></span> <span class='ocrx_word' id='word_1_271' title='bbox 1986 2013 2321 2073; x_wconf 86' lang='lat' dir='ltr'><strong>separantes.</strong></span> 
     </span>
    </p>
   </div>
   <div class='ocr_carea' id='block_1_38' title="bbox 746 2095 2326 2188">
    <p class='ocr_par' dir='ltr' id='par_1_38' title="bbox 746 2095 2326 2188">
     <span class='ocr_line' id='line_1_38' title="bbox 746 2095 2326 2188; baseline -0.019 -15"><span class='ocrx_word' id='word_1_272' title='bbox 746 2117 900 2188; x_wconf 71' lang='lat' dir='ltr'><strong>Quod</strong></span> <span class='ocrx_word' id='word_1_273' title='bbox 924 2125 1103 2167; x_wconf 89' lang='lat' dir='ltr'><strong>autem</strong></span> <span class='ocrx_word' id='word_1_274' title='bbox 1133 2108 1188 2161; x_wconf 85' lang='lat' dir='ltr'><strong>lit</strong></span> <span class='ocrx_word' id='word_1_275' title='bbox 1213 2120 1305 2176; x_wconf 84' lang='lat' dir='ltr'><strong>per</strong></span> <span class='ocrx_word' id='word_1_276' title='bbox 1326 2102 1524 2156; x_wconf 90' lang='lat' dir='ltr'><strong>mentis</strong></span> <span class='ocrx_word' id='word_1_277' title='bbox 1557 2110 1758 2156; x_wconf 66' lang='lat' dir='ltr'><strong>nostrm</strong></span> <span class='ocrx_word' id='word_1_278' title='bbox 1790 2097 2111 2168; x_wconf 84' lang='lat' dir='ltr'><strong>potentiam,</strong></span> <span class='ocrx_word' id='word_1_279' title='bbox 2141 2095 2326 2162; x_wconf 88' lang='lat' dir='ltr'><strong>utique</strong></span> 
     </span>
    </p>
   </div>
   <div class='ocr_carea' id='block_1_39' title="bbox 752 2188 2324 2274">
    <p class='ocr_par' dir='ltr' id='par_1_39' title="bbox 752 2188 2324 2274">
     <span class='ocr_line' id='line_1_39' title="bbox 752 2188 2324 2274; baseline -0.018 -7"><span class='ocrx_word' id='word_1_280' title='bbox 752 2212 1018 2268; x_wconf 76' lang='lat' dir='ltr'><strong>eﬂicietur</strong></span> <span class='ocrx_word' id='word_1_281' title='bbox 1048 2219 1143 2274; x_wconf 91' lang='lat' dir='ltr'><strong>per</strong></span> <span class='ocrx_word' id='word_1_282' title='bbox 1184 2198 1485 2271; x_wconf 75' lang='lat' dir='ltr'><strong>potentiam</strong></span> <span class='ocrx_word' id='word_1_283' title='bbox 1524 2195 1773 2248; x_wconf 65' lang='lat' dir='ltr'><strong>maximat</strong></span> <span class='ocrx_word' id='word_1_284' title='bbox 1801 2205 1854 2247; x_wconf 89' lang='lat' dir='ltr'><strong>et</strong></span> <span class='ocrx_word' id='word_1_285' title='bbox 1888 2193 2080 2263; x_wconf 64' lang='lat' dir='ltr'><strong>primae</strong></span> <span class='ocrx_word' id='word_1_286' title='bbox 2105 2188 2324 2250; x_wconf 86' lang='lat' dir='ltr'><strong>mentis,</strong></span> 
     </span>
    </p>
   </div>
   <div class='ocr_carea' id='block_1_40' title="bbox 752 2279 2326 2362">
    <p class='ocr_par' dir='ltr' id='par_1_40' title="bbox 752 2279 2326 2362">
     <span class='ocr_line' id='line_1_40' title="bbox 752 2279 2326 2362; baseline -0.02 0"><span class='ocrx_word' id='word_1_287' title='bbox 752 2303 919 2362; x_wconf 90' lang='lat' dir='ltr'><strong>simul</strong></span> <span class='ocrx_word' id='word_1_288' title='bbox 949 2298 1081 2353; x_wconf 89' lang='lat' dir='ltr'><strong>illud</strong></span> <span class='ocrx_word' id='word_1_289' title='bbox 1129 2290 1506 2361; x_wconf 77' lang='lat' dir='ltr'><strong>intelligentis,</strong></span> <span class='ocrx_word' id='word_1_290' title='bbox 1549 2299 1603 2344; x_wconf 90' lang='lat' dir='ltr'><strong>et</strong></span> <span class='ocrx_word' id='word_1_291' title='bbox 1640 2288 1822 2352; x_wconf 89' lang='lat' dir='ltr'><strong>rcipsa</strong></span> <span class='ocrx_word' id='word_1_292' title='bbox 1874 2282 2175 2353; x_wconf 85' lang='lat' dir='ltr'><strong>operantis.</strong></span> <span class='ocrx_word' id='word_1_293' title='bbox 2219 2279 2326 2334; x_wconf 86' lang='lat' dir='ltr'><strong>Sed</strong></span> 
     </span>
    </p>
   </div>
   <div class='ocr_carea' id='block_1_41' title="bbox 751 2372 2328 2464">
    <p class='ocr_par' dir='ltr' id='par_1_41' title="bbox 751 2372 2328 2464">
     <span class='ocr_line' id='line_1_41' title="bbox 751 2372 2328 2464; baseline -0.018 -12"><span class='ocrx_word' id='word_1_294' title='bbox 751 2396 896 2452; x_wconf 82' lang='lat' dir='ltr'><strong>aliud</strong></span> <span class='ocrx_word' id='word_1_295' title='bbox 920 2390 1198 2464; x_wconf 82' lang='lat' dir='ltr'><strong>quidpiam</strong></span> <span class='ocrx_word' id='word_1_296' title='bbox 1223 2399 1342 2440; x_wconf 90' lang='lat' dir='ltr'><strong>esse</strong></span> <span class='ocrx_word' id='word_1_297' title='bbox 1360 2384 1548 2436; x_wconf 88' lang='lat' dir='ltr'><strong>dicunt</strong></span> <span class='ocrx_word' id='word_1_298' title='bbox 1570 2381 1622 2433; x_wconf 92' lang='lat' dir='ltr'><strong>in</strong></span> <span class='ocrx_word' id='word_1_299' title='bbox 1652 2379 1757 2433; x_wconf 91' lang='lat' dir='ltr'><strong>hoc</strong></span> <span class='ocrx_word' id='word_1_300' title='bbox 1779 2383 2146 2438; x_wconf 86' lang='lat' dir='ltr'><strong>sacramento,</strong></span> <span class='ocrx_word' id='word_1_301' title='bbox 2183 2372 2328 2440; x_wconf 84' lang='lat' dir='ltr'><strong>quod</strong></span> 
     </span>
    </p>
   </div>
   <div class='ocr_carea' id='block_1_42' title="bbox 751 2466 2331 2546">
    <p class='ocr_par' dir='ltr' id='par_1_42' title="bbox 751 2466 2331 2546">
     <span class='ocr_line' id='line_1_42' title="bbox 751 2466 2331 2546; baseline -0.02 0"><span class='ocrx_word' id='word_1_302' title='bbox 751 2507 857 2546; x_wconf 90' lang='lat' dir='ltr'><strong>non</strong></span> <span class='ocrx_word' id='word_1_303' title='bbox 890 2486 1050 2541; x_wconf 87' lang='lat' dir='ltr'><strong>modo</strong></span> <span class='ocrx_word' id='word_1_304' title='bbox 1083 2475 1470 2542; x_wconf 88' lang='lat' dir='ltr'><strong>naturam,sed</strong></span> <span class='ocrx_word' id='word_1_305' title='bbox 1498 2476 1670 2544; x_wconf 80' lang='lat' dir='ltr'><strong>ipsam</strong></span> <span class='ocrx_word' id='word_1_306' title='bbox 1704 2473 1867 2525; x_wconf 89' lang='lat' dir='ltr'><strong>etiam</strong></span> <span class='ocrx_word' id='word_1_307' title='bbox 1901 2466 2097 2520; x_wconf 91' lang='lat' dir='ltr'><strong>mentis</strong></span> <span class='ocrx_word' id='word_1_308' title='bbox 2129 2475 2331 2519; x_wconf 76' lang='lat' dir='ltr'><strong>nostra:</strong></span> 
     </span>
    </p>
   </div>
   <div class='ocr_carea' id='block_1_43' title="bbox 749 2563 2329 2653">
    <p class='ocr_par' dir='ltr' id='par_1_43' title="bbox 749 2563 2329 2653">
     <span class='ocr_line' id='line_1_43' title="bbox 749 2563 2329 2653; baseline -0.018 -16"><span class='ocrx_word' id='word_1_309' title='bbox 749 2580 1055 2653; x_wconf 84' lang='lat' dir='ltr'><strong>potentiam</strong></span> <span class='ocrx_word' id='word_1_310' title='bbox 1085 2580 1328 2642; x_wconf 89' lang='lat' dir='ltr'><strong>superet,</strong></span> <span class='ocrx_word' id='word_1_311' title='bbox 1362 2566 1570 2622; x_wconf 89' lang='lat' dir='ltr'><strong>scilicet</strong></span> <span class='ocrx_word' id='word_1_312' title='bbox 1593 2563 1734 2634; x_wconf 89' lang='lat' dir='ltr'><strong>quod</strong></span> <span class='ocrx_word' id='word_1_313' title='bbox 1772 2564 1825 2616; x_wconf 87' lang='lat' dir='ltr'><strong>in</strong></span> <span class='ocrx_word' id='word_1_314' title='bbox 1856 2575 2019 2629; x_wconf 81' lang='lat' dir='ltr'><strong>parva</strong></span> <span class='ocrx_word' id='word_1_315' title='bbox 2059 2572 2329 2628; x_wconf 86' lang='lat' dir='ltr'><strong>apparen-</strong></span> 
     </span>
    </p>
   </div>
   <div class='ocr_carea' id='block_1_44' title="bbox 754 2653 2333 2744">
    <p class='ocr_par' dir='ltr' id='par_1_44' title="bbox 754 2653 2333 2744">
     <span class='ocr_line' id='line_1_44' title="bbox 754 2653 2333 2744; baseline -0.018 -12"><span class='ocrx_word' id='word_1_316' title='bbox 754 2681 825 2732; x_wconf 80' lang='lat' dir='ltr'><strong>tis</strong></span> <span class='ocrx_word' id='word_1_317' title='bbox 857 2673 1013 2744; x_wconf 89' lang='lat' dir='ltr'><strong>panis</strong></span> <span class='ocrx_word' id='word_1_318' title='bbox 1028 2667 1334 2738; x_wconf 84' lang='lat' dir='ltr'><strong>quantitate</strong></span> <span class='ocrx_word' id='word_1_319' title='bbox 1361 2671 1506 2717; x_wconf 91' lang='lat' dir='ltr'><strong>totus</strong></span> <span class='ocrx_word' id='word_1_320' title='bbox 1526 2658 1779 2714; x_wconf 83' lang='lat' dir='ltr'><strong>Christus</strong></span> <span class='ocrx_word' id='word_1_321' title='bbox 1801 2654 2042 2710; x_wconf 84' lang='lat' dir='ltr'><strong>creditur</strong></span> <span class='ocrx_word' id='word_1_322' title='bbox 2077 2671 2090 2707; x_wconf 89' lang='lat'><strong>:</strong></span> <span class='ocrx_word' id='word_1_323' title='bbox 2119 2653 2210 2706; x_wconf 91' lang='lat' dir='ltr'><strong>sed</strong></span> <span class='ocrx_word' id='word_1_324' title='bbox 2241 2666 2333 2704; x_wconf 92' lang='lat' dir='ltr'><strong>ne-</strong></span> 
     </span>
    </p>
   </div>
   <div class='ocr_carea' id='block_1_45' title="bbox 755 2743 2329 2839">
    <p class='ocr_par' dir='ltr' id='par_1_45' title="bbox 755 2743 2329 2839">
     <span class='ocr_line' id='line_1_45' title="bbox 755 2743 2329 2839; baseline -0.018 -17"><span class='ocrx_word' id='word_1_325' title='bbox 755 2768 992 2839; x_wconf 88' lang='lat' dir='ltr'><strong>quehoc</strong></span> <span class='ocrx_word' id='word_1_326' title='bbox 1041 2757 1369 2815; x_wconf 86' lang='lat' dir='ltr'><strong>miraculum</strong></span> <span class='ocrx_word' id='word_1_327' title='bbox 1428 2750 1735 2806; x_wconf 86' lang='lat' dir='ltr'><strong>rationibus</strong></span> <span class='ocrx_word' id='word_1_328' title='bbox 1787 2747 1986 2816; x_wconf 84' lang='lat' dir='ltr'><strong>quibus</strong></span> <span class='ocrx_word' id='word_1_329' title='bbox 2027 2743 2329 2796; x_wconf 76' lang='lat' dir='ltr'><strong>dillicultati</strong></span> 
     </span>
    </p>
   </div>
   <div class='ocr_carea' id='block_1_46' title="bbox 758 2835 2330 2918">
    <p class='ocr_par' dir='ltr' id='par_1_46' title="bbox 758 2835 2330 2918">
     <span class='ocr_line' id='line_1_46' title="bbox 758 2835 2330 2918; baseline -0.018 -3"><span class='ocrx_word' id='word_1_330' title='bbox 758 2835 1105 2918; x_wconf 81' lang='lat' dir='ltr'><strong>occurratur,</strong></span> <span class='ocrx_word' id='word_1_331' title='bbox 1137 2860 1306 2906; x_wconf 86' lang='lat' dir='ltr'><strong>caret.</strong></span> <span class='ocrx_word' id='word_1_332' title='bbox 1339 2847 1524 2915; x_wconf 79' lang='lat' dir='ltr'><strong>Neque</strong></span> <span class='ocrx_word' id='word_1_333' title='bbox 1557 2843 1703 2897; x_wconf 88' lang='lat' dir='ltr'><strong>enim</strong></span> <span class='ocrx_word' id='word_1_334' title='bbox 1730 2841 1783 2896; x_wconf 93' lang='lat' dir='ltr'><strong>in</strong></span> <span class='ocrx_word' id='word_1_335' title='bbox 1810 2853 1969 2894; x_wconf 87' lang='lat' dir='ltr'><strong>sacro</strong></span> <span class='ocrx_word' id='word_1_336' title='bbox 1995 2837 2097 2891; x_wconf 91' lang='lat' dir='ltr'><strong>hoc</strong></span> <span class='ocrx_word' id='word_1_337' title='bbox 2119 2835 2330 2891; x_wconf 83' lang='lat' dir='ltr'><strong>sacriﬁ-</strong></span> 
     </span>
    </p>
   </div>
   <div class='ocr_carea' id='block_1_47' title="bbox 755 2931 2331 3016">
    <p class='ocr_par' dir='ltr' id='par_1_47' title="bbox 755 2931 2331 3016">
     <span class='ocr_line' id='line_1_47' title="bbox 755 2931 2331 3016; baseline -0.02 -7"><span class='ocrx_word' id='word_1_338' title='bbox 755 2957 842 3008; x_wconf 78' lang='lat' dir='ltr'><strong>cio</strong></span> <span class='ocrx_word' id='word_1_339' title='bbox 868 2962 950 3006; x_wconf 91' lang='lat' dir='ltr'><strong>est</strong></span> <span class='ocrx_word' id='word_1_340' title='bbox 983 2961 1183 3016; x_wconf 83' lang='lat' dir='ltr'><strong>corpus</strong></span> <span class='ocrx_word' id='word_1_341' title='bbox 1217 2940 1420 2996; x_wconf 85' lang='lat' dir='ltr'><strong>Christi</strong></span> <span class='ocrx_word' id='word_1_342' title='bbox 1457 2933 1804 2992; x_wconf 86' lang='lat' dir='ltr'><strong>naturaliter,</strong></span> <span class='ocrx_word' id='word_1_343' title='bbox 1829 2931 1922 2986; x_wconf 89' lang='lat' dir='ltr'><strong>sed</strong></span> <span class='ocrx_word' id='word_1_344' title='bbox 1956 2939 2331 2984; x_wconf 87' lang='lat' dir='ltr'><strong>sacramenta-</strong></span> 
     </span>
    </p>
   </div>
   <div class='ocr_carea' id='block_1_48' title="bbox 755 3021 2335 3103">
    <p class='ocr_par' dir='ltr' id='par_1_48' title="bbox 755 3021 2335 3103">
     <span class='ocr_line' id='line_1_48' title="bbox 755 3021 2335 3103; baseline -0.019 -2"><span class='ocrx_word' id='word_1_345' title='bbox 755 3050 876 3101; x_wconf 88' lang='lat' dir='ltr'><strong>liter</strong></span> <span class='ocrx_word' id='word_1_346' title='bbox 913 3041 1116 3103; x_wconf 89' lang='lat' dir='ltr'><strong>solum;</strong></span> <span class='ocrx_word' id='word_1_347' title='bbox 1149 3035 1356 3090; x_wconf 90' lang='lat' dir='ltr'><strong>idcirco</strong></span> <span class='ocrx_word' id='word_1_348' title='bbox 1411 3031 1464 3084; x_wconf 86' lang='lat' dir='ltr'><strong>in</strong></span> <span class='ocrx_word' id='word_1_349' title='bbox 1507 3043 1572 3083; x_wconf 90' lang='lat' dir='ltr'><strong>eo</strong></span> <span class='ocrx_word' id='word_1_350' title='bbox 1605 3042 1714 3081; x_wconf 89' lang='lat' dir='ltr'><strong>non</strong></span> <span class='ocrx_word' id='word_1_351' title='bbox 1763 3033 1848 3080; x_wconf 91' lang='lat' dir='ltr'><strong>est</strong></span> <span class='ocrx_word' id='word_1_352' title='bbox 1871 3033 2127 3093; x_wconf 86' lang='lat' dir='ltr'><strong>tanquam</strong></span> <span class='ocrx_word' id='word_1_353' title='bbox 2155 3021 2335 3074; x_wconf 82' lang='lat' dir='ltr'><strong>taber-</strong></span> 
     </span>
    </p>
   </div>
   <div class='ocr_carea' id='block_1_49' title="bbox 758 3114 2333 3194">
    <p class='ocr_par' dir='ltr' id='par_1_49' title="bbox 758 3114 2333 3194">
     <span class='ocr_line' id='line_1_49' title="bbox 758 3114 2333 3194; baseline -0.018 1"><span class='ocrx_word' id='word_1_354' title='bbox 758 3138 957 3194; x_wconf 83' lang='lat' dir='ltr'><strong>uaculo</strong></span> <span class='ocrx_word' id='word_1_355' title='bbox 988 3134 1225 3186; x_wconf 78' lang='lat' dir='ltr'><strong>velatum</strong></span> <span class='ocrx_word' id='word_1_356' title='bbox 1255 3128 1308 3180; x_wconf 91' lang='lat' dir='ltr'><strong>in</strong></span> <span class='ocrx_word' id='word_1_357' title='bbox 1338 3122 1576 3194; x_wconf 86' lang='lat' dir='ltr'><strong>quodam</strong></span> <span class='ocrx_word' id='word_1_358' title='bbox 1601 3122 1743 3184; x_wconf 86' lang='lat' dir='ltr'><strong>loco,</strong></span> <span class='ocrx_word' id='word_1_359' title='bbox 1769 3133 1946 3188; x_wconf 90' lang='lat' dir='ltr'><strong>neque</strong></span> <span class='ocrx_word' id='word_1_360' title='bbox 1967 3116 2069 3170; x_wconf 91' lang='lat' dir='ltr'><strong>sub</strong></span> <span class='ocrx_word' id='word_1_361' title='bbox 2095 3114 2333 3185; x_wconf 85' lang='lat' dir='ltr'><strong>propriis</strong></span> 
     </span>
    </p>
   </div>
   <div class='ocr_carea' id='block_1_50' title="bbox 758 3207 2335 3294">
    <p class='ocr_par' dir='ltr' id='par_1_50' title="bbox 758 3207 2335 3294">
     <span class='ocr_line' id='line_1_50' title="bbox 758 3207 2335 3294; baseline -0.015 -9"><span class='ocrx_word' id='word_1_362' title='bbox 758 3234 868 3287; x_wconf 76' lang='lat' dir='ltr'><strong>veri</strong></span> <span class='ocrx_word' id='word_1_363' title='bbox 901 3227 1152 3294; x_wconf 88' lang='lat' dir='ltr'><strong>corporis</strong></span> <span class='ocrx_word' id='word_1_364' title='bbox 1201 3215 1659 3276; x_wconf 86' lang='lat' dir='ltr'><strong>dimensionibus.</strong></span> <span class='ocrx_word' id='word_1_365' title='bbox 1691 3211 1784 3268; x_wconf 91' lang='lat' dir='ltr'><strong>sed</strong></span> <span class='ocrx_word' id='word_1_366' title='bbox 1830 3211 1930 3265; x_wconf 88' lang='lat' dir='ltr'><strong>sub</strong></span> <span class='ocrx_word' id='word_1_367' title='bbox 1969 3207 2140 3263; x_wconf 89' lang='lat' dir='ltr'><strong>solius</strong></span> <span class='ocrx_word' id='word_1_368' title='bbox 2175 3207 2335 3276; x_wconf 86' lang='lat' dir='ltr'><strong>panis</strong></span> 
     </span>
    </p>
   </div>
   <div class='ocr_carea' id='block_1_51' title="bbox 757 3299 2331 3379">
    <p class='ocr_par' dir='ltr' id='par_1_51' title="bbox 757 3299 2331 3379">
     <span class='ocr_line' id='line_1_51' title="bbox 757 3299 2331 3379; baseline -0.018 0"><span class='ocrx_word' id='word_1_369' title='bbox 757 3318 1194 3379; x_wconf 74' lang='lat' dir='ltr'><strong>dimensionibus</strong></span> <span class='ocrx_word' id='word_1_370' title='bbox 1235 3328 1246 3364; x_wconf 94' lang='lat'><strong>:</strong></span> <span class='ocrx_word' id='word_1_371' title='bbox 1305 3308 1448 3362; x_wconf 88' lang='lat' dir='ltr'><strong>unde</strong></span> <span class='ocrx_word' id='word_1_372' title='bbox 1495 3302 1936 3374; x_wconf 82' lang='lat' dir='ltr'><strong>quandoquidem</strong></span> <span class='ocrx_word' id='word_1_373' title='bbox 1999 3302 2161 3371; x_wconf 85' lang='lat' dir='ltr'><strong>panis</strong></span> <span class='ocrx_word' id='word_1_374' title='bbox 2201 3299 2331 3353; x_wconf 91' lang='lat' dir='ltr'><strong>sub-</strong></span> 
     </span>
    </p>
   </div>
   <div class='ocr_carea' id='block_1_52' title="bbox 766 3391 2333 3469">
    <p class='ocr_par' dir='ltr' id='par_1_52' title="bbox 766 3391 2333 3469">
     <span class='ocr_line' id='line_1_52' title="bbox 766 3391 2333 3469; baseline -0.015 0"><span class='ocrx_word' id='word_1_375' title='bbox 766 3423 965 3469; x_wconf 66' lang='lat' dir='ltr'><strong>Slnnlla</strong></span> <span class='ocrx_word' id='word_1_376' title='bbox 993 3405 1290 3463; x_wconf 82' lang='lat' dir='ltr'><strong>secundum</strong></span> <span class='ocrx_word' id='word_1_377' title='bbox 1343 3399 1604 3468; x_wconf 84' lang='lat' dir='ltr'><strong>scipsam,</strong></span> <span class='ocrx_word' id='word_1_378' title='bbox 1638 3403 1692 3450; x_wconf 91' lang='lat' dir='ltr'><strong>et</strong></span> <span class='ocrx_word' id='word_1_379' title='bbox 1727 3407 2000 3465; x_wconf 87' lang='lat' dir='ltr'><strong>quatenus</strong></span> <span class='ocrx_word' id='word_1_380' title='bbox 2031 3391 2333 3449; x_wconf 83' lang='lat' dir='ltr'><strong>substantia</strong></span> 
     </span>
    </p>
   </div>
   <div class='ocr_carea' id='block_1_53' title="bbox 763 3485 2330 3562">
    <p class='ocr_par' dir='ltr' id='par_1_53' title="bbox 763 3485 2330 3562">
     <span class='ocr_line' id='line_1_53' title="bbox 763 3485 2330 3562; baseline -0.017 0"><span class='ocrx_word' id='word_1_381' title='bbox 763 3519 867 3562; x_wconf 64' lang='lat' dir='ltr'><strong>est.</strong></span> <span class='ocrx_word' id='word_1_382' title='bbox 899 3507 1081 3558; x_wconf 85' lang='lat' dir='ltr'><strong>locum</strong></span> <span class='ocrx_word' id='word_1_383' title='bbox 1134 3511 1230 3550; x_wconf 90' lang='lat' dir='ltr'><strong>nec</strong></span> <span class='ocrx_word' id='word_1_384' title='bbox 1285 3497 1520 3559; x_wconf 87' lang='lat' dir='ltr'><strong>occupat</strong></span> <span class='ocrx_word' id='word_1_385' title='bbox 1555 3503 1655 3542; x_wconf 91' lang='lat' dir='ltr'><strong>nec</strong></span> <span class='ocrx_word' id='word_1_386' title='bbox 1700 3486 1888 3555; x_wconf 80' lang='lat' dir='ltr'><strong>exigit,</strong></span> <span class='ocrx_word' id='word_1_387' title='bbox 1919 3485 2022 3539; x_wconf 87' lang='lat' dir='ltr'><strong>nisi</strong></span> <span class='ocrx_word' id='word_1_388' title='bbox 2067 3493 2330 3553; x_wconf 88' lang='lat' dir='ltr'><strong>quantum</strong></span> 
     </span>
    </p>
   </div>
   <div class='ocr_carea' id='block_1_54' title="bbox 762 3575 2335 3659">
    <p class='ocr_par' dir='ltr' id='par_1_54' title="bbox 762 3575 2335 3659">
     <span class='ocr_line' id='line_1_54' title="bbox 762 3575 2335 3659; baseline -0.013 -11"><span class='ocrx_word' id='word_1_389' title='bbox 762 3600 949 3653; x_wconf 60' lang='lat' dir='ltr'><strong>subest</strong></span> <span class='ocrx_word' id='word_1_390' title='bbox 979 3589 1226 3659; x_wconf 82' lang='lat' dir='ltr'><strong>corporis</strong></span> <span class='ocrx_word' id='word_1_391' title='bbox 1253 3578 1711 3642; x_wconf 85' lang='lat' dir='ltr'><strong>dimensionibus,</strong></span> <span class='ocrx_word' id='word_1_392' title='bbox 1754 3577 2008 3646; x_wconf 85' lang='lat' dir='ltr'><strong>sequitur</strong></span> <span class='ocrx_word' id='word_1_393' title='bbox 2040 3576 2092 3629; x_wconf 89' lang='lat' dir='ltr'><strong>in</strong></span> <span class='ocrx_word' id='word_1_394' title='bbox 2120 3575 2224 3629; x_wconf 88' lang='lat' dir='ltr'><strong>hoc</strong></span> <span class='ocrx_word' id='word_1_395' title='bbox 2249 3590 2335 3628; x_wconf 83' lang='lat' dir='ltr'><strong>sa-</strong></span> 
     </span>
    </p>
   </div>
   <div class='ocr_carea' id='block_1_55' title="bbox 761 3669 2338 3745">
    <p class='ocr_par' dir='ltr' id='par_1_55' title="bbox 761 3669 2338 3745">
     <span class='ocr_line' id='line_1_55' title="bbox 761 3669 2338 3745; baseline -0.018 0"><span class='ocrx_word' id='word_1_396' title='bbox 761 3694 1042 3745; x_wconf 85' lang='lat' dir='ltr'><strong>eramento</strong></span> <span class='ocrx_word' id='word_1_397' title='bbox 1065 3677 1270 3736; x_wconf 79' lang='lat' dir='ltr'><strong>Christi</strong></span> <span class='ocrx_word' id='word_1_398' title='bbox 1301 3687 1500 3743; x_wconf 86' lang='lat' dir='ltr'><strong>corpus</strong></span> <span class='ocrx_word' id='word_1_399' title='bbox 1545 3685 1652 3725; x_wconf 91' lang='lat' dir='ltr'><strong>non</strong></span> <span class='ocrx_word' id='word_1_400' title='bbox 1696 3669 1934 3735; x_wconf 78' lang='lat' dir='ltr'><strong>exigere,</strong></span> <span class='ocrx_word' id='word_1_401' title='bbox 1972 3681 2148 3737; x_wconf 88' lang='lat' dir='ltr'><strong>neque</strong></span> <span class='ocrx_word' id='word_1_402' title='bbox 2175 3681 2338 3720; x_wconf 90' lang='lat' dir='ltr'><strong>oecu-</strong></span> 
     </span>
    </p>
   </div>
   <div class='ocr_carea' id='block_1_56' title="bbox 769 3765 2340 3856">
    <p class='ocr_par' dir='ltr' id='par_1_56' title="bbox 769 3765 2340 3856">
     <span class='ocr_line' id='line_1_56' title="bbox 769 3765 2340 3856; baseline -0.011 -23"><span class='ocrx_word' id='word_1_403' title='bbox 769 3800 895 3856; x_wconf 70' lang='lat' dir='ltr'><strong>pare</strong></span> <span class='ocrx_word' id='word_1_404' title='bbox 931 3777 1247 3846; x_wconf 89' lang='lat' dir='ltr'><strong>ampliorem</strong></span> <span class='ocrx_word' id='word_1_405' title='bbox 1289 3773 1493 3833; x_wconf 89' lang='lat' dir='ltr'><strong>locum,</strong></span> <span class='ocrx_word' id='word_1_406' title='bbox 1517 3783 1680 3837; x_wconf 93' lang='lat' dir='ltr'><strong>quam</strong></span> <span class='ocrx_word' id='word_1_407' title='bbox 1716 3775 1980 3834; x_wconf 87' lang='lat' dir='ltr'><strong>quantum</strong></span> <span class='ocrx_word' id='word_1_408' title='bbox 2029 3765 2248 3834; x_wconf 74' lang='lat' dir='ltr'><strong>exigunt</strong></span> <span class='ocrx_word' id='word_1_409' title='bbox 2285 3770 2340 3817; x_wconf 91' lang='lat' dir='ltr'><strong>et</strong></span> 
     </span>
    </p>
   </div>
   <div class='ocr_carea' id='block_1_57' title="bbox 769 3849 2338 3942">
    <p class='ocr_par' dir='ltr' id='par_1_57' title="bbox 769 3849 2338 3942">
     <span class='ocr_line' id='line_1_57' title="bbox 769 3849 2338 3942; baseline -0.016 -13"><span class='ocrx_word' id='word_1_410' title='bbox 769 3849 1038 3942; x_wconf 66' lang='lat' dir='ltr'><strong>ircupaut</strong></span> <span class='ocrx_word' id='word_1_411' title='bbox 1085 3863 1457 3917; x_wconf 82' lang='lat' dir='ltr'><strong>dimensiones</strong></span> <span class='ocrx_word' id='word_1_412' title='bbox 1482 3857 1661 3926; x_wconf 85' lang='lat' dir='ltr'><strong>panis,</strong></span> <span class='ocrx_word' id='word_1_413' title='bbox 1713 3855 1815 3910; x_wconf 92' lang='lat' dir='ltr'><strong>sub</strong></span> <span class='ocrx_word' id='word_1_414' title='bbox 1849 3854 2049 3922; x_wconf 74' lang='lat' dir='ltr'><strong>quibus</strong></span> <span class='ocrx_word' id='word_1_415' title='bbox 2093 3849 2338 3919; x_wconf 88' lang='lat' dir='ltr'><strong>corporis</strong></span> 
     </span>
    </p>
   </div>
   <div class='ocr_carea' id='block_1_58' title="bbox 767 3945 2338 4026">
    <p class='ocr_par' dir='ltr' id='par_1_58' title="bbox 767 3945 2338 4026">
     <span class='ocr_line' id='line_1_58' title="bbox 767 3945 2338 4026; baseline -0.017 -4"><span class='ocrx_word' id='word_1_416' title='bbox 767 3964 1073 4023; x_wconf 71' lang='lat' dir='ltr'><strong>substantia</strong></span> <span class='ocrx_word' id='word_1_417' title='bbox 1099 3957 1314 4026; x_wconf 71' lang='lat' dir='ltr'><strong>tegitur.</strong></span> <span class='ocrx_word' id='word_1_418' title='bbox 1343 3951 1466 4004; x_wconf 88' lang='lat' dir='ltr'><strong>Istis</strong></span> <span class='ocrx_word' id='word_1_419' title='bbox 1503 3958 1682 4002; x_wconf 85' lang='lat' dir='ltr'><strong>autem</strong></span> <span class='ocrx_word' id='word_1_420' title='bbox 1725 3947 1995 4015; x_wconf 80' lang='lat' dir='ltr'><strong>denegare</strong></span> <span class='ocrx_word' id='word_1_421' title='bbox 2033 3945 2188 3998; x_wconf 89' lang='lat' dir='ltr'><strong>tidem</strong></span> <span class='ocrx_word' id='word_1_422' title='bbox 2233 3957 2338 3997; x_wconf 92' lang='lat' dir='ltr'><strong>non</strong></span> 
     </span>
    </p>
   </div>
   <div class='ocr_carea' id='block_1_59' title="bbox 769 4035 2343 4127">
    <p class='ocr_par' dir='ltr' id='par_1_59' title="bbox 769 4035 2343 4127">
     <span class='ocr_line' id='line_1_59' title="bbox 769 4035 2343 4127; baseline -0.015 -18"><span class='ocrx_word' id='word_1_423' title='bbox 769 4063 1006 4127; x_wconf 71' lang='lat' dir='ltr'><strong>tq-mrtet,</strong></span> <span class='ocrx_word' id='word_1_424' title='bbox 1038 4065 1159 4104; x_wconf 87' lang='lat' dir='ltr'><strong>cum</strong></span> <span class='ocrx_word' id='word_1_425' title='bbox 1196 4045 1296 4099; x_wconf 85' lang='lat' dir='ltr'><strong>alia</strong></span> <span class='ocrx_word' id='word_1_426' title='bbox 1333 4041 1501 4096; x_wconf 87' lang='lat' dir='ltr'><strong>multa</strong></span> <span class='ocrx_word' id='word_1_427' title='bbox 1533 4040 1584 4092; x_wconf 94' lang='lat' dir='ltr'><strong>in</strong></span> <span class='ocrx_word' id='word_1_428' title='bbox 1616 4054 1798 4093; x_wconf 90' lang='lat' dir='ltr'><strong>rerum</strong></span> <span class='ocrx_word' id='word_1_429' title='bbox 1833 4047 2027 4091; x_wconf 84' lang='lat' dir='ltr'><strong>natura</strong></span> <span class='ocrx_word' id='word_1_430' title='bbox 2058 4035 2189 4099; x_wconf 88' lang='lat' dir='ltr'><strong>sint,</strong></span> <span class='ocrx_word' id='word_1_431' title='bbox 2219 4048 2343 4104; x_wconf 70' lang='lat' dir='ltr'><strong>qua:</strong></span> 
     </span>
    </p>
   </div>
   <div class='ocr_carea' id='block_1_60' title="bbox 768 4127 2339 4211">
    <p class='ocr_par' dir='ltr' id='par_1_60' title="bbox 768 4127 2339 4211">
     <span class='ocr_line' id='line_1_60' title="bbox 768 4127 2339 4211; baseline -0.015 -7"><span class='ocrx_word' id='word_1_432' title='bbox 768 4146 1016 4205; x_wconf 83' lang='lat' dir='ltr'><strong>eamdem</strong></span> <span class='ocrx_word' id='word_1_433' title='bbox 1054 4155 1218 4211; x_wconf 85' lang='lat' dir='ltr'><strong>prope</strong></span> <span class='ocrx_word' id='word_1_434' title='bbox 1259 4135 1443 4190; x_wconf 85' lang='lat' dir='ltr'><strong>statim</strong></span> <span class='ocrx_word' id='word_1_435' title='bbox 1471 4130 1756 4186; x_wconf 88' lang='lat' dir='ltr'><strong>dubitandi</strong></span> <span class='ocrx_word' id='word_1_436' title='bbox 1783 4145 2004 4184; x_wconf 89' lang='lat' dir='ltr'><strong>causam</strong></span> <span class='ocrx_word' id='word_1_437' title='bbox 2042 4127 2339 4199; x_wconf 68' lang='lat' dir='ltr'><strong>praebeant.</strong></span> 
     </span>
    </p>
   </div>
   <div class='ocr_carea' id='block_1_61' title="bbox 771 4224 2341 4296">
    <p class='ocr_par' dir='ltr' id='par_1_61' title="bbox 771 4224 2341 4296">
     <span class='ocr_line' id='line_1_61' title="bbox 771 4224 2341 4296; baseline -0.013 -1"><span class='ocrx_word' id='word_1_438' title='bbox 771 4244 1015 4296; x_wconf 78' lang='lat' dir='ltr'><strong>Humana</strong></span> <span class='ocrx_word' id='word_1_439' title='bbox 1039 4235 1179 4286; x_wconf 85' lang='lat' dir='ltr'><strong>enim</strong></span> <span class='ocrx_word' id='word_1_440' title='bbox 1207 4229 1386 4282; x_wconf 89' lang='lat' dir='ltr'><strong>anima</strong></span> <span class='ocrx_word' id='word_1_441' title='bbox 1414 4235 1522 4278; x_wconf 87' lang='lat' dir='ltr'><strong>tota</strong></span> <span class='ocrx_word' id='word_1_442' title='bbox 1553 4231 1636 4277; x_wconf 90' lang='lat' dir='ltr'><strong>est</strong></span> <span class='ocrx_word' id='word_1_443' title='bbox 1663 4224 1714 4276; x_wconf 91' lang='lat' dir='ltr'><strong>in</strong></span> <span class='ocrx_word' id='word_1_444' title='bbox 1747 4230 1858 4276; x_wconf 91' lang='lat' dir='ltr'><strong>toto</strong></span> <span class='ocrx_word' id='word_1_445' title='bbox 1878 4237 2125 4292; x_wconf 91' lang='lat' dir='ltr'><strong>corpore,</strong></span> <span class='ocrx_word' id='word_1_446' title='bbox 2152 4232 2205 4276; x_wconf 93' lang='lat' dir='ltr'><strong>et</strong></span> <span class='ocrx_word' id='word_1_447' title='bbox 2227 4230 2341 4275; x_wconf 88' lang='lat' dir='ltr'><strong>tota</strong></span> 
     </span>
    </p>
   </div>
   <div class='ocr_carea' id='block_1_62' title="bbox 773 4314 2341 4397">
    <p class='ocr_par' dir='ltr' id='par_1_62' title="bbox 773 4314 2341 4397">
     <span class='ocr_line' id='line_1_62' title="bbox 773 4314 2341 4397; baseline -0.011 -12"><span class='ocrx_word' id='word_1_448' title='bbox 773 4339 825 4385; x_wconf 90' lang='lat' dir='ltr'><strong>in</strong></span> <span class='ocrx_word' id='word_1_449' title='bbox 866 4329 1095 4397; x_wconf 64' lang='lat' dir='ltr'><strong>singulis</strong></span> <span class='ocrx_word' id='word_1_450' title='bbox 1128 4322 1375 4392; x_wconf 86' lang='lat' dir='ltr'><strong>partibus</strong></span> <span class='ocrx_word' id='word_1_451' title='bbox 1414 4316 1684 4385; x_wconf 85' lang='lat' dir='ltr'><strong>Corporis,</strong></span> <span class='ocrx_word' id='word_1_452' title='bbox 1723 4318 2076 4383; x_wconf 82' lang='lat' dir='ltr'><strong>eamdemque</strong></span> <span class='ocrx_word' id='word_1_453' title='bbox 2114 4314 2166 4367; x_wconf 92' lang='lat' dir='ltr'><strong>in</strong></span> <span class='ocrx_word' id='word_1_454' title='bbox 2189 4322 2341 4382; x_wconf 88' lang='lat' dir='ltr'><strong>parte</strong></span> 
     </span>
    </p>
   </div>
   <div class='ocr_carea' id='block_1_63' title="bbox 768 4407 2342 4488">
    <p class='ocr_par' dir='ltr' id='par_1_63' title="bbox 768 4407 2342 4488">
     <span class='ocr_line' id='line_1_63' title="bbox 768 4407 2342 4488; baseline -0.012 -11"><span class='ocrx_word' id='word_1_455' title='bbox 768 4435 822 4478; x_wconf 88' lang='lat' dir='ltr'><strong>et</strong></span> <span class='ocrx_word' id='word_1_456' title='bbox 859 4426 911 4474; x_wconf 92' lang='lat' dir='ltr'><strong>in</strong></span> <span class='ocrx_word' id='word_1_457' title='bbox 960 4421 1174 4488; x_wconf 88' lang='lat' dir='ltr'><strong>reliquo</strong></span> <span class='ocrx_word' id='word_1_458' title='bbox 1203 4430 1432 4484; x_wconf 86' lang='lat' dir='ltr'><strong>corpore</strong></span> <span class='ocrx_word' id='word_1_459' title='bbox 1497 4421 1747 4464; x_wconf 86' lang='lat' dir='ltr'><strong>naturam</strong></span> <span class='ocrx_word' id='word_1_460' title='bbox 1804 4408 2001 4460; x_wconf 88' lang='lat' dir='ltr'><strong>habet:</strong></span> <span class='ocrx_word' id='word_1_461' title='bbox 2044 4421 2227 4475; x_wconf 77' lang='lat' dir='ltr'><strong>parem</strong></span> <span class='ocrx_word' id='word_1_462' title='bbox 2271 4407 2342 4459; x_wconf 86' lang='lat' dir='ltr'><strong>ita</strong></span> 
     </span>
    </p>
   </div>
   <div class='ocr_carea' id='block_1_64' title="bbox 772 4500 2341 4581">
    <p class='ocr_par' dir='ltr' id='par_1_64' title="bbox 772 4500 2341 4581">
     <span class='ocr_line' id='line_1_64' title="bbox 772 4500 2341 4581; baseline -0.008 -14"><span class='ocrx_word' id='word_1_463' title='bbox 772 4512 1201 4581; x_wconf 73' lang='lat' dir='ltr'><strong>magnitudinem</strong></span> <span class='ocrx_word' id='word_1_464' title='bbox 1245 4510 1407 4560; x_wconf 87' lang='lat' dir='ltr'><strong>habet</strong></span> <span class='ocrx_word' id='word_1_465' title='bbox 1455 4506 1507 4557; x_wconf 89' lang='lat' dir='ltr'><strong>in</strong></span> <span class='ocrx_word' id='word_1_466' title='bbox 1544 4503 1770 4557; x_wconf 80' lang='lat' dir='ltr'><strong>infantis</strong></span> <span class='ocrx_word' id='word_1_467' title='bbox 1806 4511 1969 4568; x_wconf 85' lang='lat' dir='ltr'><strong>atque</strong></span> <span class='ocrx_word' id='word_1_468' title='bbox 2007 4501 2059 4552; x_wconf 90' lang='lat' dir='ltr'><strong>in</strong></span> <span class='ocrx_word' id='word_1_469' title='bbox 2106 4500 2341 4570; x_wconf 78' lang='lat' dir='ltr'><strong>gigantis</strong></span> 
     </span>
    </p>
   </div>
   <div class='ocr_carea' id='block_1_65' title="bbox 2433 2005 4018 2076">
    <p class='ocr_par' dir='ltr' id='par_1_65' title="bbox 2433 2005 4018 2076">
     <span class='ocr_line' id='line_1_65' title="bbox 2433 2005 4018 2076; baseline -0.002 -18"><span class='ocrx_word' id='word_1_470' title='bbox 2433 2007 2484 2058; x_wconf 78' lang='grc' dir='ltr'>δὲ</span> <span class='ocrx_word' id='word_1_471' title='bbox 2517 2011 2582 2076; x_wconf 80' lang='grc' dir='ltr'>τῇ</span> <span class='ocrx_word' id='word_1_472' title='bbox 2633 2008 2863 2076; x_wconf 82' lang='grc' dir='ltr'>δυνάμει</span> <span class='ocrx_word' id='word_1_473' title='bbox 2923 2006 3018 2059; x_wconf 92' lang='grc' dir='ltr'><strong>τοῦ</strong></span> <span class='ocrx_word' id='word_1_474' title='bbox 3072 2005 3162 2058; x_wconf 88' lang='grc' dir='ltr'><strong>νοῦ</strong></span> <span class='ocrx_word' id='word_1_475' title='bbox 3225 2006 3512 2074; x_wconf 80' lang='grc' dir='ltr'>γινόμενον</span> <span class='ocrx_word' id='word_1_476' title='bbox 3567 2005 3661 2056; x_wconf 90' lang='grc' dir='ltr'><strong>τοῦ</strong></span> <span class='ocrx_word' id='word_1_477' title='bbox 3722 2006 4018 2073; x_wconf 78' lang='grc' dir='ltr'>ἡμετέρου,</span> 
     </span>
    </p>
   </div>
   <div class='ocr_carea' id='block_1_66' title="bbox 2431 2099 4015 2169">
    <p class='ocr_par' dir='ltr' id='par_1_66' title="bbox 2431 2099 4015 2169">
     <span class='ocr_line' id='line_1_66' title="bbox 2431 2099 4015 2169; baseline -0.001 -18"><span class='ocrx_word' id='word_1_478' title='bbox 2431 2099 2629 2168; x_wconf 81' lang='grc' dir='ltr'>γένοιτ’</span> <span class='ocrx_word' id='word_1_479' title='bbox 2653 2100 2720 2153; x_wconf 87' lang='grc' dir='ltr'><strong>ἂν</strong></span> <span class='ocrx_word' id='word_1_480' title='bbox 2753 2103 2849 2151; x_wconf 73' lang='grc' dir='ltr'><strong>καὶ</strong></span> <span class='ocrx_word' id='word_1_481' title='bbox 2877 2102 2940 2169; x_wconf 83' lang='grc' dir='ltr'>τῇ</span> <span class='ocrx_word' id='word_1_482' title='bbox 2977 2101 3203 2168; x_wconf 70' lang='grc' dir='ltr'>δυνάμει</span> <span class='ocrx_word' id='word_1_483' title='bbox 3228 2099 3321 2152; x_wconf 85' lang='grc' dir='ltr'><strong>τοῦ</strong></span> <span class='ocrx_word' id='word_1_484' title='bbox 3352 2099 3615 2167; x_wconf 85' lang='grc' dir='ltr'>μεγίστου</span> <span class='ocrx_word' id='word_1_485' title='bbox 3646 2100 3739 2150; x_wconf 81' lang='grc' dir='ltr'>καὶ</span> <span class='ocrx_word' id='word_1_486' title='bbox 3770 2101 4015 2167; x_wconf 75' lang='grc' dir='ltr'>πρῶτον,</span> 
     </span>
    </p>
   </div>
   <div class='ocr_carea' id='block_1_67' title="bbox 2430 2193 4011 2264">
    <p class='ocr_par' dir='ltr' id='par_1_67' title="bbox 2430 2193 4011 2264">
     <span class='ocr_line' id='line_1_67' title="bbox 2430 2193 4011 2264; baseline -0.002 -18"><span class='ocrx_word' id='word_1_487' title='bbox 2430 2194 2524 2246; x_wconf 83' lang='grc' dir='ltr'><strong>τοῦ</strong></span> <span class='ocrx_word' id='word_1_488' title='bbox 2561 2194 2678 2264; x_wconf 77' lang='grc' dir='ltr'><strong>ἅμα</strong></span> <span class='ocrx_word' id='word_1_489' title='bbox 2736 2212 2795 2246; x_wconf 88' lang='grc' dir='ltr'><strong>τε</strong></span> <span class='ocrx_word' id='word_1_490' title='bbox 2848 2193 3093 2256; x_wconf 77' lang='grc' dir='ltr'>νοοῦντος</span> <span class='ocrx_word' id='word_1_491' title='bbox 3150 2194 3303 2255; x_wconf 71' lang='grc' dir='ltr'>αὐτὸ,</span> <span class='ocrx_word' id='word_1_492' title='bbox 3336 2194 3430 2246; x_wconf 64' lang='grc' dir='ltr'><strong>καὶ</strong></span> <span class='ocrx_word' id='word_1_493' title='bbox 3481 2195 3539 2245; x_wconf 83' lang='grc' dir='ltr'>ὲν</span> <span class='ocrx_word' id='word_1_494' title='bbox 3592 2193 3668 2261; x_wconf 78' lang='grc' dir='ltr'>τῷ</span> <span class='ocrx_word' id='word_1_495' title='bbox 3723 2195 4011 2262; x_wconf 73' lang='grc' dir='ltr'>πράγματι</span> 
     </span>
    </p>
   </div>
   <div class='ocr_carea' id='block_1_68' title="bbox 2433 2283 4019 2358">
    <p class='ocr_par' dir='ltr' id='par_1_68' title="bbox 2433 2283 4019 2358">
     <span class='ocr_line' id='line_1_68' title="bbox 2433 2283 4019 2358; baseline -0.004 -18"><span class='ocrx_word' id='word_1_496' title='bbox 2433 2286 2575 2340; x_wconf 79' lang='grc' dir='ltr'>οὕτω</span> <span class='ocrx_word' id='word_1_497' title='bbox 2625 2287 3116 2358; x_wconf 78' lang='grc' dir='ltr'>δημιουργοῦντος.</span> <span class='ocrx_word' id='word_1_498' title='bbox 3164 2288 3305 2340; x_wconf 81' lang='grc' dir='ltr'>Ἀλλ’</span> <span class='ocrx_word' id='word_1_499' title='bbox 3335 2288 3523 2356; x_wconf 76' lang='grc' dir='ltr'>ἕτερον</span> <span class='ocrx_word' id='word_1_500' title='bbox 3573 2283 3717 2341; x_wconf 82' lang='grc' dir='ltr'>εἶναι</span> <span class='ocrx_word' id='word_1_501' title='bbox 3767 2287 3934 2353; x_wconf 73' lang='grc' dir='ltr'>φασὶν</span> <span class='ocrx_word' id='word_1_502' title='bbox 3963 2287 4019 2337; x_wconf 77' lang='grc' dir='ltr'>ἐν</span> 
     </span>
    </p>
   </div>
   <div class='ocr_carea' id='block_1_69' title="bbox 2432 2378 4018 2450">
    <p class='ocr_par' dir='ltr' id='par_1_69' title="bbox 2432 2378 4018 2450">
     <span class='ocr_line' id='line_1_69' title="bbox 2432 2378 4018 2450; baseline -0.001 -20"><span class='ocrx_word' id='word_1_503' title='bbox 2432 2378 2509 2447; x_wconf 82' lang='grc' dir='ltr'><strong>τῷ</strong></span> <span class='ocrx_word' id='word_1_504' title='bbox 2540 2378 2827 2448; x_wconf 73' lang='grc' dir='ltr'>μυστηρίῳ</span> <span class='ocrx_word' id='word_1_505' title='bbox 2868 2379 3062 2450; x_wconf 84' lang='grc' dir='ltr'>τούτῳ,</span> <span class='ocrx_word' id='word_1_506' title='bbox 3092 2381 3150 2433; x_wconf 70' lang='grc' dir='ltr'><strong>οὐ</strong></span> <span class='ocrx_word' id='word_1_507' title='bbox 3194 2381 3354 2450; x_wconf 90' lang='grc' dir='ltr'>μόνον</span> <span class='ocrx_word' id='word_1_508' title='bbox 3390 2381 3490 2449; x_wconf 84' lang='grc' dir='ltr'>τὴν</span> <span class='ocrx_word' id='word_1_509' title='bbox 3523 2379 3711 2448; x_wconf 81' lang='grc' dir='ltr'>φύσιν,</span> <span class='ocrx_word' id='word_1_510' title='bbox 3753 2379 3890 2431; x_wconf 77' lang='grc' dir='ltr'>ἀλλὰ</span> <span class='ocrx_word' id='word_1_511' title='bbox 3925 2379 4018 2430; x_wconf 69' lang='grc' dir='ltr'><strong>καὶ</strong></span> 
     </span>
    </p>
   </div>
   <div class='ocr_carea' id='block_1_70' title="bbox 2433 2472 4024 2542">
    <p class='ocr_par' dir='ltr' id='par_1_70' title="bbox 2433 2472 4024 2542">
     <span class='ocr_line' id='line_1_70' title="bbox 2433 2472 4024 2542; baseline 0 -19"><span class='ocrx_word' id='word_1_512' title='bbox 2433 2473 2530 2540; x_wconf 81' lang='grc' dir='ltr'>τὴν</span> <span class='ocrx_word' id='word_1_513' title='bbox 2584 2472 2841 2541; x_wconf 77' lang='grc' dir='ltr'>τοιαύτην</span> <span class='ocrx_word' id='word_1_514' title='bbox 2890 2473 2985 2525; x_wconf 90' lang='grc' dir='ltr'><strong>τοῦ</strong></span> <span class='ocrx_word' id='word_1_515' title='bbox 3041 2473 3130 2526; x_wconf 80' lang='grc' dir='ltr'><strong>νοῦ</strong></span> <span class='ocrx_word' id='word_1_516' title='bbox 3164 2473 3398 2542; x_wconf 85' lang='grc' dir='ltr'>δύναμιν</span> <span class='ocrx_word' id='word_1_517' title='bbox 3453 2473 3778 2542; x_wconf 83' lang='grc' dir='ltr'>ὑπερϐαῖνον</span> <span class='ocrx_word' id='word_1_518' title='bbox 3806 2487 3816 2498; x_wconf 94' lang='grc'><strong>·</strong></span> <span class='ocrx_word' id='word_1_519' title='bbox 3847 2473 3932 2524; x_wconf 86' lang='grc' dir='ltr'>ὅτι</span> <span class='ocrx_word' id='word_1_520' title='bbox 3965 2474 4024 2524; x_wconf 79' lang='grc' dir='ltr'>ὲν</span> 
     </span>
    </p>
   </div>
   <div class='ocr_carea' id='block_1_71' title="bbox 2437 2564 4020 2636">
    <p class='ocr_par' dir='ltr' id='par_1_71' title="bbox 2437 2564 4020 2636">
     <span class='ocr_line' id='line_1_71' title="bbox 2437 2564 4020 2636; baseline 0 -21"><span class='ocrx_word' id='word_1_521' title='bbox 2437 2566 2611 2634; x_wconf 81' lang='grc' dir='ltr'>μικρᾷ</span> <span class='ocrx_word' id='word_1_522' title='bbox 2675 2564 2766 2617; x_wconf 88' lang='grc' dir='ltr'><strong>τοῦ</strong></span> <span class='ocrx_word' id='word_1_523' title='bbox 2827 2565 3156 2634; x_wconf 76' lang='grc' dir='ltr'>φαινομένου</span> <span class='ocrx_word' id='word_1_524' title='bbox 3214 2568 3480 2636; x_wconf 83' lang='grc' dir='ltr'><strong>ποσότητι</strong></span> <span class='ocrx_word' id='word_1_525' title='bbox 3529 2566 3656 2628; x_wconf 80' lang='grc' dir='ltr'>ὅλος</span> <span class='ocrx_word' id='word_1_526' title='bbox 3708 2567 3735 2618; x_wconf 84' lang='grc' dir='ltr'>ὁ</span> <span class='ocrx_word' id='word_1_527' title='bbox 3785 2565 4020 2635; x_wconf 76' lang='grc' dir='ltr'>Χριστὸς</span> 
     </span>
    </p>
   </div>
   <div class='ocr_carea' id='block_1_72' title="bbox 2435 2652 4024 2729">
    <p class='ocr_par' dir='ltr' id='par_1_72' title="bbox 2435 2652 4024 2729">
     <span class='ocr_line' id='line_1_72' title="bbox 2435 2652 4024 2729; baseline 0.002 -21"><span class='ocrx_word' id='word_1_528' title='bbox 2435 2652 2576 2709; x_wconf 79' lang='grc' dir='ltr'>εἶναι</span> <span class='ocrx_word' id='word_1_529' title='bbox 2641 2657 3001 2710; x_wconf 79' lang='grc' dir='ltr'>πιστεύεται·</span> <span class='ocrx_word' id='word_1_530' title='bbox 3058 2657 3175 2711; x_wconf 55' lang='grc' dir='ltr'>ἀλλ*</span> <span class='ocrx_word' id='word_1_531' title='bbox 3253 2658 3374 2712; x_wconf 73' lang='grc' dir='ltr'>οὐδδ</span> <span class='ocrx_word' id='word_1_532' title='bbox 3441 2657 3604 2712; x_wconf 81' lang='grc' dir='ltr'>τοῦτο</span> <span class='ocrx_word' id='word_1_533' title='bbox 3667 2660 4024 2729; x_wconf 72' lang='grc' dir='ltr'>παραμυθίας</span> 
     </span>
    </p>
   </div>
   <div class='ocr_carea' id='block_1_73' title="bbox 2435 2750 4026 2822">
    <p class='ocr_par' dir='ltr' id='par_1_73' title="bbox 2435 2750 4026 2822">
     <span class='ocr_line' id='line_1_73' title="bbox 2435 2750 4026 2822; baseline 0 -20"><span class='ocrx_word' id='word_1_534' title='bbox 2435 2752 2733 2820; x_wconf 67' lang='grc' dir='ltr'>ἐστέρηται</span> <span class='ocrx_word' id='word_1_535' title='bbox 2781 2750 2842 2802; x_wconf 85' lang='grc' dir='ltr'><strong>τὸ</strong></span> <span class='ocrx_word' id='word_1_536' title='bbox 2890 2750 3214 2820; x_wconf 70' lang='grc' dir='ltr'>θαυμάσιον.</span> <span class='ocrx_word' id='word_1_537' title='bbox 3256 2751 3331 2804; x_wconf 83' lang='grc' dir='ltr'><strong>οὐ</strong></span> <span class='ocrx_word' id='word_1_538' title='bbox 3375 2750 3484 2820; x_wconf 84' lang='grc' dir='ltr'><strong>γάρ</strong></span> <span class='ocrx_word' id='word_1_539' title='bbox 3536 2751 3685 2803; x_wconf 63' lang='grc' dir='ltr'>ἔστιν</span> <span class='ocrx_word' id='word_1_540' title='bbox 3716 2751 3774 2802; x_wconf 72' lang='grc' dir='ltr'>ιν</span> <span class='ocrx_word' id='word_1_541' title='bbox 3807 2754 3872 2821; x_wconf 73' lang='grc' dir='ltr'>τῇ</span> <span class='ocrx_word' id='word_1_542' title='bbox 3904 2751 4026 2822; x_wconf 77' lang='grc' dir='ltr'>ἱερᾷ</span> 
     </span>
    </p>
   </div>
   <div class='ocr_carea' id='block_1_74' title="bbox 2435 2841 4023 2914">
    <p class='ocr_par' dir='ltr' id='par_1_74' title="bbox 2435 2841 4023 2914">
     <span class='ocr_line' id='line_1_74' title="bbox 2435 2841 4023 2914; baseline 0 -18"><span class='ocrx_word' id='word_1_543' title='bbox 2435 2841 2608 2914; x_wconf 84' lang='grc' dir='ltr'>ταύτῃ</span> <span class='ocrx_word' id='word_1_544' title='bbox 2655 2842 2818 2911; x_wconf 64' lang='grc' dir='ltr'>θυσίᾳ</span> <span class='ocrx_word' id='word_1_545' title='bbox 2849 2843 2910 2895; x_wconf 76' lang='grc' dir='ltr'><strong>τὸ</strong></span> <span class='ocrx_word' id='word_1_546' title='bbox 2940 2842 3035 2895; x_wconf 88' lang='grc' dir='ltr'><strong>τοῦ</strong></span> <span class='ocrx_word' id='word_1_547' title='bbox 3084 2841 3326 2912; x_wconf 80' lang='grc' dir='ltr'>Χριστοῦ</span> <span class='ocrx_word' id='word_1_548' title='bbox 3382 2843 3541 2912; x_wconf 82' lang='grc' dir='ltr'>σῶμα</span> <span class='ocrx_word' id='word_1_549' title='bbox 3577 2844 3851 2911; x_wconf 75' lang='grc' dir='ltr'>φυσικῶς,</span> <span class='ocrx_word' id='word_1_550' title='bbox 3887 2844 4023 2897; x_wconf 71' lang='grc' dir='ltr'>ἀλλὰ</span> 
     </span>
    </p>
   </div>
   <div class='ocr_carea' id='block_1_75' title="bbox 2441 2933 4026 3006">
    <p class='ocr_par' dir='ltr' id='par_1_75' title="bbox 2441 2933 4026 3006">
     <span class='ocr_line' id='line_1_75' title="bbox 2441 2933 4026 3006; baseline 0.001 -19"><span class='ocrx_word' id='word_1_551' title='bbox 2441 2933 2830 3006; x_wconf 69' lang='grc' dir='ltr'>μυστηριωδῶς</span> <span class='ocrx_word' id='word_1_552' title='bbox 2885 2933 3067 3004; x_wconf 80' lang='grc' dir='ltr'>μόνον,</span> <span class='ocrx_word' id='word_1_553' title='bbox 3100 2934 3194 2987; x_wconf 79' lang='grc' dir='ltr'>καὶ</span> <span class='ocrx_word' id='word_1_554' title='bbox 3247 2935 3334 2988; x_wconf 69' lang='grc' dir='ltr'>διὰ</span> <span class='ocrx_word' id='word_1_555' title='bbox 3387 2934 3544 2989; x_wconf 79' lang='grc' dir='ltr'>τοῦτο</span> <span class='ocrx_word' id='word_1_556' title='bbox 3603 2937 3703 2990; x_wconf 62' lang='grc' dir='ltr'>οὐκ</span> <span class='ocrx_word' id='word_1_557' title='bbox 3765 2937 3918 2990; x_wconf 81' lang='grc' dir='ltr'>ἔστιν</span> <span class='ocrx_word' id='word_1_558' title='bbox 3967 2939 4026 2989; x_wconf 86' lang='grc' dir='ltr'>ὲν</span> 
     </span>
    </p>
   </div>
   <div class='ocr_carea' id='block_1_76' title="bbox 2437 3026 4020 3098">
    <p class='ocr_par' dir='ltr' id='par_1_76' title="bbox 2437 3026 4020 3098">
     <span class='ocr_line' id='line_1_76' title="bbox 2437 3026 4020 3098; baseline 0.001 -17"><span class='ocrx_word' id='word_1_559' title='bbox 2437 3031 2573 3098; x_wconf 79' lang='grc' dir='ltr'>αύτῇ</span> <span class='ocrx_word' id='word_1_560' title='bbox 2609 3028 2859 3097; x_wconf 85' lang='grc' dir='ltr'>καθάπερ</span> <span class='ocrx_word' id='word_1_561' title='bbox 2900 3026 3283 3096; x_wconf 79' lang='grc' dir='ltr'>ὲσκηνωμένον</span> <span class='ocrx_word' id='word_1_562' title='bbox 3319 3026 3378 3079; x_wconf 77' lang='grc' dir='ltr'>ἐν</span> <span class='ocrx_word' id='word_1_563' title='bbox 3427 3045 3532 3080; x_wconf 88' lang='grc' dir='ltr'>τινι</span> <span class='ocrx_word' id='word_1_564' title='bbox 3558 3028 3741 3096; x_wconf 87' lang='grc' dir='ltr'><strong>τόπῳ·</strong></span> <span class='ocrx_word' id='word_1_565' title='bbox 3772 3030 3884 3082; x_wconf 73' lang='grc' dir='ltr'>οὐδ’</span> <span class='ocrx_word' id='word_1_566' title='bbox 3912 3031 4020 3082; x_wconf 74' lang='grc' dir='ltr'><strong>ὑπὸ</strong></span> 
     </span>
    </p>
   </div>
   <div class='ocr_carea' id='block_1_77' title="bbox 2438 3119 4020 3189">
    <p class='ocr_par' dir='ltr' id='par_1_77' title="bbox 2438 3119 4020 3189">
     <span class='ocr_line' id='line_1_77' title="bbox 2438 3119 4020 3189; baseline 0 -15"><span class='ocrx_word' id='word_1_567' title='bbox 2438 3125 2556 3185; x_wconf 83' lang='grc' dir='ltr'>ταῖς</span> <span class='ocrx_word' id='word_1_568' title='bbox 2589 3121 2747 3183; x_wconf 75' lang='grc' dir='ltr'>ίίίαις</span> <span class='ocrx_word' id='word_1_569' title='bbox 2777 3123 2896 3182; x_wconf 88' lang='grc' dir='ltr'>ταῖς</span> <span class='ocrx_word' id='word_1_570' title='bbox 2925 3121 3020 3172; x_wconf 86' lang='grc' dir='ltr'><strong>τοῦ</strong></span> <span class='ocrx_word' id='word_1_571' title='bbox 3049 3119 3309 3188; x_wconf 79' lang='grc' dir='ltr'>ἀληθινοῦ</span> <span class='ocrx_word' id='word_1_572' title='bbox 3339 3119 3594 3189; x_wconf 85' lang='grc' dir='ltr'>σώματος</span> <span class='ocrx_word' id='word_1_573' title='bbox 3641 3121 4020 3184; x_wconf 81' lang='grc' dir='ltr'>διαστάσεσιν,</span> 
     </span>
    </p>
   </div>
   <div class='ocr_carea' id='block_1_78' title="bbox 2363 3210 4025 3311">
    <p class='ocr_par' dir='ltr' id='par_1_78' title="bbox 2363 3210 4025 3311">
     <span class='ocr_line' id='line_1_78' title="bbox 2363 3210 4025 3311; baseline -0.002 -45"><span class='ocrx_word' id='word_1_574' title='bbox 2363 3253 2407 3311; x_wconf 74' lang='lat' dir='ltr'>c</span> <span class='ocrx_word' id='word_1_575' title='bbox 2440 3213 2555 3267; x_wconf 85' lang='grc' dir='ltr'>ἀλλ’</span> <span class='ocrx_word' id='word_1_576' title='bbox 2591 3213 2695 3265; x_wconf 79' lang='grc' dir='ltr'>ὑπὸ</span> <span class='ocrx_word' id='word_1_577' title='bbox 2742 3214 2857 3274; x_wconf 78' lang='grc' dir='ltr'>ταῖς</span> <span class='ocrx_word' id='word_1_578' title='bbox 2912 3212 3004 3265; x_wconf 87' lang='grc' dir='ltr'><strong>τοῦ</strong></span> <span class='ocrx_word' id='word_1_579' title='bbox 3039 3210 3206 3281; x_wconf 76' lang='grc' dir='ltr'>ἄρτου</span> <span class='ocrx_word' id='word_1_580' title='bbox 3255 3212 3575 3265; x_wconf 81' lang='grc' dir='ltr'>διαστάσεσι</span> <span class='ocrx_word' id='word_1_581' title='bbox 3619 3213 3852 3281; x_wconf 84' lang='grc' dir='ltr'>μόναις·</span> <span class='ocrx_word' id='word_1_582' title='bbox 3900 3215 4025 3266; x_wconf 83' lang='grc' dir='ltr'>ὅθεν</span> 
     </span>
    </p>
   </div>
   <div class='ocr_carea' id='block_1_79' title="bbox 2444 3305 4020 3375">
    <p class='ocr_par' dir='ltr' id='par_1_79' title="bbox 2444 3305 4020 3375">
     <span class='ocr_line' id='line_1_79' title="bbox 2444 3305 4020 3375; baseline -0.002 -14"><span class='ocrx_word' id='word_1_583' title='bbox 2444 3310 2674 3375; x_wconf 69' lang='grc' dir='ltr'>ἐπείπερ</span> <span class='ocrx_word' id='word_1_584' title='bbox 2707 3308 2736 3373; x_wconf 80' lang='grc' dir='ltr'>ἡ</span> <span class='ocrx_word' id='word_1_585' title='bbox 2769 3305 2926 3358; x_wconf 83' lang='grc' dir='ltr'>ούσία</span> <span class='ocrx_word' id='word_1_586' title='bbox 2962 3305 3086 3358; x_wconf 78' lang='grc' dir='ltr'>καθ’</span> <span class='ocrx_word' id='word_1_587' title='bbox 3112 3305 3284 3375; x_wconf 79' lang='grc' dir='ltr'>αὐτὴν</span> <span class='ocrx_word' id='word_1_588' title='bbox 3313 3306 3408 3358; x_wconf 85' lang='grc' dir='ltr'><strong>καί</strong></span> <span class='ocrx_word' id='word_1_589' title='bbox 3434 3305 3555 3358; x_wconf 82' lang='grc' dir='ltr'>καθ’</span> <span class='ocrx_word' id='word_1_590' title='bbox 3588 3306 3615 3358; x_wconf 86' lang='grc' dir='ltr'><strong>ὅ</strong></span> <span class='ocrx_word' id='word_1_591' title='bbox 3650 3308 3801 3358; x_wconf 78' lang='grc' dir='ltr'>ἐστιν</span> <span class='ocrx_word' id='word_1_592' title='bbox 3836 3305 4020 3369; x_wconf 83' lang='grc' dir='ltr'>οὐσία,</span> 
     </span>
    </p>
   </div>
   <div class='ocr_carea' id='block_1_80' title="bbox 2444 3399 4026 3469">
    <p class='ocr_par' dir='ltr' id='par_1_80' title="bbox 2444 3399 4026 3469">
     <span class='ocr_line' id='line_1_80' title="bbox 2444 3399 4026 3469; baseline 0 -16"><span class='ocrx_word' id='word_1_593' title='bbox 2444 3403 2501 3454; x_wconf 77' lang='grc' dir='ltr'>οὖ</span> <span class='ocrx_word' id='word_1_594' title='bbox 2541 3401 2758 3468; x_wconf 77' lang='grc' dir='ltr'>κατέχει</span> <span class='ocrx_word' id='word_1_595' title='bbox 2784 3402 2948 3451; x_wconf 83' lang='grc' dir='ltr'>τόπον</span> <span class='ocrx_word' id='word_1_596' title='bbox 2978 3399 3098 3451; x_wconf 81' lang='grc' dir='ltr'>οὐδὲ</span> <span class='ocrx_word' id='word_1_597' title='bbox 3135 3400 3311 3468; x_wconf 79' lang='grc' dir='ltr'>ζητεῖ,</span> <span class='ocrx_word' id='word_1_598' title='bbox 3335 3402 3381 3452; x_wconf 87' lang='grc' dir='ltr'><strong>εί</strong></span> <span class='ocrx_word' id='word_1_599' title='bbox 3409 3400 3481 3469; x_wconf 83' lang='grc' dir='ltr'><strong>μὴ</strong></span> <span class='ocrx_word' id='word_1_600' title='bbox 3510 3400 3742 3452; x_wconf 80' lang='grc' dir='ltr'>καθόσον</span> <span class='ocrx_word' id='word_1_601' title='bbox 3777 3401 3894 3455; x_wconf 75' lang='grc' dir='ltr'>ἐστὶ</span> <span class='ocrx_word' id='word_1_602' title='bbox 3922 3401 4026 3453; x_wconf 71' lang='grc' dir='ltr'>ὑπὸ</span> 
     </span>
    </p>
   </div>
   <div class='ocr_carea' id='block_1_81' title="bbox 2443 3492 4026 3564">
    <p class='ocr_par' dir='ltr' id='par_1_81' title="bbox 2443 3492 4026 3564">
     <span class='ocr_line' id='line_1_81' title="bbox 2443 3492 4026 3564; baseline 0.001 -18"><span class='ocrx_word' id='word_1_603' title='bbox 2443 3497 2560 3557; x_wconf 85' lang='grc' dir='ltr'>ταῖς</span> <span class='ocrx_word' id='word_1_604' title='bbox 2613 3494 2926 3546; x_wconf 71' lang='grc' dir='ltr'>διαστάσεσι</span> <span class='ocrx_word' id='word_1_605' title='bbox 2970 3492 3064 3545; x_wconf 88' lang='grc' dir='ltr'><strong>τοῦ</strong></span> <span class='ocrx_word' id='word_1_606' title='bbox 3119 3493 3394 3564; x_wconf 80' lang='grc' dir='ltr'>σώματος,</span> <span class='ocrx_word' id='word_1_607' title='bbox 3429 3495 3700 3561; x_wconf 72' lang='grc' dir='ltr'>ἑπόμενον</span> <span class='ocrx_word' id='word_1_608' title='bbox 3753 3496 3905 3548; x_wconf 66' lang='grc' dir='ltr'>ἑστιν</span> <span class='ocrx_word' id='word_1_609' title='bbox 3938 3497 4026 3548; x_wconf 71' lang='grc' dir='ltr'><strong>ιν-</strong></span> 
     </span>
    </p>
   </div>
   <div class='ocr_carea' id='block_1_82' title="bbox 2443 3583 4024 3657">
    <p class='ocr_par' dir='ltr' id='par_1_82' title="bbox 2443 3583 4024 3657">
     <span class='ocr_line' id='line_1_82' title="bbox 2443 3583 4024 3657; baseline 0.001 -18"><span class='ocrx_word' id='word_1_610' title='bbox 2443 3585 2617 3639; x_wconf 80' lang='grc' dir='ltr'>ταῦθα</span> <span class='ocrx_word' id='word_1_611' title='bbox 2646 3587 2702 3637; x_wconf 82' lang='grc' dir='ltr'><strong>ἐν</strong></span> <span class='ocrx_word' id='word_1_612' title='bbox 2736 3585 2907 3649; x_wconf 87' lang='grc' dir='ltr'>τούτῳ</span> <span class='ocrx_word' id='word_1_613' title='bbox 2933 3583 3012 3653; x_wconf 79' lang='grc' dir='ltr'>τῷ</span> <span class='ocrx_word' id='word_1_614' title='bbox 3049 3586 3336 3654; x_wconf 81' lang='grc' dir='ltr'>μυστηρίῳ</span> <span class='ocrx_word' id='word_1_615' title='bbox 3369 3586 3428 3639; x_wconf 71' lang='grc' dir='ltr'>τὸ</span> <span class='ocrx_word' id='word_1_616' title='bbox 3457 3585 3550 3639; x_wconf 88' lang='grc' dir='ltr'><strong>τοῦ</strong></span> <span class='ocrx_word' id='word_1_617' title='bbox 3590 3587 3828 3653; x_wconf 85' lang='grc' dir='ltr'>Χριστοῦ</span> <span class='ocrx_word' id='word_1_618' title='bbox 3862 3587 4024 3657; x_wconf 79' lang='grc' dir='ltr'>σῶμα</span> 
     </span>
    </p>
   </div>
   <div class='ocr_carea' id='block_1_83' title="bbox 2448 3675 4018 3749">
    <p class='ocr_par' dir='ltr' id='par_1_83' title="bbox 2448 3675 4018 3749">
     <span class='ocr_line' id='line_1_83' title="bbox 2448 3675 4018 3749; baseline 0.004 -23"><span class='ocrx_word' id='word_1_619' title='bbox 2448 3679 2522 3749; x_wconf 70' lang='grc' dir='ltr'>μὴ</span> <span class='ocrx_word' id='word_1_620' title='bbox 2558 3677 2759 3749; x_wconf 59' lang='grc' dir='ltr'>ζητεῖν,</span> <span class='ocrx_word' id='word_1_621' title='bbox 2795 3676 2929 3744; x_wconf 78' lang='grc' dir='ltr'>μηδὲ</span> <span class='ocrx_word' id='word_1_622' title='bbox 2989 3675 3244 3745; x_wconf 80' lang='grc' dir='ltr'>κατέχειν</span> <span class='ocrx_word' id='word_1_623' title='bbox 3293 3677 3516 3730; x_wconf 81' lang='grc' dir='ltr'>πλείονα</span> <span class='ocrx_word' id='word_1_624' title='bbox 3572 3679 3739 3731; x_wconf 81' lang='grc' dir='ltr'>τόπον</span> <span class='ocrx_word' id='word_1_625' title='bbox 3795 3679 3825 3748; x_wconf 80' lang='grc' dir='ltr'>ἧ</span> <span class='ocrx_word' id='word_1_626' title='bbox 3893 3681 4018 3733; x_wconf 84' lang='grc' dir='ltr'>ὅσον</span> 
     </span>
    </p>
   </div>
   <div class='ocr_carea' id='block_1_84' title="bbox 2447 3767 4025 3838">
    <p class='ocr_par' dir='ltr' id='par_1_84' title="bbox 2447 3767 4025 3838">
     <span class='ocr_line' id='line_1_84' title="bbox 2447 3767 4025 3838; baseline 0.002 -17"><span class='ocrx_word' id='word_1_627' title='bbox 2447 3769 2670 3838; x_wconf 78' lang='grc' dir='ltr'>ζητοῦσι</span> <span class='ocrx_word' id='word_1_628' title='bbox 2726 3770 2821 3820; x_wconf 68' lang='grc' dir='ltr'>καὶ</span> <span class='ocrx_word' id='word_1_629' title='bbox 2860 3767 3186 3836; x_wconf 80' lang='grc' dir='ltr'>κατέχουσιν</span> <span class='ocrx_word' id='word_1_630' title='bbox 3236 3769 3292 3820; x_wconf 81' lang='lat' dir='ltr'><strong>al</strong></span> <span class='ocrx_word' id='word_1_631' title='bbox 3333 3769 3644 3832; x_wconf 81' lang='grc' dir='ltr'>διαστάσεις</span> <span class='ocrx_word' id='word_1_632' title='bbox 3698 3771 3790 3822; x_wconf 79' lang='grc' dir='ltr'><strong>τοῦ</strong></span> <span class='ocrx_word' id='word_1_633' title='bbox 3839 3771 4025 3838; x_wconf 81' lang='grc' dir='ltr'>ἄρτου,</span> 
     </span>
    </p>
   </div>
   <div class='ocr_carea' id='block_1_85' title="bbox 2447 3855 4026 3930">
    <p class='ocr_par' dir='ltr' id='par_1_85' title="bbox 2447 3855 4026 3930">
     <span class='ocr_line' id='line_1_85' title="bbox 2447 3855 4026 3930; baseline 0.002 -15"><span class='ocrx_word' id='word_1_634' title='bbox 2447 3863 2537 3929; x_wconf 69' lang='grc' dir='ltr'><strong>ὑφ’</strong></span> <span class='ocrx_word' id='word_1_635' title='bbox 2589 3855 2675 3924; x_wconf 73' lang='grc' dir='ltr'>αἷς</span> <span class='ocrx_word' id='word_1_636' title='bbox 2724 3862 2755 3930; x_wconf 85' lang='grc' dir='ltr'><strong>ὴ</strong></span> <span class='ocrx_word' id='word_1_637' title='bbox 2815 3859 2909 3912; x_wconf 89' lang='grc' dir='ltr'><strong>τοῦ</strong></span> <span class='ocrx_word' id='word_1_638' title='bbox 2943 3859 3198 3927; x_wconf 84' lang='grc' dir='ltr'>σώματος</span> <span class='ocrx_word' id='word_1_639' title='bbox 3248 3861 3407 3913; x_wconf 84' lang='grc' dir='ltr'>οὐσία</span> <span class='ocrx_word' id='word_1_640' title='bbox 3449 3862 3806 3916; x_wconf 81' lang='grc' dir='ltr'>καλύπτεται.</span> <span class='ocrx_word' id='word_1_641' title='bbox 3841 3867 4026 3918; x_wconf 72' lang='grc' dir='ltr'>Διαπι-</span> 
     </span>
    </p>
   </div>
   <div class='ocr_carea' id='block_1_86' title="bbox 2450 3950 4026 4031">
    <p class='ocr_par' dir='ltr' id='par_1_86' title="bbox 2450 3950 4026 4031">
     <span class='ocr_line' id='line_1_86' title="bbox 2450 3950 4026 4031; baseline 0.004 -25"><span class='ocrx_word' id='word_1_642' title='bbox 2450 3955 2593 4006; x_wconf 83' lang='grc' dir='ltr'>στεῖν</span> <span class='ocrx_word' id='word_1_643' title='bbox 2622 3953 2679 4006; x_wconf 70' lang='grc' dir='ltr'>δὲ</span> <span class='ocrx_word' id='word_1_644' title='bbox 2732 3953 2860 4022; x_wconf 79' lang='grc' dir='ltr'>περὶ</span> <span class='ocrx_word' id='word_1_645' title='bbox 2903 3950 3093 4004; x_wconf 90' lang='grc' dir='ltr'>τούτου</span> <span class='ocrx_word' id='word_1_646' title='bbox 3124 3953 3185 4003; x_wconf 85' lang='grc' dir='ltr'><strong>ού</strong></span> <span class='ocrx_word' id='word_1_647' title='bbox 3233 3953 3359 4023; x_wconf 81' lang='grc' dir='ltr'>χρὴ,</span> <span class='ocrx_word' id='word_1_648' title='bbox 3395 3953 3611 4006; x_wconf 81' lang='grc' dir='ltr'>πολλῶν</span> <span class='ocrx_word' id='word_1_649' title='bbox 3644 3955 3822 4009; x_wconf 78' lang='grc' dir='ltr'>ἄλλων</span> <span class='ocrx_word' id='word_1_650' title='bbox 3876 3959 3932 4010; x_wconf 83' lang='grc' dir='ltr'>ὲν</span> <span class='ocrx_word' id='word_1_651' title='bbox 3962 3963 4026 4031; x_wconf 84' lang='grc' dir='ltr'>τῇ</span> 
     </span>
    </p>
   </div>
   <div class='ocr_carea' id='block_1_87' title="bbox 2449 4047 4026 4121">
    <p class='ocr_par' dir='ltr' id='par_1_87' title="bbox 2449 4047 4026 4121">
     <span class='ocr_line' id='line_1_87' title="bbox 2449 4047 4026 4121; baseline 0.004 -21"><span class='ocrx_word' id='word_1_652' title='bbox 2449 4049 2608 4118; x_wconf 83' lang='grc' dir='ltr'>φύσει</span> <span class='ocrx_word' id='word_1_653' title='bbox 2643 4047 2982 4117; x_wconf 69' lang='grc' dir='ltr'>πραγμάτων</span> <span class='ocrx_word' id='word_1_654' title='bbox 3009 4047 3108 4116; x_wconf 85' lang='grc' dir='ltr'><strong>τὴν</strong></span> <span class='ocrx_word' id='word_1_655' title='bbox 3138 4047 3308 4117; x_wconf 83' lang='grc' dir='ltr'>αὐτὴν</span> <span class='ocrx_word' id='word_1_656' title='bbox 3367 4049 3556 4118; x_wconf 84' lang='grc' dir='ltr'>σχεδὸν</span> <span class='ocrx_word' id='word_1_657' title='bbox 3602 4051 3838 4120; x_wconf 75' lang='grc' dir='ltr'>ἀπορίαν</span> <span class='ocrx_word' id='word_1_658' title='bbox 3889 4071 4026 4121; x_wconf 85' lang='grc' dir='ltr'>προ-</span> 
     </span>
    </p>
   </div>
   <div class='ocr_carea' id='block_1_88' title="bbox 2449 4140 4030 4213">
    <p class='ocr_par' dir='ltr' id='par_1_88' title="bbox 2449 4140 4030 4213">
     <span class='ocr_line' id='line_1_88' title="bbox 2449 4140 4030 4213; baseline 0.003 -18"><span class='ocrx_word' id='word_1_659' title='bbox 2449 4142 2832 4211; x_wconf 82' lang='grc' dir='ltr'>ϐαλλομένων·</span> <span class='ocrx_word' id='word_1_660' title='bbox 2871 4143 2903 4211; x_wconf 79' lang='grc' dir='ltr'><strong>η</strong></span> <span class='ocrx_word' id='word_1_661' title='bbox 2953 4140 3062 4210; x_wconf 81' lang='grc' dir='ltr'><strong>γάρ</strong></span> <span class='ocrx_word' id='word_1_662' title='bbox 3096 4140 3415 4211; x_wconf 79' lang='grc' dir='ltr'>ἀνθρωπίνη</span> <span class='ocrx_word' id='word_1_663' title='bbox 3462 4141 3611 4212; x_wconf 78' lang='grc' dir='ltr'>ψυχὴ</span> <span class='ocrx_word' id='word_1_664' title='bbox 3645 4143 3740 4213; x_wconf 81' lang='grc' dir='ltr'>ὅλη</span> <span class='ocrx_word' id='word_1_665' title='bbox 3784 4146 3931 4198; x_wconf 74' lang='grc' dir='ltr'>ἐστὶ)</span> <span class='ocrx_word' id='word_1_666' title='bbox 3973 4149 4030 4200; x_wconf 79' lang='grc' dir='ltr'>ἐν</span> 
     </span>
    </p>
   </div>
   <div class='ocr_carea' id='block_1_89' title="bbox 2449 4234 4028 4305">
    <p class='ocr_par' dir='ltr' id='par_1_89' title="bbox 2449 4234 4028 4305">
     <span class='ocr_line' id='line_1_89' title="bbox 2449 4234 4028 4305; baseline 0.013 -34"><span class='ocrx_word' id='word_1_667' title='bbox 2449 4237 2554 4304; x_wconf 76' lang='grc' dir='ltr'><strong>δλφ</strong></span> <span class='ocrx_word' id='word_1_668' title='bbox 2693 4234 2923 4302; x_wconf 83' lang='grc' dir='ltr'>σώματι,</span> <span class='ocrx_word' id='word_1_669' title='bbox 2951 4235 3042 4285; x_wconf 79' lang='grc' dir='ltr'>καὶ</span> <span class='ocrx_word' id='word_1_670' title='bbox 3077 4234 3174 4302; x_wconf 84' lang='grc' dir='ltr'>ὅλη</span> <span class='ocrx_word' id='word_1_671' title='bbox 3222 4235 3277 4286; x_wconf 84' lang='grc' dir='ltr'>ὲν</span> <span class='ocrx_word' id='word_1_672' title='bbox 3311 4234 3526 4302; x_wconf 75' lang='grc' dir='ltr'>ἑκάστῳ</span> <span class='ocrx_word' id='word_1_673' title='bbox 3551 4235 3661 4287; x_wconf 85' lang='grc' dir='ltr'>τῶν</span> <span class='ocrx_word' id='word_1_674' title='bbox 3702 4237 3905 4305; x_wconf 85' lang='grc' dir='ltr'>μορίων</span> <span class='ocrx_word' id='word_1_675' title='bbox 3934 4241 4028 4293; x_wconf 90' lang='grc' dir='ltr'><strong>τοῦ</strong></span> 
     </span>
    </p>
   </div>
   <div class='ocr_carea' id='block_1_90' title="bbox 2454 4324 4029 4402">
    <p class='ocr_par' dir='ltr' id='par_1_90' title="bbox 2454 4324 4029 4402">
     <span class='ocr_line' id='line_1_90' title="bbox 2454 4324 4029 4402; baseline 0 -21"><span class='ocrx_word' id='word_1_676' title='bbox 2454 4328 2725 4396; x_wconf 87' lang='grc' dir='ltr'>σώματος,</span> <span class='ocrx_word' id='word_1_677' title='bbox 2760 4327 2852 4377; x_wconf 81' lang='grc' dir='ltr'>καὶ</span> <span class='ocrx_word' id='word_1_678' title='bbox 2885 4326 2983 4395; x_wconf 79' lang='grc' dir='ltr'>τὴν</span> <span class='ocrx_word' id='word_1_679' title='bbox 3030 4325 3200 4396; x_wconf 79' lang='grc' dir='ltr'>αὐτὴν</span> <span class='ocrx_word' id='word_1_680' title='bbox 3235 4324 3292 4378; x_wconf 76' lang='grc' dir='ltr'>ἐν</span> <span class='ocrx_word' id='word_1_681' title='bbox 3341 4343 3400 4378; x_wconf 81' lang='grc' dir='ltr'><strong>τε</strong></span> <span class='ocrx_word' id='word_1_682' title='bbox 3442 4326 3520 4397; x_wconf 82' lang='grc' dir='ltr'>τῷ</span> <span class='ocrx_word' id='word_1_683' title='bbox 3576 4328 3751 4399; x_wconf 87' lang='grc' dir='ltr'>μορίῳ</span> <span class='ocrx_word' id='word_1_684' title='bbox 3809 4331 3902 4383; x_wconf 71' lang='grc' dir='ltr'><strong>καὶ</strong></span> <span class='ocrx_word' id='word_1_685' title='bbox 3952 4332 4029 4402; x_wconf 85' lang='grc' dir='ltr'>τῷ</span> 
     </span>
    </p>
   </div>
   <div class='ocr_carea' id='block_1_91' title="bbox 2451 4413 4030 4486">
    <p class='ocr_par' dir='ltr' id='par_1_91' title="bbox 2451 4413 4030 4486">
     <span class='ocr_line' id='line_1_91' title="bbox 2451 4413 4030 4486; baseline 0.001 -16"><span class='ocrx_word' id='word_1_686' title='bbox 2451 4417 2623 4486; x_wconf 88' lang='grc' dir='ltr'>λοιπῷ</span> <span class='ocrx_word' id='word_1_687' title='bbox 2655 4416 2868 4485; x_wconf 84' lang='grc' dir='ltr'>σώματι</span> <span class='ocrx_word' id='word_1_688' title='bbox 2903 4413 3065 4482; x_wconf 81' lang='grc' dir='ltr'>φύσιν</span> <span class='ocrx_word' id='word_1_689' title='bbox 3100 4413 3236 4483; x_wconf 77' lang='grc' dir='ltr'>ἔχει,</span> <span class='ocrx_word' id='word_1_690' title='bbox 3272 4415 3366 4469; x_wconf 75' lang='grc' dir='ltr'>καὶ</span> <span class='ocrx_word' id='word_1_691' title='bbox 3397 4413 3570 4477; x_wconf 78' lang='grc' dir='ltr'>οὕτως</span> <span class='ocrx_word' id='word_1_692' title='bbox 3619 4414 3732 4485; x_wconf 76' lang='grc' dir='ltr'>ἔχει</span> <span class='ocrx_word' id='word_1_693' title='bbox 3768 4417 4030 4486; x_wconf 79' lang='grc' dir='ltr'>μεγέθους</span> 
     </span>
    </p>
   </div>
   <div class='ocr_carea' id='block_1_92' title="bbox 2453 4505 4028 4577">
    <p class='ocr_par' dir='ltr' id='par_1_92' title="bbox 2453 4505 4028 4577">
     <span class='ocr_line' id='line_1_92' title="bbox 2453 4505 4028 4577; baseline -0.001 -15"><span class='ocrx_word' id='word_1_694' title='bbox 2453 4511 2511 4561; x_wconf 80' lang='grc' dir='ltr'>ὲν</span> <span class='ocrx_word' id='word_1_695' title='bbox 2547 4508 2627 4576; x_wconf 90' lang='grc' dir='ltr'>τῷ</span> <span class='ocrx_word' id='word_1_696' title='bbox 2666 4508 2848 4577; x_wconf 84' lang='grc' dir='ltr'>νηπίῳ</span> <span class='ocrx_word' id='word_1_697' title='bbox 2893 4507 2969 4570; x_wconf 84' lang='grc' dir='ltr'><strong>ὡς</strong></span> <span class='ocrx_word' id='word_1_698' title='bbox 3023 4507 3082 4558; x_wconf 74' lang='grc' dir='ltr'>ὲν</span> <span class='ocrx_word' id='word_1_699' title='bbox 3114 4505 3191 4576; x_wconf 84' lang='grc' dir='ltr'>τῷ</span> <span class='ocrx_word' id='word_1_700' title='bbox 3216 4505 3311 4559; x_wconf 90' lang='grc' dir='ltr'><strong>τοῦ</strong></span> <span class='ocrx_word' id='word_1_701' title='bbox 3347 4508 3604 4574; x_wconf 78' lang='grc' dir='ltr'>γίγαντος</span> <span class='ocrx_word' id='word_1_702' title='bbox 3637 4508 3872 4575; x_wconf 82' lang='grc' dir='ltr'>σώματι.</span> <span class='ocrx_word' id='word_1_703' title='bbox 3911 4509 4028 4561; x_wconf 85' lang='grc' dir='ltr'>Είτε</span> 
     </span>
    </p>
   </div>
   <div class='ocr_carea' id='block_1_93' title="bbox 770 4590 2532 4675">
    <p class='ocr_par' dir='ltr' id='par_1_93' title="bbox 770 4590 2532 4675">
     <span class='ocr_line' id='line_1_93' title="bbox 770 4590 2532 4675; baseline -0.011 -15"><span class='ocrx_word' id='word_1_704' title='bbox 770 4620 1025 4675; x_wconf 75' lang='lat' dir='ltr'><strong>corpore.</strong></span> <span class='ocrx_word' id='word_1_705' title='bbox 1079 4602 1361 4671; x_wconf 77' lang='lat' dir='ltr'><strong>Siquidem</strong></span> <span class='ocrx_word' id='word_1_706' title='bbox 1399 4612 1529 4651; x_wconf 78' lang='lat' dir='ltr'><strong>vero</strong></span> <span class='ocrx_word' id='word_1_707' title='bbox 1561 4595 1754 4646; x_wconf 73' lang='lat' dir='ltr'><strong>aniuue</strong></span> <span class='ocrx_word' id='word_1_708' title='bbox 1788 4593 2022 4661; x_wconf 90' lang='lat' dir='ltr'><strong>aliquam</strong></span> <span class='ocrx_word' id='word_1_709' title='bbox 2073 4590 2346 4658; x_wconf 75' lang='lat' dir='ltr'><strong>magnitu-</strong></span> <span class='ocrx_word' id='word_1_710' title='bbox 2382 4613 2425 4666; x_wconf 76' lang='grc' dir='ltr'><strong>ι)</strong></span> <span class='ocrx_word' id='word_1_711' title='bbox 2451 4602 2532 4654; x_wconf 75' lang='grc' dir='ltr'>δεῖ</span> 
     </span>
    </p>
   </div>
   <div class='ocr_carea' id='block_1_94' title="bbox 2267 4590 4029 4675">
    <p class='ocr_par' dir='ltr' id='par_1_94' title="bbox 2267 4597 4029 4668">
     <span class='ocr_line' id='line_1_94' title="bbox 2267 4597 4029 4668; baseline -0.001 -15"><span class='ocrx_word' id='word_1_712' title='bbox 2267 4601 2346 4644; x_wconf 69' lang='grc' dir='ltr'><strong>ιιι·</strong></span> <span class='ocrx_word' id='word_1_713' title='bbox 2382 4602 2532 4666; x_wconf 83' lang='grc' dir='ltr'><strong>ι)δεί</strong></span> <span class='ocrx_word' id='word_1_714' title='bbox 2585 4618 2637 4652; x_wconf 92' lang='grc' dir='ltr'><strong>τι</strong></span> <span class='ocrx_word' id='word_1_715' title='bbox 2688 4599 2870 4668; x_wconf 76' lang='grc' dir='ltr'>ψυχῆς</span> <span class='ocrx_word' id='word_1_716' title='bbox 2927 4597 3154 4666; x_wconf 85' lang='grc' dir='ltr'>μέγεθος</span> <span class='ocrx_word' id='word_1_717' title='bbox 3206 4599 3466 4660; x_wconf 74' lang='grc' dir='ltr'>ἐπινοεῖν,</span> <span class='ocrx_word' id='word_1_718' title='bbox 3503 4599 3596 4652; x_wconf 74' lang='grc' dir='ltr'><strong>καὶ</strong></span> <span class='ocrx_word' id='word_1_719' title='bbox 3652 4598 3740 4650; x_wconf 73' lang='grc' dir='ltr'>διὰ</span> <span class='ocrx_word' id='word_1_720' title='bbox 3788 4600 3885 4668; x_wconf 76' lang='grc' dir='ltr'><strong>τὴν</strong></span> <span class='ocrx_word' id='word_1_721' title='bbox 3937 4598 4029 4652; x_wconf 90' lang='grc' dir='ltr'><strong>τοῦ</strong></span> 
     </span>
    </p>
   </div>
   <div class='ocr_carea' id='block_1_95' title="bbox 773 4682 2342 4762">
    <p class='ocr_par' dir='ltr' id='par_1_95' title="bbox 773 4682 2342 4762">
     <span class='ocr_line' id='line_1_95' title="bbox 773 4682 2342 4762; baseline -0.01 -12"><span class='ocrx_word' id='word_1_722' title='bbox 773 4701 953 4751; x_wconf 75' lang='lat' dir='ltr'><strong>irinum</strong></span> <span class='ocrx_word' id='word_1_723' title='bbox 992 4693 1284 4762; x_wconf 83' lang='lat' dir='ltr'><strong>imaginari</strong></span> <span class='ocrx_word' id='word_1_724' title='bbox 1334 4700 1575 4760; x_wconf 71' lang='lat' dir='ltr'><strong>oportet,</strong></span> <span class='ocrx_word' id='word_1_725' title='bbox 1609 4696 1788 4740; x_wconf 88' lang='lat' dir='ltr'><strong>tamen</strong></span> <span class='ocrx_word' id='word_1_726' title='bbox 1849 4700 1939 4752; x_wconf 89' lang='lat' dir='ltr'><strong>per</strong></span> <span class='ocrx_word' id='word_1_727' title='bbox 1978 4682 2342 4736; x_wconf 88' lang='lat' dir='ltr'><strong>aecrctionem</strong></span> 
     </span>
    </p>
   </div>
   <div class='ocr_carea' id='block_1_96' title="bbox 773 4775 2349 4849">
    <p class='ocr_par' dir='ltr' id='par_1_96' title="bbox 773 4775 2349 4849">
     <span class='ocr_line' id='line_1_96' title="bbox 773 4775 2349 4849; baseline -0.014 -4"><span class='ocrx_word' id='word_1_728' title='bbox 773 4801 861 4844; x_wconf 78' lang='lat' dir='ltr'><strong>ain</strong></span> <span class='ocrx_word' id='word_1_729' title='bbox 897 4790 1315 4841; x_wconf 73' lang='grc' dir='ltr'>«Ιίιιιὶιιυιεοιιριιι</span> <span class='ocrx_word' id='word_1_730' title='bbox 1358 4781 1629 4849; x_wconf 83' lang='lat' dir='ltr'><strong>corporis,</strong></span> <span class='ocrx_word' id='word_1_731' title='bbox 1662 4788 1754 4831; x_wconf 88' lang='lat' dir='ltr'><strong>aut</strong></span> <span class='ocrx_word' id='word_1_732' title='bbox 1794 4775 2150 4830; x_wconf 87' lang='lat' dir='ltr'><strong>resectionem</strong></span> <span class='ocrx_word' id='word_1_733' title='bbox 2178 4786 2349 4825; x_wconf 86' lang='lat' dir='ltr'><strong>mem-</strong></span> 
     </span>
    </p>
   </div>
   <div class='ocr_carea' id='block_1_97' title="bbox 774 4865 2346 4948">
    <p class='ocr_par' dir='ltr' id='par_1_97' title="bbox 774 4865 2346 4948">
     <span class='ocr_line' id='line_1_97' title="bbox 774 4865 2346 4948; baseline -0.013 -10"><span class='ocrx_word' id='word_1_734' title='bbox 774 4885 856 4938; x_wconf 83' lang='lat' dir='ltr'><strong>bri</strong></span> <span class='ocrx_word' id='word_1_735' title='bbox 891 4880 1140 4948; x_wconf 82' lang='lat' dir='ltr'><strong>alicujus,</strong></span> <span class='ocrx_word' id='word_1_736' title='bbox 1178 4892 1352 4945; x_wconf 86' lang='lat' dir='ltr'><strong>neque</strong></span> <span class='ocrx_word' id='word_1_737' title='bbox 1397 4872 1790 4933; x_wconf 87' lang='lat' dir='ltr'><strong>aceretionem,</strong></span> <span class='ocrx_word' id='word_1_738' title='bbox 1821 4882 1998 4936; x_wconf 89' lang='lat' dir='ltr'><strong>neque</strong></span> <span class='ocrx_word' id='word_1_739' title='bbox 2027 4865 2346 4920; x_wconf 86' lang='lat' dir='ltr'><strong>diminutio-</strong></span> 
     </span>
    </p>
   </div>
   <div class='ocr_carea' id='block_1_98' title="bbox 773 4956 2349 5039">
    <p class='ocr_par' dir='ltr' id='par_1_98' title="bbox 773 4956 2349 5039">
     <span class='ocr_line' id='line_1_98' title="bbox 773 4956 2349 5039; baseline -0.013 -10"><span class='ocrx_word' id='word_1_740' title='bbox 773 4993 921 5036; x_wconf 86' lang='lat' dir='ltr'><strong>nem,</strong></span> <span class='ocrx_word' id='word_1_741' title='bbox 964 4987 1137 5039; x_wconf 89' lang='lat' dir='ltr'><strong>neque</strong></span> <span class='ocrx_word' id='word_1_742' title='bbox 1175 4967 1533 5022; x_wconf 89' lang='lat' dir='ltr'><strong>resectionem</strong></span> <span class='ocrx_word' id='word_1_743' title='bbox 1583 4963 1745 5016; x_wconf 88' lang='lat' dir='ltr'><strong>ullam</strong></span> <span class='ocrx_word' id='word_1_744' title='bbox 1785 4960 1965 5013; x_wconf 89' lang='lat' dir='ltr'><strong>anima</strong></span> <span class='ocrx_word' id='word_1_745' title='bbox 2005 4957 2260 5011; x_wconf 88' lang='lat' dir='ltr'><strong>sustinet.</strong></span> <span class='ocrx_word' id='word_1_746' title='bbox 2293 4956 2349 5010; x_wconf 88' lang='lat' dir='ltr'><strong>Id</strong></span> 
     </span>
    </p>
   </div>
   <div class='ocr_carea' id='block_1_99' title="bbox 774 5050 2348 5123">
    <p class='ocr_par' dir='ltr' id='par_1_99' title="bbox 774 5050 2348 5123">
     <span class='ocr_line' id='line_1_99' title="bbox 774 5050 2348 5123; baseline -0.013 0"><span class='ocrx_word' id='word_1_747' title='bbox 774 5085 903 5123; x_wconf 85' lang='lat' dir='ltr'><strong>vero</strong></span> <span class='ocrx_word' id='word_1_748' title='bbox 936 5069 1064 5120; x_wconf 63' lang='lat' dir='ltr'><strong>lietet</strong></span> <span class='ocrx_word' id='word_1_749' title='bbox 1109 5061 1453 5116; x_wconf 83' lang='lat' dir='ltr'><strong>verissimum</strong></span> <span class='ocrx_word' id='word_1_750' title='bbox 1507 5057 1599 5121; x_wconf 89' lang='lat' dir='ltr'><strong>sit,</strong></span> <span class='ocrx_word' id='word_1_751' title='bbox 1634 5055 2000 5121; x_wconf 89' lang='lat' dir='ltr'><strong>omnibusque</strong></span> <span class='ocrx_word' id='word_1_752' title='bbox 2033 5050 2348 5105; x_wconf 76' lang='lat' dir='ltr'><strong>Graecorum</strong></span> 
     </span>
    </p>
   </div>
   <div class='ocr_carea' id='block_1_100' title="bbox 776 5143 2352 5233">
    <p class='ocr_par' dir='ltr' id='par_1_100' title="bbox 776 5143 2352 5233">
     <span class='ocr_line' id='line_1_100' title="bbox 776 5143 2352 5233; baseline -0.016 -14"><span class='ocrx_word' id='word_1_753' title='bbox 776 5161 1115 5233; x_wconf 88' lang='lat' dir='ltr'><strong>sapientibus</strong></span> <span class='ocrx_word' id='word_1_754' title='bbox 1160 5156 1440 5224; x_wconf 86' lang='lat' dir='ltr'><strong>sacrisque</strong></span> <span class='ocrx_word' id='word_1_755' title='bbox 1465 5150 1780 5206; x_wconf 81' lang='lat' dir='ltr'><strong>doctoribus</strong></span> <span class='ocrx_word' id='word_1_756' title='bbox 1819 5149 1891 5200; x_wconf 89' lang='lat' dir='ltr'><strong>ita</strong></span> <span class='ocrx_word' id='word_1_757' title='bbox 1947 5147 2122 5199; x_wconf 85' lang='lat' dir='ltr'><strong>visum</strong></span> <span class='ocrx_word' id='word_1_758' title='bbox 2163 5143 2352 5206; x_wconf 82' lang='lat' dir='ltr'><strong>fuerit,</strong></span> 
     </span>
    </p>
   </div>
   <div class='ocr_carea' id='block_1_101' title="bbox 774 5240 2353 5318">
    <p class='ocr_par' dir='ltr' id='par_1_101' title="bbox 774 5240 2353 5318">
     <span class='ocr_line' id='line_1_101' title="bbox 774 5240 2353 5318; baseline -0.015 -6"><span class='ocrx_word' id='word_1_759' title='bbox 774 5260 922 5312; x_wconf 88' lang='lat' dir='ltr'><strong>clare</strong></span> <span class='ocrx_word' id='word_1_760' title='bbox 965 5263 1146 5306; x_wconf 87' lang='lat' dir='ltr'><strong>tamen</strong></span> <span class='ocrx_word' id='word_1_761' title='bbox 1176 5260 1226 5303; x_wconf 92' lang='lat' dir='ltr'><strong>et</strong></span> <span class='ocrx_word' id='word_1_762' title='bbox 1256 5247 1550 5318; x_wconf 66' lang='lat' dir='ltr'><strong>perspicue</strong></span> <span class='ocrx_word' id='word_1_763' title='bbox 1583 5258 1690 5296; x_wconf 92' lang='lat' dir='ltr'><strong>non</strong></span> <span class='ocrx_word' id='word_1_764' title='bbox 1741 5240 1890 5295; x_wconf 82' lang='lat' dir='ltr'><strong>venit</strong></span> <span class='ocrx_word' id='word_1_765' title='bbox 1927 5241 1978 5292; x_wconf 93' lang='lat' dir='ltr'><strong>in</strong></span> <span class='ocrx_word' id='word_1_766' title='bbox 2012 5246 2247 5290; x_wconf 86' lang='lat' dir='ltr'><strong>mentem</strong></span> <span class='ocrx_word' id='word_1_767' title='bbox 2297 5245 2353 5288; x_wconf 93' lang='lat' dir='ltr'><strong>ut</strong></span> 
     </span>
    </p>
   </div>
   <div class='ocr_carea' id='block_1_102' title="bbox 776 5331 2348 5410">
    <p class='ocr_par' dir='ltr' id='par_1_102' title="bbox 776 5331 2348 5410">
     <span class='ocr_line' id='line_1_102' title="bbox 776 5331 2348 5410; baseline -0.015 -8"><span class='ocrx_word' id='word_1_768' title='bbox 776 5352 1004 5403; x_wconf 88' lang='lat' dir='ltr'><strong>aliorum</strong></span> <span class='ocrx_word' id='word_1_769' title='bbox 1049 5341 1473 5410; x_wconf 68' lang='lat' dir='ltr'><strong>intelligibilium</strong></span> <span class='ocrx_word' id='word_1_770' title='bbox 1510 5334 1794 5389; x_wconf 79' lang='lat' dir='ltr'><strong>manifesta</strong></span> <span class='ocrx_word' id='word_1_771' title='bbox 1827 5347 2060 5401; x_wconf 71' lang='lat' dir='ltr'><strong>quaeque</strong></span> <span class='ocrx_word' id='word_1_772' title='bbox 2084 5344 2137 5383; x_wconf 89' lang='lat' dir='ltr'><strong>et</strong></span> <span class='ocrx_word' id='word_1_773' title='bbox 2163 5331 2348 5383; x_wconf 84' lang='lat' dir='ltr'><strong>obvia.</strong></span> 
     </span>
    </p>
   </div>
   <div class='ocr_carea' id='block_1_103' title="bbox 774 5420 2350 5508">
    <p class='ocr_par' dir='ltr' id='par_1_103' title="bbox 774 5420 2350 5508">
     <span class='ocr_line' id='line_1_103' title="bbox 774 5420 2350 5508; baseline -0.015 -13"><span class='ocrx_word' id='word_1_774' title='bbox 774 5441 1060 5508; x_wconf 77' lang='lat' dir='ltr'><strong>Quomodo</strong></span> <span class='ocrx_word' id='word_1_775' title='bbox 1077 5441 1240 5492; x_wconf 83' lang='lat' dir='ltr'><strong>etiam</strong></span> <span class='ocrx_word' id='word_1_776' title='bbox 1271 5435 1439 5488; x_wconf 82' lang='lat' dir='ltr'><strong>turris</strong></span> <span class='ocrx_word' id='word_1_777' title='bbox 1463 5431 1544 5485; x_wconf 76' lang='lat' dir='ltr'><strong>vel</strong></span> <span class='ocrx_word' id='word_1_778' title='bbox 1569 5427 1765 5483; x_wconf 83' lang='lat' dir='ltr'><strong>mentis</strong></span> <span class='ocrx_word' id='word_1_779' title='bbox 1785 5424 2209 5493; x_wconf 82' lang='lat' dir='ltr'><strong>magnitudinem</strong></span> <span class='ocrx_word' id='word_1_780' title='bbox 2233 5420 2350 5475; x_wconf 85' lang='lat' dir='ltr'><strong>visu</strong></span> 
     </span>
    </p>
   </div>
   <div class='ocr_carea' id='block_1_104' title="bbox 777 5514 2345 5596">
    <p class='ocr_par' dir='ltr' id='par_1_104' title="bbox 777 5514 2345 5596">
     <span class='ocr_line' id='line_1_104' title="bbox 777 5514 2345 5596; baseline -0.014 -9"><span class='ocrx_word' id='word_1_781' title='bbox 777 5536 1050 5592; x_wconf 87' lang='lat' dir='ltr'><strong>metimur,</strong></span> <span class='ocrx_word' id='word_1_782' title='bbox 1081 5534 1135 5583; x_wconf 88' lang='lat' dir='ltr'><strong>in</strong></span> <span class='ocrx_word' id='word_1_783' title='bbox 1170 5528 1328 5583; x_wconf 91' lang='lat' dir='ltr'><strong>oculo</strong></span> <span class='ocrx_word' id='word_1_784' title='bbox 1355 5538 1520 5596; x_wconf 87' lang='lat' dir='ltr'><strong>parvo</strong></span> <span class='ocrx_word' id='word_1_785' title='bbox 1547 5522 1669 5575; x_wconf 88' lang='lat' dir='ltr'><strong>talis</strong></span> <span class='ocrx_word' id='word_1_786' title='bbox 1692 5517 2080 5588; x_wconf 71' lang='lat' dir='ltr'><strong>magnitudinis</strong></span> <span class='ocrx_word' id='word_1_787' title='bbox 2109 5514 2345 5582; x_wconf 87' lang='lat' dir='ltr'><strong>speciem</strong></span> 
     </span>
    </p>
   </div>
   <div class='ocr_carea' id='block_1_105' title="bbox 776 5609 2351 5695">
    <p class='ocr_par' dir='ltr' id='par_1_105' title="bbox 776 5609 2351 5695">
     <span class='ocr_line' id='line_1_105' title="bbox 776 5609 2351 5695; baseline -0.013 -13"><span class='ocrx_word' id='word_1_788' title='bbox 776 5631 1097 5695; x_wconf 71' lang='lat' dir='ltr'><strong>impressam</strong></span> <span class='ocrx_word' id='word_1_789' title='bbox 1128 5619 1385 5676; x_wconf 74' lang='lat' dir='ltr'><strong>furentes?</strong></span> <span class='ocrx_word' id='word_1_790' title='bbox 1437 5616 1533 5674; x_wconf 79' lang='lat' dir='ltr'><strong>Est</strong></span> <span class='ocrx_word' id='word_1_791' title='bbox 1562 5611 1707 5673; x_wconf 85' lang='lat' dir='ltr'><strong>enim</strong></span> <span class='ocrx_word' id='word_1_792' title='bbox 1744 5611 1901 5679; x_wconf 87' lang='lat' dir='ltr'><strong>quasi</strong></span> <span class='ocrx_word' id='word_1_793' title='bbox 1942 5612 1995 5666; x_wconf 90' lang='lat' dir='ltr'><strong>in</strong></span> <span class='ocrx_word' id='word_1_794' title='bbox 2051 5611 2235 5663; x_wconf 87' lang='lat' dir='ltr'><strong>anima</strong></span> <span class='ocrx_word' id='word_1_795' title='bbox 2269 5609 2351 5662; x_wconf 91' lang='lat' dir='ltr'><strong>in-</strong></span> 
     </span>
    </p>
   </div>
   <div class='ocr_carea' id='block_1_106' title="bbox 775 5700 2353 5787">
    <p class='ocr_par' dir='ltr' id='par_1_106' title="bbox 775 5700 2353 5787">
     <span class='ocr_line' id='line_1_106' title="bbox 775 5700 2353 5787; baseline -0.011 -15"><span class='ocrx_word' id='word_1_796' title='bbox 775 5718 1132 5787; x_wconf 73' lang='lat' dir='ltr'><strong>lcliigibililel‘</strong></span> <span class='ocrx_word' id='word_1_797' title='bbox 1155 5712 1366 5782; x_wconf 83' lang='lat' dir='ltr'><strong>species</strong></span> <span class='ocrx_word' id='word_1_798' title='bbox 1407 5709 1597 5772; x_wconf 86' lang='lat' dir='ltr'><strong>turris,</strong></span> <span class='ocrx_word' id='word_1_799' title='bbox 1627 5715 1680 5762; x_wconf 90' lang='lat' dir='ltr'><strong>et</strong></span> <span class='ocrx_word' id='word_1_800' title='bbox 1722 5720 1844 5760; x_wconf 87' lang='lat' dir='ltr'><strong>cum</strong></span> <span class='ocrx_word' id='word_1_801' title='bbox 1884 5703 2181 5757; x_wconf 83' lang='lat' dir='ltr'><strong>materialis</strong></span> <span class='ocrx_word' id='word_1_802' title='bbox 2202 5701 2273 5756; x_wconf 88' lang='lat' dir='ltr'><strong>sit</strong></span> <span class='ocrx_word' id='word_1_803' title='bbox 2300 5700 2353 5755; x_wconf 90' lang='lat' dir='ltr'><strong>in</strong></span> 
     </span>
    </p>
   </div>
   <div class='ocr_carea' id='block_1_107' title="bbox 777 5797 2355 5878">
    <p class='ocr_par' dir='ltr' id='par_1_107' title="bbox 777 5797 2355 5878">
     <span class='ocr_line' id='line_1_107' title="bbox 777 5797 2355 5878; baseline -0.01 -14"><span class='ocrx_word' id='word_1_804' title='bbox 777 5827 802 5864; x_wconf 72' lang='grc' dir='ltr'><strong><em>Β</em></strong></span> <span class='ocrx_word' id='word_1_805' title='bbox 839 5812 978 5878; x_wconf 69' lang='lat' dir='ltr'><strong>ipsa,</strong></span> <span class='ocrx_word' id='word_1_806' title='bbox 1027 5810 1098 5861; x_wconf 80' lang='lat' dir='ltr'><strong>ita</strong></span> <span class='ocrx_word' id='word_1_807' title='bbox 1144 5803 1496 5874; x_wconf 80' lang='lat' dir='ltr'><strong>spiritualiter</strong></span> <span class='ocrx_word' id='word_1_808' title='bbox 1532 5799 1698 5853; x_wconf 86' lang='lat' dir='ltr'><strong>estin</strong></span> <span class='ocrx_word' id='word_1_809' title='bbox 1746 5799 1933 5861; x_wconf 82' lang='lat' dir='ltr'><strong>oculo,</strong></span> <span class='ocrx_word' id='word_1_810' title='bbox 1982 5805 2035 5849; x_wconf 89' lang='lat' dir='ltr'><strong>cl.</strong></span> <span class='ocrx_word' id='word_1_811' title='bbox 2085 5812 2177 5863; x_wconf 88' lang='lat' dir='ltr'><strong>per</strong></span> <span class='ocrx_word' id='word_1_812' title='bbox 2216 5797 2355 5848; x_wconf 85' lang='lat' dir='ltr'><strong>hanc</strong></span> 
     </span>
    </p>
   </div>
   <div class='ocr_carea' id='block_1_108' title="bbox 778 5888 2350 5973">
    <p class='ocr_par' dir='ltr' id='par_1_108' title="bbox 778 5888 2350 5973">
     <span class='ocr_line' id='line_1_108' title="bbox 778 5888 2350 5973; baseline -0.012 -17"><span class='ocrx_word' id='word_1_813' title='bbox 778 5905 1115 5973; x_wconf 54' lang='lat' dir='ltr'><strong>Spintualezn</strong></span> <span class='ocrx_word' id='word_1_814' title='bbox 1152 5899 1409 5970; x_wconf 81' lang='lat' dir='ltr'><strong>Speciem,</strong></span> <span class='ocrx_word' id='word_1_815' title='bbox 1440 5891 1731 5949; x_wconf 70' lang='lat' dir='ltr'><strong>exterioris</strong></span> <span class='ocrx_word' id='word_1_816' title='bbox 1767 5888 2165 5958; x_wconf 62' lang='lat' dir='ltr'><strong>magnitudinis</strong></span> <span class='ocrx_word' id='word_1_817' title='bbox 2195 5905 2350 5942; x_wconf 73' lang='lat' dir='ltr'><strong>coin-</strong></span> 
     </span>
    </p>
   </div>
   <div class='ocr_carea' id='block_1_109' title="bbox 2456 4691 4032 4762">
    <p class='ocr_par' dir='ltr' id='par_1_109' title="bbox 2456 4691 4032 4762">
     <span class='ocr_line' id='line_1_109' title="bbox 2456 4691 4032 4762; baseline -0.001 -16"><span class='ocrx_word' id='word_1_818' title='bbox 2456 4694 2706 4762; x_wconf 85' lang='grc' dir='ltr'>σώματος</span> <span class='ocrx_word' id='word_1_819' title='bbox 2759 4691 2988 4760; x_wconf 75' lang='grc' dir='ltr'>αὔξησίν</span> <span class='ocrx_word' id='word_1_820' title='bbox 3026 4708 3085 4742; x_wconf 87' lang='grc' dir='ltr'><strong>τε</strong></span> <span class='ocrx_word' id='word_1_821' title='bbox 3138 4691 3235 4744; x_wconf 73' lang='grc' dir='ltr'><strong>καὶ</strong></span> <span class='ocrx_word' id='word_1_822' title='bbox 3285 4691 3593 4760; x_wconf 80' lang='grc' dir='ltr'>μείωσιν,ἢ</span> <span class='ocrx_word' id='word_1_823' title='bbox 3648 4691 3848 4760; x_wconf 82' lang='grc' dir='ltr'>μέλους</span> <span class='ocrx_word' id='word_1_824' title='bbox 3890 4693 4032 4755; x_wconf 75' lang='grc' dir='ltr'>τινὸς</span> 
     </span>
    </p>
   </div>
   <div class='ocr_carea' id='block_1_110' title="bbox 2453 4782 4034 4854">
    <p class='ocr_par' dir='ltr' id='par_1_110' title="bbox 2453 4782 4034 4854">
     <span class='ocr_line' id='line_1_110' title="bbox 2453 4782 4034 4854; baseline -0.002 -16"><span class='ocrx_word' id='word_1_825' title='bbox 2453 4785 2716 4854; x_wconf 76' lang='grc' dir='ltr'>ἐκκοπὴν,</span> <span class='ocrx_word' id='word_1_826' title='bbox 2765 4782 2892 4837; x_wconf 73' lang='grc' dir='ltr'>οὔτε</span> <span class='ocrx_word' id='word_1_827' title='bbox 2931 4783 3162 4854; x_wconf 77' lang='grc' dir='ltr'>αὔξησιν</span> <span class='ocrx_word' id='word_1_828' title='bbox 3212 4782 3337 4835; x_wconf 77' lang='grc' dir='ltr'>οὕτε</span> <span class='ocrx_word' id='word_1_829' title='bbox 3394 4786 3641 4851; x_wconf 84' lang='grc' dir='ltr'>μείωσιν,</span> <span class='ocrx_word' id='word_1_830' title='bbox 3691 4783 3815 4836; x_wconf 79' lang='grc' dir='ltr'>οὕτε</span> <span class='ocrx_word' id='word_1_831' title='bbox 3859 4786 4034 4852; x_wconf 77' lang='grc' dir='ltr'>τομήν</span> 
     </span>
    </p>
   </div>
   <div class='ocr_carea' id='block_1_111' title="bbox 2453 4873 4032 4945">
    <p class='ocr_par' dir='ltr' id='par_1_111' title="bbox 2453 4873 4032 4945">
     <span class='ocr_line' id='line_1_111' title="bbox 2453 4873 4032 4945; baseline -0.002 -16"><span class='ocrx_word' id='word_1_832' title='bbox 2453 4895 2573 4929; x_wconf 90' lang='grc' dir='ltr'>τινα</span> <span class='ocrx_word' id='word_1_833' title='bbox 2605 4879 2699 4929; x_wconf 72' lang='grc' dir='ltr'><strong>καὶ</strong></span> <span class='ocrx_word' id='word_1_834' title='bbox 2743 4878 2774 4945; x_wconf 84' lang='grc' dir='ltr'><strong>ή</strong></span> <span class='ocrx_word' id='word_1_835' title='bbox 2830 4875 2975 4945; x_wconf 76' lang='grc' dir='ltr'>ψυχὴ</span> <span class='ocrx_word' id='word_1_836' title='bbox 3013 4875 3422 4943; x_wconf 78' lang='grc' dir='ltr'>συνεφίσταται.</span> <span class='ocrx_word' id='word_1_837' title='bbox 3466 4873 3660 4927; x_wconf 77' lang='grc' dir='ltr'>Καίτοι</span> <span class='ocrx_word' id='word_1_838' title='bbox 3699 4873 3861 4928; x_wconf 78' lang='grc' dir='ltr'>τοῦτο</span> <span class='ocrx_word' id='word_1_839' title='bbox 3903 4876 4032 4941; x_wconf 75' lang='grc' dir='ltr'>ἀλη-</span> 
     </span>
    </p>
   </div>
   <div class='ocr_carea' id='block_1_112' title="bbox 2456 4964 4032 5034">
    <p class='ocr_par' dir='ltr' id='par_1_112' title="bbox 2456 4964 4032 5034">
     <span class='ocr_line' id='line_1_112' title="bbox 2456 4964 4032 5034; baseline -0.001 -15"><span class='ocrx_word' id='word_1_840' title='bbox 2456 4967 2714 5019; x_wconf 86' lang='grc' dir='ltr'>θέστατον</span> <span class='ocrx_word' id='word_1_841' title='bbox 2755 4964 2835 5028; x_wconf 82' lang='grc' dir='ltr'>ὃν,</span> <span class='ocrx_word' id='word_1_842' title='bbox 2885 4966 2978 5017; x_wconf 85' lang='grc' dir='ltr'>καὶ</span> <span class='ocrx_word' id='word_1_843' title='bbox 3029 4968 3163 5018; x_wconf 81' lang='grc' dir='ltr'>πᾶσι</span> <span class='ocrx_word' id='word_1_844' title='bbox 3197 4965 3300 5034; x_wconf 84' lang='grc' dir='ltr'><strong>μὲν</strong></span> <span class='ocrx_word' id='word_1_845' title='bbox 3339 4965 3610 5034; x_wconf 77' lang='grc' dir='ltr'>Ἐλλήνων</span> <span class='ocrx_word' id='word_1_846' title='bbox 3658 4967 3865 5032; x_wconf 81' lang='grc' dir='ltr'>σοφοῖς,</span> <span class='ocrx_word' id='word_1_847' title='bbox 3898 4967 4032 5018; x_wconf 76' lang='grc' dir='ltr'>πᾶσι</span> 
     </span>
    </p>
   </div>
   <div class='ocr_carea' id='block_1_113' title="bbox 2455 5055 4033 5126">
    <p class='ocr_par' dir='ltr' id='par_1_113' title="bbox 2455 5055 4033 5126">
     <span class='ocr_line' id='line_1_113' title="bbox 2455 5055 4033 5126; baseline -0.001 -16"><span class='ocrx_word' id='word_1_848' title='bbox 2455 5059 2508 5110; x_wconf 76' lang='grc' dir='ltr'>δὲ</span> <span class='ocrx_word' id='word_1_849' title='bbox 2545 5060 2652 5116; x_wconf 83' lang='grc' dir='ltr'>τοῖς</span> <span class='ocrx_word' id='word_1_850' title='bbox 2691 5059 2855 5126; x_wconf 77' lang='grc' dir='ltr'>ἱεροῖς</span> <span class='ocrx_word' id='word_1_851' title='bbox 2879 5057 3224 5118; x_wconf 79' lang='grc' dir='ltr'>διδασκάλοις</span> <span class='ocrx_word' id='word_1_852' title='bbox 3255 5055 3398 5107; x_wconf 82' lang='grc' dir='ltr'>οὓτω</span> <span class='ocrx_word' id='word_1_853' title='bbox 3434 5055 3828 5126; x_wconf 82' lang='grc' dir='ltr'>φρονούμενον,</span> <span class='ocrx_word' id='word_1_854' title='bbox 3866 5057 4033 5109; x_wconf 79' lang='grc' dir='ltr'>καθα-</span> 
     </span>
    </p>
   </div>
   <div class='ocr_carea' id='block_1_114' title="bbox 2458 5147 4036 5220">
    <p class='ocr_par' dir='ltr' id='par_1_114' title="bbox 2458 5147 4036 5220">
     <span class='ocr_line' id='line_1_114' title="bbox 2458 5147 4036 5220; baseline -0.002 -19"><span class='ocrx_word' id='word_1_855' title='bbox 2458 5151 2566 5220; x_wconf 83' lang='grc' dir='ltr'><strong>ρῶς</strong></span> <span class='ocrx_word' id='word_1_856' title='bbox 2616 5151 2767 5218; x_wconf 66' lang='grc' dir='ltr'>ὅμως</span> <span class='ocrx_word' id='word_1_857' title='bbox 2822 5150 2918 5219; x_wconf 79' lang='grc' dir='ltr'><strong>οὐχ</strong></span> <span class='ocrx_word' id='word_1_858' title='bbox 2977 5149 3274 5200; x_wconf 80' lang='grc' dir='ltr'>ὑποπίπτει</span> <span class='ocrx_word' id='word_1_859' title='bbox 3327 5147 3401 5217; x_wconf 80' lang='grc' dir='ltr'>τῷ</span> <span class='ocrx_word' id='word_1_860' title='bbox 3467 5150 3563 5217; x_wconf 80' lang='grc' dir='ltr'>νῷ,</span> <span class='ocrx_word' id='word_1_861' title='bbox 3619 5152 3875 5217; x_wconf 83' lang='grc' dir='ltr'>καθάπερ</span> <span class='ocrx_word' id='word_1_862' title='bbox 3929 5152 4036 5202; x_wconf 75' lang='grc' dir='ltr'>τῶν</span> 
     </span>
    </p>
   </div>
   <div class='ocr_carea' id='block_1_115' title="bbox 2458 5240 4035 5310">
    <p class='ocr_par' dir='ltr' id='par_1_115' title="bbox 2458 5240 4035 5310">
     <span class='ocr_line' id='line_1_115' title="bbox 2458 5240 4035 5310; baseline -0.002 -15"><span class='ocrx_word' id='word_1_863' title='bbox 2458 5243 2632 5295; x_wconf 82' lang='grc' dir='ltr'>ἄλλων</span> <span class='ocrx_word' id='word_1_864' title='bbox 2681 5243 2887 5310; x_wconf 80' lang='grc' dir='ltr'>γοήτων</span> <span class='ocrx_word' id='word_1_865' title='bbox 2929 5240 2997 5293; x_wconf 83' lang='grc' dir='ltr'><strong>τά</strong></span> <span class='ocrx_word' id='word_1_866' title='bbox 3030 5241 3240 5309; x_wconf 84' lang='grc' dir='ltr'>φανερά</span> <span class='ocrx_word' id='word_1_867' title='bbox 3273 5258 3332 5292; x_wconf 88' lang='grc' dir='ltr'><strong>τε</strong></span> <span class='ocrx_word' id='word_1_868' title='bbox 3378 5241 3470 5292; x_wconf 74' lang='grc' dir='ltr'><strong>καὶ</strong></span> <span class='ocrx_word' id='word_1_869' title='bbox 3505 5241 3792 5309; x_wconf 83' lang='grc' dir='ltr'>πρόχειρα.</span> <span class='ocrx_word' id='word_1_870' title='bbox 3827 5240 3944 5300; x_wconf 70' lang='grc' dir='ltr'><strong>Πῶς</strong></span> <span class='ocrx_word' id='word_1_871' title='bbox 3982 5242 4035 5292; x_wconf 77' lang='grc' dir='ltr'>δὲ</span> 
     </span>
    </p>
   </div>
   <div class='ocr_carea' id='block_1_116' title="bbox 2459 5331 4035 5403">
    <p class='ocr_par' dir='ltr' id='par_1_116' title="bbox 2459 5331 4035 5403">
     <span class='ocr_line' id='line_1_116' title="bbox 2459 5331 4035 5403; baseline -0.003 -16"><span class='ocrx_word' id='word_1_872' title='bbox 2459 5338 2550 5387; x_wconf 77' lang='grc' dir='ltr'><strong>καὶ</strong></span> <span class='ocrx_word' id='word_1_873' title='bbox 2609 5335 2816 5403; x_wconf 85' lang='grc' dir='ltr'>πύργου</span> <span class='ocrx_word' id='word_1_874' title='bbox 2858 5334 3151 5403; x_wconf 79' lang='grc' dir='ltr'>μέγεθοςῆ</span> <span class='ocrx_word' id='word_1_875' title='bbox 3204 5333 3362 5402; x_wconf 86' lang='grc' dir='ltr'>ὅρους</span> <span class='ocrx_word' id='word_1_876' title='bbox 3411 5335 3477 5402; x_wconf 86' lang='grc' dir='ltr'>τῇ</span> <span class='ocrx_word' id='word_1_877' title='bbox 3527 5333 3647 5401; x_wconf 70' lang='grc' dir='ltr'>ὄψει</span> <span class='ocrx_word' id='word_1_878' title='bbox 3698 5331 4035 5400; x_wconf 63' lang='grc' dir='ltr'>μετροῦμεν,</span> 
     </span>
    </p>
   </div>
   <div class='ocr_carea' id='block_1_117' title="bbox 2459 5420 4036 5498">
    <p class='ocr_par' dir='ltr' id='par_1_117' title="bbox 2459 5420 4036 5498">
     <span class='ocr_line' id='line_1_117' title="bbox 2459 5420 4036 5498; baseline -0.001 -18"><span class='ocrx_word' id='word_1_879' title='bbox 2459 5430 2725 5498; x_wconf 83' lang='grc' dir='ltr'>ἐλαχίστῳ</span> <span class='ocrx_word' id='word_1_880' title='bbox 2774 5431 2850 5498; x_wconf 84' lang='grc' dir='ltr'>τῷ</span> <span class='ocrx_word' id='word_1_881' title='bbox 2891 5426 3155 5498; x_wconf 73' lang='grc' dir='ltr'>ὀφθαλμῷ</span> <span class='ocrx_word' id='word_1_882' title='bbox 3210 5426 3535 5496; x_wconf 83' lang='grc' dir='ltr'>τηλικούτου</span> <span class='ocrx_word' id='word_1_883' title='bbox 3583 5429 3849 5494; x_wconf 76' lang='grc' dir='ltr'>μεγέθους</span> <span class='ocrx_word' id='word_1_884' title='bbox 3896 5420 4036 5488; x_wconf 77' lang='grc' dir='ltr'>εἶδος</span> 
     </span>
    </p>
   </div>
   <div class='ocr_carea' id='block_1_118' title="bbox 2460 5517 4039 5590">
    <p class='ocr_par' dir='ltr' id='par_1_118' title="bbox 2460 5517 4039 5590">
     <span class='ocr_line' id='line_1_118' title="bbox 2460 5517 4039 5590; baseline -0.003 -16"><span class='ocrx_word' id='word_1_885' title='bbox 2460 5522 2822 5590; x_wconf 74' lang='grc' dir='ltr'>ἐμφέροντεςς</span> <span class='ocrx_word' id='word_1_886' title='bbox 2859 5522 3015 5574; x_wconf 81' lang='grc' dir='ltr'>Ἐστι</span> <span class='ocrx_word' id='word_1_887' title='bbox 3067 5522 3172 5589; x_wconf 80' lang='grc' dir='ltr'>γὰρ</span> <span class='ocrx_word' id='word_1_888' title='bbox 3218 5519 3293 5582; x_wconf 85' lang='grc' dir='ltr'>ὼς</span> <span class='ocrx_word' id='word_1_889' title='bbox 3339 5521 3395 5570; x_wconf 82' lang='grc' dir='ltr'>ὲν</span> <span class='ocrx_word' id='word_1_890' title='bbox 3431 5522 3496 5589; x_wconf 80' lang='grc' dir='ltr'>τῇ</span> <span class='ocrx_word' id='word_1_891' title='bbox 3550 5521 3697 5588; x_wconf 76' lang='grc' dir='ltr'><strong>ψυχῇ</strong></span> <span class='ocrx_word' id='word_1_892' title='bbox 3731 5519 3936 5588; x_wconf 84' lang='grc' dir='ltr'>νοητῶς</span> <span class='ocrx_word' id='word_1_893' title='bbox 3980 5517 4039 5570; x_wconf 84' lang='grc' dir='ltr'><strong>τὸ</strong></span> 
     </span>
    </p>
   </div>
   <div class='ocr_carea' id='block_1_119' title="bbox 2461 5612 4037 5684">
    <p class='ocr_par' dir='ltr' id='par_1_119' title="bbox 2461 5612 4037 5684">
     <span class='ocr_line' id='line_1_119' title="bbox 2461 5612 4037 5684; baseline -0.002 -18"><span class='ocrx_word' id='word_1_894' title='bbox 2461 5615 2599 5673; x_wconf 79' lang='grc' dir='ltr'>εἶδος</span> <span class='ocrx_word' id='word_1_895' title='bbox 2635 5614 2728 5666; x_wconf 92' lang='grc' dir='ltr'><strong>τοῦ</strong></span> <span class='ocrx_word' id='word_1_896' title='bbox 2763 5615 2997 5684; x_wconf 82' lang='grc' dir='ltr'>πύργου,</span> <span class='ocrx_word' id='word_1_897' title='bbox 3039 5617 3130 5667; x_wconf 83' lang='grc' dir='ltr'><strong>καὶ</strong></span> <span class='ocrx_word' id='word_1_898' title='bbox 3162 5613 3364 5676; x_wconf 83' lang='grc' dir='ltr'>ὑλικῶς</span> <span class='ocrx_word' id='word_1_899' title='bbox 3397 5617 3454 5666; x_wconf 86' lang='grc' dir='ltr'>ὲν</span> <span class='ocrx_word' id='word_1_900' title='bbox 3487 5612 3657 5682; x_wconf 80' lang='grc' dir='ltr'>αὐτῷ,</span> <span class='ocrx_word' id='word_1_901' title='bbox 3693 5613 3836 5665; x_wconf 78' lang='grc' dir='ltr'>οὕτω</span> <span class='ocrx_word' id='word_1_902' title='bbox 3875 5629 4037 5664; x_wconf 81' lang='grc' dir='ltr'>πνευο</span> 
     </span>
    </p>
   </div>
   <div class='ocr_carea' id='block_1_120' title="bbox 2464 5706 4039 5777">
    <p class='ocr_par' dir='ltr' id='par_1_120' title="bbox 2464 5706 4039 5777">
     <span class='ocr_line' id='line_1_120' title="bbox 2464 5706 4039 5777; baseline -0.003 -18"><span class='ocrx_word' id='word_1_903' title='bbox 2464 5707 2708 5777; x_wconf 76' lang='grc' dir='ltr'>ματικῶς</span> <span class='ocrx_word' id='word_1_904' title='bbox 2750 5709 2805 5758; x_wconf 85' lang='grc' dir='ltr'>ὲν</span> <span class='ocrx_word' id='word_1_905' title='bbox 2841 5707 2918 5774; x_wconf 80' lang='grc' dir='ltr'>τῷ</span> <span class='ocrx_word' id='word_1_906' title='bbox 2975 5706 3262 5775; x_wconf 74' lang='grc' dir='ltr'>ὀφθαλμῷ,</span> <span class='ocrx_word' id='word_1_907' title='bbox 3299 5706 3394 5758; x_wconf 76' lang='grc' dir='ltr'>καὶ</span> <span class='ocrx_word' id='word_1_908' title='bbox 3445 5707 3620 5772; x_wconf 89' lang='grc' dir='ltr'>τούτῳ</span> <span class='ocrx_word' id='word_1_909' title='bbox 3662 5706 3738 5772; x_wconf 86' lang='grc' dir='ltr'>τῷ</span> <span class='ocrx_word' id='word_1_910' title='bbox 3794 5721 4039 5772; x_wconf 81' lang='grc' dir='ltr'>πνευμα-</span> 
     </span>
    </p>
   </div>
   <div class='ocr_carea' id='block_1_121' title="bbox 2461 5795 4039 5867">
    <p class='ocr_par' dir='ltr' id='par_1_121' title="bbox 2461 5795 4039 5867">
     <span class='ocr_line' id='line_1_121' title="bbox 2461 5795 4039 5867; baseline 0.001 -19"><span class='ocrx_word' id='word_1_911' title='bbox 2461 5798 2598 5865; x_wconf 81' lang='grc' dir='ltr'>τικῷ</span> <span class='ocrx_word' id='word_1_912' title='bbox 2634 5799 2764 5850; x_wconf 66' lang='grc' dir='ltr'>εἴδει</span> <span class='ocrx_word' id='word_1_913' title='bbox 2797 5798 2894 5867; x_wconf 76' lang='grc' dir='ltr'>τὴν</span> <span class='ocrx_word' id='word_1_914' title='bbox 2923 5797 3013 5848; x_wconf 75' lang='grc' dir='ltr'><strong>τοῦ</strong></span> <span class='ocrx_word' id='word_1_915' title='bbox 3051 5798 3153 5859; x_wconf 78' lang='grc' dir='ltr'><strong>ἔξω</strong></span> <span class='ocrx_word' id='word_1_916' title='bbox 3185 5797 3452 5864; x_wconf 84' lang='grc' dir='ltr'>μεγέθους</span> <span class='ocrx_word' id='word_1_917' title='bbox 3484 5797 3784 5866; x_wconf 84' lang='grc' dir='ltr'>ποιούμεθα</span> <span class='ocrx_word' id='word_1_918' title='bbox 3814 5795 4039 5865; x_wconf 87' lang='grc' dir='ltr'>σύγκρι-</span> 
     </span>
    </p>
   </div>
   <div class='ocr_carea' id='block_1_122' title="bbox 2467 5887 4033 5957">
    <p class='ocr_par' dir='ltr' id='par_1_122' title="bbox 2467 5887 4033 5957">
     <span class='ocr_line' id='line_1_122' title="bbox 2467 5887 4033 5957; baseline -0.004 -15"><span class='ocrx_word' id='word_1_919' title='bbox 2467 5909 2570 5945; x_wconf 65' lang='grc' dir='ltr'>σιν.</span> <span class='ocrx_word' id='word_1_920' title='bbox 2598 5893 2693 5952; x_wconf 88' lang='grc' dir='ltr'><strong>Τίς</strong></span> <span class='ocrx_word' id='word_1_921' title='bbox 2741 5889 2895 5957; x_wconf 76' lang='grc' dir='ltr'>λόγος</span> <span class='ocrx_word' id='word_1_922' title='bbox 2956 5890 3303 5942; x_wconf 72' lang='grc' dir='ltr'>ἀποδίδοσθαι</span> <span class='ocrx_word' id='word_1_923' title='bbox 3359 5889 3453 5942; x_wconf 84' lang='grc' dir='ltr'><strong>τοῦ</strong></span> <span class='ocrx_word' id='word_1_924' title='bbox 3506 5888 3749 5941; x_wconf 83' lang='grc' dir='ltr'>τοιούτου</span> <span class='ocrx_word' id='word_1_925' title='bbox 3791 5887 4033 5940; x_wconf 72' lang='grc' dir='ltr'>δύναται.</span> 
     </span>
    </p>
   </div>
  </div>
