  <div class='ocr_page' id='page_1' title='image "/cluster/home/n/w/nwhite01/storage/ocr_20150623/160/nnc1.0046980687/192.png"; bbox 0 0 4462 6450; ppageno 0'>
   <div class='ocr_carea' id='block_1_1' title="bbox 435 376 543 443">
    <p class='ocr_par' dir='ltr' id='par_1_1' title="bbox 435 376 543 443">
     <span class='ocr_line' id='line_1_1' title="bbox 435 376 543 443; baseline 0.009 -2"><span class='ocrx_word' id='word_1_1' title='bbox 435 376 543 443; x_wconf 84' lang='lat'><strong>365</strong></span> 
     </span>
    </p>
   </div>
   <div class='ocr_carea' id='block_1_2' title="bbox 1461 376 2148 438">
    <p class='ocr_par' dir='ltr' id='par_1_2' title="bbox 1461 376 2148 438">
     <span class='ocr_line' id='line_1_2' title="bbox 1461 376 2148 438; baseline 0.003 -4"><span class='ocrx_word' id='word_1_2' title='bbox 1461 376 1646 437; x_wconf 72' lang='grc' dir='ltr'>11οΜ.</span> <span class='ocrx_word' id='word_1_3' title='bbox 1685 378 1781 438; x_wconf 85' lang='lat' dir='ltr'>DE</span> <span class='ocrx_word' id='word_1_4' title='bbox 1829 378 2064 436; x_wconf 72' lang='lat' dir='ltr'><strong>SACBA</strong></span> <span class='ocrx_word' id='word_1_5' title='bbox 2079 377 2148 436; x_wconf 64' lang='grc' dir='ltr'><strong>λι.</strong></span> 
     </span>
    </p>
   </div>
   <div class='ocr_carea' id='block_1_3' title="bbox 2214 377 3727 440">
    <p class='ocr_par' dir='ltr' id='par_1_3' title="bbox 2214 377 3727 440">
     <span class='ocr_line' id='line_1_3' title="bbox 2214 377 3727 440; baseline 0.003 -5"><span class='ocrx_word' id='word_1_6' title='bbox 2214 379 2576 438; x_wconf 73' lang='lat' dir='ltr'><strong>CORPOBE</strong></span> <span class='ocrx_word' id='word_1_7' title='bbox 2620 379 2671 440; x_wconf 75' lang='grc' dir='ltr'>Ι.</span> <span class='ocrx_word' id='word_1_8' title='bbox 2706 380 2770 437; x_wconf 86' lang='lat' dir='ltr'><strong>C-</strong></span> <span class='ocrx_word' id='word_1_9' title='bbox 3623 377 3727 439; x_wconf 79' lang='lat'><strong>366</strong></span> 
     </span>
    </p>
   </div>
   <div class='ocr_carea' id='block_1_4' title="bbox 436 485 2198 560">
    <p class='ocr_par' dir='ltr' id='par_1_4' title="bbox 436 485 2198 560">
     <span class='ocr_line' id='line_1_4' title="bbox 436 485 2198 560; baseline 0.004 -20"><span class='ocrx_word' id='word_1_10' title='bbox 436 489 642 557; x_wconf 79' lang='grc' dir='ltr'>καίπερ</span> <span class='ocrx_word' id='word_1_11' title='bbox 687 486 840 549; x_wconf 83' lang='grc' dir='ltr'>όντος</span> <span class='ocrx_word' id='word_1_12' title='bbox 902 485 1320 556; x_wconf 77' lang='grc' dir='ltr'>ἀληθεστάτους</span> <span class='ocrx_word' id='word_1_13' title='bbox 1360 489 1520 544; x_wconf 82' lang='grc' dir='ltr'>Οὖτω</span> <span class='ocrx_word' id='word_1_14' title='bbox 1568 492 1624 544; x_wconf 82' lang='grc' dir='ltr'><strong>δὲ</strong></span> <span class='ocrx_word' id='word_1_15' title='bbox 1685 493 1777 544; x_wconf 70' lang='grc' dir='ltr'><strong>καὶ</strong></span> <span class='ocrx_word' id='word_1_16' title='bbox 1827 495 1882 544; x_wconf 81' lang='grc' dir='ltr'><strong>ἐν</strong></span> <span class='ocrx_word' id='word_1_17' title='bbox 1938 510 2034 543; x_wconf 80' lang='grc' dir='ltr'>κα·</span> <span class='ocrx_word' id='word_1_18' title='bbox 2067 495 2106 550; x_wconf 84' lang='grc' dir='ltr'><strong>Α</strong></span> <span class='ocrx_word' id='word_1_19' title='bbox 2142 509 2198 560; x_wconf 85' lang='lat' dir='ltr'><strong>pa</strong></span> 
     </span>
    </p>
   </div>
   <div class='ocr_carea' id='block_1_5' title="bbox 1966 485 3728 560">
    <p class='ocr_par' dir='ltr' id='par_1_5' title="bbox 1966 490 3728 560">
     <span class='ocr_line' id='line_1_5' title="bbox 1966 490 3728 560; baseline -0.003 -10"><span class='ocrx_word' id='word_1_20' title='bbox 1966 510 2034 542; x_wconf 74' lang='grc' dir='ltr'>ια·</span> <span class='ocrx_word' id='word_1_21' title='bbox 2067 495 2106 550; x_wconf 83' lang='grc' dir='ltr'><strong>Α</strong></span> <span class='ocrx_word' id='word_1_22' title='bbox 2142 497 2482 560; x_wconf 79' lang='lat' dir='ltr'><strong>parationeui</strong></span> <span class='ocrx_word' id='word_1_23' title='bbox 2521 495 2776 546; x_wconf 75' lang='lat' dir='ltr'><strong>facimus.</strong></span> <span class='ocrx_word' id='word_1_24' title='bbox 2830 493 3090 556; x_wconf 72' lang='lat' dir='ltr'><strong>Quaenam</strong></span> <span class='ocrx_word' id='word_1_25' title='bbox 3114 491 3275 556; x_wconf 81' lang='lat' dir='ltr'><strong>liujus</strong></span> <span class='ocrx_word' id='word_1_26' title='bbox 3294 492 3370 542; x_wconf 90' lang='lat' dir='ltr'><strong>rei</strong></span> <span class='ocrx_word' id='word_1_27' title='bbox 3405 490 3530 542; x_wconf 73' lang='lat' dir='ltr'><strong>licet</strong></span> <span class='ocrx_word' id='word_1_28' title='bbox 3561 493 3728 544; x_wconf 76' lang='lat' dir='ltr'><strong>reris-</strong></span> 
     </span>
    </p>
   </div>
   <div class='ocr_carea' id='block_1_6' title="bbox 436 579 2032 651">
    <p class='ocr_par' dir='ltr' id='par_1_6' title="bbox 436 579 2032 651">
     <span class='ocr_line' id='line_1_6' title="bbox 436 579 2032 651; baseline -0.001 -17"><span class='ocrx_word' id='word_1_29' title='bbox 436 583 656 648; x_wconf 87' lang='grc' dir='ltr'>τόπτρῳ</span> <span class='ocrx_word' id='word_1_30' title='bbox 710 579 905 648; x_wconf 81' lang='grc' dir='ltr'>βραχεῖ</span> <span class='ocrx_word' id='word_1_31' title='bbox 951 581 1231 648; x_wconf 80' lang='grc' dir='ltr'><strong>μεγίστων</strong></span> <span class='ocrx_word' id='word_1_32' title='bbox 1289 583 1634 651; x_wconf 74' lang='grc' dir='ltr'><strong>πραγμάτων</strong></span> <span class='ocrx_word' id='word_1_33' title='bbox 1685 585 2032 651; x_wconf 75' lang='grc' dir='ltr'>καθορῶντες</span> 
     </span>
    </p>
   </div>
   <div class='ocr_carea' id='block_1_7' title="bbox 439 670 2034 744">
    <p class='ocr_par' dir='ltr' id='par_1_7' title="bbox 439 670 2034 744">
     <span class='ocr_line' id='line_1_7' title="bbox 439 670 2034 744; baseline 0.002 -21"><span class='ocrx_word' id='word_1_34' title='bbox 439 674 680 732; x_wconf 81' lang='grc' dir='ltr'>εἰκόνας,</span> <span class='ocrx_word' id='word_1_35' title='bbox 745 670 865 723; x_wconf 81' lang='grc' dir='ltr'>οὐδὲ</span> <span class='ocrx_word' id='word_1_36' title='bbox 922 671 1117 724; x_wconf 81' lang='grc' dir='ltr'>τούτου</span> <span class='ocrx_word' id='word_1_37' title='bbox 1183 673 1374 743; x_wconf 80' lang='grc' dir='ltr'>σχεδὸν</span> <span class='ocrx_word' id='word_1_38' title='bbox 1430 675 1521 727; x_wconf 70' lang='grc' dir='ltr'><strong>τὸν</strong></span> <span class='ocrx_word' id='word_1_39' title='bbox 1581 676 1737 740; x_wconf 64' lang='grc' dir='ltr'>λόγον</span> <span class='ocrx_word' id='word_1_40' title='bbox 1808 676 2034 744; x_wconf 80' lang='grc' dir='ltr'><strong>ὑπέχειν</strong></span> 
     </span>
    </p>
   </div>
   <div class='ocr_carea' id='block_1_8' title="bbox 439 764 740 823">
    <p class='ocr_par' dir='ltr' id='par_1_8' title="bbox 439 764 740 823">
     <span class='ocr_line' id='line_1_8' title="bbox 439 764 740 823; baseline 0 -8"><span class='ocrx_word' id='word_1_41' title='bbox 439 764 740 823; x_wconf 77' lang='grc' dir='ltr'>δυνάμεθα.</span> 
     </span>
    </p>
   </div>
   <div class='ocr_carea' id='block_1_9' title="bbox 514 851 2032 926">
    <p class='ocr_par' dir='ltr' id='par_1_9' title="bbox 514 851 2032 926">
     <span class='ocr_line' id='line_1_9' title="bbox 514 851 2032 926; baseline 0 -18"><span class='ocrx_word' id='word_1_42' title='bbox 514 857 659 924; x_wconf 63' lang='grc' dir='ltr'>Πρὶς</span> <span class='ocrx_word' id='word_1_43' title='bbox 688 855 898 919; x_wconf 80' lang='grc' dir='ltr'>τούτοις</span> <span class='ocrx_word' id='word_1_44' title='bbox 925 857 1193 911; x_wconf 78' lang='grc' dir='ltr'>ἀδύνατον</span> <span class='ocrx_word' id='word_1_45' title='bbox 1229 851 1370 910; x_wconf 81' lang='grc' dir='ltr'>εῖναι</span> <span class='ocrx_word' id='word_1_46' title='bbox 1423 858 1590 926; x_wconf 67' lang='grc' dir='ltr'>φασιν</span> <span class='ocrx_word' id='word_1_47' title='bbox 1623 859 1670 910; x_wconf 79' lang='grc' dir='ltr'>οἱ</span> <span class='ocrx_word' id='word_1_48' title='bbox 1704 858 1778 922; x_wconf 79' lang='grc' dir='ltr'><strong>τῷ</strong></span> <span class='ocrx_word' id='word_1_49' title='bbox 1823 875 2032 924; x_wconf 74' lang='grc' dir='ltr'>μυστη-</span> 
     </span>
    </p>
   </div>
   <div class='ocr_carea' id='block_1_10' title="bbox 446 946 2040 1016">
    <p class='ocr_par' dir='ltr' id='par_1_10' title="bbox 446 946 2040 1016">
     <span class='ocr_line' id='line_1_10' title="bbox 446 946 2040 1016; baseline 0.002 -18"><span class='ocrx_word' id='word_1_50' title='bbox 446 946 548 1015; x_wconf 75' lang='grc' dir='ltr'>ρίῳ</span> <span class='ocrx_word' id='word_1_51' title='bbox 595 948 1012 1013; x_wconf 71' lang='grc' dir='ltr'><strong>διαπιστοῦντες</strong></span> <span class='ocrx_word' id='word_1_52' title='bbox 1047 951 1105 1002; x_wconf 74' lang='grc' dir='ltr'>τὸ</span> <span class='ocrx_word' id='word_1_53' title='bbox 1150 948 1246 1002; x_wconf 86' lang='grc' dir='ltr'><strong>τοῦ</strong></span> <span class='ocrx_word' id='word_1_54' title='bbox 1297 948 1538 1016; x_wconf 85' lang='grc' dir='ltr'>Χριστοῦ</span> <span class='ocrx_word' id='word_1_55' title='bbox 1582 953 1844 1016; x_wconf 54' lang='grc' dir='ltr'>μυστικόν</span> <span class='ocrx_word' id='word_1_56' title='bbox 1879 950 2040 1016; x_wconf 72' lang='grc' dir='ltr'>σῶμα</span> 
     </span>
    </p>
   </div>
   <div class='ocr_carea' id='block_1_11' title="bbox 443 1039 2040 1111">
    <p class='ocr_par' dir='ltr' id='par_1_11' title="bbox 443 1039 2040 1111">
     <span class='ocr_line' id='line_1_11' title="bbox 443 1039 2040 1111; baseline 0.003 -23"><span class='ocrx_word' id='word_1_57' title='bbox 443 1039 819 1108; x_wconf 77' lang='grc' dir='ltr'>τεμνόμενον,</span> <span class='ocrx_word' id='word_1_58' title='bbox 862 1042 1127 1110; x_wconf 78' lang='grc' dir='ltr'><strong>ἀκέραιον</strong></span> <span class='ocrx_word' id='word_1_59' title='bbox 1181 1042 1508 1111; x_wconf 80' lang='grc' dir='ltr'>ὄιαμείνειν,</span> <span class='ocrx_word' id='word_1_60' title='bbox 1562 1045 1658 1093; x_wconf 69' lang='grc' dir='ltr'><strong>καὶ</strong></span> <span class='ocrx_word' id='word_1_61' title='bbox 1719 1041 1831 1093; x_wconf 80' lang='grc' dir='ltr'>τῶν</span> <span class='ocrx_word' id='word_1_62' title='bbox 1897 1059 2040 1109; x_wconf 86' lang='grc' dir='ltr'>τμη-</span> 
     </span>
    </p>
   </div>
   <div class='ocr_carea' id='block_1_12' title="bbox 451 1131 2041 1202">
    <p class='ocr_par' dir='ltr' id='par_1_12' title="bbox 451 1131 2041 1202">
     <span class='ocr_line' id='line_1_12' title="bbox 451 1131 2041 1202; baseline 0.002 -20"><span class='ocrx_word' id='word_1_63' title='bbox 451 1131 638 1199; x_wconf 80' lang='grc' dir='ltr'>μάτων</span> <span class='ocrx_word' id='word_1_64' title='bbox 672 1133 924 1194; x_wconf 76' lang='grc' dir='ltr'>ἓκαστον,</span> <span class='ocrx_word' id='word_1_65' title='bbox 961 1136 1094 1187; x_wconf 80' lang='grc' dir='ltr'>αὐτὸ</span> <span class='ocrx_word' id='word_1_66' title='bbox 1154 1135 1276 1187; x_wconf 81' lang='grc' dir='ltr'>ὅλον</span> <span class='ocrx_word' id='word_1_67' title='bbox 1337 1131 1477 1187; x_wconf 75' lang='grc' dir='ltr'>εἶναι</span> <span class='ocrx_word' id='word_1_68' title='bbox 1536 1136 1595 1186; x_wconf 63' lang='grc' dir='ltr'><strong>τι</strong></span> <span class='ocrx_word' id='word_1_69' title='bbox 1646 1134 1740 1187; x_wconf 65' lang='grc' dir='ltr'>τεῦ</span> <span class='ocrx_word' id='word_1_70' title='bbox 1798 1134 2041 1202; x_wconf 77' lang='grc' dir='ltr'><strong>Χριστοῦ</strong></span> 
     </span>
    </p>
   </div>
   <div class='ocr_carea' id='block_1_13' title="bbox 450 1223 2046 1296">
    <p class='ocr_par' dir='ltr' id='par_1_13' title="bbox 450 1223 2046 1296">
     <span class='ocr_line' id='line_1_13' title="bbox 450 1223 2046 1296; baseline 0.003 -22"><span class='ocrx_word' id='word_1_71' title='bbox 450 1223 612 1290; x_wconf 82' lang='grc' dir='ltr'>σῶμα</span> <span class='ocrx_word' id='word_1_72' title='bbox 668 1227 762 1278; x_wconf 74' lang='grc' dir='ltr'>καὶ</span> <span class='ocrx_word' id='word_1_73' title='bbox 806 1226 1036 1279; x_wconf 85' lang='grc' dir='ltr'>τέλειον.</span> <span class='ocrx_word' id='word_1_74' title='bbox 1081 1227 1223 1279; x_wconf 83' lang='grc' dir='ltr'>Ἀλλ’</span> <span class='ocrx_word' id='word_1_75' title='bbox 1263 1229 1294 1296; x_wconf 78' lang='grc' dir='ltr'><strong>ἡ</strong></span> <span class='ocrx_word' id='word_1_76' title='bbox 1334 1229 1514 1289; x_wconf 75' lang='grc' dir='ltr'>πίστις</span> <span class='ocrx_word' id='word_1_77' title='bbox 1571 1228 1729 1296; x_wconf 70' lang='grc' dir='ltr'>ἡμῶν</span> <span class='ocrx_word' id='word_1_78' title='bbox 1759 1227 2046 1280; x_wconf 69' lang='grc' dir='ltr'>καὶτοῦτο</span> 
     </span>
    </p>
   </div>
   <div class='ocr_carea' id='block_1_14' title="bbox 452 1318 2046 1389">
    <p class='ocr_par' dir='ltr' id='par_1_14' title="bbox 452 1318 2046 1389">
     <span class='ocr_line' id='line_1_14' title="bbox 452 1318 2046 1389; baseline 0.003 -19"><span class='ocrx_word' id='word_1_79' title='bbox 452 1318 741 1387; x_wconf 66' lang='grc' dir='ltr'>κηρύττει,</span> <span class='ocrx_word' id='word_1_80' title='bbox 774 1318 961 1389; x_wconf 87' lang='grc' dir='ltr'>θαῦμα</span> <span class='ocrx_word' id='word_1_81' title='bbox 993 1321 1090 1389; x_wconf 81' lang='grc' dir='ltr'>μὲν</span> <span class='ocrx_word' id='word_1_82' title='bbox 1127 1321 1330 1389; x_wconf 77' lang='grc' dir='ltr'>ὁμοίως</span> <span class='ocrx_word' id='word_1_83' title='bbox 1360 1322 1542 1383; x_wconf 82' lang='grc' dir='ltr'>ἄλλοις</span> <span class='ocrx_word' id='word_1_84' title='bbox 1576 1323 1907 1388; x_wconf 64' lang='grc' dir='ltr'>παραδόξοις</span> <span class='ocrx_word' id='word_1_85' title='bbox 1951 1324 2046 1376; x_wconf 56' lang='grc' dir='ltr'><strong>τοῦ</strong></span> 
     </span>
    </p>
   </div>
   <div class='ocr_carea' id='block_1_15' title="bbox 456 1413 2045 1484">
    <p class='ocr_par' dir='ltr' id='par_1_15' title="bbox 456 1413 2045 1484">
     <span class='ocr_line' id='line_1_15' title="bbox 456 1413 2045 1484; baseline 0.001 -20"><span class='ocrx_word' id='word_1_86' title='bbox 456 1413 788 1482; x_wconf 78' lang='grc' dir='ltr'><strong>μυστηρίου,</strong></span> <span class='ocrx_word' id='word_1_87' title='bbox 824 1413 1046 1476; x_wconf 79' lang='grc' dir='ltr'>πολλαῖς</span> <span class='ocrx_word' id='word_1_88' title='bbox 1103 1414 1161 1466; x_wconf 82' lang='grc' dir='ltr'>δὲ</span> <span class='ocrx_word' id='word_1_89' title='bbox 1208 1416 1495 1484; x_wconf 73' lang='grc' dir='ltr'>ὁμοιότησι</span> <span class='ocrx_word' id='word_1_90' title='bbox 1546 1418 2045 1484; x_wconf 65' lang='grc' dir='ltr'>συνηγορούμενον,</span> 
     </span>
    </p>
   </div>
   <div class='ocr_carea' id='block_1_16' title="bbox 453 1505 2050 1579">
    <p class='ocr_par' dir='ltr' id='par_1_16' title="bbox 453 1505 2050 1579">
     <span class='ocr_line' id='line_1_16' title="bbox 453 1505 2050 1579; baseline 0.004 -24"><span class='ocrx_word' id='word_1_91' title='bbox 453 1505 549 1556; x_wconf 74' lang='grc' dir='ltr'>καὶ</span> <span class='ocrx_word' id='word_1_92' title='bbox 581 1507 687 1574; x_wconf 89' lang='grc' dir='ltr'><strong>πρό</strong></span> <span class='ocrx_word' id='word_1_93' title='bbox 716 1521 776 1571; x_wconf 84' lang='grc' dir='ltr'><strong>γε</strong></span> <span class='ocrx_word' id='word_1_94' title='bbox 812 1505 1031 1558; x_wconf 85' lang='grc' dir='ltr'>πάντων</span> <span class='ocrx_word' id='word_1_95' title='bbox 1060 1506 1134 1575; x_wconf 77' lang='grc' dir='ltr'>τῷ</span> <span class='ocrx_word' id='word_1_96' title='bbox 1169 1507 1314 1576; x_wconf 83' lang='grc' dir='ltr'>λόγῳ</span> <span class='ocrx_word' id='word_1_97' title='bbox 1345 1508 1436 1559; x_wconf 82' lang='grc' dir='ltr'><strong>τοῦ</strong></span> <span class='ocrx_word' id='word_1_98' title='bbox 1469 1511 1794 1576; x_wconf 78' lang='grc' dir='ltr'>μυστηρίου.</span> <span class='ocrx_word' id='word_1_99' title='bbox 1843 1511 1907 1562; x_wconf 80' lang='grc' dir='ltr'><strong>’Ιί</strong></span> <span class='ocrx_word' id='word_1_100' title='bbox 1944 1511 2050 1579; x_wconf 78' lang='grc' dir='ltr'><strong>γάρ</strong></span> 
     </span>
    </p>
   </div>
   <div class='ocr_carea' id='block_1_17' title="bbox 453 1594 2053 1667">
    <p class='ocr_par' dir='ltr' id='par_1_17' title="bbox 453 1594 2053 1667">
     <span class='ocr_line' id='line_1_17' title="bbox 453 1594 2053 1667; baseline 0.002 -20"><span class='ocrx_word' id='word_1_101' title='bbox 453 1594 721 1662; x_wconf 73' lang='grc' dir='ltr'>διαίρεσις</span> <span class='ocrx_word' id='word_1_102' title='bbox 753 1595 936 1665; x_wconf 75' lang='grc' dir='ltr'>ἐκείνη</span> <span class='ocrx_word' id='word_1_103' title='bbox 971 1599 1058 1649; x_wconf 73' lang='grc' dir='ltr'><strong>καὶ</strong></span> <span class='ocrx_word' id='word_1_104' title='bbox 1095 1599 1127 1666; x_wconf 88' lang='grc' dir='ltr'><strong>ή</strong></span> <span class='ocrx_word' id='word_1_105' title='bbox 1165 1598 1330 1667; x_wconf 84' lang='grc' dir='ltr'>τομὴ,</span> <span class='ocrx_word' id='word_1_106' title='bbox 1354 1599 1413 1650; x_wconf 79' lang='grc' dir='ltr'><strong>οὐ</strong></span> <span class='ocrx_word' id='word_1_107' title='bbox 1450 1599 1544 1651; x_wconf 86' lang='grc' dir='ltr'><strong>τοῦ</strong></span> <span class='ocrx_word' id='word_1_108' title='bbox 1583 1598 1842 1667; x_wconf 80' lang='grc' dir='ltr'>σώματος</span> <span class='ocrx_word' id='word_1_109' title='bbox 1885 1602 2053 1652; x_wconf 78' lang='grc' dir='ltr'>ἅπτε-</span> 
     </span>
    </p>
   </div>
   <div class='ocr_carea' id='block_1_18' title="bbox 454 1685 2057 1760">
    <p class='ocr_par' dir='ltr' id='par_1_18' title="bbox 454 1685 2057 1760">
     <span class='ocr_line' id='line_1_18' title="bbox 454 1685 2057 1760; baseline 0.004 -24"><span class='ocrx_word' id='word_1_110' title='bbox 454 1702 545 1736; x_wconf 88' lang='grc' dir='ltr'><strong>ται</strong></span> <span class='ocrx_word' id='word_1_111' title='bbox 578 1685 675 1738; x_wconf 85' lang='grc' dir='ltr'><strong>τοῦ</strong></span> <span class='ocrx_word' id='word_1_112' title='bbox 723 1686 992 1754; x_wconf 75' lang='grc' dir='ltr'>Χριστοῦ,</span> <span class='ocrx_word' id='word_1_113' title='bbox 1027 1689 1144 1740; x_wconf 75' lang='grc' dir='ltr'>ἀλλ’</span> <span class='ocrx_word' id='word_1_114' title='bbox 1181 1691 1237 1740; x_wconf 80' lang='grc' dir='ltr'>ἐν</span> <span class='ocrx_word' id='word_1_115' title='bbox 1265 1693 1386 1752; x_wconf 81' lang='grc' dir='ltr'>ταῖς</span> <span class='ocrx_word' id='word_1_116' title='bbox 1444 1693 1545 1758; x_wconf 77' lang='grc' dir='ltr'>τῆς</span> <span class='ocrx_word' id='word_1_117' title='bbox 1586 1695 1885 1760; x_wconf 75' lang='grc' dir='ltr'>ποσότητος</span> <span class='ocrx_word' id='word_1_118' title='bbox 1940 1693 2057 1742; x_wconf 78' lang='grc' dir='ltr'>δια-</span> 
     </span>
    </p>
   </div>
   <div class='ocr_carea' id='block_1_19' title="bbox 458 1778 2052 1853">
    <p class='ocr_par' dir='ltr' id='par_1_19' title="bbox 458 1778 2052 1853">
     <span class='ocr_line' id='line_1_19' title="bbox 458 1778 2052 1853; baseline 0.005 -24"><span class='ocrx_word' id='word_1_119' title='bbox 458 1778 684 1830; x_wconf 78' lang='grc' dir='ltr'>στάσεσι</span> <span class='ocrx_word' id='word_1_120' title='bbox 725 1779 938 1846; x_wconf 77' lang='grc' dir='ltr'>γενεται</span> <span class='ocrx_word' id='word_1_121' title='bbox 991 1781 1210 1848; x_wconf 88' lang='grc' dir='ltr'>μόναις,</span> <span class='ocrx_word' id='word_1_122' title='bbox 1244 1781 1336 1850; x_wconf 80' lang='grc' dir='ltr'><strong>ὑφ’</strong></span> <span class='ocrx_word' id='word_1_123' title='bbox 1374 1779 1462 1846; x_wconf 78' lang='grc' dir='ltr'>αἷς</span> <span class='ocrx_word' id='word_1_124' title='bbox 1497 1786 1636 1852; x_wconf 73' lang='grc' dir='ltr'>μετὰ</span> <span class='ocrx_word' id='word_1_125' title='bbox 1679 1787 1779 1853; x_wconf 72' lang='grc' dir='ltr'><strong>τὴν</strong></span> <span class='ocrx_word' id='word_1_126' title='bbox 1818 1787 2052 1852; x_wconf 77' lang='grc' dir='ltr'>μεταϐο-</span> 
     </span>
    </p>
   </div>
   <div class='ocr_carea' id='block_1_20' title="bbox 458 1866 2051 1942">
    <p class='ocr_par' dir='ltr' id='par_1_20' title="bbox 458 1866 2051 1942">
     <span class='ocr_line' id='line_1_20' title="bbox 458 1866 2051 1942; baseline 0.008 -26"><span class='ocrx_word' id='word_1_127' title='bbox 458 1866 556 1938; x_wconf 79' lang='grc' dir='ltr'>λὴν</span> <span class='ocrx_word' id='word_1_128' title='bbox 611 1871 829 1938; x_wconf 70' lang='grc' dir='ltr'>ἐκείνην</span> <span class='ocrx_word' id='word_1_129' title='bbox 882 1872 942 1922; x_wconf 66' lang='grc' dir='ltr'>τὸ</span> <span class='ocrx_word' id='word_1_130' title='bbox 995 1872 1089 1924; x_wconf 87' lang='grc' dir='ltr'><strong>τοῦ</strong></span> <span class='ocrx_word' id='word_1_131' title='bbox 1144 1875 1386 1942; x_wconf 81' lang='grc' dir='ltr'>Χριστοῦ</span> <span class='ocrx_word' id='word_1_132' title='bbox 1460 1875 1619 1942; x_wconf 75' lang='grc' dir='ltr'>σῶμα</span> <span class='ocrx_word' id='word_1_133' title='bbox 1688 1876 2051 1929; x_wconf 77' lang='grc' dir='ltr'>καλύπτεται.</span> 
     </span>
    </p>
   </div>
   <div class='ocr_carea' id='block_1_21' title="bbox 463 1960 2071 2035">
    <p class='ocr_par' dir='ltr' id='par_1_21' title="bbox 463 1960 2071 2035">
     <span class='ocr_line' id='line_1_21' title="bbox 463 1960 2071 2035; baseline 0.006 -23"><span class='ocrx_word' id='word_1_134' title='bbox 463 1960 678 2028; x_wconf 80' lang='grc' dir='ltr'>Ὠσπερ</span> <span class='ocrx_word' id='word_1_135' title='bbox 732 1966 826 2014; x_wconf 75' lang='grc' dir='ltr'>καὶ</span> <span class='ocrx_word' id='word_1_136' title='bbox 883 1965 978 2016; x_wconf 82' lang='grc' dir='ltr'><strong>τοῦ</strong></span> <span class='ocrx_word' id='word_1_137' title='bbox 1035 1965 1348 2035; x_wconf 76' lang='grc' dir='ltr'>κατόπτρου</span> <span class='ocrx_word' id='word_1_138' title='bbox 1406 1967 1758 2032; x_wconf 79' lang='grc' dir='ltr'>κλασθέντος,</span> <span class='ocrx_word' id='word_1_139' title='bbox 1821 1970 1945 2022; x_wconf 75' lang='grc' dir='ltr'>οὒτε</span> <span class='ocrx_word' id='word_1_140' title='bbox 1998 1971 2071 2022; x_wconf 65' lang='grc' dir='ltr'>τὸλ</span> 
     </span>
    </p>
   </div>
   <div class='ocr_carea' id='block_1_22' title="bbox 459 2046 2055 2132">
    <p class='ocr_par' dir='ltr' id='par_1_22' title="bbox 459 2046 2055 2132">
     <span class='ocr_line' id='line_1_22' title="bbox 459 2046 2055 2132; baseline 0.009 -30"><span class='ocrx_word' id='word_1_141' title='bbox 459 2046 602 2114; x_wconf 80' lang='grc' dir='ltr'>εἶδος</span> <span class='ocrx_word' id='word_1_142' title='bbox 630 2053 828 2105; x_wconf 80' lang='grc' dir='ltr'>κλᾶται</span> <span class='ocrx_word' id='word_1_143' title='bbox 851 2055 946 2108; x_wconf 91' lang='grc' dir='ltr'><strong>τοῦ</strong></span> <span class='ocrx_word' id='word_1_144' title='bbox 986 2060 1239 2123; x_wconf 83' lang='grc' dir='ltr'>σώματος</span> <span class='ocrx_word' id='word_1_145' title='bbox 1280 2059 1340 2110; x_wconf 76' lang='grc' dir='ltr'>τὸ</span> <span class='ocrx_word' id='word_1_146' title='bbox 1375 2061 1432 2111; x_wconf 80' lang='grc' dir='ltr'>ὲν</span> <span class='ocrx_word' id='word_1_147' title='bbox 1465 2061 1616 2128; x_wconf 77' lang='grc' dir='ltr'><strong>αὐτῷ</strong></span> <span class='ocrx_word' id='word_1_148' title='bbox 1644 2061 2055 2132; x_wconf 77' lang='grc' dir='ltr'>καθορώμενον,</span> 
     </span>
    </p>
   </div>
   <div class='ocr_carea' id='block_1_23' title="bbox 462 2145 2056 2219">
    <p class='ocr_par' dir='ltr' id='par_1_23' title="bbox 462 2145 2056 2219">
     <span class='ocr_line' id='line_1_23' title="bbox 462 2145 2056 2219; baseline 0.01 -25"><span class='ocrx_word' id='word_1_149' title='bbox 462 2145 558 2196; x_wconf 74' lang='grc' dir='ltr'><strong>καὶ</strong></span> <span class='ocrx_word' id='word_1_150' title='bbox 588 2148 644 2197; x_wconf 75' lang='grc' dir='ltr'>ἐν</span> <span class='ocrx_word' id='word_1_151' title='bbox 677 2147 893 2218; x_wconf 78' lang='grc' dir='ltr'>ἑκάστῳ</span> <span class='ocrx_word' id='word_1_152' title='bbox 923 2151 1172 2219; x_wconf 83' lang='grc' dir='ltr'>τμήματι</span> <span class='ocrx_word' id='word_1_153' title='bbox 1201 2153 1262 2203; x_wconf 73' lang='grc' dir='ltr'>τὸ</span> <span class='ocrx_word' id='word_1_154' title='bbox 1293 2153 1428 2205; x_wconf 80' lang='grc' dir='ltr'>αὐτὸ</span> <span class='ocrx_word' id='word_1_155' title='bbox 1462 2155 1861 2208; x_wconf 80' lang='grc' dir='ltr'>κατοπτεύεται</span> <span class='ocrx_word' id='word_1_156' title='bbox 1897 2153 2056 2218; x_wconf 75' lang='grc' dir='ltr'>εἶδος.</span> 
     </span>
    </p>
   </div>
   <div class='ocr_carea' id='block_1_24' title="bbox 467 2236 2060 2325">
    <p class='ocr_par' dir='ltr' id='par_1_24' title="bbox 467 2236 2060 2325">
     <span class='ocr_line' id='line_1_24' title="bbox 467 2236 2060 2325; baseline 0.009 -36"><span class='ocrx_word' id='word_1_157' title='bbox 467 2236 578 2289; x_wconf 78' lang='grc' dir='ltr'>Καὶ</span> <span class='ocrx_word' id='word_1_158' title='bbox 604 2238 715 2325; x_wconf 72' lang='grc' dir='ltr'><strong>τῶν</strong></span> <span class='ocrx_word' id='word_1_159' title='bbox 747 2240 992 2309; x_wconf 80' lang='grc' dir='ltr'>ἐντόμων</span> <span class='ocrx_word' id='word_1_160' title='bbox 1025 2243 1183 2305; x_wconf 75' lang='grc' dir='ltr'>ζώων</span> <span class='ocrx_word' id='word_1_161' title='bbox 1211 2246 1618 2314; x_wconf 83' lang='grc' dir='ltr'>διαιρουμένων</span> <span class='ocrx_word' id='word_1_162' title='bbox 1657 2251 1756 2316; x_wconf 77' lang='grc' dir='ltr'><strong>ὅλη</strong></span> <span class='ocrx_word' id='word_1_163' title='bbox 1783 2254 1812 2319; x_wconf 82' lang='grc' dir='ltr'>ἡ</span> <span class='ocrx_word' id='word_1_164' title='bbox 1862 2252 2060 2318; x_wconf 70' lang='grc' dir='ltr'>αἰσθη-</span> 
     </span>
    </p>
   </div>
   <div class='ocr_carea' id='block_1_25' title="bbox 467 2329 2064 2414">
    <p class='ocr_par' dir='ltr' id='par_1_25' title="bbox 467 2329 2064 2414">
     <span class='ocr_line' id='line_1_25' title="bbox 467 2329 2064 2414; baseline 0.011 -34"><span class='ocrx_word' id='word_1_165' title='bbox 467 2329 592 2398; x_wconf 78' lang='grc' dir='ltr'>τικὴ</span> <span class='ocrx_word' id='word_1_166' title='bbox 622 2330 770 2402; x_wconf 63' lang='grc' dir='ltr'><strong>ιζμυχὴ</strong></span> <span class='ocrx_word' id='word_1_167' title='bbox 820 2337 1130 2404; x_wconf 77' lang='grc' dir='ltr'>παραμένει</span> <span class='ocrx_word' id='word_1_168' title='bbox 1179 2342 1290 2401; x_wconf 89' lang='grc' dir='ltr'>τοῖς</span> <span class='ocrx_word' id='word_1_169' title='bbox 1328 2343 1636 2410; x_wconf 84' lang='grc' dir='ltr'>τμήμασιν,</span> <span class='ocrx_word' id='word_1_170' title='bbox 1674 2344 1745 2406; x_wconf 85' lang='grc' dir='ltr'>ὠς</span> <span class='ocrx_word' id='word_1_171' title='bbox 1801 2343 1877 2414; x_wconf 80' lang='grc' dir='ltr'><strong>τῷ</strong></span> <span class='ocrx_word' id='word_1_172' title='bbox 1909 2346 2064 2413; x_wconf 74' lang='grc' dir='ltr'>φιλο-</span> 
     </span>
    </p>
   </div>
   <div class='ocr_carea' id='block_1_26' title="bbox 469 2421 2065 2506">
    <p class='ocr_par' dir='ltr' id='par_1_26' title="bbox 469 2421 2065 2506">
     <span class='ocr_line' id='line_1_26' title="bbox 469 2421 2065 2506; baseline 0.011 -34"><span class='ocrx_word' id='word_1_173' title='bbox 469 2421 620 2490; x_wconf 73' lang='grc' dir='ltr'>σόφῳ</span> <span class='ocrx_word' id='word_1_174' title='bbox 649 2424 818 2482; x_wconf 85' lang='grc' dir='ltr'>δοκεῖ.</span> <span class='ocrx_word' id='word_1_175' title='bbox 853 2429 963 2480; x_wconf 76' lang='grc' dir='ltr'>Καὶ</span> <span class='ocrx_word' id='word_1_176' title='bbox 991 2431 1023 2498; x_wconf 81' lang='grc' dir='ltr'>ἠ</span> <span class='ocrx_word' id='word_1_177' title='bbox 1056 2431 1374 2503; x_wconf 82' lang='grc' dir='ltr'>ἀνθρωπίνη</span> <span class='ocrx_word' id='word_1_178' title='bbox 1405 2435 1550 2504; x_wconf 75' lang='grc' dir='ltr'>ψυχή</span> <span class='ocrx_word' id='word_1_179' title='bbox 1597 2438 1714 2488; x_wconf 80' lang='grc' dir='ltr'>ἐστι</span> <span class='ocrx_word' id='word_1_180' title='bbox 1752 2439 1848 2505; x_wconf 77' lang='grc' dir='ltr'><strong>μὲν</strong></span> <span class='ocrx_word' id='word_1_181' title='bbox 1880 2439 1975 2506; x_wconf 81' lang='grc' dir='ltr'><strong>ὅλη</strong></span> <span class='ocrx_word' id='word_1_182' title='bbox 2007 2439 2065 2489; x_wconf 89' lang='grc' dir='ltr'>ὲν</span> 
     </span>
    </p>
   </div>
   <div class='ocr_carea' id='block_1_27' title="bbox 468 2514 2068 2600">
    <p class='ocr_par' dir='ltr' id='par_1_27' title="bbox 468 2514 2068 2600">
     <span class='ocr_line' id='line_1_27' title="bbox 468 2514 2068 2600; baseline 0.013 -35"><span class='ocrx_word' id='word_1_183' title='bbox 468 2514 687 2580; x_wconf 82' lang='grc' dir='ltr'>ἑκάστῳ</span> <span class='ocrx_word' id='word_1_184' title='bbox 717 2519 891 2587; x_wconf 79' lang='grc' dir='ltr'>μορίῳ</span> <span class='ocrx_word' id='word_1_185' title='bbox 930 2522 1025 2574; x_wconf 81' lang='grc' dir='ltr'><strong>τοῦ</strong></span> <span class='ocrx_word' id='word_1_186' title='bbox 1067 2524 1341 2594; x_wconf 85' lang='grc' dir='ltr'>σώματος,</span> <span class='ocrx_word' id='word_1_187' title='bbox 1371 2528 1547 2580; x_wconf 76' lang='grc' dir='ltr'>οὐδενὶ</span> <span class='ocrx_word' id='word_1_188' title='bbox 1576 2528 1633 2581; x_wconf 85' lang='grc' dir='ltr'>δὲ</span> <span class='ocrx_word' id='word_1_189' title='bbox 1667 2531 1840 2599; x_wconf 80' lang='grc' dir='ltr'>μορίῳ</span> <span class='ocrx_word' id='word_1_190' title='bbox 1872 2549 2068 2600; x_wconf 85' lang='grc' dir='ltr'>τεμνο-</span> 
     </span>
    </p>
   </div>
   <div class='ocr_carea' id='block_1_28' title="bbox 474 2608 2066 2693">
    <p class='ocr_par' dir='ltr' id='par_1_28' title="bbox 474 2608 2066 2693">
     <span class='ocr_line' id='line_1_28' title="bbox 474 2608 2066 2693; baseline 0.012 -34"><span class='ocrx_word' id='word_1_191' title='bbox 474 2608 620 2678; x_wconf 84' lang='grc' dir='ltr'>μένῳ</span> <span class='ocrx_word' id='word_1_192' title='bbox 657 2616 1129 2680; x_wconf 81' lang='grc' dir='ltr'>συναποτέμνεται</span> <span class='ocrx_word' id='word_1_193' title='bbox 1156 2632 1170 2647; x_wconf 86' lang='lat'><strong>&#39;</strong></span> <span class='ocrx_word' id='word_1_194' title='bbox 1205 2620 1299 2670; x_wconf 70' lang='grc' dir='ltr'><strong>καὶ</strong></span> <span class='ocrx_word' id='word_1_195' title='bbox 1329 2619 1396 2671; x_wconf 75' lang='grc' dir='ltr'><strong>αὖ</strong></span> <span class='ocrx_word' id='word_1_196' title='bbox 1436 2621 1493 2672; x_wconf 76' lang='grc' dir='ltr'>ἐν</span> <span class='ocrx_word' id='word_1_197' title='bbox 1526 2623 1742 2692; x_wconf 79' lang='grc' dir='ltr'>ἑκάστῳ</span> <span class='ocrx_word' id='word_1_198' title='bbox 1775 2623 1933 2691; x_wconf 81' lang='grc' dir='ltr'>μέρει</span> <span class='ocrx_word' id='word_1_199' title='bbox 1968 2627 2066 2693; x_wconf 75' lang='grc' dir='ltr'>τῆς</span> 
     </span>
    </p>
   </div>
   <div class='ocr_carea' id='block_1_29' title="bbox 471 2698 2067 2779">
    <p class='ocr_par' dir='ltr' id='par_1_29' title="bbox 471 2698 2067 2779">
     <span class='ocr_line' id='line_1_29' title="bbox 471 2698 2067 2779; baseline 0.012 -31"><span class='ocrx_word' id='word_1_200' title='bbox 471 2698 744 2768; x_wconf 74' lang='grc' dir='ltr'>αισθητῆς</span> <span class='ocrx_word' id='word_1_201' title='bbox 798 2704 1001 2772; x_wconf 71' lang='grc' dir='ltr'>σαρκὸς</span> <span class='ocrx_word' id='word_1_202' title='bbox 1044 2707 1076 2775; x_wconf 82' lang='grc' dir='ltr'>ὴ</span> <span class='ocrx_word' id='word_1_203' title='bbox 1133 2708 1339 2776; x_wconf 80' lang='grc' dir='ltr'>σαρκὸς</span> <span class='ocrx_word' id='word_1_204' title='bbox 1385 2709 1622 2779; x_wconf 79' lang='grc' dir='ltr'>ὖπαρξις</span> <span class='ocrx_word' id='word_1_205' title='bbox 1676 2712 1937 2778; x_wconf 73' lang='grc' dir='ltr'>σώζεται,</span> <span class='ocrx_word' id='word_1_206' title='bbox 1972 2719 2067 2767; x_wconf 70' lang='grc' dir='ltr'><strong>καὶ</strong></span> 
     </span>
    </p>
   </div>
   <div class='ocr_carea' id='block_1_30' title="bbox 474 2787 2071 2875">
    <p class='ocr_par' dir='ltr' id='par_1_30' title="bbox 474 2787 2071 2875">
     <span class='ocr_line' id='line_1_30' title="bbox 474 2787 2071 2875; baseline 0.013 -36"><span class='ocrx_word' id='word_1_207' title='bbox 474 2791 584 2842; x_wconf 78' lang='grc' dir='ltr'>πᾶν</span> <span class='ocrx_word' id='word_1_208' title='bbox 629 2793 722 2844; x_wconf 86' lang='grc' dir='ltr'><strong>τοῦ</strong></span> <span class='ocrx_word' id='word_1_209' title='bbox 782 2795 950 2859; x_wconf 77' lang='grc' dir='ltr'>ἄρτου</span> <span class='ocrx_word' id='word_1_210' title='bbox 1013 2798 1179 2867; x_wconf 81' lang='grc' dir='ltr'>μέρος</span> <span class='ocrx_word' id='word_1_211' title='bbox 1235 2787 1401 2869; x_wconf 75' lang='grc' dir='ltr'>ἷὶρτος</span> <span class='ocrx_word' id='word_1_212' title='bbox 1458 2804 1633 2858; x_wconf 75' lang='grc' dir='ltr'>ἐστίν.</span> <span class='ocrx_word' id='word_1_213' title='bbox 1665 2805 1822 2858; x_wconf 81' lang='grc' dir='ltr'>Οὕτω</span> <span class='ocrx_word' id='word_1_214' title='bbox 1865 2806 1927 2875; x_wconf 80' lang='grc' dir='ltr'>δὴ</span> <span class='ocrx_word' id='word_1_215' title='bbox 1974 2809 2071 2861; x_wconf 62' lang='grc' dir='ltr'><strong>καὶ⁸</strong></span> 
     </span>
    </p>
   </div>
   <div class='ocr_carea' id='block_1_31' title="bbox 473 2883 2071 2964">
    <p class='ocr_par' dir='ltr' id='par_1_31' title="bbox 473 2883 2071 2964">
     <span class='ocr_line' id='line_1_31' title="bbox 473 2883 2071 2964; baseline 0.011 -29"><span class='ocrx_word' id='word_1_216' title='bbox 473 2883 708 2939; x_wconf 72' lang='grc' dir='ltr'>ἕκαστον</span> <span class='ocrx_word' id='word_1_217' title='bbox 747 2889 916 2956; x_wconf 82' lang='grc' dir='ltr'>μέρος</span> <span class='ocrx_word' id='word_1_218' title='bbox 950 2889 1046 2943; x_wconf 85' lang='grc' dir='ltr'><strong>τοῦ</strong></span> <span class='ocrx_word' id='word_1_219' title='bbox 1080 2891 1336 2960; x_wconf 82' lang='grc' dir='ltr'>σώματος</span> <span class='ocrx_word' id='word_1_220' title='bbox 1378 2894 1473 2946; x_wconf 82' lang='grc' dir='ltr'><strong>τοῦ</strong></span> <span class='ocrx_word' id='word_1_221' title='bbox 1511 2895 1765 2964; x_wconf 74' lang='grc' dir='ltr'>’Χριστοῦ</span> <span class='ocrx_word' id='word_1_222' title='bbox 1799 2900 1920 2951; x_wconf 80' lang='grc' dir='ltr'>ὅλον</span> <span class='ocrx_word' id='word_1_223' title='bbox 1953 2902 2071 2953; x_wconf 76' lang='grc' dir='ltr'>ἐστὶ</span> 
     </span>
    </p>
   </div>
   <div class='ocr_carea' id='block_1_32' title="bbox 474 2978 2071 3059">
    <p class='ocr_par' dir='ltr' id='par_1_32' title="bbox 474 2978 2071 3059">
     <span class='ocr_line' id='line_1_32' title="bbox 474 2978 2071 3059; baseline 0.013 -31"><span class='ocrx_word' id='word_1_224' title='bbox 474 2978 536 3028; x_wconf 72' lang='grc' dir='ltr'>τὸ</span> <span class='ocrx_word' id='word_1_225' title='bbox 563 2979 658 3031; x_wconf 87' lang='grc' dir='ltr'><strong>τοῦ</strong></span> <span class='ocrx_word' id='word_1_226' title='bbox 691 2981 929 3047; x_wconf 78' lang='grc' dir='ltr'>Χριστοῦ</span> <span class='ocrx_word' id='word_1_227' title='bbox 967 2985 1151 3054; x_wconf 84' lang='grc' dir='ltr'>σῶμα,</span> <span class='ocrx_word' id='word_1_228' title='bbox 1186 2988 1247 3040; x_wconf 81' lang='grc' dir='ltr'><strong>τὸ</strong></span> <span class='ocrx_word' id='word_1_229' title='bbox 1278 2991 1336 3040; x_wconf 82' lang='grc' dir='ltr'>ὲν</span> <span class='ocrx_word' id='word_1_230' title='bbox 1364 2992 1482 3053; x_wconf 81' lang='grc' dir='ltr'>ταῖς</span> <span class='ocrx_word' id='word_1_231' title='bbox 1518 2993 1806 3059; x_wconf 82' lang='grc' dir='ltr'>ὁμοιότησι</span> <span class='ocrx_word' id='word_1_232' title='bbox 1841 2992 2071 3059; x_wconf 81' lang='grc' dir='ltr'>ταύταις</span> 
     </span>
    </p>
   </div>
   <div class='ocr_carea' id='block_1_33' title="bbox 475 3072 2072 3160">
    <p class='ocr_par' dir='ltr' id='par_1_33' title="bbox 475 3072 2072 3160">
     <span class='ocr_line' id='line_1_33' title="bbox 475 3072 2072 3160; baseline 0.012 -38"><span class='ocrx_word' id='word_1_233' title='bbox 475 3072 678 3138; x_wconf 82' lang='grc' dir='ltr'>ἐνδέον,</span> <span class='ocrx_word' id='word_1_234' title='bbox 740 3075 840 3145; x_wconf 83' lang='grc' dir='ltr'>τῆς</span> <span class='ocrx_word' id='word_1_235' title='bbox 905 3077 1058 3141; x_wconf 81' lang='grc' dir='ltr'>Θείας</span> <span class='ocrx_word' id='word_1_236' title='bbox 1123 3080 1444 3153; x_wconf 72' lang='grc' dir='ltr'>πληρούσης</span> <span class='ocrx_word' id='word_1_237' title='bbox 1501 3086 1560 3136; x_wconf 74' lang='grc' dir='ltr'>ἐν</span> <span class='ocrx_word' id='word_1_238' title='bbox 1642 3087 1720 3155; x_wconf 81' lang='grc' dir='ltr'>τῷ</span> <span class='ocrx_word' id='word_1_239' title='bbox 1781 3091 2072 3160; x_wconf 67' lang='grc' dir='ltr'>μυστηρίῳ</span> 
     </span>
    </p>
   </div>
   <div class='ocr_carea' id='block_1_34' title="bbox 2087 1828 2134 1886">
    <p class='ocr_par' dir='ltr' id='par_1_34' title="bbox 2087 1828 2134 1886">
     <span class='ocr_line' id='line_1_34' title="bbox 2087 1828 2134 1886; baseline 0 0"><span class='ocrx_word' id='word_1_240' title='bbox 2087 1828 2134 1886; x_wconf 88' lang='grc' dir='ltr'>Β</span> 
     </span>
    </p>
   </div>
   <div class='ocr_carea' id='block_1_35' title="bbox 2137 582 3730 653">
    <p class='ocr_par' dir='ltr' id='par_1_35' title="bbox 2137 582 3730 653">
     <span class='ocr_line' id='line_1_35' title="bbox 2137 582 3730 653; baseline -0.005 -11"><span class='ocrx_word' id='word_1_241' title='bbox 2137 591 2288 643; x_wconf 73' lang='grc' dir='ltr'>εἱηιειι</span> <span class='ocrx_word' id='word_1_242' title='bbox 2323 587 2462 639; x_wconf 88' lang='lat' dir='ltr'><strong>ratio</strong></span> <span class='ocrx_word' id='word_1_243' title='bbox 2489 587 2637 639; x_wconf 81' lang='lat' dir='ltr'><strong>reddi</strong></span> <span class='ocrx_word' id='word_1_244' title='bbox 2673 594 2847 653; x_wconf 83' lang='lat' dir='ltr'><strong>potest</strong></span> <span class='ocrx_word' id='word_1_245' title='bbox 2870 585 2891 635; x_wconf 89' lang='lat'><strong>?</strong></span> <span class='ocrx_word' id='word_1_246' title='bbox 2918 583 2990 635; x_wconf 80' lang='lat' dir='ltr'><strong>Ita</strong></span> <span class='ocrx_word' id='word_1_247' title='bbox 3013 583 3175 636; x_wconf 84' lang='lat' dir='ltr'><strong>etiam</strong></span> <span class='ocrx_word' id='word_1_248' title='bbox 3207 583 3257 633; x_wconf 92' lang='lat' dir='ltr'><strong>in</strong></span> <span class='ocrx_word' id='word_1_249' title='bbox 3279 582 3474 647; x_wconf 65' lang='lat' dir='ltr'><strong>Miguo</strong></span> <span class='ocrx_word' id='word_1_250' title='bbox 3512 583 3730 647; x_wconf 70' lang='lat' dir='ltr'><strong>speculo</strong></span> 
     </span>
    </p>
   </div>
   <div class='ocr_carea' id='block_1_36' title="bbox 2141 674 3730 744">
    <p class='ocr_par' dir='ltr' id='par_1_36' title="bbox 2141 674 3730 744">
     <span class='ocr_line' id='line_1_36' title="bbox 2141 674 3730 744; baseline -0.004 -11"><span class='ocrx_word' id='word_1_251' title='bbox 2141 697 2320 733; x_wconf 81' lang='lat' dir='ltr'><strong>rerum</strong></span> <span class='ocrx_word' id='word_1_252' title='bbox 2349 679 2711 731; x_wconf 78' lang='lat' dir='ltr'><strong>maximarum</strong></span> <span class='ocrx_word' id='word_1_253' title='bbox 2758 676 3025 744; x_wconf 69' lang='lat' dir='ltr'><strong>imagines</strong></span> <span class='ocrx_word' id='word_1_254' title='bbox 3050 675 3350 733; x_wconf 82' lang='lat' dir='ltr'><strong>intuemur,</strong></span> <span class='ocrx_word' id='word_1_255' title='bbox 3386 681 3436 723; x_wconf 89' lang='lat' dir='ltr'><strong>et</strong></span> <span class='ocrx_word' id='word_1_256' title='bbox 3462 674 3547 722; x_wconf 47' lang='lat' dir='ltr'><strong>\‘ix</strong></span> <span class='ocrx_word' id='word_1_257' title='bbox 3587 674 3730 726; x_wconf 82' lang='lat' dir='ltr'><strong>illius</strong></span> 
     </span>
    </p>
   </div>
   <div class='ocr_carea' id='block_1_37' title="bbox 2142 769 3091 834">
    <p class='ocr_par' dir='ltr' id='par_1_37' title="bbox 2142 769 3091 834">
     <span class='ocr_line' id='line_1_37' title="bbox 2142 769 3091 834; baseline -0.005 -11"><span class='ocrx_word' id='word_1_258' title='bbox 2142 771 2218 823; x_wconf 85' lang='lat' dir='ltr'><strong>rei</strong></span> <span class='ocrx_word' id='word_1_259' title='bbox 2254 770 2523 822; x_wconf 71' lang='lat' dir='ltr'><strong>rationem</strong></span> <span class='ocrx_word' id='word_1_260' title='bbox 2564 769 2694 822; x_wconf 89' lang='lat' dir='ltr'><strong>dare</strong></span> <span class='ocrx_word' id='word_1_261' title='bbox 2738 782 3050 834; x_wconf 84' lang='lat' dir='ltr'><strong>possumus.</strong></span> <span class='ocrx_word' id='word_1_262' title='bbox 3089 772 3091 774; x_wconf 76' lang='grc'><strong><em>’</em></strong></span> 
     </span>
    </p>
   </div>
   <div class='ocr_carea' id='block_1_38' title="bbox 2215 858 3729 928">
    <p class='ocr_par' dir='ltr' id='par_1_38' title="bbox 2215 858 3729 928">
     <span class='ocr_line' id='line_1_38' title="bbox 2215 858 3729 928; baseline -0.007 -13"><span class='ocrx_word' id='word_1_263' title='bbox 2215 863 2481 915; x_wconf 58' lang='lat' dir='ltr'><strong>Prw-terea</strong></span> <span class='ocrx_word' id='word_1_264' title='bbox 2513 859 2854 928; x_wconf 77' lang='lat' dir='ltr'><strong>impossibile</strong></span> <span class='ocrx_word' id='word_1_265' title='bbox 2880 874 3004 913; x_wconf 86' lang='lat' dir='ltr'><strong>esse</strong></span> <span class='ocrx_word' id='word_1_266' title='bbox 3039 858 3233 911; x_wconf 90' lang='lat' dir='ltr'><strong>dicunt</strong></span> <span class='ocrx_word' id='word_1_267' title='bbox 3294 859 3384 926; x_wconf 87' lang='lat' dir='ltr'><strong>qui</strong></span> <span class='ocrx_word' id='word_1_268' title='bbox 3420 871 3729 911; x_wconf 74' lang='lat' dir='ltr'><strong>snt-ramen-</strong></span> 
     </span>
    </p>
   </div>
   <div class='ocr_carea' id='block_1_39' title="bbox 2145 950 3734 1021">
    <p class='ocr_par' dir='ltr' id='par_1_39' title="bbox 2145 950 3734 1021">
     <span class='ocr_line' id='line_1_39' title="bbox 2145 950 3734 1021; baseline -0.005 -14"><span class='ocrx_word' id='word_1_269' title='bbox 2145 966 2202 1007; x_wconf 88' lang='lat' dir='ltr'><strong>to</strong></span> <span class='ocrx_word' id='word_1_270' title='bbox 2240 954 2397 1007; x_wconf 83' lang='lat' dir='ltr'><strong>ﬁdem</strong></span> <span class='ocrx_word' id='word_1_271' title='bbox 2434 968 2541 1005; x_wconf 88' lang='lat' dir='ltr'><strong>non</strong></span> <span class='ocrx_word' id='word_1_272' title='bbox 2578 952 2801 1013; x_wconf 78' lang='lat' dir='ltr'><strong>habent,</strong></span> <span class='ocrx_word' id='word_1_273' title='bbox 2833 951 3038 1005; x_wconf 78' lang='lat' dir='ltr'><strong>Christi</strong></span> <span class='ocrx_word' id='word_1_274' title='bbox 3100 967 3306 1019; x_wconf 86' lang='lat' dir='ltr'><strong>corpus</strong></span> <span class='ocrx_word' id='word_1_275' title='bbox 3357 951 3647 1021; x_wconf 72' lang='lat' dir='ltr'><strong>mysticum</strong></span> <span class='ocrx_word' id='word_1_276' title='bbox 3683 950 3734 1001; x_wconf 84' lang='lat' dir='ltr'><strong>iu</strong></span> 
     </span>
    </p>
   </div>
   <div class='ocr_carea' id='block_1_40' title="bbox 2147 1044 3735 1118">
    <p class='ocr_par' dir='ltr' id='par_1_40' title="bbox 2147 1044 3735 1118">
     <span class='ocr_line' id='line_1_40' title="bbox 2147 1044 3735 1118; baseline -0.005 -18"><span class='ocrx_word' id='word_1_277' title='bbox 2147 1057 2330 1118; x_wconf 84' lang='lat' dir='ltr'><strong>partes</strong></span> <span class='ocrx_word' id='word_1_278' title='bbox 2365 1046 2623 1110; x_wconf 79' lang='lat' dir='ltr'><strong>divisum,</strong></span> <span class='ocrx_word' id='word_1_279' title='bbox 2652 1046 2944 1113; x_wconf 75' lang='lat' dir='ltr'><strong>persistere</strong></span> <span class='ocrx_word' id='word_1_280' title='bbox 2982 1045 3274 1112; x_wconf 78' lang='lat' dir='ltr'><strong>integrum,</strong></span> <span class='ocrx_word' id='word_1_281' title='bbox 3316 1053 3366 1098; x_wconf 77' lang='lat' dir='ltr'><strong>et</strong></span> <span class='ocrx_word' id='word_1_282' title='bbox 3396 1044 3735 1111; x_wconf 76' lang='lat' dir='ltr'><strong>singularqu</strong></span> 
     </span>
    </p>
   </div>
   <div class='ocr_carea' id='block_1_41' title="bbox 2149 1133 3738 1208">
    <p class='ocr_par' dir='ltr' id='par_1_41' title="bbox 2149 1133 3738 1208">
     <span class='ocr_line' id='line_1_41' title="bbox 2149 1133 3738 1208; baseline -0.005 -18"><span class='ocrx_word' id='word_1_283' title='bbox 2149 1139 2388 1208; x_wconf 69' lang='lat' dir='ltr'><strong>partium</strong></span> <span class='ocrx_word' id='word_1_284' title='bbox 2447 1151 2896 1205; x_wconf 71' lang='lat' dir='ltr'><strong>unamquamque</strong></span> <span class='ocrx_word' id='word_1_285' title='bbox 2953 1146 3124 1188; x_wconf 91' lang='lat' dir='ltr'><strong>totum</strong></span> <span class='ocrx_word' id='word_1_286' title='bbox 3175 1150 3295 1190; x_wconf 85' lang='lat' dir='ltr'><strong>esse</strong></span> <span class='ocrx_word' id='word_1_287' title='bbox 3329 1145 3383 1188; x_wconf 93' lang='lat' dir='ltr'><strong>et</strong></span> <span class='ocrx_word' id='word_1_288' title='bbox 3437 1133 3738 1203; x_wconf 71' lang='lat' dir='ltr'><strong>perfectum</strong></span> 
     </span>
    </p>
   </div>
   <div class='ocr_carea' id='block_1_42' title="bbox 2150 1229 3742 1301">
    <p class='ocr_par' dir='ltr' id='par_1_42' title="bbox 2150 1229 3742 1301">
     <span class='ocr_line' id='line_1_42' title="bbox 2150 1229 3742 1301; baseline -0.005 -13"><span class='ocrx_word' id='word_1_289' title='bbox 2150 1235 2358 1289; x_wconf 79' lang='lat' dir='ltr'><strong>Christi</strong></span> <span class='ocrx_word' id='word_1_290' title='bbox 2389 1249 2610 1301; x_wconf 90' lang='lat' dir='ltr'><strong>corpus.</strong></span> <span class='ocrx_word' id='word_1_291' title='bbox 2641 1231 2752 1285; x_wconf 91' lang='lat' dir='ltr'><strong>Sed</strong></span> <span class='ocrx_word' id='word_1_292' title='bbox 2777 1231 2912 1284; x_wconf 83' lang='lat' dir='ltr'><strong>lidcs</strong></span> <span class='ocrx_word' id='word_1_293' title='bbox 2969 1239 3158 1284; x_wconf 86' lang='lat' dir='ltr'><strong>nostra</strong></span> <span class='ocrx_word' id='word_1_294' title='bbox 3189 1229 3242 1283; x_wconf 92' lang='lat' dir='ltr'><strong>id</strong></span> <span class='ocrx_word' id='word_1_295' title='bbox 3276 1245 3497 1296; x_wconf 83' lang='lat' dir='ltr'><strong>quoque</strong></span> <span class='ocrx_word' id='word_1_296' title='bbox 3545 1229 3742 1295; x_wconf 71' lang='lat' dir='ltr'><strong>prredi-</strong></span> 
     </span>
    </p>
   </div>
   <div class='ocr_carea' id='block_1_43' title="bbox 2076 1322 3745 1398">
    <p class='ocr_par' dir='ltr' id='par_1_43' title="bbox 2076 1322 3745 1398">
     <span class='ocr_line' id='line_1_43' title="bbox 2076 1322 3745 1398; baseline -0.004 -16"><span class='ocrx_word' id='word_1_297' title='bbox 2076 1395 2080 1398; x_wconf 11' lang='lat' dir='ltr'><strong><em>ﬁ</em></strong></span> <span class='ocrx_word' id='word_1_298' title='bbox 2151 1340 2260 1386; x_wconf 81' lang='lat' dir='ltr'><strong>cat.</strong></span> <span class='ocrx_word' id='word_1_299' title='bbox 2292 1327 2618 1382; x_wconf 81' lang='lat' dir='ltr'><strong>miraculum</strong></span> <span class='ocrx_word' id='word_1_300' title='bbox 2651 1341 2784 1379; x_wconf 84' lang='lat' dir='ltr'><strong>sane</strong></span> <span class='ocrx_word' id='word_1_301' title='bbox 2819 1325 2943 1378; x_wconf 82' lang='lat' dir='ltr'><strong>aliis</strong></span> <span class='ocrx_word' id='word_1_302' title='bbox 2965 1340 3070 1377; x_wconf 91' lang='lat' dir='ltr'><strong>non</strong></span> <span class='ocrx_word' id='word_1_303' title='bbox 3102 1324 3354 1377; x_wconf 74' lang='lat' dir='ltr'><strong>absiiuile</strong></span> <span class='ocrx_word' id='word_1_304' title='bbox 3393 1337 3516 1391; x_wconf 71' lang='lat' dir='ltr'><strong>qure</strong></span> <span class='ocrx_word' id='word_1_305' title='bbox 3553 1338 3604 1375; x_wconf 82' lang='lat' dir='ltr'><strong>iu</strong></span> <span class='ocrx_word' id='word_1_306' title='bbox 3640 1322 3745 1375; x_wconf 89' lang='lat' dir='ltr'><strong>hoc</strong></span> 
     </span>
    </p>
   </div>
   <div class='ocr_carea' id='block_1_44' title="bbox 2155 1417 3745 1480">
    <p class='ocr_par' dir='ltr' id='par_1_44' title="bbox 2155 1417 3745 1480">
     <span class='ocr_line' id='line_1_44' title="bbox 2155 1417 3745 1480; baseline -0.003 -8"><span class='ocrx_word' id='word_1_307' title='bbox 2155 1427 2505 1473; x_wconf 83' lang='lat' dir='ltr'><strong>sacramento</strong></span> <span class='ocrx_word' id='word_1_308' title='bbox 2538 1428 2863 1480; x_wconf 82' lang='lat' dir='ltr'><strong>occurrunt,</strong></span> <span class='ocrx_word' id='word_1_309' title='bbox 2905 1418 3094 1470; x_wconf 76' lang='lat' dir='ltr'><strong>nzultis</strong></span> <span class='ocrx_word' id='word_1_310' title='bbox 3124 1417 3583 1471; x_wconf 86' lang='lat' dir='ltr'><strong>similitudinilms</strong></span> <span class='ocrx_word' id='word_1_311' title='bbox 3615 1431 3745 1469; x_wconf 87' lang='lat' dir='ltr'><strong>eon-</strong></span> 
     </span>
    </p>
   </div>
   <div class='ocr_carea' id='block_1_45' title="bbox 2158 1508 3745 1578">
    <p class='ocr_par' dir='ltr' id='par_1_45' title="bbox 2158 1508 3745 1578">
     <span class='ocr_line' id='line_1_45' title="bbox 2158 1508 3745 1578; baseline -0.004 -12"><span class='ocrx_word' id='word_1_312' title='bbox 2158 1515 2458 1574; x_wconf 58' lang='lat' dir='ltr'><strong>l‘u&#39;matum,</strong></span> <span class='ocrx_word' id='word_1_313' title='bbox 2492 1522 2545 1565; x_wconf 89' lang='lat' dir='ltr'><strong>et</strong></span> <span class='ocrx_word' id='word_1_314' title='bbox 2580 1514 2817 1563; x_wconf 77' lang='lat' dir='ltr'><strong>maxime</strong></span> <span class='ocrx_word' id='word_1_315' title='bbox 2886 1512 3059 1578; x_wconf 79' lang='lat' dir='ltr'><strong>ipsius</strong></span> <span class='ocrx_word' id='word_1_316' title='bbox 3115 1509 3449 1564; x_wconf 79' lang='lat' dir='ltr'><strong>sacramenti</strong></span> <span class='ocrx_word' id='word_1_317' title='bbox 3508 1508 3745 1560; x_wconf 75' lang='lat' dir='ltr'><strong>ratione.</strong></span> 
     </span>
    </p>
   </div>
   <div class='ocr_carea' id='block_1_46' title="bbox 2161 1601 3753 1667">
    <p class='ocr_par' dir='ltr' id='par_1_46' title="bbox 2161 1601 3753 1667">
     <span class='ocr_line' id='line_1_46' title="bbox 2161 1601 3753 1667; baseline -0.004 -11"><span class='ocrx_word' id='word_1_318' title='bbox 2161 1605 2364 1657; x_wconf 84' lang='lat' dir='ltr'><strong>Divisio</strong></span> <span class='ocrx_word' id='word_1_319' title='bbox 2396 1605 2540 1656; x_wconf 87' lang='lat' dir='ltr'><strong>enim</strong></span> <span class='ocrx_word' id='word_1_320' title='bbox 2576 1604 2663 1655; x_wconf 85' lang='lat' dir='ltr'><strong>illa</strong></span> <span class='ocrx_word' id='word_1_321' title='bbox 2694 1611 2746 1656; x_wconf 86' lang='lat' dir='ltr'><strong>et</strong></span> <span class='ocrx_word' id='word_1_322' title='bbox 2777 1602 2951 1656; x_wconf 88' lang='lat' dir='ltr'><strong>sectio</strong></span> <span class='ocrx_word' id='word_1_323' title='bbox 3000 1601 3204 1654; x_wconf 80' lang='lat' dir='ltr'><strong>Christi</strong></span> <span class='ocrx_word' id='word_1_324' title='bbox 3277 1616 3479 1667; x_wconf 82' lang='lat' dir='ltr'><strong>corpus</strong></span> <span class='ocrx_word' id='word_1_325' title='bbox 3531 1616 3638 1651; x_wconf 59' lang='lat' dir='ltr'><strong>non</strong></span> <span class='ocrx_word' id='word_1_326' title='bbox 3674 1609 3753 1649; x_wconf 79' lang='lat' dir='ltr'><strong>at-</strong></span> 
     </span>
    </p>
   </div>
   <div class='ocr_carea' id='block_1_47' title="bbox 2161 1688 3751 1762">
    <p class='ocr_par' dir='ltr' id='par_1_47' title="bbox 2161 1688 3751 1762">
     <span class='ocr_line' id='line_1_47' title="bbox 2161 1688 3751 1762; baseline -0.006 -14"><span class='ocrx_word' id='word_1_327' title='bbox 2161 1695 2341 1762; x_wconf 72' lang='lat' dir='ltr'><strong>tingit.</strong></span> <span class='ocrx_word' id='word_1_328' title='bbox 2373 1693 2465 1746; x_wconf 89' lang='lat' dir='ltr'><strong>sed</strong></span> <span class='ocrx_word' id='word_1_329' title='bbox 2499 1694 2675 1746; x_wconf 89' lang='lat' dir='ltr'><strong>locmn</strong></span> <span class='ocrx_word' id='word_1_330' title='bbox 2713 1692 2875 1746; x_wconf 83' lang='lat' dir='ltr'><strong>habet</strong></span> <span class='ocrx_word' id='word_1_331' title='bbox 2911 1693 2964 1743; x_wconf 90' lang='lat' dir='ltr'><strong>in</strong></span> <span class='ocrx_word' id='word_1_332' title='bbox 2999 1691 3136 1744; x_wconf 89' lang='lat' dir='ltr'><strong>solis</strong></span> <span class='ocrx_word' id='word_1_333' title='bbox 3190 1688 3751 1757; x_wconf 64' lang='lat' dir='ltr'><strong>quantitatistlimeu-</strong></span> 
     </span>
    </p>
   </div>
   <div class='ocr_carea' id='block_1_48' title="bbox 2165 1778 3755 1852">
    <p class='ocr_par' dir='ltr' id='par_1_48' title="bbox 2165 1778 3755 1852">
     <span class='ocr_line' id='line_1_48' title="bbox 2165 1778 3755 1852; baseline -0.007 -13"><span class='ocrx_word' id='word_1_334' title='bbox 2165 1786 2434 1845; x_wconf 85' lang='lat' dir='ltr'><strong>sionibus,</strong></span> <span class='ocrx_word' id='word_1_335' title='bbox 2471 1786 2574 1838; x_wconf 86' lang='lat' dir='ltr'><strong>sub</strong></span> <span class='ocrx_word' id='word_1_336' title='bbox 2606 1783 2806 1852; x_wconf 86' lang='lat' dir='ltr'><strong>quibus</strong></span> <span class='ocrx_word' id='word_1_337' title='bbox 2870 1792 2993 1850; x_wconf 90' lang='lat' dir='ltr'><strong>post</strong></span> <span class='ocrx_word' id='word_1_338' title='bbox 3055 1781 3574 1834; x_wconf 85' lang='lat' dir='ltr'><strong>transmutatiouem</strong></span> <span class='ocrx_word' id='word_1_339' title='bbox 3612 1778 3755 1829; x_wconf 79' lang='lat' dir='ltr'><strong>illaut</strong></span> 
     </span>
    </p>
   </div>
   <div class='ocr_carea' id='block_1_49' title="bbox 2164 1869 3759 1942">
    <p class='ocr_par' dir='ltr' id='par_1_49' title="bbox 2164 1869 3759 1942">
     <span class='ocr_line' id='line_1_49' title="bbox 2164 1869 3759 1942; baseline -0.008 -11"><span class='ocrx_word' id='word_1_340' title='bbox 2164 1877 2367 1932; x_wconf 82' lang='lat' dir='ltr'><strong>Christi</strong></span> <span class='ocrx_word' id='word_1_341' title='bbox 2409 1891 2613 1942; x_wconf 87' lang='lat' dir='ltr'><strong>corpus</strong></span> <span class='ocrx_word' id='word_1_342' title='bbox 2637 1876 2787 1928; x_wconf 89' lang='lat' dir='ltr'><strong>latet.</strong></span> <span class='ocrx_word' id='word_1_343' title='bbox 2845 1873 2999 1927; x_wconf 87' lang='lat' dir='ltr'><strong>Sicut</strong></span> <span class='ocrx_word' id='word_1_344' title='bbox 3055 1881 3108 1925; x_wconf 88' lang='lat' dir='ltr'><strong>et</strong></span> <span class='ocrx_word' id='word_1_345' title='bbox 3171 1871 3458 1940; x_wconf 87' lang='lat' dir='ltr'><strong>speculum</strong></span> <span class='ocrx_word' id='word_1_346' title='bbox 3526 1869 3569 1923; x_wconf 91' lang='lat' dir='ltr'><strong>si</strong></span> <span class='ocrx_word' id='word_1_347' title='bbox 3608 1869 3759 1920; x_wconf 76' lang='lat' dir='ltr'><strong>frun-</strong></span> 
     </span>
    </p>
   </div>
   <div class='ocr_carea' id='block_1_50' title="bbox 2166 1963 3757 2038">
    <p class='ocr_par' dir='ltr' id='par_1_50' title="bbox 2166 1963 3757 2038">
     <span class='ocr_line' id='line_1_50' title="bbox 2166 1963 3757 2038; baseline -0.006 -15"><span class='ocrx_word' id='word_1_348' title='bbox 2166 1981 2347 2038; x_wconf 75' lang='lat' dir='ltr'><strong>gatur,</strong></span> <span class='ocrx_word' id='word_1_349' title='bbox 2384 1983 2560 2036; x_wconf 81' lang='lat' dir='ltr'><strong>neque</strong></span> <span class='ocrx_word' id='word_1_350' title='bbox 2585 1967 2800 2035; x_wconf 86' lang='lat' dir='ltr'><strong>species</strong></span> <span class='ocrx_word' id='word_1_351' title='bbox 2849 1965 3102 2034; x_wconf 87' lang='lat' dir='ltr'><strong>corporis</strong></span> <span class='ocrx_word' id='word_1_352' title='bbox 3136 1965 3189 2017; x_wconf 90' lang='lat' dir='ltr'><strong>in</strong></span> <span class='ocrx_word' id='word_1_353' title='bbox 3261 1978 3326 2016; x_wconf 87' lang='lat' dir='ltr'><strong>eo</strong></span> <span class='ocrx_word' id='word_1_354' title='bbox 3379 1963 3757 2030; x_wconf 68' lang='lat' dir='ltr'><strong>repraesentnti</strong></span> 
     </span>
    </p>
   </div>
   <div class='ocr_carea' id='block_1_51' title="bbox 2175 2054 3758 2129">
    <p class='ocr_par' dir='ltr' id='par_1_51' title="bbox 2175 2054 3758 2129">
     <span class='ocr_line' id='line_1_51' title="bbox 2175 2054 3758 2129; baseline -0.006 -16"><span class='ocrx_word' id='word_1_355' title='bbox 2175 2061 2468 2129; x_wconf 78' lang='lat' dir='ltr'><strong>frangitur,</strong></span> <span class='ocrx_word' id='word_1_356' title='bbox 2537 2059 2631 2112; x_wconf 85' lang='lat' dir='ltr'><strong>sed</strong></span> <span class='ocrx_word' id='word_1_357' title='bbox 2694 2058 2747 2110; x_wconf 92' lang='lat' dir='ltr'><strong>in</strong></span> <span class='ocrx_word' id='word_1_358' title='bbox 2782 2071 3116 2123; x_wconf 80' lang='lat' dir='ltr'><strong>unoquoque</strong></span> <span class='ocrx_word' id='word_1_359' title='bbox 3149 2056 3456 2123; x_wconf 78' lang='lat' dir='ltr'><strong>fragmento</strong></span> <span class='ocrx_word' id='word_1_360' title='bbox 3509 2054 3758 2107; x_wconf 60' lang='lat' dir='ltr'><strong>eamdem</strong></span> 
     </span>
    </p>
   </div>
   <div class='ocr_carea' id='block_1_52' title="bbox 2166 2147 3759 2222">
    <p class='ocr_par' dir='ltr' id='par_1_52' title="bbox 2166 2147 3759 2222">
     <span class='ocr_line' id='line_1_52' title="bbox 2166 2147 3759 2222; baseline -0.008 -13"><span class='ocrx_word' id='word_1_361' title='bbox 2166 2156 2348 2210; x_wconf 88' lang='lat' dir='ltr'><strong>adhuc</strong></span> <span class='ocrx_word' id='word_1_362' title='bbox 2404 2154 2644 2222; x_wconf 87' lang='lat' dir='ltr'><strong>speciem</strong></span> <span class='ocrx_word' id='word_1_363' title='bbox 2672 2153 2870 2206; x_wconf 87' lang='lat' dir='ltr'><strong>intueri</strong></span> <span class='ocrx_word' id='word_1_364' title='bbox 2895 2151 3041 2204; x_wconf 87' lang='lat' dir='ltr'><strong>licet.</strong></span> <span class='ocrx_word' id='word_1_365' title='bbox 3067 2149 3275 2203; x_wconf 76' lang='lat' dir='ltr'><strong>Inserta</strong></span> <span class='ocrx_word' id='word_1_366' title='bbox 3311 2149 3474 2201; x_wconf 85' lang='lat' dir='ltr'><strong>etiam</strong></span> <span class='ocrx_word' id='word_1_367' title='bbox 3504 2147 3759 2199; x_wconf 71' lang='lat' dir='ltr'><strong>animalia</strong></span> 
     </span>
    </p>
   </div>
   <div class='ocr_carea' id='block_1_53' title="bbox 2168 2240 3764 2308">
    <p class='ocr_par' dir='ltr' id='par_1_53' title="bbox 2168 2240 3764 2308">
     <span class='ocr_line' id='line_1_53' title="bbox 2168 2240 3764 2308; baseline -0.009 -2"><span class='ocrx_word' id='word_1_368' title='bbox 2168 2265 2293 2306; x_wconf 90' lang='lat' dir='ltr'><strong>cum</strong></span> <span class='ocrx_word' id='word_1_369' title='bbox 2331 2251 2676 2307; x_wconf 83' lang='lat' dir='ltr'><strong>dividuntur,</strong></span> <span class='ocrx_word' id='word_1_370' title='bbox 2712 2245 2893 2298; x_wconf 86' lang='lat' dir='ltr'><strong>anima</strong></span> <span class='ocrx_word' id='word_1_371' title='bbox 2929 2241 3196 2297; x_wconf 70' lang='lat' dir='ltr'><strong>sensitira</strong></span> <span class='ocrx_word' id='word_1_372' title='bbox 3261 2242 3315 2294; x_wconf 91' lang='lat' dir='ltr'><strong>in</strong></span> <span class='ocrx_word' id='word_1_373' title='bbox 3375 2240 3606 2308; x_wconf 73' lang='lat' dir='ltr'><strong>singulis</strong></span> <span class='ocrx_word' id='word_1_374' title='bbox 3641 2255 3764 2308; x_wconf 79' lang='lat' dir='ltr'><strong>seg—</strong></span> 
     </span>
    </p>
   </div>
   <div class='ocr_carea' id='block_1_54' title="bbox 2171 2331 3764 2406">
    <p class='ocr_par' dir='ltr' id='par_1_54' title="bbox 2171 2331 3764 2406">
     <span class='ocr_line' id='line_1_54' title="bbox 2171 2331 3764 2406; baseline -0.008 -9"><span class='ocrx_word' id='word_1_375' title='bbox 2171 2345 2372 2398; x_wconf 89' lang='lat' dir='ltr'><strong>mentis</strong></span> <span class='ocrx_word' id='word_1_376' title='bbox 2412 2349 2612 2401; x_wconf 77' lang='lat' dir='ltr'><strong>manet,</strong></span> <span class='ocrx_word' id='word_1_377' title='bbox 2645 2349 2702 2392; x_wconf 89' lang='grc' dir='ltr'><strong>ιιι</strong></span> <span class='ocrx_word' id='word_1_378' title='bbox 2746 2337 3084 2406; x_wconf 81' lang='lat' dir='ltr'><strong>l’hilosopho</strong></span> <span class='ocrx_word' id='word_1_379' title='bbox 3155 2333 3392 2389; x_wconf 89' lang='lat' dir='ltr'><strong>videtur.</strong></span> <span class='ocrx_word' id='word_1_380' title='bbox 3433 2331 3494 2386; x_wconf 86' lang='lat' dir='ltr'><strong>Et</strong></span> <span class='ocrx_word' id='word_1_381' title='bbox 3527 2336 3764 2386; x_wconf 83' lang='lat' dir='ltr'><strong>humana</strong></span> 
     </span>
    </p>
   </div>
   <div class='ocr_carea' id='block_1_55' title="bbox 2171 2432 3770 2503">
    <p class='ocr_par' dir='ltr' id='par_1_55' title="bbox 2171 2432 3770 2503">
     <span class='ocr_line' id='line_1_55' title="bbox 2171 2432 3770 2503; baseline -0.008 -11"><span class='ocrx_word' id='word_1_382' title='bbox 2171 2441 2354 2492; x_wconf 83' lang='lat' dir='ltr'><strong>anima</strong></span> <span class='ocrx_word' id='word_1_383' title='bbox 2392 2448 2471 2490; x_wconf 86' lang='lat' dir='ltr'><strong>est</strong></span> <span class='ocrx_word' id='word_1_384' title='bbox 2510 2435 2733 2503; x_wconf 77' lang='lat' dir='ltr'><strong>quidem</strong></span> <span class='ocrx_word' id='word_1_385' title='bbox 2765 2441 2897 2484; x_wconf 73' lang='lat' dir='ltr'><strong>tota.</strong></span> <span class='ocrx_word' id='word_1_386' title='bbox 2942 2432 2995 2483; x_wconf 94' lang='lat' dir='ltr'><strong>in</strong></span> <span class='ocrx_word' id='word_1_387' title='bbox 3057 2443 3387 2497; x_wconf 75' lang='lat' dir='ltr'><strong>unaquaque</strong></span> <span class='ocrx_word' id='word_1_388' title='bbox 3441 2439 3593 2496; x_wconf 88' lang='lat' dir='ltr'><strong>parte</strong></span> <span class='ocrx_word' id='word_1_389' title='bbox 3648 2442 3770 2480; x_wconf 83' lang='lat' dir='ltr'><strong>ror-</strong></span> 
     </span>
    </p>
   </div>
   <div class='ocr_carea' id='block_1_56' title="bbox 2172 2520 3772 2599">
    <p class='ocr_par' dir='ltr' id='par_1_56' title="bbox 2172 2520 3772 2599">
     <span class='ocr_line' id='line_1_56' title="bbox 2172 2520 3772 2599; baseline -0.008 -16"><span class='ocrx_word' id='word_1_390' title='bbox 2172 2531 2344 2599; x_wconf 84' lang='lat' dir='ltr'><strong>poris,</strong></span> <span class='ocrx_word' id='word_1_391' title='bbox 2375 2545 2496 2582; x_wconf 91' lang='lat' dir='ltr'><strong>cum</strong></span> <span class='ocrx_word' id='word_1_392' title='bbox 2523 2526 2766 2596; x_wconf 81' lang='lat' dir='ltr'><strong>qualibet</strong></span> <span class='ocrx_word' id='word_1_393' title='bbox 2800 2533 2950 2592; x_wconf 87' lang='lat' dir='ltr'><strong>parte</strong></span> <span class='ocrx_word' id='word_1_394' title='bbox 2979 2531 3194 2576; x_wconf 82' lang='lat' dir='ltr'><strong>resecta</strong></span> <span class='ocrx_word' id='word_1_395' title='bbox 3228 2537 3338 2574; x_wconf 92' lang='lat' dir='ltr'><strong>non</strong></span> <span class='ocrx_word' id='word_1_396' title='bbox 3398 2520 3559 2573; x_wconf 74' lang='lat' dir='ltr'><strong>simul</strong></span> <span class='ocrx_word' id='word_1_397' title='bbox 3621 2535 3772 2573; x_wconf 79' lang='lat' dir='ltr'><strong>scca-</strong></span> 
     </span>
    </p>
   </div>
   <div class='ocr_carea' id='block_1_57' title="bbox 2174 2613 3770 2688">
    <p class='ocr_par' dir='ltr' id='par_1_57' title="bbox 2174 2613 3770 2688">
     <span class='ocr_line' id='line_1_57' title="bbox 2174 2613 3770 2688; baseline -0.009 -12"><span class='ocrx_word' id='word_1_398' title='bbox 2174 2633 2266 2677; x_wconf 92' lang='lat' dir='ltr'><strong>tur</strong></span> <span class='ocrx_word' id='word_1_399' title='bbox 2295 2640 2307 2674; x_wconf 89' lang='lat'>:</span> <span class='ocrx_word' id='word_1_400' title='bbox 2338 2621 2393 2674; x_wconf 90' lang='lat' dir='ltr'><strong>in</strong></span> <span class='ocrx_word' id='word_1_401' title='bbox 2431 2620 2665 2688; x_wconf 82' lang='lat' dir='ltr'><strong>singulis</strong></span> <span class='ocrx_word' id='word_1_402' title='bbox 2698 2633 2918 2686; x_wconf 76' lang='lat' dir='ltr'><strong>quoque</strong></span> <span class='ocrx_word' id='word_1_403' title='bbox 2975 2616 3226 2683; x_wconf 85' lang='lat' dir='ltr'><strong>partibus</strong></span> <span class='ocrx_word' id='word_1_404' title='bbox 3261 2613 3538 2668; x_wconf 73' lang='lat' dir='ltr'><strong>sensitivze</strong></span> <span class='ocrx_word' id='word_1_405' title='bbox 3583 2614 3770 2663; x_wconf 62' lang='lat' dir='ltr'><strong>carnis</strong></span> 
     </span>
    </p>
   </div>
   <div class='ocr_carea' id='block_1_58' title="bbox 2174 2705 3772 2782">
    <p class='ocr_par' dir='ltr' id='par_1_58' title="bbox 2174 2705 3772 2782">
     <span class='ocr_line' id='line_1_58' title="bbox 2174 2705 3772 2782; baseline -0.008 -12"><span class='ocrx_word' id='word_1_406' title='bbox 2174 2715 2420 2782; x_wconf 83' lang='lat' dir='ltr'><strong>ejusdem</strong></span> <span class='ocrx_word' id='word_1_407' title='bbox 2451 2713 2635 2767; x_wconf 87' lang='lat' dir='ltr'><strong>carnis</strong></span> <span class='ocrx_word' id='word_1_408' title='bbox 2672 2710 2995 2766; x_wconf 68' lang='lat' dir='ltr'><strong>exsistentia</strong></span> <span class='ocrx_word' id='word_1_409' title='bbox 3027 2715 3302 2768; x_wconf 79' lang='lat' dir='ltr'><strong>servatur,</strong></span> <span class='ocrx_word' id='word_1_410' title='bbox 3353 2713 3405 2757; x_wconf 93' lang='lat' dir='ltr'><strong>et</strong></span> <span class='ocrx_word' id='word_1_411' title='bbox 3429 2705 3610 2757; x_wconf 91' lang='lat' dir='ltr'><strong>omnis</strong></span> <span class='ocrx_word' id='word_1_412' title='bbox 3644 2719 3772 2772; x_wconf 85' lang='lat' dir='ltr'><strong>pars</strong></span> 
     </span>
    </p>
   </div>
   <div class='ocr_carea' id='block_1_59' title="bbox 2174 2800 3772 2880">
    <p class='ocr_par' dir='ltr' id='par_1_59' title="bbox 2174 2800 3772 2880">
     <span class='ocr_line' id='line_1_59' title="bbox 2174 2800 3772 2880; baseline -0.009 -15"><span class='ocrx_word' id='word_1_413' title='bbox 2174 2811 2356 2880; x_wconf 81' lang='lat' dir='ltr'><strong>panis,</strong></span> <span class='ocrx_word' id='word_1_414' title='bbox 2379 2809 2536 2878; x_wconf 80' lang='lat' dir='ltr'><strong>panis</strong></span> <span class='ocrx_word' id='word_1_415' title='bbox 2570 2816 2673 2860; x_wconf 86' lang='lat' dir='ltr'><strong>est.</strong></span> <span class='ocrx_word' id='word_1_416' title='bbox 2694 2805 2768 2857; x_wconf 90' lang='lat' dir='ltr'><strong>Ita</strong></span> <span class='ocrx_word' id='word_1_417' title='bbox 2789 2804 2955 2858; x_wconf 76' lang='lat' dir='ltr'><strong>etiam</strong></span> <span class='ocrx_word' id='word_1_418' title='bbox 2996 2815 3342 2870; x_wconf 78' lang='lat' dir='ltr'><strong>unaquaeque</strong></span> <span class='ocrx_word' id='word_1_419' title='bbox 3373 2814 3505 2868; x_wconf 86' lang='lat' dir='ltr'><strong>pars</strong></span> <span class='ocrx_word' id='word_1_420' title='bbox 3523 2800 3772 2866; x_wconf 80' lang='lat' dir='ltr'><strong>corporis</strong></span> 
     </span>
    </p>
   </div>
   <div class='ocr_carea' id='block_1_60' title="bbox 2171 2889 3778 2960">
    <p class='ocr_par' dir='ltr' id='par_1_60' title="bbox 2171 2889 3778 2960">
     <span class='ocr_line' id='line_1_60' title="bbox 2171 2889 3778 2960; baseline -0.009 -4"><span class='ocrx_word' id='word_1_421' title='bbox 2171 2901 2403 2960; x_wconf 81' lang='lat' dir='ltr'><strong>Christi,</strong></span> <span class='ocrx_word' id='word_1_422' title='bbox 2441 2906 2618 2952; x_wconf 88' lang='lat' dir='ltr'><strong>totum</strong></span> <span class='ocrx_word' id='word_1_423' title='bbox 2657 2907 2737 2950; x_wconf 82' lang='lat' dir='ltr'><strong>est</strong></span> <span class='ocrx_word' id='word_1_424' title='bbox 2767 2894 2973 2947; x_wconf 89' lang='lat' dir='ltr'><strong>Christi</strong></span> <span class='ocrx_word' id='word_1_425' title='bbox 3004 2889 3304 2960; x_wconf 78' lang='lat' dir='ltr'><strong>carpus,id</strong></span> <span class='ocrx_word' id='word_1_426' title='bbox 3357 2891 3501 2958; x_wconf 83' lang='lat' dir='ltr'><strong>quod</strong></span> <span class='ocrx_word' id='word_1_427' title='bbox 3534 2890 3778 2957; x_wconf 75' lang='lat' dir='ltr'><strong>ejusmo-</strong></span> 
     </span>
    </p>
   </div>
   <div class='ocr_carea' id='block_1_61' title="bbox 2177 2983 3778 3055">
    <p class='ocr_par' dir='ltr' id='par_1_61' title="bbox 2177 2983 3778 3055">
     <span class='ocr_line' id='line_1_61' title="bbox 2177 2983 3778 3055; baseline -0.009 -7"><span class='ocrx_word' id='word_1_428' title='bbox 2177 2995 2228 3048; x_wconf 90' lang='lat' dir='ltr'><strong>di</strong></span> <span class='ocrx_word' id='word_1_429' title='bbox 2265 2991 2725 3048; x_wconf 73' lang='lat' dir='ltr'><strong>similitudinibus</strong></span> <span class='ocrx_word' id='word_1_430' title='bbox 2753 2989 2961 3050; x_wconf 67' lang='lat' dir='ltr'><strong>deiicit,</strong></span> <span class='ocrx_word' id='word_1_431' title='bbox 2995 2985 3286 3055; x_wconf 87' lang='lat' dir='ltr'><strong>suppleute</strong></span> <span class='ocrx_word' id='word_1_432' title='bbox 3331 2985 3536 3037; x_wconf 77' lang='lat' dir='ltr'><strong>virtute</strong></span> <span class='ocrx_word' id='word_1_433' title='bbox 3596 2983 3778 3036; x_wconf 77' lang='lat' dir='ltr'><strong>divina</strong></span> 
     </span>
    </p>
   </div>
   <div class='ocr_carea' id='block_1_62' title="bbox 2182 3077 3780 3148">
    <p class='ocr_par' dir='ltr' id='par_1_62' title="bbox 2182 3077 3780 3148">
     <span class='ocr_line' id='line_1_62' title="bbox 2182 3077 3780 3148; baseline -0.007 -7"><span class='ocrx_word' id='word_1_434' title='bbox 2182 3088 2621 3141; x_wconf 86' lang='lat' dir='ltr'><strong>insacramento.</strong></span> <span class='ocrx_word' id='word_1_435' title='bbox 2655 3082 2811 3148; x_wconf 85' lang='lat' dir='ltr'><strong>Quod</strong></span> <span class='ocrx_word' id='word_1_436' title='bbox 2866 3083 2940 3134; x_wconf 87' lang='lat' dir='ltr'><strong>ita</strong></span> <span class='ocrx_word' id='word_1_437' title='bbox 3007 3079 3213 3132; x_wconf 86' lang='lat' dir='ltr'><strong>dictum</strong></span> <span class='ocrx_word' id='word_1_438' title='bbox 3279 3077 3470 3140; x_wconf 90' lang='lat' dir='ltr'><strong>velim,</strong></span> <span class='ocrx_word' id='word_1_439' title='bbox 3515 3077 3558 3129; x_wconf 91' lang='lat' dir='ltr'><strong>si</strong></span> <span class='ocrx_word' id='word_1_440' title='bbox 3623 3077 3780 3143; x_wconf 83' lang='lat' dir='ltr'><strong>panis</strong></span> 
     </span>
    </p>
   </div>
   <div class='ocr_carea' id='block_1_63' title="bbox 477 3164 2239 3250">
    <p class='ocr_par' dir='ltr' id='par_1_63' title="bbox 477 3164 2239 3250">
     <span class='ocr_line' id='line_1_63' title="bbox 477 3164 2239 3250; baseline 0.01 -36"><span class='ocrx_word' id='word_1_441' title='bbox 477 3164 786 3234; x_wconf 76' lang='grc' dir='ltr'>δυνάμεως.</span> <span class='ocrx_word' id='word_1_442' title='bbox 815 3167 975 3236; x_wconf 81' lang='grc' dir='ltr'>Λέγω</span> <span class='ocrx_word' id='word_1_443' title='bbox 1020 3170 1076 3222; x_wconf 84' lang='grc' dir='ltr'>δὲ</span> <span class='ocrx_word' id='word_1_444' title='bbox 1121 3173 1188 3224; x_wconf 88' lang='grc' dir='ltr'><strong>ἂν</strong></span> <span class='ocrx_word' id='word_1_445' title='bbox 1288 3176 1545 3228; x_wconf 81' lang='grc' dir='ltr'>τοσοῦτόν</span> <span class='ocrx_word' id='word_1_446' title='bbox 1580 3194 1632 3228; x_wconf 91' lang='grc' dir='ltr'><strong>τι</strong></span> <span class='ocrx_word' id='word_1_447' title='bbox 1668 3179 1832 3246; x_wconf 84' lang='grc' dir='ltr'>μέρος</span> <span class='ocrx_word' id='word_1_448' title='bbox 1860 3179 1992 3232; x_wconf 79' lang='grc' dir='ltr'>ὥστ’</span> <span class='ocrx_word' id='word_1_449' title='bbox 2020 3185 2076 3233; x_wconf 79' lang='grc' dir='ltr'>ἐν</span> <span class='ocrx_word' id='word_1_450' title='bbox 2107 3175 2148 3230; x_wconf 88' lang='lat' dir='ltr'><strong>C</strong></span> <span class='ocrx_word' id='word_1_451' title='bbox 2186 3195 2239 3250; x_wconf 70' lang='lat' dir='ltr'><strong>p2</strong></span> 
     </span>
    </p>
   </div>
   <div class='ocr_carea' id='block_1_64' title="bbox 2019 3164 3781 3250">
    <p class='ocr_par' dir='ltr' id='par_1_64' title="bbox 2020 3170 3781 3250">
     <span class='ocr_line' id='line_1_64' title="bbox 2020 3170 3781 3250; baseline -0.006 -17"><span class='ocrx_word' id='word_1_452' title='bbox 2020 3185 2076 3233; x_wconf 79' lang='grc' dir='ltr'>ἐν</span> <span class='ocrx_word' id='word_1_453' title='bbox 2107 3175 2148 3230; x_wconf 90' lang='lat' dir='ltr'><strong>C</strong></span> <span class='ocrx_word' id='word_1_454' title='bbox 2186 3179 2453 3250; x_wconf 87' lang='lat' dir='ltr'><strong>particula</strong></span> <span class='ocrx_word' id='word_1_455' title='bbox 2487 3175 2760 3244; x_wconf 81' lang='lat' dir='ltr'><strong>ejusmodi</strong></span> <span class='ocrx_word' id='word_1_456' title='bbox 2812 3174 2904 3236; x_wconf 89' lang='lat' dir='ltr'><strong>sit,</strong></span> <span class='ocrx_word' id='word_1_457' title='bbox 2931 3181 2988 3224; x_wconf 90' lang='lat' dir='ltr'><strong>ut</strong></span> <span class='ocrx_word' id='word_1_458' title='bbox 3013 3171 3063 3223; x_wconf 91' lang='lat' dir='ltr'><strong>in</strong></span> <span class='ocrx_word' id='word_1_459' title='bbox 3091 3172 3206 3238; x_wconf 86' lang='lat' dir='ltr'><strong>ipsa</strong></span> <span class='ocrx_word' id='word_1_460' title='bbox 3249 3170 3574 3223; x_wconf 83' lang='lat' dir='ltr'><strong>conservari</strong></span> <span class='ocrx_word' id='word_1_461' title='bbox 3611 3173 3781 3237; x_wconf 61' lang='lat' dir='ltr'><strong>possit</strong></span> 
     </span>
    </p>
   </div>
   <div class='ocr_carea' id='block_1_65' title="bbox 477 3257 2075 3340">
    <p class='ocr_par' dir='ltr' id='par_1_65' title="bbox 477 3257 2075 3340">
     <span class='ocr_line' id='line_1_65' title="bbox 477 3257 2075 3340; baseline 0.012 -33"><span class='ocrx_word' id='word_1_462' title='bbox 477 3257 629 3325; x_wconf 82' lang='grc' dir='ltr'>αὐτῷ</span> <span class='ocrx_word' id='word_1_463' title='bbox 664 3259 928 3314; x_wconf 79' lang='grc' dir='ltr'>δύνασθαι</span> <span class='ocrx_word' id='word_1_464' title='bbox 961 3263 1128 3316; x_wconf 74' lang='grc' dir='ltr'>αὐτὸν</span> <span class='ocrx_word' id='word_1_465' title='bbox 1161 3265 1255 3318; x_wconf 90' lang='grc' dir='ltr'><strong>τοῦ</strong></span> <span class='ocrx_word' id='word_1_466' title='bbox 1292 3268 1462 3336; x_wconf 77' lang='grc' dir='ltr'>ἄρτου</span> <span class='ocrx_word' id='word_1_467' title='bbox 1497 3269 1768 3333; x_wconf 77' lang='grc' dir='ltr'>σώζεσθαι</span> <span class='ocrx_word' id='word_1_468' title='bbox 1815 3271 1996 3340; x_wconf 81' lang='grc' dir='ltr'>λόγον,</span> <span class='ocrx_word' id='word_1_469' title='bbox 2027 3277 2075 3326; x_wconf 77' lang='grc' dir='ltr'>εἰ</span> 
     </span>
    </p>
   </div>
   <div class='ocr_carea' id='block_1_66' title="bbox 481 3351 2070 3431">
    <p class='ocr_par' dir='ltr' id='par_1_66' title="bbox 481 3351 2070 3431">
     <span class='ocr_line' id='line_1_66' title="bbox 481 3351 2070 3431; baseline 0.013 -31"><span class='ocrx_word' id='word_1_470' title='bbox 481 3351 557 3418; x_wconf 81' lang='grc' dir='ltr'><strong>μὴ</strong></span> <span class='ocrx_word' id='word_1_471' title='bbox 606 3355 744 3421; x_wconf 75' lang='grc' dir='ltr'>πρὸς</span> <span class='ocrx_word' id='word_1_472' title='bbox 777 3356 878 3422; x_wconf 84' lang='grc' dir='ltr'>τὴν</span> <span class='ocrx_word' id='word_1_473' title='bbox 927 3356 1119 3410; x_wconf 79' lang='grc' dir='ltr'>οὐσίαν</span> <span class='ocrx_word' id='word_1_474' title='bbox 1165 3360 1265 3426; x_wconf 82' lang='grc' dir='ltr'><strong>τῆς</strong></span> <span class='ocrx_word' id='word_1_475' title='bbox 1303 3363 1510 3429; x_wconf 68' lang='grc' dir='ltr'>σαρκὸς</span> <span class='ocrx_word' id='word_1_476' title='bbox 1564 3365 1975 3431; x_wconf 71' lang='grc' dir='ltr'>μετεϐάλλετο·</span> <span class='ocrx_word' id='word_1_477' title='bbox 2022 3371 2070 3421; x_wconf 78' lang='lat' dir='ltr'><strong>el</strong></span> 
     </span>
    </p>
   </div>
   <div class='ocr_carea' id='block_1_67' title="bbox 477 3444 2076 3527">
    <p class='ocr_par' dir='ltr' id='par_1_67' title="bbox 477 3444 2076 3527">
     <span class='ocr_line' id='line_1_67' title="bbox 477 3444 2076 3527; baseline 0.012 -33"><span class='ocrx_word' id='word_1_478' title='bbox 477 3444 588 3512; x_wconf 82' lang='grc' dir='ltr'>γὰρ</span> <span class='ocrx_word' id='word_1_479' title='bbox 621 3445 701 3507; x_wconf 80' lang='grc' dir='ltr'>εἰς</span> <span class='ocrx_word' id='word_1_480' title='bbox 759 3447 902 3499; x_wconf 85' lang='grc' dir='ltr'>πάνυ</span> <span class='ocrx_word' id='word_1_481' title='bbox 959 3450 1130 3504; x_wconf 81' lang='grc' dir='ltr'>λεπτὰ</span> <span class='ocrx_word' id='word_1_482' title='bbox 1172 3451 1453 3522; x_wconf 76' lang='grc' dir='ltr'>διαιροῖ-ευ,</span> <span class='ocrx_word' id='word_1_483' title='bbox 1487 3457 1579 3506; x_wconf 74' lang='grc' dir='ltr'>καὶ</span> <span class='ocrx_word' id='word_1_484' title='bbox 1616 3460 1642 3508; x_wconf 84' lang='grc' dir='ltr'><strong>ό</strong></span> <span class='ocrx_word' id='word_1_485' title='bbox 1685 3458 1781 3510; x_wconf 80' lang='grc' dir='ltr'><strong>τοῦ</strong></span> <span class='ocrx_word' id='word_1_486' title='bbox 1821 3459 2076 3527; x_wconf 78' lang='grc' dir='ltr'>σώματος</span> 
     </span>
    </p>
   </div>
   <div class='ocr_carea' id='block_1_68' title="bbox 476 3536 2076 3613">
    <p class='ocr_par' dir='ltr' id='par_1_68' title="bbox 476 3536 2076 3613">
     <span class='ocr_line' id='line_1_68' title="bbox 476 3536 2076 3613; baseline 0.011 -27"><span class='ocrx_word' id='word_1_487' title='bbox 476 3536 539 3587; x_wconf 83' lang='grc' dir='ltr'><strong>οὐ</strong></span> <span class='ocrx_word' id='word_1_488' title='bbox 591 3536 827 3599; x_wconf 78' lang='grc' dir='ltr'>σώζεται</span> <span class='ocrx_word' id='word_1_489' title='bbox 884 3539 1065 3606; x_wconf 82' lang='grc' dir='ltr'>λόγος,</span> <span class='ocrx_word' id='word_1_490' title='bbox 1098 3542 1290 3613; x_wconf 79' lang='grc' dir='ltr'>ὥσπερ</span> <span class='ocrx_word' id='word_1_491' title='bbox 1335 3545 1401 3596; x_wconf 83' lang='grc' dir='ltr'>ἂν</span> <span class='ocrx_word' id='word_1_492' title='bbox 1452 3548 1725 3600; x_wconf 81' lang='grc' dir='ltr'>ἀπολώλει</span> <span class='ocrx_word' id='word_1_493' title='bbox 1786 3550 1878 3602; x_wconf 71' lang='grc' dir='ltr'>καὶ</span> <span class='ocrx_word' id='word_1_494' title='bbox 1921 3553 1949 3602; x_wconf 93' lang='grc' dir='ltr'><strong>ό</strong></span> <span class='ocrx_word' id='word_1_495' title='bbox 1983 3552 2076 3603; x_wconf 83' lang='grc' dir='ltr'><strong>τοῦ</strong></span> 
     </span>
    </p>
   </div>
   <div class='ocr_carea' id='block_1_69' title="bbox 477 3629 670 3698">
    <p class='ocr_par' dir='ltr' id='par_1_69' title="bbox 477 3629 670 3698">
     <span class='ocr_line' id='line_1_69' title="bbox 477 3629 670 3698; baseline 0.016 -17"><span class='ocrx_word' id='word_1_496' title='bbox 477 3629 670 3698; x_wconf 78' lang='grc' dir='ltr'>ἄρτου.</span> 
     </span>
    </p>
   </div>
   <div class='ocr_carea' id='block_1_70' title="bbox 556 3723 2074 3808">
    <p class='ocr_par' dir='ltr' id='par_1_70' title="bbox 556 3723 2074 3808">
     <span class='ocr_line' id='line_1_70' title="bbox 556 3723 2074 3808; baseline 0.01 -33"><span class='ocrx_word' id='word_1_497' title='bbox 556 3723 714 3776; x_wconf 84' lang='grc' dir='ltr'>Ἐστι</span> <span class='ocrx_word' id='word_1_498' title='bbox 743 3726 799 3778; x_wconf 86' lang='grc' dir='ltr'>δὲ</span> <span class='ocrx_word' id='word_1_499' title='bbox 833 3726 891 3778; x_wconf 77' lang='grc' dir='ltr'>τὸ</span> <span class='ocrx_word' id='word_1_500' title='bbox 932 3729 1025 3782; x_wconf 86' lang='grc' dir='ltr'><strong>τοῦ</strong></span> <span class='ocrx_word' id='word_1_501' title='bbox 1058 3730 1293 3800; x_wconf 81' lang='grc' dir='ltr'>Χριστοῦ</span> <span class='ocrx_word' id='word_1_502' title='bbox 1334 3732 1493 3802; x_wconf 82' lang='grc' dir='ltr'>σῶμα</span> <span class='ocrx_word' id='word_1_503' title='bbox 1527 3737 1622 3787; x_wconf 72' lang='grc' dir='ltr'><strong>καὶ</strong></span> <span class='ocrx_word' id='word_1_504' title='bbox 1654 3739 1711 3789; x_wconf 79' lang='grc' dir='ltr'>ὲν</span> <span class='ocrx_word' id='word_1_505' title='bbox 1743 3737 1819 3805; x_wconf 83' lang='grc' dir='ltr'><strong>τῷ</strong></span> <span class='ocrx_word' id='word_1_506' title='bbox 1855 3739 2074 3808; x_wconf 72' lang='grc' dir='ltr'>οὖρανῷ</span> 
     </span>
    </p>
   </div>
   <div class='ocr_carea' id='block_1_71' title="bbox 481 3812 2082 3897">
    <p class='ocr_par' dir='ltr' id='par_1_71' title="bbox 481 3812 2082 3897">
     <span class='ocr_line' id='line_1_71' title="bbox 481 3812 2082 3897; baseline 0.011 -30"><span class='ocrx_word' id='word_1_507' title='bbox 481 3816 579 3868; x_wconf 68' lang='grc' dir='ltr'><strong>καὶ</strong></span> <span class='ocrx_word' id='word_1_508' title='bbox 627 3818 685 3868; x_wconf 84' lang='grc' dir='ltr'>ὲν</span> <span class='ocrx_word' id='word_1_509' title='bbox 735 3822 799 3886; x_wconf 80' lang='grc' dir='ltr'>τῇ</span> <span class='ocrx_word' id='word_1_510' title='bbox 833 3823 904 3889; x_wconf 77' lang='grc' dir='ltr'>γῇ</span> <span class='ocrx_word' id='word_1_511' title='bbox 942 3823 997 3874; x_wconf 84' lang='grc' dir='ltr'>ὲν</span> <span class='ocrx_word' id='word_1_512' title='bbox 1034 3825 1200 3877; x_wconf 79' lang='grc' dir='ltr'>παντὶ</span> <span class='ocrx_word' id='word_1_513' title='bbox 1235 3825 1609 3897; x_wconf 73' lang='grc' dir='ltr'>θυσιαστηρίῳ</span> <span class='ocrx_word' id='word_1_514' title='bbox 1664 3828 1722 3879; x_wconf 68' lang='grc' dir='ltr'><strong>ἓ]</strong></span> <span class='ocrx_word' id='word_1_515' title='bbox 1755 3832 1848 3883; x_wconf 70' lang='grc' dir='ltr'><strong>καὶ</strong></span> <span class='ocrx_word' id='word_1_516' title='bbox 1883 3812 2082 3886; x_wconf 65' lang='grc' dir='ltr'>ταυτὸν</span> 
     </span>
    </p>
   </div>
   <div class='ocr_carea' id='block_1_72' title="bbox 479 3906 2083 3993">
    <p class='ocr_par' dir='ltr' id='par_1_72' title="bbox 479 3906 2083 3993">
     <span class='ocr_line' id='line_1_72' title="bbox 479 3906 2083 3993; baseline 0.014 -37"><span class='ocrx_word' id='word_1_517' title='bbox 479 3906 724 3978; x_wconf 66' lang='grc' dir='ltr'>ἀριθμῷ.</span> <span class='ocrx_word' id='word_1_518' title='bbox 770 3911 882 3963; x_wconf 74' lang='grc' dir='ltr'>Καὶ</span> <span class='ocrx_word' id='word_1_519' title='bbox 923 3913 1137 3966; x_wconf 83' lang='grc' dir='ltr'>πολλῶν</span> <span class='ocrx_word' id='word_1_520' title='bbox 1169 3916 1225 3967; x_wconf 82' lang='grc' dir='ltr'>ὲν</span> <span class='ocrx_word' id='word_1_521' title='bbox 1267 3918 1444 3986; x_wconf 61' lang='grc' dir='ltr'>τούτῳ</span> <span class='ocrx_word' id='word_1_522' title='bbox 1474 3921 1552 3986; x_wconf 74' lang='grc' dir='ltr'>τῷ</span> <span class='ocrx_word' id='word_1_523' title='bbox 1583 3926 1877 3993; x_wconf 74' lang='grc' dir='ltr'>μυστηρίῳ</span> <span class='ocrx_word' id='word_1_524' title='bbox 1926 3941 2083 3992; x_wconf 88' lang='grc' dir='ltr'>γενο-</span> 
     </span>
    </p>
   </div>
   <div class='ocr_carea' id='block_1_73' title="bbox 488 3996 2086 4090">
    <p class='ocr_par' dir='ltr' id='par_1_73' title="bbox 488 3999 2086 4090">
     <span class='ocr_line' id='line_1_73' title="bbox 488 3999 2086 4090; baseline 0.014 -40"><span class='ocrx_word' id='word_1_525' title='bbox 488 3999 666 4069; x_wconf 75' lang='grc' dir='ltr'>μένων</span> <span class='ocrx_word' id='word_1_526' title='bbox 704 4003 1023 4070; x_wconf 85' lang='grc' dir='ltr'>θαυμάτων,</span> <span class='ocrx_word' id='word_1_527' title='bbox 1053 4009 1129 4070; x_wconf 83' lang='grc' dir='ltr'>ὡς</span> <span class='ocrx_word' id='word_1_528' title='bbox 1179 4011 1418 4080; x_wconf 70' lang='grc' dir='ltr'>εἴρηται,</span> <span class='ocrx_word' id='word_1_529' title='bbox 1447 4015 1613 4066; x_wconf 66' lang='grc' dir='ltr'><strong>1τοῦτο</strong></span> <span class='ocrx_word' id='word_1_530' title='bbox 1650 4019 1832 4087; x_wconf 76' lang='grc' dir='ltr'>πάσης</span> <span class='ocrx_word' id='word_1_531' title='bbox 1879 4023 2086 4090; x_wconf 74' lang='grc' dir='ltr'>ἐκπλή-</span> 
     </span>
    </p>
   </div>
   <div class='ocr_carea' id='block_1_74' title="bbox 483 4092 2086 4184">
    <p class='ocr_par' dir='ltr' id='par_1_74' title="bbox 483 4092 2086 4184">
     <span class='ocr_line' id='line_1_74' title="bbox 483 4092 2086 4184; baseline 0.015 -40"><span class='ocrx_word' id='word_1_532' title='bbox 483 4092 622 4157; x_wconf 81' lang='grc' dir='ltr'>ξεώς</span> <span class='ocrx_word' id='word_1_533' title='bbox 683 4097 836 4150; x_wconf 80' lang='grc' dir='ltr'>ἐστιν</span> <span class='ocrx_word' id='word_1_534' title='bbox 910 4101 1211 4167; x_wconf 72' lang='grc' dir='ltr'>ἐπέκεινα,</span> <span class='ocrx_word' id='word_1_535' title='bbox 1281 4106 1374 4157; x_wconf 69' lang='grc' dir='ltr'>καὶ</span> <span class='ocrx_word' id='word_1_536' title='bbox 1441 4109 1704 4181; x_wconf 81' lang='grc' dir='ltr'>πλείστης</span> <span class='ocrx_word' id='word_1_537' title='bbox 1771 4115 1934 4181; x_wconf 83' lang='grc' dir='ltr'>γέμει</span> <span class='ocrx_word' id='word_1_538' title='bbox 1985 4117 2086 4184; x_wconf 82' lang='grc' dir='ltr'>τῆς</span> 
     </span>
    </p>
   </div>
   <div class='ocr_carea' id='block_1_75' title="bbox 483 4188 2086 4279">
    <p class='ocr_par' dir='ltr' id='par_1_75' title="bbox 483 4188 2086 4279">
     <span class='ocr_line' id='line_1_75' title="bbox 483 4188 2086 4279; baseline 0.015 -41"><span class='ocrx_word' id='word_1_539' title='bbox 483 4188 740 4258; x_wconf 82' lang='grc' dir='ltr'>ἀπορίας.</span> <span class='ocrx_word' id='word_1_540' title='bbox 780 4195 1072 4263; x_wconf 73' lang='grc' dir='ltr'>Διαιρόροις</span> <span class='ocrx_word' id='word_1_541' title='bbox 1126 4198 1227 4265; x_wconf 86' lang='grc' dir='ltr'>μὲν</span> <span class='ocrx_word' id='word_1_542' title='bbox 1264 4201 1372 4270; x_wconf 81' lang='grc' dir='ltr'>γὰρ</span> <span class='ocrx_word' id='word_1_543' title='bbox 1426 4203 1796 4273; x_wconf 61' lang='grc' dir='ltr'>άποσλέψεσιν</span> <span class='ocrx_word' id='word_1_544' title='bbox 1850 4210 2086 4279; x_wconf 86' lang='grc' dir='ltr'>ἐγχωρεί</span> 
     </span>
    </p>
   </div>
   <div class='ocr_carea' id='block_1_76' title="bbox 483 4286 2085 4368">
    <p class='ocr_par' dir='ltr' id='par_1_76' title="bbox 483 4286 2085 4368">
     <span class='ocr_line' id='line_1_76' title="bbox 483 4286 2085 4368; baseline 0.014 -32"><span class='ocrx_word' id='word_1_545' title='bbox 483 4286 544 4336; x_wconf 62' lang='grc' dir='ltr'><strong>τι</strong></span> <span class='ocrx_word' id='word_1_546' title='bbox 571 4286 704 4339; x_wconf 77' lang='grc' dir='ltr'>αὐτὸ</span> <span class='ocrx_word' id='word_1_547' title='bbox 730 4290 1002 4359; x_wconf 67' lang='grc' dir='ltr'>πολλαχοῦ</span> <span class='ocrx_word' id='word_1_548' title='bbox 1046 4288 1211 4357; x_wconf 82' lang='grc' dir='ltr'>εἶναι,</span> <span class='ocrx_word' id='word_1_549' title='bbox 1249 4291 1364 4346; x_wconf 78' lang='grc' dir='ltr'>οἷον</span> <span class='ocrx_word' id='word_1_550' title='bbox 1390 4299 1489 4365; x_wconf 81' lang='grc' dir='ltr'>τὴν</span> <span class='ocrx_word' id='word_1_551' title='bbox 1523 4298 1703 4367; x_wconf 64' lang='grc' dir='ltr'>ψυχὴν</span> <span class='ocrx_word' id='word_1_552' title='bbox 1730 4304 1912 4368; x_wconf 63' lang='grc' dir='ltr'>ἡμῶν,</span> <span class='ocrx_word' id='word_1_553' title='bbox 1943 4307 2085 4358; x_wconf 76' lang='grc' dir='ltr'>κατά</span> 
     </span>
    </p>
   </div>
   <div class='ocr_carea' id='block_1_77' title="bbox 487 4382 2088 4472">
    <p class='ocr_par' dir='ltr' id='par_1_77' title="bbox 487 4382 2088 4472">
     <span class='ocr_line' id='line_1_77' title="bbox 487 4382 2088 4472; baseline 0.014 -42"><span class='ocrx_word' id='word_1_554' title='bbox 487 4382 588 4447; x_wconf 75' lang='grc' dir='ltr'><strong>μὲν</strong></span> <span class='ocrx_word' id='word_1_555' title='bbox 640 4383 699 4433; x_wconf 83' lang='grc' dir='ltr'>τὸ</span> <span class='ocrx_word' id='word_1_556' title='bbox 744 4383 840 4452; x_wconf 85' lang='grc' dir='ltr'>τῆς</span> <span class='ocrx_word' id='word_1_557' title='bbox 875 4385 1094 4450; x_wconf 80' lang='grc' dir='ltr'>φύσεως</span> <span class='ocrx_word' id='word_1_558' title='bbox 1141 4384 1302 4453; x_wconf 80' lang='grc' dir='ltr'>εἶναι,</span> <span class='ocrx_word' id='word_1_559' title='bbox 1339 4391 1394 4442; x_wconf 82' lang='grc' dir='ltr'>ὲν</span> <span class='ocrx_word' id='word_1_560' title='bbox 1440 4394 1639 4460; x_wconf 75' lang='grc' dir='ltr'>ἐκείνῳ</span> <span class='ocrx_word' id='word_1_561' title='bbox 1688 4399 1980 4465; x_wconf 84' lang='grc' dir='ltr'>τυγχάνειν</span> <span class='ocrx_word' id='word_1_562' title='bbox 2010 4401 2088 4472; x_wconf 83' lang='grc' dir='ltr'>τῷ</span> 
     </span>
    </p>
   </div>
   <div class='ocr_carea' id='block_1_78' title="bbox 486 4469 2089 4561">
    <p class='ocr_par' dir='ltr' id='par_1_78' title="bbox 486 4469 2089 4561">
     <span class='ocr_line' id='line_1_78' title="bbox 486 4469 2089 4561; baseline 0.017 -40"><span class='ocrx_word' id='word_1_563' title='bbox 486 4473 636 4558; x_wconf 74' lang='grc' dir='ltr'>τόπῳ</span> <span class='ocrx_word' id='word_1_564' title='bbox 668 4477 721 4526; x_wconf 75' lang='grc' dir='ltr'>ἐν</span> <span class='ocrx_word' id='word_1_565' title='bbox 833 4481 925 4531; x_wconf 79' lang='grc' dir='ltr'><strong>καί</strong></span> <span class='ocrx_word' id='word_1_566' title='bbox 964 4482 1298 4549; x_wconf 81' lang='grc' dir='ltr'>σωματικῶς</span> <span class='ocrx_word' id='word_1_567' title='bbox 1327 4486 1523 4554; x_wconf 79' lang='grc' dir='ltr'>ἐσμεν,</span> <span class='ocrx_word' id='word_1_568' title='bbox 1558 4488 1653 4540; x_wconf 66' lang='lat' dir='ltr'><strong>{ire</strong></span> <span class='ocrx_word' id='word_1_569' title='bbox 1701 4490 1796 4542; x_wconf 80' lang='grc' dir='ltr'><strong>τοῦ</strong></span> <span class='ocrx_word' id='word_1_570' title='bbox 1839 4469 2089 4561; x_wconf 72' lang='grc' dir='ltr'>τώματος</span> 
     </span>
    </p>
   </div>
   <div class='ocr_carea' id='block_1_79' title="bbox 486 4560 2089 4646">
    <p class='ocr_par' dir='ltr' id='par_1_79' title="bbox 486 4560 2089 4646">
     <span class='ocr_line' id='line_1_79' title="bbox 486 4560 2089 4646; baseline 0.015 -30"><span class='ocrx_word' id='word_1_571' title='bbox 486 4560 626 4628; x_wconf 70' lang='grc' dir='ltr'>εἶδος</span> <span class='ocrx_word' id='word_1_572' title='bbox 665 4568 834 4622; x_wconf 78' lang='grc' dir='ltr'>οὖσαν</span> <span class='ocrx_word' id='word_1_573' title='bbox 866 4575 962 4625; x_wconf 78' lang='grc' dir='ltr'>καὶ</span> <span class='ocrx_word' id='word_1_574' title='bbox 1015 4575 1358 4646; x_wconf 75' lang='grc' dir='ltr'>ἐντελέχειαν</span> <span class='ocrx_word' id='word_1_575' title='bbox 1385 4594 1398 4608; x_wconf 89' lang='grc'><strong>·</strong></span> <span class='ocrx_word' id='word_1_576' title='bbox 1435 4581 1579 4632; x_wconf 69' lang='grc' dir='ltr'>κατὰ</span> <span class='ocrx_word' id='word_1_577' title='bbox 1611 4581 1666 4632; x_wconf 77' lang='grc' dir='ltr'>δὲ</span> <span class='ocrx_word' id='word_1_578' title='bbox 1706 4583 1767 4636; x_wconf 79' lang='grc' dir='ltr'>τὸ</span> <span class='ocrx_word' id='word_1_579' title='bbox 1822 4560 1964 4637; x_wconf 69' lang='grc' dir='ltr'>εἶναι</span> <span class='ocrx_word' id='word_1_580' title='bbox 1994 4589 2089 4640; x_wconf 87' lang='grc' dir='ltr'><strong>τοῦ</strong></span> 
     </span>
    </p>
   </div>
   <div class='ocr_carea' id='block_1_80' title="bbox 489 4658 2088 4735">
    <p class='ocr_par' dir='ltr' id='par_1_80' title="bbox 489 4658 2088 4735">
     <span class='ocr_line' id='line_1_80' title="bbox 489 4658 2088 4735; baseline 0.015 -25"><span class='ocrx_word' id='word_1_581' title='bbox 489 4658 694 4727; x_wconf 83' lang='grc' dir='ltr'>ἔρωτος</span> <span class='ocrx_word' id='word_1_582' title='bbox 755 4667 848 4716; x_wconf 72' lang='grc' dir='ltr'>καὶ</span> <span class='ocrx_word' id='word_1_583' title='bbox 914 4665 1014 4733; x_wconf 85' lang='grc' dir='ltr'>τῆς</span> <span class='ocrx_word' id='word_1_584' title='bbox 1050 4668 1371 4733; x_wconf 80' lang='grc' dir='ltr'>διαθέσεως,</span> <span class='ocrx_word' id='word_1_585' title='bbox 1421 4674 1539 4724; x_wconf 80' lang='grc' dir='ltr'>ἐκεῖ</span> <span class='ocrx_word' id='word_1_586' title='bbox 1604 4670 1748 4726; x_wconf 74' lang='grc' dir='ltr'>εἶναι</span> <span class='ocrx_word' id='word_1_587' title='bbox 1809 4678 1945 4730; x_wconf 82' lang='grc' dir='ltr'>ὅπου</span> <span class='ocrx_word' id='word_1_588' title='bbox 1998 4683 2088 4735; x_wconf 60' lang='grc' dir='ltr'><strong>τὴν</strong></span> 
     </span>
    </p>
   </div>
   <div class='ocr_carea' id='block_1_81' title="bbox 489 4750 2088 4836">
    <p class='ocr_par' dir='ltr' id='par_1_81' title="bbox 489 4750 2088 4836">
     <span class='ocr_line' id='line_1_81' title="bbox 489 4750 2088 4836; baseline 0.011 -36"><span class='ocrx_word' id='word_1_589' title='bbox 489 4750 667 4818; x_wconf 71' lang='grc' dir='ltr'>ἔρωτα</span> <span class='ocrx_word' id='word_1_590' title='bbox 710 4752 850 4822; x_wconf 79' lang='grc' dir='ltr'>ἔχει,</span> <span class='ocrx_word' id='word_1_591' title='bbox 895 4756 1081 4819; x_wconf 81' lang='grc' dir='ltr'>καθὼς</span> <span class='ocrx_word' id='word_1_592' title='bbox 1138 4758 1380 4828; x_wconf 77' lang='grc' dir='ltr'>εἴρηται,</span> <span class='ocrx_word' id='word_1_593' title='bbox 1435 4762 1634 4816; x_wconf 77' lang='grc' dir='ltr'>Ὅπου</span> <span class='ocrx_word' id='word_1_594' title='bbox 1691 4767 1723 4816; x_wconf 80' lang='grc' dir='ltr'><em>ὀ</em></span> <span class='ocrx_word' id='word_1_595' title='bbox 1777 4770 2088 4836; x_wconf 65' lang='grc' dir='ltr'>θησαυρὸς</span> 
     </span>
    </p>
   </div>
   <div class='ocr_carea' id='block_1_82' title="bbox 489 4840 2086 4925">
    <p class='ocr_par' dir='ltr' id='par_1_82' title="bbox 489 4840 2086 4925">
     <span class='ocr_line' id='line_1_82' title="bbox 489 4840 2086 4925; baseline 0.011 -33"><span class='ocrx_word' id='word_1_596' title='bbox 489 4840 679 4907; x_wconf 78' lang='grc' dir='ltr'>ὑμῶν,</span> <span class='ocrx_word' id='word_1_597' title='bbox 712 4844 844 4898; x_wconf 82' lang='grc' dir='ltr'>ἐκεῖ</span> <span class='ocrx_word' id='word_1_598' title='bbox 883 4848 1061 4902; x_wconf 84' lang='grc' dir='ltr'>ἐστιν</span> <span class='ocrx_word' id='word_1_599' title='bbox 1092 4851 1129 4916; x_wconf 76' lang='grc' dir='ltr'>ἡ</span> <span class='ocrx_word' id='word_1_600' title='bbox 1168 4853 1387 4919; x_wconf 82' lang='grc' dir='ltr'>καρδιά</span> <span class='ocrx_word' id='word_1_601' title='bbox 1414 4853 1584 4922; x_wconf 83' lang='grc' dir='ltr'><strong>ὑμῶν</strong></span> <span class='ocrx_word' id='word_1_602' title='bbox 1609 4871 1621 4883; x_wconf 90' lang='grc'><strong>·</strong></span> <span class='ocrx_word' id='word_1_603' title='bbox 1659 4857 1752 4909; x_wconf 73' lang='grc' dir='ltr'><strong>καὶ</strong></span> <span class='ocrx_word' id='word_1_604' title='bbox 1792 4859 1977 4925; x_wconf 83' lang='grc' dir='ltr'>πάλιν,</span> <span class='ocrx_word' id='word_1_605' title='bbox 2016 4861 2086 4912; x_wconf 82' lang='grc' dir='ltr'><strong>Τὸ</strong></span> 
     </span>
    </p>
   </div>
   <div class='ocr_carea' id='block_1_83' title="bbox 490 4936 2094 5013">
    <p class='ocr_par' dir='ltr' id='par_1_83' title="bbox 490 4936 2094 5013">
     <span class='ocr_line' id='line_1_83' title="bbox 490 4936 2094 5013; baseline 0.012 -29"><span class='ocrx_word' id='word_1_606' title='bbox 490 4936 828 5005; x_wconf 78' lang='grc' dir='ltr'>πολίτευμα</span> <span class='ocrx_word' id='word_1_607' title='bbox 867 4939 1038 5004; x_wconf 76' lang='grc' dir='ltr'><strong>ἡμῶν</strong></span> <span class='ocrx_word' id='word_1_608' title='bbox 1058 4941 1128 4994; x_wconf 82' lang='grc' dir='ltr'><strong>ἐν</strong></span> <span class='ocrx_word' id='word_1_609' title='bbox 1153 4944 1437 5012; x_wconf 80' lang='grc' dir='ltr'>οὐρανοῖς</span> <span class='ocrx_word' id='word_1_610' title='bbox 1479 4947 1672 5012; x_wconf 82' lang='grc' dir='ltr'>ἐστιν,</span> <span class='ocrx_word' id='word_1_611' title='bbox 1707 4951 1733 5000; x_wconf 89' lang='grc' dir='ltr'><strong>ό</strong></span> <span class='ocrx_word' id='word_1_612' title='bbox 1765 4949 1904 5013; x_wconf 85' lang='grc' dir='ltr'>θεῖος</span> <span class='ocrx_word' id='word_1_613' title='bbox 1941 4951 2094 5004; x_wconf 77' lang='grc' dir='ltr'>εἶπεν</span> 
     </span>
    </p>
   </div>
   <div class='ocr_carea' id='block_1_84' title="bbox 502 5023 2093 5111">
    <p class='ocr_par' dir='ltr' id='par_1_84' title="bbox 502 5023 2093 5111">
     <span class='ocr_line' id='line_1_84' title="bbox 502 5023 2093 5111; baseline 0.012 -35"><span class='ocrx_word' id='word_1_614' title='bbox 502 5023 847 5094; x_wconf 79' lang='grc' dir='ltr'>Ἀπόστολος.</span> <span class='ocrx_word' id='word_1_615' title='bbox 865 5032 926 5085; x_wconf 84' lang='lat' dir='ltr'><strong>Ei</strong></span> <span class='ocrx_word' id='word_1_616' title='bbox 946 5033 1127 5087; x_wconf 80' lang='grc' dir='ltr'>τοίνυν</span> <span class='ocrx_word' id='word_1_617' title='bbox 1151 5039 1246 5090; x_wconf 77' lang='grc' dir='ltr'>καὶ</span> <span class='ocrx_word' id='word_1_618' title='bbox 1270 5037 1328 5088; x_wconf 86' lang='grc' dir='ltr'><strong>τὸ</strong></span> <span class='ocrx_word' id='word_1_619' title='bbox 1346 5036 1440 5089; x_wconf 85' lang='grc' dir='ltr'><strong>τοῦ</strong></span> <span class='ocrx_word' id='word_1_620' title='bbox 1455 5040 1697 5109; x_wconf 81' lang='grc' dir='ltr'>Χριστοῦ</span> <span class='ocrx_word' id='word_1_621' title='bbox 1724 5041 1887 5111; x_wconf 78' lang='grc' dir='ltr'>σῶμα</span> <span class='ocrx_word' id='word_1_622' title='bbox 1905 5044 2093 5096; x_wconf 77' lang='grc' dir='ltr'>τοῦτον</span> 
     </span>
    </p>
   </div>
   <div class='ocr_carea' id='block_1_85' title="bbox 494 5118 2090 5199">
    <p class='ocr_par' dir='ltr' id='par_1_85' title="bbox 494 5118 2090 5199">
     <span class='ocr_line' id='line_1_85' title="bbox 494 5118 2090 5199; baseline 0.011 -30"><span class='ocrx_word' id='word_1_623' title='bbox 494 5118 715 5185; x_wconf 77' lang='grc' dir='ltr'>ἐλέγετο</span> <span class='ocrx_word' id='word_1_624' title='bbox 739 5123 831 5175; x_wconf 84' lang='grc' dir='ltr'><strong>τὸν</strong></span> <span class='ocrx_word' id='word_1_625' title='bbox 857 5125 1061 5194; x_wconf 85' lang='grc' dir='ltr'>τρόπον</span> <span class='ocrx_word' id='word_1_626' title='bbox 1088 5128 1144 5177; x_wconf 81' lang='grc' dir='ltr'><strong>ὲν</strong></span> <span class='ocrx_word' id='word_1_627' title='bbox 1167 5127 1449 5198; x_wconf 70' lang='grc' dir='ltr'>διαφόροις</span> <span class='ocrx_word' id='word_1_628' title='bbox 1482 5131 1840 5198; x_wconf 73' lang='grc' dir='ltr'>εὑρίσκεσθαι</span> <span class='ocrx_word' id='word_1_629' title='bbox 1876 5136 2090 5199; x_wconf 64' lang='grc' dir='ltr'>τόποις,</span> 
     </span>
    </p>
   </div>
   <div class='ocr_carea' id='block_1_86' title="bbox 493 5213 2096 5299">
    <p class='ocr_par' dir='ltr' id='par_1_86' title="bbox 493 5213 2096 5299">
     <span class='ocr_line' id='line_1_86' title="bbox 493 5213 2096 5299; baseline 0.009 -32"><span class='ocrx_word' id='word_1_630' title='bbox 493 5214 646 5268; x_wconf 78' lang='grc' dir='ltr'>οὐδὲν</span> <span class='ocrx_word' id='word_1_631' title='bbox 681 5215 748 5270; x_wconf 84' lang='grc' dir='ltr'><strong>ἂν</strong></span> <span class='ocrx_word' id='word_1_632' title='bbox 790 5213 859 5289; x_wconf 79' lang='grc' dir='ltr'>ἦν</span> <span class='ocrx_word' id='word_1_633' title='bbox 910 5220 1152 5289; x_wconf 84' lang='grc' dir='ltr'>χαλεπὸν</span> <span class='ocrx_word' id='word_1_634' title='bbox 1204 5224 1487 5292; x_wconf 73' lang='grc' dir='ltr'>νοηθῆναι.</span> <span class='ocrx_word' id='word_1_635' title='bbox 1523 5225 1636 5279; x_wconf 84' lang='grc' dir='ltr'>Νῦν</span> <span class='ocrx_word' id='word_1_636' title='bbox 1672 5227 1726 5280; x_wconf 67' lang='grc' dir='ltr'><strong>ἑὲ</strong></span> <span class='ocrx_word' id='word_1_637' title='bbox 1762 5230 1821 5280; x_wconf 75' lang='grc' dir='ltr'><strong>τὸ</strong></span> <span class='ocrx_word' id='word_1_638' title='bbox 1854 5230 1984 5281; x_wconf 66' lang='grc' dir='ltr'>αὐτὸ</span> <span class='ocrx_word' id='word_1_639' title='bbox 2018 5233 2096 5299; x_wconf 78' lang='grc' dir='ltr'>τῷ</span> 
     </span>
    </p>
   </div>
   <div class='ocr_carea' id='block_1_87' title="bbox 497 5309 2096 5392">
    <p class='ocr_par' dir='ltr' id='par_1_87' title="bbox 497 5309 2096 5392">
     <span class='ocr_line' id='line_1_87' title="bbox 497 5309 2096 5392; baseline 0.008 -28"><span class='ocrx_word' id='word_1_640' title='bbox 497 5309 719 5380; x_wconf 73' lang='grc' dir='ltr'>ἀριθμῷ</span> <span class='ocrx_word' id='word_1_641' title='bbox 756 5312 916 5382; x_wconf 84' lang='grc' dir='ltr'>σῶμα</span> <span class='ocrx_word' id='word_1_642' title='bbox 949 5316 1094 5369; x_wconf 83' lang='grc' dir='ltr'>κατά</span> <span class='ocrx_word' id='word_1_643' title='bbox 1121 5316 1182 5369; x_wconf 79' lang='grc' dir='ltr'><strong>τὸ</strong></span> <span class='ocrx_word' id='word_1_644' title='bbox 1212 5318 1346 5371; x_wconf 86' lang='grc' dir='ltr'>αὐτὸ</span> <span class='ocrx_word' id='word_1_645' title='bbox 1380 5321 1472 5373; x_wconf 77' lang='grc' dir='ltr'>καὶ</span> <span class='ocrx_word' id='word_1_646' title='bbox 1506 5321 1565 5374; x_wconf 86' lang='grc' dir='ltr'>ἒν</span> <span class='ocrx_word' id='word_1_647' title='bbox 1618 5317 1758 5374; x_wconf 80' lang='grc' dir='ltr'>εἶναι</span> <span class='ocrx_word' id='word_1_648' title='bbox 1817 5325 1875 5374; x_wconf 81' lang='grc' dir='ltr'>ὲν</span> <span class='ocrx_word' id='word_1_649' title='bbox 1909 5324 2096 5392; x_wconf 52' lang='grc' dir='ltr'>διαφό-</span> 
     </span>
    </p>
   </div>
   <div class='ocr_carea' id='block_1_88' title="bbox 499 5404 2094 5486">
    <p class='ocr_par' dir='ltr' id='par_1_88' title="bbox 499 5404 2094 5486">
     <span class='ocr_line' id='line_1_88' title="bbox 499 5404 2094 5486; baseline 0.009 -31"><span class='ocrx_word' id='word_1_650' title='bbox 499 5421 617 5474; x_wconf 89' lang='grc' dir='ltr'>ροις</span> <span class='ocrx_word' id='word_1_651' title='bbox 643 5404 914 5476; x_wconf 85' lang='grc' dir='ltr'>ὑπάρχειν</span> <span class='ocrx_word' id='word_1_652' title='bbox 949 5409 1141 5472; x_wconf 85' lang='grc' dir='ltr'>τόποις</span> <span class='ocrx_word' id='word_1_653' title='bbox 1173 5412 1533 5483; x_wconf 81' lang='grc' dir='ltr'>πιστεύομεν,</span> <span class='ocrx_word' id='word_1_654' title='bbox 1564 5415 1590 5464; x_wconf 78' lang='grc' dir='ltr'><strong>ὃ</strong></span> <span class='ocrx_word' id='word_1_655' title='bbox 1634 5415 1957 5468; x_wconf 67' lang='grc' dir='ltr'>παντάπασι</span> <span class='ocrx_word' id='word_1_656' title='bbox 1996 5419 2094 5486; x_wconf 82' lang='grc' dir='ltr'>μὲν</span> 
     </span>
    </p>
   </div>
   <div class='ocr_carea' id='block_1_89' title="bbox 495 5498 2102 5579">
    <p class='ocr_par' dir='ltr' id='par_1_89' title="bbox 495 5498 2102 5579">
     <span class='ocr_line' id='line_1_89' title="bbox 495 5498 2102 5579; baseline 0.007 -27"><span class='ocrx_word' id='word_1_657' title='bbox 495 5498 779 5562; x_wconf 79' lang='grc' dir='ltr'>ἀδυνάτως</span> <span class='ocrx_word' id='word_1_658' title='bbox 830 5500 981 5572; x_wconf 77' lang='grc' dir='ltr'>ἔχειν</span> <span class='ocrx_word' id='word_1_659' title='bbox 1035 5503 1186 5557; x_wconf 81' lang='grc' dir='ltr'>δοκεῖ</span> <span class='ocrx_word' id='word_1_660' title='bbox 1243 5505 1332 5575; x_wconf 80' lang='grc' dir='ltr'>τῷ</span> <span class='ocrx_word' id='word_1_661' title='bbox 1385 5506 1534 5579; x_wconf 87' lang='grc' dir='ltr'>νόμῳ</span> <span class='ocrx_word' id='word_1_662' title='bbox 1587 5509 1686 5578; x_wconf 83' lang='grc' dir='ltr'>τῆς</span> <span class='ocrx_word' id='word_1_663' title='bbox 1719 5509 1935 5579; x_wconf 79' lang='grc' dir='ltr'>φύσεως</span> <span class='ocrx_word' id='word_1_664' title='bbox 1966 5529 1979 5542; x_wconf 90' lang='grc'>·</span> <span class='ocrx_word' id='word_1_665' title='bbox 2015 5531 2102 5564; x_wconf 82' lang='grc' dir='ltr'>πι-</span> 
     </span>
    </p>
   </div>
   <div class='ocr_carea' id='block_1_90' title="bbox 497 5593 2102 5674">
    <p class='ocr_par' dir='ltr' id='par_1_90' title="bbox 497 5593 2102 5674">
     <span class='ocr_line' id='line_1_90' title="bbox 497 5593 2102 5674; baseline 0.01 -30"><span class='ocrx_word' id='word_1_666' title='bbox 497 5593 766 5662; x_wconf 84' lang='grc' dir='ltr'>στεύομεν</span> <span class='ocrx_word' id='word_1_667' title='bbox 796 5596 853 5648; x_wconf 81' lang='grc' dir='ltr'>δὲ</span> <span class='ocrx_word' id='word_1_668' title='bbox 886 5599 1060 5662; x_wconf 70' lang='grc' dir='ltr'>οὕτως</span> <span class='ocrx_word' id='word_1_669' title='bbox 1092 5598 1241 5669; x_wconf 80' lang='grc' dir='ltr'>ἔχειν</span> <span class='ocrx_word' id='word_1_670' title='bbox 1283 5601 1820 5674; x_wconf 75' lang='grc' dir='ltr'>ἀναμφισϐητήτως,</span> <span class='ocrx_word' id='word_1_671' title='bbox 1852 5607 1960 5668; x_wconf 85' lang='grc' dir='ltr'>τοῖς</span> <span class='ocrx_word' id='word_1_672' title='bbox 1994 5608 2102 5660; x_wconf 74' lang='grc' dir='ltr'><strong>τῶν</strong></span> 
     </span>
    </p>
   </div>
   <div class='ocr_carea' id='block_1_91' title="bbox 496 5687 2103 5772">
    <p class='ocr_par' dir='ltr' id='par_1_91' title="bbox 496 5687 2103 5772">
     <span class='ocr_line' id='line_1_91' title="bbox 496 5687 2103 5772; baseline 0.009 -29"><span class='ocrx_word' id='word_1_673' title='bbox 496 5687 878 5744; x_wconf 79' lang='grc' dir='ltr'>θεοπνεύστων</span> <span class='ocrx_word' id='word_1_674' title='bbox 920 5692 1102 5762; x_wconf 86' lang='grc' dir='ltr'>λόγοις</span> <span class='ocrx_word' id='word_1_675' title='bbox 1146 5695 1431 5765; x_wconf 79' lang='grc' dir='ltr'>ἑπόμενοι,</span> <span class='ocrx_word' id='word_1_676' title='bbox 1465 5699 1560 5751; x_wconf 75' lang='grc' dir='ltr'><strong>καὶ</strong></span> <span class='ocrx_word' id='word_1_677' title='bbox 1594 5701 2014 5772; x_wconf 82' lang='grc' dir='ltr'>παραδείγμασι</span> <span class='ocrx_word' id='word_1_678' title='bbox 2048 5702 2103 5757; x_wconf 87' lang='grc' dir='ltr'>δὲ</span> 
     </span>
    </p>
   </div>
   <div class='ocr_carea' id='block_1_92' title="bbox 574 5877 1679 5952">
    <p class='ocr_par' dir='ltr' id='par_1_92' title="bbox 574 5877 1679 5952">
     <span class='ocr_line' id='line_1_92' title="bbox 574 5877 1679 5952; baseline 0.008 -19"><span class='ocrx_word' id='word_1_679' title='bbox 574 5881 594 5910; x_wconf 77' lang='grc'><strong>⁹</strong></span> <span class='ocrx_word' id='word_1_680' title='bbox 630 5877 821 5936; x_wconf 76' lang='lat' dir='ltr'><strong>Matth.</strong></span> <span class='ocrx_word' id='word_1_681' title='bbox 867 5878 1059 5940; x_wconf 70' lang='lat' dir='ltr'><strong>v1.21.</strong></span> <span class='ocrx_word' id='word_1_682' title='bbox 1142 5883 1161 5914; x_wconf 81' lang='grc'>³</span> <span class='ocrx_word' id='word_1_683' title='bbox 1202 5879 1439 5952; x_wconf 78' lang='lat' dir='ltr'><strong>Philipp.</strong></span> <span class='ocrx_word' id='word_1_684' title='bbox 1473 5897 1555 5951; x_wconf 80' lang='grc' dir='ltr'>ιιι,</span> <span class='ocrx_word' id='word_1_685' title='bbox 1591 5882 1679 5942; x_wconf 68' lang='lat'><strong>2‘3.</strong></span> 
     </span>
    </p>
   </div>
   <div class='ocr_carea' id='block_1_93' title="bbox 2185 3263 3782 3343">
    <p class='ocr_par' dir='ltr' id='par_1_93' title="bbox 2185 3263 3782 3343">
     <span class='ocr_line' id='line_1_93' title="bbox 2185 3263 3782 3343; baseline -0.006 -17"><span class='ocrx_word' id='word_1_686' title='bbox 2185 3274 2344 3343; x_wconf 90' lang='lat' dir='ltr'><strong>panis</strong></span> <span class='ocrx_word' id='word_1_687' title='bbox 2365 3271 2504 3324; x_wconf 78' lang='lat' dir='ltr'><strong>ratio</strong></span> <span class='ocrx_word' id='word_1_688' title='bbox 2531 3267 2770 3337; x_wconf 83' lang='lat' dir='ltr'><strong>:alioqui</strong></span> <span class='ocrx_word' id='word_1_689' title='bbox 2791 3268 2845 3321; x_wconf 90' lang='lat' dir='ltr'><strong>in</strong></span> <span class='ocrx_word' id='word_1_690' title='bbox 2873 3265 3240 3321; x_wconf 83' lang='lat' dir='ltr'><strong>substantiam</strong></span> <span class='ocrx_word' id='word_1_691' title='bbox 3265 3263 3448 3317; x_wconf 89' lang='lat' dir='ltr'><strong>carnis</strong></span> <span class='ocrx_word' id='word_1_692' title='bbox 3467 3278 3574 3316; x_wconf 78' lang='lat' dir='ltr'><strong>non</strong></span> <span class='ocrx_word' id='word_1_693' title='bbox 3597 3272 3782 3316; x_wconf 83' lang='lat' dir='ltr'><strong>trans-</strong></span> 
     </span>
    </p>
   </div>
   <div class='ocr_carea' id='block_1_94' title="bbox 2185 3355 3786 3424">
    <p class='ocr_par' dir='ltr' id='par_1_94' title="bbox 2185 3355 3786 3424">
     <span class='ocr_line' id='line_1_94' title="bbox 2185 3355 3786 3424; baseline -0.007 -6"><span class='ocrx_word' id='word_1_694' title='bbox 2185 3373 2493 3418; x_wconf 78' lang='lat' dir='ltr'><strong>mutaretur</strong></span> <span class='ocrx_word' id='word_1_695' title='bbox 2529 3380 2542 3415; x_wconf 87' lang='lat'><strong>:</strong></span> <span class='ocrx_word' id='word_1_696' title='bbox 2574 3362 2617 3414; x_wconf 90' lang='lat' dir='ltr'><strong>si</strong></span> <span class='ocrx_word' id='word_1_697' title='bbox 2649 3363 2792 3414; x_wconf 91' lang='lat' dir='ltr'><strong>enim</strong></span> <span class='ocrx_word' id='word_1_698' title='bbox 2838 3359 2888 3411; x_wconf 90' lang='lat' dir='ltr'><strong>in</strong></span> <span class='ocrx_word' id='word_1_699' title='bbox 2925 3358 3150 3424; x_wconf 74' lang='lat' dir='ltr'><strong>exiguas</strong></span> <span class='ocrx_word' id='word_1_700' title='bbox 3175 3355 3400 3408; x_wconf 87' lang='lat' dir='ltr'><strong>omnino</strong></span> <span class='ocrx_word' id='word_1_701' title='bbox 3435 3363 3617 3423; x_wconf 88' lang='lat' dir='ltr'><strong>partes</strong></span> <span class='ocrx_word' id='word_1_702' title='bbox 3641 3355 3786 3408; x_wconf 76' lang='lat' dir='ltr'><strong>divi-</strong></span> 
     </span>
    </p>
   </div>
   <div class='ocr_carea' id='block_1_95' title="bbox 2187 3449 3783 3524">
    <p class='ocr_par' dir='ltr' id='par_1_95' title="bbox 2187 3449 3783 3524">
     <span class='ocr_line' id='line_1_95' title="bbox 2187 3449 3783 3524; baseline -0.008 -12"><span class='ocrx_word' id='word_1_703' title='bbox 2187 3460 2431 3520; x_wconf 81' lang='lat' dir='ltr'><strong>deretur.</strong></span> <span class='ocrx_word' id='word_1_704' title='bbox 2461 3456 2697 3524; x_wconf 83' lang='lat' dir='ltr'><strong>nonjam</strong></span> <span class='ocrx_word' id='word_1_705' title='bbox 2723 3451 2975 3522; x_wconf 86' lang='lat' dir='ltr'><strong>corporis</strong></span> <span class='ocrx_word' id='word_1_706' title='bbox 2997 3449 3139 3504; x_wconf 86' lang='lat' dir='ltr'><strong>ratio</strong></span> <span class='ocrx_word' id='word_1_707' title='bbox 3178 3455 3562 3513; x_wconf 80' lang='lat' dir='ltr'><strong>conservatur,</strong></span> <span class='ocrx_word' id='word_1_708' title='bbox 3593 3463 3783 3517; x_wconf 66' lang='lat' dir='ltr'><strong>quemv</strong></span> 
     </span>
    </p>
   </div>
   <div class='ocr_carea' id='block_1_96' title="bbox 2187 3546 3049 3617">
    <p class='ocr_par' dir='ltr' id='par_1_96' title="bbox 2187 3546 3049 3617">
     <span class='ocr_line' id='line_1_96' title="bbox 2187 3546 3049 3617; baseline -0.006 -14"><span class='ocrx_word' id='word_1_709' title='bbox 2187 3551 2481 3604; x_wconf 87' lang='lat' dir='ltr'><strong>admodum</strong></span> <span class='ocrx_word' id='word_1_710' title='bbox 2511 3548 2678 3617; x_wconf 88' lang='lat' dir='ltr'><strong>periit</strong></span> <span class='ocrx_word' id='word_1_711' title='bbox 2707 3546 2864 3615; x_wconf 85' lang='lat' dir='ltr'><strong>panis</strong></span> <span class='ocrx_word' id='word_1_712' title='bbox 2887 3546 3049 3600; x_wconf 84' lang='lat' dir='ltr'><strong>ratio.</strong></span> 
     </span>
    </p>
   </div>
   <div class='ocr_carea' id='block_1_97' title="bbox 2261 3720 3786 3793">
    <p class='ocr_par' dir='ltr' id='par_1_97' title="bbox 2261 3720 3786 3793">
     <span class='ocr_line' id='line_1_97' title="bbox 2261 3720 3786 3793; baseline -0.007 -13"><span class='ocrx_word' id='word_1_713' title='bbox 2261 3726 2356 3781; x_wconf 87' lang='lat' dir='ltr'><strong>Est</strong></span> <span class='ocrx_word' id='word_1_714' title='bbox 2382 3734 2565 3780; x_wconf 88' lang='lat' dir='ltr'><strong>autem</strong></span> <span class='ocrx_word' id='word_1_715' title='bbox 2600 3725 2804 3779; x_wconf 84' lang='lat' dir='ltr'><strong>Christi</strong></span> <span class='ocrx_word' id='word_1_716' title='bbox 2840 3738 3045 3793; x_wconf 89' lang='lat' dir='ltr'><strong>corpus</strong></span> <span class='ocrx_word' id='word_1_717' title='bbox 3078 3733 3132 3776; x_wconf 90' lang='lat' dir='ltr'><strong>et</strong></span> <span class='ocrx_word' id='word_1_718' title='bbox 3185 3723 3238 3776; x_wconf 89' lang='lat' dir='ltr'><strong>in</strong></span> <span class='ocrx_word' id='word_1_719' title='bbox 3287 3721 3432 3776; x_wconf 59' lang='lat' dir='ltr'><strong>coelo</strong></span> <span class='ocrx_word' id='word_1_720' title='bbox 3463 3730 3512 3774; x_wconf 90' lang='lat' dir='ltr'><strong>et</strong></span> <span class='ocrx_word' id='word_1_721' title='bbox 3547 3720 3598 3773; x_wconf 90' lang='lat' dir='ltr'><strong>in</strong></span> <span class='ocrx_word' id='word_1_722' title='bbox 3642 3729 3786 3772; x_wconf 77' lang='lat' dir='ltr'><strong>terra</strong></span> 
     </span>
    </p>
   </div>
   <div class='ocr_carea' id='block_1_98' title="bbox 2190 3814 3788 3876">
    <p class='ocr_par' dir='ltr' id='par_1_98' title="bbox 2190 3814 3788 3876">
     <span class='ocr_line' id='line_1_98' title="bbox 2190 3814 3788 3876; baseline -0.008 0"><span class='ocrx_word' id='word_1_723' title='bbox 2190 3829 2246 3876; x_wconf 90' lang='lat' dir='ltr'><strong>et</strong></span> <span class='ocrx_word' id='word_1_724' title='bbox 2288 3821 2341 3874; x_wconf 91' lang='lat' dir='ltr'><strong>in</strong></span> <span class='ocrx_word' id='word_1_725' title='bbox 2377 3819 2526 3874; x_wconf 91' lang='lat' dir='ltr'><strong>omni</strong></span> <span class='ocrx_word' id='word_1_726' title='bbox 2570 3819 2729 3873; x_wconf 82' lang='lat' dir='ltr'><strong>altari</strong></span> <span class='ocrx_word' id='word_1_727' title='bbox 2764 3833 2933 3872; x_wconf 91' lang='lat' dir='ltr'><strong>unum</strong></span> <span class='ocrx_word' id='word_1_728' title='bbox 2957 3827 3012 3871; x_wconf 89' lang='lat' dir='ltr'><strong>et</strong></span> <span class='ocrx_word' id='word_1_729' title='bbox 3056 3817 3199 3872; x_wconf 87' lang='lat' dir='ltr'><strong>idem</strong></span> <span class='ocrx_word' id='word_1_730' title='bbox 3250 3830 3506 3869; x_wconf 89' lang='lat' dir='ltr'><strong>numero.</strong></span> <span class='ocrx_word' id='word_1_731' title='bbox 3542 3814 3606 3867; x_wconf 75' lang='lat' dir='ltr'><strong>Et</strong></span> <span class='ocrx_word' id='word_1_732' title='bbox 3666 3828 3788 3865; x_wconf 87' lang='lat' dir='ltr'><strong>cum</strong></span> 
     </span>
    </p>
   </div>
   <div class='ocr_carea' id='block_1_99' title="bbox 2191 3887 3790 3978">
    <p class='ocr_par' dir='ltr' id='par_1_99' title="bbox 2191 3887 3790 3978">
     <span class='ocr_line' id='line_1_99' title="bbox 2191 3887 3790 3978; baseline -0.004 -10"><span class='ocrx_word' id='word_1_733' title='bbox 2191 3917 2246 3969; x_wconf 90' lang='lat' dir='ltr'><strong>in</strong></span> <span class='ocrx_word' id='word_1_734' title='bbox 2293 3915 2393 3969; x_wconf 90' lang='lat' dir='ltr'><strong>hoc</strong></span> <span class='ocrx_word' id='word_1_735' title='bbox 2424 3922 2774 3968; x_wconf 82' lang='lat' dir='ltr'><strong>sacramento</strong></span> <span class='ocrx_word' id='word_1_736' title='bbox 2799 3911 3066 3965; x_wconf 83' lang='lat' dir='ltr'><strong>miracula</strong></span> <span class='ocrx_word' id='word_1_737' title='bbox 3094 3909 3323 3978; x_wconf 83' lang='lat' dir='ltr'><strong>plurima</strong></span> <span class='ocrx_word' id='word_1_738' title='bbox 3377 3907 3532 3974; x_wconf 83' lang='lat' dir='ltr'><strong>ﬁant,</strong></span> <span class='ocrx_word' id='word_1_739' title='bbox 3584 3915 3639 3960; x_wconf 90' lang='lat' dir='ltr'><strong>ut</strong></span> <span class='ocrx_word' id='word_1_740' title='bbox 3676 3887 3790 3961; x_wconf 79' lang='lat' dir='ltr'><strong>dic-</strong></span> 
     </span>
    </p>
   </div>
   <div class='ocr_carea' id='block_1_100' title="bbox 2193 4003 3788 4072">
    <p class='ocr_par' dir='ltr' id='par_1_100' title="bbox 2193 4003 3788 4072">
     <span class='ocr_line' id='line_1_100' title="bbox 2193 4003 3788 4072; baseline -0.004 -10"><span class='ocrx_word' id='word_1_741' title='bbox 2193 4021 2307 4063; x_wconf 90' lang='lat' dir='ltr'><strong>tum</strong></span> <span class='ocrx_word' id='word_1_742' title='bbox 2332 4017 2442 4070; x_wconf 83' lang='lat' dir='ltr'><strong>est.</strong></span> <span class='ocrx_word' id='word_1_743' title='bbox 2479 4006 2625 4062; x_wconf 90' lang='lat' dir='ltr'><strong>istud</strong></span> <span class='ocrx_word' id='word_1_744' title='bbox 2664 4021 2881 4060; x_wconf 86' lang='lat' dir='ltr'><strong>onmem</strong></span> <span class='ocrx_word' id='word_1_745' title='bbox 2912 4006 3067 4072; x_wconf 77' lang='lat' dir='ltr'><strong>longe</strong></span> <span class='ocrx_word' id='word_1_746' title='bbox 3089 4003 3517 4057; x_wconf 84' lang='lat' dir='ltr'><strong>admirationem</strong></span> <span class='ocrx_word' id='word_1_747' title='bbox 3543 4009 3788 4070; x_wconf 81' lang='lat' dir='ltr'><strong>supcrat.</strong></span> 
     </span>
    </p>
   </div>
   <div class='ocr_carea' id='block_1_101' title="bbox 2191 4095 3790 4172">
    <p class='ocr_par' dir='ltr' id='par_1_101' title="bbox 2191 4095 3790 4172">
     <span class='ocr_line' id='line_1_101' title="bbox 2191 4095 3790 4172; baseline -0.009 -14"><span class='ocrx_word' id='word_1_748' title='bbox 2191 4116 2245 4158; x_wconf 87' lang='lat' dir='ltr'><strong>et</strong></span> <span class='ocrx_word' id='word_1_749' title='bbox 2279 4102 2572 4172; x_wconf 89' lang='lat' dir='ltr'><strong>multiplici</strong></span> <span class='ocrx_word' id='word_1_750' title='bbox 2609 4100 2934 4156; x_wconf 84' lang='lat' dir='ltr'><strong>diliieultate</strong></span> <span class='ocrx_word' id='word_1_751' title='bbox 2968 4101 3186 4169; x_wconf 82' lang='lat' dir='ltr'><strong>plenum</strong></span> <span class='ocrx_word' id='word_1_752' title='bbox 3215 4107 3322 4152; x_wconf 90' lang='lat' dir='ltr'><strong>est.</strong></span> <span class='ocrx_word' id='word_1_753' title='bbox 3375 4097 3604 4150; x_wconf 87' lang='lat' dir='ltr'><strong>Diverso</strong></span> <span class='ocrx_word' id='word_1_754' title='bbox 3646 4095 3790 4149; x_wconf 88' lang='lat' dir='ltr'><strong>enim</strong></span> 
     </span>
    </p>
   </div>
   <div class='ocr_carea' id='block_1_102' title="bbox 2196 4191 3795 4266">
    <p class='ocr_par' dir='ltr' id='par_1_102' title="bbox 2196 4191 3795 4266">
     <span class='ocr_line' id='line_1_102' title="bbox 2196 4191 3795 4266; baseline -0.008 -14"><span class='ocrx_word' id='word_1_755' title='bbox 2196 4206 2447 4266; x_wconf 86' lang='lat' dir='ltr'><strong>respectu</strong></span> <span class='ocrx_word' id='word_1_756' title='bbox 2478 4195 2594 4250; x_wconf 85' lang='lat' dir='ltr'><strong>ﬁeri</strong></span> <span class='ocrx_word' id='word_1_757' title='bbox 2632 4203 2809 4264; x_wconf 89' lang='lat' dir='ltr'><strong>potest</strong></span> <span class='ocrx_word' id='word_1_758' title='bbox 2837 4195 2976 4248; x_wconf 89' lang='lat' dir='ltr'><strong>idem</strong></span> <span class='ocrx_word' id='word_1_759' title='bbox 3012 4193 3180 4246; x_wconf 84' lang='lat' dir='ltr'><strong>variis</strong></span> <span class='ocrx_word' id='word_1_760' title='bbox 3240 4193 3292 4244; x_wconf 92' lang='lat' dir='ltr'><strong>in</strong></span> <span class='ocrx_word' id='word_1_761' title='bbox 3368 4191 3503 4245; x_wconf 90' lang='lat' dir='ltr'><strong>locis</strong></span> <span class='ocrx_word' id='word_1_762' title='bbox 3565 4205 3708 4254; x_wconf 82' lang='lat' dir='ltr'><strong>esse,</strong></span> <span class='ocrx_word' id='word_1_763' title='bbox 3739 4200 3795 4241; x_wconf 88' lang='lat' dir='ltr'><strong>ut.</strong></span> 
     </span>
    </p>
   </div>
   <div class='ocr_carea' id='block_1_103' title="bbox 2195 4285 3796 4356">
    <p class='ocr_par' dir='ltr' id='par_1_103' title="bbox 2195 4285 3796 4356">
     <span class='ocr_line' id='line_1_103' title="bbox 2195 4285 3796 4356; baseline -0.006 -13"><span class='ocrx_word' id='word_1_764' title='bbox 2195 4291 2436 4343; x_wconf 86' lang='lat' dir='ltr'><strong>animam</strong></span> <span class='ocrx_word' id='word_1_765' title='bbox 2465 4298 2734 4353; x_wconf 77' lang='lat' dir='ltr'><strong>nostram,</strong></span> <span class='ocrx_word' id='word_1_766' title='bbox 2763 4305 2885 4356; x_wconf 67' lang='lat' dir='ltr'><strong>qua!</strong></span> <span class='ocrx_word' id='word_1_767' title='bbox 2922 4288 3143 4355; x_wconf 83' lang='lat' dir='ltr'><strong>quidem</strong></span> <span class='ocrx_word' id='word_1_768' title='bbox 3180 4285 3488 4339; x_wconf 86' lang='lat' dir='ltr'><strong>secundum</strong></span> <span class='ocrx_word' id='word_1_769' title='bbox 3542 4299 3663 4336; x_wconf 89' lang='lat' dir='ltr'><strong>esse</strong></span> <span class='ocrx_word' id='word_1_770' title='bbox 3696 4298 3796 4334; x_wconf 88' lang='lat' dir='ltr'><strong>na-</strong></span> 
     </span>
    </p>
   </div>
   <div class='ocr_carea' id='block_1_104' title="bbox 2200 4377 3795 4449">
    <p class='ocr_par' dir='ltr' id='par_1_104' title="bbox 2200 4377 3795 4449">
     <span class='ocr_line' id='line_1_104' title="bbox 2200 4377 3795 4449; baseline -0.008 -10"><span class='ocrx_word' id='word_1_771' title='bbox 2200 4394 2336 4439; x_wconf 70' lang='lat' dir='ltr'><strong>tura:</strong></span> <span class='ocrx_word' id='word_1_772' title='bbox 2366 4384 2421 4437; x_wconf 88' lang='lat' dir='ltr'><strong>in</strong></span> <span class='ocrx_word' id='word_1_773' title='bbox 2447 4382 2638 4437; x_wconf 87' lang='lat' dir='ltr'><strong>eodem</strong></span> <span class='ocrx_word' id='word_1_774' title='bbox 2672 4382 2794 4435; x_wconf 91' lang='lat' dir='ltr'><strong>loco</strong></span> <span class='ocrx_word' id='word_1_775' title='bbox 2829 4381 2984 4435; x_wconf 86' lang='lat' dir='ltr'><strong>estin</strong></span> <span class='ocrx_word' id='word_1_776' title='bbox 3009 4395 3119 4449; x_wconf 90' lang='lat' dir='ltr'><strong>quo</strong></span> <span class='ocrx_word' id='word_1_777' title='bbox 3172 4377 3534 4446; x_wconf 78' lang='lat' dir='ltr'><strong>corporaliter</strong></span> <span class='ocrx_word' id='word_1_778' title='bbox 3582 4391 3795 4433; x_wconf 73' lang='lat' dir='ltr'><strong>suams,</strong></span> 
     </span>
    </p>
   </div>
   <div class='ocr_carea' id='block_1_105' title="bbox 2199 4472 3796 4549">
    <p class='ocr_par' dir='ltr' id='par_1_105' title="bbox 2199 4472 3796 4549">
     <span class='ocr_line' id='line_1_105' title="bbox 2199 4472 3796 4549; baseline -0.008 -16"><span class='ocrx_word' id='word_1_779' title='bbox 2199 4487 2390 4549; x_wconf 88' lang='lat' dir='ltr'><strong>utpote</strong></span> <span class='ocrx_word' id='word_1_780' title='bbox 2423 4493 2544 4546; x_wconf 67' lang='lat' dir='ltr'><strong>qua:</strong></span> <span class='ocrx_word' id='word_1_781' title='bbox 2577 4476 2826 4544; x_wconf 88' lang='lat' dir='ltr'><strong>corporis</strong></span> <span class='ocrx_word' id='word_1_782' title='bbox 2865 4474 3041 4527; x_wconf 80' lang='lat' dir='ltr'><strong>forma</strong></span> <span class='ocrx_word' id='word_1_783' title='bbox 3074 4483 3127 4527; x_wconf 90' lang='lat' dir='ltr'><strong>et</strong></span> <span class='ocrx_word' id='word_1_784' title='bbox 3158 4472 3492 4539; x_wconf 72' lang='grc' dir='ltr'>ἐντελέχεια,</span> <span class='ocrx_word' id='word_1_785' title='bbox 3520 4485 3613 4524; x_wconf 83' lang='lat' dir='ltr'><strong>seu</strong></span> <span class='ocrx_word' id='word_1_786' title='bbox 3643 4479 3796 4521; x_wconf 66' lang='lat' dir='ltr'><strong>nctus</strong></span> 
     </span>
    </p>
   </div>
   <div class='ocr_carea' id='block_1_106' title="bbox 2201 4564 3799 4632">
    <p class='ocr_par' dir='ltr' id='par_1_106' title="bbox 2201 4564 3799 4632">
     <span class='ocr_line' id='line_1_106' title="bbox 2201 4564 3799 4632; baseline -0.01 -2"><span class='ocrx_word' id='word_1_787' title='bbox 2201 4577 2308 4632; x_wconf 89' lang='lat' dir='ltr'><strong>sit:</strong></span> <span class='ocrx_word' id='word_1_788' title='bbox 2342 4572 2645 4628; x_wconf 84' lang='lat' dir='ltr'><strong>secundum</strong></span> <span class='ocrx_word' id='word_1_789' title='bbox 2677 4586 2800 4625; x_wconf 87' lang='lat' dir='ltr'><strong>esse</strong></span> <span class='ocrx_word' id='word_1_790' title='bbox 2837 4571 3044 4622; x_wconf 84' lang='lat' dir='ltr'><strong>amoris</strong></span> <span class='ocrx_word' id='word_1_791' title='bbox 3073 4577 3126 4621; x_wconf 91' lang='lat' dir='ltr'><strong>et</strong></span> <span class='ocrx_word' id='word_1_792' title='bbox 3173 4565 3427 4629; x_wconf 79' lang='lat' dir='ltr'><strong>allectus,</strong></span> <span class='ocrx_word' id='word_1_793' title='bbox 3465 4566 3573 4616; x_wconf 88' lang='lat' dir='ltr'><strong>illic</strong></span> <span class='ocrx_word' id='word_1_794' title='bbox 3591 4576 3672 4618; x_wconf 87' lang='lat' dir='ltr'><strong>est</strong></span> <span class='ocrx_word' id='word_1_795' title='bbox 3709 4564 3799 4616; x_wconf 56' lang='lat' dir='ltr'><strong>utri</strong></span> 
     </span>
    </p>
   </div>
   <div class='ocr_carea' id='block_1_107' title="bbox 2201 4658 3799 4732">
    <p class='ocr_par' dir='ltr' id='par_1_107' title="bbox 2201 4658 3799 4732">
     <span class='ocr_line' id='line_1_107' title="bbox 2201 4658 3799 4732; baseline -0.013 -8"><span class='ocrx_word' id='word_1_796' title='bbox 2201 4678 2370 4732; x_wconf 76' lang='lat' dir='ltr'><strong>amat.</strong></span> <span class='ocrx_word' id='word_1_797' title='bbox 2404 4670 2547 4722; x_wconf 91' lang='lat' dir='ltr'><strong>sicut</strong></span> <span class='ocrx_word' id='word_1_798' title='bbox 2576 4667 2783 4720; x_wconf 90' lang='lat' dir='ltr'><strong>dictum</strong></span> <span class='ocrx_word' id='word_1_799' title='bbox 2813 4672 2901 4722; x_wconf 76' lang='lat' dir='ltr'><strong>est</strong></span> <span class='ocrx_word' id='word_1_800' title='bbox 2931 4663 2985 4728; x_wconf 76' lang='grc' dir='ltr'>’ς</span> <span class='ocrx_word' id='word_1_801' title='bbox 3043 4658 3141 4715; x_wconf 82' lang='lat' dir='ltr'><strong>Ubi</strong></span> <span class='ocrx_word' id='word_1_802' title='bbox 3168 4671 3245 4712; x_wconf 83' lang='lat' dir='ltr'><strong>est</strong></span> <span class='ocrx_word' id='word_1_803' title='bbox 3274 4660 3556 4712; x_wconf 72' lang='lat' dir='ltr'><strong>thesaurus</strong></span> <span class='ocrx_word' id='word_1_804' title='bbox 3613 4664 3799 4716; x_wconf 66' lang='lat' dir='ltr'><strong>vester,</strong></span> 
     </span>
    </p>
   </div>
   <div class='ocr_carea' id='block_1_108' title="bbox 2199 4750 3801 4820">
    <p class='ocr_par' dir='ltr' id='par_1_108' title="bbox 2199 4750 3801 4820">
     <span class='ocr_line' id='line_1_108' title="bbox 2199 4750 3801 4820; baseline -0.012 -3"><span class='ocrx_word' id='word_1_805' title='bbox 2199 4763 2311 4817; x_wconf 74' lang='lat' dir='ltr'><strong>ilh&#39;c</strong></span> <span class='ocrx_word' id='word_1_806' title='bbox 2348 4772 2394 4816; x_wconf 81' lang='lat' dir='ltr'><strong>ct</strong></span> <span class='ocrx_word' id='word_1_807' title='bbox 2423 4777 2513 4814; x_wconf 86' lang='lat' dir='ltr'><strong>cor</strong></span> <span class='ocrx_word' id='word_1_808' title='bbox 2540 4771 2774 4813; x_wconf 78' lang='lat' dir='ltr'><strong>vestrum</strong></span> <span class='ocrx_word' id='word_1_809' title='bbox 2823 4760 2919 4810; x_wconf 82' lang='lat' dir='ltr'><strong>erit</strong></span> <span class='ocrx_word' id='word_1_810' title='bbox 2950 4775 2964 4820; x_wconf 88' lang='lat'><em>;</em></span> <span class='ocrx_word' id='word_1_811' title='bbox 3017 4765 3072 4809; x_wconf 89' lang='lat' dir='ltr'><strong>et</strong></span> <span class='ocrx_word' id='word_1_812' title='bbox 3095 4755 3319 4810; x_wconf 87' lang='lat' dir='ltr'><strong>iterum.</strong></span> <span class='ocrx_word' id='word_1_813' title='bbox 3371 4759 3428 4804; x_wconf 90' lang='lat' dir='ltr'><strong>ut</strong></span> <span class='ocrx_word' id='word_1_814' title='bbox 3463 4754 3539 4804; x_wconf 89' lang='lat' dir='ltr'><strong>ait</strong></span> <span class='ocrx_word' id='word_1_815' title='bbox 3577 4750 3801 4801; x_wconf 75' lang='lat' dir='ltr'><strong>divilllh</strong></span> 
     </span>
    </p>
   </div>
   <div class='ocr_carea' id='block_1_109' title="bbox 2197 4843 3807 4926">
    <p class='ocr_par' dir='ltr' id='par_1_109' title="bbox 2197 4843 3807 4926">
     <span class='ocr_line' id='line_1_109' title="bbox 2197 4843 3807 4926; baseline -0.011 -14"><span class='ocrx_word' id='word_1_816' title='bbox 2197 4856 2512 4926; x_wconf 83' lang='lat' dir='ltr'><strong>Apostolus,</strong></span> <span class='ocrx_word' id='word_1_817' title='bbox 2544 4852 2887 4907; x_wconf 63' lang='lat' dir='ltr'><strong>Canter-satio</strong></span> <span class='ocrx_word' id='word_1_818' title='bbox 2920 4859 3104 4902; x_wconf 78' lang='lat' dir='ltr'><strong>nostra</strong></span> <span class='ocrx_word' id='word_1_819' title='bbox 3130 4848 3181 4900; x_wconf 82' lang='lat' dir='ltr'><strong>in</strong></span> <span class='ocrx_word' id='word_1_820' title='bbox 3213 4846 3354 4899; x_wconf 77' lang='lat' dir='ltr'><strong>cazlis</strong></span> <span class='ocrx_word' id='word_1_821' title='bbox 3410 4854 3486 4898; x_wconf 83' lang='lat' dir='ltr'><strong>est</strong></span> <span class='ocrx_word' id='word_1_822' title='bbox 3522 4843 3561 4896; x_wconf 84' lang='grc'>⁸.</span> <span class='ocrx_word' id='word_1_823' title='bbox 3609 4845 3665 4896; x_wconf 78' lang='lat' dir='ltr'><strong>Si</strong></span> <span class='ocrx_word' id='word_1_824' title='bbox 3708 4843 3807 4911; x_wconf 66' lang='lat' dir='ltr'><strong>igi-</strong></span> 
     </span>
    </p>
   </div>
   <div class='ocr_carea' id='block_1_110' title="bbox 2201 4939 3803 5014">
    <p class='ocr_par' dir='ltr' id='par_1_110' title="bbox 2201 4939 3803 5014">
     <span class='ocr_line' id='line_1_110' title="bbox 2201 4939 3803 5014; baseline -0.011 -9"><span class='ocrx_word' id='word_1_825' title='bbox 2201 4960 2290 5005; x_wconf 89' lang='lat' dir='ltr'><strong>tur</strong></span> <span class='ocrx_word' id='word_1_826' title='bbox 2311 4960 2365 5004; x_wconf 90' lang='lat' dir='ltr'><strong>et</strong></span> <span class='ocrx_word' id='word_1_827' title='bbox 2392 4948 2595 5003; x_wconf 86' lang='lat' dir='ltr'><strong>Christi</strong></span> <span class='ocrx_word' id='word_1_828' title='bbox 2629 4961 2831 5014; x_wconf 89' lang='lat' dir='ltr'><strong>corpus</strong></span> <span class='ocrx_word' id='word_1_829' title='bbox 2867 4945 3144 4997; x_wconf 85' lang='lat' dir='ltr'><strong>diceretur</strong></span> <span class='ocrx_word' id='word_1_830' title='bbox 3173 4940 3479 4994; x_wconf 88' lang='lat' dir='ltr'><strong>secundum</strong></span> <span class='ocrx_word' id='word_1_831' title='bbox 3508 4939 3653 4989; x_wconf 88' lang='lat' dir='ltr'><strong>Iumc</strong></span> <span class='ocrx_word' id='word_1_832' title='bbox 3691 4953 3803 5008; x_wconf 82' lang='lat' dir='ltr'><strong>uio-</strong></span> 
     </span>
    </p>
   </div>
   <div class='ocr_carea' id='block_1_111' title="bbox 2201 5031 3802 5106">
    <p class='ocr_par' dir='ltr' id='par_1_111' title="bbox 2201 5031 3802 5106">
     <span class='ocr_line' id='line_1_111' title="bbox 2201 5031 3802 5106; baseline -0.011 -8"><span class='ocrx_word' id='word_1_833' title='bbox 2201 5045 2327 5098; x_wconf 89' lang='lat' dir='ltr'><strong>dum</strong></span> <span class='ocrx_word' id='word_1_834' title='bbox 2356 5045 2408 5097; x_wconf 91' lang='lat' dir='ltr'><strong>in</strong></span> <span class='ocrx_word' id='word_1_835' title='bbox 2433 5041 2667 5096; x_wconf 83' lang='lat' dir='ltr'><strong>diversis</strong></span> <span class='ocrx_word' id='word_1_836' title='bbox 2692 5037 3098 5106; x_wconf 74' lang='lat' dir='ltr'><strong>locisrcperiri,</strong></span> <span class='ocrx_word' id='word_1_837' title='bbox 3126 5051 3233 5088; x_wconf 91' lang='lat' dir='ltr'><strong>non</strong></span> <span class='ocrx_word' id='word_1_838' title='bbox 3278 5035 3413 5088; x_wconf 89' lang='lat' dir='ltr'><strong>adeo</strong></span> <span class='ocrx_word' id='word_1_839' title='bbox 3442 5031 3660 5084; x_wconf 78' lang='lat' dir='ltr'><strong>ditiicile</strong></span> <span class='ocrx_word' id='word_1_840' title='bbox 3689 5032 3802 5082; x_wconf 83' lang='lat' dir='ltr'><strong>lor-</strong></span> 
     </span>
    </p>
   </div>
   <div class='ocr_carea' id='block_1_112' title="bbox 2203 5128 3807 5192">
    <p class='ocr_par' dir='ltr' id='par_1_112' title="bbox 2203 5128 3807 5192">
     <span class='ocr_line' id='line_1_112' title="bbox 2203 5128 3807 5192; baseline -0.009 0"><span class='ocrx_word' id='word_1_841' title='bbox 2203 5139 2370 5192; x_wconf 70' lang='lat' dir='ltr'><strong>tassis</strong></span> <span class='ocrx_word' id='word_1_842' title='bbox 2409 5136 2689 5190; x_wconf 86' lang='lat' dir='ltr'><strong>intellectu</strong></span> <span class='ocrx_word' id='word_1_843' title='bbox 2731 5130 3072 5186; x_wconf 74' lang='lat' dir='ltr'><strong>foret.Nune</strong></span> <span class='ocrx_word' id='word_1_844' title='bbox 3103 5128 3646 5183; x_wconf 84' lang='lat' dir='ltr'><strong>veroidemmunero</strong></span> <span class='ocrx_word' id='word_1_845' title='bbox 3683 5139 3807 5179; x_wconf 88' lang='lat' dir='ltr'><strong>cor-</strong></span> 
     </span>
    </p>
   </div>
   <div class='ocr_carea' id='block_1_113' title="bbox 2204 5222 3810 5302">
    <p class='ocr_par' dir='ltr' id='par_1_113' title="bbox 2204 5222 3810 5302">
     <span class='ocr_line' id='line_1_113' title="bbox 2204 5222 3810 5302; baseline -0.007 -18"><span class='ocrx_word' id='word_1_846' title='bbox 2204 5247 2305 5302; x_wconf 90' lang='lat' dir='ltr'><strong>pus</strong></span> <span class='ocrx_word' id='word_1_847' title='bbox 2327 5229 2633 5286; x_wconf 85' lang='lat' dir='ltr'><strong>secundum</strong></span> <span class='ocrx_word' id='word_1_848' title='bbox 2669 5241 2839 5282; x_wconf 89' lang='lat' dir='ltr'><strong>unum</strong></span> <span class='ocrx_word' id='word_1_849' title='bbox 2863 5237 2917 5281; x_wconf 87' lang='lat' dir='ltr'><strong>et</strong></span> <span class='ocrx_word' id='word_1_850' title='bbox 2956 5226 3096 5280; x_wconf 90' lang='lat' dir='ltr'><strong>idem</strong></span> <span class='ocrx_word' id='word_1_851' title='bbox 3127 5239 3272 5286; x_wconf 83' lang='lat' dir='ltr'><strong>esse,</strong></span> <span class='ocrx_word' id='word_1_852' title='bbox 3322 5224 3375 5276; x_wconf 94' lang='lat' dir='ltr'><strong>in</strong></span> <span class='ocrx_word' id='word_1_853' title='bbox 3433 5222 3672 5276; x_wconf 86' lang='lat' dir='ltr'><strong>diversis</strong></span> <span class='ocrx_word' id='word_1_854' title='bbox 3714 5235 3810 5274; x_wconf 81' lang='lat' dir='ltr'><strong>ex-</strong></span> 
     </span>
    </p>
   </div>
   <div class='ocr_carea' id='block_1_114' title="bbox 2203 5315 3811 5391">
    <p class='ocr_par' dir='ltr' id='par_1_114' title="bbox 2203 5315 3811 5391">
     <span class='ocr_line' id='line_1_114' title="bbox 2203 5315 3811 5391; baseline -0.007 -12"><span class='ocrx_word' id='word_1_855' title='bbox 2203 5326 2408 5379; x_wconf 87' lang='lat' dir='ltr'><strong>sistere</strong></span> <span class='ocrx_word' id='word_1_856' title='bbox 2455 5323 2594 5378; x_wconf 83' lang='lat' dir='ltr'><strong>locis</strong></span> <span class='ocrx_word' id='word_1_857' title='bbox 2635 5322 2938 5385; x_wconf 83' lang='lat' dir='ltr'><strong>credimus,</strong></span> <span class='ocrx_word' id='word_1_858' title='bbox 2975 5320 3120 5391; x_wconf 89' lang='lat' dir='ltr'><strong>quod</strong></span> <span class='ocrx_word' id='word_1_859' title='bbox 3180 5319 3407 5373; x_wconf 91' lang='lat' dir='ltr'><strong>omnino</strong></span> <span class='ocrx_word' id='word_1_860' title='bbox 3468 5315 3811 5386; x_wconf 80' lang='lat' dir='ltr'><strong>impossibile</strong></span> 
     </span>
    </p>
   </div>
   <div class='ocr_carea' id='block_1_115' title="bbox 2204 5401 3822 5485">
    <p class='ocr_par' dir='ltr' id='par_1_115' title="bbox 2204 5401 3822 5485">
     <span class='ocr_line' id='line_1_115' title="bbox 2204 5401 3822 5485; baseline -0.007 -13"><span class='ocrx_word' id='word_1_861' title='bbox 2204 5433 2325 5473; x_wconf 68' lang='lat' dir='ltr'><strong>esse</strong></span> <span class='ocrx_word' id='word_1_862' title='bbox 2358 5417 2664 5473; x_wconf 86' lang='lat' dir='ltr'><strong>secundum</strong></span> <span class='ocrx_word' id='word_1_863' title='bbox 2691 5425 2903 5471; x_wconf 61' lang='lat' dir='ltr'><strong>natura:</strong></span> <span class='ocrx_word' id='word_1_864' title='bbox 2931 5416 3107 5485; x_wconf 70' lang='lat' dir='ltr'><strong>legem</strong></span> <span class='ocrx_word' id='word_1_865' title='bbox 3136 5414 3386 5468; x_wconf 85' lang='lat' dir='ltr'><strong>videtur:</strong></span> <span class='ocrx_word' id='word_1_866' title='bbox 3425 5401 3822 5472; x_wconf 69' lang='lat' dir='ltr'><strong>credimus&#39;ta-_</strong></span> 
     </span>
    </p>
   </div>
   <div class='ocr_carea' id='block_1_116' title="bbox 2207 5504 3812 5570">
    <p class='ocr_par' dir='ltr' id='par_1_116' title="bbox 2207 5504 3812 5570">
     <span class='ocr_line' id='line_1_116' title="bbox 2207 5504 3812 5570; baseline -0.004 -7"><span class='ocrx_word' id='word_1_867' title='bbox 2207 5526 2328 5564; x_wconf 88' lang='lat' dir='ltr'><strong>men</strong></span> <span class='ocrx_word' id='word_1_868' title='bbox 2361 5525 2474 5564; x_wconf 89' lang='lat' dir='ltr'><strong>rem</strong></span> <span class='ocrx_word' id='word_1_869' title='bbox 2506 5513 2580 5564; x_wconf 80' lang='lat' dir='ltr'><strong>ita</strong></span> <span class='ocrx_word' id='word_1_870' title='bbox 2615 5525 2672 5565; x_wconf 90' lang='lat' dir='ltr'><strong>se</strong></span> <span class='ocrx_word' id='word_1_871' title='bbox 2700 5510 2906 5564; x_wconf 81' lang='lat' dir='ltr'><strong>habere</strong></span> <span class='ocrx_word' id='word_1_872' title='bbox 2941 5508 3338 5570; x_wconf 81' lang='lat' dir='ltr'><strong>indubitanter,</strong></span> <span class='ocrx_word' id='word_1_873' title='bbox 3367 5506 3542 5558; x_wconf 83' lang='lat' dir='ltr'><strong>secuti</strong></span> <span class='ocrx_word' id='word_1_874' title='bbox 3601 5504 3812 5558; x_wconf 87' lang='lat' dir='ltr'><strong>doctri-</strong></span> 
     </span>
    </p>
   </div>
   <div class='ocr_carea' id='block_1_117' title="bbox 2207 5597 3816 5674">
    <p class='ocr_par' dir='ltr' id='par_1_117' title="bbox 2207 5597 3816 5674">
     <span class='ocr_line' id='line_1_117' title="bbox 2207 5597 3816 5674; baseline -0.004 -17"><span class='ocrx_word' id='word_1_875' title='bbox 2207 5619 2332 5658; x_wconf 89' lang='lat' dir='ltr'><strong>nam</strong></span> <span class='ocrx_word' id='word_1_876' title='bbox 2393 5613 2711 5660; x_wconf 82' lang='lat' dir='ltr'><strong>sauctorum</strong></span> <span class='ocrx_word' id='word_1_877' title='bbox 2767 5604 3034 5659; x_wconf 85' lang='lat' dir='ltr'><strong>divinitus</strong></span> <span class='ocrx_word' id='word_1_878' title='bbox 3087 5604 3509 5674; x_wconf 86' lang='lat' dir='ltr'><strong>inspiratorum,</strong></span> <span class='ocrx_word' id='word_1_879' title='bbox 3547 5597 3816 5666; x_wconf 81' lang='lat' dir='ltr'><strong>exemplis</strong></span> 
     </span>
    </p>
   </div>
   <div class='ocr_carea' id='block_1_118' title="bbox 2209 5694 3818 5776">
    <p class='ocr_par' dir='ltr' id='par_1_118' title="bbox 2209 5694 3818 5776">
     <span class='ocr_line' id='line_1_118' title="bbox 2209 5694 3818 5776; baseline -0.007 -17"><span class='ocrx_word' id='word_1_880' title='bbox 2209 5720 2432 5776; x_wconf 84' lang='lat' dir='ltr'><strong>quoque</strong></span> <span class='ocrx_word' id='word_1_881' title='bbox 2456 5703 3104 5761; x_wconf 70' lang='lat' dir='ltr'><strong>Cll‘illiODibUSlliL‘lilCltl</strong></span> <span class='ocrx_word' id='word_1_882' title='bbox 3161 5702 3255 5756; x_wconf 78' lang='lat' dir='ltr'><strong>tali</strong></span> <span class='ocrx_word' id='word_1_883' title='bbox 3307 5699 3625 5754; x_wconf 82' lang='lat' dir='ltr'><strong>dillieultate</strong></span> <span class='ocrx_word' id='word_1_884' title='bbox 3661 5694 3818 5751; x_wconf 82' lang='lat' dir='ltr'><strong>labo-</strong></span> 
     </span>
    </p>
   </div>
  </div>
