4462 6450
724 381 829 442 3⁸47

1797 384 2175 446 ΟΕΝΝᾹΙΗΙ
2226 389 2313 444 (ἷΡ
2389 390 2663 450 ΓρίΤΙίΙΑ
2681 391 2901 450 ΙὶίῖΠςΕ

3903 385 4008 450 368

726 503 934 547 rzuitem
963 495 1566 550 confirmamus.Ouiue
1592 498 1862 566 siquidem
1907 516 2106 567 corpus
2139 501 2310 554 exsis-
2348 511 2385 563 Λ
2423 522 2484 554 γα

2241 501 2310 552 ίς-
2348 511 2385 563 Λ
2423 506 2511 554 ναὶ
2541 503 2717 570 λόγοις
2761 504 2858 572 τὴν
2913 502 3004 554 τοῦ
3041 502 3129 554 νοῦ
3184 503 3478 556 δυσκολία)
3513 501 4001 574 παραμυθούμεθα·

725 595 847 640 t'eus
879 587 1117 654 quodam
1176 588 1226 638 iu
1284 587 1421 652 loco,
1494 589 1668 657 ipsmu
1719 592 1939 659 quidem
1979 602 2151 646 totum
2215 594 2311 646 toti

726 686 1206 731 eumuieusuratut‘
1237 680 1379 744 loco,
1418 689 1469 733 el
1509 690 1692 749 parlcs
1742 685 1887 736 illius
1933 686 2178 752 partitus
2210 686 2311 738 loci

728 773 1214 835 attribuuntur,et
1239 774 1514 829 mediante
1595 777 1811 846 propria
1872 780 2178 843 quantitate
2231 788 2315 831 est

729 863 780 914 iu
812 865 951 916 loca.
975 862 1106 916 Nam
1163 867 1358 919 essein
1416 867 1556 929 loco,
1615 869 1911 935 quantitati
1946 870 2162 938 proprie
2186 885 2314 922 cou-

730 957 898 1020 venit,
928 969 1337 1026 consequenter
1374 959 1538 1012 etiam
1571 960 1893 1014 substant‘a:
1945 963 2105 1030 cujus
2127 973 2318 1017 estea-

731 1052 855 1101 dem
891 1051 1194 1117 quantitas.
1232 1049 1410 1118 Atque
1442 1050 1567 1106 inde
1588 1053 1792 1106 accidit
1839 1069 2038 1121 corpus
2090 1055 2202 1109 illic
2226 1071 2315 1108 so-

734 1145 845 1196 lum
868 1159 1013 1208 esse,
1040 1144 1128 1197 ubi
1151 1147 1434 1212 quantitas
1471 1145 1593 1216 ejus
1618 1155 1672 1201 et
1699 1148 2073 1202 dimensiones
2112 1148 2317 1215 reperi-

736 1247 920 1292 untur.
946 1237 1294 1303 [inpossibile
1323 1239 1577 1292 estenim
1640 1240 1890 1294 eamdem
1953 1241 2315 1309 quantitatem

738 1329 988 1395 pluribus
1023 1329 1187 1383 simul
1208 1331 1642 1385 commensurari
1671 1332 1828 1387 locis.
1855 1331 1912 1385 In
1961 1347 2193 1403 corpore
2220 1348 2318 1386 au-

733 1429 839 1472 tvm
866 1419 1067 1474 Christi
1105 1436 1192 1476 res
1212 1437 1320 1476 non
1346 1423 1419 1476 ita
1449 1438 1507 1476 se
1531 1423 1690 1477 habet
1741 1440 1755 1478 :
1809 1424 2028 1480 exsistit
2058 1427 2205 1480 enim
2262 1427 2317 1481 in

735 1512 878 1574 loco,
912 1513 1188 1568 mediante
1215 1529 1278 1568 ea
1312 1516 1623 1584 quantitate
1657 1531 1779 1585 qua:
1837 1518 1962 1586 pani
2001 1518 2155 1585 prius
2195 1519 2316 1573 ine-

738 1611 846 1654 rat.
877 1601 930 1655 Si
954 1617 1084 1657 vero
1133 1613 1189 1659 et
1215 1604 1437 1673 propria
1477 1608 1758 1674 quantitas
1794 1609 2139 1662 sanctissimi
2197 1625 2318 1664 cor-

736 1692 885 1759 poris
930 1693 1370 1762 inseparabiliter
1401 1695 1504 1764 ipsi
1567 1697 1876 1760 coexsistit,
1915 1707 2320 1767 consequenter

735 1801 866 1840 sane
889 1795 940 1839 et
960 1788 1233 1842 mediante
1257 1789 1590 1853 substantia,
1611 1808 1732 1860 quae
1755 1793 1873 1845 sine
1892 1794 2112 1861 propria
2142 1808 2316 1862 quan-

735 1877 895 1930 titate
927 1877 1237 1935 subsistere
1268 1896 1377 1935 non
1402 1892 1602 1951 potest.
1626 1882 1763 1936 Cum
1796 1885 1959 1952 igitur
1983 1885 2119 1938 nihil
2149 1885 2318 1953 impe-

739 1969 854 2023 diat
892 1971 1195 2038 quominus
1223 1974 1409 2028 multa:
1443 1975 1780 2043 quantitates
1810 1993 2014 2045 panum
2051 1979 2320 2033 exsistant

739 2061 790 2114 in
823 2063 1008 2116 multis
1027 2064 1320 2128 altaribus,
1358 2065 1484 2120 inde
1533 2067 1807 2121 acciditet
1871 2068 2078 2124 Christi
2117 2085 2319 2138 corpus

742 2170 909 2208 unum
934 2172 1164 2211 numero
1195 2158 1247 2211 iu
1273 2158 1460 2213 multis
1488 2160 1758 2216 exsistens
1783 2161 2181 2230 quantitatibus
2212 2180 2318 2216 non

745 2251 1012 2318 pr0priis,
1042 2250 1151 2306 illis
1173 2252 1624 2307 mediantibusin
1668 2255 1854 2308 multis
1899 2257 2123 2322 reperiri
2161 2256 2318 2310 locis.

740 2346 851 2397 lloc
882 2345 1048 2398 etiam
1068 2345 1336 2413 exemplis
1362 2347 1696 2402 conﬁrmare
1745 2347 1874 2402 licet
1925 2349 2122 2402 anima!
2194 2366 2323 2404 nos-

739 2447 856 2502 ιε’ςιι,
908 2453 1054 2506 quae,
1104 2453 1226 2492 cum
1261 2456 1357 2509 pcr
1385 2455 1444 2495 se
1469 2456 1574 2494 non
1603 2441 1803 2496 habeat
1832 2441 2189 2510 quantitatem
2214 2458 2321 2511 qua

736 2541 1213 2586 commensuretur
1234 2533 1535 2586 continenti
1556 2549 1616 2589 se
1637 2533 1873 2602 corpori.
1897 2541 2005 2589 tota
2029 2543 2112 2588 est
2133 2535 2184 2588 in
2209 2543 2323 2589 toto

742 2639 795 2680 et
843 2627 1075 2694 singulis
1109 2628 1358 2695 corporis
1406 2627 1678 2696 partibus.
1704 2627 1841 2682 Tum
1868 2627 2031 2681 etiam
2049 2629 2324 2685 sermonis

735 2721 1014 2788 exetiiplo,
1037 2722 1126 2788 qui
1150 2723 1263 2789 ipse
1291 2731 1345 2774 et
1369 2737 1515 2776 unus
1535 2738 1765 2777 numero
1790 2732 1970 2792 potest
1989 2723 2216 2778 interius
2237 2738 2324 2778 es-

743 2829 823 2876 se,
856 2811 987 2878 dici,
1017 2813 1196 2866 audiri
1227 2823 1279 2866 et
1316 2815 1520 2870 scribi:
1563 2815 1744 2870 dietus
1777 2832 1906 2870 tero
1929 2816 2044 2871 sive
2085 2832 2322 2887 pronun-

738 2907 930 2970 tiatus,
991 2906 1105 2962 ipse
1129 2906 1290 2959 etiam
1317 2922 1344 2958 a
1371 2907 1559 2961 multis
1579 2908 1740 2961 simul
1775 2908 1963 2963 auditu
1995 2909 2316 2978 percipitur.

741 2997 1009 3051 Pra'lcrca
1041 2999 1293 3068 exemplo
1319 3001 1473 3064 solis,
1505 3001 1661 3069 cujus
1722 3003 1904 3055 lumen
1965 3011 2119 3057 extra
2155 3012 2210 3056 et
2246 3002 2326 3055 in-

743 3091 1068 3145 tradouium
1103 3092 1345 3146 illustrat
1403 3103 1571 3162 etper
1603 3093 1803 3147 vitrum
1869 3105 2182 3163 penetrans,
2244 3097 2328 3148 in-

2429 597 2612 649 Ἀτταν
2664 596 2763 665 μὲν
2798 598 2908 666 γάρ
2945 597 3104 666 σῶμα
3150 597 3417 666 τυγχάνον
3455 595 3510 649 ἔν
3536 615 3644 649 τινι
3672 597 3841 666 τόπῳ,
3877 597 4009 650 αύτό

2423 704 2479 738 τε
2519 687 2639 739 ὅλον
2688 687 2795 756 ὅλῳ
2845 690 3244 757 συμμετρεῖται
3280 687 3355 757 τῷ
3401 689 3573 758 τόπῳ.
3618 689 3711 742 καὶ
3740 689 3808 740 τὰ
3843 689 4008 757 μόρια

2421 781 2615 832 τούτου
2675 784 2787 842 τοῖς
2836 782 2930 833 τοῦ
2996 783 3160 834 τόπου
3228 783 3455 852 μέρεσιν
3513 781 3850 842 ἀποδίδοται,
3910 781 4007 833 καὶ

2426 875 2826 943 μεσιτευούσης
2852 874 2952 943 τῆς
2985 875 3119 936 ἰδίας
3147 876 3444 944 ποσότητός
3475 874 3624 925 ἐστιν
3653 875 3711 924 ἐν
3735 873 3812 942 τῷ
3838 874 4007 942 τόπῳ.

2423 966 2497 1017 Τὸ
2527 968 2635 1036 γὰρ
2669 969 2725 1018 ἐν
2753 969 2904 1037 τόπῳ
2929 963 3069 1019 εἶναι
3093 971 3157 1036 τῇ
3185 968 3444 1035 ποσότητι
3479 967 3684 1035 κυρίως
3711 967 4006 1033 προσήκειο

2425 1060 2710 1128 ἑπομένως
2749 1061 2807 1112 δὲ
2847 1061 2938 1113 καὶ
2988 1062 3052 1130 τῇ
3088 1061 3267 1127 οὐσίᾳ,
3297 1054 3365 1129 ἧς
3417 1061 3450 1128 ὴ
3485 1059 3711 1127 τοιαύτη
3767 1058 4008 1124 ποσότης

2424 1152 2910 1206 ὲστί.Κάντεῦθεν
2977 1152 3269 1219 συμϐαίνει
3331 1152 3393 1205 τὸ
3459 1153 3618 1220 σῶμα
3677 1151 3792 1202 ἐκεῖ
3848 1150 4010 1219 μόνον

2424 1242 2584 1310 εἶναι,
2638 1247 2773 1299 ὅπου
2830 1247 2862 1314 ὴ
2917 1246 3156 1313 πτσότης
3213 1243 3379 1298 αὐτοῦ
3434 1247 3526 1298 καὶ
3575 1245 3632 1296 αί
3691 1242 4009 1303 διαστάσεις

2425 1339 2795 1408 εὑρίσκονται.
2865 1337 3155 1390 Ἀδύνατον
3214 1335 3270 1388 δὲ
3331 1335 3431 1405 τὴν
3498 1335 3671 1404 αὐτὴν
3736 1334 4010 1399 ποσότητα

2425 1431 2637 1483 πλείοσι
2695 1429 3132 1499 συμμετρεῖσθαι
3186 1429 3374 1487 τόποις
3429 1429 3588 1496 ὁμοῦ.
3631 1428 3756 1480 Ἐπὶ
3803 1427 3859 1479 δὲ
3917 1425 4010 1477 τοῦ

2426 1523 2684 1593 σώματος
2707 1523 2802 1576 τοῦ
2841 1522 3081 1592 Χριστοῦ
3125 1521 3223 1591 οὐχ
3255 1521 3428 1583 οὕτως
3461 1522 3574 1590 ἔχει
3601 1537 3615 1551 ο
3652 1521 3768 1572 ἔστι
3813 1519 3922 1587 γὰρ
3957 1519 4013 1570 ἐν

2423 1620 2574 1688 τόπῳ
2624 1617 3024 1687 μεσιτευούσης
3072 1616 3170 1685 τῆς
3227 1615 3552 1685 ποσότητος,
3586 1614 3681 1665 καὶ
3740 1614 4013 1681 πρότερον

2426 1710 2849 1780 ἐνυπαρχούσης
2879 1709 2955 1778 τῷ
2990 1710 3160 1778 ἄρτῳ.
3211 1708 3274 1761 Εἰ
3310 1707 3364 1759 δὲ
3401 1708 3495 1760 καὶ
3544 1708 3576 1774 ἡ
3629 1705 3735 1758 ίδία
3775 1706 4012 1772 ποσότης

2425 1803 2518 1856 τοῦ
2569 1800 2840 1868 παναγίου
2895 1799 3153 1869 σώματος
3187 1798 3512 1868 ἀχωρίστως
3547 1795 3697 1862 αὐτῷ
3740 1795 4010 1859 σύνεστιν,

2425 1895 2541 1948 ἀλλ’
2572 1893 2854 1963 ἑπομένως
2898 1892 2995 1943 καὶ
3039 1891 3137 1959 τῆς
3187 1890 3377 1950 οὐσίας
3421 1887 3837 1958 μεσιτευούσης,
3889 1889 4013 1958 ἣτις

2423 1989 2553 2042 ἄνευ
2590 1987 2724 2049 ίδίας
2771 1984 3073 2055 ποσότητος
3106 1982 3409 2051 ὑφεστάναι
3459 1982 3520 2034 οὺ
3574 1979 3826 2034 δύναται.
3860 1979 4015 2033 Ἐπεὶ

2423 2081 2603 2131 τοίνυν
2633 2078 2786 2131 οὐδὲν
2829 2075 3028 2129 κωλύει
3062 2073 3263 2135 πολλὰς
3297 2067 3438 2124 εἶναι
3477 2071 3782 2139 ποσότητας
3831 2070 4014 2139 ἄρτων

2424 2175 2483 2224 ὲν
2534 2172 2749 2233 πολλοῖς
2801 2168 3239 2238 θυσιαστηρίοις,
3273 2165 3528 2218 ἐντεῦθεν
3578 2164 3867 2233 συμϐαίνει
3921 2166 4016 2216 καὶ

2424 2266 2483 2317 τὸ
2511 2263 2605 2316 τοῦ
2641 2261 2880 2331 Χριστοῦ
2930 2260 3091 2330 σῶμα
3138 2259 3198 2312 τὸ
3239 2259 3403 2312 αὐτὸν
3431 2257 3651 2328 ἀριθμῷ
3688 2261 3742 2310 ὲν
3769 2257 4015 2310 πλείοσιν

2386 2357 2676 2428 εὐπάρχον
2725 2355 3025 2423 ποσότησιν
3075 2353 3176 2406 οὐκ
3209 2352 3392 2415 ίδίαις.
3435 2351 3645 2405 τούτων
3695 2368 4016 2419 μεσιτευου-

2428 2452 2536 2504 σῶν
2571 2452 2628 2503 ὲν
2679 2447 2897 2508 πολλοῖς
2935 2446 3296 2513 εὑρίσκεσθαι
3350 2445 3563 2507 τόποις.
3593 2442 3800 2497 Τούτου
3833 2443 3886 2495 δὲ
3919 2444 4015 2494 καὶ

2426 2543 2840 2614 παραδείγμασι
2877 2539 3103 2592 δυνατόν
3130 2539 3250 2590 ἐστι
3285 2537 3521 2608 χρῆσθαι
3548 2552 3560 2565 ·
3593 2539 3657 2605 τῇ
3685 2536 3739 2588 δὲ
3769 2535 4016 2604 ἡμετέρα

2426 2638 2598 2708 ψυχῇ,
2631 2638 2755 2706 ἥτις
2802 2633 2892 2686 διὰ
2922 2633 2983 2686 τὸ
3017 2631 3092 2702 μὴ
3120 2631 3265 2700 ἔχειν
3306 2631 3580 2697 ποσότητα
3619 2629 3745 2681 καθ’
3772 2628 3945 2694 αὐτὴν

2430 2729 2804 2800 συμμετροῖτο
2845 2725 2911 2778 ἂν
2962 2725 3039 2794 τῷ
3071 2725 3383 2793 περιέχοντι
3421 2721 3659 2788 σώματι,
3690 2721 3786 2788 ὅλη
3815 2721 3910 2772 καὶ
3954 2720 4013 2772 ἐν

2428 2825 2536 2893 ὅλῳ
2590 2823 2684 2874 καί¹
2735 2822 2791 2872 ὲν
2842 2820 3059 2885 ἑκάστῳ
3117 2817 3291 2887 μορίῳ
3338 2815 3432 2868 τοῦ
3474 2813 3726 2881 σώματος
3779 2813 4011 2879 πέφυκε.

2429 2917 2539 2970 Καὶ
2572 2918 2650 2969 ἔτι
2680 2914 2756 2984 τῷ
2801 2915 2966 2983 λόγῳ,
2994 2913 3052 2972 ὃς
3107 2913 3134 2964 6
3185 2910 3348 2971 αὐτὸς
3393 2909 3487 2962 καὶ
3533 2901 3613 2969 εἷς
3648 2906 3892 2976 ἀριθαῷ,
3925 2907 4020 2958 καὶ

2431 3008 2738 3069 ἐνδιάθετος
2780 3001 2920 3058 εἶναι
2950 3003 3199 3068 δύναται,
3232 3001 3325 3054 καὶ
3358 3000 3675 3067 λεγόμενος,
3697 2998 3791 3050 καὶ
3822 2996 4021 3048 ἀκουό-

2433 3117 2594 3170 μενος
2625 3100 2717 3150 καὶ
2747 3097 3097 3167 γραφόμενος
3128 3112 3141 3124 ·
3171 3095 3264 3147 καὶ
3304 3093 3331 3143 ό
3361 3091 3656 3158 λεγόμενος
3682 3089 3737 3140 δὲ
3772 3088 3826 3150 6;
3857 3090 3953 3139 καὶ
3984 3088 4010 3139 6

739 3184 914 3235 terius
941 3199 1058 3236 eam
1095 3183 1381 3249 illuminat,
1410 3184 1550 3237 idem
1614 3185 1777 3239 simul
1837 3186 2128 3250 exsistens,
2155 3195 2209 3240 et
2239 3201 2330 3244 ue-
2355 3209 2400 3271 ρ
2434 3188 2500 3241 αὐ

2257 3201 2330 3244 te-
2355 3209 2400 3271 ρ
2434 3188 2593 3249 αὐτὸς
2623 3188 2812 3249 ἀκοαῖς
2847 3184 3316 3256 περιλαμϐάνεται
3351 3180 3591 3235 πλείοσι.
3629 3178 3775 3248 Πρὸς
3803 3179 4017 3240 τούτοις

737 3293 845 3345 quc
873 3292 902 3329 a
937 3278 1140 3344 seipso,
1180 3293 1280 3331 nec
1308 3293 1335 3330 a
1378 3277 1491 3332 sole
1519 3290 1857 3348 separatum.
1883 3279 1990 3334 Sed
2031 3292 2083 3334 et
2109 3281 2318 3348 species

737 3372 790 3422 in
827 3370 1084 3424 omnibus
1117 3378 1201 3424 est
1232 3379 1284 3424 et
1309 3370 1686 3440 singularibus
1735 3371 2057 3437 individuis,
2083 3371 2320 3425 ubicun-

739 3481 846 3533 que
882 3464 970 3518 illa
995 3466 1127 3527 sint,
1159 3481 1281 3518 eum
1319 3473 1498 3519 tamen
1536 3481 1642 3520 una
1693 3482 1921 3520 numero
1951 3467 2040 3532 sit,

2431 3280 2509 3350 τῷ
2536 3278 2627 3331 τοῦ
2653 3279 2804 3350 ἡλίου
2832 3279 2971 3346 φωτὶ
2994 3277 3051 3328 ἓν
3085 3293 3146 3329 τε
3177 3275 3256 3344 τῷ
3289 3274 3393 3337 ἔξω
3428 3273 3526 3341 τῆς
3558 3270 3733 3332 οἰκίας
3761 3271 4018 3336 διαφανεῖ

2431 3376 2528 3427 καὶ
2555 3373 2702 3427 ἔνδον
2741 3373 2913 3441 αὐτῆς
2943 3387 2958 3402 ⁸
2990 3371 3083 3424 καὶ
3118 3373 3176 3423 ἐν
3221 3373 3288 3437 τῇ
3332 3367 3473 3436 ὑὲλῳ
3527 3366 3582 3417 δὲ
3618 3364 3732 3417 δντι
3762 3362 3829 3416 δι’
3863 3358 3927 3432 ἦς
3956 3361 4017 3414 τὸ

2434 3465 2547 3532 φῶς
2603 3465 2752 3518 ἔνδον
2803 3463 2901 3531 τῆς
2960 3463 3138 3524 οἰκίας
3184 3459 3446 3528 διαφανὲς
3503 3455 3886 3523 καταλάμπειν
3934 3451 4013 3518 τῷ

743 3557 893 3626 αύτῷ
951 3558 1008 3610 δὲ
1062 3557 1211 3628 ὅμως
1264 3557 1612 3625 τυγχάνοντι,
1650 3558 1741 3610 καὶ
1790 3559 1914 3626 μήθ’
1949 3557 2144 3610 ἑαυτοῦ
2182 3559 2320 3626 μήτε
2351 3556 2446 3609 τοῦ
2487 3558 2634 3627 ἡλίου
2691 3557 3073 3626 χωριζομένῳ.
3125 3554 3291 3607 ’Λλλά
3337 3554 3446 3625 μὴν
3494 3553 3588 3607 καὶ
3622 3552 3682 3606 τὸ
3743 3548 3882 3614 εἶδος
3958 3551 4016 3601 ὲν

747 3650 915 3704 πᾶσίν
976 3651 1088 3702 ἐστι
1133 3649 1247 3711 τοῖς
1297 3647 1450 3711 ἰδίοις
1504 3650 1749 3720 ἀτόμοις,
1800 3653 2048 3721 ὅπουπερ
2113 3650 2178 3704 ἂν
2231 3649 2318 3720 εἴη
2356 3649 2549 3713 ταῦτα,
2587 3651 2644 3701 ἒν
2684 3649 2742 3701 ὃν
2775 3648 3014 3718 ἀριθμῷ.

819 3748 1003 3802 Multis
1045 3745 1314 3816 ejusmodi
1389 3747 1659 3816 exemplis
1706 3747 2104 3800 dubitationem
2159 3747 2326 3800 menti

745 3843 994 3897 obortam
1040 3840 1317 3909 depellere
1373 3854 1672 3909 possumus
1719 3858 1732 3894 :
1780 3855 1966 3892 verum
2018 3839 2216 3893 sullicit
2273 3849 2328 3892 ut

744 3935 1054 3988 indubitata
1120 3931 1224 3986 ﬁde
1280 3931 1354 3984 ita
1408 3931 1740 3990 sentiamus.
1802 3941 1857 3984 et
1893 3945 1956 3984 ea
1990 3931 2103 3984 sola
2133 3930 2331 3984 conﬁr-

747 4029 900 4091 mati,
957 4024 1334 4093 perfunctorie
1397 4021 1628 4092 reliquis
1678 4022 2005 4090 adjiciamus
2055 4023 2324 4077 animum.

749 4124 925 4192 llujus
966 4122 1111 4178 enim
1171 4121 1505 4176 sacramenti
1532 4120 1678 4190 quod
1716 4120 2137 4189 supernaturale
2167 4123 2330 4171 estet

751 4218 1088 4288 prodigium,
1149 4213 1295 4284 quod
1349 4214 1563 4283 reliqua
1608 4215 1795 4268 omnia
1850 4215 2010 4281 longo
2042 4210 2330 4264 intervallo

748 4323 995 4381 superat,
1074 4324 1325 4380 quaenam
1411 4307 1650 4364 humana
1713 4306 1855 4360 ratio
1920 4305 2070 4359 reddi
2127 4311 2326 4373 potest,

753 4413 849 4456 aut
900 4403 1046 4471 quod
1120 4401 1427 4469 exemplum
1476 4415 1540 4453 ex
1595 4399 1760 4452 rebus
1819 4396 2165 4449 naturalibus
2233 4394 2327 4445 de-

752 4503 1030 4562 sumptqu
1091 4493 1267 4547 eidem
1319 4491 1716 4545 convenienter
1755 4486 2160 4542 accouunodari
2209 4484 2330 4537 ?At

2515 3746 2624 3797 Καὶ
2658 3744 2869 3807 πολλοῖς
2900 3745 3167 3808 τοιούτοις
3191 3743 3604 3814 παραδείγμασι
3638 3743 3736 3814 τὴν
3777 3742 4017 3812 ἀπορίαν

2435 3837 2529 3891 τοῦ
2611 3837 2704 3890 νοῦ
2779 3837 3234 3908 παραμυθεῖσθαι
3292 3837 3615 3907 δυνάμεθα*
3683 3837 3802 3890 ἀλλ’
3855 3837 4018 3905 ἀρκεῖ

2439 3933 2578 4003 μετὰ
2613 3932 2854 3994 πίστεως
2888 3931 3218 3985 ἀδιστάκτου
3253 3930 3414 3984 τοῦτο
3462 3933 3681 3999 φρονεῖν
3717 3930 3814 3983 καλ⁵
3843 3929 4018 3998 ταύτῃ

2439 4026 2578 4097 μόνῃ
2611 4026 3038 4096 βεϐαιουμένους
3070 4025 3240 4078 τᾶλλα
3271 4025 3346 4088 ὡς
3376 4026 3433 4077 ὲν
3461 4025 3726 4094 παρέργῳ
3765 4025 4016 4076 σκοπεῖν.

2445 4119 2758 4190 ’Υπερφυεῖ
2785 4120 2894 4188 γὰρ
2918 4118 3033 4171 ὄντι
3061 4116 3138 4187 τῷ
3170 4117 3460 4188 μυστηρίῳ
3484 4116 3580 4168 καὶ
3605 4113 3880 4184 τεραστίῳ
3909 4114 4020 4165 πᾶν

2439 4215 2662 4269 νικῶντι
2695 4215 3006 4280 τεράστιον.
3055 4209 3140 4273 τίς
3170 4209 3236 4262 ἂν
3271 4207 3567 4276 ἀποδοθείη
3609 4208 3769 4274 λόγος
3811 4205 4028 4276 ἀνθρώ-

2442 4325 2621 4371 πινος,
2665 4309 2697 4375 ἢ
2745 4307 2799 4358 τί
2841 4305 2908 4358 ἂν
2959 4305 3178 4365 οἰκείως
3236 4304 3299 4355 ὲκ
3329 4302 3438 4353 τῶν
3495 4301 3743 4370 φυσικῶν
3777 4301 4024 4369 ὲφαρμου

2444 4402 2598 4470 σθεὶη
2645 4399 3039 4468 παράδειγμας
3090 4396 3233 4448 Ἀλλ’
3285 4395 3345 4447 ού
3395 4393 3657 4462 δύναμαι,
3714 4394 3868 4462 φησὶ,
3903 4392 4024 4444 πεί-

2441 4494 2669 4546 θεσθαι·
2722 4491 2790 4544 τά
2851 4490 2950 4559 μὲν
3005 4487 3431 4558 παραδείγματα
3464 4486 3558 4537 καὶ
3610 4486 3660 4536 oi
3711 4485 3862 4551 λόγοι
3922 4485 4022 4554 τὴν

747 4602 870 4655 ego,
946 4585 1187 4651 inquies,
1243 4583 1566 4654 persuaderi
1618 4598 1728 4635 non
1775 4596 1999 4650 possum
2039 4579 2332 4647 :exempla
2369 4569 2410 4623 0
2445 4585 2507 4638 πί

2259 4579 2332 4643 )la
2369 4569 2410 4623 θ
2445 4585 2634 4638 πίστιν
2679 4581 3175 4653 προῦποτιθὲασιν,
3217 4577 3330 4646 ἐγὼ
3359 4578 3417 4630 δὲ
3447 4576 3780 4640 ἀποδείξεως
3808 4576 4021 4645 δέομαι,

750 4681 899 4732 enim
957 4689 1009 4730 et
1062 4679 1305 4732 rationes
1359 4676 1520 4730 tidem
1558 4683 1995 4744 przrsupponuut
2031 4691 2045 4739 ;
2078 4689 2180 4741 ego
2236 4687 2332 4724 au-

755 4785 862 4823 tem
895 4771 1366 4824 demonstratione
1397 4768 1617 4837 indigeo
1645 4784 1657 4819 :
1691 4768 1914 4820 credere
1941 4780 2049 4818 non
2083 4779 2326 4832 possum.

757 4861 860 4914 Sed
891 4869 1068 4930 potes,
1106 4861 1328 4928 inquam
1353 4874 1476 4926 ego,
1516 4857 1762 4922 credere,
1791 4857 1835 4912 si
1871 4857 1952 4910 \‘is
1987 4875 2002 4920 ;
2038 4871 2160 4908 nam
2201 4854 2332 4908 iich

755 4956 1066 5008 Voluntaria
1123 4961 1207 5006 est
1255 4951 1422 5004 animi
1465 4951 1784 5005 consensio.
1846 4949 2001 5013 Quod
2062 4949 2105 5001 si
2163 4947 2329 5008 nolis,

751 5065 839 5103 res
893 5051 1051 5101 aliter
1114 5061 1174 5099 se
1236 5045 1478 5107 habebit,
1529 5045 1744 5098 etiamsi
1804 5044 1965 5097 nolis.
2030 5039 2147 5096 Non
2215 5055 2334 5094 cre-

754 5145 849 5197 des
900 5142 1168 5196 asserenti
1203 5140 1351 5209 quod
1402 5153 1465 5192 ex
1529 5149 1669 5192 terra
1731 5137 1935 5192 l‘errum
2002 5136 2114 5200 ﬁat,
2175 5136 2333 5202 longe

754 5234 1012 5287 tortassis
1061 5233 1129 5286 ab
1184 5231 1456 5299 ejusmodi
1520 5229 1758 5281 artilicio
1793 5237 2054 5290 remotus,
2085 5239 2139 5281 et
2195 5227 2329 5280 illud

756 5331 1018 5395 ignorans
1068 5344 1080 5379 :
1139 5340 1317 5392 neque
1376 5322 1520 5390 quod
1577 5338 1638 5376 ex
1682 5324 1900 5375 cincrea
1945 5323 2180 5388 quadam
2221 5337 2334 5373 Ilia—

758 5419 890 5469 tcria
961 5418 1161 5469 vitrum
1217 5415 1330 5473 ﬁat,
1386 5413 1514 5480 quia
1571 5411 1822 5466 fortassis
1883 5428 2161 5481 nunquam
2203 5412 2330 5463 dum

757 5509 858 5562 ista
919 5507 1052 5558 liunt
1114 5504 1477 5568 intcrveuisti,
1546 5517 1725 5571 neque
1770 5504 2024 5557 sensibus
2087 5506 2332 5568 corporis

755 5600 871 5652 lucc
939 5598 1253 5666 percepisti,
1321 5608 1485 5664 atque
1559 5595 1630 5648 ita
1685 5596 1757 5648 de
1814 5595 1958 5649 aliis.
2037 5596 2148 5664 Ego
2204 5611 2332 5648 vero

761 5694 1051 5745 ostendam
1103 5689 1224 5749 tibi,
1298 5690 1439 5758 quod
1487 5690 1656 5741 multa
1692 5689 1903 5748 credas,
1967 5704 2093 5757 qua:
2148 5689 2334 5743 videre

759 5801 869 5839 non
926 5796 1097 5853 potes.
1151 5783 1341 5839 Credis
1377 5800 1440 5837 ex
1472 5791 1713 5849 quatuor
1762 5785 2052 5837 elctucutis
2079 5793 2333 5838 constare

751 5892 953 5946 corpus
989 5886 1138 5930 tuum
1170 5894 1183 5942 ;
1226 5877 1320 5932 sed
1357 5893 1464 5931 non
1492 5877 1642 5931 vides
1674 5875 1820 5944 quod
1854 5891 1917 5931 ex
1961 5875 2152 5930 iisdem
2186 5891 2334 5930 con:-

2445 4678 2732 4732 πιστεύειν
2764 4676 2821 4728 δὲ
2869 4675 2930 4728 οὐ
2963 4673 3227 4742 δύναμαι.
3278 4671 3440 4724 Ἀλλὰ
3473 4670 3630 4739 δύνῃ,
3687 4670 3778 4721 ἐὰν
3810 4669 4021 4741 ὲθέλῃις,

2448 4771 2731 4825 πιστεύειν
2751 4787 2762 4799 ·
2797 4768 2981 4830 πίστις
3014 4768 3125 4835 γάρ
3150 4767 3300 4842 ἐστιν
3331 4765 3578 4824 ἑκούσιος
3607 4762 3786 4831 ψυχῆς
3815 4777 4026 4828 συγκα-

2443 4866 2688 4926 τάθεσις.
2731 4862 2858 4915 Ἐὰν
2881 4861 2937 4913 δὲ
2973 4859 3047 4928 μὴ
3088 4857 3272 4930 θέλῃς,
3303 4857 3462 4919 ἄλλος
3487 4856 3552 4908 ἂν
3594 4857 3678 4924 εἰη
3720 4855 3896 4922 λόγος,
3932 4855 4025 4907 ἐὰν

2449 4960 2522 5027 μὴ
2558 4957 2742 5027 θέλῃς.
2777 4953 2900 5007 Οὐδ’
2939 4954 3022 5006 ὅτι
3055 4954 3118 5005 ὲκ
3147 4951 3253 5019 γῆς
3283 4950 3496 5017 γίνεται
3528 4947 3772 5017 σίδηρος,
3798 4947 4016 4998 πιστεύ-

2447 5067 2562 5112 σεις
2581 5049 2657 5113 τῷ
2689 5048 2929 5114 λέγοντι,
2957 5044 3090 5104 ἴσως
3124 5043 3317 5113 πόῤῥω
3346 5041 3445 5108 τῆς
3469 5039 3728 5108 τοιαύτης
3759 5039 4021 5108 ἐργασίας

2444 5143 2758 5211 τυγχάνων,
2793 5141 2889 5191 καὶ
2935 5137 3035 5190 οὐκ
3064 5134 3246 5197 εἰδὼς,
3276 5132 3387 5186 οὐδ’
3417 5135 3496 5185 ὅτι
3546 5133 3610 5184 ἔκ
3641 5151 3786 5194 τινος
3817 5131 4039 5202 τεφρὼ-⁶

2445 5234 2572 5294 δους
2599 5232 2734 5298 ὕλης
2762 5232 2789 5282 6
2815 5228 2965 5288 ὓελος
2987 5229 3075 5282 διὰ
3099 5228 3159 5280 τὸ
3189 5228 3263 5296 μὴ
3291 5227 3702 5297 παραγενέσθαι
3727 5224 3854 5277 ποτὲ
3879 5241 4026 5292 γινο-

2450 5325 2657 5392 μένοις,
2687 5323 2823 5390 μηδὲ
2860 5322 3202 5391 σωματικαῖς
3231 5319 3518 5388 αἰσθήσεσι
3549 5318 3722 5370 ταῦτα
3753 5318 3900 5381 ίδςῖν,
3926 5319 4022 5370 καὶ

2445 5415 2677 5466 ἐπὶτῶν
2739 5414 2918 5466 ἄλλων
2968 5413 3195 5481 ὁμοίως.
3265 5410 3410 5479 Ἐγὼ
3449 5411 3506 5463 δὲ
3563 5411 3725 5472 δείξω
3779 5427 3883 5469 σοι,
3941 5411 4023 5462 ὅτι

2448 5508 2619 5559 πολλὰ
2649 5509 2930 5570 πιστεύεις
2976 5507 3012 5560 ἃ
3046 5506 3267 5575 βλέπειν
3308 5507 3370 5556 οὐ
3424 5503 3578 5575 δύνῃ.
3640 5502 3924 5564 ΙΙιστῖύεις
3955 5503 4019 5555 ὲκ

2444 5598 2554 5649 τῶν
2617 5597 2901 5665 τεσσάρων
2963 5592 3103 5648 εἶναι
3160 5595 3445 5664 στοιχείων
3490 5592 3549 5643 τὸ
3592 5592 3754 5661 σῶμα
3797 5591 3857 5643 τὸ
3909 5593 4019 5653 σὸν,

2445 5691 2560 5744 ἀλλ’
2595 5693 2654 5743 οὔ
2712 5690 2936 5759 βλέπεις
2971 5690 3104 5743 αὐτὸ
3147 5688 3537 5756 συντιθέμενον
3571 5684 3629 5749 ἐξ
3673 5684 3850 5736 αὐτῶν
3879 5699 3892 5713 ·
3929 5701 4021 5734 m-

2450 5783 2663 5845 στεύεις
2695 5783 2786 5833 τὸν
2818 5781 2910 5832 σὺν
2958 5782 3299 5850 πρόπαππον
3329 5780 3423 5831 καί
3461 5778 3783 5829 ὲπίπαππον
3812 5774 4027 5826 τοιούσα

2448 5874 2500 5926 δε
2546 5873 2849 5942 γεγονέναι,
2883 5871 2997 5924 ἀλλ’
3023 5872 3122 5924 οὐκ
3169 5865 3309 5934 είδες
3335 5869 3532 5932 αὐτούς
3556 5885 3567 5897 ·
3606 5865 3882 5928 πιστεύεις
3923 5866 4016 5919 τὸν
