4462 6450
432 391 540 452 3³13

1457 387 1646 447 110M.
1688 386 1784 444 DE
1825 386 2147 445 SACRAM;
2194 384 2545 444 CORPORIS
2588 385 2733 445 JV-C.

3600 390 3708 452 374

435 502 681 571 τώμενον
744 499 936 564 πάθος,
989 498 1082 551 ἐπὶ
1117 497 1536 566 λαμπροτάταις
1570 501 1887 566 ἀποδείξεσι
1919 499 2016 567 τῆς
2050 500 2092 558 Α
2128 515 2191 567 pa

1940 499 2016 567 ;ἧς
2050 500 2092 558 Α
2128 503 2465 567 passionem,
2533 518 2642 554 non
2706 503 2823 553 sine
2869 502 3310 567 praeclarissimis
3362 504 3702 557 demonstra»

435 593 714 660 θεότητος,
763 589 1155 661 ἀναχωροῦντα
1187 589 1244 642 δὲ
1276 590 1440 643 πάλιν
1485 591 1671 655 εὐθὺς,
1709 592 1784 660 μὴ
1831 593 2015 661 φθάσῃ

434 688 496 737 τὸ
529 685 699 746 πάθος
750 683 849 752 τὴν
907 682 1196 751 βασιλικὴν
1246 683 1466 747 ἐκείνην
1497 685 1748 752 πομπὴν,
1794 688 1889 736 καὶ
1921 687 2018 753 τὴν

438 777 577 846 μετὰ
618 776 727 829 τῶν
760 775 934 845 βαῖων
984 774 1312 843 ὑπάντησιν,
1368 775 1597 837 καὶτὰς
1641 776 1754 827 τῶν
1809 777 2019 830 παίδων

436 871 622 937 φωνὰς
651 869 797 935 ἆπερ
823 868 1019 936 ἔμελλε
1074 867 1402 935 συμϐαίνειν
1451 869 1675 921 εἰσιόντι
1708 870 1807 939 τὴν
1861 871 2017 922 πόλιν

433 964 544 1014 τῶν
599 961 901 1031 προφητῶν
944 962 1038 1014 καὶ
1088 961 1261 1014 ταῦτα
1311 964 1881 1032 προαναφωνούντων,
1942 967 2017 1034 μὴ

436 1056 656 1126 κωλυθῇ
690 1055 750 1107 τὸ
778 1056 999 1108 δεῖπνον
1030 1055 1210 1107 ἐκεῖνο
1236 1054 1297 1107 τὸ
1321 1055 1468 1125 ἱερὸν
1499 1058 1626 1124 περὶ
1653 1055 1714 1109 οῦ
1743 1056 1837 1109 νῦν
1855 1058 2021 1126 ἡμεῖς

435 1149 528 1202 τὸν
558 1149 718 1216 λόγον
773 1147 1180 1218 ἐποιησάμεθα,
1218 1148 1315 1202 ml.
1361 1150 1390 1202 ὁ
1446 1148 1764 1219 θαυμαστὸς
1809 1152 2017 1213 ἐκεῖνος

439 1241 660 1309 νιπτὴρ,
694 1242 721 1293 ό
752 1241 852 1309 τῆς
906 1239 1300 1302 ταπεινώσεως
1335 1241 1432 1293 ita!
1463 1241 1564 1309 τῆς
1614 1242 1840 1311 ἀγάπης
1874 1241 2020 1296 διδά-

440 1335 660 1395 σκαλος,
716 1334 811 1385 καὶ
841 1334 872 1401 ή
919 1332 1210 1385 τελευταία
1246 1334 1386 1401 πρὸς
1433 1335 1561 1396 τοὺς
1592 1334 1843 1404 μαθητὰς
1877 1351 2017 1404 συμ-

437 1427 628 1494 ϐουλὴ,
676 1427 769 1478 καὶ
793 1427 893 1479 ὅσα
924 1425 1061 1494 πρὸς
1090 1425 1184 1477 τοῦ
1231 1424 1468 1479 Θανάτου
1502 1426 1777 1478 τελεῖσθαι
1825 1427 2018 1496 ἐχρῆν,

443 1518 688 1588 μεγάλην
720 1518 885 1570 αὐτοῦ
921 1521 982 1588 τῇ
1016 1517 1167 1589 δόξῃ,
1196 1517 1401 1588 μᾶλλον
1427 1517 1484 1571 δὲ
1517 1522 1581 1590 τῇ
1614 1517 1864 1589 ἡμετέρᾳ
1891 1518 2016 1589 δόξῃ

439 1614 531 1665 καὶ
586 1611 835 1682 σωτηρίᾳ
874 1611 1170 1680 βεϐαίωσιν
1226 1611 1636 1680 φέροντα.”ῐνα
1702 1614 1779 1681 μὴ
1835 1613 2018 1664 τοίνυν

436 1706 651 1758 ἅπαντα
679 1703 854 1756 ταῦτα
884 1703 1115 1772 διακοπῇ
1158 1705 1224 1771 τῇ
1258 1705 1633 1774 περισσοτέρᾳ
1654 1705 1745 1755 τοῦ
1778 1703 2016 1770 Χριστοῦ

440 1795 728 1864 παρρησίᾳ
778 1794 913 1862 πρῦς
969 1793 1236 1862 ὀξυτέραν
1287 1793 1587 1864 θηριωδίαν
1639 1793 2017 1860 ἐρεθισθέντος

433 1887 527 1939 τοῦ
562 1885 804 1956 πονηροῦ
833 1885 1137 1954 συνεδρίου,
1168 1886 1265 1937 καὶ
1296 1885 1704 1953 φορτικώτερον
1734 1886 1882 1954 αὐτῷ
1915 1887 2015 1957 τὴν

434 1977 694 2045 τελευτὴν
747 1977 1107 2046 ἐπιφέροντος
1137 1993 1152 2007 ⁸
1199 1977 1385 2030 οὐκέτι.
1440 1979 1727 2048 παρρησίᾳ
1778 1996 2016 2048 περιπα-

433 2071 629 2124 τοῦντα
656 2071 846 2123 τοῦτον
875 2070 1149 2140 ὀψόμεθα,
1169 2071 1283 2123 ἀλλ’
1313 2072 1480 2139 ἐγγὺς
1505 2073 1602 2142 τῆς
1627 2073 1842 2141 ἐρήμου
1876 2072 2016 2141 μετὰ

433 2167 544 2219 τῶν
591 2167 855 2235 μαθητῶν
907 2165 1283 2234 διατρίϐοντα.
1323 2165 1439 2229 Τίς,
1468 2159 1512 2218 ὦ
1557 2169 1848 2236 παρόντες,
1882 2167 2017 2220 ἀπο-

434 2259 707 2325 γνώσεται
733 2257 833 2326 τῆς
859 2257 1136 2326 σωτηρίας
1167 2256 1491 2326 τηλικοῦτον
1528 2258 1668 2328 ἔχων
1698 2259 2012 2328 Δεσπότηνς

433 2353 515 2414 τίς
547 2351 738 2420 νεκρὸς
771 2350 869 2413 ὢν,
899 2351 998 2418 οὐχ
1023 2349 1094 2411 ὼς
1143 2351 1173 2419 ἡ
1203 2350 1298 2403 τοῦ
1343 2351 1575 2421 Ἰαείρου
1605 2351 1877 2420 θυγάτηρ,
1908 2352 2017 2405 οὐδ’

433 2445 507 2507 ὡς
540 2445 640 2513 τῆς
668 2447 846 2514 χήρας
881 2446 1019 2507 υίὸς,
1070 2444 1199 2514 ἄρτι
1229 2444 1325 2497 τοῦ
1360 2447 1599 2501 θανάτου
1659 2448 2015 2516 γευσάμενοι,

439 2536 572 2589 ἀλλά
602 2539 944 2604 τεταρταῖος,
977 2536 1227 2591 τουτέστι
1250 2539 1486 2607 χρόνιος,
1522 2539 1615 2591 καὶ
1651 2541 1761 2602 τοῖς
1789 2540 2018 2609 τέταρσι

438 2628 531 2680 τοῦ
574 2628 771 2696 χρόνου
823 2632 1038 2698 καιροῖς
1081 2633 1678 2699 συμπαρατεινομένην
1728 2632 1868 2702 ἔχων
1918 2632 2018 2699 τὴν

435 2716 706 2786 νέκρωσιν
737 2720 831 2770 καὶ
855 2719 955 2788 τὴν
991 2720 1285 2790 πονηρίαν,
1317 2722 1413 2773 καὶ
1440 2721 1728 2790 δεδεμένος
1764 2723 1866 2790 μὲν
1892 2723 2018 2774 πολ-

435 2811 545 2872 λοῖς
580 2811 950 2880 ἁμαρτήμασι
976 2813 1169 2882 χεῖρας
1193 2812 1288 2865 καὶ
1328 2812 1493 2875 πόδας
1520 2811 1620 2875 τὰς
1651 2814 1760 2866 τῶν
1789 2813 2016 2881 ἀγαθῶν

437 2903 748 2973 πρακτικάς
773 2903 1056 2973 δυνάμεις,
1088 2904 1333 2974 δηλονότι
1363 2905 1746 2974 κεκωλυμένος
1774 2906 1879 2959 ὑπὸ
1911 2907 2016 2959 τῶν

437 2997 696 3066 πονηρῶν
744 2997 1039 3066 ἐνεργειῶν
1093 3013 1153 3049 τε
1204 2998 1298 3050 καὶ
1336 2997 1529 3064 ἕξεων,
1575 2999 1673 3066 τὴν
1709 2999 1768 3051 δὲ
1821 3000 2016 3062 νοερὰν

428 3089 555 3158 ὄψιν
598 3089 983 3158 πεπεδημένος
1012 3089 1207 3159 ἀγνοίᾳ
1234 3088 1330 3142 τοῦ
1362 3088 1578 3151 δέοντος
1608 3090 1872 3160 ἑκουσίῳ,
1922 3091 2014 3142 καὶ

2125 593 2366 647 tionibus
2424 610 2535 647 sua!
2586 593 2895 648 divinitatis
2941 598 3282 666 :slalimquc
3331 596 3702 656 sccrdenlem,

2126 700 2192 738 nc
2248 685 2431 750 passio
2482 687 2808 753 anticiparet
2863 687 3065 753 regiam
3121 689 3266 740 illam
3327 705 3602 758 pompam,
3653 702 3707 741 rt

2121 777 2339 831 obviam
2372 794 2498 831 cum
2539 781 2737 847 palmis
2788 781 3036 840 itionem.
3076 797 3484 851 puerorumque
3518 799 3702 843 voces,

2123 885 2244 938 qua:
2298 872 2483 923 omnia
2516 872 2845 941 ingredienti
2885 873 3074 926 urbem
3129 873 3379 927 accidere
3410 877 3701 938 debebam,

2124 978 2245 1015 rum
2298 964 2411 1017 haec
2472 967 2754 1033 propin-tae
2801 966 3308 1031 prmdixisscntme
3347 968 3704 1035 impediretur

2123 1069 2279 1108 t‘CBlla
2347 1057 2433 1108 illa
2460 1072 2640 1119 sacra,
2673 1059 2741 1110 de
2791 1073 2896 1124 qua
2928 1061 3089 1112 modo
3141 1076 3450 1115 sermonem
3493 1060 3559 1112 ad
3605 1077 3704 1115 vos

2130 1146 2430 1200 habuimus
2457 1157 2510 1200 et
2546 1149 2814 1202 mirabilis
2868 1149 2956 1202 illa
3024 1151 3218 1215 pelvis,
3277 1151 3611 1205 humilitatis
3657 1161 3709 1204 ct

2124 1235 2415 1289 charitatis
2464 1241 2986 1307 magistra;ultima
3030 1241 3094 1294 ad
3148 1242 3452 1310 discipulos
3505 1243 3708 1296 exhor-

2124 1330 2280 1394 tatio,
2335 1339 2388 1384 et
2426 1346 2769 1399 quaecunque
2802 1343 2928 1386 ante
2986 1343 3217 1386 mortem
3250 1334 3511 1402 compleri
3541 1350 3706 1403 opor-

2127 1423 2292 1484 tebat,
2355 1437 2605 1492 magnam
2650 1424 2823 1491 ipsius
2899 1425 3105 1493 gloriar,
3143 1426 3315 1495 magis
3345 1442 3477 1481 vero
3506 1439 3708 1481 nostra:

2121 1524 2178 1569 et
2225 1515 2412 1582 gloriae
2477 1523 2531 1568 et
2580 1516 2749 1569 saluti
2809 1517 3196 1570 ecrtitndinem
3269 1517 3576 1573 affercntia.
3632 1520 3708 1571 Ni:

2124 1606 2289 1675 igitur
2359 1607 2472 1660 litec
2534 1607 2719 1660 omnia
2787 1609 3348 1677 interrumperentur,
3403 1613 3544 1663 nsalo
3615 1613 3708 1664 illo

2123 1700 2421 1771 synhedrio
2477 1701 2542 1753 ad
2593 1700 2931 1754 acerbiorem
3007 1699 3276 1753 feritatem
3343 1702 3555 1753 irritato
3615 1719 3709 1768 per

2124 1795 2448 1862 ampliorem
2512 1791 2723 1846 Christi
2787 1791 3069 1855 fiduciam,
3095 1801 3149 1846 et
3182 1793 3557 1861 impudentius
3587 1794 3697 1861 jam

2125 1884 2228 1952 ipsi
2311 1898 2498 1937 necem
2567 1881 2773 1937 inferre
2831 1882 3157 1947 cogitante:
3211 1883 3516 1937 videbimus
3574 1899 3700 1936 eum

2123 1992 2232 2030 non
2271 1977 2461 2031 eadem
2495 1975 2694 2030 fiducia
2747 1976 3148 2040 ambulantem,
3201 1977 3295 2030 sed
3343 1977 3487 2031 circa
3518 1978 3704 2030 ιιι-δρι-

2123 2079 2416 2124 tumcum
2475 2069 2768 2138 discipulis
2846 2079 3183 2123 versantem.
3252 2069 3387 2133 Quis
3462 2072 3706 2130 tandem,

2122 2166 2430 2227 auditores,
2506 2165 2670 2218 talem
2722 2164 2933 2218 habens
3001 2163 3314 2226 Dominum,
3395 2165 3460 2216 dc
3532 2164 3708 2218 salute

2122 2258 2435 2325 desperabit
2469 2257 2491 2309 ?
2521 2256 2655 2322 Quis
2700 2264 2979 2320 mortuus,
3015 2271 3125 2310 non
3177 2256 3320 2310 sicut
3377 2254 3512 2308 Jairi
3569 2255 3702 2318 ﬁlia,

2122 2367 2299 2422 neque
2324 2359 2386 2406 ut
2415 2350 2597 2405 vidua:
2652 2349 2817 2412 filius,
2877 2363 3055 2418 nuper
3118 2358 3349 2404 mortem
3409 2350 3702 2411 obeuntes,

2124 2445 2221 2501 sed
2282 2443 2708 2516 quatriduanus,
2765 2443 2868 2497 hoc
2927 2450 3031 2506 est,
3076 2440 3423 2507 diuturnam,
3466 2453 3518 2495 et
3569 2457 3707 2511 qna-

2125 2551 2251 2593 tuor
2306 2548 2614 2607 temporum
2664 2536 2972 2591 intervallis
3025 2535 3409 2589 confirmatam
3471 2543 3703 2589 mortem

2125 2641 2181 2686 ct
2221 2630 2487 2685 malitiam
2541 2630 2778 2694 habens,
2845 2638 2899 2683 et
2945 2629 3132 2684 multis
3194 2629 3434 2698 peccatis
3511 2628 3708 2696 ligatas

2127 2737 2324 2778 manus
2388 2730 2442 2775 ct
2507 2721 2695 2789 pedes,
2745 2720 2954 2775 scilicet
3010 2719 3279 2774 honorum
3315 2735 3542 2786 operum
3574 2717 3709 2772 θαύ-

2124 2814 2331 2867 ctrices
2372 2812 2648 2881 potentias
2679 2812 2904 2875 habens,
2960 2813 3326 2879 detentusque
3383 2824 3478 2878 per
3533 2809 3707 2862 malos

2124 2914 2283 2960 actus
2343 2915 2398 2959 et
2449 2905 2689 2967 habitus,
2769 2904 3044 2973 spirituali
3129 2904 3248 2958 visu
3329 2904 3556 2957 orbatus
3609 2916 3730 2969 per

2123 3001 2492 3056 voluntariam
2557 2997 2720 3051 ofﬁcii
2773 2999 2858 3053 sui
2923 2997 3314 3068 ignorantiam,
3375 3009 3428 3050 et
3482 2998 3703 3051 malitia.-

2123 3094 2370 3149 fetorem
2398 3090 2659 3160 spirans?
2686 3069 2810 3158 quis
2835 3091 3020 3160 igitur,
3047 3089 3210 3143 etiam
3236 3090 3280 3142 si
3303 3088 3429 3142 talis
3449 3089 3704 3150 exsistat,

429 3181 528 3252 τὴν
559 3181 656 3250 τῆς
685 3181 951 3250 πονηρίας
978 3181 1245 3234 δυσωδίαν
1272 3181 1550 3247 ὲκπνέων;
1577 3182 1658 3244 τίς
1685 3182 1867 3234 τοίνυν
1919 3182 2011 3234 καὶ
2042 3186 2084 3243 C
2120 3187 2187 3242 de

1940 3182 2084 3243 ιαὶϐ
2120 3187 2187 3242 de
2251 3187 2431 3240 salute
2486 3185 2824 3253 despcrabit,
2885 3184 3000 3238 haec
3058 3184 3239 3237 omnia
3299 3183 3702 3238 considerans?

427 3274 668 3337 τοιοῦτος
708 3273 784 3326 ὢν
826 3273 1124 3327 άπελπίσει
1162 3273 1260 3344 τὴν
1290 3274 1590 3343 σωτηρίαν,
1625 3274 1798 3327 ταῦτα
1831 3274 2011 3326 πάντα

427 3370 603 3438 optim;
644 3369 719 3422 υύ
748 3369 858 3437 γὰρ
886 3369 982 3430 τάς
1015 3367 1336 3437 σωματικὰς
1372 3367 1486 3418 λύει
1529 3367 1718 3428 νόσους
1754 3367 1780 3418 ὁ
1809 3368 2012 3418 Δεσπό-

426 3480 522 3532 της
567 3461 749 3529 ήμῶν,
800 3461 937 3513 ἀλλά
982 3461 1077 3517 τὰς
1113 3459 1391 3528 ἁμαρτίας
1424 3460 1620 3529 ἀφίησι
1651 3459 1835 3525 πολλῷ
1883 3476 2012 3528 προ-

431 3557 765 3624 χειρότερον,
791 3553 866 3613 ὡς
890 3553 988 3622 τὴν
1020 3552 1259 3622 ψυχικὴν
1290 3553 1467 3605 ἀνεῖλε
1510 3554 1667 3605 νόσον
1703 3553 1799 3606 τοῦ
1824 3551 2011 3620 Παρα-

434 3648 597 3700 λύτου
629 3647 759 3715 πρὶν
810 3646 1102 3714 ἐπιστῆσαι
1158 3647 1221 3714 τῇ
1258 3644 1531 3714 θεραπεία
1579 3644 1674 3697 τοῦ
1728 3645 2004 3713 σώματος.

433 3740 706 3808 Πρότερον
735 3737 844 3806 γάρ
874 3732 1051 3800 εἶπεν,
1097 3735 1426 3804 Ἀφέωνταὶ
1454 3750 1571 3788 σου
1604 3737 1663 3788 al
1699 3736 1999 3803 ἁμαρτίαν

425 3828 568 3895 εἶτα,
594 3824 781 3896 Ἀρον
812 3829 919 3880 τὸν
952 3827 1288 3894 κράϐϐατόν
1322 3841 1465 3894 σου,
1505 3827 1603 3880 καί
1653 3829 1869 3896 ὕπαγε.
1928 3830 2004 3898 Τῇ

429 3925 710 3994 πρακτικῇ
742 3923 925 3975 τοίνυν
961 3923 1132 3991 ἀρετῇ
1166 3922 1266 3990 τὴν
1307 3921 1542 3991 θεωρίαν
1574 3922 2003 3989 ἀνακαλεσὼμε-

428 4017 498 4070 θα
535 4017 902 4079 σπεύσαντες,
933 4015 1008 4078 ὡς
1043 4015 1160 4066 ἐκεῖ
1208 4016 1307 4085 τὴν
1343 4015 1630 4082 Μαριάμή
1659 4015 1884 4083 Μάρθα,
1914 4017 2006 4069 καὶ

426 4110 838 4177 ὑπαντήσωμεν
873 4107 950 4176 τῷ
981 4109 1239 4176 ἡμετέρῳ
1279 4106 1527 4176 Δεσπὸτῃ
1562 4106 1666 4158 ὑπὸ
1699 4107 2003 4177 φιλανθρω-

423 4203 555 4264 πίας
586 4201 681 4254 καὶ
709 4200 862 4267 αύτῷ
896 4202 1032 4268 πρὸς
1061 4199 1159 4268 τὴν
1187 4198 1343 4268 ἡμῶν
1368 4199 1666 4251 ἀνάστασιν
1693 4200 1996 4252 σπεύδοντι·

422 4295 489 4348 ἂν
519 4297 681 4364 μόνον
731 4291 1152 4360 ἑτοιμασθῶμεν
1183 4293 1272 4343 καὶ
1299 4292 1710 4362 προφθάσωμεν
1736 4293 1904 4346 αὑτοῦ
1936 4294 1996 4345 τὸ

422 4389 718 4456 πρόσωπον
749 4389 806 4437 ὲν
840 4385 1228 4454 ἐξομολογήσει
1277 4387 1370 4437 καὶ
1429 4384 1716 4454 κλαυθμῷ,
1754 4389 1846 4439 τὸν
1904 4386 1998 4439 τοῦ

428 4483 700 4532 Δεσπὸτου
755 4480 850 4531 καὶ
913 4480 1101 4547 ἰατροῦ
1156 4473 1337 4531 οἶκτον
1387 4481 1827 4549 ἑπισπασόμεθα.
1882 4481 1998 4532 Κᾶν

424 4574 568 4626 οὕτω
622 4575 963 4642 ποιήσωμεν,
1017 4573 1180 4635 αὐτὸς
1231 4573 1324 4625 τὸν
1376 4573 1648 4643 ἡμέτερον
1695 4575 1995 4643 ἀναστήσει

423 4670 696 4736 Λάζαρον,
728 4669 976 4719 τουτέστι
1023 4666 1116 4718 τὸν
1155 4667 1349 4735 νεκρὸν
1397 4668 1490 4718 καὶ
1537 4667 1808 4720 δυσωδίαν
1859 4671 1996 4721 ἀπο-

424 4761 655 4811 πνέοντα
710 4757 856 4819 νοῦν,
909 4760 1003 4810 καὶ
1037 4759 1135 4810 ἕνα
1168 4759 1276 4810 τῶν
1313 4760 1797 4825 συνανακειμένων
1849 4763 1998 4830 αύτῴ

420 4855 637 4921 ποιήσει
671 4856 764 4904 καὶ
799 4852 1270 4919 συνεστιωμένων,
1302 4852 1502 4919 μᾶλλον
1536 4853 1591 4902 δὲ
1616 4853 1708 4904 τοῦ
1744 4852 1998 4922 σώματος

418 4945 567 5014 αύτῷ
604 4945 908 5009 μεταδώσει
967 4945 1060 4996 τοῦ
1118 4943 1266 5013 ἱεροῦ
1298 4947 1390 4996 καὶ
1434 4944 1528 4996 τοῦ
1569 4947 1841 5011 αἵματος,
1902 4949 1996 5000 καὶ

421 5041 555 5107 πρὶς
604 5037 700 5106 τὴν
737 5038 1120 5106 πνευματικὴν
1149 5037 1447 5089 ἐπιδιδόναι
1479 5039 1692 5105 ποιήσει
1722 5037 1888 5106 ζωὴν,
1925 5040 1990 5088 οὐ

413 5226 539 5278 τοὺς
571 5227 773 5278 αίῶνατ
835 5223 882 5268 ’⁵
903 5227 1030 5292 uin.

2121 3279 2235 3334 Non
2294 3283 2439 3334 enim
2479 3279 2801 3348 corporales
2855 3279 3073 3332 morbos
3139 3277 3486 3331 solummodo
3540 3277 3704 3332 solvit

2123 3368 2388 3424 Dominus
2446 3378 2656 3432 noster,
2694 3370 2790 3423 sed
2857 3369 3030 3422 multo
3087 3367 3306 3422 facilius
3356 3379 3583 3436 peccata
3617 3369 3702 3420 di-

2118 3463 2320 3528 mittit;
2356 3464 2500 3517 sicut
2527 3463 2872 3530 spiritualcm
2905 3463 3192 3532 paralytici
3230 3463 3505 3528 morbum,
3545 3463 3699 3532 prius

2115 3571 2279 3626 quam
2332 3555 2587 3624 corporis
2639 3556 2912 3610 curationi
2977 3556 3280 3610 insisteret.
3347 3555 3506 3610 Prius
3549 3555 3696 3610 enim

2114 3650 2273 3713 dixit,
2311 3647 2667 3701 Dimittuntur
2710 3647 2804 3700 tibi
2845 3657 3063 3715 peccata
3097 3667 3108 3700 :
3142 3663 3290 3712 mox,
3318 3647 3464 3700 Tolle
3501 3648 3697 3716 graba-

2115 3752 2225 3794 tum
2255 3753 2423 3805 tuum,
2451 3755 2497 3795 et
2549 3742 2785 3794 anibula.
2815 3740 3164 3796 Festincmus
3213 3741 3378 3810 igitur
3433 3741 3692 3794 virtutem

2110 3851 2276 3903 opere
2320 3843 2665 3893 exercentes.
2724 3834 2842 3900 ejus
2874 3833 3397 3902 contemplationem
3436 3833 3502 3885 ad
3551 3848 3690 3902 opus

2111 3942 2391 3992 revocare,

2111 4021 2342 4074 Domino
2377 4030 2571 4074 nostro
2595 4020 2830 4072 maxima
2866 4020 3200 4089 benignitate
3235 4019 3297 4072 ad
3333 4028 3576 4072 nostram
3605 4035 3686 4073 re-

2107 4111 2500 4167 surrectionem
2535 4111 2857 4176 festinanti;
2893 4112 2936 4165 si
2974 4110 3134 4164 modo
3163 4111 3448 4180 praeparati
3485 4112 3679 4173 simus,

2104 4215 2157 4259 et
2187 4220 2633 4274 prteocenpetnus
2685 4205 2874 4259 faciem
2909 4205 3025 4272 ejus
3058 4205 3108 4257 in
3142 4204 3491 4259 confessione
3523 4204 3682 4256 Πρευ-

2106 4316 2232 4367 que,
2283 4299 2493 4354 Domini
2542 4309 2593 4353 et
2629 4299 2818 4354 Medici
2876 4298 3316 4352 misericordiam
3373 4299 3678 4353 eliciemus.

2108 4392 2170 4445 Et
2208 4393 2253 4446 si
2305 4393 2374 4447 ita
2408 4391 2721 4456 fecerimus,
2771 4392 2887 4460 ipse
2941 4405 3190 4446 nosu-um
3229 4391 3516 4444 suscitabit
3583 4389 3681 4442 La-

2106 4499 2314 4548 zarum,
2379 4483 2482 4538 hoc
2533 4493 2637 4549 est,
2674 4493 2910 4536 mentem
2955 4491 3227 4536 mortuam
3259 4489 3312 4534 et
3368 4481 3679 4542 fatentem,

2107 4590 2387 4644 unumque
2423 4592 2490 4629 ex
2526 4575 3008 4651 discumbentibus
3050 4590 3232 4628 secum
3265 4573 3515 4628 convivis
3562 4574 3682 4628 suis

2106 4669 2312 4723 faciet:
2350 4670 2654 4736 pratsertim
2695 4683 2826 4723 vero
2883 4668 3317 4722 communicabit
3357 4668 3407 4721 ei
3464 4684 3681 4721 sacrum

2107 4778 2266 4816 suum
2325 4777 2522 4829 corpus
2554 4769 2606 4813 ct
2636 4762 2956 4829 sanguinem
2984 4777 2999 4826 ;
3032 4761 3096 4814 ad
3141 4760 3484 4829 spiritualcm
3518 4762 3679 4813 vitam

2107 4854 2372 4922 proficere
2445 4855 2627 4917 faciet,
2696 4872 2801 4908 non
2864 4855 3042 4909 solum
3110 4865 3264 4908 reatu
3332 4864 3683 4921 pecratornm

2107 4948 2366 5012 liberans,
2413 4949 2506 5003 sed
2560 4958 2614 5001 ct
2647 4949 2877 5018 gratiam
2939 4947 3129 5013 gratiae
3165 4947 3453 5016 adjiciens.
3500 4947 3683 5001 Gloria

2105 5043 2177 5096 sit
2221 5042 2610 5095 misericordia:
2643 5043 2760 5109 eius
2796 5050 2846 5098 in
2869 5044 3066 5096 saecula
3101 5043 3450 5098 srcculorum.
3488 5044 3683 5096 Amen.

419 5133 581 5201 μόνον
611 5132 709 5197 τῆς
744 5133 934 5200 ὲνοχῆς
965 5132 1070 5184 τῶν
1107 5131 1394 5200 ἁμαρτιῶν
1422 5131 1695 5196 ἀπολύων,
1727 5132 1861 5183 ἀλλὰ
1889 5135 1973 5184 καὶ
2012 5136 2174 5205 χάριν
2207 5137 2387 5205 χάριτι
2427 5138 2760 5206 προστιθείς.

2460 3935 2517 3980 ut
2585 3927 2697 3978 illic
2750 3925 2959 3979 Martha
2996 3926 3223 3978 Mariam
3268 3943 3280 3977 :
3327 3941 3687 3979 occurramus

2825 5137 2960 5202 Δόξα
3011 5138 3087 5209 τῷ
3171 5139 3311 5193 ἐλέει
3362 5138 3529 5193 αὑτοῦ
3604 5141 3680 5194 εί.
