4462 6450
443 384 542 444 377

1407 383 1590 442 ΝΟΜ.
1638 384 1695 440 ll
1734 382 1828 442 DE
1861 381 2188 442 SACIiAM.
2223 381 2573 443 CORPORE
2615 382 2769 447 περ.

3595 387 3698 447 378

506 492 777 560 Δευτέραν
808 489 994 558 ἔχουσι
1024 490 1178 553 τάξιν
1213 492 1244 558 ἡ
1277 491 1572 552 ἀνάστασις
1601 491 1692 543 τοῦ
1722 491 2002 559 Λαζάρςυ,
2036 495 2085 554 Α
2186 493 2268 545 Set

1933 508 2002 554 ›υ,
2036 495 2085 554 Α
2186 493 2503 547 Secundum
2543 495 2724 548 locum
2753 493 2956 548 habent
2981 497 3227 564 qumdam
3257 498 3385 560 alia,
3420 508 3476 550 ut
3504 495 3695 549 Las-ari

433 586 529 636 καὶ
559 586 590 651 ἡ
623 580 921 650 ἀνάϐλεψις
955 586 1048 634 τοῦ
1073 582 1279 649 τυφλοῦ
1304 599 1317 613 ο
1341 585 1397 633 ἐν
1433 583 1645 643 τούτοις
1676 585 1786 649 γὰρ
1817 583 1875 633 τὸ
1909 583 2008 651 μὲν

434 675 741 741 γινόμενον,
781 676 920 726 κατὰ
961 674 1058 742 τὴν
1089 674 1250 739 φύσιν
1300 675 1416 725 ἐστι
1445 690 1458 702 ·
1508 675 1632 725 ὅσον
1681 675 1734 725 δὲ
1765 675 1900 743 πρὸς
1947 674 2011 725 τὸ

434 766 799 832 ὑποκείμενον
836 769 894 817 ἐν
949 761 991 830 ᾦ
1038 767 1269 831 γίνεται,
1320 765 1475 832 παρὰ
1522 765 1621 830 τὴν
1656 763 1820 831 φύσιν
1869 763 2008 816 ἐστι.

436 857 585 908 Ποιεί
627 857 738 926 γὰρ
775 856 870 908 καὶ
903 858 934 924 ἡ
987 855 1150 921 φύσις
1184 853 1324 921 αὐτὴ
1366 853 1533 921 ζωὴν,
1579 853 1696 904 ἀλλ’
1720 852 1819 904 οὐκ
1851 854 1908 905 ἐν
1935 854 2012 920 τῷ

434 950 612 1019 νεκρῷ
638 968 650 980 ο
685 951 782 1002 καὶ
809 949 1023 1001 δίδωσιν
1075 948 1199 1015 δζνιν
1230 949 1260 1014 ἡ
1306 947 1488 1013 φύσις,
1544 945 1659 997 ἀλλ’
1694 946 1794 998 οὐκ
1840 946 1899 998 ἐν
1935 945 2010 1013 τῷ

438 1059 502 1092 πε
513 1059 583 1110 πη
595 1043 826 1111 ρωμένῳ
858 1041 982 1104 τούς
1013 1039 1350 1109 ὀφθαλμούς.

506 1133 710 1203 Τρξτην
738 1134 920 1202 ἔχουσι
956 1133 1109 1196 τάξιν
1142 1134 1200 1184 το
1232 1133 1424 1195 στῆναι
1452 1129 1542 1182 τοῦ
1567 1131 1770 1182 οἰκείου
1802 1129 2006 1198 δρόμου

435 1227 527 1278 τὸν
561 1227 736 1294 ἣλιον,
790 1227 818 1277 ὃ
867 1227 1060 1292 γέγονε
1099 1227 1188 1278 διὰ
1252 1223 1428 1292 Ἰησοῦ
1464 1224 1559 1275 τοῦ
1602 1224 1756 1291 Ναυῆ
1780 1239 1792 1252 ·
1829 1223 1924 1274 καὶ
1953 1221 2014 1274 τδ

437 1319 596 1387 σῶμα
628 1320 878 1389 χωρῆσαι
918 1320 1004 1370 διὰ
1058 1319 1339 1387 σώματος,
1374 1319 1448 1379 ὡς
1504 1321 1530 1370 ὁ
1587 1317 1794 1384 Κύριος
1854 1316 2014 1384 ἡμῶν

434 1411 617 1480 διῆλθε
649 1413 757 1463 τῶν
815 1413 1000 1482 θυρῶν
1044 1412 1451 1480 κεκλεισμένων
1479 1429 1492 1442 ο
1527 1411 1704 1463 ταῦτα
1737 1411 1843 1478 γὰρ
1895 1408 2015 1462 κατ’

435 1504 624 1555 οὐδένα
647 1503 851 1572 τρόπον
887 1503 1038 1572 παρᾶ
1073 1504 1170 1570 τῆς
1200 1503 1420 1570 φύσεως
1446 1501 1707 1554 δύνανται
1741 1495 2012 1566 γίνεσθαι.

445 1595 733 1647 Ἐπέκεινα
768 1595 824 1646 δὲ
861 1595 1080 1646 πάντων
1112 1595 1322 1646 τούτων
1360 1593 1469 1645 τῶν
1499 1592 1851 1659 θαυμασίων,
1881 1590 2015 1642 ἀλλὰ.

432 1685 526 1736 δύο
557 1687 664 1736 εἰσὶ
688 1684 944 1754 θαύματα
969 1685 1226 1754 μέγιστοι,
1254 1687 1346 1736 καὶ
1373 1682 1548 1736 πάντα
1574 1682 1732 1748 λόγον
1759 1680 2014 1743 νικῶντα,

432 1777 488 1828 ἓν
532 1777 630 1844 μὲν
689 1775 837 1839 ἅπαξ
887 1776 1282 1844 γεγενημένον,
1337 1775 1424 1826 ὅτε
1502 1773 1600 1841 τὴν
1659 1771 2014 1837 ἀνθρωπίνην

2119 584 2476 647 resurrectio,
2519 595 2572 638 et
2617 587 2770 640 visus
2821 586 2872 638 in
2925 600 3070 639 cmco
3111 590 3426 650 restitutio;
3466 590 3518 640 in
3576 591 3700 639 istis

2115 677 2257 728 enim
2295 676 2439 744 quod
2472 677 2556 740 ﬁt,
2583 680 2885 731 secundum
2915 688 3164 732 naturam
3196 692 3320 743 est;
3357 682 3448 734 sed
3488 683 3700 732 ratione

2115 768 2296 819 habita
2339 768 2406 820 ad
2465 768 2774 836 subjectum
2828 772 2879 823 in
2918 787 3029 839 quo
3078 772 3155 831 tit,
3206 779 3398 838 praeter
3445 781 3698 823 naturain

2114 869 2217 914 est.
2257 860 2330 913 Ea
2376 860 2575 928 quippe
2628 863 2792 914 vitam
2837 863 3022 926 etﬁcit,
3065 864 3158 917 sed
3197 879 3302 916 non
3343 863 3396 916 in
3444 873 3696 928 murltlo;

2115 954 2302 1006 eadem
2347 953 2521 1006 visum
2567 953 2680 1016 dat,
2719 953 2815 1008 sed
2845 970 2950 1007 non
2986 956 3037 1008 in
3071 956 3250 1009 oeulis
3283 956 3504 1010 orbato.

2189 1129 2436 1183 Tertium
2474 1131 2648 1182 locum
2702 1130 2928 1192 habent,
2981 1144 3203 1184 cursum
3237 1132 3521 1200 proprium
3561 1130 3700 1184 soiis

2122 1222 2341 1284 sistere,
2381 1224 2523 1290 quod
2553 1237 2645 1290 per
2675 1223 2861 1277 Jesum
2904 1223 3048 1278 Nave
3082 1223 3286 1276 factum
3326 1236 3408 1278 est
3447 1245 3458 1278 :
3494 1240 3702 1290 corpus

2121 1329 2213 1382 per
2245 1313 2396 1367 aliud
2430 1328 2630 1382 corpus
2668 1324 2978 1382 penetrare,
3017 1325 3073 1368 ut
3123 1315 3254 1369 fecit
3297 1314 3555 1368 Christus
3593 1315 3698 1367 Do-

2119 1406 2320 1468 minus,
2373 1422 2497 1458 cum
2543 1421 2640 1474 per
2683 1407 2873 1460 clausa
2925 1410 3065 1461 ostia
3132 1410 3492 1474 pertransivit
3537 1423 3550 1460 :
3589 1411 3703 1462 lucc

2118 1496 2264 1550 enim
2296 1498 2448 1550 nullo
2486 1499 2649 1551 modo
2697 1513 2730 1551 a
2771 1510 2967 1551 natura
3014 1499 3156 1552 efﬁci
3207 1510 3457 1567 possunt.
3517 1499 3702 1565 Longe

2119 1607 2251 1645 vero
2301 1607 2468 1661 Supra
2533 1594 2718 1646 omnia
2781 1595 2896 1646 bare
2953 1594 3252 1654 mirabilia,
3290 1597 3400 1649 duo
3462 1597 3697 1649 maxima

2121 1684 2389 1738 miracula
2438 1694 2590 1745 sunt,
2643 1700 2764 1753 quae
2825 1686 3092 1740 rationem
3141 1701 3361 1739 onmem
3419 1699 3700 1754 superant,

2123 1793 2290 1830 unum
2330 1777 2476 1845 quod
2514 1777 2682 1831 semel
2722 1777 2928 1830 tactum
2987 1786 3089 1838 est,
3145 1777 3365 1844 quando
3405 1776 3700 1834 humanam

433 1868 594 1935 φύσιν
629 1872 654 1920 ὁ
688 1868 823 1929 Θεὸς
857 1867 1063 1935 συνῆψε
1099 1869 1175 1935 τῷ
1211 1868 1342 1936 Θξίῳ
1375 1865 1658 1936 προσώπῳ
1689 1881 1702 1894 ο
1732 1864 1923 1932 ἕτερον
1958 1861 2014 1914 δὲ
2045 1849 2088 1906 Β
2121 1883 2186 1921 na

1958 1861 2014 1914 δὲ
2045 1849 2088 1906 Β
2121 1876 2373 1921 naturam
2405 1867 2546 1921 Deus
2571 1867 2866 1936 conjunxit
2899 1867 3102 1920 divinm
3135 1883 3387 1935 persona:
3419 1887 3430 1923 :
3464 1868 3698 1920 alterum

435 1960 621 2026 μεῖζον
651 1958 866 2018 τούτου,
909 1959 1004 2009 καὶ
1044 1958 1168 2011 καθ’
1206 1960 1421 2026 ἡμέραν
1448 1957 1756 2022 γινόμενον,
1797 1955 1879 2006 ὃτι
1903 1952 2003 2006 αὑ·
2039 2027 2042 2030 ᾔ

431 2054 556 2104 τίκα
594 2051 927 2119 μεταϐάλλει
956 2052 1054 2120 τὴν
1089 2051 1279 2102 οὐσίαν
1321 2049 1416 2101 τοῦ
1468 2050 1638 2118 ἄρτου
1688 2049 1768 2108 εἰς
1793 2047 1894 2116 τὴν
1918 2044 2012 2097 οὐ.

434 2146 556 2197 σίαν
599 2145 695 2197 τοῦ
736 2144 868 2198 [δίου
906 2143 1162 2210 σώματος
1193 2146 1220 2194 ὁ
1273 2143 1529 2212 Χριστὸς,
1563 2142 1659 2195 καὶ
1689 2141 1785 2211 τὴν
1825 2138 2016 2192 οὐσίαν

429 2238 524 2290 τοῦ
557 2239 702 2291 οἴνου
736 2239 816 2298 εἰς
850 2237 949 2306 τὴν
981 2237 1174 2290 οὐσίαν
1199 2237 1297 2288 τοῦ
1334 2237 1466 2288 ἰδίου
1494 2236 1748 2304 αἵματος.
1793 2233 1882 2285 Ἐν
1917 2231 2016 2300 μὲν

431 2332 539 2400 γὰρ
564 2312 640 2398 τῷ
675 2330 878 2397 πρώτῳ
910 2328 1178 2396 θαύματι,
1212 2328 1472 2396 οὐδετέρα
1507 2325 1672 2394 φύσις
1707 2322 2013 2394 μετεϐλήθη

432 2424 569 2491 πρὶς
594 2423 693 2489 τὴν
721 2421 918 2490 ἑτέραν
945 2437 957 2450 ·
993 2419 1110 2474 ἀλλ’
1136 2421 1193 2472 ὲν
1217 2419 1295 2488 τῷ
1321 2418 1414 2471 τοῦ
1446 2417 1685 2489 Χριστοῦ
1711 2415 2013 2486 προσώπῳ,

435 2515 528 2566 καὶ
554 2515 587 2582 ὴ
626 2513 820 2581 θεότης
872 2513 966 2564 καὶ
1001 2513 1033 2580 ή
1088 2511 1452 2581 ἀνθρωπότης
1491 2511 1820 2578 ἀσυγχύτως
1855 2506 2015 2560 εἰσίν.

448 2605 536 2656 Ἐν
571 2603 628 2655 δὲ
665 2603 840 2671 τούτῳ
895 2601 972 2670 τῷ
1037 2601 1331 2670 μυστηρίῳ
1384 2601 1445 2650 τὸ
1493 2600 1703 2668 κτίσμα
1733 2597 1872 2667 πρὸς
1921 2596 2053 2648 τὸν-

437 2694 663 2760 κτίστην
695 2694 1072 2763 μεταποιεῖται
1113 2691 1200 2744 διὰ
1235 2693 1403 2760 μέσου
1429 2690 1521 2742 τοῦ
1554 2689 1830 2757 σώματος,
1863 2687 2014 2755 καὶὴ

436 2787 839 2855 προῦφεστῶσα
879 2785 972 2836 τοῦ
1017 2784 1184 2855 ἄρτου
1214 2785 1372 2837 οὐσία
1410 2784 1569 2853 σῶμα
1600 2779 1840 2851 Χριστοῦ
1866 2780 2014 2847 γίνε·

434 2896 525 2932 ται
552 2895 565 2909 ⁶
601 2880 695 2932 καὶ
734 2880 766 2948 ἡ
797 2877 896 2947 μὲν
926 2878 1091 2930 οὐσία
1120 2877 1214 2928 τοῦ
1258 2877 1427 2945 ἄρτου
1469 2874 1894 2945 μεταϐάλλεται,
1928 2873 2016 2923 ἵνα

435 2973 492 3024 ὲν
526 2972 660 3040 ἡμίν
688 2972 750 3022 τὸ
778 2970 1081 3039 μυστήριον
1113 2970 1334 3038 ἐνεργῇ,
1366 2971 1461 3020 καὶ
1490 2966 1819 3034 συσσώμους
1864 2966 2013 3034 ἡμᾶς

433 3065 561 3131 ποιῇ
597 3062 691 3113 τοῦ
731 3060 996 3129 Χριστοῦ.
1041 3061 1108 3112 'H
1133 3061 1189 3112 δὲ
1215 3058 1415 3122 ἔξωθεν
1447 3059 1687 3119 διάθεσις
1717 3055 1814 3107 τοῦ
1845 3055 2010 3124 ἄρτου

439 3156 588 3224 μένει
626 3155 787 3206 πάλιν
815 3155 846 3221 ἡ
882 3154 1045 3220 αὐτὴ,
1078 3152 1542 3220 συγκαλύπτουσαι
1566 3151 1664 3219 τὴν
1695 3148 1886 3201 οὐσίαν
1916 3145 2010 3199 τοῦ

434 3245 707 3313 σώματος,
743 3244 830 3297 ἴνα
876 3245 1065 3312 μηδεῖς
1099 3243 1310 3310 ἴλιγγος
1340 3245 1489 3311 ἡμᾶς
1513 3243 1829 3308 κατασχὼν,
1873 3241 2015 3290 ἁπα-

431 3342 576 3408 γὰγῃ
634 3340 732 3406 τῆς
780 3337 1162 3406 μεταλήψεως.
1216 3337 1490 3401 Μέγιστον
1540 3333 1639 3402 μὲν
1667 3332 1760 3384 οὐν
1798 3333 2016 3384 πάντων

433 3433 542 3483 τῶν
579 3431 673 3482 τοῦ
703 3430 840 3483 Θεοῦ
882 3430 1210 3496 θαυμασίων
1246 3426 1407 3478 τοῦτό
1445 3428 1562 3478 ἐστι
1603 3425 1662 3476 το
1689 3427 2012 3492 μυστήριον,

437 3522 516 3574 διὸ
549 3523 643 3573 καὶ
706 3520 929 3583 πολλὰς,
983 3521 1058 3580 ὼς
1107 3519 1471 3587 προείπομεν,
1533 3518 1818 3576 ἐνστάσεις
1875 3517 2012 3580 πρὸς

431 3616 589 3667 τοῦτο
620 3613 866 3666 κινοῦσιν
915 3613 1066 3664 ἔνθεν
1104 3612 1202 3680 μὲν
1255 3611 1500 3673 ἄπιστοι,
1554 3609 1708 3660 ἔνθεν
1759 3609 1813 3660 δὲ
1864 3611 2015 3676 αἱρε-

429 3712 596 3772 τικοι,
630 3707 782 3762 ἔνθεν
823 3708 877 3760 δὲ
921 3706 1154 3769 ἰδιῶται,
1201 3706 1301 3757 οὐκ
1354 3703 1574 3772 ἔχοντες
1627 3705 1861 3772 συνορᾷν
1925 3703 2014 3756 τὸν

432 3800 594 3869 λόγον
635 3800 730 3852 τοῦ
785 3799 1112 3869 μυστηρίου,
1148 3797 1216 3860 εις
1272 3798 1557 3860 ἐνστάσεις
1609 3798 1666 3849 ὲν
1716 3798 1906 3869 ἐκείνῃ
1948 3800 2013 3868 τῇ

429 3894 617 3963 ὁμιλίᾳ
660 3891 1028 3958 διελυσάμεθσι
1053 3889 1196 3943 τότε.

502 3989 564 4037 Οἱ
605 3985 703 4054 μὲν
736 3985 845 4052 γὰρ
879 3982 1058 4034 αὐτῶν
1092 3982 1381 4051 ἀποροῦσι,
1438 3981 1557 4043 πῶς
1608 3982 1665 4033 ἐν
1697 3981 1774 4050 τῷ
1805 3997 2009 4051 παραυ-

431 4079 555 4130 τίκα
593 4077 998 4147 μεταϐάλλεται
1038 4077 1067 4143 ἡ
1104 4075 1262 4127 οὐσία
1295 4073 1391 4126 τοῦ
1420 4072 1586 4141 ἄρτου
1631 4073 1726 4126 καὶ
1758 4074 1903 4126 οἴνου
1937 4075 2016 4136 είς

433 4171 528 4238 τὴν
555 4169 744 4220 οὐσίαν
777 4167 870 4219 τοῦ
910 4167 1186 4237 σώματος.
1222 4168 1284 4217 Οἱ
1310 4166 1366 4218 δὲ
1399 4165 1671 4236 ἀποροῦσι
1710 4166 1826 4228 πῶς
1857 4165 2019 4218 δυναο

440 4263 530 4312 τόν
577 4263 695 4311 ἐστι
738 4261 836 4328 τῆς
885 4260 1072 4318 οὐσίας
1105 4257 1197 4310 τοῦ
1243 4260 1413 4326 ἄρτου
1464 4258 1905 4329 μεταϐληθείσης
1937 4259 2016 4321 είς

432 4355 533 4420 τὴν
591 4354 782 4404 οὐσίαν
813 4351 907 4403 τοῦ
941 4351 1219 4420 σώματος.
1256 4352 1442 4420 μένειν
1503 4352 1572 4404 τὰ
1629 4351 2019 4421 συμϐεϐηκότα

431 4445 525 4497 τοῦ
587 4447 773 4511 ἄρτου,
832 4444 1002 4512 fxo-av
1039 4445 1099 4494 τ’)
1156 4446 1328 4512 μῆκος
1382 4443 1574 4506 αὐτοῦ,
1629 4445 1688 4497 τὸ
1739 4444 1928 4512 βάρος,
1961 4443 2018 4496 τὸ

2119 1975 2250 2014 vero
2273 1959 2449 2026 majus
2479 1960 2598 2022 illo,
2625 1969 2677 2012 et
2702 1959 2849 2025 quod
2902 1959 3151 2028 quotidie
3195 1958 3452 2024 et'lieitur,
3479 1960 3702 2028 quando

2118 2051 2306 2105 statim
2339 2051 2598 2104 Christus
2638 2059 2976 2105 transmutat
3006 2051 3377 2106 substantiam
3445 2051 3604 2118 panis
3646 2051 3700 2103 in

2118 2143 2324 2212 proprii
2362 2142 2615 2211 corporis
2649 2141 3049 2205 substantiam,
3090 2151 3144 2195 et
3176 2141 3549 2196 substantiam
3592 2140 3700 2193 vini

2121 2236 2175 2288 in
2238 2235 2607 2290 substantiam
2644 2235 2847 2301 proprii
2888 2234 3197 2303 sanguinis.
3243 2233 3298 2286 ln
3325 2235 3502 2303 primo
3556 2234 3702 2286 enim

2120 2327 2412 2392 miraculo,
2451 2337 2649 2380 neutra
2707 2328 2757 2379 in
2818 2325 3044 2379 alteram
3091 2334 3289 2380 natura
3338 2335 3703 2381 transmutata.

2118 2431 2202 2476 εει
2228 2437 2241 2482 ;
2266 2420 2360 2474 sed
2396 2421 2446 2472 in
2485 2420 2691 2474 Christi
2729 2435 2986 2488 persona.
3027 2431 3082 2475 et
3116 2419 3383 2474 divinitas
3417 2429 3467 2473 et
3507 2420 3704 2471 huma-

2121 2514 2263 2567 nitas
2292 2521 2420 2564 sunt
2455 2511 2770 2565 inconfnse.
2798 2512 2869 2564 At
2893 2511 2946 2564 in
2976 2513 3079 2565 huc
3109 2521 3459 2566 sacramento
3487 2518 3705 2562 creatn-

2120 2622 2177 2660 ra
2202 2607 2255 2658 in
2286 2609 2604 2660 Creatorem
2643 2603 3096 2666 transfer-matur,
3134 2605 3416 2658 mediante
3446 2617 3705 2669 corpore,

2118 2706 2170 2750 et
2207 2694 2601 2764 przecxsistens
2637 2695 2798 2762 panis
2862 2695 3196 2760 substantia,
3235 2693 3450 2748 Christi
3503 2710 3706 2760 corpus

2118 2788 2374 2842 edicitur.
2417 2786 2482 2839 Et
2526 2786 2844 2841 substantia
2878 2785 3101 2854 quidem
3155 2787 3315 2856 panis
3366 2794 3706 2839 transmuta-

2121 2890 2230 2944 tur,
2270 2890 2326 2932 ut
2361 2879 2414 2932 in
2452 2879 2632 2938 _nobis
2691 2886 3104 2932 sacramentum
3155 2886 3436 2947 operetur,
3495 2892 3708 2946 nosque

2118 2986 2528 3041 concorporeos
2564 2970 2772 3024 Christi
2823 2970 3045 3024 etﬁciat.
3083 2970 3338 3024 Exterior
3389 2985 3515 3023 vero
3551 2971 3709 3038 panis

2123 3062 2393 3116 habitudo
2427 3072 2614 3115 manet
2648 3062 3012 3116 nihilominus
3048 3063 3263 3128 eadem,
3316 3071 3507 3131 tegens
3573 3062 3708 3114 sub-

2122 3154 2395 3207 stantiam
2429 3154 2700 3220 corporis,
2730 3168 2796 3207 ne
2829 3168 2934 3218 qua
2969 3169 3067 3206 nos
3108 3154 3379 3208 haesitatio
3429 3153 3704 3214 detinens,

2122 3257 2150 3295 a
2186 3243 2581 3296 communione
2610 3244 2883 3296 detrahat.
2933 3243 3231 3297 Maximum
3267 3244 3430 3314 igitur
3458 3245 3703 3297 onminm

2121 3336 2214 3388 Dei
2247 3336 2582 3389 mirabilium
2628 3337 2837 3390 esthoc
2878 3347 3331 3402 sacramentum;
3384 3340 3525 3390 unde
3569 3341 3707 3390 mul-

2120 3435 2225 3491 las,
2271 3440 2326 3479 ut
2376 3443 2540 3496 supra
2578 3429 2841 3491 diximus,
2882 3431 3145 3484 adversus
3191 3431 3323 3484 illud
3367 3433 3705 3499 objectiones

2121 3529 2338 3574 movent
2369 3521 2496 3573 hinc
2532 3521 2800 3585 inﬁdeles,
2830 3523 2982 3575 illinc
3013 3523 3270 3581 haeretici,
3314 3541 3375 3576 ex
3413 3525 3517 3575 alia
3553 3525 3709 3575 deni.

2121 3626 2228 3674 que
2259 3622 2412 3677 parte
2448 3612 2938 3670 idiota-illitterati.
2971 3613 3118 3678 quod
3157 3613 3423 3665 rationem
3460 3614 3706 3681 mysterii

2119 3704 2429 3772 perSpicere
2456 3705 2639 3758 minus
2667 3704 2909 3763 valeant,
2949 3719 3088 3772 quas
3112 3704 3335 3771 quidem
3366 3704 3708 3773 obiectiones

2121 3812 2266 3850 nunc
2297 3796 2563 3850 diluimus
2599 3796 2653 3849 in
2690 3796 2880 3850 eadem
2910 3796 3154 3850 homilia.

2195 3981 2414 4035 Illorum
2477 3982 2699 4046 quidem
2757 3983 3009 4036 nonnulli
3082 3982 3373 4050 objiciunt,
3437 3982 3712 4050 quomodo

2120 4077 2173 4129 in
2212 4083 2491 4128 momento
2539 4083 2946 4128 transmittatur
2990 4075 3298 4129 substantia
3328 4073 3486 4142 panis
3517 4082 3568 4124 ct
3601 4072 3710 4123 vini

2122 4168 2177 4221 in
2214 4167 2583 4222 substantiam
2616 4167 2894 4235 corporis.
2947 4166 3082 4229 Alii,
3119 4165 3398 4234 quanme
3448 4162 3711 4230 possibile

2123 4261 2220 4326 sit,
2277 4261 2588 4315 substantia
2636 4261 2794 4328 panis
2836 4269 3045 4312 mutata
3076 4260 3128 4310 in
3163 4258 3526 4311 substantiam
3580 4271 3710 4307 cur-

2124 4354 2296 4422 poris.
2358 4368 2587 4407 manere
2661 4352 2971 4407 accidentia
3043 4350 3221 4420 panis.
3286 4364 3480 4415 nempe
3534 4345 3711 4410 longi-

2124 4449 2370 4501 tudinem
2408 4447 2548 4512 ejns,
2583 4446 2823 4515 pondus,
2864 4445 3228 4505 latitudinem,
3277 4443 3540 4503 colorem,
3576 4442 3710 4493 odo-

417 4539 655 4600 ’πλάτος
689 4539 746 4589 τὸ
783 4538 1004 4606 χρῶμα,
1027 4538 1125 4604 τὴν
1155 4538 1353 4606 ὀσμὴν,
1389 4539 1482 4588 καὶ
1513 4537 1612 4606 τὴν
1642 4538 1698 4589 ὲν
1727 4539 1791 4606 τῇ
1821 4537 2012 4604 γεύσει
2048 4554 2092 4609 ι)
2127 4558 2179 4593 re

1945 4553 2012 4589 πει
2048 4554 2092 4609 ι)
2127 4557 2262 4600 rem.
2299 4549 2354 4592 et
2393 4541 2444 4591 in
2481 4549 2662 4608 gustu.
2707 4538 3053 4607 qualitatem,
3111 4535 3248 4588 adeo
3293 4544 3350 4586 ut
3403 4533 3707 4587 accidentia

435 4633 723 4698 ποιότητα,
771 4629 914 4680 ὥστε
973 4626 1112 4681 εἶναι
1161 4630 1227 4680 τὰ
1270 4628 1664 4698 συμϐεϐηκότα.
1718 4628 1812 4680 τοῦ
1847 4632 2014 4696 ἄρτου

433 4721 599 4787 χωρὶς
628 4719 724 4785 τῆς
752 4718 942 4779 οὐσίας
967 4716 1062 4769 τοῦ
1082 4719 1274 4786 ἄρτου,
1297 4720 1392 4768 καὶ
1417 4718 1516 4786 τὴν
1540 4719 1802 4786 ἀληθινὴν
1826 4720 2017 4773 οὐσίαν

432 4814 526 4864 τοῦ
589 4812 837 4878 σώματος
897 4810 1245 4880 κρύπτεσθαι
1299 4813 1358 4861 ἐν
1397 4811 1806 4880 συμϐεϐηκόσιν
1849 4813 2016 4880 ἄλλης

432 4905 641 4965 οὒσίας.
679 4905 901 4972 Ἐτεροι
948 4904 1220 4973 ἀποροῦσι
1275 4903 1394 4966 πῶς
1447 4905 1678 4957 δυνατὸν
1710 4905 1830 4957 ὅλον
1871 4901 2014 4959 εἶναι

429 4999 520 5049 τὸν
569 4997 802 5065 Χριστὸν
853 5000 912 5050 ἐν
972 4997 1144 5067 μικρᾷ
1189 4997 1282 5050 τοῦ
1341 4998 1672 5067 φαινομένου
1732 4999 2014 5068 ποσότητι.

434 5091 620 5141 ’Δλλοι
668 5089 829 5142 πάλιν
879 5089 1257 5142 διαπιστοῦσιν
1314 5091 1464 5153 ὅπως
1500 5091 1560 5142 τὸ
1616 5090 1711 5143 τοῦ
1774 5091 2015 5159 Χριστοῦ

437 5181 700 5248 μυστικὸν
736 5181 895 5250 σῶμα
927 5184 1020 5235 καὶ
1063 5183 1406 5252 τεμνόμενον
1437 5183 1700 5253 ἀκέραιον
1743 5182 2014 5251 διαμένει,

431 5273 524 5321 καὶ
576 5273 684 5323 τῶν
741 5274 1049 5342 τμημάτων
1101 5273 1356 5339 ἕκαστον,
1404 5275 1536 5327 αὐτὸ
1583 5274 1705 5326 ὅλον
1753 5275 1870 5326 ἐστι¹
1921 5274 2013 5327 τοῦ

430 5364 672 5431 Χριστοῦ
705 5366 862 5434 σῶμα
892 5369 984 5418 καὶ
1013 5367 1244 5422 τέλειον.
1286 5369 1837 5439 ’Δποροῦσιν’ἒτεροι,
1865 5367 1894 5421 ὃ
1923 5370 2016 5422 καὶ

436 5458 698 5526 μεγίστην
745 5459 860 5528 ἔχει
897 5462 1156 5528 ἀπορίαν,
1210 5460 1325 5524 πῶς
1380 5465 1442 5514 τὸ
1481 5463 1615 5517 αὐτὸ
1665 5465 1744 5526 εἰς
1804 5462 1861 5515 ἓν
1919 5463 2013 5516 τεῦ

430 5552 670 5616 Χριστοῦ
706 5553 864 5623 σῶμά
888 5556 1026 5620 ὲστι,
1061 5557 1156 5608 καὶ
1185 5557 1240 5609 ἐν
1266 5557 1505 5628 οὐρανῷ,
1529 5558 1625 5610 καὶ
1651 5560 1706 5610 ὲν
1737 5557 2014 5620 πλείστοις

431 5644 548 5713 ἆμα
581 5646 997 5717 θυσιαστηρίοις
1032 5651 1088 5701 ἐν
1145 5653 1239 5722 γῇ.
1298 5652 1462 5704 Ἀλλὰ
1518 5652 1724 5715 ταύτας
1763 5651 1863 5722 μὲν
1918 5653 2016 5714 τὰς

430 5736 668 5805 ἀπορίας
705 5740 800 5791 καὶ
843 5739 1151 5812 λελύκαμεν
1184 5745 1325 5808 τότε,
1372 5747 1468 5798 καὶ
1504 5745 1786 5816 δυνάμεθα
1838 5746 2010 5811 λύειν,

429 5831 497 5898 τῇ
537 5831 774 5900 Χριστοῦ
809 5834 1147 5903 φωτίσαντος
1185 5840 1330 5910 ἡμᾶς
1360 5842 1544 5911 χάριτι
1575 5855 1584 5868 ·
1632 5841 1837 5911 μᾶλλον
1881 5841 1938 5896 δὲ
1969 5842 2014 5895 οἱ

2124 4636 2283 4705 panis
2308 4635 2420 4688 sint
2456 4633 2663 4701 absque
2696 4632 3008 4686 substantia
3050 4631 3226 4698 panis,
3299 4641 3352 4683 et
3402 4645 3526 4683 vera
3579 4629 3711 4681 sub-

2131 4725 2338 4782 stantia
2403 4725 2653 4794 corporis
2718 4724 2885 4777 lateat
2953 4725 3006 4777 in
3039 4721 3420 4776 accidentibus
3485 4723 3710 4774 alterius

2123 4818 2470 4875 substantia.
2538 4818 2642 4870 Alii
2681 4825 2934 4885 quaerunt
2991 4817 3270 4882 quomodo
3322 4814 3586 4883 possibile
3639 4815 3712 4866 sit

2123 4921 2293 4966 totum
2323 4909 2606 4963 Christum
2639 4923 2763 4961 esse
2799 4908 2851 4958 in
2885 4905 3112 4958 minima
3138 4903 3286 4958 illius
3321 4905 3464 4973 Quod
3497 4903 3712 4955 videtur

2123 5005 2450 5075 quantitate.
2475 5001 2606 5066 Alii,
2638 4999 2916 5070 quomodo
2942 5013 3146 5066 corpus
3171 4997 3372 5050 Christi
3411 4997 3703 5065 mysticum

2123 5115 2219 5152 seu
2283 5093 2707 5154 sacramentale,
2766 5092 3094 5153 dissectum,
3154 5097 3373 5141 main-at
3430 5090 3702 5157 integrum

2125 5202 2324 5249 tamen.
2362 5196 2416 5242 et
2449 5200 2790 5254 unaquaeque
2853 5182 3114 5252 particula
3153 5182 3224 5234 sit
3253 5196 3453 5248 corpus
3503 5178 3709 5233 Chriin

2123 5295 2295 5337 totum
2324 5291 2484 5350 atque
2527 5278 2856 5349 perfectum.
2893 5275 3162 5342 Quatrunt
3196 5276 3311 5338 alii,
3349 5274 3492 5340 quod
3544 5276 3711 5327 etiam

2124 5377 2423 5429 maximam
2476 5371 2851 5425 dimi-nitatem
2893 5370 3079 5432 habet,
3132 5367 3412 5436 quomodo
3463 5368 3604 5420 idem
3657 5377 3711 5420 et

2124 5478 2290 5516 unum
2327 5461 2528 5516 Christi
2564 5476 2768 5527 corpus
2811 5460 2861 5512 in
2896 5461 3038 5516 eorlo
3092 5469 3197 5521 est,
3253 5466 3303 5510 et
3343 5458 3394 5511 in
3457 5458 3712 5526 plurimis

2123 5557 2283 5608 simul
2310 5571 2478 5624 super
2514 5565 2717 5606 terram
2741 5554 3024 5606 altaribus.
3064 5552 3168 5606 Se’d
3204 5552 3558 5606 dillienliates
3586 5553 3718 5608 illas

2125 5660 2176 5703 et
2210 5658 2341 5701 tunc
2362 5648 2653 5711 solvimus,
2701 5656 2752 5698 et
2781 5647 2994 5699 solvere
3054 5647 3353 5700 etiaanm
3392 5663 3711 5716 possumus,

2124 5742 2330 5796 Christi
2371 5743 2548 5811 gratia
2581 5756 2681 5793 nos
2729 5740 3116 5807 illuminante;
3148 5740 3227 5793 vel
3265 5742 3448 5808 potius
3478 5758 3572 5794 eas
3602 5741 3713 5794 dis-

2125 5838 2351 5895 solvunt
2412 5834 2809 5904 sapientissimi
2855 5833 3113 5888 licetsic
3180 5834 3464 5902 ductores,
3525 5838 3717 5906 gratias
