  <div class='ocr_page' id='page_1' title='image "/cluster/home/n/w/nwhite01/storage/ocr_20150623/160/nnc1.0046980687/199.png"; bbox 0 0 4462 6450; ppageno 0'>
   <div class='ocr_carea' id='block_1_1' title="bbox 746 406 854 466">
    <p class='ocr_par' dir='ltr' id='par_1_1' title="bbox 746 406 854 466">
     <span class='ocr_line' id='line_1_1' title="bbox 746 406 854 466; baseline 0 -1"><span class='ocrx_word' id='word_1_1' title='bbox 746 406 854 466; x_wconf 82' lang='lat'><strong>379</strong></span> 
     </span>
    </p>
   </div>
   <div class='ocr_carea' id='block_1_2' title="bbox 1778 400 2862 464">
    <p class='ocr_par' dir='ltr' id='par_1_2' title="bbox 1778 400 2862 464">
     <span class='ocr_line' id='line_1_2' title="bbox 1778 400 2862 464; baseline -0.003 0"><span class='ocrx_word' id='word_1_2' title='bbox 1778 404 2158 464; x_wconf 76' lang='lat' dir='ltr'><strong>GENNADII</strong></span> <span class='ocrx_word' id='word_1_3' title='bbox 2193 403 2302 463; x_wconf 69' lang='grc' dir='ltr'><strong>(ΣΡ.</strong></span> <span class='ocrx_word' id='word_1_4' title='bbox 2345 400 2862 462; x_wconf 74' lang='lat' dir='ltr'><strong>PATltlARCII/E</strong></span> 
     </span>
    </p>
   </div>
   <div class='ocr_carea' id='block_1_3' title="bbox 3902 397 4007 460">
    <p class='ocr_par' dir='ltr' id='par_1_3' title="bbox 3902 397 4007 460">
     <span class='ocr_line' id='line_1_3' title="bbox 3902 397 4007 460; baseline -0.01 0"><span class='ocrx_word' id='word_1_5' title='bbox 3902 397 4007 460; x_wconf 84' lang='lat'><strong>380</strong></span> 
     </span>
    </p>
   </div>
   <div class='ocr_carea' id='block_1_4' title="bbox 746 510 2508 585">
    <p class='ocr_par' dir='ltr' id='par_1_4' title="bbox 746 514 2508 585">
     <span class='ocr_line' id='line_1_4' title="bbox 746 514 2508 585; baseline -0.001 -18"><span class='ocrx_word' id='word_1_6' title='bbox 746 526 800 571; x_wconf 70' lang='lat' dir='ltr'><strong>et</strong></span> <span class='ocrx_word' id='word_1_7' title='bbox 834 515 997 570; x_wconf 83' lang='lat' dir='ltr'><strong>studii</strong></span> <span class='ocrx_word' id='word_1_8' title='bbox 1035 514 1077 568; x_wconf 89' lang='lat' dir='ltr'><strong>si</strong></span> <span class='ocrx_word' id='word_1_9' title='bbox 1114 530 1232 583; x_wconf 65' lang='lat' dir='ltr'><strong>qum</strong></span> <span class='ocrx_word' id='word_1_10' title='bbox 1284 514 1334 567; x_wconf 91' lang='lat' dir='ltr'><strong>in</strong></span> <span class='ocrx_word' id='word_1_11' title='bbox 1375 515 1532 568; x_wconf 80' lang='lat' dir='ltr'><strong>nobis</strong></span> <span class='ocrx_word' id='word_1_12' title='bbox 1586 523 1741 580; x_wconf 86' lang='lat' dir='ltr'><strong>sunt,</strong></span> <span class='ocrx_word' id='word_1_13' title='bbox 1786 524 2042 571; x_wconf 87' lang='lat' dir='ltr'><strong>auctores</strong></span> <span class='ocrx_word' id='word_1_14' title='bbox 2080 524 2135 571; x_wconf 93' lang='lat' dir='ltr'><strong>et</strong></span> <span class='ocrx_word' id='word_1_15' title='bbox 2177 515 2329 585; x_wconf 88' lang='lat' dir='ltr'><strong>prin-</strong></span> <span class='ocrx_word' id='word_1_16' title='bbox 2355 514 2411 576; x_wconf 72' lang='grc' dir='ltr'><strong>Α</strong></span> <span class='ocrx_word' id='word_1_17' title='bbox 2435 515 2508 566; x_wconf 78' lang='grc' dir='ltr'>πά</span> 
     </span>
    </p>
   </div>
   <div class='ocr_carea' id='block_1_5' title="bbox 2252 510 4014 585">
    <p class='ocr_par' dir='ltr' id='par_1_5' title="bbox 2252 510 4014 582">
     <span class='ocr_line' id='line_1_5' title="bbox 2252 510 4014 582; baseline -0.001 -14"><span class='ocrx_word' id='word_1_18' title='bbox 2252 514 2708 580; x_wconf 71' lang='grc' dir='ltr'>ἱιι-Απάνσοφοι</span> <span class='ocrx_word' id='word_1_19' title='bbox 2762 512 2864 582; x_wconf 85' lang='grc' dir='ltr'>τῆς</span> <span class='ocrx_word' id='word_1_20' title='bbox 2937 510 3269 579; x_wconf 82' lang='grc' dir='ltr'>Ἐκκλησίας</span> <span class='ocrx_word' id='word_1_21' title='bbox 3324 511 3638 564; x_wconf 78' lang='grc' dir='ltr'>διδάσκαλοι</span> <span class='ocrx_word' id='word_1_22' title='bbox 3693 511 3913 564; x_wconf 87' lang='grc' dir='ltr'>λύουσιν</span> <span class='ocrx_word' id='word_1_23' title='bbox 3960 515 4014 566; x_wconf 82' lang='lat' dir='ltr'><strong>ol</strong></span> 
     </span>
    </p>
   </div>
   <div class='ocr_carea' id='block_1_6' title="bbox 747 625 918 678">
    <p class='ocr_par' dir='ltr' id='par_1_6' title="bbox 747 625 918 678">
     <span class='ocr_line' id='line_1_6' title="bbox 747 625 918 678; baseline 0.006 -18"><span class='ocrx_word' id='word_1_24' title='bbox 747 625 918 678; x_wconf 66' lang='lat' dir='ltr'><strong>capcs.</strong></span> 
     </span>
    </p>
   </div>
   <div class='ocr_carea' id='block_1_7' title="bbox 825 699 2327 768">
    <p class='ocr_par' dir='ltr' id='par_1_7' title="bbox 825 699 2327 768">
     <span class='ocr_line' id='line_1_7' title="bbox 825 699 2327 768; baseline 0 -14"><span class='ocrx_word' id='word_1_25' title='bbox 825 701 930 754; x_wconf 86' lang='lat' dir='ltr'><strong>Vos</strong></span> <span class='ocrx_word' id='word_1_26' title='bbox 984 714 1150 767; x_wconf 87' lang='lat' dir='ltr'><strong>porro</strong></span> <span class='ocrx_word' id='word_1_27' title='bbox 1181 700 1393 768; x_wconf 85' lang='lat' dir='ltr'><strong>absque</strong></span> <span class='ocrx_word' id='word_1_28' title='bbox 1441 700 1788 755; x_wconf 73' lang='lat' dir='ltr'><strong>dubitatione</strong></span> <span class='ocrx_word' id='word_1_29' title='bbox 1826 700 2052 756; x_wconf 87' lang='lat' dir='ltr'><strong>credere</strong></span> <span class='ocrx_word' id='word_1_30' title='bbox 2099 699 2327 764; x_wconf 85' lang='lat' dir='ltr'><strong>debetis,</strong></span> 
     </span>
    </p>
   </div>
   <div class='ocr_carea' id='block_1_8' title="bbox 748 791 2327 861">
    <p class='ocr_par' dir='ltr' id='par_1_8' title="bbox 748 791 2327 861">
     <span class='ocr_line' id='line_1_8' title="bbox 748 791 2327 861; baseline -0.001 -18"><span class='ocrx_word' id='word_1_31' title='bbox 748 800 801 843; x_wconf 91' lang='lat' dir='ltr'><strong>ct</strong></span> <span class='ocrx_word' id='word_1_32' title='bbox 830 791 1128 845; x_wconf 75' lang='lat' dir='ltr'><strong>Christiani</strong></span> <span class='ocrx_word' id='word_1_33' title='bbox 1149 806 1341 846; x_wconf 80' lang='lat' dir='ltr'><strong>omnes</strong></span> <span class='ocrx_word' id='word_1_34' title='bbox 1375 792 1516 845; x_wconf 85' lang='lat' dir='ltr'><strong>idem</strong></span> <span class='ocrx_word' id='word_1_35' title='bbox 1543 791 1770 846; x_wconf 89' lang='lat' dir='ltr'><strong>credere</strong></span> <span class='ocrx_word' id='word_1_36' title='bbox 1794 792 2085 854; x_wconf 83' lang='lat' dir='ltr'><strong>debemus.</strong></span> <span class='ocrx_word' id='word_1_37' title='bbox 2105 792 2252 861; x_wconf 87' lang='lat' dir='ltr'><strong>quod</strong></span> <span class='ocrx_word' id='word_1_38' title='bbox 2273 791 2327 843; x_wconf 92' lang='lat' dir='ltr'><strong>in</strong></span> 
     </span>
    </p>
   </div>
   <div class='ocr_carea' id='block_1_9' title="bbox 750 882 2331 950">
    <p class='ocr_par' dir='ltr' id='par_1_9' title="bbox 750 882 2331 950">
     <span class='ocr_line' id='line_1_9' title="bbox 750 882 2331 950; baseline -0.001 -15"><span class='ocrx_word' id='word_1_39' title='bbox 750 883 1141 935; x_wconf 88' lang='lat' dir='ltr'><strong>sacramentali</strong></span> <span class='ocrx_word' id='word_1_40' title='bbox 1165 883 1256 935; x_wconf 93' lang='lat' dir='ltr'><strong>illo</strong></span> <span class='ocrx_word' id='word_1_41' title='bbox 1287 897 1516 950; x_wconf 81' lang='lat' dir='ltr'><strong>corpore</strong></span> <span class='ocrx_word' id='word_1_42' title='bbox 1550 898 1677 937; x_wconf 81' lang='lat' dir='ltr'><strong>vere</strong></span> <span class='ocrx_word' id='word_1_43' title='bbox 1704 890 1788 936; x_wconf 89' lang='lat' dir='ltr'><strong>est</strong></span> <span class='ocrx_word' id='word_1_44' title='bbox 1830 882 2098 938; x_wconf 81' lang='lat' dir='ltr'><strong>Dominus</strong></span> <span class='ocrx_word' id='word_1_45' title='bbox 2146 893 2331 936; x_wconf 85' lang='lat' dir='ltr'><strong>noster</strong></span> 
     </span>
    </p>
   </div>
   <div class='ocr_carea' id='block_1_10' title="bbox 749 973 2330 1044">
    <p class='ocr_par' dir='ltr' id='par_1_10' title="bbox 749 973 2330 1044">
     <span class='ocr_line' id='line_1_10' title="bbox 749 973 2330 1044; baseline 0.001 -18"><span class='ocrx_word' id='word_1_46' title='bbox 749 973 910 1028; x_wconf 87' lang='lat' dir='ltr'><strong>Jesus</strong></span> <span class='ocrx_word' id='word_1_47' title='bbox 934 974 1206 1039; x_wconf 75' lang='lat' dir='ltr'><strong>Christus,</strong></span> <span class='ocrx_word' id='word_1_48' title='bbox 1248 974 1338 1042; x_wconf 88' lang='lat' dir='ltr'><strong>qui</strong></span> <span class='ocrx_word' id='word_1_49' title='bbox 1363 983 1526 1028; x_wconf 90' lang='lat' dir='ltr'><strong>natus</strong></span> <span class='ocrx_word' id='word_1_50' title='bbox 1554 983 1639 1029; x_wconf 90' lang='lat' dir='ltr'><strong>est</strong></span> <span class='ocrx_word' id='word_1_51' title='bbox 1672 990 1738 1029; x_wconf 79' lang='lat' dir='ltr'><strong>ex</strong></span> <span class='ocrx_word' id='word_1_52' title='bbox 1768 974 1936 1029; x_wconf 85' lang='lat' dir='ltr'><strong>Maria</strong></span> <span class='ocrx_word' id='word_1_53' title='bbox 1966 976 2205 1044; x_wconf 84' lang='lat' dir='ltr'><strong>Virgine,</strong></span> <span class='ocrx_word' id='word_1_54' title='bbox 2234 975 2330 1044; x_wconf 87' lang='lat' dir='ltr'><strong>qui</strong></span> 
     </span>
    </p>
   </div>
   <div class='ocr_carea' id='block_1_11' title="bbox 753 1065 2331 1137">
    <p class='ocr_par' dir='ltr' id='par_1_11' title="bbox 753 1065 2331 1137">
     <span class='ocr_line' id='line_1_11' title="bbox 753 1065 2331 1137; baseline 0.003 -19"><span class='ocrx_word' id='word_1_55' title='bbox 753 1066 806 1118; x_wconf 90' lang='lat' dir='ltr'><strong>in</strong></span> <span class='ocrx_word' id='word_1_56' title='bbox 841 1081 1003 1119; x_wconf 87' lang='lat' dir='ltr'><strong>cruce</strong></span> <span class='ocrx_word' id='word_1_57' title='bbox 1042 1067 1171 1118; x_wconf 87' lang='lat' dir='ltr'><strong>olim</strong></span> <span class='ocrx_word' id='word_1_58' title='bbox 1204 1065 1328 1128; x_wconf 88' lang='lat' dir='ltr'><strong>fuit,</strong></span> <span class='ocrx_word' id='word_1_59' title='bbox 1359 1074 1415 1120; x_wconf 88' lang='lat' dir='ltr'><strong>et</strong></span> <span class='ocrx_word' id='word_1_60' title='bbox 1445 1081 1591 1120; x_wconf 92' lang='lat' dir='ltr'><strong>nunc</strong></span> <span class='ocrx_word' id='word_1_61' title='bbox 1622 1067 1675 1119; x_wconf 93' lang='lat' dir='ltr'><strong>in</strong></span> <span class='ocrx_word' id='word_1_62' title='bbox 1712 1069 1851 1120; x_wconf 80' lang='lat' dir='ltr'><strong>ccelo</strong></span> <span class='ocrx_word' id='word_1_63' title='bbox 1883 1074 1986 1131; x_wconf 90' lang='lat' dir='ltr'><strong>est,</strong></span> <span class='ocrx_word' id='word_1_64' title='bbox 2024 1067 2165 1121; x_wconf 91' lang='lat' dir='ltr'><strong>idem</strong></span> <span class='ocrx_word' id='word_1_65' title='bbox 2215 1068 2331 1137; x_wconf 90' lang='lat' dir='ltr'><strong>ipse</strong></span> 
     </span>
    </p>
   </div>
   <div class='ocr_carea' id='block_1_12' title="bbox 752 1157 2332 1226">
    <p class='ocr_par' dir='ltr' id='par_1_12' title="bbox 752 1157 2332 1226">
     <span class='ocr_line' id='line_1_12' title="bbox 752 1157 2332 1226; baseline 0.002 -15"><span class='ocrx_word' id='word_1_66' title='bbox 752 1167 806 1211; x_wconf 87' lang='lat' dir='ltr'><strong>et</strong></span> <span class='ocrx_word' id='word_1_67' title='bbox 828 1159 1044 1225; x_wconf 76' lang='lat' dir='ltr'><strong>integer</strong></span> <span class='ocrx_word' id='word_1_68' title='bbox 1076 1157 1180 1210; x_wconf 90' lang='lat' dir='ltr'><strong>sub</strong></span> <span class='ocrx_word' id='word_1_69' title='bbox 1203 1158 1583 1212; x_wconf 84' lang='lat' dir='ltr'><strong>accidentibus</strong></span> <span class='ocrx_word' id='word_1_70' title='bbox 1611 1158 1770 1226; x_wconf 88' lang='lat' dir='ltr'><strong>panis</strong></span> <span class='ocrx_word' id='word_1_71' title='bbox 1800 1159 2132 1225; x_wconf 87' lang='lat' dir='ltr'><strong>occultatus,</strong></span> <span class='ocrx_word' id='word_1_72' title='bbox 2163 1167 2220 1213; x_wconf 93' lang='lat' dir='ltr'><strong>et</strong></span> <span class='ocrx_word' id='word_1_73' title='bbox 2247 1175 2332 1214; x_wconf 92' lang='lat' dir='ltr'><strong>se-</strong></span> 
     </span>
    </p>
   </div>
   <div class='ocr_carea' id='block_1_13' title="bbox 752 1250 2333 1320">
    <p class='ocr_par' dir='ltr' id='par_1_13' title="bbox 752 1250 2333 1320">
     <span class='ocr_line' id='line_1_13' title="bbox 752 1250 2333 1320; baseline 0.003 -16"><span class='ocrx_word' id='word_1_74' title='bbox 752 1252 992 1304; x_wconf 84' lang='lat' dir='ltr'><strong>cundum</strong></span> <span class='ocrx_word' id='word_1_75' title='bbox 1041 1250 1408 1306; x_wconf 73' lang='lat' dir='ltr'><strong>substantiam</strong></span> <span class='ocrx_word' id='word_1_76' title='bbox 1455 1261 1540 1306; x_wconf 90' lang='lat' dir='ltr'><strong>est</strong></span> <span class='ocrx_word' id='word_1_77' title='bbox 1575 1252 1628 1304; x_wconf 90' lang='lat' dir='ltr'><strong>in</strong></span> <span class='ocrx_word' id='word_1_78' title='bbox 1665 1264 2034 1320; x_wconf 88' lang='lat' dir='ltr'><strong>sacramento,</strong></span> <span class='ocrx_word' id='word_1_79' title='bbox 2089 1269 2196 1308; x_wconf 94' lang='lat' dir='ltr'><strong>non</strong></span> <span class='ocrx_word' id='word_1_80' title='bbox 2247 1268 2333 1308; x_wconf 88' lang='lat' dir='ltr'><strong>se-</strong></span> 
     </span>
    </p>
   </div>
   <div class='ocr_carea' id='block_1_14' title="bbox 752 1341 2332 1412">
    <p class='ocr_par' dir='ltr' id='par_1_14' title="bbox 752 1341 2332 1412">
     <span class='ocr_line' id='line_1_14' title="bbox 752 1341 2332 1412; baseline 0.003 -18"><span class='ocrx_word' id='word_1_81' title='bbox 752 1341 995 1394; x_wconf 81' lang='lat' dir='ltr'><strong>cumlum</strong></span> <span class='ocrx_word' id='word_1_82' title='bbox 1064 1342 1303 1408; x_wconf 78' lang='lat' dir='ltr'><strong>gratiam</strong></span> <span class='ocrx_word' id='word_1_83' title='bbox 1359 1349 1451 1394; x_wconf 90' lang='lat' dir='ltr'><strong>aut</strong></span> <span class='ocrx_word' id='word_1_84' title='bbox 1510 1343 1838 1412; x_wconf 72' lang='lat' dir='ltr'><strong>potentiam.</strong></span> <span class='ocrx_word' id='word_1_85' title='bbox 1901 1343 2090 1411; x_wconf 84' lang='lat' dir='ltr'><strong>Neque</strong></span> <span class='ocrx_word' id='word_1_86' title='bbox 2149 1360 2332 1400; x_wconf 87' lang='lat' dir='ltr'><strong>sacra-</strong></span> 
     </span>
    </p>
   </div>
   <div class='ocr_carea' id='block_1_15' title="bbox 754 1431 2330 1504">
    <p class='ocr_par' dir='ltr' id='par_1_15' title="bbox 754 1431 2330 1504">
     <span class='ocr_line' id='line_1_15' title="bbox 754 1431 2330 1504; baseline 0.008 -24"><span class='ocrx_word' id='word_1_87' title='bbox 754 1431 991 1483; x_wconf 89' lang='lat' dir='ltr'><strong>mentalc</strong></span> <span class='ocrx_word' id='word_1_88' title='bbox 1026 1431 1235 1484; x_wconf 74' lang='lat' dir='ltr'><strong>Christi</strong></span> <span class='ocrx_word' id='word_1_89' title='bbox 1289 1447 1492 1500; x_wconf 87' lang='lat' dir='ltr'><strong>corpus</strong></span> <span class='ocrx_word' id='word_1_90' title='bbox 1529 1443 1691 1501; x_wconf 84' lang='lat' dir='ltr'><strong>typus</strong></span> <span class='ocrx_word' id='word_1_91' title='bbox 1752 1444 1834 1486; x_wconf 86' lang='lat' dir='ltr'><strong>est</strong></span> <span class='ocrx_word' id='word_1_92' title='bbox 1888 1435 2000 1489; x_wconf 79' lang='lat' dir='ltr'><strong>veri</strong></span> <span class='ocrx_word' id='word_1_93' title='bbox 2057 1438 2330 1504; x_wconf 84' lang='lat' dir='ltr'><strong>cerporis,</strong></span> 
     </span>
    </p>
   </div>
   <div class='ocr_carea' id='block_1_16' title="bbox 753 1523 2330 1594">
    <p class='ocr_par' dir='ltr' id='par_1_16' title="bbox 753 1523 2330 1594">
     <span class='ocr_line' id='line_1_16' title="bbox 753 1523 2330 1594; baseline 0.006 -21"><span class='ocrx_word' id='word_1_94' title='bbox 753 1523 846 1574; x_wconf 80' lang='lat' dir='ltr'><strong>sed</strong></span> <span class='ocrx_word' id='word_1_95' title='bbox 889 1524 1091 1574; x_wconf 86' lang='lat' dir='ltr'><strong>veritas</strong></span> <span class='ocrx_word' id='word_1_96' title='bbox 1149 1523 1263 1589; x_wconf 88' lang='lat' dir='ltr'><strong>ipsa</strong></span> <span class='ocrx_word' id='word_1_97' title='bbox 1315 1532 1400 1576; x_wconf 87' lang='lat' dir='ltr'><strong>est</strong></span> <span class='ocrx_word' id='word_1_98' title='bbox 1445 1525 1592 1578; x_wconf 92' lang='lat' dir='ltr'><strong>illius</strong></span> <span class='ocrx_word' id='word_1_99' title='bbox 1643 1526 1912 1594; x_wconf 86' lang='lat' dir='ltr'><strong>corporis.</strong></span> <span class='ocrx_word' id='word_1_100' title='bbox 1975 1526 2130 1582; x_wconf 79' lang='lat' dir='ltr'><strong>Nunc</strong></span> <span class='ocrx_word' id='word_1_101' title='bbox 2185 1531 2330 1584; x_wconf 82' lang='lat' dir='ltr'><strong>enim</strong></span> 
     </span>
    </p>
   </div>
   <div class='ocr_carea' id='block_1_17' title="bbox 754 1619 2329 1688">
    <p class='ocr_par' dir='ltr' id='par_1_17' title="bbox 754 1619 2329 1688">
     <span class='ocr_line' id='line_1_17' title="bbox 754 1619 2329 1688; baseline 0.006 -21"><span class='ocrx_word' id='word_1_102' title='bbox 754 1632 860 1668; x_wconf 83' lang='lat' dir='ltr'><strong>non</strong></span> <span class='ocrx_word' id='word_1_103' title='bbox 887 1632 979 1684; x_wconf 82' lang='lat' dir='ltr'><strong>per</strong></span> <span class='ocrx_word' id='word_1_104' title='bbox 1008 1627 1167 1685; x_wconf 81' lang='lat' dir='ltr'><strong>typos</strong></span> <span class='ocrx_word' id='word_1_105' title='bbox 1188 1626 1282 1670; x_wconf 89' lang='lat' dir='ltr'><strong>aut</strong></span> <span class='ocrx_word' id='word_1_106' title='bbox 1304 1619 1552 1681; x_wconf 88' lang='lat' dir='ltr'><strong>umbras,</strong></span> <span class='ocrx_word' id='word_1_107' title='bbox 1583 1622 1717 1673; x_wconf 92' lang='lat' dir='ltr'><strong>utin</strong></span> <span class='ocrx_word' id='word_1_108' title='bbox 1756 1624 1925 1674; x_wconf 82' lang='lat' dir='ltr'><strong>veteri</strong></span> <span class='ocrx_word' id='word_1_109' title='bbox 1953 1623 2329 1688; x_wconf 87' lang='lat' dir='ltr'><strong>Testamento,</strong></span> 
     </span>
    </p>
   </div>
   <div class='ocr_carea' id='block_1_18' title="bbox 754 1705 2332 1780">
    <p class='ocr_par' dir='ltr' id='par_1_18' title="bbox 754 1705 2332 1780">
     <span class='ocr_line' id='line_1_18' title="bbox 754 1705 2332 1780; baseline 0.006 -23"><span class='ocrx_word' id='word_1_110' title='bbox 754 1705 846 1758; x_wconf 76' lang='lat' dir='ltr'><strong>sed</strong></span> <span class='ocrx_word' id='word_1_111' title='bbox 879 1722 974 1774; x_wconf 79' lang='lat' dir='ltr'><strong>per</strong></span> <span class='ocrx_word' id='word_1_112' title='bbox 995 1724 1081 1761; x_wconf 86' lang='lat' dir='ltr'><strong>res</strong></span> <span class='ocrx_word' id='word_1_113' title='bbox 1123 1718 1176 1761; x_wconf 89' lang='lat' dir='ltr'><strong>et</strong></span> <span class='ocrx_word' id='word_1_114' title='bbox 1214 1709 1471 1763; x_wconf 79' lang='lat' dir='ltr'><strong>veritates</strong></span> <span class='ocrx_word' id='word_1_115' title='bbox 1511 1711 1836 1780; x_wconf 80' lang='lat' dir='ltr'><strong>religiosum</strong></span> <span class='ocrx_word' id='word_1_116' title='bbox 1863 1713 2068 1765; x_wconf 90' lang='lat' dir='ltr'><strong>cultum</strong></span> <span class='ocrx_word' id='word_1_117' title='bbox 2107 1715 2332 1767; x_wconf 80' lang='lat' dir='ltr'><strong>exhibe-</strong></span> 
     </span>
    </p>
   </div>
   <div class='ocr_carea' id='block_1_19' title="bbox 755 1801 2407 1904">
    <p class='ocr_par' dir='ltr' id='par_1_19' title="bbox 755 1801 2407 1904">
     <span class='ocr_line' id='line_1_19' title="bbox 755 1801 2407 1904; baseline 0.006 -54"><span class='ocrx_word' id='word_1_118' title='bbox 755 1815 902 1854; x_wconf 86' lang='lat' dir='ltr'><strong>mus.</strong></span> <span class='ocrx_word' id='word_1_119' title='bbox 951 1801 1105 1864; x_wconf 81' lang='lat' dir='ltr'><strong>Quod</strong></span> <span class='ocrx_word' id='word_1_120' title='bbox 1145 1801 1189 1853; x_wconf 90' lang='lat' dir='ltr'><strong>si</strong></span> <span class='ocrx_word' id='word_1_121' title='bbox 1244 1813 1561 1856; x_wconf 79' lang='lat' dir='ltr'><strong>sanctorum</strong></span> <span class='ocrx_word' id='word_1_122' title='bbox 1625 1805 1826 1873; x_wconf 81' lang='lat' dir='ltr'><strong>aliquis</strong></span> <span class='ocrx_word' id='word_1_123' title='bbox 1883 1806 2186 1873; x_wconf 73' lang='lat' dir='ltr'><strong>antitypum</strong></span> <span class='ocrx_word' id='word_1_124' title='bbox 2241 1821 2333 1874; x_wconf 86' lang='lat' dir='ltr'><strong>ap-</strong></span> <span class='ocrx_word' id='word_1_125' title='bbox 2369 1852 2407 1904; x_wconf 69' lang='grc' dir='ltr'><strong>Β</strong></span> 
     </span>
    </p>
   </div>
   <div class='ocr_carea' id='block_1_20' title="bbox 757 1892 2333 1957">
    <p class='ocr_par' dir='ltr' id='par_1_20' title="bbox 757 1892 2333 1957">
     <span class='ocr_line' id='line_1_20' title="bbox 757 1892 2333 1957; baseline 0.004 -16"><span class='ocrx_word' id='word_1_126' title='bbox 757 1892 927 1956; x_wconf 84' lang='lat' dir='ltr'><strong>pellat</strong></span> <span class='ocrx_word' id='word_1_127' title='bbox 957 1892 1292 1946; x_wconf 78' lang='lat' dir='ltr'><strong>sacriﬁcium</strong></span> <span class='ocrx_word' id='word_1_128' title='bbox 1330 1895 1433 1947; x_wconf 91' lang='lat' dir='ltr'><strong>hoc</strong></span> <span class='ocrx_word' id='word_1_129' title='bbox 1465 1911 1634 1949; x_wconf 68' lang='lat' dir='ltr'><strong>coenae</strong></span> <span class='ocrx_word' id='word_1_130' title='bbox 1664 1897 1824 1950; x_wconf 82' lang='lat' dir='ltr'><strong>istius</strong></span> <span class='ocrx_word' id='word_1_131' title='bbox 1867 1896 2188 1957; x_wconf 66' lang='lat' dir='ltr'><strong>Dominicaa.</strong></span> <span class='ocrx_word' id='word_1_132' title='bbox 2221 1912 2333 1948; x_wconf 89' lang='lat' dir='ltr'><strong>ma-</strong></span> 
     </span>
    </p>
   </div>
   <div class='ocr_carea' id='block_1_21' title="bbox 754 1980 2331 2056">
    <p class='ocr_par' dir='ltr' id='par_1_21' title="bbox 754 1980 2331 2056">
     <span class='ocr_line' id='line_1_21' title="bbox 754 1980 2331 2056; baseline 0.005 -24"><span class='ocrx_word' id='word_1_133' title='bbox 754 1980 1012 2034; x_wconf 83' lang='lat' dir='ltr'><strong>nifestum</strong></span> <span class='ocrx_word' id='word_1_134' title='bbox 1075 1991 1183 2043; x_wconf 85' lang='lat' dir='ltr'><strong>est,</strong></span> <span class='ocrx_word' id='word_1_135' title='bbox 1238 1985 1569 2038; x_wconf 78' lang='lat' dir='ltr'><strong>sacriﬁcium</strong></span> <span class='ocrx_word' id='word_1_136' title='bbox 1617 1986 1838 2053; x_wconf 88' lang='lat' dir='ltr'><strong>quidem</strong></span> <span class='ocrx_word' id='word_1_137' title='bbox 1894 1987 2095 2056; x_wconf 91' lang='lat' dir='ltr'><strong>ipsum,</strong></span> <span class='ocrx_word' id='word_1_138' title='bbox 2145 1994 2331 2056; x_wconf 80' lang='lat' dir='ltr'><strong>typum</strong></span> 
     </span>
    </p>
   </div>
   <div class='ocr_carea' id='block_1_22' title="bbox 754 2073 2332 2149">
    <p class='ocr_par' dir='ltr' id='par_1_22' title="bbox 754 2073 2332 2149">
     <span class='ocr_line' id='line_1_22' title="bbox 754 2073 2332 2149; baseline 0.006 -26"><span class='ocrx_word' id='word_1_139' title='bbox 754 2086 877 2123; x_wconf 71' lang='lat' dir='ltr'><strong>esse</strong></span> <span class='ocrx_word' id='word_1_140' title='bbox 903 2073 1162 2125; x_wconf 81' lang='lat' dir='ltr'><strong>sacriﬁcii</strong></span> <span class='ocrx_word' id='word_1_141' title='bbox 1220 2074 1388 2138; x_wconf 85' lang='lat' dir='ltr'><strong>illius,</strong></span> <span class='ocrx_word' id='word_1_142' title='bbox 1425 2085 1483 2129; x_wconf 89' lang='lat' dir='ltr'><strong>ut</strong></span> <span class='ocrx_word' id='word_1_143' title='bbox 1521 2078 1612 2146; x_wconf 86' lang='lat' dir='ltr'><strong>qui</strong></span> <span class='ocrx_word' id='word_1_144' title='bbox 1652 2093 1797 2131; x_wconf 91' lang='lat' dir='ltr'><strong>nunc</strong></span> <span class='ocrx_word' id='word_1_145' title='bbox 1831 2078 2170 2144; x_wconf 76' lang='lat' dir='ltr'><strong>sacriﬁcant,</strong></span> <span class='ocrx_word' id='word_1_146' title='bbox 2221 2081 2332 2149; x_wconf 87' lang='lat' dir='ltr'><strong>typi</strong></span> 
     </span>
    </p>
   </div>
   <div class='ocr_carea' id='block_1_23' title="bbox 757 2163 2332 2226">
    <p class='ocr_par' dir='ltr' id='par_1_23' title="bbox 757 2163 2332 2226">
     <span class='ocr_line' id='line_1_23' title="bbox 757 2163 2332 2226; baseline 0.008 -11"><span class='ocrx_word' id='word_1_147' title='bbox 757 2173 885 2215; x_wconf 85' lang='lat' dir='ltr'><strong>sunt</strong></span> <span class='ocrx_word' id='word_1_148' title='bbox 917 2163 1042 2218; x_wconf 73' lang='lat' dir='ltr'><strong>Jt&#39;S&quot;</strong></span> <span class='ocrx_word' id='word_1_149' title='bbox 1081 2175 1211 2219; x_wconf 92' lang='lat' dir='ltr'><strong>tunc</strong></span> <span class='ocrx_word' id='word_1_150' title='bbox 1244 2169 1636 2224; x_wconf 86' lang='lat' dir='ltr'><strong>sacriticantis.</strong></span> <span class='ocrx_word' id='word_1_151' title='bbox 1671 2170 1908 2224; x_wconf 78' lang='lat' dir='ltr'><strong>Effectus</strong></span> <span class='ocrx_word' id='word_1_152' title='bbox 1940 2183 2122 2224; x_wconf 89' lang='lat' dir='ltr'><strong>autem</strong></span> <span class='ocrx_word' id='word_1_153' title='bbox 2159 2174 2332 2226; x_wconf 86' lang='lat' dir='ltr'><strong>sacri-</strong></span> 
     </span>
    </p>
   </div>
   <div class='ocr_carea' id='block_1_24' title="bbox 758 2258 2334 2326">
    <p class='ocr_par' dir='ltr' id='par_1_24' title="bbox 758 2258 2334 2326">
     <span class='ocr_line' id='line_1_24' title="bbox 758 2258 2334 2326; baseline 0.007 -18"><span class='ocrx_word' id='word_1_154' title='bbox 758 2258 888 2318; x_wconf 87' lang='lat' dir='ltr'><strong>ﬁcii,</strong></span> <span class='ocrx_word' id='word_1_155' title='bbox 924 2259 1062 2310; x_wconf 80' lang='lat' dir='ltr'><strong>idem</strong></span> <span class='ocrx_word' id='word_1_156' title='bbox 1099 2269 1182 2313; x_wconf 90' lang='lat' dir='ltr'><strong>est</strong></span> <span class='ocrx_word' id='word_1_157' title='bbox 1210 2270 1268 2314; x_wconf 92' lang='lat' dir='ltr'><strong>ut</strong></span> <span class='ocrx_word' id='word_1_158' title='bbox 1296 2261 1425 2314; x_wconf 91' lang='lat' dir='ltr'><strong>olim</strong></span> <span class='ocrx_word' id='word_1_159' title='bbox 1461 2269 1514 2315; x_wconf 92' lang='lat' dir='ltr'><strong>et</strong></span> <span class='ocrx_word' id='word_1_160' title='bbox 1549 2276 1718 2326; x_wconf 90' lang='lat' dir='ltr'><strong>nunc,</strong></span> <span class='ocrx_word' id='word_1_161' title='bbox 1754 2262 2334 2320; x_wconf 86' lang='lat' dir='ltr'><strong>Transsubstantiatio</strong></span> 
     </span>
    </p>
   </div>
   <div class='ocr_carea' id='block_1_25' title="bbox 756 2350 2335 2421">
    <p class='ocr_par' dir='ltr' id='par_1_25' title="bbox 756 2350 2335 2421">
     <span class='ocr_line' id='line_1_25' title="bbox 756 2350 2335 2421; baseline 0.006 -20"><span class='ocrx_word' id='word_1_162' title='bbox 756 2350 990 2410; x_wconf 84' lang='lat' dir='ltr'><strong>scilicet.</strong></span> <span class='ocrx_word' id='word_1_163' title='bbox 1052 2360 1106 2406; x_wconf 88' lang='lat' dir='ltr'><strong>et</strong></span> <span class='ocrx_word' id='word_1_164' title='bbox 1147 2353 1388 2407; x_wconf 76' lang='lat' dir='ltr'><strong>maxime</strong></span> <span class='ocrx_word' id='word_1_165' title='bbox 1449 2355 1896 2421; x_wconf 88' lang='lat' dir='ltr'><strong>supernaturalis</strong></span> <span class='ocrx_word' id='word_1_166' title='bbox 1956 2359 2335 2412; x_wconf 86' lang='lat' dir='ltr'><strong>transmutatio</strong></span> 
     </span>
    </p>
   </div>
   <div class='ocr_carea' id='block_1_26' title="bbox 757 2443 2338 2512">
    <p class='ocr_par' dir='ltr' id='par_1_26' title="bbox 757 2443 2338 2512">
     <span class='ocr_line' id='line_1_26' title="bbox 757 2443 2338 2512; baseline 0.007 -19"><span class='ocrx_word' id='word_1_167' title='bbox 757 2443 914 2510; x_wconf 86' lang='lat' dir='ltr'><strong>panis</strong></span> <span class='ocrx_word' id='word_1_168' title='bbox 951 2444 1004 2495; x_wconf 89' lang='lat' dir='ltr'><strong>in</strong></span> <span class='ocrx_word' id='word_1_169' title='bbox 1043 2459 1264 2498; x_wconf 87' lang='lat' dir='ltr'><strong>carnem</strong></span> <span class='ocrx_word' id='word_1_170' title='bbox 1302 2444 1627 2508; x_wconf 87' lang='lat' dir='ltr'><strong>animatam.</strong></span> <span class='ocrx_word' id='word_1_171' title='bbox 1657 2455 1710 2499; x_wconf 88' lang='lat' dir='ltr'><strong>et</strong></span> <span class='ocrx_word' id='word_1_172' title='bbox 1740 2446 1980 2500; x_wconf 88' lang='lat' dir='ltr'><strong>divinam</strong></span> <span class='ocrx_word' id='word_1_173' title='bbox 2017 2447 2240 2512; x_wconf 80' lang='lat' dir='ltr'><strong>factam,</strong></span> <span class='ocrx_word' id='word_1_174' title='bbox 2283 2460 2338 2504; x_wconf 91' lang='lat' dir='ltr'><strong>et</strong></span> 
     </span>
    </p>
   </div>
   <div class='ocr_carea' id='block_1_27' title="bbox 756 2535 2333 2613">
    <p class='ocr_par' dir='ltr' id='par_1_27' title="bbox 756 2535 2333 2613">
     <span class='ocr_line' id='line_1_27' title="bbox 756 2535 2333 2613; baseline 0.004 -26"><span class='ocrx_word' id='word_1_175' title='bbox 756 2535 867 2588; x_wconf 68' lang='lat' dir='ltr'><strong>vini</strong></span> <span class='ocrx_word' id='word_1_176' title='bbox 923 2536 976 2589; x_wconf 91' lang='lat' dir='ltr'><strong>in</strong></span> <span class='ocrx_word' id='word_1_177' title='bbox 1036 2538 1497 2605; x_wconf 88' lang='lat' dir='ltr'><strong>pretiosissimum</strong></span> <span class='ocrx_word' id='word_1_178' title='bbox 1552 2537 1670 2608; x_wconf 85' lang='lat' dir='ltr'><strong>ejus</strong></span> <span class='ocrx_word' id='word_1_179' title='bbox 1697 2541 2046 2609; x_wconf 82' lang='lat' dir='ltr'><strong>sanguinem.</strong></span> <span class='ocrx_word' id='word_1_180' title='bbox 2080 2544 2333 2613; x_wconf 82' lang='lat' dir='ltr'><strong>Antitypa</strong></span> 
     </span>
    </p>
   </div>
   <div class='ocr_carea' id='block_1_28' title="bbox 759 2630 2338 2702">
    <p class='ocr_par' dir='ltr' id='par_1_28' title="bbox 759 2630 2338 2702">
     <span class='ocr_line' id='line_1_28' title="bbox 759 2630 2338 2702; baseline 0.006 -20"><span class='ocrx_word' id='word_1_181' title='bbox 759 2631 928 2696; x_wconf 76' lang='lat' dir='ltr'><strong>igitur</strong></span> <span class='ocrx_word' id='word_1_182' title='bbox 966 2630 1074 2684; x_wconf 91' lang='lat' dir='ltr'><strong>dici</strong></span> <span class='ocrx_word' id='word_1_183' title='bbox 1118 2642 1349 2700; x_wconf 90' lang='lat' dir='ltr'><strong>possunt</strong></span> <span class='ocrx_word' id='word_1_184' title='bbox 1381 2648 1443 2687; x_wconf 91' lang='lat' dir='ltr'><strong>ea</strong></span> <span class='ocrx_word' id='word_1_185' title='bbox 1479 2649 1600 2700; x_wconf 64' lang='lat' dir='ltr'><strong>qua:</strong></span> <span class='ocrx_word' id='word_1_186' title='bbox 1633 2635 1688 2687; x_wconf 92' lang='lat' dir='ltr'><strong>in</strong></span> <span class='ocrx_word' id='word_1_187' title='bbox 1738 2635 2015 2690; x_wconf 83' lang='lat' dir='ltr'><strong>sacriﬁcio</strong></span> <span class='ocrx_word' id='word_1_188' title='bbox 2054 2636 2214 2702; x_wconf 92' lang='lat' dir='ltr'><strong>ﬁunt,</strong></span> <span class='ocrx_word' id='word_1_189' title='bbox 2250 2652 2338 2692; x_wconf 83' lang='lat' dir='ltr'><strong>se-</strong></span> 
     </span>
    </p>
   </div>
   <div class='ocr_carea' id='block_1_29' title="bbox 757 2722 2338 2796">
    <p class='ocr_par' dir='ltr' id='par_1_29' title="bbox 757 2722 2338 2796">
     <span class='ocr_line' id='line_1_29' title="bbox 757 2722 2338 2796; baseline 0.006 -23"><span class='ocrx_word' id='word_1_190' title='bbox 757 2722 997 2775; x_wconf 91' lang='lat' dir='ltr'><strong>cundum</strong></span> <span class='ocrx_word' id='word_1_191' title='bbox 1051 2723 1392 2791; x_wconf 85' lang='lat' dir='ltr'><strong>operationis</strong></span> <span class='ocrx_word' id='word_1_192' title='bbox 1449 2724 1698 2788; x_wconf 88' lang='lat' dir='ltr'><strong>modum,</strong></span> <span class='ocrx_word' id='word_1_193' title='bbox 1767 2741 1962 2794; x_wconf 88' lang='lat' dir='ltr'><strong>nempe</strong></span> <span class='ocrx_word' id='word_1_194' title='bbox 2023 2729 2148 2796; x_wconf 85' lang='lat' dir='ltr'><strong>quia</strong></span> <span class='ocrx_word' id='word_1_195' title='bbox 2208 2739 2338 2783; x_wconf 88' lang='lat' dir='ltr'><strong>tunc</strong></span> 
     </span>
    </p>
   </div>
   <div class='ocr_carea' id='block_1_30' title="bbox 757 2811 2338 2885">
    <p class='ocr_par' dir='ltr' id='par_1_30' title="bbox 757 2811 2338 2885">
     <span class='ocr_line' id='line_1_30' title="bbox 757 2811 2338 2885; baseline 0.006 -21"><span class='ocrx_word' id='word_1_196' title='bbox 757 2811 1076 2867; x_wconf 88' lang='lat' dir='ltr'><strong>immediate</strong></span> <span class='ocrx_word' id='word_1_197' title='bbox 1097 2813 1262 2868; x_wconf 85' lang='lat' dir='ltr'><strong>Jesus</strong></span> <span class='ocrx_word' id='word_1_198' title='bbox 1284 2816 1612 2869; x_wconf 87' lang='lat' dir='ltr'><strong>miraculum</strong></span> <span class='ocrx_word' id='word_1_199' title='bbox 1644 2817 2000 2885; x_wconf 84' lang='lat' dir='ltr'><strong>operabatur,</strong></span> <span class='ocrx_word' id='word_1_200' title='bbox 2029 2833 2176 2872; x_wconf 89' lang='lat' dir='ltr'><strong>nunc</strong></span> <span class='ocrx_word' id='word_1_201' title='bbox 2207 2834 2338 2873; x_wconf 88' lang='lat' dir='ltr'><strong>vero</strong></span> 
     </span>
    </p>
   </div>
   <div class='ocr_carea' id='block_1_31' title="bbox 760 2902 2336 2976">
    <p class='ocr_par' dir='ltr' id='par_1_31' title="bbox 760 2902 2336 2976">
     <span class='ocr_line' id='line_1_31' title="bbox 760 2902 2336 2976; baseline 0.006 -23"><span class='ocrx_word' id='word_1_202' title='bbox 760 2919 856 2970; x_wconf 88' lang='lat' dir='ltr'><strong>per</strong></span> <span class='ocrx_word' id='word_1_203' title='bbox 875 2902 1137 2959; x_wconf 79' lang='lat' dir='ltr'><strong>Ecclesia:</strong></span> <span class='ocrx_word' id='word_1_204' title='bbox 1161 2906 1442 2960; x_wconf 86' lang='lat' dir='ltr'><strong>ministros</strong></span> <span class='ocrx_word' id='word_1_205' title='bbox 1469 2908 1522 2960; x_wconf 89' lang='lat' dir='ltr'><strong>id</strong></span> <span class='ocrx_word' id='word_1_206' title='bbox 1554 2908 1732 2972; x_wconf 79' lang='lat' dir='ltr'><strong>ipsum</strong></span> <span class='ocrx_word' id='word_1_207' title='bbox 1759 2902 2112 2964; x_wconf 77' lang='lat' dir='ltr'><strong>invisibiliter</strong></span> <span class='ocrx_word' id='word_1_208' title='bbox 2151 2909 2336 2976; x_wconf 64' lang='lat' dir='ltr'><strong>edicit,</strong></span> 
     </span>
    </p>
   </div>
   <div class='ocr_carea' id='block_1_32' title="bbox 759 3000 2337 3073">
    <p class='ocr_par' dir='ltr' id='par_1_32' title="bbox 759 3000 2337 3073">
     <span class='ocr_line' id='line_1_32' title="bbox 759 3000 2337 3073; baseline 0.004 -21"><span class='ocrx_word' id='word_1_209' title='bbox 759 3014 884 3052; x_wconf 89' lang='lat' dir='ltr'><strong>eum</strong></span> <span class='ocrx_word' id='word_1_210' title='bbox 914 3000 1098 3053; x_wconf 82' lang='lat' dir='ltr'><strong>divina</strong></span> <span class='ocrx_word' id='word_1_211' title='bbox 1137 3009 1410 3069; x_wconf 82' lang='lat' dir='ltr'><strong>potestate</strong></span> <span class='ocrx_word' id='word_1_212' title='bbox 1443 3017 1683 3068; x_wconf 65' lang='lat' dir='ltr'><strong>praesens</strong></span> <span class='ocrx_word' id='word_1_213' title='bbox 1720 3001 1923 3073; x_wconf 83' lang='lat' dir='ltr'><strong>ubique</strong></span> <span class='ocrx_word' id='word_1_214' title='bbox 1953 3004 2044 3068; x_wconf 85' lang='lat' dir='ltr'><strong>sit,</strong></span> <span class='ocrx_word' id='word_1_215' title='bbox 2071 3012 2124 3059; x_wconf 90' lang='lat' dir='ltr'><strong>et</strong></span> <span class='ocrx_word' id='word_1_216' title='bbox 2154 3007 2337 3060; x_wconf 87' lang='lat' dir='ltr'><strong>omnia</strong></span> 
     </span>
    </p>
   </div>
   <div class='ocr_carea' id='block_1_33' title="bbox 757 3093 2342 3165">
    <p class='ocr_par' dir='ltr' id='par_1_33' title="bbox 757 3093 2342 3165">
     <span class='ocr_line' id='line_1_33' title="bbox 757 3093 2342 3165; baseline 0.005 -19"><span class='ocrx_word' id='word_1_217' title='bbox 757 3093 993 3160; x_wconf 85' lang='lat' dir='ltr'><strong>repleat.</strong></span> <span class='ocrx_word' id='word_1_218' title='bbox 1040 3093 1281 3148; x_wconf 69' lang='lat' dir='ltr'><strong>Effectus</strong></span> <span class='ocrx_word' id='word_1_219' title='bbox 1322 3110 1452 3149; x_wconf 76' lang='lat' dir='ltr'><strong>vero</strong></span> <span class='ocrx_word' id='word_1_220' title='bbox 1487 3097 1850 3165; x_wconf 84' lang='lat' dir='ltr'><strong>operationis,</strong></span> <span class='ocrx_word' id='word_1_221' title='bbox 1905 3098 2112 3153; x_wconf 89' lang='lat' dir='ltr'><strong>scilicet</strong></span> <span class='ocrx_word' id='word_1_222' title='bbox 2165 3109 2342 3155; x_wconf 90' lang='lat' dir='ltr'><strong>trans-</strong></span> 
     </span>
    </p>
   </div>
   <div class='ocr_carea' id='block_1_34' title="bbox 2433 603 3866 674">
    <p class='ocr_par' dir='ltr' id='par_1_34' title="bbox 2433 603 3866 674">
     <span class='ocr_line' id='line_1_34' title="bbox 2433 603 3866 674; baseline 0.001 -17"><span class='ocrx_word' id='word_1_223' title='bbox 2433 604 2814 673; x_wconf 79' lang='grc' dir='ltr'><strong>καθηγεμόνες</strong></span> <span class='ocrx_word' id='word_1_224' title='bbox 2847 603 2950 673; x_wconf 81' lang='grc' dir='ltr'>τῆς</span> <span class='ocrx_word' id='word_1_225' title='bbox 2981 604 3040 655; x_wconf 98' lang='lat' dir='ltr'><strong>tv</strong></span> <span class='ocrx_word' id='word_1_226' title='bbox 3070 604 3204 673; x_wconf 80' lang='grc' dir='ltr'>ἡμῖν</span> <span class='ocrx_word' id='word_1_227' title='bbox 3230 605 3454 674; x_wconf 81' lang='grc' dir='ltr'>χάριτος</span> <span class='ocrx_word' id='word_1_228' title='bbox 3486 605 3579 658; x_wconf 84' lang='grc' dir='ltr'><strong>καὶ</strong></span> <span class='ocrx_word' id='word_1_229' title='bbox 3610 605 3866 673; x_wconf 81' lang='grc' dir='ltr'><strong>σπουδῆς.</strong></span> 
     </span>
    </p>
   </div>
   <div class='ocr_carea' id='block_1_35' title="bbox 2515 695 4012 767">
    <p class='ocr_par' dir='ltr' id='par_1_35' title="bbox 2515 695 4012 767">
     <span class='ocr_line' id='line_1_35' title="bbox 2515 695 4012 767; baseline -0.001 -16"><span class='ocrx_word' id='word_1_230' title='bbox 2515 698 2707 767; x_wconf 82' lang='grc' dir='ltr'><strong>Ὑμεῖς</strong></span> <span class='ocrx_word' id='word_1_231' title='bbox 2750 696 2808 750; x_wconf 83' lang='grc' dir='ltr'>δὲ</span> <span class='ocrx_word' id='word_1_232' title='bbox 2847 695 3095 764; x_wconf 75' lang='grc' dir='ltr'><strong>ὀφείλετε</strong></span> <span class='ocrx_word' id='word_1_233' title='bbox 3156 695 3439 749; x_wconf 77' lang='grc' dir='ltr'><strong>πιστεύειν</strong></span> <span class='ocrx_word' id='word_1_234' title='bbox 3470 695 3879 764; x_wconf 77' lang='grc' dir='ltr'>ἀναμφιϐόλως,</span> <span class='ocrx_word' id='word_1_235' title='bbox 3915 698 4012 750; x_wconf 66' lang='grc' dir='ltr'><strong>καὶ</strong></span> 
     </span>
    </p>
   </div>
   <div class='ocr_carea' id='block_1_36' title="bbox 2431 786 4008 860">
    <p class='ocr_par' dir='ltr' id='par_1_36' title="bbox 2431 786 4008 860">
     <span class='ocr_line' id='line_1_36' title="bbox 2431 786 4008 860; baseline -0.001 -18"><span class='ocrx_word' id='word_1_236' title='bbox 2431 791 2632 850; x_wconf 77' lang='grc' dir='ltr'>πάντες</span> <span class='ocrx_word' id='word_1_237' title='bbox 2667 788 2985 856; x_wconf 74' lang='grc' dir='ltr'><strong>Χριστιανοὶ</strong></span> <span class='ocrx_word' id='word_1_238' title='bbox 3043 786 3187 840; x_wconf 76' lang='grc' dir='ltr'>οὕτω</span> <span class='ocrx_word' id='word_1_239' title='bbox 3223 787 3522 860; x_wconf 32' lang='grc' dir='ltr'>’πιστεύειν</span> <span class='ocrx_word' id='word_1_240' title='bbox 3557 788 3871 856; x_wconf 76' lang='grc' dir='ltr'>ὀφείλομεν,</span> <span class='ocrx_word' id='word_1_241' title='bbox 3924 791 4008 841; x_wconf 82' lang='grc' dir='ltr'><strong>ὅτι</strong></span> 
     </span>
    </p>
   </div>
   <div class='ocr_carea' id='block_1_37' title="bbox 2433 879 4010 952">
    <p class='ocr_par' dir='ltr' id='par_1_37' title="bbox 2433 879 4010 952">
     <span class='ocr_line' id='line_1_37' title="bbox 2433 879 4010 952; baseline -0.004 -15"><span class='ocrx_word' id='word_1_242' title='bbox 2433 886 2490 937; x_wconf 75' lang='lat' dir='ltr'><strong>tv</strong></span> <span class='ocrx_word' id='word_1_243' title='bbox 2529 883 2779 952; x_wconf 83' lang='grc' dir='ltr'>μυστικῷ</span> <span class='ocrx_word' id='word_1_244' title='bbox 2827 883 3003 951; x_wconf 82' lang='grc' dir='ltr'>τούτῳ</span> <span class='ocrx_word' id='word_1_245' title='bbox 3042 880 3288 949; x_wconf 85' lang='grc' dir='ltr'>σώματι,</span> <span class='ocrx_word' id='word_1_246' title='bbox 3323 879 3483 940; x_wconf 84' lang='grc' dir='ltr'>αὐτός</span> <span class='ocrx_word' id='word_1_247' title='bbox 3531 881 3678 930; x_wconf 72' lang='grc' dir='ltr'>ἔστιν</span> <span class='ocrx_word' id='word_1_248' title='bbox 3716 879 3931 946; x_wconf 82' lang='grc' dir='ltr'>ἀληθῶς</span> <span class='ocrx_word' id='word_1_249' title='bbox 3983 881 4010 931; x_wconf 99' lang='lat'><strong>6</strong></span> 
     </span>
    </p>
   </div>
   <div class='ocr_carea' id='block_1_38' title="bbox 2435 969 4011 1044">
    <p class='ocr_par' dir='ltr' id='par_1_38' title="bbox 2435 969 4011 1044">
     <span class='ocr_line' id='line_1_38' title="bbox 2435 969 4011 1044; baseline -0.002 -16"><span class='ocrx_word' id='word_1_250' title='bbox 2435 976 2639 1044; x_wconf 84' lang='grc' dir='ltr'>Κύριος</span> <span class='ocrx_word' id='word_1_251' title='bbox 2688 974 2845 1044; x_wconf 75' lang='grc' dir='ltr'><strong>ἡμῶν</strong></span> <span class='ocrx_word' id='word_1_252' title='bbox 2913 972 3124 1042; x_wconf 79' lang='grc' dir='ltr'>Ἰησοῦς</span> <span class='ocrx_word' id='word_1_253' title='bbox 3153 971 3414 1040; x_wconf 80' lang='grc' dir='ltr'>Χριστὸς,</span> <span class='ocrx_word' id='word_1_254' title='bbox 3472 971 3500 1022; x_wconf 93' lang='lat'><strong>6</strong></span> <span class='ocrx_word' id='word_1_255' title='bbox 3551 971 3613 1023; x_wconf 78' lang='grc' dir='ltr'>ὲκ</span> <span class='ocrx_word' id='word_1_256' title='bbox 3659 970 3757 1036; x_wconf 78' lang='grc' dir='ltr'>τῆς</span> <span class='ocrx_word' id='word_1_257' title='bbox 3793 969 4011 1037; x_wconf 75' lang='grc' dir='ltr'>Μαρίας</span> 
     </span>
    </p>
   </div>
   <div class='ocr_carea' id='block_1_39' title="bbox 2438 1065 4010 1138">
    <p class='ocr_par' dir='ltr' id='par_1_39' title="bbox 2438 1065 4010 1138">
     <span class='ocr_line' id='line_1_39' title="bbox 2438 1065 4010 1138; baseline -0.004 -16"><span class='ocrx_word' id='word_1_258' title='bbox 2438 1069 2720 1138; x_wconf 75' lang='grc' dir='ltr'>Παρθένου</span> <span class='ocrx_word' id='word_1_259' title='bbox 2758 1069 3064 1138; x_wconf 72' lang='grc' dir='ltr'>γεννηθεὶς,</span> <span class='ocrx_word' id='word_1_260' title='bbox 3097 1071 3124 1121; x_wconf 89' lang='lat'><strong>6</strong></span> <span class='ocrx_word' id='word_1_261' title='bbox 3172 1067 3263 1120; x_wconf 76' lang='grc' dir='ltr'><strong>ἐπὶ</strong></span> <span class='ocrx_word' id='word_1_262' title='bbox 3312 1066 3576 1134; x_wconf 85' lang='grc' dir='ltr'>σταυροῦ,</span> <span class='ocrx_word' id='word_1_263' title='bbox 3625 1068 3652 1118; x_wconf 88' lang='lat'><strong>6</strong></span> <span class='ocrx_word' id='word_1_264' title='bbox 3706 1067 3762 1118; x_wconf 83' lang='lat' dir='ltr'><strong>tv</strong></span> <span class='ocrx_word' id='word_1_265' title='bbox 3797 1065 4010 1132; x_wconf 90' lang='grc' dir='ltr'>οὐρανῷ</span> 
     </span>
    </p>
   </div>
   <div class='ocr_carea' id='block_1_40' title="bbox 2434 1158 4010 1229">
    <p class='ocr_par' dir='ltr' id='par_1_40' title="bbox 2434 1158 4010 1229">
     <span class='ocr_line' id='line_1_40' title="bbox 2434 1158 4010 1229; baseline -0.003 -15"><span class='ocrx_word' id='word_1_266' title='bbox 2434 1162 2552 1226; x_wconf 85' lang='grc' dir='ltr'>νῦν,</span> <span class='ocrx_word' id='word_1_267' title='bbox 2587 1163 2752 1224; x_wconf 82' lang='grc' dir='ltr'>αὐτὸς</span> <span class='ocrx_word' id='word_1_268' title='bbox 2783 1163 2989 1223; x_wconf 76' lang='grc' dir='ltr'>ἐκεῖνος</span> <span class='ocrx_word' id='word_1_269' title='bbox 3017 1160 3338 1229; x_wconf 82' lang='grc' dir='ltr'>ὁλόκληρος,</span> <span class='ocrx_word' id='word_1_270' title='bbox 3361 1159 3467 1211; x_wconf 75' lang='grc' dir='ltr'><strong>ὐπὸ</strong></span> <span class='ocrx_word' id='word_1_271' title='bbox 3488 1160 3601 1220; x_wconf 86' lang='grc' dir='ltr'>τοῖς</span> <span class='ocrx_word' id='word_1_272' title='bbox 3634 1158 4010 1227; x_wconf 75' lang='grc' dir='ltr'>συμϐεϐηκόσι</span> 
     </span>
    </p>
   </div>
   <div class='ocr_carea' id='block_1_41' title="bbox 2434 1249 4010 1324">
    <p class='ocr_par' dir='ltr' id='par_1_41' title="bbox 2434 1249 4010 1324">
     <span class='ocr_line' id='line_1_41' title="bbox 2434 1249 4010 1324; baseline -0.003 -18"><span class='ocrx_word' id='word_1_273' title='bbox 2434 1255 2527 1306; x_wconf 89' lang='grc' dir='ltr'><strong>τοῦ</strong></span> <span class='ocrx_word' id='word_1_274' title='bbox 2561 1255 2728 1324; x_wconf 80' lang='grc' dir='ltr'>ἄρτου</span> <span class='ocrx_word' id='word_1_275' title='bbox 2763 1253 3285 1320; x_wconf 82' lang='grc' dir='ltr'>συγκαλυπτόμενος</span> <span class='ocrx_word' id='word_1_276' title='bbox 3316 1268 3329 1282; x_wconf 89' lang='grc'><strong>·</strong></span> <span class='ocrx_word' id='word_1_277' title='bbox 3364 1254 3459 1304; x_wconf 71' lang='grc' dir='ltr'><strong>καὶ</strong></span> <span class='ocrx_word' id='word_1_278' title='bbox 3493 1252 3614 1304; x_wconf 86' lang='grc' dir='ltr'>κατ’</span> <span class='ocrx_word' id='word_1_279' title='bbox 3639 1250 3828 1302; x_wconf 78' lang='grc' dir='ltr'>οὐσίαν</span> <span class='ocrx_word' id='word_1_280' title='bbox 3862 1249 4010 1302; x_wconf 72' lang='grc' dir='ltr'>ἐστὶν</span> 
     </span>
    </p>
   </div>
   <div class='ocr_carea' id='block_1_42' title="bbox 2436 1342 4011 1414">
    <p class='ocr_par' dir='ltr' id='par_1_42' title="bbox 2436 1342 4011 1414">
     <span class='ocr_line' id='line_1_42' title="bbox 2436 1342 4011 1414; baseline -0.003 -16"><span class='ocrx_word' id='word_1_281' title='bbox 2436 1347 2494 1398; x_wconf 85' lang='lat' dir='ltr'><strong>tv</strong></span> <span class='ocrx_word' id='word_1_282' title='bbox 2523 1348 2596 1414; x_wconf 84' lang='grc' dir='ltr'>τῷ</span> <span class='ocrx_word' id='word_1_283' title='bbox 2627 1347 2934 1414; x_wconf 77' lang='grc' dir='ltr'>μυστηρίῳ,</span> <span class='ocrx_word' id='word_1_284' title='bbox 2989 1346 3050 1397; x_wconf 86' lang='grc' dir='ltr'><strong>οὐ</strong></span> <span class='ocrx_word' id='word_1_285' title='bbox 3102 1346 3245 1399; x_wconf 83' lang='grc' dir='ltr'>κατὰ</span> <span class='ocrx_word' id='word_1_286' title='bbox 3283 1345 3444 1413; x_wconf 83' lang='grc' dir='ltr'>χάριν</span> <span class='ocrx_word' id='word_1_287' title='bbox 3478 1345 3511 1408; x_wconf 82' lang='grc' dir='ltr'>ἢ</span> <span class='ocrx_word' id='word_1_288' title='bbox 3565 1342 3815 1409; x_wconf 87' lang='grc' dir='ltr'>δύναμιν.</span> <span class='ocrx_word' id='word_1_289' title='bbox 3874 1343 4011 1394; x_wconf 78' lang='grc' dir='ltr'>Οὐδὲ</span> 
     </span>
    </p>
   </div>
   <div class='ocr_carea' id='block_1_43' title="bbox 2435 1432 4012 1502">
    <p class='ocr_par' dir='ltr' id='par_1_43' title="bbox 2435 1432 4012 1502">
     <span class='ocr_line' id='line_1_43' title="bbox 2435 1432 4012 1502; baseline -0.004 -15"><span class='ocrx_word' id='word_1_290' title='bbox 2435 1436 2609 1496; x_wconf 80' lang='grc' dir='ltr'>τύπος</span> <span class='ocrx_word' id='word_1_291' title='bbox 2645 1435 2760 1487; x_wconf 71' lang='grc' dir='ltr'>ἐστὶ</span> <span class='ocrx_word' id='word_1_292' title='bbox 2785 1435 2845 1486; x_wconf 72' lang='grc' dir='ltr'>τὸ</span> <span class='ocrx_word' id='word_1_293' title='bbox 2879 1435 3146 1502; x_wconf 71' lang='grc' dir='ltr'>μυστικὸν</span> <span class='ocrx_word' id='word_1_294' title='bbox 3169 1433 3265 1486; x_wconf 86' lang='grc' dir='ltr'><strong>τοῦ</strong></span> <span class='ocrx_word' id='word_1_295' title='bbox 3299 1433 3537 1501; x_wconf 84' lang='grc' dir='ltr'>Χριστοῦ</span> <span class='ocrx_word' id='word_1_296' title='bbox 3567 1433 3727 1501; x_wconf 81' lang='grc' dir='ltr'>σῶμα</span> <span class='ocrx_word' id='word_1_297' title='bbox 3755 1433 3850 1484; x_wconf 86' lang='grc' dir='ltr'><strong>τοῦ</strong></span> <span class='ocrx_word' id='word_1_298' title='bbox 3883 1432 4012 1498; x_wconf 87' lang='grc' dir='ltr'>ἀλη-</span> 
     </span>
    </p>
   </div>
   <div class='ocr_carea' id='block_1_44' title="bbox 2438 1523 4011 1594">
    <p class='ocr_par' dir='ltr' id='par_1_44' title="bbox 2438 1523 4011 1594">
     <span class='ocr_line' id='line_1_44' title="bbox 2438 1523 4011 1594; baseline -0.003 -17"><span class='ocrx_word' id='word_1_299' title='bbox 2438 1525 2565 1588; x_wconf 92' lang='grc' dir='ltr'>θοῦς</span> <span class='ocrx_word' id='word_1_300' title='bbox 2600 1526 2876 1594; x_wconf 81' lang='grc' dir='ltr'>σώματος,</span> <span class='ocrx_word' id='word_1_301' title='bbox 2904 1526 3038 1578; x_wconf 85' lang='grc' dir='ltr'>ἀλλὰ</span> <span class='ocrx_word' id='word_1_302' title='bbox 3074 1527 3106 1594; x_wconf 91' lang='grc' dir='ltr'>ή</span> <span class='ocrx_word' id='word_1_303' title='bbox 3140 1525 3374 1593; x_wconf 84' lang='grc' dir='ltr'>ἀλήθεια</span> <span class='ocrx_word' id='word_1_304' title='bbox 3415 1525 3599 1594; x_wconf 75' lang='grc' dir='ltr'>ἐκείνη</span> <span class='ocrx_word' id='word_1_305' title='bbox 3629 1523 3726 1576; x_wconf 88' lang='grc' dir='ltr'><strong>τοῦ</strong></span> <span class='ocrx_word' id='word_1_306' title='bbox 3756 1523 4011 1589; x_wconf 82' lang='grc' dir='ltr'>σώματός</span> 
     </span>
    </p>
   </div>
   <div class='ocr_carea' id='block_1_45' title="bbox 2435 1611 4011 1683">
    <p class='ocr_par' dir='ltr' id='par_1_45' title="bbox 2435 1611 4011 1683">
     <span class='ocr_line' id='line_1_45' title="bbox 2435 1611 4011 1683; baseline 0 -19"><span class='ocrx_word' id='word_1_307' title='bbox 2435 1615 2607 1668; x_wconf 76' lang='grc' dir='ltr'>ἐστιν.</span> <span class='ocrx_word' id='word_1_308' title='bbox 2636 1614 2712 1666; x_wconf 90' lang='grc' dir='ltr'><strong>Οὐ</strong></span> <span class='ocrx_word' id='word_1_309' title='bbox 2732 1615 2842 1683; x_wconf 87' lang='grc' dir='ltr'><strong>γάρ</strong></span> <span class='ocrx_word' id='word_1_310' title='bbox 2878 1613 3076 1675; x_wconf 83' lang='grc' dir='ltr'>τύποις</span> <span class='ocrx_word' id='word_1_311' title='bbox 3112 1613 3235 1665; x_wconf 83' lang='grc' dir='ltr'>οὐδὲ</span> <span class='ocrx_word' id='word_1_312' title='bbox 3271 1615 3458 1675; x_wconf 84' lang='grc' dir='ltr'>σκιαῖς</span> <span class='ocrx_word' id='word_1_313' title='bbox 3489 1612 3584 1666; x_wconf 86' lang='grc' dir='ltr'><strong>νῦν</strong></span> <span class='ocrx_word' id='word_1_314' title='bbox 3614 1611 3690 1674; x_wconf 80' lang='grc' dir='ltr'>ὡς</span> <span class='ocrx_word' id='word_1_315' title='bbox 3718 1616 3776 1664; x_wconf 76' lang='grc' dir='ltr'>ἐν</span> <span class='ocrx_word' id='word_1_316' title='bbox 3805 1616 3866 1680; x_wconf 81' lang='grc' dir='ltr'>τῇ</span> <span class='ocrx_word' id='word_1_317' title='bbox 3901 1614 4011 1664; x_wconf 75' lang='lat' dir='ltr'><strong>lla-</strong></span> 
     </span>
    </p>
   </div>
   <div class='ocr_carea' id='block_1_46' title="bbox 2435 1705 4013 1778">
    <p class='ocr_par' dir='ltr' id='par_1_46' title="bbox 2435 1705 4013 1778">
     <span class='ocr_line' id='line_1_46' title="bbox 2435 1705 4013 1778; baseline -0.001 -19"><span class='ocrx_word' id='word_1_318' title='bbox 2435 1709 2586 1778; x_wconf 78' lang='grc' dir='ltr'>λαιᾷ,</span> <span class='ocrx_word' id='word_1_319' title='bbox 2622 1709 2757 1761; x_wconf 75' lang='grc' dir='ltr'>ἀλλὰ</span> <span class='ocrx_word' id='word_1_320' title='bbox 2790 1710 3085 1778; x_wconf 79' lang='grc' dir='ltr'>πράγμασι</span> <span class='ocrx_word' id='word_1_321' title='bbox 3115 1708 3212 1760; x_wconf 72' lang='grc' dir='ltr'><strong>καὶ</strong></span> <span class='ocrx_word' id='word_1_322' title='bbox 3241 1708 3529 1775; x_wconf 80' lang='grc' dir='ltr'>ἀληθείαις</span> <span class='ocrx_word' id='word_1_323' title='bbox 3562 1708 3923 1775; x_wconf 85' lang='grc' dir='ltr'>λατρεύομεν.</span> <span class='ocrx_word' id='word_1_324' title='bbox 3951 1705 4013 1758; x_wconf 83' lang='grc' dir='ltr'><strong>Εἰ</strong></span> 
     </span>
    </p>
   </div>
   <div class='ocr_carea' id='block_1_47' title="bbox 2437 1799 4014 1867">
    <p class='ocr_par' dir='ltr' id='par_1_47' title="bbox 2437 1799 4014 1867">
     <span class='ocr_line' id='line_1_47' title="bbox 2437 1799 4014 1867; baseline 0 -17"><span class='ocrx_word' id='word_1_325' title='bbox 2437 1799 2490 1850; x_wconf 84' lang='grc' dir='ltr'><em>δέ</em></span> <span class='ocrx_word' id='word_1_326' title='bbox 2521 1817 2603 1861; x_wconf 89' lang='grc' dir='ltr'><strong>τις</strong></span> <span class='ocrx_word' id='word_1_327' title='bbox 2633 1799 2743 1852; x_wconf 82' lang='grc' dir='ltr'><strong>τῶν</strong></span> <span class='ocrx_word' id='word_1_328' title='bbox 2771 1800 2945 1867; x_wconf 81' lang='grc' dir='ltr'>ἁγίων</span> <span class='ocrx_word' id='word_1_329' title='bbox 2983 1801 3279 1852; x_wconf 80' lang='grc' dir='ltr'>ἀντίτυπον</span> <span class='ocrx_word' id='word_1_330' title='bbox 3311 1801 3461 1867; x_wconf 82' lang='grc' dir='ltr'>λέγει</span> <span class='ocrx_word' id='word_1_331' title='bbox 3513 1799 3612 1867; x_wconf 83' lang='grc' dir='ltr'><strong>τὴν</strong></span> <span class='ocrx_word' id='word_1_332' title='bbox 3662 1801 3855 1851; x_wconf 85' lang='grc' dir='ltr'>Θυσίαν</span> <span class='ocrx_word' id='word_1_333' title='bbox 3886 1799 4014 1851; x_wconf 85' lang='grc' dir='ltr'>ταύ-</span> 
     </span>
    </p>
   </div>
   <div class='ocr_carea' id='block_1_48' title="bbox 2437 1888 4012 1958">
    <p class='ocr_par' dir='ltr' id='par_1_48' title="bbox 2437 1888 4012 1958">
     <span class='ocr_line' id='line_1_48' title="bbox 2437 1888 4012 1958; baseline 0.001 -20"><span class='ocrx_word' id='word_1_334' title='bbox 2437 1904 2535 1953; x_wconf 88' lang='grc' dir='ltr'><strong>την</strong></span> <span class='ocrx_word' id='word_1_335' title='bbox 2592 1889 2688 1940; x_wconf 89' lang='grc' dir='ltr'><strong>τοῦ</strong></span> <span class='ocrx_word' id='word_1_336' title='bbox 2742 1889 3080 1942; x_wconf 86' lang='grc' dir='ltr'>Δεσποτικοῦ</span> <span class='ocrx_word' id='word_1_337' title='bbox 3128 1889 3344 1942; x_wconf 82' lang='grc' dir='ltr'>δείπνου</span> <span class='ocrx_word' id='word_1_338' title='bbox 3380 1888 3617 1955; x_wconf 79' lang='grc' dir='ltr'>ἐκείνου,</span> <span class='ocrx_word' id='word_1_339' title='bbox 3647 1889 3807 1958; x_wconf 83' lang='grc' dir='ltr'>δῆλόν</span> <span class='ocrx_word' id='word_1_340' title='bbox 3858 1891 4012 1940; x_wconf 74' lang='grc' dir='ltr'>ἐστιν</span> 
     </span>
    </p>
   </div>
   <div class='ocr_carea' id='block_1_49' title="bbox 2436 1981 4014 2052">
    <p class='ocr_par' dir='ltr' id='par_1_49' title="bbox 2436 1981 4014 2052">
     <span class='ocr_line' id='line_1_49' title="bbox 2436 1981 4014 2052; baseline 0.001 -20"><span class='ocrx_word' id='word_1_341' title='bbox 2436 1981 2518 2032; x_wconf 84' lang='grc' dir='ltr'><strong>ὅτι</strong></span> <span class='ocrx_word' id='word_1_342' title='bbox 2552 1982 2582 2051; x_wconf 84' lang='grc' dir='ltr'>ὴ</span> <span class='ocrx_word' id='word_1_343' title='bbox 2612 1982 2771 2036; x_wconf 83' lang='grc' dir='ltr'>θυσία</span> <span class='ocrx_word' id='word_1_344' title='bbox 2806 1984 2908 2051; x_wconf 79' lang='grc' dir='ltr'>μὲν</span> <span class='ocrx_word' id='word_1_345' title='bbox 2941 1983 3100 2052; x_wconf 80' lang='grc' dir='ltr'>αὕτη,</span> <span class='ocrx_word' id='word_1_346' title='bbox 3133 1983 3300 2046; x_wconf 85' lang='grc' dir='ltr'>τύπος</span> <span class='ocrx_word' id='word_1_347' title='bbox 3346 1985 3464 2036; x_wconf 71' lang='grc' dir='ltr'>ἐστὶ</span> <span class='ocrx_word' id='word_1_348' title='bbox 3515 1984 3614 2051; x_wconf 78' lang='grc' dir='ltr'>τῆς</span> <span class='ocrx_word' id='word_1_349' title='bbox 3646 1983 3836 2043; x_wconf 84' lang='grc' dir='ltr'>θυσίας</span> <span class='ocrx_word' id='word_1_350' title='bbox 3870 1983 4014 2035; x_wconf 62' lang='lat' dir='ltr'><strong>Exsi-</strong></span> 
     </span>
    </p>
   </div>
   <div class='ocr_carea' id='block_1_50' title="bbox 2438 2074 4013 2143">
    <p class='ocr_par' dir='ltr' id='par_1_50' title="bbox 2438 2074 4013 2143">
     <span class='ocr_line' id='line_1_50' title="bbox 2438 2074 4013 2143; baseline 0.001 -19"><span class='ocrx_word' id='word_1_351' title='bbox 2438 2091 2556 2140; x_wconf 85' lang='grc' dir='ltr'>νης,</span> <span class='ocrx_word' id='word_1_352' title='bbox 2595 2074 2784 2143; x_wconf 76' lang='grc' dir='ltr'>ὥσπερ</span> <span class='ocrx_word' id='word_1_353' title='bbox 2813 2077 2908 2127; x_wconf 74' lang='grc' dir='ltr'>καὶ</span> <span class='ocrx_word' id='word_1_354' title='bbox 2935 2078 2982 2127; x_wconf 88' lang='grc' dir='ltr'><strong>οί</strong></span> <span class='ocrx_word' id='word_1_355' title='bbox 3014 2077 3109 2128; x_wconf 89' lang='grc' dir='ltr'><strong>νῦν</strong></span> <span class='ocrx_word' id='word_1_356' title='bbox 3144 2077 3368 2136; x_wconf 79' lang='grc' dir='ltr'>θύοντες</span> <span class='ocrx_word' id='word_1_357' title='bbox 3425 2076 3590 2129; x_wconf 87' lang='grc' dir='ltr'>τύποι</span> <span class='ocrx_word' id='word_1_358' title='bbox 3621 2077 3731 2129; x_wconf 85' lang='grc' dir='ltr'>είσὶ</span> <span class='ocrx_word' id='word_1_359' title='bbox 3757 2075 3850 2129; x_wconf 87' lang='grc' dir='ltr'><strong>τοῦ</strong></span> <span class='ocrx_word' id='word_1_360' title='bbox 3890 2079 4013 2127; x_wconf 86' lang='grc' dir='ltr'>τότε</span> 
     </span>
    </p>
   </div>
   <div class='ocr_carea' id='block_1_51' title="bbox 2439 2168 4016 2237">
    <p class='ocr_par' dir='ltr' id='par_1_51' title="bbox 2439 2168 4016 2237">
     <span class='ocr_line' id='line_1_51' title="bbox 2439 2168 4016 2237; baseline 0.001 -17"><span class='ocrx_word' id='word_1_361' title='bbox 2439 2169 2703 2228; x_wconf 84' lang='grc' dir='ltr'>θύσαντος</span> <span class='ocrx_word' id='word_1_362' title='bbox 2757 2168 2956 2236; x_wconf 83' lang='grc' dir='ltr'>Ἰησοῦ.</span> <span class='ocrx_word' id='word_1_363' title='bbox 2992 2169 3063 2220; x_wconf 73' lang='lat' dir='ltr'>T6</span> <span class='ocrx_word' id='word_1_364' title='bbox 3093 2169 3150 2220; x_wconf 82' lang='grc' dir='ltr'>δὲ</span> <span class='ocrx_word' id='word_1_365' title='bbox 3195 2169 3546 2237; x_wconf 80' lang='grc' dir='ltr'>ἀποτέλεσμα</span> <span class='ocrx_word' id='word_1_366' title='bbox 3586 2169 3685 2237; x_wconf 82' lang='grc' dir='ltr'>τῆς</span> <span class='ocrx_word' id='word_1_367' title='bbox 3713 2169 3903 2232; x_wconf 86' lang='grc' dir='ltr'>θυσίας</span> <span class='ocrx_word' id='word_1_368' title='bbox 3954 2172 4016 2222; x_wconf 75' lang='grc' dir='ltr'>τὸ</span> 
     </span>
    </p>
   </div>
   <div class='ocr_carea' id='block_1_52' title="bbox 2439 2259 4012 2331">
    <p class='ocr_par' dir='ltr' id='par_1_52' title="bbox 2439 2259 4012 2331">
     <span class='ocr_line' id='line_1_52' title="bbox 2439 2259 4012 2331; baseline 0 -17"><span class='ocrx_word' id='word_1_369' title='bbox 2439 2262 2572 2314; x_wconf 80' lang='grc' dir='ltr'>αὐτό</span> <span class='ocrx_word' id='word_1_370' title='bbox 2599 2262 2715 2314; x_wconf 78' lang='grc' dir='ltr'>ἐστι</span> <span class='ocrx_word' id='word_1_371' title='bbox 2739 2262 2832 2314; x_wconf 79' lang='grc' dir='ltr'>καὶ</span> <span class='ocrx_word' id='word_1_372' title='bbox 2865 2261 2985 2313; x_wconf 83' lang='grc' dir='ltr'>τότε</span> <span class='ocrx_word' id='word_1_373' title='bbox 3008 2261 3103 2331; x_wconf 81' lang='grc' dir='ltr'>καὶ</span> <span class='ocrx_word' id='word_1_374' title='bbox 3130 2261 3251 2326; x_wconf 83' lang='grc' dir='ltr'>νῦν,</span> <span class='ocrx_word' id='word_1_375' title='bbox 3277 2264 3308 2329; x_wconf 85' lang='grc' dir='ltr'>ἡ</span> <span class='ocrx_word' id='word_1_376' title='bbox 3353 2261 3716 2330; x_wconf 88' lang='grc' dir='ltr'>μετουσίωσις</span> <span class='ocrx_word' id='word_1_377' title='bbox 3745 2259 4012 2329; x_wconf 84' lang='grc' dir='ltr'>δηλονότι,</span> 
     </span>
    </p>
   </div>
   <div class='ocr_carea' id='block_1_53' title="bbox 2439 2351 4016 2423">
    <p class='ocr_par' dir='ltr' id='par_1_53' title="bbox 2439 2351 4016 2423">
     <span class='ocr_line' id='line_1_53' title="bbox 2439 2351 4016 2423; baseline -0.001 -19"><span class='ocrx_word' id='word_1_378' title='bbox 2439 2353 2534 2405; x_wconf 76' lang='grc' dir='ltr'>καὶ</span> <span class='ocrx_word' id='word_1_379' title='bbox 2568 2355 2602 2422; x_wconf 85' lang='grc' dir='ltr'><strong>ἡ</strong></span> <span class='ocrx_word' id='word_1_380' title='bbox 2651 2353 3080 2421; x_wconf 81' lang='grc' dir='ltr'>ὐπερφυεστάτη</span> <span class='ocrx_word' id='word_1_381' title='bbox 3128 2352 3424 2423; x_wconf 79' lang='grc' dir='ltr'>μεταϐολὴ,</span> <span class='ocrx_word' id='word_1_382' title='bbox 3463 2353 3600 2421; x_wconf 83' lang='grc' dir='ltr'>πρὸς</span> <span class='ocrx_word' id='word_1_383' title='bbox 3634 2352 3734 2418; x_wconf 81' lang='grc' dir='ltr'><strong>τὴν</strong></span> <span class='ocrx_word' id='word_1_384' title='bbox 3769 2351 4016 2420; x_wconf 75' lang='grc' dir='ltr'>ἔμψυχον</span> 
     </span>
    </p>
   </div>
   <div class='ocr_carea' id='block_1_54' title="bbox 2439 2445 4020 2515">
    <p class='ocr_par' dir='ltr' id='par_1_54' title="bbox 2439 2445 4020 2515">
     <span class='ocr_line' id='line_1_54' title="bbox 2439 2445 4020 2515; baseline -0.001 -19"><span class='ocrx_word' id='word_1_385' title='bbox 2439 2445 2533 2497; x_wconf 75' lang='grc' dir='ltr'>καὶ</span> <span class='ocrx_word' id='word_1_386' title='bbox 2561 2445 2912 2514; x_wconf 84' lang='grc' dir='ltr'>τεθεωμένην</span> <span class='ocrx_word' id='word_1_387' title='bbox 2939 2446 3141 2515; x_wconf 81' lang='grc' dir='ltr'>σάρκα,</span> <span class='ocrx_word' id='word_1_388' title='bbox 3173 2447 3268 2498; x_wconf 78' lang='grc' dir='ltr'><strong>καὶ</strong></span> <span class='ocrx_word' id='word_1_389' title='bbox 3294 2447 3386 2498; x_wconf 80' lang='grc' dir='ltr'><strong>τοῦ</strong></span> <span class='ocrx_word' id='word_1_390' title='bbox 3425 2445 3572 2497; x_wconf 79' lang='grc' dir='ltr'>οίνου</span> <span class='ocrx_word' id='word_1_391' title='bbox 3597 2445 3732 2514; x_wconf 76' lang='grc' dir='ltr'>πρὸς</span> <span class='ocrx_word' id='word_1_392' title='bbox 3763 2445 3823 2496; x_wconf 84' lang='grc' dir='ltr'><strong>τὸ</strong></span> <span class='ocrx_word' id='word_1_393' title='bbox 3853 2445 4020 2513; x_wconf 85' lang='grc' dir='ltr'>ὑπέρ-</span> 
     </span>
    </p>
   </div>
   <div class='ocr_carea' id='block_1_55' title="bbox 2439 2537 4017 2607">
    <p class='ocr_par' dir='ltr' id='par_1_55' title="bbox 2439 2537 4017 2607">
     <span class='ocr_line' id='line_1_55' title="bbox 2439 2537 4017 2607; baseline -0.001 -17"><span class='ocrx_word' id='word_1_394' title='bbox 2439 2554 2601 2607; x_wconf 81' lang='grc' dir='ltr'>τιμον</span> <span class='ocrx_word' id='word_1_395' title='bbox 2630 2537 2797 2590; x_wconf 90' lang='grc' dir='ltr'>αὐτοῦ</span> <span class='ocrx_word' id='word_1_396' title='bbox 2821 2537 2982 2607; x_wconf 81' lang='grc' dir='ltr'>αἷμα.</span> <span class='ocrx_word' id='word_1_397' title='bbox 3032 2539 3332 2591; x_wconf 84' lang='grc' dir='ltr'>Ἀντίτυπα</span> <span class='ocrx_word' id='word_1_398' title='bbox 3363 2537 3456 2590; x_wconf 78' lang='grc' dir='ltr'><strong>οὖν</strong></span> <span class='ocrx_word' id='word_1_399' title='bbox 3484 2537 3738 2590; x_wconf 85' lang='grc' dir='ltr'>δύνανται</span> <span class='ocrx_word' id='word_1_400' title='bbox 3764 2537 4017 2605; x_wconf 82' lang='grc' dir='ltr'>λέγεσθαι</span> 
     </span>
    </p>
   </div>
   <div class='ocr_carea' id='block_1_56' title="bbox 2439 2631 4017 2702">
    <p class='ocr_par' dir='ltr' id='par_1_56' title="bbox 2439 2631 4017 2702">
     <span class='ocr_line' id='line_1_56' title="bbox 2439 2631 4017 2702; baseline 0 -21"><span class='ocrx_word' id='word_1_401' title='bbox 2439 2633 2507 2683; x_wconf 73' lang='grc' dir='ltr'>τὰ</span> <span class='ocrx_word' id='word_1_402' title='bbox 2536 2634 2594 2683; x_wconf 87' lang='lat' dir='ltr'><strong>tv</strong></span> <span class='ocrx_word' id='word_1_403' title='bbox 2623 2637 2688 2700; x_wconf 77' lang='grc' dir='ltr'>τῇ</span> <span class='ocrx_word' id='word_1_404' title='bbox 2722 2632 2886 2702; x_wconf 76' lang='grc' dir='ltr'>θυσίᾳ</span> <span class='ocrx_word' id='word_1_405' title='bbox 2917 2632 3190 2700; x_wconf 85' lang='grc' dir='ltr'>γενόμενα</span> <span class='ocrx_word' id='word_1_406' title='bbox 3244 2631 3387 2684; x_wconf 85' lang='grc' dir='ltr'><strong>κατά</strong></span> <span class='ocrx_word' id='word_1_407' title='bbox 3444 2631 3544 2700; x_wconf 82' lang='grc' dir='ltr'>τὴν</span> <span class='ocrx_word' id='word_1_408' title='bbox 3594 2631 3896 2699; x_wconf 77' lang='grc' dir='ltr'>ἐνέργειαν.</span> <span class='ocrx_word' id='word_1_409' title='bbox 3945 2631 4017 2692; x_wconf 86' lang='grc' dir='ltr'>ῶς</span> 
     </span>
    </p>
   </div>
   <div class='ocr_carea' id='block_1_57' title="bbox 2439 2717 4019 2789">
    <p class='ocr_par' dir='ltr' id='par_1_57' title="bbox 2439 2717 4019 2789">
     <span class='ocr_line' id='line_1_57' title="bbox 2439 2717 4019 2789; baseline -0.001 -18"><span class='ocrx_word' id='word_1_410' title='bbox 2439 2720 2563 2772; x_wconf 83' lang='grc' dir='ltr'>τότε</span> <span class='ocrx_word' id='word_1_411' title='bbox 2598 2723 2698 2789; x_wconf 83' lang='grc' dir='ltr'><strong>μὲν</strong></span> <span class='ocrx_word' id='word_1_412' title='bbox 2728 2723 2948 2789; x_wconf 86' lang='grc' dir='ltr'>ἀμέσως</span> <span class='ocrx_word' id='word_1_413' title='bbox 2971 2721 3135 2774; x_wconf 84' lang='grc' dir='ltr'>αὐτοῦ</span> <span class='ocrx_word' id='word_1_414' title='bbox 3157 2721 3251 2773; x_wconf 85' lang='grc' dir='ltr'><strong>τοῦ</strong></span> <span class='ocrx_word' id='word_1_415' title='bbox 3293 2718 3474 2787; x_wconf 84' lang='grc' dir='ltr'>Ἰησοῦ</span> <span class='ocrx_word' id='word_1_416' title='bbox 3506 2719 3567 2771; x_wconf 74' lang='grc' dir='ltr'><strong>τὸ</strong></span> <span class='ocrx_word' id='word_1_417' title='bbox 3595 2717 3779 2788; x_wconf 70' lang='grc' dir='ltr'>θαῦμα</span> <span class='ocrx_word' id='word_1_418' title='bbox 3801 2719 4019 2770; x_wconf 73' lang='grc' dir='ltr'>ποιοῦν-</span> 
     </span>
    </p>
   </div>
   <div class='ocr_carea' id='block_1_58' title="bbox 2444 2794 4021 2882">
    <p class='ocr_par' dir='ltr' id='par_1_58' title="bbox 2444 2808 4021 2882">
     <span class='ocr_line' id='line_1_58' title="bbox 2444 2808 4021 2882; baseline -0.002 -19"><span class='ocrx_word' id='word_1_419' title='bbox 2444 2829 2554 2877; x_wconf 79' lang='grc' dir='ltr'>τος,</span> <span class='ocrx_word' id='word_1_420' title='bbox 2588 2812 2684 2864; x_wconf 88' lang='grc' dir='ltr'><strong>νῦν</strong></span> <span class='ocrx_word' id='word_1_421' title='bbox 2713 2813 2768 2865; x_wconf 81' lang='grc' dir='ltr'>δὲ</span> <span class='ocrx_word' id='word_1_422' title='bbox 2792 2814 2879 2865; x_wconf 78' lang='grc' dir='ltr'>διὰ</span> <span class='ocrx_word' id='word_1_423' title='bbox 2912 2814 3024 2865; x_wconf 83' lang='grc' dir='ltr'>τῶν</span> <span class='ocrx_word' id='word_1_424' title='bbox 3053 2814 3151 2882; x_wconf 75' lang='grc' dir='ltr'>τῆς</span> <span class='ocrx_word' id='word_1_425' title='bbox 3189 2811 3520 2880; x_wconf 84' lang='grc' dir='ltr'>Ἐκκλησίας</span> <span class='ocrx_word' id='word_1_426' title='bbox 3553 2810 3866 2880; x_wconf 84' lang='grc' dir='ltr'>ὑπηρετῶν,</span> <span class='ocrx_word' id='word_1_427' title='bbox 3898 2808 4021 2860; x_wconf 79' lang='grc' dir='ltr'>τοῦ·</span> 
     </span>
    </p>
   </div>
   <div class='ocr_carea' id='block_1_59' title="bbox 2443 2900 4018 2973">
    <p class='ocr_par' dir='ltr' id='par_1_59' title="bbox 2443 2900 4018 2973">
     <span class='ocr_line' id='line_1_59' title="bbox 2443 2900 4018 2973; baseline -0.003 -19"><span class='ocrx_word' id='word_1_428' title='bbox 2443 2921 2503 2955; x_wconf 90' lang='grc' dir='ltr'><strong>το</strong></span> <span class='ocrx_word' id='word_1_429' title='bbox 2533 2905 2665 2956; x_wconf 68' lang='grc' dir='ltr'>αὐτὸ</span> <span class='ocrx_word' id='word_1_430' title='bbox 2686 2906 2909 2971; x_wconf 81' lang='grc' dir='ltr'>ἀφανῶς</span> <span class='ocrx_word' id='word_1_431' title='bbox 2939 2906 3296 2973; x_wconf 79' lang='grc' dir='ltr'>πράττοντος,</span> <span class='ocrx_word' id='word_1_432' title='bbox 3324 2905 3418 2956; x_wconf 74' lang='grc' dir='ltr'>καὶ</span> <span class='ocrx_word' id='word_1_433' title='bbox 3445 2900 3725 2969; x_wconf 83' lang='grc' dir='ltr'>πανταχοῦ</span> <span class='ocrx_word' id='word_1_434' title='bbox 3755 2901 4018 2967; x_wconf 64' lang='grc' dir='ltr'>παρόντος</span> 
     </span>
    </p>
   </div>
   <div class='ocr_carea' id='block_1_60' title="bbox 2445 2990 4022 3066">
    <p class='ocr_par' dir='ltr' id='par_1_60' title="bbox 2445 2990 4022 3066">
     <span class='ocr_line' id='line_1_60' title="bbox 2445 2990 4022 3066; baseline -0.005 -17"><span class='ocrx_word' id='word_1_435' title='bbox 2445 2996 2563 3065; x_wconf 72' lang='grc' dir='ltr'>θείᾳ</span> <span class='ocrx_word' id='word_1_436' title='bbox 2593 2997 2846 3066; x_wconf 73' lang='grc' dir='ltr'>δυνάμει,</span> <span class='ocrx_word' id='word_1_437' title='bbox 2883 2998 2975 3048; x_wconf 67' lang='grc' dir='ltr'><strong>καὶ</strong></span> <span class='ocrx_word' id='word_1_438' title='bbox 3008 2997 3188 3049; x_wconf 73' lang='grc' dir='ltr'>πάντα</span> <span class='ocrx_word' id='word_1_439' title='bbox 3236 2993 3593 3063; x_wconf 78' lang='grc' dir='ltr'>πληροῦντος.</span> <span class='ocrx_word' id='word_1_440' title='bbox 3632 2992 3705 3043; x_wconf 85' lang='grc' dir='ltr'>Τὸ</span> <span class='ocrx_word' id='word_1_441' title='bbox 3737 2991 3792 3042; x_wconf 82' lang='grc' dir='ltr'>δὲ</span> <span class='ocrx_word' id='word_1_442' title='bbox 3823 2990 4022 3042; x_wconf 83' lang='grc' dir='ltr'>ἀποτέ-</span> 
     </span>
    </p>
   </div>
   <div class='ocr_carea' id='block_1_61' title="bbox 2445 3079 4025 3156">
    <p class='ocr_par' dir='ltr' id='par_1_61' title="bbox 2445 3079 4025 3156">
     <span class='ocr_line' id='line_1_61' title="bbox 2445 3079 4025 3156; baseline -0.004 -18"><span class='ocrx_word' id='word_1_443' title='bbox 2445 3087 2622 3156; x_wconf 77' lang='grc' dir='ltr'>λεσμα</span> <span class='ocrx_word' id='word_1_444' title='bbox 2657 3089 2752 3156; x_wconf 74' lang='grc' dir='ltr'>τῆς</span> <span class='ocrx_word' id='word_1_445' title='bbox 2787 3088 3152 3156; x_wconf 80' lang='grc' dir='ltr'>ἐνεργείας,ἡ</span> <span class='ocrx_word' id='word_1_446' title='bbox 3181 3084 3452 3154; x_wconf 81' lang='grc' dir='ltr'>μεταϐολὴ</span> <span class='ocrx_word' id='word_1_447' title='bbox 3485 3083 3578 3136; x_wconf 90' lang='grc' dir='ltr'><strong>τοῦ</strong></span> <span class='ocrx_word' id='word_1_448' title='bbox 3612 3084 3780 3153; x_wconf 81' lang='grc' dir='ltr'>ἄρτου</span> <span class='ocrx_word' id='word_1_449' title='bbox 3813 3079 4025 3134; x_wconf 74' lang='grc' dir='ltr'>καὶτοῦ</span> 
     </span>
    </p>
   </div>
   <div class='ocr_carea' id='block_1_62' title="bbox 759 3169 2521 3260">
    <p class='ocr_par' dir='ltr' id='par_1_62' title="bbox 759 3180 2521 3260">
     <span class='ocr_line' id='line_1_62' title="bbox 759 3180 2521 3260; baseline 0.007 -23"><span class='ocrx_word' id='word_1_450' title='bbox 759 3185 991 3238; x_wconf 85' lang='lat' dir='ltr'><strong>mutatio</strong></span> <span class='ocrx_word' id='word_1_451' title='bbox 1031 3188 1188 3254; x_wconf 90' lang='lat' dir='ltr'><strong>panis</strong></span> <span class='ocrx_word' id='word_1_452' title='bbox 1217 3197 1271 3241; x_wconf 90' lang='lat' dir='ltr'><strong>et</strong></span> <span class='ocrx_word' id='word_1_453' title='bbox 1302 3187 1411 3239; x_wconf 91' lang='lat' dir='ltr'><strong>vini</strong></span> <span class='ocrx_word' id='word_1_454' title='bbox 1446 3188 1498 3239; x_wconf 92' lang='lat' dir='ltr'><strong>in</strong></span> <span class='ocrx_word' id='word_1_455' title='bbox 1534 3203 1721 3241; x_wconf 90' lang='lat' dir='ltr'><strong>verum</strong></span> <span class='ocrx_word' id='word_1_456' title='bbox 1777 3189 1983 3243; x_wconf 87' lang='lat' dir='ltr'><strong>Christi</strong></span> <span class='ocrx_word' id='word_1_457' title='bbox 2040 3205 2242 3260; x_wconf 88' lang='lat' dir='ltr'><strong>corpus</strong></span> <span class='ocrx_word' id='word_1_458' title='bbox 2288 3201 2342 3247; x_wconf 89' lang='lat' dir='ltr'><strong>et</strong></span> <span class='ocrx_word' id='word_1_459' title='bbox 2372 3198 2413 3255; x_wconf 89' lang='lat' dir='ltr'><strong>C</strong></span> <span class='ocrx_word' id='word_1_460' title='bbox 2447 3180 2521 3231; x_wconf 62' lang='grc' dir='ltr'>οἶν</span> 
     </span>
    </p>
   </div>
   <div class='ocr_carea' id='block_1_63' title="bbox 2259 3169 4021 3260">
    <p class='ocr_par' dir='ltr' id='par_1_63' title="bbox 2288 3169 4021 3255">
     <span class='ocr_line' id='line_1_63' title="bbox 2288 3169 4021 3255; baseline -0.005 -23"><span class='ocrx_word' id='word_1_461' title='bbox 2288 3201 2342 3247; x_wconf 69' lang='grc' dir='ltr'><strong>ει</strong></span> <span class='ocrx_word' id='word_1_462' title='bbox 2372 3198 2413 3255; x_wconf 79' lang='lat' dir='ltr'>c</span> <span class='ocrx_word' id='word_1_463' title='bbox 2447 3180 2592 3231; x_wconf 67' lang='grc' dir='ltr'>οἴνου</span> <span class='ocrx_word' id='word_1_464' title='bbox 2631 3181 2766 3249; x_wconf 66' lang='lat' dir='ltr'><strong>np’);</strong></span> <span class='ocrx_word' id='word_1_465' title='bbox 2796 3180 2856 3230; x_wconf 89' lang='grc' dir='ltr'><strong>τὸ</strong></span> <span class='ocrx_word' id='word_1_466' title='bbox 2898 3180 3095 3248; x_wconf 80' lang='grc' dir='ltr'>ἀληθὲς</span> <span class='ocrx_word' id='word_1_467' title='bbox 3130 3177 3223 3230; x_wconf 90' lang='grc' dir='ltr'><strong>τοῦ</strong></span> <span class='ocrx_word' id='word_1_468' title='bbox 3260 3174 3503 3244; x_wconf 86' lang='grc' dir='ltr'>Χριστοῦ</span> <span class='ocrx_word' id='word_1_469' title='bbox 3535 3173 3696 3244; x_wconf 86' lang='grc' dir='ltr'>σῶμα</span> <span class='ocrx_word' id='word_1_470' title='bbox 3735 3174 3832 3226; x_wconf 80' lang='grc' dir='ltr'>καὶ</span> <span class='ocrx_word' id='word_1_471' title='bbox 3861 3169 4021 3243; x_wconf 84' lang='grc' dir='ltr'>αἷμα,</span> 
     </span>
    </p>
   </div>
   <div class='ocr_carea' id='block_1_64' title="bbox 760 3277 2133 3344">
    <p class='ocr_par' dir='ltr' id='par_1_64' title="bbox 760 3277 2133 3344">
     <span class='ocr_line' id='line_1_64' title="bbox 760 3277 2133 3344; baseline 0.004 -14"><span class='ocrx_word' id='word_1_472' title='bbox 760 3277 1112 3344; x_wconf 77' lang='lat' dir='ltr'><strong>sanguinem,</strong></span> <span class='ocrx_word' id='word_1_473' title='bbox 1148 3288 1201 3330; x_wconf 90' lang='lat' dir='ltr'><strong>et</strong></span> <span class='ocrx_word' id='word_1_474' title='bbox 1231 3285 1362 3330; x_wconf 91' lang='lat' dir='ltr'><strong>tunc</strong></span> <span class='ocrx_word' id='word_1_475' title='bbox 1397 3277 1520 3340; x_wconf 86' lang='lat' dir='ltr'><strong>fuit,</strong></span> <span class='ocrx_word' id='word_1_476' title='bbox 1557 3286 1610 3331; x_wconf 91' lang='lat' dir='ltr'><strong>et</strong></span> <span class='ocrx_word' id='word_1_477' title='bbox 1639 3293 1782 3330; x_wconf 90' lang='lat' dir='ltr'><strong>nunc</strong></span> <span class='ocrx_word' id='word_1_478' title='bbox 1816 3279 1981 3332; x_wconf 91' lang='lat' dir='ltr'><strong>etiam</strong></span> <span class='ocrx_word' id='word_1_479' title='bbox 2030 3288 2133 3335; x_wconf 90' lang='lat' dir='ltr'><strong>est.</strong></span> 
     </span>
    </p>
   </div>
   <div class='ocr_carea' id='block_1_65' title="bbox 832 3367 2346 3439">
    <p class='ocr_par' dir='ltr' id='par_1_65' title="bbox 832 3367 2346 3439">
     <span class='ocr_line' id='line_1_65' title="bbox 832 3367 2346 3439; baseline 0.005 -17"><span class='ocrx_word' id='word_1_480' title='bbox 832 3368 950 3423; x_wconf 79' lang='lat' dir='ltr'><strong>lioc</strong></span> <span class='ocrx_word' id='word_1_481' title='bbox 1001 3367 1252 3425; x_wconf 88' lang='lat' dir='ltr'><strong>Ecclesia</strong></span> <span class='ocrx_word' id='word_1_482' title='bbox 1302 3370 1511 3424; x_wconf 83' lang='lat' dir='ltr'><strong>Christi</strong></span> <span class='ocrx_word' id='word_1_483' title='bbox 1561 3370 1821 3439; x_wconf 75' lang='lat' dir='ltr'><strong>praedicat</strong></span> <span class='ocrx_word' id='word_1_484' title='bbox 1870 3387 1884 3425; x_wconf 91' lang='lat'><strong>:</strong></span> <span class='ocrx_word' id='word_1_485' title='bbox 1928 3371 2029 3426; x_wconf 92' lang='lat' dir='ltr'><strong>hoc</strong></span> <span class='ocrx_word' id='word_1_486' title='bbox 2064 3373 2346 3430; x_wconf 89' lang='lat' dir='ltr'><strong>miraculis</strong></span> 
     </span>
    </p>
   </div>
   <div class='ocr_carea' id='block_1_66' title="bbox 762 3467 2346 3537">
    <p class='ocr_par' dir='ltr' id='par_1_66' title="bbox 762 3467 2346 3537">
     <span class='ocr_line' id='line_1_66' title="bbox 762 3467 2346 3537; baseline 0.002 -16"><span class='ocrx_word' id='word_1_487' title='bbox 762 3481 908 3536; x_wconf 64' lang='lat' dir='ltr'><strong>saepe</strong></span> <span class='ocrx_word' id='word_1_488' title='bbox 941 3467 1332 3521; x_wconf 86' lang='lat' dir='ltr'><strong>conﬁrmatum</strong></span> <span class='ocrx_word' id='word_1_489' title='bbox 1376 3475 1462 3522; x_wconf 91' lang='lat' dir='ltr'><strong>est</strong></span> <span class='ocrx_word' id='word_1_490' title='bbox 1498 3483 1626 3536; x_wconf 76' lang='lat' dir='ltr'><strong>erga</strong></span> <span class='ocrx_word' id='word_1_491' title='bbox 1663 3468 2002 3530; x_wconf 85' lang='lat' dir='ltr'><strong>incredulos,</strong></span> <span class='ocrx_word' id='word_1_492' title='bbox 2039 3477 2097 3522; x_wconf 91' lang='lat' dir='ltr'><strong>ut</strong></span> <span class='ocrx_word' id='word_1_493' title='bbox 2121 3468 2232 3537; x_wconf 88' lang='lat' dir='ltr'><strong>jam</strong></span> <span class='ocrx_word' id='word_1_494' title='bbox 2266 3471 2346 3524; x_wconf 82' lang='lat' dir='ltr'><strong>di-</strong></span> 
     </span>
    </p>
   </div>
   <div class='ocr_carea' id='block_1_67' title="bbox 761 3560 2349 3628">
    <p class='ocr_par' dir='ltr' id='par_1_67' title="bbox 761 3560 2349 3628">
     <span class='ocr_line' id='line_1_67' title="bbox 761 3560 2349 3628; baseline 0.002 -14"><span class='ocrx_word' id='word_1_495' title='bbox 761 3561 967 3624; x_wconf 77' lang='lat' dir='ltr'><strong>ximus,</strong></span> <span class='ocrx_word' id='word_1_496' title='bbox 1001 3574 1240 3628; x_wconf 88' lang='lat' dir='ltr'><strong>quormn</strong></span> <span class='ocrx_word' id='word_1_497' title='bbox 1269 3560 1438 3628; x_wconf 87' lang='lat' dir='ltr'><strong>aliqui</strong></span> <span class='ocrx_word' id='word_1_498' title='bbox 1473 3561 1734 3614; x_wconf 81' lang='lat' dir='ltr'><strong>viderunt</strong></span> <span class='ocrx_word' id='word_1_499' title='bbox 1766 3560 1819 3614; x_wconf 94' lang='lat' dir='ltr'><strong>in</strong></span> <span class='ocrx_word' id='word_1_500' title='bbox 1851 3575 2012 3616; x_wconf 87' lang='lat' dir='ltr'><strong>sacro</strong></span> <span class='ocrx_word' id='word_1_501' title='bbox 2048 3576 2173 3616; x_wconf 88' lang='lat' dir='ltr'><strong>vase</strong></span> <span class='ocrx_word' id='word_1_502' title='bbox 2205 3562 2349 3618; x_wconf 86' lang='lat' dir='ltr'><strong>inte-</strong></span> 
     </span>
    </p>
   </div>
   <div class='ocr_carea' id='block_1_68' title="bbox 764 3652 2348 3721">
    <p class='ocr_par' dir='ltr' id='par_1_68' title="bbox 764 3652 2348 3721">
     <span class='ocr_line' id='line_1_68' title="bbox 764 3652 2348 3721; baseline 0.004 -19"><span class='ocrx_word' id='word_1_503' title='bbox 764 3667 922 3721; x_wconf 67' lang='lat' dir='ltr'><strong>grum</strong></span> <span class='ocrx_word' id='word_1_504' title='bbox 961 3663 1012 3706; x_wconf 90' lang='lat' dir='ltr'><strong>et</strong></span> <span class='ocrx_word' id='word_1_505' title='bbox 1044 3653 1311 3707; x_wconf 85' lang='lat' dir='ltr'><strong>viventem</strong></span> <span class='ocrx_word' id='word_1_506' title='bbox 1351 3652 1640 3706; x_wconf 82' lang='lat' dir='ltr'><strong>Dominum</strong></span> <span class='ocrx_word' id='word_1_507' title='bbox 1702 3663 1980 3720; x_wconf 72' lang='lat' dir='ltr'><strong>uestrum,</strong></span> <span class='ocrx_word' id='word_1_508' title='bbox 2020 3661 2075 3709; x_wconf 82' lang='lat' dir='ltr'><strong>et</strong></span> <span class='ocrx_word' id='word_1_509' title='bbox 2129 3655 2348 3709; x_wconf 87' lang='lat' dir='ltr'><strong>attoniti</strong></span> 
     </span>
    </p>
   </div>
   <div class='ocr_carea' id='block_1_69' title="bbox 764 3745 2352 3817">
    <p class='ocr_par' dir='ltr' id='par_1_69' title="bbox 764 3745 2352 3817">
     <span class='ocr_line' id='line_1_69' title="bbox 764 3745 2352 3817; baseline 0.003 -19"><span class='ocrx_word' id='word_1_510' title='bbox 764 3745 1140 3799; x_wconf 88' lang='lat' dir='ltr'><strong>crediderunt.</strong></span> <span class='ocrx_word' id='word_1_511' title='bbox 1178 3746 1284 3799; x_wconf 89' lang='lat' dir='ltr'><strong>Alii</strong></span> <span class='ocrx_word' id='word_1_512' title='bbox 1313 3746 1667 3799; x_wconf 88' lang='lat' dir='ltr'><strong>temerariam</strong></span> <span class='ocrx_word' id='word_1_513' title='bbox 1698 3747 2032 3800; x_wconf 90' lang='lat' dir='ltr'><strong>sacramenti</strong></span> <span class='ocrx_word' id='word_1_514' title='bbox 2062 3750 2352 3817; x_wconf 74' lang='lat' dir='ltr'><strong>experien-</strong></span> 
     </span>
    </p>
   </div>
   <div class='ocr_carea' id='block_1_70' title="bbox 767 3836 2350 3909">
    <p class='ocr_par' dir='ltr' id='par_1_70' title="bbox 767 3836 2350 3909">
     <span class='ocr_line' id='line_1_70' title="bbox 767 3836 2350 3909; baseline 0.004 -20"><span class='ocrx_word' id='word_1_515' title='bbox 767 3838 902 3890; x_wconf 91' lang='lat' dir='ltr'><strong>tiam</strong></span> <span class='ocrx_word' id='word_1_516' title='bbox 934 3836 1226 3902; x_wconf 79' lang='lat' dir='ltr'><strong>facientes,</strong></span> <span class='ocrx_word' id='word_1_517' title='bbox 1262 3855 1385 3891; x_wconf 87' lang='lat' dir='ltr'><strong>cmn</strong></span> <span class='ocrx_word' id='word_1_518' title='bbox 1427 3840 1606 3891; x_wconf 90' lang='lat' dir='ltr'><strong>anima</strong></span> <span class='ocrx_word' id='word_1_519' title='bbox 1645 3839 1813 3891; x_wconf 86' lang='lat' dir='ltr'><strong>vitam</strong></span> <span class='ocrx_word' id='word_1_520' title='bbox 1863 3855 2084 3909; x_wconf 88' lang='lat' dir='ltr'><strong>quoque</strong></span> <span class='ocrx_word' id='word_1_521' title='bbox 2117 3841 2350 3895; x_wconf 81' lang='lat' dir='ltr'><strong>violenta</strong></span> 
     </span>
    </p>
   </div>
   <div class='ocr_carea' id='block_1_71' title="bbox 766 3929 2352 3997">
    <p class='ocr_par' dir='ltr' id='par_1_71' title="bbox 766 3929 2352 3997">
     <span class='ocr_line' id='line_1_71' title="bbox 766 3929 2352 3997; baseline 0.001 -14"><span class='ocrx_word' id='word_1_522' title='bbox 766 3939 946 3983; x_wconf 88' lang='lat' dir='ltr'><strong>morte</strong></span> <span class='ocrx_word' id='word_1_523' title='bbox 974 3929 1303 3984; x_wconf 85' lang='lat' dir='ltr'><strong>amiserunt.</strong></span> <span class='ocrx_word' id='word_1_524' title='bbox 1350 3930 1601 3983; x_wconf 79' lang='lat' dir='ltr'><strong>Efﬁcacia</strong></span> <span class='ocrx_word' id='word_1_525' title='bbox 1649 3929 1817 3996; x_wconf 73' lang='lat' dir='ltr'><strong>igitur</strong></span> <span class='ocrx_word' id='word_1_526' title='bbox 1852 3930 2034 3984; x_wconf 82' lang='lat' dir='ltr'><strong>munis</strong></span> <span class='ocrx_word' id='word_1_527' title='bbox 2065 3931 2228 3997; x_wconf 89' lang='lat' dir='ltr'><strong>hujus</strong></span> <span class='ocrx_word' id='word_1_528' title='bbox 2263 3946 2352 3986; x_wconf 89' lang='lat' dir='ltr'><strong>sa-</strong></span> 
     </span>
    </p>
   </div>
   <div class='ocr_carea' id='block_1_72' title="bbox 767 4022 2347 4090">
    <p class='ocr_par' dir='ltr' id='par_1_72' title="bbox 767 4022 2347 4090">
     <span class='ocr_line' id='line_1_72' title="bbox 767 4022 2347 4090; baseline 0.003 -16"><span class='ocrx_word' id='word_1_529' title='bbox 767 4023 1064 4083; x_wconf 88' lang='lat' dir='ltr'><strong>cramenti,</strong></span> <span class='ocrx_word' id='word_1_530' title='bbox 1097 4030 1150 4074; x_wconf 89' lang='lat' dir='ltr'><strong>et</strong></span> <span class='ocrx_word' id='word_1_531' title='bbox 1194 4036 1304 4089; x_wconf 74' lang='lat' dir='ltr'><strong>prre</strong></span> <span class='ocrx_word' id='word_1_532' title='bbox 1334 4022 1562 4090; x_wconf 83' lang='lat' dir='ltr'><strong>reliquis</strong></span> <span class='ocrx_word' id='word_1_533' title='bbox 1600 4023 1965 4076; x_wconf 78' lang='lat' dir='ltr'><strong>sacramentis</strong></span> <span class='ocrx_word' id='word_1_534' title='bbox 1997 4025 2347 4090; x_wconf 79' lang='lat' dir='ltr'><strong>excellentia,</strong></span> 
     </span>
    </p>
   </div>
   <div class='ocr_carea' id='block_1_73' title="bbox 767 4113 2348 4182">
    <p class='ocr_par' dir='ltr' id='par_1_73' title="bbox 767 4113 2348 4182">
     <span class='ocr_line' id='line_1_73' title="bbox 767 4113 2348 4182; baseline 0.001 -14"><span class='ocrx_word' id='word_1_535' title='bbox 767 4129 832 4168; x_wconf 80' lang='lat' dir='ltr'><strong>ex</strong></span> <span class='ocrx_word' id='word_1_536' title='bbox 868 4113 932 4167; x_wconf 86' lang='lat' dir='ltr'><strong>iis</strong></span> <span class='ocrx_word' id='word_1_537' title='bbox 966 4129 1087 4182; x_wconf 80' lang='lat' dir='ltr'><strong>qua:</strong></span> <span class='ocrx_word' id='word_1_538' title='bbox 1132 4114 1275 4166; x_wconf 87' lang='lat' dir='ltr'><strong>dicta</strong></span> <span class='ocrx_word' id='word_1_539' title='bbox 1334 4124 1463 4167; x_wconf 92' lang='lat' dir='ltr'><strong>sunt</strong></span> <span class='ocrx_word' id='word_1_540' title='bbox 1520 4113 1753 4167; x_wconf 81' lang='lat' dir='ltr'><strong>efﬁcitur</strong></span> <span class='ocrx_word' id='word_1_541' title='bbox 1796 4126 1848 4168; x_wconf 92' lang='lat' dir='ltr'><strong>ct</strong></span> <span class='ocrx_word' id='word_1_542' title='bbox 1898 4115 2348 4169; x_wconf 84' lang='lat' dir='ltr'><strong>demonstratur:</strong></span> 
     </span>
    </p>
   </div>
   <div class='ocr_carea' id='block_1_74' title="bbox 769 4206 2350 4275">
    <p class='ocr_par' dir='ltr' id='par_1_74' title="bbox 769 4206 2350 4275">
     <span class='ocr_line' id='line_1_74' title="bbox 769 4206 2350 4275; baseline 0.003 -20"><span class='ocrx_word' id='word_1_543' title='bbox 769 4224 892 4275; x_wconf 76' lang='lat' dir='ltr'><strong>qua:</strong></span> <span class='ocrx_word' id='word_1_544' title='bbox 928 4223 1051 4259; x_wconf 87' lang='lat' dir='ltr'><strong>cum</strong></span> <span class='ocrx_word' id='word_1_545' title='bbox 1098 4206 1254 4260; x_wconf 90' lang='lat' dir='ltr'><strong>multi</strong></span> <span class='ocrx_word' id='word_1_546' title='bbox 1313 4207 1566 4259; x_wconf 83' lang='lat' dir='ltr'><strong>homims</strong></span> <span class='ocrx_word' id='word_1_547' title='bbox 1615 4208 1892 4275; x_wconf 45' lang='lat' dir='ltr'><strong>ignari-nt.</strong></span> <span class='ocrx_word' id='word_1_548' title='bbox 1941 4208 2209 4260; x_wconf 89' lang='lat' dir='ltr'><strong>minorem</strong></span> <span class='ocrx_word' id='word_1_549' title='bbox 2264 4207 2350 4260; x_wconf 87' lang='lat' dir='ltr'><strong>id-</strong></span> 
     </span>
    </p>
   </div>
   <div class='ocr_carea' id='block_1_75' title="bbox 771 4300 2353 4368">
    <p class='ocr_par' dir='ltr' id='par_1_75' title="bbox 771 4300 2353 4368">
     <span class='ocr_line' id='line_1_75' title="bbox 771 4300 2353 4368; baseline 0.001 -15"><span class='ocrx_word' id='word_1_550' title='bbox 771 4304 921 4353; x_wconf 65' lang='lat' dir='ltr'><strong>circo</strong></span> <span class='ocrx_word' id='word_1_551' title='bbox 950 4314 1109 4367; x_wconf 87' lang='lat' dir='ltr'><strong>quam</strong></span> <span class='ocrx_word' id='word_1_552' title='bbox 1148 4314 1244 4367; x_wconf 84' lang='lat' dir='ltr'><strong>par</strong></span> <span class='ocrx_word' id='word_1_553' title='bbox 1273 4309 1420 4353; x_wconf 87' lang='lat' dir='ltr'><strong>esset</strong></span> <span class='ocrx_word' id='word_1_554' title='bbox 1455 4300 1499 4351; x_wconf 85' lang='lat' dir='ltr'><strong>ei</strong></span> <span class='ocrx_word' id='word_1_555' title='bbox 1529 4301 1892 4353; x_wconf 77' lang='lat' dir='ltr'><strong>reverentiam</strong></span> <span class='ocrx_word' id='word_1_556' title='bbox 1935 4302 2280 4368; x_wconf 82' lang='lat' dir='ltr'><strong>impendunt,</strong></span> <span class='ocrx_word' id='word_1_557' title='bbox 2301 4309 2353 4354; x_wconf 90' lang='lat' dir='ltr'><strong>et</strong></span> 
     </span>
    </p>
   </div>
   <div class='ocr_carea' id='block_1_76' title="bbox 771 4394 2352 4462">
    <p class='ocr_par' dir='ltr' id='par_1_76' title="bbox 771 4394 2352 4462">
     <span class='ocr_line' id='line_1_76' title="bbox 771 4394 2352 4462; baseline 0.001 -17"><span class='ocrx_word' id='word_1_558' title='bbox 771 4405 896 4447; x_wconf 83' lang='lat' dir='ltr'><strong>ante</strong></span> <span class='ocrx_word' id='word_1_559' title='bbox 921 4396 1395 4456; x_wconf 82' lang='lat' dir='ltr'><strong>communionem,</strong></span> <span class='ocrx_word' id='word_1_560' title='bbox 1416 4403 1468 4444; x_wconf 76' lang='grc' dir='ltr'><strong>(ιι</strong></span> <span class='ocrx_word' id='word_1_561' title='bbox 1495 4394 1544 4444; x_wconf 87' lang='lat' dir='ltr'><strong>in</strong></span> <span class='ocrx_word' id='word_1_562' title='bbox 1575 4394 1690 4461; x_wconf 74' lang='lat' dir='ltr'><strong>ipsa</strong></span> <span class='ocrx_word' id='word_1_563' title='bbox 1721 4394 2126 4455; x_wconf 64' lang='lat' dir='ltr'><strong>(fttllllltlllthIll‘,</strong></span> <span class='ocrx_word' id='word_1_564' title='bbox 2152 4403 2200 4446; x_wconf 87' lang='lat' dir='ltr'><strong>ct</strong></span> <span class='ocrx_word' id='word_1_565' title='bbox 2232 4401 2352 4462; x_wconf 79' lang='lat' dir='ltr'><strong>post</strong></span> 
     </span>
    </p>
   </div>
   <div class='ocr_carea' id='block_1_77' title="bbox 773 4487 2351 4555">
    <p class='ocr_par' dir='ltr' id='par_1_77' title="bbox 773 4487 2351 4555">
     <span class='ocr_line' id='line_1_77' title="bbox 773 4487 2351 4555; baseline 0.001 -19"><span class='ocrx_word' id='word_1_566' title='bbox 773 4488 1243 4548; x_wconf 63' lang='lat' dir='ltr'><strong>ruumruniuncm,</strong></span> <span class='ocrx_word' id='word_1_567' title='bbox 1307 4489 1358 4539; x_wconf 90' lang='lat' dir='ltr'><strong>in</strong></span> <span class='ocrx_word' id='word_1_568' title='bbox 1425 4503 1537 4555; x_wconf 84' lang='lat' dir='ltr'><strong>quo</strong></span> <span class='ocrx_word' id='word_1_569' title='bbox 1589 4504 1615 4538; x_wconf 84' lang='lat' dir='ltr'><strong>a</strong></span> <span class='ocrx_word' id='word_1_570' title='bbox 1684 4487 2138 4539; x_wconf 71' lang='lat' dir='ltr'><strong>saecrtlotibttscl</strong></span> <span class='ocrx_word' id='word_1_571' title='bbox 2196 4487 2351 4539; x_wconf 61' lang='lat' dir='ltr'><strong>laicis</strong></span> 
     </span>
    </p>
   </div>
   <div class='ocr_carea' id='block_1_78' title="bbox 2449 3273 3245 3347">
    <p class='ocr_par' dir='ltr' id='par_1_78' title="bbox 2449 3273 3245 3347">
     <span class='ocr_line' id='line_1_78' title="bbox 2449 3273 3245 3347; baseline 0 -20"><span class='ocrx_word' id='word_1_572' title='bbox 2449 3279 2544 3329; x_wconf 69' lang='grc' dir='ltr'>καὶ</span> <span class='ocrx_word' id='word_1_573' title='bbox 2573 3279 2692 3329; x_wconf 87' lang='grc' dir='ltr'>τότε</span> <span class='ocrx_word' id='word_1_574' title='bbox 2732 3273 2822 3347; x_wconf 84' lang='grc' dir='ltr'>ἦν,</span> <span class='ocrx_word' id='word_1_575' title='bbox 2855 3277 2950 3328; x_wconf 73' lang='grc' dir='ltr'>καὶ</span> <span class='ocrx_word' id='word_1_576' title='bbox 2989 3275 3082 3327; x_wconf 88' lang='grc' dir='ltr'>νῦν</span> <span class='ocrx_word' id='word_1_577' title='bbox 3107 3278 3245 3328; x_wconf 72' lang='grc' dir='ltr'>ἔστι.</span> 
     </span>
    </p>
   </div>
   <div class='ocr_carea' id='block_1_79' title="bbox 2522 3362 4029 3437">
    <p class='ocr_par' dir='ltr' id='par_1_79' title="bbox 2522 3362 4029 3437">
     <span class='ocr_line' id='line_1_79' title="bbox 2522 3362 4029 3437; baseline -0.004 -17"><span class='ocrx_word' id='word_1_578' title='bbox 2522 3369 2694 3420; x_wconf 86' lang='grc' dir='ltr'>Τοῦτο</span> <span class='ocrx_word' id='word_1_579' title='bbox 2727 3370 2759 3436; x_wconf 81' lang='grc' dir='ltr'>ἡ</span> <span class='ocrx_word' id='word_1_580' title='bbox 2790 3367 2882 3421; x_wconf 91' lang='grc' dir='ltr'><strong>τοῦ</strong></span> <span class='ocrx_word' id='word_1_581' title='bbox 2921 3366 3158 3437; x_wconf 85' lang='grc' dir='ltr'>Χριστοῦ</span> <span class='ocrx_word' id='word_1_582' title='bbox 3204 3365 3507 3436; x_wconf 82' lang='grc' dir='ltr'>Ἐκκλησία</span> <span class='ocrx_word' id='word_1_583' title='bbox 3531 3365 3832 3435; x_wconf 88' lang='grc' dir='ltr'>κηρύττει·</span> <span class='ocrx_word' id='word_1_584' title='bbox 3871 3362 4029 3415; x_wconf 75' lang='grc' dir='ltr'>τοῦτο</span> 
     </span>
    </p>
   </div>
   <div class='ocr_carea' id='block_1_80' title="bbox 2459 3455 4024 3528">
    <p class='ocr_par' dir='ltr' id='par_1_80' title="bbox 2459 3455 4024 3528">
     <span class='ocr_line' id='line_1_80' title="bbox 2459 3455 4024 3528; baseline -0.006 -14"><span class='ocrx_word' id='word_1_585' title='bbox 2459 3462 2787 3521; x_wconf 78' lang='grc' dir='ltr'>θαυμασίοις</span> <span class='ocrx_word' id='word_1_586' title='bbox 2821 3459 3085 3518; x_wconf 79' lang='grc' dir='ltr'>πολλάκις</span> <span class='ocrx_word' id='word_1_587' title='bbox 3126 3457 3435 3528; x_wconf 76' lang='grc' dir='ltr'>ἐϐεϐαιώθη</span> <span class='ocrx_word' id='word_1_588' title='bbox 3473 3458 3609 3526; x_wconf 60' lang='grc' dir='ltr'>προς</span> <span class='ocrx_word' id='word_1_589' title='bbox 3668 3457 3795 3518; x_wconf 81' lang='grc' dir='ltr'>τοὺς</span> <span class='ocrx_word' id='word_1_590' title='bbox 3843 3455 4024 3506; x_wconf 85' lang='grc' dir='ltr'>διαπι-</span> 
     </span>
    </p>
   </div>
   <div class='ocr_carea' id='block_1_81' title="bbox 2453 3545 4027 3619">
    <p class='ocr_par' dir='ltr' id='par_1_81' title="bbox 2453 3545 4027 3619">
     <span class='ocr_line' id='line_1_81' title="bbox 2453 3545 4027 3619; baseline -0.006 -13"><span class='ocrx_word' id='word_1_591' title='bbox 2453 3554 2735 3612; x_wconf 83' lang='grc' dir='ltr'>στοῦντας,</span> <span class='ocrx_word' id='word_1_592' title='bbox 2762 3553 2836 3614; x_wconf 84' lang='grc' dir='ltr'><strong>ὡς</strong></span> <span class='ocrx_word' id='word_1_593' title='bbox 2862 3552 3126 3618; x_wconf 86' lang='grc' dir='ltr'>πρότερον</span> <span class='ocrx_word' id='word_1_594' title='bbox 3151 3551 3400 3619; x_wconf 82' lang='grc' dir='ltr'>εἴπομεν,</span> <span class='ocrx_word' id='word_1_595' title='bbox 3423 3550 3519 3602; x_wconf 76' lang='grc' dir='ltr'>καὶ</span> <span class='ocrx_word' id='word_1_596' title='bbox 3547 3545 3686 3600; x_wconf 73' lang='grc' dir='ltr'>εἶδον</span> <span class='ocrx_word' id='word_1_597' title='bbox 3715 3548 3773 3599; x_wconf 81' lang='lat' dir='ltr'><strong>tv</strong></span> <span class='ocrx_word' id='word_1_598' title='bbox 3794 3545 3870 3616; x_wconf 84' lang='grc' dir='ltr'>τῷ</span> <span class='ocrx_word' id='word_1_599' title='bbox 3895 3545 4027 3615; x_wconf 79' lang='grc' dir='ltr'>ἱερῷ</span> 
     </span>
    </p>
   </div>
   <div class='ocr_carea' id='block_1_82' title="bbox 2454 3639 4029 3714">
    <p class='ocr_par' dir='ltr' id='par_1_82' title="bbox 2454 3639 4029 3714">
     <span class='ocr_line' id='line_1_82' title="bbox 2454 3639 4029 3714; baseline -0.006 -15"><span class='ocrx_word' id='word_1_600' title='bbox 2454 3646 2638 3699; x_wconf 83' lang='grc' dir='ltr'>σκεύει</span> <span class='ocrx_word' id='word_1_601' title='bbox 2689 3646 2984 3714; x_wconf 82' lang='grc' dir='ltr'>ὁλόκληρον</span> <span class='ocrx_word' id='word_1_602' title='bbox 3055 3643 3147 3696; x_wconf 65' lang='grc' dir='ltr'>τὸν</span> <span class='ocrx_word' id='word_1_603' title='bbox 3197 3640 3404 3712; x_wconf 80' lang='grc' dir='ltr'>Κύριον</span> <span class='ocrx_word' id='word_1_604' title='bbox 3475 3640 3634 3710; x_wconf 81' lang='grc' dir='ltr'>ἡμῶν</span> <span class='ocrx_word' id='word_1_605' title='bbox 3679 3639 3881 3702; x_wconf 83' lang='grc' dir='ltr'>ζῶντα,</span> <span class='ocrx_word' id='word_1_606' title='bbox 3935 3639 4029 3690; x_wconf 73' lang='grc' dir='ltr'>καὶ</span> 
     </span>
    </p>
   </div>
   <div class='ocr_carea' id='block_1_83' title="bbox 2453 3727 4028 3801">
    <p class='ocr_par' dir='ltr' id='par_1_83' title="bbox 2453 3727 4028 3801">
     <span class='ocr_line' id='line_1_83' title="bbox 2453 3727 4028 3801; baseline -0.007 -12"><span class='ocrx_word' id='word_1_607' title='bbox 2453 3735 2891 3789; x_wconf 86' lang='grc' dir='ltr'>πεπιστεύκασιν</span> <span class='ocrx_word' id='word_1_608' title='bbox 2923 3733 3316 3801; x_wconf 79' lang='grc' dir='ltr'>ἐκπλαγέντες.</span> <span class='ocrx_word' id='word_1_609' title='bbox 3351 3730 3538 3784; x_wconf 80' lang='grc' dir='ltr'>Ἀλλοι</span> <span class='ocrx_word' id='word_1_610' title='bbox 3571 3729 3885 3797; x_wconf 79' lang='grc' dir='ltr'>πειρασμὸν</span> <span class='ocrx_word' id='word_1_611' title='bbox 3931 3727 4028 3778; x_wconf 79' lang='grc' dir='ltr'><strong>τοῦ</strong></span> 
     </span>
    </p>
   </div>
   <div class='ocr_carea' id='block_1_84' title="bbox 2456 3819 4033 3897">
    <p class='ocr_par' dir='ltr' id='par_1_84' title="bbox 2456 3819 4033 3897">
     <span class='ocr_line' id='line_1_84' title="bbox 2456 3819 4033 3897; baseline -0.008 -18"><span class='ocrx_word' id='word_1_612' title='bbox 2456 3825 2760 3897; x_wconf 87' lang='grc' dir='ltr'>μυστηρίου</span> <span class='ocrx_word' id='word_1_613' title='bbox 2802 3825 3131 3892; x_wconf 83' lang='grc' dir='ltr'>ποιήσαντες</span> <span class='ocrx_word' id='word_1_614' title='bbox 3189 3822 3488 3890; x_wconf 63' lang='grc' dir='ltr'>τολμηρὸν,</span> <span class='ocrx_word' id='word_1_615' title='bbox 3546 3820 3685 3889; x_wconf 81' lang='grc' dir='ltr'>μετὰ</span> <span class='ocrx_word' id='word_1_616' title='bbox 3724 3819 3822 3885; x_wconf 82' lang='grc' dir='ltr'>τῆς</span> <span class='ocrx_word' id='word_1_617' title='bbox 3855 3819 4033 3886; x_wconf 74' lang='grc' dir='ltr'>ψυχῆς</span> 
     </span>
    </p>
   </div>
   <div class='ocr_carea' id='block_1_85' title="bbox 2453 3911 4032 3990">
    <p class='ocr_par' dir='ltr' id='par_1_85' title="bbox 2453 3911 4032 3990">
     <span class='ocr_line' id='line_1_85' title="bbox 2453 3911 4032 3990; baseline -0.008 -18"><span class='ocrx_word' id='word_1_618' title='bbox 2453 3923 2549 3974; x_wconf 73' lang='grc' dir='ltr'><strong>καὶ</strong></span> <span class='ocrx_word' id='word_1_619' title='bbox 2577 3920 2675 3990; x_wconf 82' lang='grc' dir='ltr'>τὴν</span> <span class='ocrx_word' id='word_1_620' title='bbox 2708 3919 2854 3986; x_wconf 82' lang='grc' dir='ltr'>ζωὴν</span> <span class='ocrx_word' id='word_1_621' title='bbox 2916 3916 3106 3984; x_wconf 88' lang='grc' dir='ltr'>βιαίως</span> <span class='ocrx_word' id='word_1_622' title='bbox 3138 3913 3451 3967; x_wconf 84' lang='grc' dir='ltr'>ἀπώλεσαν.</span> <span class='ocrx_word' id='word_1_623' title='bbox 3493 3912 3605 3965; x_wconf 74' lang='grc' dir='ltr'><strong>Καὶ</strong></span> <span class='ocrx_word' id='word_1_624' title='bbox 3637 3911 4032 3980; x_wconf 80' lang='grc' dir='ltr'>δραστηριότης</span> 
     </span>
    </p>
   </div>
   <div class='ocr_carea' id='block_1_86' title="bbox 2455 4002 4034 4079">
    <p class='ocr_par' dir='ltr' id='par_1_86' title="bbox 2455 4002 4034 4079">
     <span class='ocr_line' id='line_1_86' title="bbox 2455 4002 4034 4079; baseline -0.007 -15"><span class='ocrx_word' id='word_1_625' title='bbox 2455 4013 2604 4064; x_wconf 83' lang='grc' dir='ltr'>πᾶσα</span> <span class='ocrx_word' id='word_1_626' title='bbox 2631 4011 2722 4062; x_wconf 86' lang='grc' dir='ltr'><strong>τοῦ</strong></span> <span class='ocrx_word' id='word_1_627' title='bbox 2761 4009 3066 4079; x_wconf 83' lang='grc' dir='ltr'>μυστηρίου</span> <span class='ocrx_word' id='word_1_628' title='bbox 3108 4005 3324 4068; x_wconf 89' lang='grc' dir='ltr'>τούτου,</span> <span class='ocrx_word' id='word_1_629' title='bbox 3354 4005 3451 4058; x_wconf 74' lang='grc' dir='ltr'>καὶ</span> <span class='ocrx_word' id='word_1_630' title='bbox 3503 4006 3636 4073; x_wconf 74' lang='grc' dir='ltr'>πρὸς</span> <span class='ocrx_word' id='word_1_631' title='bbox 3664 4003 3732 4054; x_wconf 80' lang='grc' dir='ltr'>τὰ</span> <span class='ocrx_word' id='word_1_632' title='bbox 3765 4002 3900 4056; x_wconf 82' lang='grc' dir='ltr'>ἄλλα</span> <span class='ocrx_word' id='word_1_633' title='bbox 3926 4002 4034 4054; x_wconf 76' lang='grc' dir='ltr'>τῶν</span> 
     </span>
    </p>
   </div>
   <div class='ocr_carea' id='block_1_87' title="bbox 2461 4093 4033 4171">
    <p class='ocr_par' dir='ltr' id='par_1_87' title="bbox 2461 4093 4033 4171">
     <span class='ocr_line' id='line_1_87' title="bbox 2461 4093 4033 4171; baseline -0.006 -17"><span class='ocrx_word' id='word_1_634' title='bbox 2461 4103 2777 4171; x_wconf 81' lang='grc' dir='ltr'>μυστηρίων</span> <span class='ocrx_word' id='word_1_635' title='bbox 2827 4099 3070 4169; x_wconf 81' lang='grc' dir='ltr'>ὑπεροχὴ</span> <span class='ocrx_word' id='word_1_636' title='bbox 3125 4095 3380 4149; x_wconf 79' lang='grc' dir='ltr'>ἐντεῦθέν</span> <span class='ocrx_word' id='word_1_637' title='bbox 3432 4097 3549 4148; x_wconf 79' lang='grc' dir='ltr'>ἐστι</span> <span class='ocrx_word' id='word_1_638' title='bbox 3582 4095 3678 4146; x_wconf 67' lang='grc' dir='ltr'>καὶ</span> <span class='ocrx_word' id='word_1_639' title='bbox 3731 4093 4033 4156; x_wconf 86' lang='grc' dir='ltr'>δείκνυται,</span> 
     </span>
    </p>
   </div>
   <div class='ocr_carea' id='block_1_88' title="bbox 2458 4185 4035 4258">
    <p class='ocr_par' dir='ltr' id='par_1_88' title="bbox 2458 4185 4035 4258">
     <span class='ocr_line' id='line_1_88' title="bbox 2458 4185 4035 4258; baseline -0.008 -9"><span class='ocrx_word' id='word_1_640' title='bbox 2458 4199 2550 4249; x_wconf 72' lang='grc' dir='ltr'><strong>καὶ</strong></span> <span class='ocrx_word' id='word_1_641' title='bbox 2595 4196 2646 4248; x_wconf 79' lang='grc' dir='ltr'><strong>οἱ</strong></span> <span class='ocrx_word' id='word_1_642' title='bbox 2675 4193 2861 4247; x_wconf 74' lang='grc' dir='ltr'>πολλοὶ</span> <span class='ocrx_word' id='word_1_643' title='bbox 2895 4193 3003 4245; x_wconf 87' lang='grc' dir='ltr'><strong>τῶν</strong></span> <span class='ocrx_word' id='word_1_644' title='bbox 3039 4189 3347 4258; x_wconf 84' lang='grc' dir='ltr'>ἀνθρώπων</span> <span class='ocrx_word' id='word_1_645' title='bbox 3400 4189 3746 4254; x_wconf 85' lang='grc' dir='ltr'>ἀγνοοῦντες,</span> <span class='ocrx_word' id='word_1_646' title='bbox 3784 4185 4035 4236; x_wconf 60' lang='grc' dir='ltr'>ἐντεῦθεν</span> 
     </span>
    </p>
   </div>
   <div class='ocr_carea' id='block_1_89' title="bbox 2456 4278 4012 4355">
    <p class='ocr_par' dir='ltr' id='par_1_89' title="bbox 2456 4278 4012 4355">
     <span class='ocr_line' id='line_1_89' title="bbox 2456 4278 4012 4355; baseline -0.009 -13"><span class='ocrx_word' id='word_1_647' title='bbox 2456 4292 2549 4342; x_wconf 74' lang='grc' dir='ltr'><strong>καὶ</strong></span> <span class='ocrx_word' id='word_1_648' title='bbox 2585 4289 2813 4340; x_wconf 76' lang='grc' dir='ltr'>ἔλαττον</span> <span class='ocrx_word' id='word_1_649' title='bbox 2860 4287 2959 4355; x_wconf 75' lang='grc' dir='ltr'>τῆς</span> <span class='ocrx_word' id='word_1_650' title='bbox 2991 4282 3352 4352; x_wconf 80' lang='grc' dir='ltr'>ὀφειλομένης</span> <span class='ocrx_word' id='word_1_651' title='bbox 3383 4280 3667 4340; x_wconf 76' lang='grc' dir='ltr'>εὐλαϐείας</span> <span class='ocrx_word' id='word_1_652' title='bbox 3699 4278 4012 4344; x_wconf 73' lang='grc' dir='ltr'>ἀπονέμουσ</span> 
     </span>
    </p>
   </div>
   <div class='ocr_carea' id='block_1_90' title="bbox 2456 4371 4037 4452">
    <p class='ocr_par' dir='ltr' id='par_1_90' title="bbox 2456 4371 4037 4452">
     <span class='ocr_line' id='line_1_90' title="bbox 2456 4371 4037 4452; baseline -0.012 -16"><span class='ocrx_word' id='word_1_653' title='bbox 2456 4384 2548 4436; x_wconf 73' lang='grc' dir='ltr'><strong>καὶ</strong></span> <span class='ocrx_word' id='word_1_654' title='bbox 2618 4381 2724 4452; x_wconf 71' lang='grc' dir='ltr'>πρὸ</span> <span class='ocrx_word' id='word_1_655' title='bbox 2758 4381 2859 4450; x_wconf 77' lang='grc' dir='ltr'>τῆς</span> <span class='ocrx_word' id='word_1_656' title='bbox 2908 4377 3291 4448; x_wconf 74' lang='grc' dir='ltr'>μεταλήψεως,</span> <span class='ocrx_word' id='word_1_657' title='bbox 3324 4375 3418 4426; x_wconf 77' lang='grc' dir='ltr'><strong>καὶ</strong></span> <span class='ocrx_word' id='word_1_658' title='bbox 3467 4374 3524 4423; x_wconf 87' lang='grc' dir='ltr'>ὲν</span> <span class='ocrx_word' id='word_1_659' title='bbox 3573 4371 3710 4439; x_wconf 82' lang='grc' dir='ltr'>αὐτῇ</span> <span class='ocrx_word' id='word_1_660' title='bbox 3746 4371 3811 4438; x_wconf 86' lang='grc' dir='ltr'>τῇ</span> <span class='ocrx_word' id='word_1_661' title='bbox 3867 4384 4037 4435; x_wconf 82' lang='grc' dir='ltr'>μεια-</span> 
     </span>
    </p>
   </div>
   <div class='ocr_carea' id='block_1_91' title="bbox 2454 4462 4038 4548">
    <p class='ocr_par' dir='ltr' id='par_1_91' title="bbox 2454 4462 4038 4548">
     <span class='ocr_line' id='line_1_91' title="bbox 2454 4462 4038 4548; baseline -0.012 -19"><span class='ocrx_word' id='word_1_662' title='bbox 2454 4479 2635 4548; x_wconf 65' lang='grc' dir='ltr'>λήψει,</span> <span class='ocrx_word' id='word_1_663' title='bbox 2667 4477 2762 4530; x_wconf 79' lang='grc' dir='ltr'>καὶ</span> <span class='ocrx_word' id='word_1_664' title='bbox 2791 4475 2930 4544; x_wconf 75' lang='grc' dir='ltr'>μετὰ</span> <span class='ocrx_word' id='word_1_665' title='bbox 2956 4474 3054 4542; x_wconf 84' lang='grc' dir='ltr'><strong>τὴν</strong></span> <span class='ocrx_word' id='word_1_666' title='bbox 3081 4468 3410 4540; x_wconf 69' lang='grc' dir='ltr'>μετάληψιν,</span> <span class='ocrx_word' id='word_1_667' title='bbox 3431 4462 3720 4535; x_wconf 78' lang='grc' dir='ltr'>ἱερώμενοι</span> <span class='ocrx_word' id='word_1_668' title='bbox 3742 4481 3800 4513; x_wconf 89' lang='grc' dir='ltr'><strong>τε</strong></span> <span class='ocrx_word' id='word_1_669' title='bbox 3836 4462 4038 4528; x_wconf 78' lang='grc' dir='ltr'>ὁμοῖως</span> 
     </span>
    </p>
   </div>
   <div class='ocr_carea' id='block_1_92' title="bbox 773 4551 2535 4649">
    <p class='ocr_par' dir='ltr' id='par_1_92' title="bbox 773 4559 2535 4649">
     <span class='ocr_line' id='line_1_92' title="bbox 773 4559 2535 4649; baseline -0.005 -17"><span class='ocrx_word' id='word_1_670' title='bbox 773 4598 926 4649; x_wconf 52' lang='lat' dir='ltr'><strong>atque</strong></span> <span class='ocrx_word' id='word_1_671' title='bbox 985 4591 1257 4648; x_wconf 65' lang='lat' dir='ltr'><strong>peccatur.</strong></span> <span class='ocrx_word' id='word_1_672' title='bbox 1293 4581 1395 4632; x_wconf 85' lang='lat' dir='ltr'><strong>Vos</strong></span> <span class='ocrx_word' id='word_1_673' title='bbox 1430 4591 1612 4632; x_wconf 64' lang='lat' dir='ltr'><strong>autem</strong></span> <span class='ocrx_word' id='word_1_674' title='bbox 1672 4595 1887 4645; x_wconf 61' lang='lat' dir='ltr'><strong>semper</strong></span> <span class='ocrx_word' id='word_1_675' title='bbox 1926 4592 2055 4645; x_wconf 69' lang='lat' dir='ltr'><strong>erga</strong></span> <span class='ocrx_word' id='word_1_676' title='bbox 2088 4594 2347 4646; x_wconf 77' lang='lat' dir='ltr'><strong>magnum</strong></span> <span class='ocrx_word' id='word_1_677' title='bbox 2385 4559 2428 4616; x_wconf 77' lang='grc' dir='ltr'>ο</span> <span class='ocrx_word' id='word_1_678' title='bbox 2459 4574 2535 4624; x_wconf 74' lang='grc' dir='ltr'><strong>κα</strong></span> 
     </span>
    </p>
   </div>
   <div class='ocr_carea' id='block_1_93' title="bbox 2270 4551 4032 4649">
    <p class='ocr_par' dir='ltr' id='par_1_93' title="bbox 2276 4551 4032 4636">
     <span class='ocr_line' id='line_1_93' title="bbox 2276 4551 4032 4636; baseline -0.015 -8"><span class='ocrx_word' id='word_1_679' title='bbox 2276 4594 2347 4630; x_wconf 84' lang='lat' dir='ltr'><strong>tm</strong></span> <span class='ocrx_word' id='word_1_680' title='bbox 2385 4559 2428 4616; x_wconf 78' lang='grc' dir='ltr'>ο</span> <span class='ocrx_word' id='word_1_681' title='bbox 2459 4574 2552 4624; x_wconf 71' lang='grc' dir='ltr'><strong>καὶ</strong></span> <span class='ocrx_word' id='word_1_682' title='bbox 2585 4570 2784 4622; x_wconf 83' lang='grc' dir='ltr'>λαῐκοί.</span> <span class='ocrx_word' id='word_1_683' title='bbox 2831 4567 3021 4636; x_wconf 83' lang='grc' dir='ltr'>Ὑμεῖς</span> <span class='ocrx_word' id='word_1_684' title='bbox 3051 4564 3108 4616; x_wconf 82' lang='grc' dir='ltr'>δὲ</span> <span class='ocrx_word' id='word_1_685' title='bbox 3145 4564 3229 4614; x_wconf 74' lang='grc' dir='ltr'><strong>ἀεὶ</strong></span> <span class='ocrx_word' id='word_1_686' title='bbox 3264 4562 3362 4630; x_wconf 83' lang='grc' dir='ltr'><strong>μὲν</strong></span> <span class='ocrx_word' id='word_1_687' title='bbox 3391 4559 3637 4618; x_wconf 89' lang='grc' dir='ltr'>εὐλαϐεῖς</span> <span class='ocrx_word' id='word_1_688' title='bbox 3669 4557 3789 4606; x_wconf 84' lang='grc' dir='ltr'>ὲστε</span> <span class='ocrx_word' id='word_1_689' title='bbox 3826 4554 3954 4621; x_wconf 73' lang='grc' dir='ltr'>περὶ</span> <span class='ocrx_word' id='word_1_690' title='bbox 3979 4551 4032 4602; x_wconf 69' lang='grc' dir='ltr'>τὲ</span> 
     </span>
    </p>
   </div>
   <div class='ocr_carea' id='block_1_94' title="bbox 777 4670 2352 4740">
    <p class='ocr_par' dir='ltr' id='par_1_94' title="bbox 777 4670 2352 4740">
     <span class='ocr_line' id='line_1_94' title="bbox 777 4670 2352 4740; baseline -0.002 -16"><span class='ocrx_word' id='word_1_691' title='bbox 777 4674 918 4724; x_wconf 57' lang='grc' dir='ltr'>ἱμιιιιί</span> <span class='ocrx_word' id='word_1_692' title='bbox 945 4682 997 4724; x_wconf 70' lang='lat' dir='ltr'><strong>et</strong></span> <span class='ocrx_word' id='word_1_693' title='bbox 1028 4674 1357 4739; x_wconf 79' lang='lat' dir='ltr'><strong>stupendum</strong></span> <span class='ocrx_word' id='word_1_694' title='bbox 1388 4673 1707 4740; x_wconf 60' lang='lat' dir='ltr'><strong>intstcriunt</strong></span> <span class='ocrx_word' id='word_1_695' title='bbox 1735 4670 1968 4737; x_wconf 52' lang='lat' dir='ltr'><strong>religiosi</strong></span> <span class='ocrx_word' id='word_1_696' title='bbox 2006 4678 2211 4722; x_wconf 83' lang='lat' dir='ltr'><strong>estote:</strong></span> <span class='ocrx_word' id='word_1_697' title='bbox 2241 4681 2352 4722; x_wconf 90' lang='lat' dir='ltr'><strong>tum</strong></span> 
     </span>
    </p>
   </div>
   <div class='ocr_carea' id='block_1_95' title="bbox 778 4762 2355 4832">
    <p class='ocr_par' dir='ltr' id='par_1_95' title="bbox 778 4762 2355 4832">
     <span class='ocr_line' id='line_1_95' title="bbox 778 4762 2355 4832; baseline -0.001 -19"><span class='ocrx_word' id='word_1_698' title='bbox 778 4782 906 4814; x_wconf 71' lang='lat' dir='ltr'><strong>veru</strong></span> <span class='ocrx_word' id='word_1_699' title='bbox 936 4765 1193 4832; x_wconf 56' lang='lat' dir='ltr'><strong>deinceps</strong></span> <span class='ocrx_word' id='word_1_700' title='bbox 1235 4780 1329 4831; x_wconf 84' lang='lat' dir='ltr'><strong>pro</strong></span> <span class='ocrx_word' id='word_1_701' title='bbox 1372 4766 1529 4816; x_wconf 70' lang='lat' dir='ltr'><strong>nobis</strong></span> <span class='ocrx_word' id='word_1_702' title='bbox 1566 4775 1718 4815; x_wconf 80' lang='lat' dir='ltr'><strong>nrntc</strong></span> <span class='ocrx_word' id='word_1_703' title='bbox 1753 4763 2070 4830; x_wconf 63' lang='lat' dir='ltr'><strong>impensius,</strong></span> <span class='ocrx_word' id='word_1_704' title='bbox 2109 4769 2167 4812; x_wconf 92' lang='lat' dir='ltr'><strong>ut</strong></span> <span class='ocrx_word' id='word_1_705' title='bbox 2191 4762 2355 4828; x_wconf 79' lang='lat' dir='ltr'><strong>pieta-</strong></span> 
     </span>
    </p>
   </div>
   <div class='ocr_carea' id='block_1_96' title="bbox 777 4853 2348 4924">
    <p class='ocr_par' dir='ltr' id='par_1_96' title="bbox 777 4853 2348 4924">
     <span class='ocr_line' id='line_1_96' title="bbox 777 4853 2348 4924; baseline -0.003 -17"><span class='ocrx_word' id='word_1_706' title='bbox 777 4867 881 4907; x_wconf 73' lang='lat' dir='ltr'><strong>ti-m</strong></span> <span class='ocrx_word' id='word_1_707' title='bbox 918 4872 1037 4924; x_wconf 64' lang='lat' dir='ltr'><strong>tlilil‘.</strong></span> <span class='ocrx_word' id='word_1_708' title='bbox 1071 4856 1122 4907; x_wconf 79' lang='lat' dir='ltr'><strong>it:</strong></span> <span class='ocrx_word' id='word_1_709' title='bbox 1165 4856 1316 4909; x_wconf 79' lang='lat' dir='ltr'><strong>\ohis</strong></span> <span class='ocrx_word' id='word_1_710' title='bbox 1373 4873 1550 4922; x_wconf 60' lang='lat' dir='ltr'><strong>angat”</strong></span> <span class='ocrx_word' id='word_1_711' title='bbox 1578 4868 1725 4906; x_wconf 67' lang='lat' dir='ltr'><strong>tituzu</strong></span> <span class='ocrx_word' id='word_1_712' title='bbox 1789 4853 1988 4920; x_wconf 64' lang='lat' dir='ltr'><strong>capiet,</strong></span> <span class='ocrx_word' id='word_1_713' title='bbox 2050 4854 2348 4910; x_wconf 73' lang='lat' dir='ltr'><strong>imitemur.</strong></span> 
     </span>
    </p>
   </div>
   <div class='ocr_carea' id='block_1_97' title="bbox 2471 4643 4041 4731">
    <p class='ocr_par' dir='ltr' id='par_1_97' title="bbox 2471 4643 4041 4731">
     <span class='ocr_line' id='line_1_97' title="bbox 2471 4643 4041 4731; baseline -0.014 -17"><span class='ocrx_word' id='word_1_714' title='bbox 2471 4665 2612 4731; x_wconf 79' lang='grc' dir='ltr'>μέγα</span> <span class='ocrx_word' id='word_1_715' title='bbox 2645 4660 2804 4713; x_wconf 87' lang='grc' dir='ltr'>τοῦτο</span> <span class='ocrx_word' id='word_1_716' title='bbox 2830 4659 2923 4710; x_wconf 71' lang='grc' dir='ltr'>καὶ</span> <span class='ocrx_word' id='word_1_717' title='bbox 2957 4656 3162 4721; x_wconf 75' lang='grc' dir='ltr'>ξενίζον</span> <span class='ocrx_word' id='word_1_718' title='bbox 3199 4653 3497 4722; x_wconf 84' lang='grc' dir='ltr'>μυστήριον</span> <span class='ocrx_word' id='word_1_719' title='bbox 3525 4662 3539 4675; x_wconf 85' lang='lat'><strong>&#39;</strong></span> <span class='ocrx_word' id='word_1_720' title='bbox 3584 4647 3692 4700; x_wconf 76' lang='grc' dir='ltr'><strong>ἀπὸ</strong></span> <span class='ocrx_word' id='word_1_721' title='bbox 3726 4645 3817 4697; x_wconf 89' lang='grc' dir='ltr'><strong>τοῦ</strong></span> <span class='ocrx_word' id='word_1_722' title='bbox 3861 4643 3953 4695; x_wconf 85' lang='grc' dir='ltr'><strong>νῦν</strong></span> <span class='ocrx_word' id='word_1_723' title='bbox 3984 4643 4041 4694; x_wconf 79' lang='grc' dir='ltr'>δὲ</span> 
     </span>
    </p>
   </div>
   <div class='ocr_carea' id='block_1_98' title="bbox 2459 4737 4040 4821">
    <p class='ocr_par' dir='ltr' id='par_1_98' title="bbox 2459 4737 4040 4821">
     <span class='ocr_line' id='line_1_98' title="bbox 2459 4737 4040 4821; baseline -0.013 -16"><span class='ocrx_word' id='word_1_724' title='bbox 2459 4758 2553 4805; x_wconf 67' lang='grc' dir='ltr'>κ;“ι</span> <span class='ocrx_word' id='word_1_725' title='bbox 2584 4754 2741 4821; x_wconf 62' lang='grc' dir='ltr'>ἡμῶν</span> <span class='ocrx_word' id='word_1_726' title='bbox 2769 4748 3141 4819; x_wconf 82' lang='grc' dir='ltr'>ὐπερεύχεσθε</span> <span class='ocrx_word' id='word_1_727' title='bbox 3171 4742 3458 4814; x_wconf 72' lang='grc' dir='ltr'>μιμεῖσθαι</span> <span class='ocrx_word' id='word_1_728' title='bbox 3488 4739 3587 4809; x_wconf 78' lang='grc' dir='ltr'><strong>τὴν</strong></span> <span class='ocrx_word' id='word_1_729' title='bbox 3622 4741 3678 4790; x_wconf 79' lang='grc' dir='ltr'>ὲν</span> <span class='ocrx_word' id='word_1_730' title='bbox 3710 4737 3837 4806; x_wconf 62' lang='grc' dir='ltr'>ὑμῖν</span> <span class='ocrx_word' id='word_1_731' title='bbox 3881 4752 4040 4804; x_wconf 77' lang='grc' dir='ltr'>γενη-</span> 
     </span>
    </p>
   </div>
   <div class='ocr_carea' id='block_1_99' title="bbox 2462 4833 3545 4917">
    <p class='ocr_par' dir='ltr' id='par_1_99' title="bbox 2462 4833 3545 4917">
     <span class='ocr_line' id='line_1_99' title="bbox 2462 4833 3545 4917; baseline -0.008 -18"><span class='ocrx_word' id='word_1_732' title='bbox 2462 4848 2700 4917; x_wconf 65' lang='grc' dir='ltr'>σοςιένην</span> <span class='ocrx_word' id='word_1_733' title='bbox 2737 4842 3058 4912; x_wconf 75' lang='grc' dir='ltr'>προσθήκην</span> <span class='ocrx_word' id='word_1_734' title='bbox 3100 4839 3197 4906; x_wconf 78' lang='grc' dir='ltr'>τῆς</span> <span class='ocrx_word' id='word_1_735' title='bbox 3230 4833 3545 4898; x_wconf 70' lang='grc' dir='ltr'>εὐλαϐείας.</span> 
     </span>
    </p>
   </div>
  </div>
