4462 6450
771 413 878 476 383

1885 405 2255 466 GENNADII
2296 404 2402 465 CP.
2451 405 2636 463 PATR
2655 404 2953 463 HRCIHS

3915 387 4018 457 38‘

772 531 1137 597 patrocinium
1182 538 1373 579 contra
1412 538 1658 579 sanctam
1700 529 1966 595 synodum
2028 526 2339 592 reliquisse.
2374 527 2419 578 A
2448 523 2522 583 ὡς

2263 538 2339 575 5οο
2374 523 2522 583 Αὼς
2579 525 2836 590 Γεωργίῳ
2871 523 2975 572 τινὶ
3028 517 3312 586 Σχολαρίῳ
3364 515 3469 568 τῶν
3519 515 3645 582 τῇδε
3703 512 3955 580 ἀπαίρων
3998 513 4025 561 6

770 621 862 676 Ille
898 635 1047 681 \‘cro,
1087 629 1144 673 ut
1181 621 1382 672 dictum
1414 628 1516 682 est,
1565 618 1763 669 librum
1798 617 1864 668 de
1905 618 2084 669 sancti
2112 614 2346 684 Spiritus

770 713 1130 785 processione
1167 713 1219 763 in
1255 710 1424 762 inulta
1453 707 1627 775 capita
1657 705 1894 759 divisum
1919 703 2343 764 consarcinavil,

768 816 915 858 totus
951 803 1017 856 ad
1054 800 1215 853 Marci
1251 799 1586 849 voluntatem
1633 806 1687 849 et
1720 810 1942 850 sensum
1981 807 2100 847 sese
2126 791 2346 845 confor-

770 911 948 950 mans.
981 894 1148 946 Porro
1173 902 1358 942 autem
1388 889 1524 939 inter
1551 885 1716 939 hosce
1768 883 1906 936 duos
1938 882 2200 950 Georgios
2233 882 2349 948 plu-

774 992 972 1040 rimum
1016 982 1231 1035 dilTerre
1279 977 1782 1031 manifestissimum
1830 983 1934 1026 est.
1992 972 2138 1024 Alter
2176 971 2346 1030 etrim,

770 1081 898 1132 dum
929 1074 1242 1128 Florentius
1294 1070 1535 1138 synodus
1585 1067 1980 1127 celebraretur,
2030 1074 2083 1116 et
2119 1061 2259 1116 dixit
2297 1073 2350 1113 et

772 1169 991 1234 st‘t'ipxil
1035 1181 1137 1216 non
1187 1177 1357 1229 putica
1417 1172 1528 1212 tum
1583 1167 1830 1226 rogatus,
1872 1167 1985 1208 tum
2046 1154 2208 1205 etiam
2243 1167 2346 1203 non

775 1270 1021 1326 I'ngztltls.
1067 1253 1386 1309 Scholarins
1422 1265 1551 1303 vero
1582 1247 1869 1302 familiaris
1901 1247 2064 1299 Marci
2101 1245 2350 1299 scribens

779 1362 896 1418 post
949 1351 1238 1416 synodum,
1270 1346 1322 1397 in
1371 1346 1455 1396 sui
1507 1341 1688 1410 operis
1715 1332 1983 1410 protentio
2033 1336 2255 1396 fatetur,
2294 1350 2351 1387 se

773 1455 886 1493 ltttII
921 1441 1139 1492 demum
1176 1437 1411 1505 abjicere
1440 1434 1742 1495 silentium,
1785 1433 2006 1500 quando
2063 1428 2350 1490 maturior,

773 1533 968 1597 itttlttll,
1021 1537 1078 1581 et
1131 1525 1459 1579 fructuosior
1491 1524 1672 1576 futura
1719 1531 1866 1576 esset
1917 1519 2036 1587 ejus
2083 1517 2352 1573 sententia

771 1632 962 1672 contra
1008 1628 1254 1671 sanctam
1311 1616 1594 1667 unionem.
1647 1614 1722 1666 Ad
1753 1614 1959 1667 calcem
2007 1626 2228 1680 quoque
2258 1611 2346 1664 sui

773 1714 892 1764 liln-i
932 1711 1094 1761 verba
1121 1709 1235 1760 hiI‘C
1270 1707 1468 1758 habet:
1534 1703 1796 1769 Meipsum
1826 1719 1935 1770 prae
1972 1701 2232 1755 omnibus
2260 1716 2354 1755 ac-

770 1819 925 1861 t'nso,
950 1811 1001 1853 ct
1036 1801 1189 1868 lugeo
1220 1805 1483 1865 prwterea
1518 1811 1619 1850 nos
1645 1809 1860 1857 omnes,
1891 1802 2160 1863 quotquot
2187 1793 2352 1846 rebus

773 1896 877 1946 illis
911 1862 1115 1959 sponte
1142 1862 1234 1942 aut
1271 1887 1342 1948 vi,
1397 1887 1449 1939 in
1491 1895 1665 1939 totum
1695 1885 1777 1938 vel
1814 1899 1879 1937 ex
1913 1862 2063 1950 parte
2097 1882 2351 1937 interfui-
2381 1862 2428 1922 Β

773 1998 892 2034 ttatts
923 2001 932 2043 ;
973 1983 1064 2049 qui
1099 1995 1220 2032 cum
1260 1978 1408 2045 loqui
1443 1990 1750 2044 possemus,
1787 1975 2105 2028 tacebamus
2140 1981 2350 2036 tamen,

771 2087 824 2129 ct
873 2083 1018 2127 metu
1053 2084 1363 2124 sermonem
1413 2067 1868 2136 reprimebamns.
1911 2063 2194 2131 Quomodo
2223 2078 2355 2133 ergo

774 2168 840 2226 is,
879 2165 968 2230 qni
1003 2164 1190 2224 tacuit,
1217 2169 1270 2212 et
1295 2168 1444 2212 metu
1482 2171 1789 2212 sermonem
1829 2156 2118 2226 repressit,
2147 2155 2356 2226 quique

777 2256 942 2308 inulta
983 2254 1144 2314 dixit,
1197 2260 1251 2305 et
1298 2249 1585 2303 liberrime
1611 2232 1826 2302 locutus
1867 2256 1973 2312 est,
2009 2261 2152 2302 unus
2191 2258 2356 2315 atque

773 2349 917 2401 idem
951 2341 1102 2400 erit?
1131 2343 1304 2407 Adde,
1339 2343 1384 2396 si
1419 2357 1560 2396 unus
1584 2341 1672 2394 hic
1695 2349 1776 2394 est
1801 2338 2091 2410 Georgius,
2133 2340 2227 2408 qui
2265 2354 2356 2394 ce-

773 2443 968 2496 cinerit
997 2438 1355 2508 palinodiam,
1399 2452 1498 2490 cur
1533 2449 1601 2490 eo
1643 2433 1698 2488 in
1732 2433 1887 2498 libro,
1921 2449 2083 2502 quem
2127 2449 2354 2503 compo-

777 2537 908 2596 suit,
965 2537 1114 2599 prius
1161 2546 1191 2584 a
1249 2545 1308 2584 se
1355 2529 1500 2582 dicta
1537 2543 1645 2581 non
1706 2526 2010 2581 retractat?
2055 2541 2154 2580 nec
2185 2527 2354 2579 ullum

776 2629 910 2682 facit
951 2626 1172 2696 vei-hum
1207 2625 1275 2677 de
1313 2623 1590 2691 prioribus
1625 2622 1847 2686 erratis,
1895 2636 1997 2675 nec
2043 2621 2208 2675 solvit
2243 2620 2355 2674 for-

779 2723 1023 2775 tissiinas
1060 2720 1181 2772 illas
1227 2718 1488 2780 rationes,
1538 2730 1634 2783 per
1679 2711 1818 2783 quas
1865 2714 1930 2768 ad
1971 2715 2224 2769 unionem
2257 2715 2354 2768 ad-

780 2816 1030 2868 hortatus
1076 2819 1165 2864 est
1221 2807 1468 2872 Grmcos,
1526 2805 1804 2861 laudando
1847 2803 2097 2870 Latinos,
2151 2816 2205 2860 et
2243 2807 2360 2861 cla-

779 2906 1000 2968 mando,
1036 2902 1169 2956 nihil
1197 2903 1250 2955 in
1287 2901 1390 2953 lide
1413 2901 1478 2953 ab
1506 2899 1575 2953 iis
1609 2897 1866 2973 peccari?
1896 2914 2018 2951 nam
2047 2913 2169 2968 qute
2199 2907 2360 2952 antea

778 2998 985 3065 scripta
1019 2996 1291 3062 leguntur,
1333 3001 1386 3045 et
1409 3007 1531 3062 qua:
1564 2999 1751 3060 postea
1787 2991 1924 3045 liber
1966 2990 2057 3045 ille
2085 2990 2357 3054 continet,

780 3104 992 3143 summe
1024 3089 1272 3155 opposita
1313 3095 1465 3148 sunt,
1498 3094 1548 3139 et
1581 3086 1819 3138 maxime
1843 3087 1983 3140 inter
2011 3099 2071 3138 se
2094 3093 2360 3154 pugnant.

2455 617 2678 681 Μάρκος
2703 612 3115 680 παρακατέθετο
3139 613 3233 676 τῆς
3256 608 3460 666 οίκείας
3482 603 3637 672 δόξης
3667 604 3764 671 τὴν
3789 617 4028 670 προστα-

2458 709 2576 760 σίαν
2602 708 2743 759 κατὰ
2771 708 2865 772 τῆς
2897 705 3047 773 ἱερᾶς
3076 699 3319 752 συνόδου.
3361 699 3423 750 Ὀ
3476 697 3532 748 δὲ
3568 695 3792 763 βιόλίον,
3849 698 3922 756 ώς
3952 695 4027 744 εί-

2457 803 2650 862 πόντες
2703 798 2968 866 ἔφθημεν,
3019 793 3346 861 συγγράψας
3400 791 3528 858 περὶ
3579 790 3676 852 τῆς
3734 785 3826 838 τοῦ
3870 787 4028 852 ἁγίου

2459 888 2773 956 [Ινεύματος
2793 884 3192 953 ὲκπορεύσεως,
3213 875 3430 929 πολλῶν
3448 873 3762 942 κεφαλαίων
3780 871 4031 936 διαστολῇ

2458 983 2686 1032 πλεῖστα
2722 974 3131 1046 ἐρραψῴδησεν,
3158 971 3276 1030 ὅλος
3300 968 3475 1034 δήπου
3519 965 3629 1024 τοῖς
3674 961 3765 1014 τοῦ
3802 961 4030 1027 Μάρκου

2463 1074 2768 1141 βουλήμασι
2825 1065 3208 1136 χαριζόμενος.
3247 1058 3372 1113 Ὀτι
3408 1059 3464 1110 δὲ
3517 1056 3624 1106 τῶν
3683 1055 3776 1106 δύο
3827 1050 4032 1102 τούτων

2459 1163 2750 1231 Γεωργίων
2803 1157 3062 1226 πάμπολυ
3093 1155 3152 1206 τὸ
3199 1152 3477 1219 διάφορον,
3522 1145 3749 1200 αὐτόθεν
3777 1143 3971 1209 δῆλον·
4006 1142 4033 1189 ό

2467 1257 2564 1323 μὲν
2594 1258 2702 1323 γὰρ
2733 1247 3208 1320 συγκροτουμένης
3238 1244 3339 1310 τῆς
3373 1244 3429 1293 ὲν
3462 1237 3774 1305 Φλιιιρεντίᾳ
3811 1232 4032 1284 συνόδου

2460 1347 2630 1399 πολλὰ
2659 1347 2750 1398 καὶ
2776 1341 2896 1396 εἷπε
2934 1341 3030 1392 καὶ
3077 1337 3287 1405 ἐγρνψε
3327 1338 3460 1403 πρὸς
3510 1332 3606 1398 τὴν
3639 1329 3854 1386 ἕνωσιν,
3891 1326 4031 1389 ὲρω-

2460 1441 2644 1508 τηθείς
2671 1455 2730 1490 τε
2763 1438 2856 1490 καὶ
2885 1436 2960 1504 μὴ
2995 1430 3313 1502 ἐρωτηθείς⁸
3339 1431 3366 1479 6
3396 1427 3450 1477 δὲ
3481 1424 3571 1476 τοῦ
3604 1423 3832 1486 Μάκρου
3876 1413 4026 1508 quo;

2461 1534 2690 1602 γράφων
2723 1529 2858 1598 μετὰ
2911 1527 3009 1594 τὴν
3043 1523 3257 1575 σύνοδον
3289 1522 3346 1571 ὲν
3376 1518 3449 1586 τῷ
3508 1512 3776 1581 προοιμίιρ
3830 1506 3920 1558 τοῦ
3957 1505 4032 1553 oi-

2463 1598 2613 1678 κείου
2657 1619 3117 1689 συγγράμματος,
3150 1614 3300 1664 λύειν
3333 1609 3467 1676 φησὶ
3501 1607 3620 1656 τότε
3653 1603 3750 1668 τὴν
3801 1598 4034 1689 σιωπίην,

2462 1717 2549 1768 ὅτε
2575 1685 3160 1781 ἔμελλεν-ώριμωτέρα
3225 1702 3318 1754 καὶ
3348 1696 3745 1765 ὠφελιμωτέρα.
3775 1685 4033 1781 γενέσθαι

2461 1812 2492 1877 ἡ
2523 1805 2686 1860 αὐτοῦ
2716 1804 2912 1871 γνώμη
2944 1801 3084 1852 κατά
3110 1797 3210 1864 τῆς
3252 1794 3403 1852 θείας
3443 1789 3710 1844 ὲνώσεως.
3748 1782 3856 1834 Καὶ
3901 1778 4036 1844 προς

2455 1901 2530 1967 τῷ
2573 1898 2717 1951 τέλει
2747 1895 2838 1946 τοῦ
2871 1893 3080 1962 βιϐλίου
3110 1889 3299 1945 αὑταῖς
3330 1883 3506 1948 λέξεσι
3537 1877 3719 1945 ᾳησίνο
3769 1868 4037 1939 Ἐμαυτοῦ

2454 1962 2514 2044 δέ
2542 1989 2646 2059 πρὸ
2677 1988 2900 2040 πάντων
2949 1979 3270 2049 κατηγορῶ,
3332 1978 3427 2027 κοῦ⁴
3473 1973 3615 2038 ὑπὲρ
3656 1967 3812 2037 ἡμῶν
3861 1962 4040 2015 αὐτῶν

2456 2081 2660 2152 θρηνῶ,
2691 2079 2805 2130 ὅσοι
2828 2079 2941 2138 τοῖς
2973 2074 3296 2142 πράγμασιν
3323 2068 3553 2126 ἐκείνοις
3576 2062 3795 2120 ἑκόντες
3823 2058 3853 2125 ἦ
3882 2059 4040 2109 ἄκον-

2454 2149 2568 2234 τες,
2607 2173 2700 2222 καὶ
2733 2171 2764 2240 ἦ
2794 2166 3051 2230 καθάπαξ
3077 2164 3108 2233 ἢ
3147 2166 3209 2215 ὲκ
3247 2161 3448 2229 μέρους
3477 2157 3623 2216 τινος
3644 2149 4039 2219 ὲνεσχέθημεν,

2457 2267 2490 2336 ἦ
2520 2265 2808 2331 δυνάμενοι
2831 2261 3037 2323 λαλεῖν,
3062 2259 3210 2324 ὅμως
3245 2253 3524 2318 ἑσιγῶμεν
3557 2245 4038 2311 ύποστελλόμενοι.

2460 2358 2587 2422 Πῶς
2612 2357 2703 2410 οὖν
2721 2356 2749 2409 ὅ
2768 2371 2828 2407 τε
2851 2353 3081 2422 σιγήσας
3105 2350 3197 2402 καὶ
3222 2345 3702 2410 ὑποστειλάμενος,
3725 2341 3819 2391 καὶ
3844 2339 3870 2389 6
3895 2336 4045 2386 πλεῖ-

2468 2470 2566 2503 στα
2592 2450 2763 2502 εἰπών
2813 2447 2910 2500 καὶ
2963 2445 3129 2513 μηδὲν
3189 2437 3678 2502 ὑποστειλάμενος,
3731 2428 3810 2492 εἷς
3845 2430 3908 2482 ἂν
3957 2429 4042 2494 εἴη

2461 2543 2773 2612 Γεώργιος;
2816 2539 2940 2592 Ἐτι
2969 2534 3129 2602 εἴπερ
3159 2534 3185 2585 6
3216 2531 3376 2591 αὑτός
3401 2531 3518 2579 ἐστι
3550 2527 3824 2592 Γεώργιος
3852 2520 4043 2571 παλιν-

2460 2637 2625 2708 ῳδίαν
2657 2633 2815 2706 ᾅσας,
2845 2631 2961 2690 πῶς
2993 2631 3050 2682 ὲν
3089 2619 3131 2694 ᾧ
3166 2621 3469 2691 συνέγραψε
3509 2617 3702 2684 βιϐλίῳ
3747 2615 3848 2666 οὐκ
3879 2615 4045 2664 ἐπαν-

2462 2706 2716 2798 ορθοῦται
2745 2723 2905 2794 δῆθεν
2930 2723 2998 2776 τά
3061 2719 3327 2789 πρότερον
3386 2711 3742 2780 ἐσφαλμένοις
3790 2706 4045 2798 οὐδεμίαν

2462 2796 2601 2883 ὅλως
2628 2819 2867 2872 ποιεῖται
2917 2812 3110 2881 μνείαν
3142 2811 3251 2861 τών
3284 2806 3481 2875 πρώην
3532 2802 3679 2869 αὐτῷ
3729 2796 4048 2883 γεγραμιι-ἐο

2464 2881 2609 2977 νωνῗς
2635 2910 2728 2963 καὶ
2755 2909 2816 2961 οὐ
2835 2906 2955 2959 λύει
2985 2905 3111 2966 τοὺς
3133 2900 3341 2960 δεινοὺς
3370 2896 3620 2956 ἐκείνους
3642 2893 3856 2959 λόγους,
3880 2889 3948 2941 δι’
3973 2881 4046 2939 ὧν

2466 3005 2768 3075 παρεκάλει
2801 3000 2925 3062 τοὺς
2953 2994 3226 3064 Γραικοὺς
3257 2991 3392 3060 πρὸς
3425 2990 3522 3055 τὴν
3559 2987 3777 3047 ἕνωσιν,
3811 2980 4047 3033 ἐπαινῶν

2466 3097 2591 3158 τοὺς
2627 3093 2913 3153 Λατίνους,
2948 3091 3042 3141 καὶ
3077 3086 3242 3156 μηδὲν
3283 3082 3479 3141 αὐτοὺς
3515 3076 3852 3146 ἁμαρτάνειν
3883 3075 3939 3125 ὲν
3979 3075 4044 3140 τῇ

779 3180 859 3232 Ad
916 3179 1030 3230 lia-c
1061 3170 1379 3229 Scitularins
1412 3172 1594 3228 Marco
1633 3173 1884 3230 addictus
1916 3176 1982 3229 de
2015 3189 2075 3229 se
2105 3176 2222 3244 ipso
2260 3175 2356 3241 ait,
2392 3217 2436 3276 ϐ
2474 3189 2534 3240 πί

2285 3175 2356 3241 ιίιι
2392 3217 2436 3276 c
2474 3189 2655 3240 πίστει
2683 3184 2860 3254 βοῶν;
2901 3181 3096 3233 Καίτοι
3141 3179 3206 3229 ὲκ
3251 3175 3544 3242 διαμέτρου
3596 3171 3902 3222 ἀντίκειται
3938 3168 3966 3217 3t
3992 3182 4047 3214 τε

780 3271 981 3324 multos
1031 3271 1095 3322 all
1148 3269 1298 3320 illum
1337 3268 1481 3321 diem
1531 3268 1845 3337 ignorasse,
1893 3283 1960 3321 an
2014 3269 2358 3322 contrarium

781 3363 895 3428 ipso
942 3362 1195 3422 sentiret,
1247 3369 1522 3420 errantes,
1565 3359 1766 3428 inquit,
1806 3367 1919 3412 tum
1959 3360 2101 3427 quod
2136 3361 2256 3429 ipso
2287 3360 2364 3416 si-

781 3454 1007 3506 lentium
1045 3461 1351 3520 opportune
1383 3459 1684 3513 servasset,
1716 3459 1830 3503 tum
1885 3451 2030 3520 quod
2074 3466 2240 3520 prave
2278 3453 2362 3506 in-

780 3553 1214 3612 terpretarentur
1251 3543 1574 3611 prudentem
1601 3544 1719 3613 ejus
1754 3542 2278 3607 dissimulationem,
2311 3557 2367 3598 et

780 3636 1029 3688 nonnihil
1076 3637 1240 3687 etiam
1288 3635 1786 3689 calumniarentur.
1840 3635 2235 3700 Quamobrem,
2281 3637 2365 3690 in-

786 3727 924 3794 quit,
968 3741 1106 3794 opus
1148 3726 1250 3777 l'uit
1289 3726 1491 3778 librum
1525 3729 1672 3779 hunc
1699 3727 2054 3781 conscribere
2084 3727 2150 3780 ad
2187 3727 2367 3781 corri-

783 3817 992 3887 gendos
1027 3817 1149 3869 illos
1177 3832 1411 3882 quorum
1444 3816 1595 3871 salus
1643 3816 1928 3884 desperata
1977 3835 2083 3874 non
2116 3828 2284 3883 esset,
2315 3830 2367 3874 et

785 3911 991 3965 multos
1016 3911 1360 3964 dubitatione
1392 3910 1725 3975 liberandos,
1765 3919 1819 3964 et
1849 3913 2250 3981 propulsandas
2279 3929 2368 3967 ca-

782 4004 1039 4064 lumnias,
1075 4004 1119 4056 si
1155 4019 1308 4057 suam
1356 4003 1473 4072 ipse
1503 4005 1832 4058 sententiam
1875 4014 2060 4059 notam
2115 4008 2370 4063 ontnibns

781 4095 999 4149 luceret.
1030 4094 1152 4149 llmc
1180 4095 1232 4148 in
1270 4105 1517 4149 nostrum
1548 4095 1897 4151 Scholarium
1928 4100 2205 4166 quomodo
2235 4115 2370 4168 qna-

779 4191 941 4242 drare
967 4197 1216 4257 possunt,
1252 4189 1409 4257 cujus
1443 4190 1713 4244 sententia
1746 4189 1847 4244 fuit
1878 4191 2135 4247 omnibus
2165 4193 2234 4249 ub
2265 4195 2369 4250 iui-

785 4285 859 4334 tio
895 4280 1223 4356 notissima?
1257 4281 1392 4334 Cum
1426 4281 1572 4334 enim
1615 4292 1836 4348 rOgatus
1860 4292 2008 4337 esset
2032 4284 2101 4338 ab
2139 4285 2367 4355 impera-

786 4386 920 4435 tore,
960 4376 1011 4424 in
1052 4376 1322 4440 promntio
1358 4373 1444 4426 sui
1502 4373 1801 4438 sermonis,
1862 4373 2251 4442 lnvictissime,
2288 4380 2372 4433 in-

782 4464 899 4530 quit
922 4465 1020 4532 (l),
1055 4465 1372 4532 imperator,
1407 4465 1458 4516 in
1491 4479 1598 4533 qua
1628 4479 1725 4534 ego
1762 4465 1984 4529 fuerim,
2010 4479 2063 4522 et
2099 4486 2244 4525 nunc
2268 4473 2370 4527 siin

2473 3279 2741 3349 πρότερον
2765 3275 3102 3342 γέγραπται,
3150 3269 3247 3321 καὶ
3287 3266 3322 3319 ἃ
3357 3265 3497 3334 μετὰ
3527 3261 3698 3314 ταῦτα
3732 3260 3960 3328 φέρεται
3993 3258 4050 3349 ἐν

2467 3345 2544 3439 τῷ
2597 3345 2791 3439 βιϐλίῳ
2833 3363 2977 3416 κατὰ
3012 3363 3109 3428 τῆς
3141 3357 3384 3410 συνόδου.
3449 3355 3591 3423 Πρὸς
3645 3350 3860 3410 τούτοις
3894 3351 3920 3399 6
3948 3345 4044 3397 τοῦ

2468 3463 2698 3532 Μάρκου
2731 3458 2882 3525 φίλος
2908 3454 3034 3523 περὶ
3065 3451 3260 3506 ἑαυτοῦ
3315 3464 3470 3517 φησι,
3497 3446 3624 3506 τοὺς
3676 3443 3905 3502 πολλοὺς
3956 3440 4047 3508 μὲ-

2469 3571 2560 3624 χρι
2613 3552 2734 3605 τότε
2789 3544 3187 3615 ἀμφιγνοῆσαι,
3256 3539 3330 3601 ώς
3395 3537 3658 3590 τάναντία
3713 3532 4053 3598 δοξάζοντος,

2471 3636 2865 3715 πλανωμένους
2893 3640 3023 3692 ποτὲ
3053 3637 3152 3708 μὲν
3181 3636 3285 3689 ὑπὸ
3320 3633 3417 3702 τῆς
3445 3631 3638 3698 καιρὸν
3673 3629 3902 3697 ἐχούσης
3930 3640 4054 3677 σιω-

2473 3740 2602 3807 πῆς,
2623 3735 2751 3789 ποτὲ
2767 3734 2821 3807 δὲ
2839 3732 2935 3802 τὴν
2958 3733 3014 3783 ὲν
3044 3728 3263 3798 λόγοιςῆ
3285 3726 3606 3793 πράγμασιν
3627 3722 3939 3789 οἰκονομίαν
3964 3720 4050 3772 ai-

2471 3831 2566 3886 τοῦ
2619 3825 3157 3900 παρερμηνεύοντας,
3177 3822 3292 3873 ἔστι
3313 3823 3366 3873 δὲ
3385 3818 3419 3872 ἃ.
3451 3819 3545 3872 καὶ
3564 3816 4055 3885 συκοφαντοῦντας.

2478 3927 2628 3978 Ἐδει
2653 3918 2768 3985 οὖν,
2803 3919 2956 3988 φησι,
2991 3918 3075 3970 διὰ
3106 3914 3278 3968 ταῦτα
3304 3915 3462 3977 λόγον
3489 3912 3886 3981 συγγράψαντα
3915 3910 4060 3979 διορ-

2474 4017 2754 4072 θώσασθαι
2784 4013 2882 4083 μὲν
2903 4012 3082 4065 αὐτῶν
3106 4011 3232 4071 τοὺς
3265 4007 3340 4077 μὴ
3367 4008 3624 4072 καθάπαξ
3648 4007 3883 4066 ἀνιάτως
3912 4007 4058 4073 ἔχον-

2474 4128 2594 4176 τας,
2627 4107 2770 4161 ὥστε
2817 4101 3150 4174 ἀμφιόολίας
3193 4102 3320 4170 περὶ
3353 4099 3520 4153 αὐτοῦ
3569 4098 3662 4151 καὶ
3696 4099 4064 4164 συκοφαντίας

2478 4203 2686 4255 παῦσαι
2716 4197 2962 4260 πολλούς.
2996 4194 3137 4248 Οὔτε
3173 4193 3284 4263 γάρ
3322 4191 3695 4262 ἀμφιγνοήσει
3734 4207 3817 4243 τις
3852 4189 4062 4248 λοιπὸν,

2474 4293 2601 4346 οὔτε
2635 4289 3001 4356 συκοφαντεῖν
3021 4283 3459 4353 προαχθήσεται,
3503 4281 3605 4350 τῆς
3640 4279 3808 4333 αὐτοῦ
3840 4280 4065 4348 γνώμης

2478 4385 2704 4456 ἐκδήλου
2745 4381 3147 4451 γεγενημένης.
3177 4376 3363 4430 Ταῦτα
3392 4375 3449 4428 δὲ
3481 4375 3595 4434 πώς
3621 4372 3686 4425 ἂν
3727 4374 4064 4441 ἐφαρμῧσειε

2475 4481 2553 4550 τῷ
2580 4479 2842 4550 ἡμετέρῳ
2873 4472 3178 4543 Σχολαρίῳ,
3218 4463 3279 4521 οὗ
3310 4470 3478 4520 πᾶσιν
3528 4465 3752 4526 ἔκδηλος
3785 4459 3853 4532 ἦν
3892 4462 4067 4530 ἀρχῆ-

784 4558 1051 4609 ει-ιιιριιιὶιι
1098 4558 1163 4608 de
1217 4558 1497 4626 proposita
1551 4558 1773 4612 unionis
1826 4562 2076 4622 materia,
2126 4563 2368 4619 declarat
2404 4559 2452 4619 Ι)
2483 4573 2541 4627 θε

2307 4574 2368 4619 ‘at
2404 4559 2452 4619 Ῑ)
2483 4573 2575 4627 Θεν
2607 4574 2640 4642 ὴ
2674 4571 2894 4639 γνώμη,
2925 4567 2998 4629 ὡς
3034 4565 3198 4626 αὑτός
3228 4580 3396 4631 φησιν
3433 4564 3491 4613 ἐν
3535 4559 3612 4629 τῷ
3659 4558 3796 4626 πρὸς
3841 4555 4069 4625 βασιλέα

786 4649 982 4710 oratio,
1033 4663 1196 4716 quam
1251 4659 1533 4716 utcunque
1566 4652 1872 4718 composui.
1913 4652 2222 4724 tradidique
2253 4657 2379 4713 huic

787 4756 960 4793 sacra:
985 4740 1196 4809 synodo
1253 4752 1568 4796 :testantur
1607 4744 1771 4798 etiam
1827 4747 1936 4801 duo
1983 4749 2132 4813 libri,
2176 4767 2317 4819 quos
2347 4769 2376 4806 a

791 4851 874 4888 me
900 4845 1058 4889 antea
1100 4835 1338 4904 scriptos
1362 4852 1508 4890 nunc
1544 4839 1755 4907 synodo
1792 4841 1920 4895 huic
1966 4841 2160 4897 olIero.
2196 4846 2368 4900 Multa

789 4930 910 4991 alia,
945 4929 988 4982 si
1042 4932 1165 4997 quis
1213 4931 1515 4999 perquirat,
1576 4931 1836 4994 inveniet,
1891 4936 2090 5003 quibus
2129 4937 2238 4991 duo
2289 4939 2376 4993 isti

786 5020 1002 5087 Georgii
1051 5022 1194 5074 inter
1224 5036 1282 5074 se
1325 5021 1624 5075 dillernnt:
1663 5035 1883 5092 propter
1911 5042 2034 5094 qu.e
2074 5029 2206 5083 alter
2257 5033 2376 5099 qui-

791 5117 908 5164 til'lll
944 5113 1070 5182 jure
1125 5115 1406 5168 iocandns
1439 5124 1523 5168 est
1555 5131 1726 5170 sacrae
1768 5122 2127 5175 (ni-umenica:
2179 5126 2373 5193 synodi

795 5218 1060 5272 rcctwquc
1089 5205 1207 5258 titlei
1236 5205 1492 5259 defensor
1516 5222 1578 5260 ac
1601 5221 2011 5279 propugnator:
2045 5224 2102 5266 ut
2137 5215 2227 5283 qui
2257 5233 2375 5285 ger-

796 5310 984 5344 nianos
1021 5293 1319 5348 Orientalis
1349 5295 1611 5351 Ecclesia:
1652 5298 1843 5355 l’uttes
1877 5304 1942 5354 ad
2001 5305 2162 5358 linetn
2201 5321 2373 5373 usque

787 5396 1004 5438 secutus
1035 5397 1156 5450 est;
1193 5388 1328 5446 alter
1367 5405 1495 5444 vero
1528 5390 1730 5458 studio,
1767 5408 1877 5462 quo
1906 5393 2148 5449 Marcum
2187 5413 2374 5466 prose—

785 5478 1071 5546 quebatur,
1123 5480 1389 5537 abductus
1425 5484 1692 5540 dicendus
1725 5491 1922 5542 merito
1958 5490 2241 5559 Opinionis
2286 5507 2373 5548 as-

782 5579 978 5636 sertor,
1007 5588 1167 5641 quant
1200 5591 1226 5628 ξι
1264 5574 1514 5633 Nestot'io
1549 5583 1787 5649 prinum
1823 5583 2098 5639 indm-tant
2158 5597 2208 5639 ct
2240 5604 2366 5641 stn-

964 5849 1073 5902 (ένη
1119 5890 1130 5903 ι
1172 5848 1225 5903 Η
1256 5865 1408 5908 τιϊιιε.
1466 5871 1600 5909 δυυδ.
1641 5856 1734 5909 εκ,

2486 4665 2672 4733 λόγῳ;
2711 4659 3216 4733 Προοιμιαζόμενος
3255 4656 3365 4724 γὰρ
3413 4652 3612 4723 φάσκει
3648 4667 3661 4680 '
3701 4653 3926 4722 Ἀριστε
3977 4650 4072 4700 καὶ

2487 4758 2748 4827 κράτιστε
2788 4751 3033 4823 βασιλεῦ,
3071 4746 3137 4821 ἧς
3171 4751 3272 4818 μὲν
3317 4747 3546 4815 γνώμης
3575 4745 3775 4813 γέγονα
3829 4744 3923 4796 καί
3953 4746 4070 4811 εἰμι

2487 4854 2618 4915 περὶ
2661 4845 2759 4913 τὴν
2815 4843 3190 4912 προκειμένην
3247 4837 3348 4906 τῆς
3403 4837 3652 4898 ἑνώσεως
3686 4833 3842 4904 ὓλην,
3877 4837 3902 4886 6
3934 4838 4070 4902 πρὸς

2484 4941 2583 5005 τὴν
2611 4937 2734 4989 καθ’
2759 4936 2905 5006 ἡμᾶς
2929 4933 3078 5003 ἱεράν
3104 4931 3313 5000 ταύτην
3353 4928 3571 4983 σύνοδον
3601 4927 3941 4999 σχεδιασθείς
3977 4943 4068 4994 μοι

2489 5034 2581 5084 καὶ
2607 5028 2882 5098 πεμφθεὶς
2914 5027 3071 5094 λόγος
3102 5024 3274 5093 δηλοῖ·
3312 5022 3649 5094 μαρτυροῦσι
3678 5022 3732 5074 δὲ
3765 5023 3857 5074 καὶ
3886 5021 3953 5072 τὰ
3979 5020 4072 5072 δύο

2489 5123 2695 5191 βιϐλία,
2730 5121 2878 5190 άπερ
2928 5120 3195 5189 πρότερον
3247 5116 3488 5181 συνθεὶς,
3534 5115 3628 5167 νῦν
3683 5112 3975 5183 ἐγχειρίζω
4003 5116 4069 5182 τῇ

2486 5213 2738 5284 παρούσῃ
2769 5211 2993 5280 συνόδῳ.
3027 5208 3136 5263 Καὶ
3165 5211 3302 5271 ὅλως
3338 5209 3514 5276 ζητῶν
3545 5224 3627 5270 τις
3658 5208 3759 5259 οὐκ
3791 5207 3977 5274 ὀλίγας
4004 5205 4073 5258 ἂν

2485 5308 2638 5378 εὖροι
2667 5305 2931 5374 διαφορὰς
2958 5303 3067 5355 τῶν
3111 5302 3202 5355 δύο
3231 5306 3436 5355 τούτων
3475 5302 3766 5370 Γεωργίων
3793 5319 3806 5331 ·
3842 5298 3930 5363 αἷς
3975 5301 4070 5353 ἀλ-

2486 5404 2666 5473 λήλων
2719 5401 3152 5471 διακρινόμενοι,
3190 5402 3215 5449 ὁ
3256 5399 3354 5466 μὲν
3387 5397 3597 5460 δίκαιός
3654 5399 3800 5450 ὲστιν
3853 5396 4074 5448 ἀκούειν

2485 5498 2581 5564 τῆς
2613 5495 2777 5563 ἁγίας
2810 5493 3202 5562 οἱκουμενικῆς
3239 5493 3459 5544 συνόδου
3498 5493 3591 5545 καὶ
3619 5494 3719 5558 τῆς
3761 5490 4074 5562 ὀρθοδοξίας

2491 5589 2892 5662 προασπιστὴς,
2955 5586 3046 5639 (ita
3085 5586 3147 5654 δὴ
3177 5587 3286 5648 τοῖς
3341 5585 3618 5654 ἀληθινοῖς
3671 5586 3919 5654 Ιιατράσι
3978 5585 4075 5651 τῆς
