4462 6450
800 375 902 435 387

1868 383 2246 446 GENNADII
2291 388 2400 448 CP.
2441 389 2950 454 PATRIARCHE

3973 361 4082 463 ass

801 492 929 544 culo
964 491 1323 545 constitutum
1364 511 1376 557 ;
1410 493 1613 564 quique
1633 496 1718 548 vix
1746 497 1915 564 possit
1943 497 1995 550 in
2023 506 2141 554 tuto
2167 500 2397 554 colloca-
2427 503 2469 560 Δ
2502 519 2563 553 κα

2314 503 2469 560 ca—A
2502 504 2822 557 καθεστῶτα
2863 505 3134 567 κινδύνου,
3190 507 3284 560 καὶ
3343 506 3497 575 μόλις
3555 509 3695 574 μετά
3759 508 3927 564 πολλὰ
3979 514 4076 580 μιν

802 580 872 646 ri,
907 580 1033 665 licet
1068 581 1238 635 multa
1273 581 1493 650 quidem
1526 598 1782 654 agantur,
1810 586 2068 641 dicantur
2097 605 2229 644 vero
2260 607 2390 660 pau-

797 688 885 728 ca.
919 674 1089 728 Porro
1124 674 1380 728 dictionis
1433 686 1557 744 apte
1611 677 1961 746 disponendae
2013 680 2282 740 studium.
2338 691 2391 733 et

797 767 1071 820 sermonis
1099 765 1449 832 elegantiam,
1476 779 1532 820 et
1567 770 1864 821 oratoriam
1898 778 2068 823 artem
2101 771 2388 838 praesentia

798 857 962 916 mala,
998 856 1263 924 dolorque
1292 872 1402 925 quo
1436 868 1656 926 propter
1688 858 1775 912 illa
1801 859 2104 928 opprimor,
2139 862 2389 929 eripuere

800 945 934 998 mihi
970 945 1234 1014 majorem
1302 958 1509 1014 partem
1546 965 1558 1013 ;
1597 962 1662 1002 eo
1723 963 1852 1002 vero
1914 951 2058 1019 quod
2122 960 2388 1018 superest,

797 1038 1074 1106 quomodo
1108 1039 1183 1091 uti
1210 1037 1369 1092 liceat
1398 1039 1500 1093 hoc
1528 1047 1796 1108 tempore,
1832 1056 1940 1094 non
1991 1041 2189 1095 video:
2246 1041 2388 1109 quod

741 1158 749 1221 ἑ
801 1130 1100 1196 praesertim
1132 1144 1353 1185 HECl'SSC
1391 1140 1494 1195 est,
1524 1133 1753 1201 simplex
1780 1132 1852 1187 sit
1882 1141 1933 1186 et
1974 1144 2231 1201 perceptu
2265 1146 2390 1185 om-

800 1222 963 1275 nibus
1015 1221 1190 1277 facilis
1221 1239 1424 1287 sermo,
1481 1240 1640 1293 quem
1696 1225 1762 1278 ad
1803 1240 1901 1279 vos
1945 1240 2136 1279 omnes
2191 1225 2385 1278 habeo.

800 1313 883 1366 Sit
915 1329 1043 1367 vero
1070 1315 1202 1368 mihi
1241 1316 1462 1385 quidem
1519 1317 1790 1372 orationis
1821 1304 1931 1372 dtix
1997 1317 2140 1372 Deus
2175 1333 2191 1382 ;
2225 1332 2387 1385 quem

799 1404 1190 1458 liencvolenlim
1229 1420 1354 1476 erga
1393 1421 1491 1462 vos
1524 1423 1678 1472 mem,
1704 1416 1759 1460 et
1813 1408 2067 1475 patriam,
2123 1417 2176 1461 et
2221 1420 2392 1476 genus

797 1496 1109 1549 universum
1138 1496 1308 1549 citare
1342 1506 1533 1550 testem
1565 1513 1672 1551 non
1702 1499 2022 1552 erubuerim
2056 1515 2069 1562 ;
2113 1498 2268 1551 vobis
2295 1514 2391 1552 au-

798 1598 903 1640 tem
948 1589 1044 1640 viae
1072 1589 1137 1640 ad
1159 1588 1474 1659 eligendum
1509 1589 1684 1654 utilia,
1704 1600 1757 1644 et
1779 1591 1867 1642 illa
1889 1604 2050 1658 agere
2068 1589 2392 1659 aggredien-

793 1682 942 1734 dom.

866 1773 1019 1836 Quod
1087 1773 1251 1840 igitur
1285 1771 1532 1826 nonnulli
1574 1773 1685 1827 sint
1722 1773 1864 1828 inter
1906 1789 2022 1838 vos,
2086 1773 2179 1839 qui
2229 1782 2389 1841 puta-

797 1861 928 1913 lvant
983 1875 1040 1913 se
1077 1859 1398 1913 Latinorum
1460 1861 1747 1914 scientiam
1801 1860 2160 1921 eluctaturos,
2221 1867 2386 1923 atque

799 1955 904 2007 illis
928 1969 1290 2023 persuasuros
1323 1969 1544 2007 manere
1580 1955 1632 2006 in
1678 1954 1784 2007 illis
1818 1951 2158 2020 antiquitatis
2194 1947 2382 2002 termi-

796 2050 897 2106 nis.
940 2057 991 2100 et
1020 2050 1130 2113 ipse
1158 2049 1271 2100 srio
1303 2065 1313 2098 :
1355 2047 1402 2098 id
1430 2062 1558 2099 vero
1596 2046 1728 2099 mihi
1759 2056 1904 2100 certe
1937 2058 2186 2110 magnam
2215 2041 2386 2094 admis

800 2141 1067 2193 rationem
1111 2139 1362 2199 moverit,
1407 2138 1552 2200 quod
1583 2139 1683 2190 viri
1724 2137 1966 2205 alioquin
1999 2136 2141 2190 docti
2173 2143 2382 2186 tantum

799 2233 854 2284 in
885 2234 984 2285 hac
1011 2242 1162 2300 parte
1195 2233 1500 2284 erraverint
1529 2249 1544 2296 ;
1580 2232 1745 2300 idque
1802 2245 1926 2284 cum
1963 2228 2139 2283 sciant
2175 2239 2227 2281 et
2256 2244 2310 2279 se
2333 2234 2385 2279 et

801 2327 937 2379 alios
971 2341 1074 2377 non
1099 2340 1220 2378 esse
1250 2326 1386 2378 bene
1415 2325 1716 2378 instructos
1749 2319 2007 2376 facultate
2063 2321 2128 2373 ad
2161 2332 2387 2389 persua-

798 2424 1037 2477 dendum
1078 2439 1224 2487 ;non
1258 2421 1419 2475 modo
1459 2419 1503 2474 si
1562 2418 1685 2487 quis
1733 2417 1917 2479 instet,
1967 2416 2285 2481 dubitetque
2319 2412 2386 2464 dc

797 2519 962 2570 rebus
996 2517 1336 2580 gravissimis
1370 2531 1383 2568 :
1413 2513 1506 2567 scd
1543 2513 1585 2566 si
1616 2511 1699 2565 vel
1754 2510 2028 2564 binarium
2063 2523 2185 2562 esse
2245 2506 2386 2558 inter

795 2625 958 2679 pares
995 2623 1254 2662 numeros
1302 2607 1536 2675 primum
1582 2623 1596 2660 ε
1634 2612 1726 2656 aut
1768 2603 2046 2655 hominem
2078 2614 2146 2653 ex
2204 2597 2386 2650 anima

793 2713 844 2754 et
886 2715 1114 2768 corpore
1175 2707 1450 2761 constare,
1489 2712 1552 2750 ac
1603 2695 1804 2750 similia
1859 2706 2060 2759 negare
2116 2689 2382 2744 voluerit:

795 2796 1020 2848 Latinos
1045 2807 1174 2846 vero
1203 2793 1267 2845 ad
1310 2800 1529 2858 captum
1563 2804 1782 2844 omnem
1839 2789 2139 2840 humanum
2184 2782 2236 2835 in
2270 2780 2386 2834 dia-

794 2890 1009 2953 lectica,
1050 2887 1308 2955 omnique
1371 2885 1623 2948 scientia,
1656 2892 2093 2947 cunctarumque
2149 2875 2388 2946 praecel-

795 2984 1102 3037 lentissima
1164 2982 1434 3050 theologia
1485 2975 1994 3033 exercitatissimos.
2054 2968 2256 3024 Verum
2281 2967 2382 3021 etsi

796 3075 983 3144 plures
1016 3089 1123 3126 non
1154 3072 1486 3140 ignorabant
1515 3068 1836 3122 Latinorum
1879 3061 2187 3123 scientiam,
2246 3057 2390 3111 mul-

2502 596 2804 661 πράττειν,
2839 596 3020 662 λέγειν
3082 597 3138 649 δὲ
3197 596 3431 660 ἐλάττω,
3467 598 3744 666 δυνάμενα.
3785 598 4076 662 σώζεσθαι.

2499 684 2786 754 Συνθήκης
2817 687 2872 739 δὲ
2902 687 3001 740 καὶ
3035 688 3296 756 φράσεως
3336 689 3431 740 καὶ
3465 690 3664 756 τέχνης
3695 692 3994 759 ῥητορικῆς
4018 693 4078 744 τὸ

2496 775 2748 828 πλεῖστον
2784 777 2884 845 μὲν
2932 778 3038 830 ὑπὸ
3085 779 3198 829 τῶν
3257 778 3546 846 παρόντων
3596 779 3791 831 δεινῶν
3854 781 4078 848 καὶτῆς

2495 868 2589 919 ἐπὶ
2642 869 2853 930 τούτοις
2887 869 3065 937 λύπης
3112 867 3426 939 ἀφῄρημαι,
3464 870 3540 939 τῷ
3580 872 3636 923 δὲ
3691 871 4081 940 περιλειπομέ-

2497 976 2572 1026 νῳ
2603 961 2793 1029 καιρὸν
2827 961 2924 1028 οὐχ
2967 961 3078 1028 δρῶ
3111 961 3203 1013 τὸν
3255 964 3504 1030 παρόντα
3534 962 3794 1031 χρῆσθαν
3831 962 3926 1014 καὶ
3963 965 4078 1030 ἅμα

2496 1051 2633 1119 πρὸς
2689 1051 2900 1113 πάντας
2959 1051 3103 1118 ὑμᾶς
3153 1052 3305 1115 ὄντος
3358 1052 3453 1105 τοῦ
3503 1052 3663 1118 λόγου
3698 1096 3710 1114 ,
3766 1053 3972 1105 ἁπλοῦν
4019 1071 4078 1106 τε

2496 1136 2636 1194 εἶναι
2672 1141 2860 1193 τοῦτον
2909 1142 3127 1209 ἀνάγκη
3159 1143 3250 1194 καὶ
3297 1145 3464 1195 πᾶσιν
3500 1143 3813 1196 εὖσὺνετον.
3864 1143 4078 1210 Ἥγοῖτο

2495 1231 2550 1283 δὲ
2598 1231 2724 1299 ἐμοὶ
2772 1232 2872 1298 μὲν
2906 1231 3018 1283 τῶν
3048 1231 3225 1297 λόγων
3253 1231 3407 1295 Θεὸς,
3437 1234 3497 1284 ὂν
3535 1234 3635 1284 οὐκ
3673 1235 3736 1284 iv
3767 1234 4078 1302 αἰδεσθείην

2495 1321 2724 1387 καὶτῆς
2780 1324 2863 1383 είς
2913 1323 3058 1391 ὑμᾶς
3092 1325 3186 1376 καὶ
3231 1324 3471 1394 πατρίδα
3513 1326 3606 1376 καὶ
3646 1325 3795 1386 ἔθνος
3829 1327 3948 1377 ὅλον
3991 1326 4079 1377 εὑ-

2497 1413 2649 1475 νοίας
2705 1413 2938 1466 καλέσαι
2996 1415 3290 1483 μάρτυρα·
3348 1417 3477 1484 ὑμῖν
3529 1416 3585 1468 δὲ
3644 1416 3743 1484 τῆς
3790 1418 3883 1468 ἐπὶ
3920 1416 4076 1468 τὸτὰ

2499 1503 2849 1572 συμφέροντα
2903 1505 3124 1558 ἑλέσθαι
3178 1523 3238 1559 τε
3297 1507 3393 1559 καὶ
3456 1507 3731 1577 ἄρξασθαι
3813 1508 4076 1578 πράττειν

2496 1594 2637 1650 ὀδοῦ.

2570 1769 2696 1824 Ὀτι
2743 1770 2843 1840 μὲν
2897 1771 2989 1824 οὖν
3039 1772 3149 1824 είσί
3206 1789 3353 1836 τινες
3401 1772 3459 1837 ἐξ
3517 1774 3692 1841 ὑμῶν,
3739 1774 3786 1825 οἳ
3838 1772 3938 1839 τὴν
3970 1773 4077 1826 τῶν

2496 1863 2742 1916 Λατίνων
2773 1863 3236 1929 καταγωνιεῖσθαι
3267 1866 3483 1933 σοφίαν,
3517 1867 3613 1918 καὶ
3643 1867 3855 1918 πείσειν
3884 1865 4077 1927 αὐτοὺς

2497 1955 2589 2008 ἐπὶ
2637 1955 2747 2006 τῶν
2798 1955 3043 2024 ἀρχαίων
3093 1956 3320 2008 ἐκείνων
3377 1958 3559 2024 μένειν
3614 1956 3885 2024 ἐνόμιζον,
3921 1955 4078 2009 τοῦτο

2495 2048 2590 2101 καὶ
2621 2047 2786 2109 αὐτὸς
2817 2043 2956 2100 οῖδα·
2992 2046 3088 2099 καὶ
3111 2047 3232 2101 λίαν
3269 2049 3450 2099 αὐτῶν
3479 2048 3763 2116 θαυμάζω,
3793 2049 3873 2098 ὅτι
3901 2047 4078 2100 καίτοι

2496 2141 2664 2193 τᾶλλα
2721 2142 2876 2210 σοφοί
2935 2158 3084 2200 τινες
3135 2140 3313 2202 ὄντες,
3375 2139 3630 2192 τοσοῦτον
3691 2141 3750 2192 ὲν
3785 2139 3961 2207 τούτῳ
4000 2138 4078 2206 τῷ

2501 2233 2661 2302 μέρει
2690 2231 3092 2300 πεπλάνηνται·
3126 2232 3223 2283 καὶ
3262 2232 3437 2283 ταῦτα
3469 2235 3560 2284 καὶ
3593 2232 3894 2290 συνειδότες
3924 2229 4078 2296 σφίσι

2497 2339 2554 2375 τε
2580 2323 2764 2385 αὐτοῖς
2795 2323 2888 2375 καὶ
2917 2323 3024 2383 τοῖς
3065 2320 3244 2383 ἄλλοις
3267 2321 3485 2388 φαύλως
3519 2321 3699 2389 ἔχουσι
3726 2321 3822 2382 τῆς
3854 2319 3989 2386 πρὸς
4019 2319 4080 2370 τὸ

2499 2416 2710 2468 πείθειν
2748 2414 3130 2484 παρασκευῆς,
3163 2415 3224 2468 οὐ
3263 2415 3424 2481 μόνον
3463 2415 3526 2467 ἄν
3559 2433 3641 2476 τις
3675 2416 3802 2482 περὶ
3846 2413 3952 2465 τῶν
3984 2430 4079 2480 με·

2498 2510 2702 2575 γίστων
2735 2509 3024 2571 ἐνίσταιτο,
3064 2503 3179 2559 ἀλλ’
3210 2511 3258 2560 εί
3298 2510 3392 2560 καὶ
3419 2509 3517 2574 τὴν
3553 2507 3723 2560 δυάδα
3757 2505 3975 2574 πρῶτον
4021 2508 4078 2557 ὲν

2497 2600 2754 2669 ἀριθμοῖς
2805 2599 2994 2671 ἄρτιον
3026 2597 3188 2664 εἷναι,
3223 2602 3257 2671 ἢ
3313 2603 3405 2653 τὸν
3460 2603 3750 2669 ἄνθρωπον
3795 2604 3856 2654 ἐκ
3897 2600 4078 2666 ψυχῆς

2499 2692 2594 2743 καὶ
2621 2691 2878 2759 σώματος
2921 2695 3272 2756 συνεστάναι,
3305 2693 3401 2745 καὶ
3436 2694 3502 2744 τὰ
3536 2694 3761 2747 τοιαῦτα
3792 2693 4078 2761 ἀρνεῖσθαι

2500 2785 2780 2853 θελήσειεν
2810 2799 2822 2813 ⁸
2858 2783 3059 2846 είδότες
3099 2785 3154 2838 δὲ
3207 2786 3303 2838 καὶ
3356 2785 3616 2846 Λατίνους
3651 2786 3811 2854 μέχρι
3843 2786 3942 2849 τῆς
3989 2786 4081 2834 ἀν-

2500 2875 2785 2945 θρωπίνης
2820 2877 3078 2945 εὐπορίας
3111 2876 3330 2942 ἁπάσης
3365 2877 3722 2944 διαλεκτικήν
3751 2893 3808 2928 τε
3842 2879 3936 2926 καὶ
3974 2876 4078 2925 πᾶ-

2503 2986 2602 3020 σαν
2635 2969 2973 3036 ἐπιστήμην,
3004 2969 3097 3020 καὶ
3145 2969 3242 3038 τὴν
3294 2969 3485 3036 πασῶν
3515 2969 3864 3038 ὑψηλοτάτην
3899 2968 4080 3019 θεολο-

2500 3061 2628 3129 γίαν
2683 3061 3017 3131 ἐξητακότας
3076 3078 3137 3114 τε
3188 3063 3280 3114 καὶ
3315 3063 3688 3132 ἀσκήσαντας.
3731 3063 3870 3115 Ἀλλ’
3904 3063 3952 3113 εί
3985 3065 4080 3114 καὶ

794 3181 985 3233 tasquc
1016 3165 1124 3218 illis
1177 3177 1285 3216 non
1326 3160 1515 3214 defore
1548 3158 1792 3213 rationes
1857 3153 1923 3208 ad
1984 3148 2384 3207 ostendendum
2415 3183 2458 3241 α
2500 3154 2556 3205 π]

2315 3161 2384 3200 tm
2415 3183 2458 3241 α
2500 3153 2722 3216 πλείους
2784 3153 2942 3222 ὑμῶν
2991 3153 3114 3207 οὗτε
3159 3154 3258 3221 τὴν
3305 3154 3551 3208 Λατίνων
3603 3155 3832 3223 ἠγνόουν
3866 3155 4077 3221 σοφίαν,

793 3278 850 3313 se
882 3267 1025 3312 recte
1054 3257 1301 3319 sentire;
1344 3252 1596 3306 arbitrati
1631 3258 1813 3304 tamen
1852 3258 1905 3302 et
1963 3246 2039 3300 illi
2089 3256 2282 3297 omnes
2335 3247 2389 3292 et

794 3356 904 3412 isti,
935 3354 1190 3404 unionem
1223 3364 1346 3403 cum
1381 3344 1590 3398 Latinis
1634 3358 1747 3397 rem
1782 3356 1904 3397 esse
1954 3338 2176 3409 plurimi
2237 3335 2386 3390 testi-

797 3450 1075 3504 mandam,
1112 3453 1166 3496 et
1198 3450 1464 3510 praeterea
1495 3435 1832 3497 facillimam,
1898 3443 1953 3487 et
1984 3445 2142 3487 suum
2177 3439 2230 3482 ct
2257 3427 2387 3480 alio.

795 3556 915 3593 rum
955 3540 1196 3590 animum
1227 3535 1491 3588 induxere
1512 3547 1637 3586 cum
1665 3528 1940 3596 voluptate
1976 3523 2254 3577 advenire.
2281 3519 2389 3573 Sed

794 3637 877 3689 fac
916 3632 1056 3682 idem
1091 3641 1285 3681 omnes
1318 3626 1579 3687 sensisse,
1606 3631 1657 3676 et
1685 3637 1745 3675 ea
1799 3635 1893 3688 spe
1922 3616 2155 3676 venisse,
2199 3622 2254 3666 ut
2284 3611 2382 3664 La-

793 3733 938 3783 tinus
991 3722 1309 3793 ignorantia:
1358 3732 1650 3788 pravteque
1707 3710 1986 3783 Opinionis
2043 3715 2386 3776 arguerent;

794 3819 1192 3889 persuaderent
1223 3829 1354 3867 vero
1386 3827 1414 3865 a
1453 3809 1725 3865 sententia
1794 3803 2077 3860 discedere
2134 3810 2228 3854 aut
2291 3813 2387 3852 sua

794 3919 1012 3979 Sponte,
1048 3914 1142 3960 aut
1180 3905 1382 3958 invitos
1417 3910 1582 3970 atque
1612 3899 1684 3952 ita
1721 3898 1977 3952 unionem
2030 3907 2221 3947 eorum
2276 3905 2390 3943 am-

793 4007 1184 4072 plecterentur.
1224 3998 1347 4050 llmc
1379 3995 1422 4049 si
1458 3993 1678 4061 quidem
1713 4007 1775 4045 ex
1810 3991 2082 4046 sententia
2128 3985 2389 4041 succede-

792 4107 938 4156 rent,
975 4093 1211 4147 fortasse
1248 4091 1443 4143 melius
1479 4097 1623 4142 esset
1657 4103 1669 4149 ;
1706 4084 1959 4151 Deusque
1993 4096 2116 4134 cum
2152 4093 2263 4147 quo
2296 4092 2388 4144 per

791 4188 1129 4256 agnitionem
1165 4180 1414 4237 veritatis
1445 4188 1498 4232 et
1531 4186 1776 4232 mutuam
1806 4174 2130 4229 charitatem
2155 4170 2389 4237 conjun-

789 4293 1068 4353 geremur,
1104 4276 1286 4330 neutri
1326 4273 1563 4342 partium
1597 4270 1859 4339 majorem
1926 4263 2266 4332 impenderet
2304 4259 2387 4312 fa-

791 4391 1025 4440 vorem;
1065 4374 1159 4429 sed
1219 4383 1326 4424 tam
1377 4385 1473 4424 eos
1526 4366 1620 4437 qui
1672 4367 1956 4418 veritatem
2015 4360 2389 4420 edocuissent,

789 4487 955 4540 quam
991 4468 1084 4538 qui
1113 4467 1262 4520 illam
1299 4476 1458 4532 aequo
1482 4461 1666 4514 animo
1691 4456 2109 4518 addidicissent,
2153 4454 2270 4523 pari
2300 4465 2390 4505 co-

2495 3247 2606 3300 οὗθ’
2638 3250 2722 3300 ὅτι
2769 3243 2984 3297 πολλῶν
3015 3245 3387 3315 εὐπορήσουσι
3419 3247 3596 3314 λόγων
3629 3248 3765 3313 πρὸς
3811 3247 3872 3300 τὸ
3904 3247 4077 3311 δεῖξαι

2496 3343 2636 3408 σφᾶς
2667 3341 2870 3402 αὐτοὺς
2911 3338 3162 3405 δοξάζειν
3209 3341 3414 3403 καλῶς,
3449 3339 3566 3393 ἀλλ’
3596 3342 3745 3409 ὅμως
3776 3341 3976 3392 ἐκεῖνοί
4019 3357 4076 3392 τε

2495 3433 2698 3494 πάντες
2757 3433 2852 3484 καὶ
2892 3427 3042 3485 οὗτοι
3101 3433 3201 3501 τὴν
3259 3434 3401 3501 μετὰ
3460 3432 3705 3484 Λατίνων
3759 3431 3954 3482 ἕνωσιν
3987 3428 4079 3482 τοῦ

2496 3528 2695 3587 παντὸς
2730 3523 2879 3591 ἄξιον
2928 3525 3121 3594 χρῆμα.
3151 3524 3245 3578 καὶ
3278 3527 3478 3594 ῥᾷστον
3518 3520 3659 3576 εἶναι
3690 3524 3829 3593 πρὸς
3872 3522 4080 3582 τούτοις

2495 3619 2843 3686 νομίσαντες,
2883 3617 3111 3678 ἑαυτούς
3166 3633 3225 3668 τε
3291 3617 3386 3668 καὶ
3433 3616 3563 3677 τοὺς
3616 3615 3809 3678 ἄλλους
3854 3617 4081 3668 ἔπεισαν

2497 3713 2616 3781 μεθ’
2647 3710 2842 3779 ἡδονῆς
2895 3709 3213 3779 ἀφικέσθαι.
3249 3709 3469 3762 Κείσθω
3520 3709 3575 3761 δὲ
3610 3710 3706 3760 καὶ
3749 3711 3956 3770 πάντας
3986 3709 4081 3777 τὴν

2495 3804 2666 3872 αὐτὴν
2711 3805 3004 3873 ἐσχηκέναι
3052 3804 3319 3873 γνώμην,
3385 3805 3481 3856 καὶ
3528 3803 3686 3869 Ιἥκειν
3753 3803 4083 3864 ἐλπίσαντας

2499 3894 2667 3962 μηδὲν
2721 3895 2819 3961 μὲν
2861 3895 3072 3957 εἰδότας
3113 3897 3258 3964 μήτε
3293 3894 3504 3963 τάληθῆ
3551 3895 3886 3961 φρονοίντας
3924 3896 4084 3946 Act!-

2498 4005 2624 4049 νους
2663 3985 2924 4054 ἐλέγξειν,
2970 3986 3185 4040 πείσειν
3238 3988 3294 4040 δὲ
3335 3988 3559 4048 ἑκόντας,
3615 3987 3646 4056 ἠ
3689 3988 3924 4047 ἄκοντας
3991 3992 4086 4048 τὴν

2499 4081 2772 4150 σφετέραν
2803 4080 2962 4145 δόξαν
2991 4081 3358 4150 ἀρνήσασθαι,
3392 4083 3486 4131 καὶ
3516 4079 3660 4130 οὕτω
3710 4084 3803 4149 τὴν
3842 4080 3962 4144 μετ’
3996 4081 4088 4130 αὐ-

2495 4177 2605 4226 τῶν
2664 4173 2863 4226 ἕνωσιν
2922 4171 3349 4240 διαπράξεσθαι.
3422 4170 3482 4222 Ei
3547 4169 3646 4237 μὲν
3701 4168 3794 4220 οὖν
3842 4168 4087 4230 ἑξέόαινε

2495 4269 2672 4322 ταῦτα
2707 4268 2851 4320 κατὰ
2883 4266 3107 4325 σκοπὸν,
3163 4267 3385 4334 ἄμεινον
3415 4262 3479 4315 ἂν
3511 4264 3641 4324 ἴσως
3671 4258 3778 4330 ἦν·
3810 4268 3902 4312 καὶ
3933 4264 3958 4313 ὁ
3994 4263 4090 4328 μὲν

2496 4358 2653 4421 Θεὸς,
2686 4349 2730 4424 ᾧ
2769 4357 3146 4410 συνάπτεσθαι
3200 4359 3263 4424 τῇ
3299 4353 3498 4420 γνώσει
3549 4355 3644 4420 τῇς
3695 4353 3956 4420 ἀληθείας
4000 4353 4086 4403 καλ

2496 4453 2563 4521 τῇ
2599 4451 2738 4521 πρὸς
2793 4451 3063 4520 ἀλλήλους
3118 4450 3311 4519 είρήνῃ
3353 4449 3552 4507 πάντες
3595 4445 3920 4511 ἐμέλλομεν,
3947 4444 4090 4494 οὐδε-

794 4585 927 4621 ι·ι›ιι;ι
985 4565 1235 4622 donaret,
1280 4568 1334 4612 et
1388 4568 1542 4625 aeque
1579 4551 1682 4608 Slbl
1725 4549 2108 4617 conjungeret.
2167 4549 2244 4617 [ta
2295 4545 2393 4598 visi
2429 4530 2476 4589 ί)
2506 4548 2556 4598 τέ

2331 4545 2393 4598 isi
2429 4530 2476 4589 ί)
2506 4548 2693 4616 τέροις
2732 4545 2798 4596 ἂν
2833 4544 2942 4595 τῶν
2971 4543 3179 4612 ἑτέρων
3216 4541 3513 4609 ἐχαρίσατο
3550 4539 3773 4607 μᾶλλον·
3803 4537 3937 4589 ἀλλά
3969 4537 4092 4598 τοὶς

788 4674 1012 4732 quoque
1037 4671 1287 4713 essemus
1317 4653 1568 4708 obtinere
1601 4647 1781 4700 locum
1818 4644 2227 4711 magistrorum,
2303 4639 2383 4693 fu-

793 4771 991 4824 moque
1016 4751 1173 4804 fama:
1201 4750 1796 4813 obleCIaremur,quem
1833 4755 1924 4794 vos
1946 4736 2215 4808 spiritalia
2239 4749 2387 4804 qua:-

790 4862 995 4912 rrmes,
1030 4847 1252 4912 Deoque
1288 4856 1484 4896 vacare
1534 4839 1808 4908 pollicitos
1847 4835 2058 4889 ambire
2099 4846 2204 4886 non
2251 4844 2386 4883 con-

789 4944 959 4996 venit.
992 4939 1096 4993 Sed
1125 4938 1322 4992 videtis
1347 4948 1561 4998 omnes,
1617 4941 1678 4986 ut
1718 4929 1900 4985 Latini
1958 4942 2055 4996 pro
2118 4939 2218 4980 sua
2261 4937 2389 4978 sen-

790 5037 958 5089 tentia
991 5031 1207 5102 egregie
1233 5027 1672 5088 deeertaverint,
1719 5034 1778 5079 ut
1833 5036 1993 5076 nemo
2050 5019 2171 5073 illos
2196 5016 2391 5086 possit,

790 5129 834 5183 si
876 5128 1003 5183 velit
1036 5141 1229 5194 aequus
1257 5139 1379 5178 esse
1406 5121 1598 5192 judex,
1658 5113 2083 5186 reprehendere.
2115 5111 2181 5164 Et
2237 5123 2390 5164 com-

791 5221 976 5276 munis
1003 5218 1222 5289 quidem
1279 5215 1542 5284 magister
1574 5227 1636 5268 ac
1671 5210 1928 5265 dominus
1981 5214 2190 5268 noster,
2235 5217 2394 5268 opor-

791 5324 909 5367 tere
947 5311 1205 5382 inquitin
1260 5324 1356 5363 ore
1389 5307 1625 5360 duorum
1681 5304 1765 5359 vel
1808 5301 1972 5357 trium
2035 5309 2183 5352 stare
2231 5309 2394 5350 omne

790 5407 1040 5471 verbum,
1079 5415 1135 5459 ct
1171 5404 1258 5458 lex
1293 5402 1470 5458 civilis
1504 5402 1575 5456 ita
1630 5397 1937 5470 prtescribit
1966 5398 2002 5463 ;'
2039 5395 2114 5448 illi
2159 5405 2288 5445 vero
2329 5405 2392 5442 ex

789 5501 1185 5556 communibus
1215 5496 1473 5553 Ecclesiae
1499 5493 1822 5550 doctoribus
1851 5506 1944 5545 sex
2009 5485 2397 5559 praestantissi-

791 5611 910 5650 mos
943 5594 1211 5664 dignitate
1265 5603 1320 5647 et
1353 5589 1630 5654 doctrina,
1675 5586 2059 5655 susceptisqne
2092 5595 2190 5649 pro
2215 5580 2391 5648 pieta-

791 5701 840 5746 tc
874 5689 1156 5743 laboribus
1191 5705 1205 5755 ;
1246 5701 1371 5742 nam
1405 5684 1543 5741 alios
1605 5692 1871 5754 praetereo
1905 5696 1919 5745 ;
1958 5675 2246 5732 sententiae
2286 5686 2399 5725 stne

795 5794 961 5840 testes
986 5784 1288 5854 protulere,
1351 5795 1587 5850 quorum
1630 5779 1868 5848 quisque
1905 5770 2244 5828 tantumdem
2298 5766 2399 5819 fide

794 5874 1002 5942 valere,
1036 5882 1304 5948 quantum
1335 5873 1583 5930 universi
1610 5866 1884 5936 homines,
1922 5862 2232 5922 censendus
2271 5869 2354 5913 est
2383 5874 2395 5910 :

2494 4657 2552 4692 τε
2585 4639 2940 4696 διδάσκοντας
2976 4635 3076 4704 τὴν
3133 4633 3394 4703 ἀλήθειαν
3421 4674 3434 4697 ,
3466 4632 3563 4683 καὶ
3595 4632 3721 4691 τοὺς
3757 4630 3852 4680 σὺν
3889 4629 4093 4692 εὐγνω-

2501 4731 2714 4802 μοσύνῃ
2760 4730 2967 4798 ταύτην
3015 4727 3436 4793 δεδιδαγμένους
3495 4725 3695 4788 ἐπίσης
3738 4719 3932 4789 ἔμελλε
3974 4737 4092 4769 στε-

2501 4824 2729 4895 φανοῦν,
2785 4825 2879 4873 καὶ
2930 4818 3106 4888 ἑαυτῷ
3173 4819 3472 4870 συνάπτειν
3524 4815 3746 4883 ὁμοίως.
3799 4812 4092 4878 Ἐδόξαμεν

2501 4919 2545 4972 δ’
2591 4919 2657 4972 ἂν
2703 4916 2905 4970 οὑτωσὶ
2936 4912 3278 4966 διδασκάλων
3312 4910 3463 4975 τάξιν
3499 4907 3743 4975 ἐπέχειν,
3771 4907 3862 4956 καὶ
3899 4904 3974 4972 τῷ
4002 4920 4098 4954 κα-

2508 5011 2627 5082 πνῷ
2668 5011 2766 5079 τῆς
2803 5011 2995 5079 φήμης
3046 5006 3394 5074 ἐτέρφθημεν
3421 5021 3432 5033 ·
3471 5002 3530 5055 οὗ
3569 5002 3681 5064 τοῖς
3729 5000 3799 5053 τά
3855 5015 4098 5066 πνευμα-

2504 5107 2634 5159 τικά
2663 5103 2925 5175 ζητοῦσιν
2958 5102 3089 5170 ὑμῖν
3150 5107 3246 5152 και
3290 5095 3410 5166 Θεῷ
3459 5093 3822 5164 προσανέχειν
3857 5093 4099 5157 ὑπεσχη-

2512 5199 2698 5270 μένοις
2754 5193 3005 5264 οὐδαμῶς
3072 5195 3223 5243 ἐστιν
3285 5191 3560 5261 ἁρμόττον
3613 5186 3921 5256 ἐφίεσθαι..
3959 5181 4096 5233 Ἀλλ’

2504 5293 2668 5364 ὁρᾶτε
2700 5289 2921 5351 πάντες,
2953 5289 3033 5340 ὃτι
3079 5287 3302 5340 Λατῖνοι
3350 5288 3451 5351 τῆς
3507 5280 3720 5334 ἑαυτῶν
3758 5274 4101 5346 ὑπερηγωνί-

2513 5403 2675 5440 σαντο
2714 5385 2870 5454 δόξης
2906 5382 3109 5444 καλῶς’
3147 5379 3287 5432 ὥστε
3329 5379 3534 5449 μηδένα
3585 5376 3652 5430 ἂν
3701 5375 3886 5470 aurci;
3935 5371 4101 5437 ἐγκα-

2508 5483 2621 5534 λεῖν
2671 5480 2838 5548 ἔχειν,
2871 5477 2920 5528 εί
2959 5474 3210 5545 βούλοιτο
3244 5472 3450 5534 δίκαιος
3486 5469 3654 5523 εἶναι.
3712 5461 3894 5519 ΚαΓδ
3948 5462 4046 5533 μὲν
4073 5461 4100 5512 ὁ

2508 5577 2689 5639 κοινὸς
2719 5574 2876 5643 ἡμῶν
2923 5567 3249 5630 διδάσκαλος
3296 5569 3391 5620 καὶ
3446 5563 3718 5631 δεσπότης
3757 5561 3854 5612 ἐπὶ
3883 5558 4030 5611 δυοῖν
4066 5554 4098 5624 ἢ

2510 5671 2680 5742 τριῶν
2715 5667 3018 5739 μαρτύρων
3045 5664 3157 5717 δεῖν
3192 5661 3451 5716 ἵστασθαι
3493 5660 3602 5712 πᾶν
3635 5657 3787 5728 ῥῆμά
3821 5671 3979 5723 φησι,
4013 5651 4108 5702 καὶ

2510 5768 2537 5818 ὁ
2566 5761 2842 5824 πολιτικὸς
2899 5761 3064 5829 νόμος
3115 5758 3258 5811 οὕτω
3295 5754 3605 5824 διαγορεύει
3637 5769 3648 5783 ο
3697 5752 3749 5804 oi
3793 5750 3850 5803 δὲ
3900 5748 3962 5799 ὲκ
3994 5744 4104 5796 τῶν

2513 5859 2711 5914 κοινῶν
2763 5855 3106 5909 διδασκάλων
3149 5852 3247 5923 τῆς
3293 5848 3624 5917 Ἐκκλησὲας
3680 5845 3739 5911 ἓξ
3788 5843 3916 5906 τοὺς
3951 5836 4111 5910 μεγί-
