4462 6450
421 396 526 460 389

1521 397 1556 449 Λ
1571 396 1727 454 D110
1740 396 2014 455 RTATIU
2049 400 2089 455 Α
2105 400 2146 457 D
2176 401 2577 463 SYNODUM.

3587 409 3689 465 3m

427 529 584 574 στους
626 511 893 578 ἀξιώματι
936 512 1025 562 καὶ
1066 512 1224 580 σοφία
1269 512 1363 563 καὶ
1396 516 1503 575 τοῖς
1540 515 1680 581 ὑπὲρ
1708 515 1805 582 τῆς
1838 515 1996 567 εύσε-
2031 516 2073 571 Α
2103 534 2189 573 eos

1926 533 1996 565 πε·
2031 516 2073 571 Α
2103 534 2308 588 eosque
2345 538 2452 577 non
2487 524 2665 578 obiter
2690 532 2743 576 et
2773 526 3160 593 perfunctorie,
3191 528 3287 582 sed
3328 530 3396 582 ita
3435 528 3688 585 distincte

427 604 576 664 65in;
604 603 800 668 ἀγῶσι,
837 605 962 664 τοὺς
1021 604 1128 673 γάρ
1180 604 1371 666 ἄλλους
1424 605 1683 674 παρίημι,
1720 607 2003 675 μάρτυρας

428 697 527 763 τῆς
559 694 774 747 ἑαυτῶν
815 694 974 760 δόξης
1029 697 1360 763 παρήγαγον
1384 712 1397 727 υ
1426 689 1501 749 ῶν
1530 697 1758 749 ἕκαστον
1787 699 1869 750 δεῖ
1896 698 2004 750 τῶν

428 784 488 838 ιν
516 786 593 855 τῷ
628 787 824 856 κόσμῳ
861 786 1081 838 πάντων
1125 787 1430 854 ἀνθρώπων
1484 787 1692 855 κρίνειν
1728 788 2002 849 ἀντάξιον,

430 877 722 939 κάκείνους
772 878 869 947 οὐχ
915 877 1105 940 ἁπλῶς
1153 876 1326 939 οὕτως
1377 878 1497 931 οὐδὲ
1539 879 1854 946 παρέργως.
1887 879 2004 931 ἀλλ’

431 968 619 1038 ὥσπερ
663 973 711 1023 εἰ
757 971 1008 1024 δικασταί
1055 988 1200 1033 τινες
1254 966 1394 1039 ἦσαν
1425 973 1557 1039 ἡμῖν
1593 972 1688 1039 τῆς
1721 972 2004 1040 παρούσης

430 1062 790 1130 ἀμφιϐολίας,
850 1062 996 1115 οὕτω
1048 1062 1469 1129 διαλεγομένους
1518 1064 1893 1132 διωρισμένως
1942 1080 2004 1115 τε

429 1155 525 1208 καὶ
556 1144 744 1220 σαφῶς
773 1171 786 1183 ·
820 1155 913 1206 xui.
960 1155 1153 1216 αὐταῖς
1190 1154 1287 1223 μὲν
1315 1153 1497 1217 λέξεσι
1532 1154 1787 1221 λέγοντας
1820 1153 1880 1205 τὸ
1910 1152 2004 1219 ζη-

430 1248 723 1312 τούμενον,
764 1244 1157 1313 προστιθέντας
1206 1245 1260 1297 δὲ
1319 1246 1414 1298 καὶ
1472 1247 1568 1308 τάς
1628 1245 1826 1307 αἰτίας,
1860 1246 2005 1298 καθά

425 1338 774 1399 διδασκάλοις
824 1339 1095 1407 προσῆκε,
1130 1340 1225 1390 καὶ
1265 1338 1333 1390 τὰ
1384 1339 1526 1408 μέρη
1558 1338 1657 1405 τῆς
1682 1338 1832 1399 θείας
1863 1338 2004 1407 Γρα-

426 1431 550 1496 φῆς,
603 1431 659 1494 ἐξ
700 1424 776 1482 ὧν
818 1433 917 1492 τὴν
966 1431 1125 1496 δοξαν
1172 1430 1385 1499 ταύτην
1442 1431 1755 1495 ἀναγκαίως
1787 1432 2004 1497 ἔλοψιν

424 1522 861 1590 εἰληφίτε;,καθ’
892 1522 1033 1591 άπερ
1064 1522 1228 1584 ἄλλας
1262 1522 1320 1588 ἐξ
1360 1522 1536 1577 ἄλλων
1568 1522 1753 1591 μερῶν
1784 1523 2002 1576 συνελέ-

426 1612 605 1673 ξαντο.
644 1613 784 1680 Πρὸς
826 1612 920 1674 οὓς
985 1613 1338 1673 διδασκάλους
1396 1613 1685 1676 τοσούτους
1740 1631 1797 1666 τε
1843 1614 2002 1675 ὄντας

392 1704 520 1755 ,καὶ
576 1703 955 1771 τηλικούτους,
989 1706 1083 1756 καὶ
1137 1704 1284 1758 οὓτω
1318 1704 1504 1772 σαφῶς
1537 1704 1636 1773 τὴν
1672 1705 1829 1771 δόξαν
1875 1704 2005 1757 ταύ-

422 1804 521 1862 την
557 1799 902 1861 εἰσάγοντας,
939 1797 1049 1849 οὐδ’
1091 1796 1157 1850 ἂν
1194 1796 1551 1865 βουληθέντες
1582 1799 1801 1867 ἔχοιμεν
1842 1800 2000 1851 ἀναι-

2116 611 2388 679 planeque
2425 614 2661 673 locutos.
2694 629 2757 668 ac
2800 617 2843 669 si
2877 619 3265 672 controversim
3293 628 3494 672 nostra:
3520 620 3689 673 sedis-

2112 712 2228 755 sent
2256 704 2469 770 iudices
2507 724 2519 771 ;
2554 716 2606 760 et
2639 705 2843 774 apertis
2874 707 3051 761 Verbis
3110 710 3478 776 exprimentes
3542 710 3685 776 quod

2108 795 2392 861 qtueritur,
2418 796 2645 864 adjectis
2678 797 2840 851 etiam
2878 800 3083 861 causis,
3123 800 3198 852 uti
3248 800 3499 855 doctores
3527 800 3689 854 dece-

2112 885 2201 938 bat
2230 903 2245 951 ;
2276 896 2330 940 et
2357 888 2537 942 citatis
2566 903 2734 942 saera:
2766 888 3059 956 Scriptum
3084 887 3238 951 locis,
3261 903 3325 942 ex
3346 889 3541 957 quibus
3565 904 3687 943 sen-

2111 977 2335 1030 tentiam
2374 977 2513 1033 banc
2571 979 2881 1032 necessario
2920 986 3294 1048 sumpserunt,
3349 986 3402 1032 et
3441 979 3684 1032 collectis

2108 1082 2205 1134 per
2236 1068 2325 1122 illa
2355 1070 2520 1124 variis
2553 1070 2875 1124 rationibus.
2914 1070 3065 1135 Quos
3100 1085 3231 1125 sane
3266 1071 3534 1131 doctores,
3564 1086 3684 1122 cum

2111 1169 2188 1213 tot
2212 1162 2458 1228 tantique
2484 1163 2612 1223 sint,
2631 1172 2683 1214 et
2711 1163 2845 1215 adeo
2864 1166 3149 1233 perspicue
3169 1165 3501 1218 sententiam
3550 1163 3690 1215 banc

2107 1254 2359 1314 doceant,
2391 1268 2488 1307 nec
2521 1254 2565 1307 si
2602 1254 2852 1316 velimus,
2887 1255 3231 1322 impudenter
3258 1258 3515 1310 adversos
3550 1271 3688 1309 ean-

2107 1341 2251 1395 tueri
2287 1356 2597 1407 possumus.
2632 1342 2778 1395 Alios
2799 1353 3056 1410 prmterea
3087 1358 3151 1396 ex
3182 1345 3567 1397 communibus
3589 1345 3689 1395 dn-

2105 1433 2348 1485 ctoribus
2373 1432 2694 1497 produxere.
2719 1430 3045 1498 Orientales,
3078 1435 3321 1501 inquam.
3354 1436 3689 1502 paridm'tri-

2108 1539 2175 1577 na
2199 1532 2252 1576 et
2274 1524 2535 1592 dignitate
2569 1526 2826 1593 praeditos
2857 1544 2871 1592 ;
2906 1542 3011 1581 non
3067 1537 3125 1580 ut
3164 1527 3241 1579 illi
3277 1527 3496 1593 quidem
3555 1528 3690 1579 adeo

2105 1612 2268 1676 clare.
2305 1615 2445 1670 idem
2484 1628 2659 1669 tamen
2691 1628 2743 1669 et
2770 1621 2914 1687 ipsns
2954 1617 3097 1685 quod
3131 1629 3182 1671 et
3215 1616 3292 1670 illi
3347 1627 3681 1678 asserentes,

2106 1707 2307 1774 siquis
2339 1709 2467 1763 velit
2499 1709 2641 1762 dicta
2669 1724 2858 1763 eorum
2916 1725 3039 1763 cum
3109 1708 3337 1763 veritate
3383 1711 3588 1776 pariter
3635 1719 3691 1761 et

2107 1800 2337 1854 scientia
2380 1802 2734 1867 perpendere.
2785 1799 2894 1854 Nec
2930 1801 3289 1867 sepltistic'um
3348 1800 3555 1867 aliquid
3596 1810 3690 1852 aut

426 1892 697 1957 σχυντεῖν.
738 1889 882 1957 Πρὸς
921 1891 1134 1953 τούτοις
1158 1890 1352 1953 ἄλλους
1383 1893 1446 1943 ἐκ
1488 1890 1597 1944 τῶν
1629 1892 1824 1944 κοινῶν
1853 1892 2000 1944 ὃιδα-
2039 1867 2079 1922 Β
2110 1890 2188 1944 af]?

1925 1895 2000 1943 ἰα·
2039 1867 2079 1922 Β
2110 1890 2447 1956 affectatum,
2482 1891 2573 1946 sed
2608 1893 2767 1962 plana
2802 1893 3007 1952 omnia.
3043 1902 3095 1947 et
3151 1907 3320 1946 sacrae
3371 1890 3687 1961 Scriptum,

431 1981 646 2035 οκάλων
678 1983 1037 2052 παρήγαγον,
1090 1984 1218 2046 τοὺς
1268 1984 1327 2047 ἐξ
1363 1983 1657 2052 Ἀνατολῆς
1710 1983 1873 2049 λέγω,
1912 1983 2002 2054 ἴσῃ

425 2075 590 2142 σοφίᾳ
622 2076 716 2127 καὶ
745 2075 1022 2145 ἀξιώματι
1054 2076 1534 2145 κεκοσμημένους,
1574 2076 1672 2143 οὐχ
1724 2073 1869 2127 οὓτω
1901 2076 2001 2144 μὲν

427 2165 732 2236 διαρρήδην
771 2165 960 2236 ὥσπερ
1018 2168 1240 2234 ἐκεῖνοι,
1278 2167 1537 2235 λέγοντας
1593 2166 1638 2219 δ’
1694 2167 1847 2236 ὅμως
1901 2171 1998 2221 καὶ

424 2256 625 2317 αὐτοὺς
659 2258 770 2320 τοῖς
821 2256 1002 2316 ἄλλοις
1032 2256 1226 2321 ταυτα,
1261 2257 1315 2309 εί
1352 2274 1438 2317 τις
1472 2256 1591 2326 μετ’
1617 2254 1876 2325 ἀληθείας
1907 2256 2002 2309 καὶ

426 2350 620 2416 σοφίας
652 2348 790 2419 ὁμοῦ
821 2349 919 2411 τάς
954 2349 1180 2401 ἐκείνων
1205 2347 1482 2412 ἐξετάζειν
1513 2345 1762 2417 βούλοιτο
1789 2347 1998 2416 ῥήσεις

424 2445 519 2497 καὶ
550 2444 861 2511 σοφιστικὸν
888 2443 1039 2497 οὐδὲν
1069 2442 1191 2496 οὐδὲ
1227 2440 1407 2510 βίαιον
1430 2480 1445 2504 ,
1476 2438 1615 2494 ἀλλὰ
1645 2438 1824 2492 πάντα
1853 2437 2003 2492 ἁπλᾶ

423 2537 520 2587 καὶ
550 2538 614 2605 τῇ
651 2534 771 2603 θείᾳ
816 2534 1013 2604 Γραφῇ
1074 2535 1172 2586 καὶ
1221 2532 1336 2595 τοῖς
1376 2530 1719 2592 διδασκάλοις
1760 2530 2005 2597 ἑπόμενα

421 2624 560 2692 πρὸς
605 2624 886 2690 ἀπόδειξιν
951 2624 1051 2694 τῆς
1100 2621 1310 2676 ἑαυτῶν
1358 2621 1762 2691 προσεδάλοντο
1803 2621 2000 2691 δόξηςο

424 2720 520 2769 καὶ
560 2717 777 2787 εἴρηται
820 2717 953 2785 παρ’
984 2714 1143 2786 ἡμῶν
1175 2714 1330 2767 οὐδὲν
1384 2715 1520 2784 πρὸς
1553 2713 1773 2776 αὐτοὺς,
1801 2713 1936 2782 πρὸς
1976 2712 2004 2766 ὃ

428 2813 503 2878 μὴ
536 2809 715 2876 σοφῶς
749 2826 810 2861 τε
861 2808 957 2860 καὶ
991 2806 1255 2876 γενναίως
1286 2804 1381 2858 καὶ
1424 2806 1565 2874 μετὰ
1612 2805 1712 2874 τῆς
1744 2804 2003 2874 ἀληθείας

424 2902 863 2972 ἀποκρινάμενοι
922 2901 1249 2967 φαίνονταιο
1306 2896 1416 2951 οὐδ’
1477 2898 1676 2967 ἔχομέν
1734 2914 1854 2949 τινα
1898 2896 2002 2949 τῶν

426 2997 599 3064 ἁγίων
630 2994 881 3065 φανερῶς
924 2993 1105 3055 αὐτοῖς
1158 2992 1584 3061 ἀντιφάσκονταο
1622 2992 1671 3043 εἰ
1711 2989 1766 3043 δέ
1801 3007 1882 3052 ττς
1912 2986 2001 3059 ἦν,

433 3090 532 3142 καὶ
553 3088 741 3142 τοῦτον
771 3089 878 3141 ἔδει
907 3089 1015 3150 τοῖς
1053 3086 1271 3149 πολλοῖς
1309 3086 1527 3155 μηχανῇ
1573 3100 1683 3136 τινι
1733 3083 1828 3137 δια)⁵
1858 3081 2004 3152 λόγῳ

432 3184 733 3238 συνάπτειν
792 3180 976 3251 πολλῷ
1026 3179 1230 3249 μᾶλλον
1275 3181 1370 3232 καὶ
1402 3177 1764 3246 δικαιότερον,
1798 3176 1829 3245 ἢ
1865 3176 2004 3245 πρὸς

424 3281 521 3332 τον
571 3277 667 3330 ἕνα
715 3272 919 3333 πλῆθος
969 3270 1238 3325 τοσούτων
1282 3268 1619 3323 διδασκάλων
1662 3265 2003 3338 παραϐιάζε-

428 3374 578 3427 σθαι.
639 3372 730 3433 El;
781 3370 817 3425 ἃ
855 3370 911 3423 δὲ
965 3367 1262 3437 νομίζομεν
1315 3363 1518 3425 αὐτοὺς
1570 3362 1636 3415 ὲκ
1688 3361 1790 3430 τῆς
1843 3360 2002 3429 δόξης

422 3464 634 3532 ταύτης
664 3463 978 3524 ἐκπίπτειν,
1014 3460 1106 3513 καὶ
1141 3457 1314 3511 ταῦτα
1362 3457 1499 3526 μήτε
1544 3456 1765 3526 φρονεῖν
1794 3452 1923 3522 μήτ’
1946 3452 2004 3517 ἐξ

422 3561 671 3626 ἀνάγκης
717 3555 946 3609 ἔπεσθαι
999 3554 1065 3623 τῇ
1119 3550 1268 3623 δόξῃ,
1299 3548 1783 3621 διαμαρτύρονται.
1841 3546 2003 3600 Ἀλλά

421 3650 520 3703 καὶ
561 3649 627 3702 τὰ
676 3648 818 3703 αὑτά
868 3663 1003 3716 φασι
1037 3644 1161 3715 μεθ’
1195 3644 1354 3715 ἡμῶν
1398 3641 1713 3704 πιστεύειν,
1740 3642 1837 3695 καὶ
1866 3641 2005 3709 πρὸς

420 3745 516 3796 τδν
551 3740 665 3794 ἴσον
710 3742 847 3809 ἡμῖν
878 3738 1144 3810 φέρεσθαι
1185 3736 1332 3804 νοῦν,
1378 3738 1428 3790 εί
1475 3736 1571 3789 καὶ
1602 3734 1888 3806 προσθήκῃ
1917 3733 2005 3787 λέ-

422 3835 565 3900 ξεων
592 3832 818 3899 ἄμεινον
845 3829 1257 3884 ἀναπτύσσουσι
1285 3844 1301 3860 ο
1343 3826 1439 3881 καὶ
1468 3824 1660 3879 οὐδένα
1688 3824 1797 3878 τῶν
1833 3826 2005 3893 ἁγίων

422 3923 830 3993 ἀναγκάζονται
857 3924 1215 3989 συκοφαντεῖν
1244 3920 1276 3990 ἢ
1305 3920 1631 3989 διαγράφειν
1654 3958 1668 3981 ,
1699 3918 1837 3972 ἀλλὰ
1869 3919 2006 3988 μᾶλ-

424 4021 519 4071 λον
558 4017 928 4070 συνάπτουσιν
979 4013 1236 4081 ἀλλήλοις
1275 4012 1406 4075 τοὺς
1459 4010 1857 4073 διδασκάλους·
1911 4009 2006 4063 καὶ

430 4113 563 4182 μίαν
618 4110 826 4178 ταύτην
888 4108 1169 4170 ἀπόδειξιν
1224 4103 1504 4175 ἀρκοῦσαν
1551 4104 1698 4174 ἔχειν
1741 4103 2007 4173 ἡγοῦνται

427 4200 559 4269 παρ’
591 4201 805 4261 ἑαυτοῖς
857 4198 952 4250 τοῦ
1011 4197 1223 4268 τάληθῆ
1280 4198 1498 4267 φρονεῖν
1545 4197 1642 4248 καὶ
1682 4194 2006 4260 πιστεύειν,

422 4294 509 4346 ὅτι
548 4291 737 4361 μηδενὶ
769 4291 907 4359 πρὸς
958 4290 1165 4359 μηδένα
1201 4290 1311 4342 τῶν
1344 4286 1686 4343 διδασκάλων
1719 4287 2009 4357 ἁντίφασίν

422 4401 547 4436 τινα
580 4384 673 4435 καὶ
710 4382 889 4451 μάχην
930 4380 1281 4451 ἐγείρουσιν·
1335 4381 1473 4435 ἀλλὰ
1521 4382 1795 4437 τάκείνων
1830 4384 2010 4435 πάντα

423 4477 665 4544 γαλήνης
690 4475 852 4542 γέμει
874 4477 968 4526 καὶ
993 4475 1271 4543 ὁμονοίας,
1304 4473 1405 4543 τῆς
1434 4473 1595 4542 δόξης
1625 4474 1831 4541 ταύτης
1871 4491 2009 4545 κρα-

2108 1983 2530 2053 doctoribusque
2553 2000 2789 2038 consona
2830 1986 2896 2038 ad
2939 1984 3419 2038 demonstrandam
3468 1992 3691 2036 senten-

2107 2076 2238 2130 tiam
2276 2092 2431 2131 suam
2486 2078 2780 2145 protulere.
2820 2076 2927 2130 Nec
2979 2077 3253 2142 obiectum
3304 2091 3334 2129 a
3397 2077 3554 2129 nobis
3603 2083 3688 2129 est

2105 2166 2425 2236 quidquam,
2484 2167 2551 2218 ad
2587 2166 2730 2234 quod
2774 2166 2850 2218 illi
2903 2165 3115 2219 erudite
3149 2173 3201 2217 et
3254 2164 3502 2216 animose
3559 2177 3685 2216 cum

2108 2260 2336 2314 veritate
2364 2275 2470 2312 non
2493 2259 2890 2327 responderint.
2919 2257 2995 2311 Ex
3020 2256 3223 2312 sanctis
3241 2271 3406 2325 porro
3425 2256 3687 2324 aliquem,

2106 2354 2198 2423 qui
2232 2359 2415 2422 aperte
2438 2353 2543 2407 illis
2576 2353 2918 2414 adversetur,
2946 2351 3152 2404 nullum
3181 2350 3450 2405 habemus
3502 2368 3516 2403 :
3547 2350 3689 2417 quod

2106 2445 2153 2499 si
2188 2446 2352 2498 etiam
2377 2454 2544 2506 esset,
2576 2450 2851 2513 oporteret
2885 2444 3026 2495 hunc
3053 2455 3273 2510 quoque
3314 2441 3403 2495 via
3438 2451 3493 2494 ct
3519 2440 3692 2493 ratio-

2107 2551 2177 2591 ne
2200 2536 2383 2605 aliqua
2419 2536 2606 2590 multis
2628 2552 2657 2590 a
2684 2537 2947 2605 ljungere,
2976 2534 3188 2603 aequius
3215 2548 3346 2588 sane
3367 2541 3419 2585 et
3444 2544 3689 2587 commo-

2110 2629 2252 2691 dius,
2286 2644 2448 2696 quam
2481 2628 2545 2682 ad
2584 2645 2747 2680 unum
2783 2628 2832 2680 vi
2866 2627 3183 2695 pertrahere
3244 2635 3446 2679 tantam
3505 2625 3692 2678 multi-

2108 2721 2350 2775 tudinem
2383 2721 2693 2776 doctorum.
2757 2722 2831 2773 Ea
2881 2736 3008 2775 vero
3056 2720 3423 2778 incommoda.
3478 2718 3531 2770 in
3570 2734 3690 2786 quae

2109 2814 2232 2868 illos
2262 2814 2369 2866 labi
2404 2813 2757 2875 arbitramur,
2794 2828 2852 2866 se
2882 2826 2982 2866 nec
3010 2811 3237 2873 sentire,
3270 2824 3369 2864 nec
3404 2809 3558 2876 sequi
3592 2822 3690 2859 ue-

2107 2904 2351 2959 cessario
2373 2919 2438 2958 ex
2467 2918 2564 2957 sua
2592 2904 2862 2957 sententia
2895 2903 3053 2971 plane
3087 2912 3357 2956 testantur
3383 2918 3397 2965 ;
3420 2901 3512 2953 sed
3545 2899 3686 2951 idem

2107 3011 2174 3051 ac
2201 3010 2301 3050 nos
2320 2996 2468 3050 aiunt
2492 3010 2548 3049 se
2575 2995 2822 3057 credere,
2841 2997 2968 3047 etin
3002 2994 3252 3047 eumdem
3277 2992 3404 3047 ferri
3436 3007 3684 3053 sensum,

2108 3090 2238 3143 licet
2268 3088 2467 3144 additis
2490 3088 2717 3141 vocibus
2751 3089 2948 3141 melius
2979 3087 3253 3155 exlilicent
3278 3125 3293 3149 ,
3346 3099 3447 3138 nec
3514 3085 3683 3136 ullmn

2108 3192 2420 3237 sanctorum
2464 3180 2806 3247 calumniari,
2828 3180 3319 3234 autaut-toritatem
3344 3178 3459 3247 ejus
3475 3177 3690 3231 elevare

2106 3286 2393 3345 coguntur;
2409 3273 2519 3327 imo
2535 3272 2788 3328 doctores
2807 3274 2947 3327 inter
2962 3287 3083 3327 sese
3094 3271 3409 3332 conciliant,
3428 3278 3483 3325 et
3505 3279 3694 3338 poten-

2106 3366 2321 3420 tissimo
2344 3372 2668 3434 argumento
2687 3366 2821 3419 satis
2847 3366 3222 3418 demonstrare
3240 3378 3298 3415 se
3328 3368 3519 3430 putant
3551 3371 3693 3414 recte

2107 3461 2311 3516 sentire
2329 3469 2379 3513 et
2399 3460 2638 3523 credere,
2664 3458 2804 3527 quod
2823 3458 3105 3511 doctorem
3151 3471 3275 3510 cum
3296 3455 3520 3507 doctore
3565 3454 3691 3504 nul—

2108 3554 2219 3609 lum
2241 3561 2599 3623 pugnantem,
2653 3561 2746 3604 aut
2789 3549 3064 3605 contraria
3110 3548 3379 3602 dicentem
3437 3545 3689 3609 faciunt;

2108 3647 2205 3703 sed
2234 3647 2377 3717 apud
2428 3645 2553 3701 illos
2590 3645 2769 3700 omnia
2822 3658 2918 3713 per
2969 3644 3107 3697 bane
3146 3640 3470 3696 sententiam
3545 3650 3692 3691 tran-

2109 3736 2277 3805 quilla
2304 3745 2433 3790 sunt
2470 3747 2525 3791 et
2550 3735 2962 3790 convenientia.
3007 3732 3088 3787 Ad
3131 3732 3247 3785 lucc
3282 3732 3355 3783 ita
3404 3729 3690 3783 nobiscum

2112 3839 2302 3898 agunt,
2335 3843 2399 3883 ac
2429 3828 2475 3883 si
2538 3827 2787 3899 magistri
2831 3826 3041 3880 illorum
3078 3834 3172 3879 aut
3223 3823 3437 3892 iudices
3471 3820 3693 3875 sedere-

2113 3936 2237 3977 mus
2268 3938 2283 3986 ;
2328 3929 2630 3991 rogantque
2666 3930 2725 3974 ut
2761 3934 2819 3974 se
2886 3917 3271 3986 suscipiamus,
3305 3929 3405 3969 nec
3463 3913 3695 3967 velimus

2113 4013 2330 4069 modica
2357 4013 2426 4067 de
2451 4027 2611 4066 causa
2637 4010 2871 4080 disjungi
2902 4010 2970 4066 ab
2989 4010 3302 4064 hominibus
3332 4007 3468 4061 adeo
3490 4005 3694 4059 nostris

2116 4104 2449 4171 consimilia,
2514 4103 2653 4157 adeo
2719 4102 3105 4158 communibus
3156 4100 3473 4156 doctoribus
3561 4112 3693 4149 con-

2114 4196 2363 4268 gruentia
2447 4194 2831 4251 sentientibus.
2914 4193 3101 4263 Neque
3183 4206 3312 4246 vero
3382 4190 3612 4256 exigunt
3663 4204 3694 4242 a

2119 4286 2280 4344 nobis
2310 4286 2706 4358 professionem
2740 4286 3025 4348 veritatis;
3050 4284 3143 4339 sed
3185 4282 3287 4337 hoc
3342 4283 3562 4352 quidem
3595 4297 3697 4335 no-

2118 4383 2201 4436 bis
2230 4380 2566 4449 relinquunt.
2594 4380 2638 4433 si
2676 4378 2913 4448 perfecte
2947 4376 3170 4431 credere
3195 4375 3451 4437 velimus,
3509 4388 3688 4440 neque

2120 4472 2311 4526 salutis
2349 4485 2500 4540 spem
2526 4469 2857 4524 arbitremur
2880 4468 3038 4523 nobis
3062 4466 3414 4535 ignominiam
3445 4465 3692 4520 inurere:

423 4570 650 4636 τούσης.
696 4568 843 4639 Πρὸς
877 4567 932 4620 δὲ
959 4567 1195 4633 τούτοις,
1221 4567 1477 4637 καθάπερ
1498 4566 1843 4629 διδασκάλοις
1880 4568 2011 4637 ἡμῖν
2048 4567 2089 4622 D
2126 4582 2144 4615 ί
2178 4570 2185 4610 4

1937 4568 2011 4620 ιῖν
2048 4567 2089 4622 D
2126 4582 2144 4615 ι
2178 4562 2405 4617 Onnrtet
2433 4563 2606 4625 enim,
2633 4561 2832 4629 inquit,
2887 4560 2952 4613 ad
3013 4559 3243 4614 salutem
3289 4557 3446 4611 labiis
3480 4574 3699 4626 quoque

429 4661 463 4727 ἢ
508 4662 724 4728 κριταῖς
758 4659 938 4711 αὐτῶν
974 4659 1328 4730 καθημένοις,
1376 4659 1523 4713 οὕτω
1564 4660 2009 4729 προσφέρονται·

428 4755 523 4805 καὶ
553 4754 763 4807 δέονται
800 4756 941 4821 σφᾶς
987 4754 1372 4822 προσήκασθαι
1396 4796 1411 4818 ,
1446 4754 1542 4807 καὶ
1593 4756 1667 4823 μὴ
1706 4752 1884 4806 θέλειν
1917 4754 2015 4806 ἁν-

428 4852 664 4919 θρώπων
692 4848 835 4902 οὕτω
888 4849 986 4918 μὲν
1032 4846 1241 4917 ἀδελφά
1287 4846 1632 4915 φρονούντων
1668 4846 1804 4915 ἡμῖν
1832 4887 1845 4910 ,
1871 4845 2016 4898 οὕτω

426 4942 486 4994 δὲ
549 4942 959 5009 συμϐαινόντων
1008 4941 1121 4998 τοῖς
1164 4938 1369 4998 κοινοῖς
1423 4935 1791 4999 διδασκάλοις,
1841 4936 2017 5005 μικρᾷ

427 5033 701 5104 προφάσει
732 5031 1087 5102 χωρίζεσθαι.
1119 5028 1245 5083 Οὐδ’
1276 5028 1606 5083 ἀπαιτοῦσιν
1630 5026 1690 5092 ἑξ
1726 5027 1885 5098 ἡμῶν
1915 5029 2017 5095 τὴν

424 5128 721 5197 ὁμολογίαν
770 5127 866 5195 τῆς
922 5126 1183 5195 ἀληθείας
1218 5163 1235 5189 ,
1299 5123 1438 5178 ἀλλὰ
1500 5123 1663 5177 τοῦτο
1715 5124 1814 5190 μὲν
1883 5123 2013 5191 ἡμῖν

426 5219 873 5283 καταλείπουσιν,
920 5218 969 5269 εί
1037 5215 1372 5287 βουλοίμεθα
1419 5216 1645 5277 τελείως
1704 5214 2014 5278 πιστεύειν,

425 5314 524 5367 καὶ
559 5312 632 5381 μὴ
662 5310 986 5381 νομίζοιμεν
1010 5309 1279 5379 αἰσχύνην
1307 5310 1498 5379 φέρειν
1531 5311 1665 5380 ἡμῖν
1696 5310 1794 5373 τὴν
1820 5306 2014 5359 ἐλπίδα

423 5407 529 5473 τῆς
566 5404 860 5476 σωτηρίας
897 5423 915 5457 ι
951 5406 1046 5458 Δεῖ
1092 5404 1222 5475 γάρ,
1257 5404 1416 5473 φησὶ,
1454 5404 1590 5471 πρὶς
1621 5400 1681 5454 τὸ
1718 5398 2015 5461 σώζεσθαι,

2120 4656 2278 4712 ﬁdem
2308 4654 2552 4710 confiteri
2617 4655 2661 4707 ¹ξ
2692 4671 2709 4705 ι
2754 4652 2830 4706 llli
2876 4667 3002 4706 vero
3052 4652 3186 4706 satis
3238 4665 3360 4705 esse
3392 4652 3599 4703 ducunt
3634 4649 3701 4701 ad

2122 4761 2337 4816 pacem,
2369 4748 2412 4800 si
2469 4747 2628 4799 linem
2685 4742 3036 4799 insimulandi
3096 4740 3359 4796 faciamus
3415 4750 3537 4809 post
3591 4750 3699 4793 tam

2123 4843 2324 4897 multas
2364 4840 2884 4902 demonstrationes,
2932 4836 3130 4905 quibus
3190 4850 3247 4889 se
3288 4849 3389 4887 nec
3449 4832 3583 4886 falsa
3616 4834 3701 4885 di-

2122 4949 2272 4997 cere,
2314 4947 2412 4985 nec
2454 4932 2595 4984 male
2631 4929 2835 4984 sentire
2894 4928 3237 4997 probarunt:
3303 4934 3358 4978 nt
3424 4926 3494 4978 sit
3543 4923 3704 4976 nobis

2120 5027 2395 5096 integrum
2423 5024 2527 5078 alia
2561 5024 2645 5076 via
2667 5033 2717 5074 et
2743 5037 2932 5091 pacem
2969 5021 3173 5085 facere,
3199 5030 3248 5073 et
3290 5017 3539 5087 popuiari
3598 5016 3702 5069 huc

2120 5132 2527 5190 apparenteque
2562 5117 2853 5187 Splendore
2878 5129 2941 5169 ac
2994 5128 3241 5177 rumore,
3304 5125 3404 5165 nec
3440 5110 3702 5178 pertime-

2121 5227 2273 5267 scere
2305 5208 2669 5264 defectiunem
2733 5209 2976 5277 gentium
3038 5204 3198 5258 nobis
3253 5201 3703 5271 conjunctarum,

2121 5303 2562 5375 quandoquidem
2603 5300 2727 5355 lidei
2785 5299 3066 5354 confessio
3130 5313 3237 5353 non
3295 5296 3453 5351 aliter
3481 5294 3551 5349 ab
3598 5292 3708 5348 illis

2118 5404 2176 5451 (ι
2214 5396 2374 5450 nobis
2402 5395 2512 5455 lict,
2549 5408 2613 5447 ac
2648 5393 2804 5463 prius
2835 5392 3021 5446 fiebat.

425 5499 525 5553 καὶ
565 5499 766 5568 χείλεσι
819 5499 920 5569 τὴν
960 5502 1148 5553 πίστιν
1181 5499 1485 5568 ὁμολογεῖν.
1528 5515 1544 5548 ι
1588 5495 1753 5549 Αὐτοὶ
1783 5496 1839 5549 δὲ
1869 5495 2057 5564 ἀρκεῖν
2097 5490 2357 5563 ἡγοῦνται
2396 5490 2531 5560 πρὸς
2580 5489 2679 5559 τὴν
2732 5489 2958 5558 εἰρήνην
3033 5489 3095 5541 τὸ
3155 5484 3475 5539 παύσασθαι
3510 5482 3703 5539 λοιτὶν

425 5588 680 5656 ἐγκαλεῖν
730 5590 938 5655 αὐτοῖς,
973 5588 1118 5643 οὕτω
1169 5589 1371 5650 πολλὰς
1430 5586 1526 5641 τοῦ
1587 5588 1660 5657 μὴ
1708 5584 2003 5654 ψεύδεσθαι
2047 5583 2184 5652 μηδὲ
2216 5581 2407 5644 κακῶς
2438 5582 2660 5650 φρονεῖν
2724 5580 3175 5648 παρασχομένοις
3243 5578 3341 5639 τάς
3366 5576 3698 5641 άποίιέξες.

430 5680 585 5731 Ὠστ’
610 5682 817 5747 ἐξεῖναι
845 5685 1052 5753 τρόπον
1085 5683 1219 5754 ἡμῖν
1245 5682 1431 5752 ἕτερον
1473 5681 1611 5751 μετά
1650 5680 1746 5732 τοῦ
1780 5680 1881 5747 τὴν
1921 5678 2149 5747 εἰρήνην
2182 5676 2479 5748 πράττειν,
2518 5676 2613 5728 καὶ
2647 5674 2749 5742 τῆς
2821 5673 2926 5738 ἔξω
2997 5673 3091 5724 καὶ
3160 5672 3501 5741 φαινομένης
3570 5670 3701 5722 ταδ’

500 5866 515 5895 ¹
544 5864 699 5918 lium.
736 5881 786 5926 ς,
832 5865 913 5919 10.
