4452 6450
439 406 551 473 393

1535 387 2032 457 ADllORTATIO
2081 389 2118 444 .-\
2133 388 2178 446 ll
2215 385 2609 446 δι’κοῑμωι.

3587 378 3692 442 394

440 517 760 588 σϐεσθείσης
791 517 846 570 δὲ
877 513 972 583 τῆς
996 517 1125 584 περὶ
1158 514 1457 583 μαθήματα
1491 513 1582 564 καὶ
1615 512 1804 577 λόγους
1863 505 2010 572 φιλο·
2044 507 2088 561 Α
2124 509 2198 551 llll

1933 505 2010 555 λο·
2044 507 2088 561 Α
2124 509 2244 562 tur;
2269 515 2372 553 non
2399 501 2613 570 vigente
2658 499 2768 564 jam
2825 496 3138 551 scholarum
3173 508 3273 546 usu
3329 491 3691 561 publicarum.

437 613 648 681 τιμίας,
680 611 774 662 καὶ
805 609 1021 662 πάντων
1050 611 1148 675 τῆς
1175 607 1364 675 χρείας
1399 606 1566 674 μόνης
1591 606 1684 655 καὶ
1715 605 1813 669 τῆς
1844 598 2012 664 ἀνάγ·

441 720 546 771 κης
575 700 982 770 γεγενημένων.
1018 698 1334 766 ῐιέπεισμαι
1366 697 1420 748 δὲ
1458 695 1590 763 μηδὲ
1620 693 1698 761 τῷ
1731 689 2013 758 Πνεύματι

443 795 652 862 σφόδρα
676 794 897 858 ἀρέσειν
933 792 1032 854 τὴν
1062 791 1332 857 τοσαύτην
1358 786 1698 853 ἀδολεσχίαν,
1739 782 1874 835 ἀλλά
1900 796 2015 831 πει-

445 885 644 956 ραστάς
674 885 820 952 ἡμᾶς
852 881 1016 935 αὑτοῦ
1043 883 1277 948 νομιεῖν,
1311 883 1358 932 εί
1403 877 1646 930 τοσαῦτα
1689 875 1788 943 μὲν
1819 875 1884 924 ὲκ
1915 870 2014 937 τῆς

444 979 592 1030 θείας
626 975 869 1044 Γραφῆς,
898 974 1135 1026 τοσαῦτα
1181 974 1279 1039 μὲν
1312 973 1375 1023 ὲκ
1404 972 1502 1038 τῆς
1538 973 1649 1022 τῶν
1678 964 2015 1020 διδασκάλων

443 1067 767 1134 συμφωνίας
793 1065 1004 1132 ἔχοντες
1033 1062 1169 1129 πρὸς
1194 1062 1251 1114 τὸ
1278 1061 1641 1129 προκείμενον
1663 1055 2015 1126 βοηθήματα,

445 1153 562 1210 εἶτα
585 1155 962 1224 καθεδούμεθα
991 1155 1197 1206 τούτων
1251 1155 1470 1205 πάντων
1519 1147 2010 1217 καταφρονοῦντες,

449 1251 541 1302 καὶ
561 1250 751 1316 λόγους
780 1248 960 1312 λόγοις
998 1245 1402 1314 συμπλέξομεν,
1425 1244 1457 1312 ἢ
1480 1242 1792 1310 νομίζοντες
1819 1239 1875 1288 ὲν
1907 1238 2019 1296 τοῖς

446 1341 735 1409 ἡμετέροις
767 1339 947 1405 λόγοις
982 1335 1205 1406 ἄμεινόν
1235 1354 1286 1388 τι
1317 1335 1417 1402 τῆς
1449 1337 1510 1386 ὲκ
1541 1334 1648 1385 τῶν
1682 1330 1911 1398 Γραφῶν
1933 1343 2024 1396 χο-

451 1431 645 1499 ρηγίας
672 1432 948 1498 εὑρῄσειν,
978 1430 1010 1497 ἢ
1057 1426 1346 1497 ζητοῦντες
1380 1424 1528 1494 παρά
1562 1422 1654 1474 τοῦ
1707 1420 2022 1486 Huicimmo;

449 1522 783 1591 σαφέστερόν
811 1537 862 1572 τι
891 1521 999 1572 τῶν
1029 1521 1120 1572 ὑπ’
1156 1520 1322 1572 αὑτοῦ
1353 1515 1621 1584 λαμπρῶς
1657 1513 1858 1565 οὑτωσὶ
1899 1510 2024 1562 διω-

452 1615 724 1682 ρισμένων
751 1613 959 1666 λαϐεῖν.
1007 1613 1148 1664 Ὑπὸ
1179 1611 1384 1662 τούτων
1411 1609 1518 1675 γάρ
1567 1605 1680 1658 τῶν
1712 1604 1888 1668 λόγων
1930 1601 2025 1653 καὶ

448 1707 546 1770 τῆς
578 1705 834 1768 τοιαύτης
880 1702 1003 1756 ὀδοῦ
1039 1701 1239 1767 μᾶλλον
1263 1701 1405 1768 ὑμᾶς
1437 1694 1551 1749 οἶδα
1587 1697 1723 1764 πρὸς
1754 1693 2024 1762 διχόνοιάν

448 1812 508 1846 τε
563 1797 657 1846 καὶ
689 1796 881 1847 στάσιν
921 1794 953 1862 ἢ
1003 1794 1138 1861 πρὸς
1187 1793 1443 1861 ὁμόνοιαν
1488 1788 1790 1855 ἀγομένους
1846 1801 1904 1837 τε
1934 1781 2027 1835 καὶ

453 1885 654 1952 μᾶλλον
683 1884 1117 1954 άχόησομένους.

523 2044 741 2098 Τούτων
790 2045 971 2096 τοίνυν
1014 2041 1187 2101 οὕτως
1245 2041 1502 2108 ἐχόντων,
1556 2037 1648 2088 καὶ
1680 2034 1800 2102 Θεῷ
1857 2031 2031 2100 φίλον,

454 2141 548 2192 καί
577 2139 690 2199 τοῖς
733 2133 1072 2195 διδασκάλοις
1105 2135 1204 2202 τῆς
1259 2129 1589 2196 Ἐκκλησίας
1618 2129 1808 2196 χάριεν
1858 2125 2033 2186 ἔσται,

456 2235 552 2286 καλ⁸
579 2234 710 2302 ἡμῖν
735 2230 1034 2300 εὐπρεπὲς,
1075 2229 1170 2281 καὶ
1202 2227 1337 2296 πρὸς
1370 2225 1580 2285 τούτοις
1617 2222 1818 2292 ῥᾴδιον,
1848 2219 1908 2270 τὸ
1938 2218 2038 2285 τὴν

455 2322 649 2379 ἕνωσιν
674 2324 792 2394 ήδη,
823 2321 929 2374 τῶν
974 2319 1187 2372 πολλῶν
1219 2317 1532 2393 ἀφεμένους
1566 2313 1765 2380 λόγων,
1808 2309 2040 2377 διαπρά-

461 2418 676 2482 ξασθαι,
713 2417 806 2469 καὶ
837 2415 976 2486 μετὰ
1006 2414 1214 2480 ταύτης
1241 2409 1546 2464 ἐπανιέναι.
1585 2408 1690 2459 Καὶ
1725 2405 1874 2458 οὐδὲν
1907 2403 2041 2472 ἡμῖν

460 2513 596 2576 ὅλως
628 2509 988 2578 προσίσταται
1025 2506 1158 2575 πρὸς
1185 2507 1244 2556 τὸ
1268 2503 1531 2574 πράττειν
1564 2494 1638 2554 ῶν
1663 2497 2045 2565 ἐπιθυμήσανο

458 2621 549 2663 τες
594 2603 834 2671 ἥκομεν,
894 2599 991 2668 τῆς
1051 2598 1148 2666 μὲν
1173 2596 1330 2662 δόξης
1362 2594 1609 2648 Λατίνων
1645 2591 1749 2642 ὑπὸ
1771 2587 2058 2640 τοσούτων·

467 2693 948 2764 μαρτυρουμένης,
1003 2690 1098 2742 καὶ
1146 2687 1489 2756 πανταχόθεν
1542 2685 1700 2751 ἀξίας
1731 2681 1899 2749 οϋσης
1951 2696 2042 2731 πι-

463 2787 793 2848 στεύεσθαι,
847 2783 1006 2853 ήμῶν
1060 2782 1116 2833 δὲ
1160 2779 1480 2848 δυναμένων
1536 2778 1719 2837 αὐτοῖς
1777 2772 2045 2840 ἑνωθῆναι

461 2879 591 2934 ἄνευ
622 2879 713 2930 τοῦ
753 2877 848 2930 καὶ
875 2894 939 2928 πε
953 2877 1005 2943 ρ).
1036 2876 1094 2926 τὸ
1125 2874 1396 2942 σύμϐολόν
1432 2890 1484 2924 τι
1519 2870 1869 2936 καινοτομεῖν
1893 2907 1905 2919 .
1937 2865 2049 2919 Καὶ

469 2969 575 3039 μὴν
606 2970 720 3023 ἴστε
756 2968 957 3027 πάντες
983 2968 1188 3031 καλῶς,
1221 2968 1304 3018 ὅτι
1338 2966 1438 3033 τὴν
1470 2964 1666 3016 ἕνωσιν
1691 2961 1786 3028 τῆς
1815 2959 2048 3027 Ἐκκληο

467 3061 585 3123 σίας
616 3059 878 3130 Χριστοῦ,
912 3061 1090 3112 καίτοι
1113 3056 1323 3110 πολλῶν
1341 3055 1516 3110 ἄλλων
1544 3054 1710 3105 ἕνεκα
1741 3050 1834 3103 καὶ
1855 3049 2050 3129 δικαιο-

2123 591 2473 644 οιοιειίιιςιο
2497 580 2906 657 disciplinarum
2961 601 3023 637 ae
3073 584 3146 637 rei
3207 583 3482 636 litterarite
3521 584 3698 634 ambi-

2127 679 2266 732 tioso
2296 678 2734 739 Studin,eunctis
2775 675 3081 728 necessitati
3138 682 3371 731 tantum,
3427 681 3481 723 et
3533 686 3701 738 angu-

2126 769 2250 823 stiis
2286 770 2359 822 rei
2395 769 2680 822 familiaris
2718 767 3058 821 vacantibus.
3109 764 3330 816 Certum
3386 777 3515 814 vero
3571 763 3702 814 mihi

2125 872 2226 923 est.
2271 863 2372 931 ipsi
2432 876 2651 930 quoque
2702 860 2926 930 Spiritui
2984 873 3087 911 non
3139 858 3350 926 placere
3409 855 3701 907 admodum

2129 964 2333 1006 tantam
2363 955 2770 1022 loquacitatem,
2797 952 2886 1005 sed
2913 950 2996 1004 sui
3047 964 3144 1002 nos
3180 958 3476 1002 tentatorcs
3518 947 3707 1000 existi-

2134 1057 2431 1105 maturum.
2466 1047 2508 1099 si
2531 1060 2652 1099 cutn
2677 1052 2757 1098 tot
2783 1059 2845 1096 ex
2873 1042 3056 1094 divina
3089 1040 3396 1107 Scriptura,
3440 1049 3518 1093 tot
3542 1039 3704 1093 etiam

2132 1153 2197 1190 ex
2231 1137 2514 1190 doctorum
2545 1150 2817 1190 consensu
2856 1135 3010 1188 nobis
3052 1141 3342 1200 suppetant
3399 1133 3463 1184 ad
3515 1147 3711 1199 propo-

2131 1232 2293 1282 situm
2322 1230 2546 1292 auxilia,
2575 1232 2861 1282 sedeamus
2888 1240 3068 1280 tamen
3108 1227 3208 1295 ipsi
3241 1225 3562 1294 posthabitis
3607 1227 3714 1277 illis

2133 1321 2419 1383 omnibus,
2451 1327 2735 1372 nertentes
2775 1318 3015 1371 sermoni
3060 1331 3411 1379 sermonem;
3445 1318 3587 1382 quod
3632 1318 3712 1369 vel

2134 1421 2390 1481 putemus
2417 1411 2855 1464 nosinventuros
2881 1410 3162 1477 quidpiam
3198 1424 3294 1476 per
3326 1417 3547 1464 nostros
3601 1425 3718 1463 ser-

2132 1517 2320 1556 mones
2345 1517 2409 1555 eo
2435 1503 2801 1570 praestantius,
2838 1504 2981 1568 quod
3020 1501 3317 1569 Scripturue
3339 1503 3713 1568 Suppeditant;

2133 1592 2215 1646 vel
2247 1593 2507 1659 aliquida
2561 1590 2768 1658 Spiritu
2803 1606 3113 1660 qumramtts
3174 1593 3414 1658 apertius
3475 1591 3539 1645 iis
3598 1608 3721 1659 quae.

2134 1683 2268 1735 adeo
2299 1683 2443 1735 clare
2479 1691 2607 1735 sunt
2633 1682 2701 1734 ab
2733 1696 2798 1735 eo
2851 1681 3096 1735 definita.
3160 1681 3255 1735 llis
3316 1683 3461 1734 enim
3501 1696 3718 1734 sermo-

2135 1772 2294 1825 nibus
2333 1771 2508 1826 ethac
2551 1773 2633 1824 via
2669 1783 3018 1835 vosutentes,
3050 1773 3186 1836 scio,
3225 1773 3278 1825 itt
3309 1773 3713 1825 dissensionem

2064 1848 2102 1902 Β
2137 1863 2316 1931 petitis
2345 1873 2395 1914 et
2427 1862 2906 1916 concertationem
2948 1862 3201 1930 agimini,
3236 1862 3519 1932 magisque
3558 1863 3721 1914 etiam

2137 1954 2372 2022 agemini
2431 1969 2592 2018 quam
2619 1955 2670 2007 in
2702 1955 3142 2007 consensionem.

2206 2046 2342 2098 Cum
2369 2046 2532 2114 igitur
2564 2046 2677 2098 haec
2714 2047 2782 2098 ita
2820 2062 2878 2100 se
2924 2048 3179 2108 habeant.
3221 2045 3329 2100 Deo
3368 2057 3607 2114 gratum,
3674 2056 3728 2099 et

2139 2138 2398 2191 Ecclesia:
2427 2138 2747 2191 doctoribus
2794 2139 3100 2206 jucundum
3132 2140 3258 2203 erit,
3297 2141 3568 2208 nobisque
3635 2140 3729 2192 de-

2142 2244 2356 2294 corum,
2383 2239 2434 2282 et
2457 2240 2711 2297 praeterea
2746 2231 2922 2296 facile,
2957 2233 3142 2286 multis
3171 2232 3400 2286 omissis
3453 2232 3728 2284 sermoni-

2143 2324 2265 2386 bus,
2297 2324 2554 2377 unionem
2582 2323 2853 2392 amplecti,
2873 2339 3110 2393 cumque
3144 2324 3233 2377 illa
3261 2325 3483 2376 domum
3512 2323 3732 2376 ret-orti.

2145 2418 2262 2471 Nec
2318 2417 2420 2470 erit
2448 2431 2674 2486 prorsus
2703 2416 2905 2486 aliquid
2951 2418 3107 2472 nobis
3161 2419 3547 2483 impedimento
3598 2434 3734 2486 quo-

2148 2509 2331 2562 minus
2384 2523 2612 2573 agamus
2641 2524 2701 2561 ea
2731 2524 2964 2576 quorum
3021 2510 3169 2562 ducti
3226 2510 3498 2562 desiderio
3544 2524 3736 2562 sumus

2149 2601 2254 2653 huc
2311 2598 2592 2668 profecti:
2640 2616 2762 2651 eum
2820 2600 3138 2653 Latinorum
3189 2603 3407 2669 quidem
3468 2605 3735 2654 sentent‘a

2150 2692 2410 2746 fulciatur
2474 2701 2553 2745 tot
2585 2693 2832 2755 testibus,
2895 2705 2945 2745 et
3007 2707 3406 2760 ustluequaqtte
3457 2692 3620 2760 digna
3672 2696 3736 2744 sit

2149 2801 2269 2853 qnze
2291 2784 2580 2849 credatur;
2615 2785 2774 2838 nobis
2821 2799 2948 2838 vero
2997 2786 3150 2838 liceat
3186 2801 3310 2837 t'um
3355 2785 3436 2838 eis
3481 2785 3741 2852 conjungi

2154 2876 2298 2928 nulla
2334 2875 2386 2928 in
2444 2874 2706 2946 Symbolo
2759 2873 2899 2929 facta
2959 2875 3342 2930 innovatione.
3404 2874 3467 2928 Et
3522 2877 3741 2943 quidem

2154 2965 2291 3019 bene
2324 2968 2498 3020 nostis
2539 2982 2731 3021 omnes
2783 2966 3113 3033 peculiarem
3149 2981 3371 3020 causam
3436 2979 3535 3018 cur
3594 2975 3745 3034 epta~

2154 3062 2416 3122 verimus,
2444 3060 2740 3128 multisque
2761 3061 2861 3112 viis
2895 3058 3240 3113 efficiendum
3268 3062 3428 3114 enixe
3465 3062 3747 3115 curaveri—

467 3153 640 3224 τέρων
677 3152 896 3222 μάλιστ’
926 3153 994 3205 ἂν
1026 3151 1131 3204 ὑπὸ
1172 3150 1373 3212 παντδς
1410 3146 1765 3219 ζητηθεῖσαν,
1797 3144 1855 3196 τὸ
1899 3144 2049 3211 παρὰ
2080 3190 2123 3248 c
2159 3168 2225 3205 mi

1986 3144 2049 3211 ρὰ
2080 3190 2123 3248 c
2159 3167 2300 3216 mus,
2347 3154 2809 3222 potissitnumqne
2863 3169 3033 3224 prope
3088 3155 3248 3208 finem
3303 3155 3744 3224 perduxerimus.

470 3249 578 3299 τῶν
599 3246 814 3300 ἀσεϐῶν
836 3245 954 3308 δέος
986 3247 1080 3299 καὶ
1103 3245 1171 3298 τὰ
1191 3241 1472 3314 πράγμαθ’
1498 3241 1631 3310 ἡμῖν
1655 3239 1734 3298 είς
1755 3235 2053 3305 τοῦσχατον

470 3341 671 3410 ἥκοντα
704 3339 1021 3410 δυστυχίας,
1070 3341 1164 3391 καὶ
1196 3337 1434 3407 ποθῆσαι
1485 3337 1588 3396 καὶ
1633 3334 1937 3388 σπουδάσαι
1967 3330 2054 3382 διά

473 3434 706 3496 πολλῶν,
751 3435 847 3486 καὶ
893 3433 975 3486 ὃτι
1011 3432 1249 3502 μάλιστα
1279 3429 1373 3483 τοῦ
1433 3429 1623 3490 τέλους
1669 3427 1837 3494 ἐγγὺς
1885 3422 2054 3493 αὐτὴν

471 3529 726 3595 ἀγαγεῖν,
761 3528 827 3580 τὰ
884 3527 993 3597 γάρ
1031 3526 1238 3594 μεταξὺ
1299 3523 1629 3594 παραλείπω
1665 3519 1868 3582 πάντα,
1909 3519 2055 3588 ἡμᾶς

475 3619 620 3680 ἰδίως
642 3621 930 3685 ἐποίησαν.
954 3619 1046 3668 Δεῖ
1071 3616 1251 3668 τοίνυν
1276 3615 1375 3683 τῆς
1405 3613 1721 3685 προθέσεως
1742 3610 2054 3680 ἐχομένους,

473 3713 594 3760 ἐπεὶ
629 3710 855 3762 δυνατὸν
889 3710 985 3762 καὶ
1033 3708 1310 3776 εὐπρεπές
1361 3709 1500 3769 ἐστι,
1530 3703 1736 3771 ταύτην
1790 3702 1869 3764 εἰς
1904 3699 2057 3760 τέλος

475 3804 801 3870 ἐξενεγκεῖν.
839 3802 1046 3865 ’Λλλως
1093 3801 1138 3853 δ’
1187 3800 1255 3854 ἂν
1314 3798 1671 3870 ματαιότεροι
1699 3795 1918 3848 πάντων
1961 3795 2057 3847 ἁν-

476 3896 709 3966 θρωπων
742 3897 1005 3966 ἐδόξαμεν
1045 3890 1208 3958 εἶναι,
1245 3895 1293 3946 εί
1344 3891 1516 3946 πολλὰ
1557 3892 1659 3960 μὲν
1711 3890 1853 3958 ὑπὲρ
1888 3887 2059 3955 αὖτῆς

476 3992 835 4052 ὑποστάντες,
887 3988 1098 4042 πολλῶν
1127 3987 1185 4041 δὲ
1216 3986 1438 4054 ἀγαθῶν
1467 3985 1649 4038 ἐλπίσι
1681 3982 2058 4052 κεκινημένοι,

477 4083 766 4135 ἐπιδώσειν
794 4082 849 4134 δὲ
882 4083 1013 4150 ἡμῖν
1041 4080 1107 4133 τά
1136 4080 1308 4140 δεινά,
1341 4076 1437 4131 τοῦ
1485 4076 1786 4146 σχίσματος
1826 4073 2061 4144 βεϐαιω-

476 4173 680 4236 θέντος,
710 4173 914 4233 πάντες
948 4168 1323 4234 πιστεύοντες,
1355 4163 1454 4221 εἷθ’
1487 4167 1680 4239 ὥσπερ
1732 4166 2064 4234 ἐπιλαθόμε-

475 4283 556 4317 νοι
578 4265 785 4317 τούτων
813 4261 1092 4328 ἁπάντων,
1131 4266 1339 4326 κεναῖς,
1363 4260 1438 4326 ῶς
1471 4278 1626 4330 φασι,
1657 4277 1715 4328 χε
1727 4258 1814 4330 ρσλ.
1837 4259 1933 4310 καὶ
1957 4274 2061 4326 μη-

473 4357 563 4410 δὲν
595 4356 906 4425 πράξαντες
962 4356 1385 4424 ὲπανέλθοιμεν,
1448 4354 1545 4408 καὶ
1574 4353 1730 4406 ταῦτ’
1785 4349 2061 4420 εὐπρεπὲς

473 4449 619 4503 οὕτω
650 4450 746 4502 καὶ
778 4451 964 4520 ῥᾴδιον
992 4448 1073 4512 ὃν,
1112 4451 1206 4500 καὶ
1240 4448 1469 4517 μηδενὸς
1522 4449 1654 4515 ἡμῖν
1691 4444 1930 4511 εὐλόγως
1983 4443 2062 4504 εἰς
2121 4455 2125 4457 ·

2160 3250 2218 3295 ut
2247 3243 2423 3295 media
2460 3255 2772 3311 praeteream
2824 3245 3032 3307 omnia,
3071 3244 3327 3298 Ecclesiae
3375 3244 3576 3298 Christi
3631 3245 3750 3296 uni-

2159 3343 2347 3397 tatem,
2376 3335 2648 3388 exstitisse
2672 3337 2834 3398 mala,
2869 3352 2990 3405 qua:
3054 3336 3414 3391 formidamus
3450 3337 3516 3390 ab
3547 3338 3747 3405 impiis.

2160 3442 2355 3495 resque
2393 3439 2610 3482 nostras
2642 3428 2706 3480 ad
2763 3438 3068 3483 extremam
3135 3431 3386 3484 redactas
3435 3431 3748 3493 miseriam;

2160 3518 2414 3586 quamvis
2471 3519 2670 3571 multas
2724 3519 2858 3574 alias
2904 3522 2974 3573 ob
3024 3535 3221 3574 causas
3253 3532 3304 3574 et
3335 3520 3608 3590 mquiores
3671 3522 3754 3573 di‘

2162 3627 2346 3679 gnam,
2382 3626 2502 3679 qua:
2529 3611 2597 3664 ab
2657 3614 2914 3666 omnibus
2977 3624 3286 3681 expetatur.
3340 3613 3567 3684 Oportet
3624 3630 3755 3683 ergo

2163 3702 2500 3772 propositum
2557 3706 2846 3759 consilium
2891 3721 3206 3774 sequentes,
3243 3722 3364 3759 eum
3421 3718 3475 3761 et
3524 3707 3660 3772 fieri,
3704 3720 3756 3761 et.

2165 3795 2397 3849 honeste
2429 3795 2544 3849 fieri
2599 3798 2795 3864 possit,
2847 3797 2913 3851 ad
2957 3799 3163 3852 exitum
3222 3799 3348 3853 illud
3411 3801 3752 3870 perducere:

2163 3888 2406 3956 alioquin
2459 3888 2703 3941 omnium
2768 3889 3054 3943 hominum
3112 3891 3376 3944 levissimi
3419 3893 3753 3957 videremur,

2164 3981 2208 4036 si
2247 3981 2623 4050 propterillud
2656 3983 2824 4036 multa
2875 3984 3139 4053 perpessi,
3192 3985 3600 4056 multorumque
3655 3988 3752 4041 bo-

2167 4089 2363 4128 norum
2393 4088 2488 4142 spe
2509 4074 2655 4128 ducti
2681 4091 2694 4138 ;
2720 4082 2772 4129 et
2796 4089 2989 4130 omnes
3015 4091 3112 4145 pro
3138 4086 3289 4131 certo
3329 4079 3584 4133 habentes
3617 4079 3756 4143 fore,

2167 4177 2226 4221 ut
2252 4166 2576 4222 conﬁrmato
2628 4167 2925 4223 schismate
2965 4169 3141 4238 major
3179 4171 3436 4225 cumulus
3485 4173 3755 4227 malorum

2166 4261 2427 4326 accedat;
2471 4261 2614 4315 velut
2650 4261 2767 4315 haec
2801 4264 2984 4316 omnia
3016 4263 3194 4328 obliti,
3229 4265 3437 4326 taenis,
3483 4275 3541 4318 ιιι
3577 4267 3754 4330 aiunt,

2168 4353 2444 4420 manibus,
2468 4368 2526 4407 re
2549 4352 2749 4408 infecta
2775 4354 3082 4410 rediremus
3111 4374 3123 4409 :
3162 4355 3324 4424 idque
3354 4373 3478 4412 cum
3540 4375 3627 4413 res
3688 4364 3759 4413 sit

2171 4447 2307 4502 adeo
2333 4447 2533 4502 decora
2566 4455 2620 4501 et
2687 4446 2883 4511 facilis,
2927 4448 3175 4518 nihilque
3248 4451 3316 4503 sit
3344 4451 3513 4519 quod,
3553 4469 3618 4506 ne
3674 4456 3760 4506 illa

461 4543 635 4596 ’τοῦτο
669 4542 1135 4612 προσισταμένου.
1189 4540 1323 4595 Οὐδὲ
1355 4539 1648 4610 προσέχειν
1693 4537 1774 4590 δεῖ
1805 4539 1918 4598 τοῖς
1953 4552 2063 4604 μη·
2093 4535 2146 4598 D
2175 4557 2219 4610 ρε

2001 4552 2063 4604 η·
2093 4535 2146 4598 1)
2175 4551 2487 4611 peragatur,
2526 4541 2686 4596 nobis
2722 4543 2916 4594 merito
2943 4543 3145 4596 obstet.
3180 4543 3291 4598 Nec
3347 4561 3476 4599 vero
3503 4547 3759 4600 audiendi

475 4637 563 4688 δξν
588 4637 794 4704 ἀγαθὸν
825 4637 955 4707 ἡμῖν
984 4637 1048 4688 ἐκ
1072 4637 1172 4703 τῆς
1194 4633 1443 4695 ὲνώσεως
1474 4633 1727 4699 λέγουσιν
1754 4630 1930 4700 ἥξειν·
1967 4628 2062 4680 καὶ

475 4729 665 4782 τούτου
693 4728 969 4797 πρόφασιν
991 4727 1258 4794 οἰομένοις
1278 4727 1421 4794 ἔχειν
1455 4722 1624 4793 άρκοί
1636 4739 1754 4785 σαν,
1785 4722 1852 4773 τά
1874 4736 1934 4771 τε
1954 4717 2065 4770 τῶν

477 4819 725 4871 Λατίνων
757 4818 888 4886 γένη
908 4821 974 4885 τῇ
1003 4816 1123 4868 κατ’
1155 4815 1404 4884 ἀλλήλων
1433 4815 1583 4883 μάχῃ
1608 4811 1946 4881 φθειρόμενα
1967 4808 2065 4861 καὶ

477 4915 593 4973 ταῖς
640 4909 871 4972 οἰκείαις
935 4910 1279 4979 προσέχοντα
1331 4909 1671 4976 συμφοραῖς,
1727 4905 1822 4956 καὶ
1853 4902 1922 4956 τά
1969 4899 2064 4953 τοῦ

476 5009 680 5057 πάππα
716 5003 1020 5072 πράγματα
1047 5001 1201 5065 τάξιν
1233 4998 1386 5052 οὔπω
1411 4998 1645 5051 λαϐόντα
1686 4998 1780 5050 καὶ
1812 4995 2064 5063 δύναμιν,

477 5098 591 5149 ἀλλ’
623 5093 957 5148 ἁσῗενοῦντα
991 5094 1087 5146 καὶ
1118 5091 1456 5160 πολλαχόθεν
1488 5089 1674 5160 ἀκμὴν
1706 5088 2066 5142 ἐπιϐουλευό-

482 5209 640 5259 μενα.
678 5189 844 5241 ’Λνευ
877 5189 985 5257 γάρ
1040 5189 1137 5253 τῆς
1169 5185 1337 5256 ἄλλης
1391 5183 1662 5252 ὠφελείας
1721 5183 1964 5251 ἁπάσης,
2001 5183 2068 5251 ἣν

477 5288 503 5338 ὃ
527 5303 584 5336 τε
618 5286 849 5346 πάππας
886 5285 1018 5352 ἡμῖν
1056 5282 1150 5335 καὶ
1186 5284 1252 5333 τὰ
1281 5281 1446 5332 λοιπά
1490 5280 1600 5332 τῶν
1628 5279 1877 5332 Λατίνιον
1914 5275 2069 5346 ἔθνη,

479 5378 568 5431 καὶ
601 5378 709 5430 τῶν
739 5377 1083 5448 πραγμάτων
1109 5375 1251 5429 οὕτω
1285 5375 1469 5444 σφίσιν
1514 5374 1773 5444 ἑχόντων,
1804 5370 2068 5441 παρέξον-

479 5491 586 5528 ται·
622 5475 682 5526 τὸ
713 5477 822 5544 γὰρ
849 5473 1124 5544 ἡμέτερον
1155 5472 1338 5541 ὀλίγον
1367 5470 1448 5535 ὃν,
1482 5471 1554 5533 ὡς
1596 5472 1688 5522 καὶ
1736 5469 1894 5537 ὑμεῖς
1932 5468 2070 5526 ἴστε,

479 5568 804 5640 δυσχέρειαν
853 5568 1038 5629 αὐτοῖς
1096 5567 1159 5621 οὐ
1220 5566 1466 5636 μεγάλην
1527 5565 1712 5635 μέλλει
1761 5561 2068 5631 παρέχειν*

465 5664 614 5725 ιτέως
646 5662 753 5733 γάρ
784 5660 1088 5729 ἀσφαλείας
1123 5661 1292 5729 μόνης
1317 5661 1408 5711 καὶ
1445 5657 1538 5710 τοῦ
1575 5657 1650 5728 μὴ
1683 5655 1915 5708 δεδιέναι
1944 5654 2071 5714 τοὺς

483 5756 978 5826 πολεμίους,ήμᾶς
1020 5754 1196 5808 οἴδασι
1233 5751 1537 5824 χρῄζοντας
1565 5768 1576 5780 ·
1614 5752 1640 5804 ὃ
1670 5753 1919 5821 χρήμασι
1973 5751 2073 5819 μὲν

483 5853 542 5904 οὐ
566 5850 803 5913 πολλοῖς,
834 5849 998 5901 ναυσὶ
1030 5848 1087 5901 δὲ
1119 5848 1328 5916 ὀλίγαις
1357 5847 1612 5900 δύνανται
1644 5847 1922 5917 πράττειν·
1962 5844 2072 5913 ἐγώ

815 5948 1082 6008 ΡΑτῐιοι..
1129 5949 1244 6007 Gtt.
1304 5946 1485 6007 (IL\'.

2171 4638 2437 4706 sunt,qui
2472 4637 2606 4691 nihil
2638 4637 2762 4691 boni
2798 4637 2958 4691 nobis
3005 4653 3067 4692 ex
3117 4640 3216 4693 hac
3269 4641 3477 4696 unione
3519 4642 3761 4696 futurum

2177 4732 2370 4784 aiunt:
2403 4731 2549 4800 quod
2595 4732 2730 4785 satis
2791 4733 2985 4802 putant
3024 4747 3052 4786 ιι
3088 4748 3145 4787 se
3174 4735 3416 4802 probari,
3475 4746 3760 4804 propterea

2173 4825 2317 4893 quod
2361 4823 2683 4879 Latinorum
2710 4827 2961 4881 nationes
3000 4830 3208 4882 mutuis
3268 4828 3412 4881 inter
3458 4845 3516 4883 se
3570 4840 3759 4884 conte-

2174 4925 2364 4970 rantur
2398 4917 2574 4984 bellis,
2595 4927 2649 4973 et
2685 4919 2928 4988 prepriis
2964 4929 3164 4974 vacent
3198 4921 3611 4977 calamitatibus
3642 4938 3653 4974 :
3713 4937 3768 4977 et

2174 5026 2326 5081 papa:
2351 5027 2437 5066 res
2466 5014 2704 5066 nendum
2742 5024 2944 5067 statum
2975 5025 3028 5068 et
3059 5017 3369 5070 tirmitatem
3414 5019 3764 5085 aceeperint;

2177 5103 2526 5157 scdinfirtna:
2566 5105 2698 5166 sint,
2726 5115 2777 5156 et
2821 5106 3117 5158 multorum
3159 5107 3336 5161 adhuc
3408 5109 3622 5164 insidiis
3677 5128 3768 5178 p.1-

2178 5203 2348 5249 leanl.
2377 5193 2509 5247 Nam
2540 5204 2596 5248 ut
2621 5211 2812 5250 omnes
2863 5197 3000 5250 alias
3031 5198 3296 5253 utilitates
3357 5211 3585 5263 laevam.
3636 5221 3771 5274 qtttts

2177 5288 2404 5342 atii-rent
2433 5289 2590 5341 nobis
2617 5298 2732 5342 tum
2762 5305 2898 5359 papa
2944 5293 3076 5361 ipse.
3123 5303 3235 5346 tum
3289 5296 3512 5364 reliqum
3553 5297 3768 5350 Latino-

2180 5399 2300 5437 rum
2335 5384 2584 5437 nationes
2621 5384 2700 5436 vel
2736 5385 2786 5436 in
2822 5385 2912 5438 tali
2947 5403 3128 5439 rerum
3176 5399 3318 5442 statu
3377 5386 3584 5458 (uestra
3625 5397 3770 5447 enim

2179 5493 2304 5532 cum
2339 5493 2446 5530 non
2489 5493 2681 5543 magna
2735 5480 2824 5541 sit,
2855 5492 2910 5533 ιιι
2966 5493 3017 5535 et
3044 5483 3142 5551 ipsi
3189 5484 3362 5549 scitis,
3404 5502 3510 5540 non
3548 5491 3774 5541 multaut

2181 5569 2290 5622 illis
2312 5568 2592 5621 exhibebit
2621 5573 2971 5638 molestiam;
3024 5585 3220 5627 norunt
3261 5578 3462 5646 quippe
3517 5579 3618 5634 hee
3667 5599 3776 5634 non

2181 5660 2232 5713 in
2273 5659 2528 5728 praesenti
2565 5677 2663 5713 ιιοθ
2718 5663 2982 5731 indigere,
3043 5675 3102 5719 ιιι
3161 5683 3245 5720 res
3294 5680 3496 5724 nostra:
3560 5672 3610 5725 in
3662 5683 3778 5725 ιιιὶυ

2181 5754 2310 5816 sint,
2347 5764 2398 5805 et
2450 5769 2514 5805 ne
2563 5753 2748 5808 hostes
2801 5756 3300 5822 pertimescamus;
3362 5762 3408 5815 id
3462 5764 3609 5832 quod
3671 5783 3777 5818 non

2183 5848 2374 5918 grandi
2407 5848 2637 5917 pecunia
2668 5858 2716 5901 et
2740 5851 2930 5919 paucis
2956 5852 3189 5907 navibus
3212 5867 3472 5924 pra‘stare
3507 5865 3786 5929 possunt),

3269 5954 3338 6013 13
