4452 6450
755 386 864 451 399

1853 392 2118 454 GENNA
2134 393 2245 453 Dli
2287 392 2396 457 ΟΡ.
2443 390 2964 453 PATRIARCHE

3939 376 4044 452 £60

751 503 971 567 stiauis,
999 517 1099 559 nec
1130 518 1238 560 non
1270 505 1534 577 subjeCIis
1570 506 1816 562 dominio
1845 507 2215 563 Barbarorum
2244 550 2259 575 ,
2291 517 2345 564 et
2375 514 2420 571 Λ
2450 510 2509 562 αἱ

2291 517 2345 564 οι
2375 514 2420 571 Λ
2450 510 2592 563 αὐτὰ
2626 510 2737 579 γάρ
2780 508 2951 562 ταῦτα
2999 510 3110 570 τοῖς
3143 506 3488 576 ὁπουδήποτε
3528 505 3631 575 γῆς
3663 504 3879 560 οἰκοῦσι
3909 508 4046 579 Χρι-

757 595 963 650 (.hristi
992 598 1172 652 cultus
1200 597 1403 667 ubique
1436 607 1709 652 terrarum
1741 599 2063 655 aboleatur‘.
2089 600 2200 672 Ego
2226 616 2354 655 vero

748 688 1061 744 eluvionent
1113 689 1261 743 illam
1318 690 1462 743 intra
1520 705 1725 759 paucos
1790 706 1967 747 annos
2020 691 2347 746 obruturam

748 791 882 849 puto
919 795 1113 836 omnes
1158 780 1539 842 Christianos,
1577 792 1631 835 et
1657 781 1994 851 impietatem
2027 784 2214 837 omnia
2241 785 2348 849 ,de-

746 874 1156 943 populaturum,
1180 880 1234 927 et
1257 871 1526 927 Barbaros
1549 873 1602 927 in
1622 887 1778 928 suam
1805 874 1989 929 omnia
2014 883 2344 945 potestatem

745 967 1093 1020 redacturos.
1123 962 1353 1035 Oportet
1382 977 1592 1028 autem,
1623 965 1669 1021 si
1708 966 1842 1019 nihil
1873 967 2044 1032 aliud,
2082 978 2137 1021 at
2197 978 2348 1021 certe

742 1056 955 1112 Latinis
976 1072 1194 1129 quoque
1215 1059 1365 1113 hisee
1385 1073 1484 1114 nes
1506 1058 1910 1125 ineusantibus,
1937 1059 2146 1129 pudore
2175 1059 2349 1114 allici:

746 1152 841 1220 qui
872 1168 971 1206 nos
998 1152 1083 1205 vel
1105 1151 1273 1207 etiam
1302 1160 1428 1221 post
1448 1152 1677 1205 acerbos
1701 1151 1948 1213 nuntius,
1980 1153 2349 1222 timoremque

743 1244 905 1298 nobis
954 1242 1262 1311 injectum,
1300 1256 1425 1296 cum
1478 1242 1659 1296 adhuc
1702 1241 2043 1298 conﬁdentes
2098 1244 2342 1311 videant,

744 1348 1072 1404 tempusque
1136 1333 1341 1389 frustra
1386 1343 1761 1396 cunterentes,
1794 1344 1850 1390 et
1884 1336 2051 1391 veluti
2088 1337 2347 1392 ludentes

743 1428 836 1481 ubi
872 1427 1169 1481 ludendum
1198 1442 1305 1481 non
1329 1426 1635 1496 est,.deque
1659 1427 1819 1481 malis
1843 1428 2346 1498 propinquantibus

744 1520 881 1574 nihil
916 1527 1197 1585 curantes,
1233 1534 1451 1586 saxeos,
1486 1530 1539 1573 et
1572 1529 1757 1574 mente
1794 1529 2010 1589 captos,
2045 1536 2344 1590 rerumque

743 1622 1059 1667 nostrarum
1102 1614 1415 1682 proditores
1459 1621 1659 1667 vocant
1690 1630 1703 1665 :
1736 1621 1789 1666 et
1824 1612 2051 1668 omnino
2084 1624 2344 1669 asserunt

743 1706 876 1759 nihil
899 1721 1023 1759 esse
1052 1705 1105 1757 in
1133 1705 1292 1758 nobis
1318 1705 1543 1760 humani
1569 1720 1790 1770 sensus,
1819 1705 1967 1775 quod
1994 1719 2096 1759 nos
2130 1705 2197 1759 de
2251 1720 2348 1759 no-

740 1798 869 1859 stris
894 1797 1030 1849 nihil
1071 1796 1337 1851 sollicitos
1379 1796 1619 1861 videant,
1650 1809 1750 1849 nec
1786 1796 1955 1849 ullum
1982 1795 2163 1849 inesse
2186 1795 2344 1850 nobis

738 1890 979 1944 stu-lium
1008 1889 1335 1942 humanum.
1358 1886 1562 1953 Quales
1581 1902 1711 1941 vero
1732 1888 1961 1957 putatis,
1982 1902 2042 1943 se
2062 1888 2222 1943 nobis
2249 1886 2340 1942 isti

736 1980 1089 2049 prtebebunt,
1137 1994 1263 2032 eum
1315 1994 1417 2032 nos
1460 1979 1631 2034 hosce
1676 1979 1899 2048 quidem
1926 1987 2151 2033 sanctos
2193 1978 2342 2033 nullo

736 2071 860 2125 loco
885 2070 1207 2131 habeamus,
1233 2069 1356 2124 illus
1380 2083 1508 2123 vero
1535 2067 1853 2138 rejiciatnus
1878 2086 1892 2122 :
1920 2077 1972 2123 et
1999 2070 2098 2122 has
2118 2069 2339 2138 quidem

736 2164 1040 2217 sententias
1083 2163 1335 2216 dit-auius
1369 2162 1732 2227 adulteratas,
1773 2161 1900 2215 illas
1945 2176 2072 2215 vero
2102 2161 2175 2215 ita
2208 2161 2340 2215 sint-

734 2258 948 2328 pliciter
1004 2274 1127 2310 nun-
1163 2256 1568 2312 admittatnus:
1617 2269 1945 2325 semperque
1996 2255 2340 2325 sophismata

730 2348 1115 2412 excogitemtts
1140 2387 1155 2409 ,
1190 2357 1245 2399 et
1287 2346 1428 2399 inter
1459 2359 1557 2399 nos
1585 2344 1980 2400 dissentiamus
2016 2364 2027 2400 :
2072 2355 2126 2400 et
2154 2345 2218 2399 ad
2253 2345 2336 2397 di-

728 2437 1023 2507 judicanda
1074 2439 1333 2507 dogmata
1379 2437 1768 2494 existimemus
1818 2439 1959 2494 satis
2012 2454 2138 2493 esse
2185 2438 2340 2508 igno-

730 2532 993 2594 rantiam,
1027 2540 1123 2584 aut
1153 2531 1196 2584 si
1228 2531 1514 2590 dicamus.
1553 2539 1809 2598 negatum
1844 2530 1945 2585 hoc.
1978 2545 2103 2586 esse
2136 2546 2163 2582 a
2194 2531 2339 2584 ntul-

728 2627 821 2691 tis,
850 2625 967 2680 sive
1006 2640 1036 2678 a
1082 2625 1199 2679 viro
1238 2624 1327 2678 tali
1362 2642 1376 2679 :
1415 2624 1706 2679 scientiam
1753 2638 1881 2679 vero
1926 2635 1980 2679 et
2030 2625 2340 2694 inte‘digen-

728 2722 859 2773 tiam
904 2729 959 2773 et
1008 2718 1389 2772 eruditionem
1425 2717 1815 2781 excludamus,
1849 2714 2064 2771 Latinis
2100 2719 2215 2773 haec
2254 2729 2338 2773 to-

726 2811 1089 2866 lerantibus?
1138 2826 1317 2881 neque
1370 2812 1517 2865 enim
1563 2817 1744 2864 status
1796 2809 2013 2863 illorum
2063 2811 2339 2879 pericl=ta-

726 2904 899 2968 bitur,
928 2905 975 2959 si
998 2904 1130 2959 dum
1182 2906 1296 2957 haec
1338 2918 1366 2955 a
1400 2903 1563 2958 nobis
1596 2914 1892 2972 geruntur,
1930 2903 2108 2957 malus
2140 2904 2339 2971 aliquis

726 2997 952 3050 nuntius
996 2995 1290 3050 aﬂeratur:
1316 2994 1461 3066 quod
1492 2995 1905 3059 tu,dominator
1938 2994 2105 3061 Deus,
2132 3007 2337 3060 averte,

722 3100 778 3143 et
797 3088 1027 3144 ostende
1050 3100 1099 3143 te
1121 3090 1283 3145 nobis
1312 3106 1417 3141 non
1442 3088 1655 3159 justum
1677 3090 1861 3156 potius
1882 3087 2125 3157 judicent
2172 3105 2337 3159 quant

723 3181 1025 3250 benignum
1068 3193 1283 3249 patrem
1333 3197 1397 3234 ac
1438 3181 1755 3235 dominum.
1783 3180 1977 3235 Nullus
2032 3196 2216 3236 sermo
2244 3197 2337 3250 po-

723 3277 849 3328 tt-rit
875 3276 1187 3345 exprimere
1224 3285 1432 3344 quanta
1476 3290 1625 3329 ttuuc
1652 3275 1967 3330 notabimur
1991 3276 2291 3345 ignominia
2318 3290 2329 3330 :

721 3371 834 3423 into
861 3385 991 3423 vero
1035 3384 1103 3423 ue
1134 3381 1469 3438 praesentem
1507 3368 1735 3438 quidem
1771 3368 2062 3424 declarare
2099 3376 2328 3440 potest:

721 3476 857 3518 tunc
887 3477 1018 3516 vero
1048 3463 1204 3517 nobis
1232 3464 1353 3533 plus
1384 3466 1515 3534 quid
1551 3466 1715 3521 etiam
1750 3466 2187 3522 concedentibus
2220 3481 2327 3520 non

720 3557 1048 3623 pra-Leltunt
1100 3571 1283 3621 aures,
1320 3556 1413 3610 sed
1452 3572 1677 3628 propter
1705 3562 1807 3613 huc
1835 3570 2107 3629 perpetuo
2134 3561 2189 3613 in
2226 3575 2326 3613 nos

716 3650 845 3702 odio
873 3648 1203 3717 ﬂagrabunt,
1237 3656 1926 3725 tthtt‘ormttqucltit'pitcr
1983 3653 2325 3725 proditores,

715 3759 766 3796 et
793 3743 999 3798 Christi
1035 3744 1223 3800 hostes
1256 3746 1635 3815 appellabunt.

788 3926 845 3982 Si
900 3927 1027 3997 quis
1079 3944 1208 3984 vero
1243 3929 1410 3995 dicat,
1471 3931 1631 3987 nobis
1666 3934 1890 4003 quidem
1950 3933 2035 3987 hie
2076 3934 2147 3988 ita
2208 3950 2331 3989 esse

709 4025 1139 4090 Considendunt,
1188 4025 1521 4095 sperandum
1556 4041 1685 4081 vero
1734 4030 1922 4082 hostes
1954 4043 1981 4081 a
2030 4026 2138 4081 Dt'O
2201 4028 2332 4081 ulci-

710 4117 975 4182 scendos,
1005 4118 1097 4194 qui
1127 4127 1369 4172 nostram
1409 4119 1599 4174 urbem
1634 4122 1793 4175 nobis
1824 4121 2176 4175 conservabit
2201 4139 2215 4178 :
2242 4122 2331 4175 ille

709 4223 761 4261 ιιι
794 4212 1036 4281 seipsum
1067 4211 1293 4282 decipit,
1332 4223 1387 4266 et
1416 4214 1647 4267 omnino
1675 4217 1739 4269 de
1776 4215 1885 4269 Deo
1912 4215 2045 4269 falsa
2072 4216 2327 4270 aﬂlrmat.

706 4302 853 4357 Nulli
892 4305 1039 4358 enim
1083 4307 1223 4359 solet
1266 4304 1313 4360 is
1351 4307 1609 4376 Opitttlari
1642 4309 1886 4379 segniter
1921 4314 2125 4380 agenti,
2154 4310 2247 4365 sed
2282 4312 2326 4365 si

708 4413 809 4467 pro
844 4398 982 4451 \iriti
1016 4398 1240 4467 quidem
1285 4409 1439 4469 patte
1500 4400 1733 4467 laboret,
1786 4402 1959 4469 ipsius
2011 4418 2137 4456 vu-o
2164 4406 2327 4457 etiam

2460 604 2701 664 στιανοῖς
2729 642 2744 666 ,
2784 602 2881 654 καὶ
2931 600 3036 651 ὑπὸ
3075 600 3173 670 τὴν
3230 598 3516 672 Βάρόαρον
3555 598 3802 651 τελοῦσιν
3840 601 4047 667 ἀρχὴν,

2456 693 2676 759 ἀνάγκη
2718 693 2874 745 πᾶσα
2908 692 3209 762 συμϐῆναι,
3242 694 3336 744 καὶ
3373 691 3435 742 τὸ
3469 690 3567 743 τοῦ
3606 690 3845 760 Χριστοῦ
3881 689 4047 753 σέϐας

2458 788 2802 856 πανταχόθεν
2831 787 3347 857 ἐξαλειφθήσεσθαι.
3395 786 3540 854 Ἐγὼ
3564 786 3620 839 δέ
3658 787 3753 839 καὶ
3791 786 3881 838 διὰ
3906 788 4043 839 πάν·

2454 895 2567 932 των
2592 880 2944 949 Χριστιανῶν
2995 881 3148 942 ἐντὸς
3191 880 3393 947 ὀλίγων
3443 878 3583 931 ἐτῶν
3635 877 3930 946 ἀφίξεσθαι
3958 879 4047 930 τὸν

2455 972 2844 1042 κατακλυσμὸν
2878 974 3090 1025 ἐκεῖνον
3131 970 3398 1042 ἠγοῦμαι,
3450 971 3546 1025 καὶ
3579 971 3757 1024 πάντα
3800 971 4046 1041 νεμηθή-

2454 1067 2646 1118 σεσθαι
2699 1068 2801 1134 τὴν
2838 1066 3141 1130 ἀσέϐειαν,
3195 1066 3291 1118 καὶ
3342 1066 3454 1128 τοῖς
3512 1066 3823 1135 Βαρϐάροις
3868 1068 4047 1121 πάντα

2453 1155 2750 1209 δουλεύειν.
2786 1158 2880 1209 Δεῖ
2925 1156 2981 1209 δὲ
3039 1157 3086 1208 εἰ
3135 1157 3306 1226 μηδὲν
3336 1156 3488 1220 ἀλλο,
3526 1158 3621 1207 καὶ
3665 1156 3763 1220 τὰς
3803 1156 4045 1225 μέμψεις

2452 1248 2777 1317 αἰδεσθῆναι
2811 1250 3047 1301 τουτωνὶ⁵
3082 1249 3193 1301 τῶν
3226 1250 3502 1309 Λατίνων,
3542 1247 3590 1300 οἳ
3629 1250 3723 1300 καὶ
3768 1248 3905 1317 μετᾶ
3944 1248 4045 1310 τὰς

2454 1341 2700 1408 πονηράς
2733 1340 2999 1408 ἀγγελίας
3031 1340 3124 1393 καὶ
3156 1340 3248 1392 τὸν
3280 1340 3668 1392 ἐπισεισθέντα
3698 1338 3861 1406 ςόῦον
3889 1339 4043 1408 ἡμῖν,

2466 1430 2547 1484 ἔτι
2584 1432 2929 1503 καθημένους
2969 1432 3235 1505 ὁρῶντες,
3272 1435 3366 1485 καὶ
3414 1434 3593 1501 μάτην
3637 1431 3926 1502 τρίϐοντας
3951 1432 4044 1483 τὸν

2452 1527 2670 1595 καιρὸν,
2718 1526 2815 1579 καὶ
2868 1525 3062 1595 ὥσπερ
3099 1527 3398 1593 παίζοντας
3434 1525 3494 1577 ἐν
3530 1524 3590 1575 ού
3639 1525 3916 1588 παικτοῖς,
3947 1523 4045 1575 καὶ

2448 1617 2560 1671 τῶν
2588 1618 2781 1671 δεινῶν
2814 1617 3149 1685 ἐγγιζόντων
3189 1617 3301 1670 οὐδ’
3330 1618 3851 1686 ἐπιστρεφομένους,
3880 1615 4043 1667 λιθώ-

2449 1711 2562 1775 δεις
2592 1711 2689 1764 καὶ
2716 1712 3004 1781 ἀνοήτους,
3038 1714 3133 1764 καὶ
3167 1712 3436 1782 προδότας
3486 1712 3595 1763 τῶν
3645 1710 3794 1763 ἰδίων
3829 1711 4042 1771 ἀποκάε-

2448 1802 2637 1855 λοῦσιο
2674 1805 2768 1856 καὶ
2821 1803 2959 1867 ὅλως
3006 1804 3101 1873 τῆς
3157 1804 3512 1873 ἀνθρωπίνης
3555 1801 3775 1871 φύσεως
3830 1801 3935 1867 ἐξω
3985 1800 4047 1851 τδ

2376 1867 2420 1924 Β
2452 1895 2728 1965 ἡμέτερον
2756 1895 3023 1961 τίθενται,
3060 1867 3184 1948 οὔτε
3218 1867 3481 1964 πρόνοιαν
3502 1867 3612 1946 τιῦν
3639 1893 3878 1958 οἰκείων,
3916 1891 4041 1945 οὒτε

2450 1990 2691 2059 σπουδὴν
2729 1988 3045 2061 ἀνθρώποις
3080 1991 3472 2060 προσήκουσαν
3524 1993 3657 2060 ἡμῖν
3708 1991 4035 2060 ἐνορῶντες.

2446 2075 2573 2138 Πῶς
2607 2075 2664 2128 δὲ
2694 2077 2945 2146 νομίζετε
2980 2078 3211 2141 τούτους
3248 2081 3380 2148 ἡμῖν
3418 2079 3733 2149 χρήσασθαι
3775 2081 3841 2134 ἂν
3878 2082 4039 2151 ἡμῶν

2446 2170 2574 2231 τοὺς
2626 2171 2732 2240 μὲν
2786 2173 2897 2226 τῶν
2947 2173 3122 2241 ἁγίων
3172 2174 3561 2243 ἀτιμαζόντων
3607 2178 3732 2241 τοῦς
3769 2177 3825 2229 δέ
3859 2179 4045 2247 ἐκκρι-

2445 2264 2669 2317 νόντων·
2714 2265 2811 2317 καὶ
2845 2268 2915 2317 τὰ
2968 2266 3069 2334 μὲν
3131 2267 3243 2319 τῶν
3300 2267 3639 2338 ἀξιωμάτων
3687 2270 4043 2323 νενοθεῦσθαι

2446 2358 2739 2425 λεγόντων,
2774 2361 2841 2413 τὰ
2869 2360 2915 2413 δ’
2939 2361 3128 2421 ἁπλῶς
3169 2361 3373 2416 οὑτωσὶ
3413 2364 3489 2434 μὴ
3520 2366 3924 2435 προσιεμένων,
3950 2369 4046 2421 καὶ

2442 2453 2534 2504 ἀεὶ
2572 2451 2929 2522 μελετώντων
2961 2454 2987 2507 ὃ
3036 2454 3090 2507 τί
3139 2472 3202 2523 γε
3253 2457 3615 2525 σοφιούμεθα’
3647 2462 3743 2512 καὶ
3780 2460 3916 2527 πρὸς
3948 2459 4045 2511 ἁλ-

2444 2542 2642 2614 λήλους
2672 2547 3104 2612 στασιαζόντων,
3143 2547 3237 2600 καὶ
3288 2549 3426 2617 πρὸς
3460 2550 3558 2620 τὴν
3609 2551 3719 2604 τῶν
3748 2552 4046 2623 δογμάτων

2444 2638 2632 2708 κρίσιν
2665 2641 2989 2709 ἡγουμένων
3046 2642 3242 2710 ἀρκεῖν
3291 2642 3539 2711 ἀμαθίαν
3590 2662 3650 2698 τε
3700 2648 3794 2698 καὶ
3828 2649 3888 2699 τὸ
3919 2648 4043 2710 τοὺς

2444 2733 2675 2795 πολλοὺς
2707 2733 2899 2801 φάναι,
2937 2733 2970 2804 ἦ
3002 2735 3095 2785 τὸν
3128 2733 3278 2787 δεῖνα
3311 2735 3687 2807 ἀρνήσασθαι,
3720 2741 4043 2813 ἐπιστήμην

2443 2825 2499 2879 δὲ
2526 2825 2627 2877 καὶ
2661 2824 2786 2877 νοῦν
2834 2825 2932 2878 καὶ
2967 2827 3166 2893 σοφίαν
3200 2827 3639 2898 ἀποκλειόντων,
3671 2834 3766 2886 καὶ
3794 2834 4045 2890 Λατίνων

2442 2916 2615 2968 ταῦτα
2664 2916 3060 2985 ἀνεχομένωνς
3109 2917 3170 2969 οὐ
3225 2920 3336 2998 γάρ
3388 2921 3565 2991 δήπου
3634 2924 3792 2993 σφίσι
3852 2928 4045 2981 meo-

2442 3008 2588 3061 νεύει
2647 3009 2715 3061 τὰ
2772 3009 3121 3079 πράγματα,
3180 3011 3246 3065 ἂν
3286 3011 3462 3067 ταῦτα
3524 3019 3833 3072 ποιούντων
3882 3023 4044 3092 ἡμῶν

2442 3101 2685 3170 ἀγγελθῇ
2716 3120 2766 3155 τι
2799 3102 2995 3156 δεινόν·
3029 3103 3059 3156 ὃ
3096 3104 3172 3175 μὴ
3204 3106 3443 3174 γένοιτο,
3467 3110 3571 3163 Θεέ
3611 3109 3861 3180 βασιλεῦ,
3900 3116 4038 3187 μηδὲ

2441 3195 2647 3263 φάνηθι
2686 3193 2890 3262 μᾶλλον
2938 3196 3074 3264 ἡμῖν
3101 3196 3315 3261 δίκαιος
3346 3198 3612 3270 δικαστὴς
3645 3202 3678 3274 ἢ
3714 3205 4030 3278 φιλάνθρω-

2440 3303 2541 3349 πος
2572 3286 2759 3357 πατὴρ
2808 3288 2907 3340 καὶ
2956 3288 3254 3360 δεσπότης.
3306 3291 3503 3356 Οὐδεὶς
3549 3294 3711 3362 λόγος
3746 3298 4044 3369 ἐξαρκέσαι

2435 3379 2536 3448 τὴν
2569 3380 2680 3432 τόθ’
2734 3382 2890 3451 ἡμᾶς
2938 3382 3409 3455 καταληψομένην
3457 3388 3730 3458 αἰσχύνην
3770 3392 4037 3463 δηλῶσαι’

2437 3473 2645 3543 μᾶλλον
2672 3472 2730 3527 δέ
2764 3474 2885 3527 οὐδέ
2923 3475 3019 3544 τὴν
3062 3474 3158 3530 νῦν
3197 3475 3365 3531 οὖσαν
3412 3479 3590 3545 οὐδεὶς
3633 3484 3800 3548 ἀρκεῖ
3850 3504 4032 3559 παρα-

2436 3568 2657 3639 στῆσαι.
2689 3565 2823 3618 Τότε
2855 3566 2911 3619 δὲ
2946 3568 3041 3620 καὶ
3074 3568 3242 3622 πλέον
3272 3587 3328 3623 τι
3378 3575 3769 3645 συγχωροῦσιν
3800 3580 3935 3649 ἡμῖν
3974 3584 4035 3636 οὗ

2434 3658 2820 3731 προσέξουσιν,
2876 3662 2997 3715 οὐδὲ
3060 3662 3367 3719 παύσονται
3420 3668 3507 3721 διὰ
3539 3670 3695 3724 τοῦτο
3742 3654 4033 3743 μισοῦντέ;

2432 3770 2492 3805 τε
2526 3754 2617 3805 καί
2647 3755 2916 3825 προδότις
2947 3758 3056 3809 τῶν
3085 3759 3310 3813 οἰκείων
3354 3762 3600 3833 αἰσχρῶς
3636 3769 3731 3821 καὶ
3762 3770 3857 3824 τοῦ
3895 3773 4033 3844 Χρι-

2436 3846 2565 3900 στοῦ
2600 3850 2726 3901 πολε
2738 3849 2898 3919 μίους
2923 3852 3356 3917 ἀποκαλοῦντες.

2508 3943 2570 3997 ΕΞ
2594 3943 2650 3996 δὲ
2688 3944 2837 4011 λέγει
2877 3963 2985 4009 τις,
3016 3948 3165 4017 ἡμᾶς
3204 3949 3304 4018 μιν
3338 3949 3484 4004 οὕτω
3518 3951 3631 4005 δ;ῖν
3668 3954 3903 4010 ἐνταῦθα
3937 3977 4037 4012 κα-

2435 4036 2657 4106 θῆσθαι,
2684 4039 2933 4105 ἐλπίζειν
2960 4041 3015 4095 δὲ
3045 4043 3137 4095 τὸν
3170 4044 3306 4098 Θεὸν
3339 4048 3674 4116 ἀμυνεῖσθαι
3711 4052 3839 4116 τοὺς
3868 4055 4030 4107 πολε-

2437 4132 2617 4199 μίους,
2668 4133 2762 4185 καὶ
2794 4135 2896 4205 τὴν
2948 4137 3232 4205 ἡμετέραν
3280 4138 3636 4207 διαφυλάξειν
3690 4142 3847 4199 πόλιν
3876 4148 4037 4217 ἡμίν,

2432 4218 2587 4284 οὗτος
2621 4227 2715 4277 καὶ
2748 4226 2944 4280 ἐαυτὸν
2976 4230 3190 4301 ἀπατᾷ,
3218 4232 3314 4284 καὶ
3346 4232 3439 4285 τοῦ
3467 4232 3605 4287 Θεοῦ
3633 4238 4038 4306 καταψεύδεται

2434 4316 2688 4379 πάντως·
2722 4318 2901 4377 οὒᾰενὶ
2938 4321 3046 4389 γὰρ
3106 4322 3269 4375 εἴωθε
3321 4325 3542 4395 βοηθεῖν
3572 4328 3892 4400 ἀμελοῦντι,
3922 4334 4040 4389 ἀλλ’

2432 4407 2639 4458 ὁπόταν
2690 4410 2758 4460 τά
2811 4408 2956 4461 κατά
2997 4410 3233 4483 δύναμιν
3282 4418 3542 4485 πράττων
3575 4436 3674 4489 τις,
3705 4421 3785 4476 ἔτι
3814 4426 3909 4478 καὶ
3941 4431 4038 4498 τῆς

706 4493 952 4562 indigrat
979 4494 1206 4557 auxilio,
1242 4496 1364 4548 sine
1392 4510 1504 4564 quo
1534 4496 1668 4549 nihil
1694 4498 1959 4565 perlicere
1992 4514 2313 4566 possumus.
2352 4509 2396 4561 ι)
2429 4514 2464 4547 π

2277 4516 2313 4553 ς,
2352 4509 2396 4561 ῃ
2429 4495 2561 4564 παρ’
2591 4499 2807 4551 ἐκείνου
2839 4499 3032 4570 δέηται
3063 4502 3347 4573 βοηθείας,
3380 4500 3447 4580 ἦς
3492 4509 3623 4564 άνευ
3664 4513 3819 4567 οὐδὲν
3848 4493 4035 4574 ἀνύείν

704 4583 820 4655 Εέο
848 4586 995 4639 enim
1047 4602 1146 4640 nec
1174 4589 1217 4642 si
1246 4602 1439 4641 omnes
1482 4588 1706 4657 quidem
1745 4591 1889 4645 vires
1930 4602 2150 4646 nostras
2181 4608 2317 4646 con-

702 4678 974 4743 feramus,
1047 4678 1285 4732 dixerim
1355 4678 1459 4734 hoc
1521 4680 1775 4737 SllﬂiCCrC
1839 4683 1905 4737 ad
1972 4686 2322 4741 tth-ist-endus

703 4770 932 4835 hostes;
965 4771 1059 4824 sed
1111 4770 1156 4824 si
1188 4780 1242 4823 et
1274 4772 1564 4840 pecuniam
1600 4788 1848 4838 Omnem,
1898 4786 1953 4830 et
1989 4792 2158 4833 naves
2194 4778 2323 4832 hinc

702 4879 899 4916 mnnes
920 4872 1207 4917 sumentes
1228 4865 1519 4935 abeamus,
1555 4866 1690 4919 nihil
1724 4868 1829 4921 hoc
1870 4869 2032 4923 nobis
2066 4868 2319 4940 prorutu-

701 4969 848 5021 rum,
911 4955 1015 5009 nisi
1065 4956 1233 5009 etiam
1304 4956 1456 5011 adsit
1514 4958 1755 5029 desuper
1800 4963 2116 5030 auxilium;
2173 4964 2315 5033 quod

698 5046 837 5099 liene
871 5047 1226 5117 sperantibus
1263 5059 1316 5103 et
1349 5051 1707 5107 credentibus
1757 5055 2020 5109 adveniet
2064 5071 2319 5110 necessa-

699 5140 785 5191 rio
815 5154 830 5192 :
866 5139 918 5193 in
966 5140 1081 5194 otio
1138 5156 1267 5194 vero
1322 5154 1373 5196 et
1413 5146 1667 5199 socordia
1713 5147 1898 5212 nobis,
1948 5148 2093 5202 unde
2128 5149 2313 5203 omnia

695 5231 808 5285 illie.
845 5233 1104 5300 pendent,
1149 5235 1699 5297 centaheseentihtts.
1760 5238 1968 5293 nullunt
2010 5255 2233 5310 quoque
2282 5255 2313 5294 a

696 5325 807 5377 lien
851 5341 950 5396 par
1005 5336 1093 5380 est
1122 5344 1349 5397 sperare
1402 5330 1736 5385 subsidium.
1778 5331 1966 5392 Palam
2005 5334 2171 5403 igitur
2204 5348 2310 5403 est,

694 5425 894 5490 pr;et.’~r
935 5423 1038 5476 alia
1101 5430 1310 5488 omnia,
1376 5426 1446 5480 ob
1506 5443 1627 5497 quae
1690 5443 1791 5483 nos
1844 5440 2063 5499 oportet
2104 5430 2311 5500 aliquid

689 5520 977 5586 perlicere,
1022 5533 1383 5592 pt'a'scnsque
1416 5524 1695 5594 negotium
1756 5523 1824 5577 ad
1868 5524 2313 5596 qualemcunque

690 5619 854 5668 tinent
913 5616 1243 5687 perducere,
1303 5618 1444 5672 satis
1500 5634 1623 5672 esse
1685 5620 2092 5690 illlpCllJCtthlll
2163 5638 2310 5676 nunc

685 5710 933 5764 hostium
1002 5722 1320 5777 terrorem;
1380 5712 1541 5767 habet
1599 5714 1748 5767 enim
1802 5714 1845 5767 is
1893 5714 2202 5768 evidentem
2258 5726 2311 5771 et

684 5804 1061 5860 inevitabilem
1131 5806 1543 5863 necessitatem.
1612 5806 1797 5875 Quare
1859 5809 1926 5862 de
1969 5810 2188 5865 damnis
2256 5822 2310 5864 et

685 5900 1040 5969 utilitatibus,
1075 5917 1197 5974 qua:
1252 5897 1690 5975 subsequuntur,
1760 5902 1805 5959 si
1844 5902 2175 5961 conﬁciatur
2208 5921 2306 5962 ne-

2429 4588 2731 4657 δυνάιλεθα.
2773 4590 2920 4659 Ἐγὼ
2974 4594 3107 4664 γὰρ,
3140 4596 3251 4649 οὐδ’
3316 4597 3383 4652 ἂν
3438 4602 3619 4655 πάντα
3667 4611 4035 4677 πεποιηκότες

2431 4677 2585 4754 ὦμεν
2622 4686 2688 4737 τά
2722 4684 2945 4751 δινατὰ,
2978 4690 3190 4758 εἴποιμ’
3228 4690 3296 4744 ἂν
3332 4693 3472 4761 πρὸς
3521 4696 3623 4765 τὴν
3675 4698 3891 4768 ἄμυναν
3925 4709 4035 4758 τῶν

2433 4777 2709 4847 πολεμίων
2737 4778 2885 4832 τοῦτ’
2930 4782 3190 4852 ἐξαρκεῖν
3222 4800 3237 4815 ·
3265 4785 3383 4838 ἀλλ’
3412 4787 3480 4841 ἂν
3521 4792 3701 4845 πάιτα
3743 4794 3843 4863 μὲν
3896 4800 4035 4867 χρή-

2434 4888 2605 4940 ματα,
2631 4871 2762 4936 ναῦς
2799 4873 2855 4926 δέ
2890 4874 3117 4941 ἁπάσας
3151 4878 3411 4932 ἐντεῦθεν
3439 4882 3728 4953 εἰληφότες
3756 4888 4033 4960 ἀπίωμεν,

2428 4965 2585 5018 οὐδὲν
2623 4965 2848 5023 ἔσεσθαι
2876 4970 3042 5024 πλέον
3075 4973 3231 5043 ἡμῖν,
3262 4975 3338 5047 μὴ
3371 4978 3467 5030 καὶ
3514 4980 3611 5048 τῆς
3647 4980 3861 5036 ἄνωθεν
3906 4984 4038 5054 βοη-

2430 5058 2579 5124 Θείας
2612 5066 3059 5135 πρ-ίσγινομένης
3081 5082 3095 5096 ·
3123 5066 3193 5137 ῆν
3227 5069 3411 5133 καλῶς
3438 5072 3773 5138 ἐλπίσαντας
3806 5083 3900 5129 καὶ
3934 5096 4034 5131 πε-

2428 5156 2821 5221 πιστευκότας,
2870 5158 3088 5231 ἀνάγκη
3142 5162 3296 5217 πᾶσα
3333 5163 3541 5218 λαὸεἰν.
3577 5166 3952 5240 Ἀμελούντων
3983 5170 4033 5225 δ’

2428 5245 2590 5317 ἡμῶν
2623 5249 2719 5301 καὶ
2777 5251 3319 5323 ἀφροντιστούντων,
3364 5250 3439 5310 ὧν
3496 5257 3795 5332 ἐξήρτηται
3852 5266 4031 5321 πάντα

2424 5341 2610 5408 τάκεῖ,
2636 5343 2761 5399 ούδέ
2787 5347 2941 5418 παρὰ
2968 5349 3107 5403 Θεοῦ
3152 5368 3272 5406 τινα
3312 5356 3638 5427 συμμαχίαν
3664 5357 3911 5423 ἐλπίζειν
3940 5360 4034 5415 εθ-

2424 5434 2585 5502 λογόν
2628 5439 2771 5494 ἐστι.
2804 5440 2977 5510 Δῆλον
3030 5444 3214 5499 τοίνυν
3244 5448 3423 5512 ἐστὶν,
3472 5451 3553 5503 ὅτι
3586 5452 3682 5505 καὶ
3719 5453 3890 5524 χωρὶς
3922 5456 4035 5510 τῶν

2422 5529 2600 5583 ἄλλων
2634 5532 2919 5603 ἁπάντων,
2967 5528 3043 5590 ὧν
3081 5540 3247 5595 ἕνεκα
3296 5541 3379 5595 δεῖ
3427 5560 3482 5595 τι
3534 5544 3820 5615 περαίνειν
3855 5550 4029 5618 ἡμᾶς,

2422 5626 2519 5679 καὶ
2546 5627 2699 5692 τέλος
2731 5634 2843 5695 τοῖς
2874 5633 3113 5703 παροῦσι
3143 5638 3473 5707 πράγμασιν
3506 5640 3686 5695 ὁτιοῦν
3728 5644 4025 5715 ἐπιθεῖναι,

2422 5723 2587 5790 ἀρκεῖ
2608 5724 2668 5776 τὸ
2706 5724 2799 5777 νῦν
2831 5728 3205 5799 ἐφιστάμενον
3232 5732 3350 5794 δέος
3386 5734 3495 5787 τῶν
3520 5735 3799 5804 πολεμίων
3821 5754 3836 5769 ο
3862 5738 4022 5794 τοῦτο

2422 5819 2531 5888 γὰρ
2571 5819 2844 5891 πρόδηλον
2895 5824 3012 5894 ἔχει
3051 5830 3143 5878 καὶ
3180 5828 3563 5899 ἀπαραίτητον
3612 5834 3713 5903 τὴν
3751 5836 4025 5906 ἀνάγκην.

2423 5914 2521 5966 Διά
2556 5914 2718 5969 τοῦτο
2777 5915 2984 5989 βλάϐας
3016 5938 3072 5974 τε
3133 5925 3225 5975 καὶ
3278 5922 3551 5993 ὼςελείας
3605 5928 3702 5993 τὰς
3742 5930 3805 5985 ἐκ
3838 5948 3891 5984 τε
3933 5931 4028 5985 τοῦ
