4452 6450
710 358 814 422 407

1812 376 2202 439 GENNADII
2246 378 2359 438 CP.
2413 374 2641 435 PATRI
2666 373 2933 433 \RCll/E

3878 350 3986 425 40'8

716 476 967 528 ninnium
1001 475 1270 532 bonorum
1309 480 1667 550 desiderium,
1704 487 1850 554 quod
1883 499 2042 544 aatea
2075 490 2294 546 illorum
2328 493 2371 548 Α
2401 487 2474 557 τὴ¹

2221 505 2294 544 tm
2328 493 2371 548 Α
2401 487 2499 557 τὴν
2545 485 2851 554 ἀσφάλειαν
2885 481 3022 552 ὁμοῦ
3094 479 3188 533 καὶ
3253 479 3352 548 τὴν
3410 478 3584 532 πειθὼ
3639 477 3979 545 προνοῆσαι·

715 567 934 622 animos
968 569 1173 638 pariter
1191 571 1453 629 excitavit
1483 594 1495 628 :
1525 591 1703 644 neque
1731 578 1857 632 hinc
1887 591 2086 645 praeter
2110 598 2299 651 pacein

711 668 958 725 optatam
987 662 1273 727 omnibus,
1307 665 1524 720 lucrum
1564 669 1710 724 aliud
1737 673 2033 742 quisquam
2060 675 2163 730 sibi
2196 675 2299 730 do-

708 760 858 798 mum
903 753 1222 818 reportabit.
1262 752 1461 809 Dicant
1491 757 1654 827 igitur
1699 775 1890 817 omnes
1923 779 2151 820 necesse
2189 776 2298 828 est.

723 846 778 890 et
813 853 907 889 vos
946 848 1154 896 attente
1192 845 1453 910 audiatis,
1503 857 1557 901 ct
1596 851 2001 920 amplectamini
2044 871 2166 924 qua:
2206 871 2301 926 ap-

706 929 883 996 posite
913 931 1196 997 dicuntur,
1240 945 1299 990 ut
1332 937 1602 995 divinitus
1635 944 1906 999 venientia
1948 963 1960 999 :
1994 960 2298 1016 eorumque

706 1020 962 1075 donatori
1003 1039 1102 1091 pro
1145 1025 1255 1081 illis
1294 1029 1457 1082 etiam
1492 1033 1700 1100 gratias
1752 1037 1948 1104 agatis.
1996 1037 2115 1103 Qua
2148 1038 2294 1093 enim

711 1115 893 1180 potius
933 1117 1036 1170 alia
1089 1118 1141 1171 in
1186 1136 1243 1174 rc
1278 1136 1378 1191 par
1414 1134 1498 1178 est
1537 1138 1748 1183 mentes
1800 1131 2085 1186 hominum
2118 1147 2147 1186 a
2185 1134 2296 1189 Deo

709 1199 906 1267 amari,
949 1220 1112 1270 quam
1153 1209 1246 1263 tibi
1293 1211 1362 1266 de
1393 1227 1456 1267 eo
1486 1217 1773 1284 quaeritur,
1811 1221 2165 1291 studiumque
2201 1238 2299 1277 na-

707 1293 922 1346 vatur?
963 1293 1096 1361 Qua:
1132 1312 1260 1353 vero
1297 1314 1459 1357 secus
1501 1321 1558 1358 se
1600 1307 1913 1376 habuerint,
1947 1327 2046 1366 nec
2091 1311 2301 1367 fuerint

704 1403 876 1453 pravo
911 1391 1151 1458 quodam
1189 1395 1377 1449 animo
1433 1401 1683 1467 prolata,
1734 1418 1859 1457 cum
1908 1407 2132 1472 mentis,
2185 1420 2294 1462 nou

703 1481 1009 1536 voluntatis
1042 1494 1270 1552 peccata
1321 1488 1452 1554 sint,
1491 1506 1599 1544 non
1632 1504 1794 1547 erunt
1841 1513 1866 1546 a
1906 1497 2059 1550 vobis
2109 1513 2297 1566 repre-

705 1573 1021 1632 hendenda.
1084 1575 1193 1634 Nec
1250 1591 1514 1648 praeterea
1567 1585 1636 1649 si,
1690 1587 1782 1654 qui
1831 1590 2297 1657 sermocinamur,

704 1680 926 1732 pravam
980 1669 1123 1737 apud
1159 1684 1256 1726 vos
1290 1672 1612 1741 opinionem
1653 1678 1913 1743 habeant,
1957 1681 2169 1738 debetis
2202 1697 2297 1737 eo-

2401 577 2540 631 ἀλλὰ
2590 578 2688 639 τὰς
2735 574 2998 629 ἁπάντων
3035 570 3289 638 γλώττας
3330 569 3362 637 ἡ
3419 568 3528 622 τῶν
3571 567 3768 620 κοινῶν
3802 565 3986 619 καλιῖιν

2403 665 2667 734 ἐπιθυμία
2717 663 2945 732 κινεί,ἠ
3003 660 3098 714 καὶ
3147 660 3420 730 πρότερον
3471 657 3626 711 οὐδὲν
3674 652 3839 728 ἦττον
3888 655 3988 717 τὰς

2401 757 2581 826 ψυχὰς
2632 757 2816 816 αὐτοῖς
2853 754 3215 821 διεγείρασα·
3271 751 3367 803 καὶ
3417 749 3611 818 κέρδος
3661 747 3816 801 οὐδὲν
3857 745 3989 800 ίδιον

2399 848 2583 902 οῐκαδε
2617 846 2760 914 πλὴν
2805 846 2905 912 τῆς
2943 843 3293 914 ποθουμένης
3334 844 3503 896 πᾶσιν
3550 840 3777 911 είρήνης
3815 838 3990 900 οὐδεὶς

2398 940 2650 994 ἐντεῦθεν
2685 937 2867 1007 φέρων
2899 936 3177 1005 ἀφίξεται.
3221 935 3465 1004 Ἀνάγκη
3514 933 3702 986 τοίνυν
3733 930 3987 989 ἅπαντας

2398 1033 2582 1100 λέγειν
2607 1047 2621 1061 ·
2663 1032 2756 1083 καὶ
2816 1032 2933 1093 τοῖς
2969 1030 3068 1099 μὲν
3115 1028 3336 1096 εὐφυῶς
3382 1026 3702 1096 λεγομένοις
3741 1025 3817 1088 ὡς
3851 1023 3993 1077 ἄνω-

2397 1124 2489 1179 Θεν
2539 1124 2736 1195 ἥκουσι
2789 1123 3082 1192 προσέχειν
3123 1122 3218 1174 τον
3288 1120 3420 1173 νοῦν
3480 1120 3648 1189 ὑμᾶς,
3681 1118 3782 1172 καὶ
3814 1115 3990 1171 ταῦτα

2401 1216 2701 1288 αἱρεῖσθαι,
2727 1216 2822 1268 καὶ
2856 1214 2933 1284 τῷ
2968 1214 3230 1269 δεδωκότι
3279 1215 3375 1268 καὶ
3407 1212 3549 1280 ὑπὲρ
3589 1210 3798 1264 τοὺτων
3829 1208 3992 1279 χάριν

2400 1309 2712 1379 ὁμολογεῖν.
2739 1307 2852 1362 Ποῦ
2888 1307 2999 1376 γὰρ
3044 1305 3235 1359 ἄλλοθι
3265 1304 3360 1358 τὸν
3399 1303 3536 1357 Θεὸν
3572 1300 3829 1372 μᾶλλο·νῆ
3863 1300 3994 1369 περὶ

2401 1404 2569 1459 αὑτοῦ
2601 1405 2696 1474 τῆς
2723 1400 2972 1470 σκέψεως
3001 1397 3168 1470 οὔσης
3199 1397 3294 1452 καὶ
3325 1397 3428 1465 τῆς
3451 1395 3713 1463 σπουδῆς,
3750 1393 3849 1456 τὰς
3880 1393 3994 1447 τῶν

2400 1497 2707 1567 ἀνθρώπων
2741 1495 2888 1557 είκός
2924 1494 3078 1547 ἐστιν
3103 1493 3338 1561 ἐμπνεῖν
3368 1489 3651 1552 διανοίας;
3684 1487 3805 1539 τῶν
3847 1487 3891 1540 δ’
3918 1485 3994 1548 ώς

2403 1591 2608 1660 ἑτέρως
2640 1588 2900 1656 ἑχόντων,
2934 1585 3028 1638 καὶ
3061 1585 3122 1638 οὐ
3149 1584 3290 1654 μετά
3316 1583 3566 1651 πονηρᾶς
3586 1598 3732 1642 τινος
3767 1580 3994 1646 γνώμης

2401 1677 2838 1747 προτιθεμένων,
2868 1676 2943 1738 ὡς
2975 1675 3256 1742 γνώσεως,
3282 1673 3344 1726 οὗ
3392 1671 3774 1742 προαιρέσεως
3823 1669 3995 1722 ὄντων

706 1773 829 1810 rum
861 1759 1030 1826 dicta,
1061 1761 1104 1814 si
1135 1761 1280 1817 forte
1306 1764 1416 1820 sint
1446 1768 1693 1834 meliora,
1724 1783 2081 1827 contemnere
2107 1789 2123 1839 ;
2147 1774 2294 1844 quod
2329 1774 2369 1830 Β
2400 1771 2464 1824 ἑλι

2238 1774 2294 1829 3d
2329 1774 2369 1830 Β
2400 1768 2829 1837 ἐλαττωμάτων,
2875 1766 3066 1836 μηδενὶ
3098 1765 3199 1834 τὴν
3237 1763 3448 1832 μέμψιν
3474 1763 3727 1830 ἐπάγειν.
3768 1761 3909 1829 Πρὸς
3940 1759 3996 1811 δὲ

705 1849 760 1902 in
795 1849 1055 1906 humanis
1087 1869 1307 1925 quoque
1358 1857 1599 1928 negotiis
1632 1861 1940 1917 cavendum
1969 1874 2051 1919 est
2097 1865 2167 1920 iis
2200 1867 2294 1936 qui

704 1945 851 2011 quod
909 1947 1040 2000 utile
1106 1958 1225 2014 est,
1255 1948 1620 2020 undecunque
1673 1966 1942 2010 venantur
1987 1973 2002 2011 :
2051 1960 2298 2028 quando-

703 2035 925 2103 quidem
980 2038 1205 2096 humilis
1242 2041 1480 2097 fortunat
1521 2045 1838 2103 hominibus
1891 2049 2066 2106 multo
2122 2053 2298 2122 magis

704 2133 964 2186 convenit
999 2133 1050 2186 in
1092 2149 1151 2189 re
1201 2138 1483 2203 proposita
1522 2139 1751 2209 gloriam
1787 2159 2011 2212 sperare
2045 2160 2110 2200 ex
2156 2148 2298 2202 bono

709 2223 980 2290 consilio;
1037 2243 1161 2308 nam
1211 2228 1280 2282 ab
1314 2230 1397 2284 his
1451 2233 1622 2286 etiam
1673 2235 1975 2302 aliquando
2023 2237 2295 2308 proficisci

705 2328 884 2384 potest
921 2319 1144 2389 aliquod
1193 2321 1417 2405 virtutis
1475 2341 1635 2395 opus,
1687 2328 1758 2383 ita
1814 2330 1906 2384 Dei
1958 2331 2298 2400 providentia

709 2410 1063 2480 disponente,
1097 2431 1162 2470 ne
1194 2418 1318 2486 quis
1359 2419 1542 2474 minus
1573 2421 1920 2476 considerate
1948 2423 2157 2479 tribuat
2195 2425 2304 2477 hu-

711 2519 889 2560 manae
915 2507 1020 2560 arti
1054 2516 1104 2562 et
1130 2510 1312 2578 sagaci
1342 2511 1595 2575 coiisilio,
1624 2512 1849 2567 maximi
1881 2525 1934 2566 et
1966 2525 2090 2584 post
2128 2516 2304 2569 homi-

712 2617 844 2654 num
876 2603 1200 2656 memoriam
1229 2609 1472 2658 omnium
1503 2607 1808 2661 dil‘licillimi
1843 2610 2046 2678 negotii
2071 2610 2303 2664 exitum.

711 2690 1011 2758 Proiiterta
1057 2695 1225 2764 igitur
1269 2707 1322 2751 et
1374 2699 1523 2752 illam
1576 2701 1842 2756 orationis
1891 2714 2099 2770 partem
2132 2704 2302 2759 decli-

706 2786 857 2847 nati,
889 2797 944 2838 et
978 2802 1068 2841 vos
1107 2796 1314 2845 attente
1349 2792 1542 2846 audire
1575 2792 1698 2848 volo
1727 2794 1980 2865 quaajam
2012 2797 2298 2852 dicentur.

2406 1861 2641 1925 τούτοις,
2679 1859 2806 1929 μηδ’
2842 1859 3005 1946 eum;
3033 1859 3169 1927 ἡμῖν
3210 1855 3391 1925 φαὺλη
3418 1855 3552 1925 περὶ
3587 1854 3698 1906 τῶν
3727 1853 3999 1920 λεγόντων

2408 1955 2588 2009 ἔνεστι
2630 1953 2781 2018 δόξα,
2823 1944 2922 2004 καί
2945 1951 3056 2005 τῶν
3109 1950 3308 2016 λόγων,
3341 1949 3409 2002 ἂν
3449 1947 3711 2015 ἀμείνους
3759 1944 4000 2014 τὺχωσιν

2408 2051 2583 2111 ὄντες,
2622 2045 3034 2115 καταφρονεῖνο
3088 2042 3116 2095 ὃ
3169 2042 3296 2112 μηδ’
3344 2042 3400 2094 έν
3449 2041 3570 2102 ταῖς
3624 2037 4002 2108 ἀνθρωπικαῖς

2409 2138 2822 2210 πραγματείαις
2851 2135 3076 2201 εὔλογόν
3118 2136 3235 2187 έστι
3267 2133 3503 2201 πάσχειν
3532 2131 3661 2193 τοὺς
3696 2128 3758 2182 τὸ
3792 2127 4003 2197 συμφέο

2414 2254 2506 2309 ρον
2556 2234 2616 2299 ιξ
2667 2233 2904 2295 ἅπαντος
2953 2228 3332 2299 θηρωμένους.
3404 2225 3554 2278 Ἐπεὶ
3602 2222 3733 2294 περί
3779 2239 3845 2291 γε
3889 2218 4000 2274 τῶν

2405 2327 2790 2402 προκειμένων
2882 2325 2997 2388 τοῖς
3054 2321 3264 2386 ἀδόξοις
3321 2320 3416 2373 καὶ
3477 2319 3755 2380 ταπεινοῖς
3819 2313 4000 2385 πολλῷ

2411 2423 2614 2496 μᾶλλον
2668 2419 2935 2491 ἁρμόττει
2982 2416 3080 2487 τὴν
3142 2415 3251 2468 ἀπὸ
3277 2411 3370 2465 τοῦ
3433 2409 3791 2480 κατορθῶσαι
3846 2408 4007 2472 δόξαν

2409 2515 2688 2580 ἐλπίζειν·
2723 2512 2818 2566 καὶ
2855 2511 3007 2580 παρά
3039 2498 3248 2562 τοὺ-των
3281 2508 3392 2577 γὰρ
3445 2505 3649 2573 γένοιτ’
3693 2505 3758 2557 ἄν
3791 2501 3844 2555 τί
3878 2517 4008 2554 ποτε

2414 2609 2748 2663 σπουδαῖον·
2783 2605 2929 2658 οὕτω
2979 2605 3079 2672 τῆς
3130 2601 3396 2670 προνοίας
3450 2599 3874 2667 οίκονομοὺσης,
3935 2594 4009 2663 μὴ

2410 2701 2504 2754 καὶ
2543 2699 2682 2770 λάθῃ
2725 2715 2807 2757 τις
2854 2698 2922 2766 τῇ
2963 2695 3073 2748 τῶν
3120 2692 3432 2763 ἀνθρώπιον
3463 2691 3738 2759 δεινότητι
3783 2688 3874 2742 καὶ
3905 2702 4011 2756 μη-

2410 2796 2551 2865 χανῇ
2600 2793 2700 2860 τὴν
2748 2789 2844 2843 τοῦ
2881 2789 3147 2857 μεγίστου
3197 2803 3253 2838 τε
3294 2787 3390 2837 καὶ
3431 2783 3871 2852 δυσχερεστάτου
3902 2779 4012 2831 τῶν

705 2875 772 2928 δκ
805 2876 903 2928 τοῦ
947 2881 1149 2941 παντὸς
1186 2882 1383 2944 αἰῶνος
1436 2885 1863 2956 ἐγχειρημάτων
1914 2887 2146 2942 ἐκῦασιν
2178 2888 2526 2959 ἐπιγράφων.
2577 2883 2677 2937 Διά
2721 2883 2892 2935 ταῦτα
2943 2882 3124 2933 τοίνυν
3195 2876 3374 2930 ἐκεῖνὸ
3419 2893 3477 2929 τι
3548 2874 3642 2928 τοῦ
3718 2874 3876 2941 λόγου
3953 2873 4014 2924 τὸ

711 2973 881 3041 μέρος
920 2973 1206 3044 ἐξέφυγον,
1239 2979 1334 3030 καὶ
1375 2987 1669 3051 προσέχειν
1706 2983 1851 3051 ὑμᾶς
1882 2985 2151 3055 βούλομαι
2191 2986 2305 3047 τοῖς
2347 2983 2665 3052 λεγομένοις
2698 2979 2948 3033 ἐντεῦθεν
2981 2978 3104 3048 ἤδη·

783 3065 938 3131 Quod
976 3069 1142 3137 igitur
1179 3085 1396 3126 sacram
1434 3075 1576 3130 hanc
1617 3079 1890 3148 synodum
1944 3094 2009 3132 ex
2045 3079 2308 3132 universo
2336 3081 2379 3139 C
2487 3074 2541 3127 Τί

2254 3091 2308 3132 50
2336 3081 2379 3139 α
2487 3074 2562 3127 Τδ
2597 3074 2698 3143 μὲν
2720 3072 2785 3142 δὴ
2810 3071 2910 3140 τὴν
2961 3071 3114 3137 ἱεράν
3149 3067 3361 3136 ταύτην
3403 3065 3623 3118 σύνοδον
3671 3062 3729 3129 ἐξ
3787 3063 4012 3130 ἁπάσης

713 3157 830 3212 fere
867 3170 1142 3214 terrarum
1193 3164 1326 3219 orbe
1361 3169 1741 3239 congregavit,
1777 3171 2160 3241 persuasitque
2193 3185 2311 3226 om-

710 3256 878 3310 nibus
931 3267 990 3310 ut
1047 3257 1307 3315 alacriter
1363 3261 1470 3316 huc
1549 3266 1933 3330 convenirent,
1983 3265 2311 3336 postpositis

711 3350 835 3405 aliis
867 3351 1130 3407 ozunihus
1161 3371 1176 3417 ;
1215 3353 1664 3412 Christianorum
1702 3360 1951 3414 omnium
1990 3360 2311 3425 concordia,

709 3455 763 3498 rt
800 3445 1045 3510 roguiiio
1090 3455 1173 3500 est
1206 3448 1457 3504 veritatis
1493 3467 1504 3501 :
1540 3451 1742 3519 quibus
1789 3453 1923 3507 nihil
1962 3463 2141 3524 potest
2184 3468 2310 3507 esse

705 3540 1015 3608 jucundius
1071 3539 1426 3604 hominibus,
1483 3544 1576 3611 qui
1633 3555 1838 3599 tturunt
1891 3556 1946 3600 et
1998 3562 2204 3610 amare,
2259 3554 2313 3600 et

710 3650 1050 3702 conrupere,
1083 3645 1131 3688 et
1172 3635 1494 3689 incumbere
1531 3637 1598 3690 ad
1635 3638 1889 3693 honesti.
1921 3637 2056 3690 Nam
2084 3649 2135 3692 ct
2169 3638 2312 3691 veri-

711 3742 796 3783 tas
839 3731 927 3783 lux
968 3732 1126 3798 plane
1156 3741 1239 3787 est
1275 3739 1487 3786 natura:
1535 3731 1747 3786 ratione
1783 3731 2010 3790 utentis.
2056 3746 2162 3799 qua
2194 3732 2314 3785 sine

711 3839 942 3879 necesse
987 3836 1068 3879 est
1110 3839 1172 3880 ca
1228 3828 1505 3882 volutetur
1559 3827 1609 3879 in
1665 3826 1942 3889 tenebris,
1997 3828 2316 3892 nullamque

712 3936 776 3973 ex
817 3920 1087 3985 dignitate
1125 3921 1384 3989 donoque
1419 3921 1523 3974 sibi
1564 3920 1769 3973 tradito
1802 3920 2071 3988 percipiat
2105 3919 2316 3973 utilita-

713 4026 821 4066 tem
851 4030 867 4078 ς
906 4029 1182 4083 quamque
1211 4014 1434 4070 assidue
1470 4015 1558 4066 illa
1591 4014 1956 4082 prehendens.
1995 4012 2124 4065 dum
2163 4028 2317 4080 quac-

717 4108 791 4160 rit
831 4109 1040 4174 ignota,
1079 4116 1130 4159 ct
1162 4108 1341 4176 seipsa
1380 4105 1436 4159 ﬁt
1466 4105 1828 4174 splendidior,
1862 4114 2027 4173 atque
2055 4105 2119 4157 ad
2151 4103 2317 4156 Dt'll'lt

718 4203 950 4268 primam
989 4200 1272 4255 veritatem
1295 4240 1308 4263 ,
1339 4210 1601 4269 quantum
1630 4199 1713 4252 fas
1747 4209 1852 4260 est,
1889 4199 2136 4268 proxime
2166 4213 2322 4250 acce-

715 4297 816 4348 dit.
858 4294 1000 4349 l’ace
1044 4305 1230 4348 autem
1282 4294 1696 4361 concordiaque
1747 4293 1799 4345 in
1855 4292 2019 4345 rebus
2076 4291 2321 4345 honestis

715 4405 906 4444 rerum
955 4399 1153 4441 natura
1192 4387 1326 4440 nihil
1375 4387 1539 4439 habet
1571 4385 1787 4453 majus;
1826 4399 1948 4452 qua:
1982 4384 2159 4453 primo
2194 4383 2320 4452 qui-

2418 3167 2605 3238 σχεδὸν
2638 3167 2736 3236 τῆς
2761 3162 3094 3233 οἰκουμένης
3123 3159 3430 3229 πεποιηκὸς
3462 3159 3557 3210 καὶ
3611 3157 3808 3209 πεῖσαν
3839 3153 4017 3208 ᾶπαν-

2415 3282 2515 3328 τας
2556 3263 2694 3334 μετὰ
2730 3258 3040 3330 προθυμίας
3066 3253 3301 3308 ἐνταῦθα
3335 3253 3677 3321 συντρέχειν,
3707 3250 3816 3302 τῶν
3840 3249 4015 3300 ἄλλων
4079 3293 4088 3302 .

2418 3356 2678 3410 ἁπάντων
2712 3354 2916 3423 ἥκιστα
2971 3350 3133 3415 λόγον
3185 3345 3616 3415 πεποιημένους,
3647 3345 3680 3411 ἠ
3725 3341 3837 3392 τῶν
3878 3341 4014 3408 Χρι-

2422 3448 2658 3502 στιανῶν
2699 3447 2961 3500 ἁπάντων
2997 3442 3224 3512 ὁμόνοια
3259 3443 3355 3494 καὶ
3459 3437 3560 3505 τῆς
3591 3433 3850 3506 ἀληθείας
3883 3430 4020 3500 γνῶ-

2420 3546 2503 3605 σίς
2549 3545 2717 3595 ἐστιν’
2750 3533 2827 3592 ὧν
2863 3536 3019 3589 οὐδὲν
3046 3536 3197 3605 ἥδιον
3254 3534 3474 3599 γένοιτο
3506 3531 3616 3593 τοῖς
3646 3527 3716 3580 τὰ
3758 3525 3896 3579 καλά
3925 3527 4019 3603 καὶ

2418 3638 2593 3705 φιλεῖν
2635 3634 2730 3687 καὶ
2794 3629 3054 3699 εὔχεσθαι
3091 3629 3188 3682 καὶ
3225 3625 3552 3687 σπουδάζειν
3610 3618 4018 3686 ἐπισταμένοις.

2421 3730 2497 3780 ’Ἦ
2531 3745 2585 3780 τε
2614 3727 2726 3794 γὰρ
2763 3723 2992 3792 ἀλήθεια
3021 3720 3135 3787 φῶς
3163 3719 3428 3788 ἄντικρυς
3461 3715 3564 3783 τῆς
3610 3711 3843 3778 λογικῆς
3884 3707 4021 3762 καθ-

2427 3819 2627 3887 έστηκε
2665 3813 2906 3884 φύσεως,
2946 3809 3007 3864 οὒ
3051 3811 3222 3880 χωρὶς
3253 3807 3473 3874 ἀνάγκη
3505 3805 3716 3872 ταύτην
3749 3802 3804 3853 ὲν
3844 3799 4023 3866 σκότῳ

2423 3907 2856 3978 κυλινδουμένην
2912 3904 3081 3976 μηδὲν
3118 3900 3425 3956 ἀπόνασθαι
3483 3899 3586 3966 τῆς
3616 3894 3773 3960 ἀξίας
3807 3892 3902 3946 ml.
3927 3888 4023 3944 τοῦ

2423 4003 2712 4073 δεδομένου
2771 4001 2910 4070 αὐτῇ
2978 3999 3363 4067 χαρίσματος·
3418 3994 3516 4045 καὶ
3569 3984 3637 4060 ἦς
3680 3986 4024 4058 δραττομένη

2429 4096 2672 4164 συνεχῶς
2706 4096 2764 4148 ὲν
2794 4095 2862 4164 τῇ
2909 4091 3041 4162 περὶ
3073 4088 3182 4142 τῶν
3217 4085 3612 4155 ἀγνοουμένων
3640 4082 3867 4152 ζητήσει
3902 4080 4027 4132 ἑαυο

2427 4193 2528 4261 τῆς
2561 4207 2621 4242 τε
2657 4188 2878 4256 γίνεται
2911 4180 3294 4253 λαμπροτέρα.
3333 4179 3428 4230 καὶ
3479 4175 3616 4228 Θεοῦ
3667 4174 3768 4240 τῆς
3799 4171 4029 4239 πρώτης

2429 4282 2688 4353 ἀληθείας
2717 4281 2841 4334 ὅσον
2870 4277 3083 4343 ἔξεστιν
3111 4273 3425 4342 ἐγγυτάτω.
3455 4268 3697 4339 Εἰρήνης
3721 4266 3778 4319 δὲ
3802 4267 3898 4319 καὶ
3925 4263 4029 4332 τῆς

2430 4379 2485 4430 ὲν
2516 4376 2592 4445 τῷ
2621 4374 2773 4441 καλῷ
2811 4369 3138 4439 συμφωνίας
3201 4366 3312 4418 τῶν
3331 4366 3388 4418 ὲν
3423 4362 3500 4432 τῷ
3537 4362 3732 4430 κόσμῳ
3759 4359 4025 4429 πραγμάο

713 4485 837 4533 dem
894 4483 945 4532 in
995 4483 1177 4531 anima
1227 4485 1280 4532 et
1323 4478 1682 4544 CottCt'ptiltttS
1712 4477 1875 4545 ejus;
1921 4477 2096 4528 utitur
2135 4483 2319 4527 autem
2358 4439 2399 4493 θ
2431 4488 2471 4522 τι

2270 4489 2319 4527 in
2358 4439 2399 4493 D
2431 4487 2542 4522 των
2567 4439 2766 4537 ’μεῖζον
2818 4463 2995 4525 οὐδὲν,
3052 4459 3369 4531 ἀρχομένης
3407 4457 3508 4527 μὲν
3555 4455 3662 4508 άπδ
3716 4453 3896 4522 ψυχῆς
3936 4455 4028 4505 καὶ

712 4575 1091 4627 νυνι-ἱυτιιιιιε
1131 4573 1298 4626 veluti
1335 4574 1507 4641 signis
1536 4572 1888 4639 quibusdam,
1924 4585 2021 4638 per
2049 4585 2171 4639 qua:
2203 4583 2324 4620 om-

715 4672 880 4724 nibus
931 4675 989 4723 lit
1038 4668 1348 4722 manifesta.
1388 4667 1448 4718 lit
1509 4666 1774 4720 credibile
1819 4665 2038 4733 quidem
2081 4673 2169 4718 est
2197 4677 2320 4717 esse

709 4767 1010 4831 quosdam,
1047 4762 1166 4830 qui,
1220 4761 1342 4815 aliis
1393 4759 1542 4813 durti
1574 4756 2028 4827 cogitationibus,
2075 4765 2128 4810 ct
2178 4757 2317 4807 bona

715 4861 967 4923 ψιςιηίηηι
1007 4856 1326 4925 corporalia
1362 4863 1546 4908 mente
1586 4853 1894 4914 volventes,
1928 4864 2050 4919 quae
2086 4863 2212 4918 spes
2238 4857 2324 4902 est

720 4954 864 5014 forc,
922 4961 980 5003 ut
1017 4961 1329 5003 nascantur
1379 4962 1441 5000 ex
1497 4944 1819 5004 concordia,
1872 4941 2169 4996 alacriores
2218 4937 2320 4992 visi

713 5049 825 5100 sint
866 5044 930 5096 ad
973 5057 1213 5112 pra-scus
1247 5041 1550 5110 negotium.
1585 5037 1715 5092 Mihi
1748 5049 1929 5090 autem
1959 5036 2002 5089 si
2032 5034 2121 5088 cui
2151 5032 2317 5087 etiam

719 5141 816 5196 alii
863 5141 1084 5193 videtur
1115 5138 1361 5207 quidem,
1400 5135 1699 5189 multorum
1737 5146 2175 5203 magnorumque
2218 5130 2318 5183 h0-

719 5253 919 5287 norunt
962 5249 1186 5287 causam
1232 5231 1348 5286 fere
1383 5231 1529 5284 illam
1565 5230 1918 5292 Christianis,
1955 5229 1996 5282 si
2032 5227 2098 5280 de
2139 5225 2206 5279 iis
2238 5240 2322 5277 rc-

722 5331 828 5384 hus
865 5328 1116 5380 ean-dem
1153 5303 1562 5394 amplectantur
1590 5323 1948 5380 sententiam.-
1977 5335 2116 5390 quas
2159 5329 2319 5370 antea

725 5428 780 5477 iﬂ
833 5421 1278 5473 (-nulro‘ersiam
1325 5417 1601 5470 vocabant
1639 5434 1649 5467 ἰ
1691 5428 1952 5468 οτιίυιηιηι
1991 5427 2180 5464 (‘Ol'lllll
2227 5413 2324 5463 tie-

720 5515 927 5570 sidrrio
966 5513 1180 5566 nullum
1231 5509 1534 5578 sapientem
1585 5508 1828 5559 arliitrnr
1864 5506 2068 5557 moveri
2105 5503 2325 5564 dein-rc,

722 5629 822 5666 tier
861 5607 1154 5664 Stattictida
1190 5618 1312 5661 esse
1355 5601 1518 5665 bona,
1555 5618 1675 5670 quae
1727 5601 1918 5654 ultimo
1971 5599 2090 5651 loco
2126 5610 2324 5648 nume-

724 5713 939 5764 rantur,
1000 5711 1052 5754 et
1112 5713 1233 5767 qua:
1284 5695 1544 5750 facillime
1585 5695 1708 5764 quis
1753 5703 2098 5752 conti-munt,
2158 5689 2321 5741 tinem

725 5801 950 5855 maximi
1006 5813 1066 5850 ac
1122 5793 1453 5848 dhinissiuii
1502 5793 1686 5860 operis
1724 5807 1736 5844 :
1777 5788 1869 5841 sed
1919 5787 2036 5839 loci)
2072 5782 2321 5838 omnium

727 5895 867 5955 satis
917 5907 1039 5948 (ssc
1079 5890 1301 5962 quidem
1337 5888 1583 5946 veritatis
1619 5883 2019 5954 cognitionem,
2055 5895 2154 5951 pro
2193 5891 2327 5950 pace

2434 4563 2546 4616 τῶν
2577 4560 2749 4627 αὐτῆς
2805 4555 3120 4624 νοημάτων,
3158 4551 3415 4618 καθάπερ
3454 4548 3511 4601 δέ
3547 4563 3661 4599 τισι
3709 4545 4032 4614 τεκμηρίοις

2431 4658 2541 4717 τοῖς
2573 4653 2676 4718 ἔξω
2703 4649 3020 4720 χρωμένης,
3073 4646 3166 4699 καὶ
3205 4644 3292 4696 διὰ
3313 4640 3521 4693 τούτων
3583 4639 3719 4691 πᾶσι
3764 4653 4033 4703 φανερου-

2437 4751 2628 4820 μένης.
2667 4746 2825 4808 Εἰκὸς
2892 4743 2991 4813 μὲν
3021 4737 3118 4794 οὖν
3183 4741 3300 4791 ἐστι
3356 4735 3452 4788 καὶ
3505 4734 3599 4787 ὑπ’
3631 4732 3809 4785 ἄλλων
3860 4728 4032 4790 ἐνίους

2433 4843 2669 4912 ἄγεσθαι
2702 4838 3015 4907 λογισμῶν,
3048 4834 3146 4887 καὶ
3179 4828 3473 4899 σωματικά
3503 4844 3625 4880 τινα
3679 4820 4028 4893 φανταζομέο

2437 4954 2560 4999 νους
2592 4933 2754 4995 καλὰ,
2784 4932 2819 4986 ἃ.
2864 4934 2965 4999 τὴν
2999 4927 3258 4998 ὁμόνοιαν
3319 4922 3478 4985 ἐλπίς
3532 4921 3685 4971 ἐστιν
3716 4915 4027 4979 ἀποτέξειν,

2435 5028 2887 5101 προθυμοτέρους
2921 5025 3010 5076 ἐττί
3043 5022 3250 5089 ταύτην
3282 5011 3463 5085 ὦφθαι
3493 5015 3591 5086 τὴν
3632 5012 3847 5085 χρείαν.
3890 5007 4033 5061 Ἀλλ’

2434 5127 2628 5193 ἔμπιγε
2671 5121 2732 5174 τὸ
2772 5120 2871 5187 μὲν
2917 5117 3042 5178 τοὺς
3109 5112 3477 5182 Χριστιανοὺς
3532 5110 3685 5178 κοινῇ
3727 5104 4033 5186 εἰληφέναι,

2440 5221 2569 5288 περὶ
2614 5212 2690 5270 ὧν
2738 5213 3125 5284 ἠμφεσϐήτουν
3173 5208 3458 5277 πρότερον,
3513 5202 3758 5272 γνώμας,
3824 5196 4037 5250 πολλῶν

2440 5315 2667 5382 ἀγαθῶν
2700 5314 2794 5362 καὶ
2829 5307 3085 5378 μεγάλων
3122 5307 3299 5357 αἴτιον
3336 5302 3487 5370 σφέσι
3523 5298 3836 5366 γενήσεται,
3875 5295 4037 5360 εἴπερ

2442 5411 2534 5462 καὶ
2567 5404 2712 5474 ἄλλῳ
2739 5421 2816 5472 τῳ
2843 5400 2952 5452 τών
2991 5399 3250 5451 ἁπάντων
3275 5393 3423 5446 δοκεῖ
3443 5408 3456 5420 ·
3478 5391 3583 5442 ὐπὸ
3623 5387 3680 5440 δὲ
3712 5386 3809 5454 τῆς
3831 5384 4037 5437 τούτοιν

2439 5493 2745 5567 ἐπιθυμίας
2791 5496 2982 5548 οὐδένα
3041 5492 3151 5544 τῶν
3208 5484 3648 5554 σπουδαιοτέρων
3707 5475 3865 5549 οἶμαι
3925 5477 4036 5530 δεῖν

2442 5593 2788 5662 κεκινῆσθαι,
2823 5588 2956 5658 μηδὲ
2984 5587 3187 5638 σκοπὸν
3235 5582 3330 5634 τοῦ
3368 5580 3633 5650 μεγίστου
3691 5576 3785 5628 καὶ
3817 5573 4034 5626 θειοτά-

2440 5708 2535 5743 του
2564 5689 2671 5740 τῶν
2709 5685 2890 5752 ἔργων
2918 5683 2982 5732 τὰ
3009 5677 3324 5746 φαυλότερα
3360 5674 3466 5726 τῶν
3509 5670 3734 5735 ἀγαθῶν
3784 5666 4035 5735 προτιθέ-

2438 5800 2549 5840 ναι,
2587 5778 2680 5829 καὶ
2713 5770 2787 5826 ὦν
2819 5775 2878 5825 ἂν
2911 5790 2993 5832 τις
3027 5771 3198 5839 ῥᾷστα
3230 5765 3704 5834 καταφρονήσειεν
3727 5775 3739 5789 ’
3774 5758 3909 5812 ἀλλά
3940 5756 4038 5825 τὴν

2441 5877 2540 5949 μὲν
2584 5873 2786 5942 γνῶσιν
2825 5869 2917 5940 τῆς
2955 5865 3212 5935 ἀληθείας
3246 5862 3366 5916 ἀντὶ
3402 5861 3611 5914 πάντα».
3646 5857 3864 5928 ἀρκεῖν,
3892 5851 4034 5920 ὑπὲρ
