4452 6450
467 367 574 432 ὅθθ

1655 385 2001 448 ORATIO-1
2047 388 2084 445 Α
2101 389 2145 448 l)
2181 392 2564 457 SYNOllUM.

3613 402 3669 462 4i
3684 403 3719 461 0

469 486 522 535 δὲ
557 485 657 553 τῆς
693 485 799 536 τῶν
834 487 972 540 δλων
1005 492 1231 558 εἰρήνης
1261 495 1352 544 καὶ
1387 495 1452 548 τὰ
1481 496 1712 552 πλεῖστα
1734 502 1842 553 τῶν
1871 504 2042 570 ὑπαρ-
2073 503 2114 557 Α
2150 516 2214 556 au

1960 521 2042 570 ιρ-
2073 503 2114 557 Α
2150 512 2333 558 autem
2362 506 2645 559 communi
2678 507 3071 575 projiciendam
3101 521 3221 561 esse
3247 506 3560 561 facultatum
3597 523 3718 572 par-

467 575 667 641 χᾶντων
698 577 893 644 χρῆναι
924 580 1208 647 προέσθαι.
1249 586 1406 637 Δυοῖν
1463 589 1644 641 τοίνυν
1689 592 1917 657 τούτοιν,
1966 590 2041 648 ὧν

464 667 623 718 ἕνεκα
655 672 749 721 καὶ
782 671 907 732 τοὺς
937 673 1166 734 πολλοὺς
1216 676 1534 746 ὑπέστημεν
1562 683 1780 744 πόνους,
1812 685 2042 752 θάτερον

469 757 564 821 μὲν
605 760 1029 830 κατωρθωκὸσιν
1064 765 1218 834 ἡμῖν,
1249 767 1347 836 τὴν
1381 771 1582 833 γνῶσιν
1611 773 1752 837 λέγω
1783 775 1879 843 τῆς
1906 778 2040 847 ἀλης

465 850 634 913 θείας,
687 851 902 923 ἀνάγκη
963 857 1113 908 πᾶσα
1173 859 1265 909 καὶ
1318 860 1378 911 τὸ
1413 860 1597 914 λοιπὸν
1629 865 2037 924 ἐπακολουθεῖν.

466 942 630 994 Ούῗὲν
653 943 759 1012 γὰρ
802 945 977 1011 ἔσται,
1016 948 1115 1015 τῆς
1146 951 1406 1020 ἀληθείας
1440 956 1568 1024 περὶ
1603 957 1712 1009 τῶν
1759 960 2039 1030 ἀμφισὸη-

463 1035 744 1102 τουμένων
781 1038 1232 1110 ἐπιγνωσθείσης,
1267 1043 1293 1096 ὃ
1342 1047 1433 1097 καὶ
1487 1047 1648 1101 πάλιν
1681 1051 1810 1118 ἡμῖν
1864 1053 2037 1120 σχίσει

465 1125 564 1187 τὰς
598 1128 844 1196 γνώμας,
899 1132 994 1182 καὶ
1029 1134 1127 1201 τὴν
1180 1139 1510 1208 οἰκουμένην
1566 1142 1767 1208 ὁμοίως
1820 1143 2038 1197 ἅπασαν

462 1217 746 1271 διελεῖται.
775 1219 915 1272 Οῦτε
949 1222 1057 1290 γὰρ
1099 1227 1227 1295 περὶ
1287 1228 1391 1296 γῆς
1421 1230 1561 1298 ὅρων
1594 1234 1624 1303 ἢ
1658 1236 1955 1302 χρημάτων
2002 1237 2034 1304 ἢ

467 1310 646 1377 νήσων
683 1312 776 1364 καὶ
818 1314 1026 1368 πόλεων
1084 1318 1238 1381 δίκας
1275 1323 1605 1391 πράττοντες
1636 1326 2036 1397 καθεδούμεθα,

464 1400 575 1454 οὐδ’
607 1403 816 1470 ἥκομεν
848 1405 1055 1458 τούτων
1086 1408 1252 1462 ἓνεκα
1286 1411 1384 1478 τὴν
1417 1414 1612 1484 ἀρχὴν,
1658 1415 1782 1470 οὔτε
1814 1418 2063 1473 δυνατόν’

463 1494 577 1545 ἐστι
612 1494 969 1562 περὶτούτων
1009 1499 1218 1564 πάντας
1273 1504 1443 1555 πᾶσιν
1509 1508 1902 1576 ἀμφισϐητεῖν.
1947 1494 2038 1564 Ei-

470 1586 766 1652 ρηνεύσαντ
780 1603 831 1647 ες
861 1587 912 1637 δὲ
946 1587 1080 1655 πρὸς
1114 1589 1378 1659 ἀλλήλους
1403 1593 1532 1645 ἄνευ
1561 1595 1654 1648 τοῦ
1680 1600 1773 1648 καὶ
1808 1599 1933 1668 περὶ
1969 1599 2038 1651 τὰ

463 1674 708 1743 δόγματα
744 1680 1058 1732 παντάπασι
1084 1684 1418 1750 συμφωνεῖν.
1447 1686 1539 1737 καὶ
1563 1686 1661 1754 τὴν
1692 1688 1859 1757 αὐτὴν
1889 1691 2038 1758 παρά

465 1768 596 1817 πᾶσι
630 1768 904 1836 κρατῆσαι
931 1770 1114 1837 δόξαν,
1144 1776 1274 1843 περὶ
1313 1769 1389 1826 ὧν
1444 1783 1668 1830 σκοπεῖν
1721 1781 2033 1848 πρόκειται,

461 1855 598 1924 πρὸς
631 1856 710 1925 τῷ
753 1859 886 1930 μηδὲ
917 1862 1015 1930 τὴν
1045 1841 1274 1934 είρήνην
1300 1863 1364 1917 ἀν
1404 1865 1703 1935 δυνηθῆναι
1740 1841 1909 1920 σῶσαι
1941 1841 2036 1936 μέξ
2068 1841 2109 1896 Β

460 1965 551 2016 χρι
587 1949 811 2015 πολλοῦ,
851 1953 942 2006 ἐπὶ
984 1953 1183 2021 σαθροῦ
1217 1973 1359 2020 τινος
1410 1957 1766 2027 ίδρυνθεῖσαν,
1805 1964 1900 2014 καὶ
1936 1963 2046 2029 τῆς

458 2037 717 2106 ἀληθείας
770 2040 899 2094 ἀλλο
938 2059 991 2097 τι
1047 2044 1275 2113 δόξομεν
1329 2051 1624 2119 προτιμᾷν,
1670 2053 1702 2121 ἡ
1740 2053 1877 2122 μόνη
1923 2054 2034 2106 τῶν

461 2130 674 2182 πολλῶν
725 2134 1103 2203 ἀναλωμάτων
1173 2138 1266 2190 καὶ
1315 2139 1492 2193 πόνων
1551 2141 1704 2204 τέλος
1737 2143 1934 2208 γένοιτ’
1968 2145 2034 2198 ἂν

459 2221 607 2286 ἀξιον
628 2239 643 2255 ·
688 2225 782 2278 καὶ
807 2225 1085 2296 πρόφασιν
1113 2230 1210 2298 μὲν
1238 2230 1333 2283 τοῦ
1367 2233 1645 2288 συνελθεῖν
1672 2235 1910 2290 ἐνταῦθα
1936 2239 2035 2308 τὴν

455 2315 596 2380 περὶ·
641 2317 752 2369 τῶν
810 2317 1098 2388 δογμάτων
1153 2322 1384 2393 ἔρευναν
1438 2323 1601 2392 εἴναι,
1646 2329 1706 2381 τὸ
1757 2331 1801 2382 δ’
1833 2331 2035 2400 ἀληθὲς

451 2408 610 2477 ἥκειν
665 2411 935 2475 ἑκάστους
987 2413 1206 2479 ἑαυτοῖς
1266 2418 1475 2485 ἀγαθόν
1524 2439 1576 2474 τι
1604 2425 2036 2494 περιποιησομέ-

462 2518 606 2564 νους,
644 2503 736 2554 καὶ
769 2503 864 2555 τὸν
903 2506 1044 2560 κατά
1077 2505 1251 2559 ταῦτα
1283 2507 1398 2577 βίον
1425 2511 1636 2580 ἀμείνω
1693 2518 2034 2571 κατασκευά-

455 2611 668 2657 σοντας.
704 2595 896 2650 Ταῦτα
938 2596 982 2650 δ’
1036 2599 1181 2665 ὑμᾶς
1236 2603 1480 2671 ἠγοῦμαι
1541 2607 1757 2670 πάντως
1806 2610 2059 2676 φυλάΞε-“

452 2686 599 2748 σθαι,
649 2687 724 2750 ὡς
776 2690 908 2741 πᾶσι
960 2691 1217 2763 μᾶλλονῆ
1247 2695 1555 2763 ἀνθρώποις
1581 2699 1688 2751 ὑπὸ
1712 2699 1808 2752 τοῦ
1867 2701 2036 2755 lived-

456 2798 624 2849 ματος
652 2782 948 2850 ἀγομένοις
982 2788 1078 2839 καὶ
1109 2788 1207 2855 τὴν
1240 2789 1505 2860 ἀλήθειαν
1541 2793 1858 2863 προτιμῶσι
1896 2795 2032 2849 πάν-

449 2892 559 2928 των
590 2877 960 2945 ἁρμόττοντα.

522 2969 733 3021 Οὐκοῦν
758 2972 969 3022 ἐκείνου
996 2973 1088 3025 καὶ
1139 2973 1355 3040 πρώτου
1419 2975 1514 3028 καὶ
1569 2977 1773 3045 μᾶλλον
1829 2979 2031 3050 πρέπει

452 3062 759 3128 φροντίσαι,
789 3057 849 3115 οῦ
872 3065 930 3115 τὸ
963 3065 1244 3133 προσῆκον
1296 3068 1468 3136 πέρας
1515 3071 1901 3139 ἀπειληφότος.
1937 3075 2033 3127 αύ-

2147 605 2250 648 tcm
2285 595 2364 648 vel
2402 597 2719 652 maximam‘.
2752 597 2887 650 Cum
2918 599 3078 667 igitur
3108 599 3302 651 horum
3329 597 3585 660 duorum,
3622 615 3718 664 pm

2143 681 2343 750 quibus
2397 695 2504 737 tam
2547 685 2750 739 multos
2805 686 3018 740 labores
3072 687 3435 753 suscepimus,
3483 688 3716 738 alterum

2142 775 2356 842 egregie
2415 777 2856 844 prastiterimus,
2913 777 3170 830 nimirum
3217 777 3463 830 veritatis
3521 777 3712 842 copui-

2142 863 2380 930 tionem;
2422 883 2642 922 necesse
2674 870 2898 922 omnino
2930 879 3014 923 est
3047 869 3277 921 alterum
3316 883 3532 935 quoque
3574 884 3707 921 cou-

2141 965 2428 1024 sequatur.
2469 958 2703 1012 Veritate
2733 959 2876 1013 enim
2921 960 3105 1029 agnita
3146 975 3325 1013 reruiu
3357 975 3475 1027 quae
3518 976 3704 1012 τρι-εει.

2141 1047 2339 1100 bantur
2394 1049 2445 1102 in
2484 1052 2883 1116 controversia,
2936 1052 3072 1105 nihil
3130 1053 3236 1106 erit
3288 1051 3523 1119 amplius
3566 1055 3710 1119 quod

2142 1149 2358 1193 nostros
2397 1141 2609 1195 animos
2658 1141 2958 1212 disjuugat,
2997 1153 3281 1216 totumque
3326 1152 3594 1195 terrarqu
3626 1157 3716 1193 or-

2142 1232 2261 1285 bcm
2325 1234 2580 1287 similiter
2634 1235 2906 1290 distrahat
2955 1253 2967 1288 :
3009 1251 3183 1303 neque
3236 1238 3381 1288 enim
3437 1235 3504 1289 de
3558 1245 3716 1288 terra:

2141 1325 2415 1388 confiniis,
2446 1335 2540 1380 aut
2575 1329 2828 1395 pecunia,
2861 1337 2953 1381 aut
2988 1328 3183 1382 insulis
3208 1341 3260 1382 et
3291 1328 3524 1382 urbibus
3561 1343 3718 1382 recu-

2141 1417 2396 1484 perandis
2420 1419 2578 1472 otiosi
2607 1420 2943 1485 litigabimus
2970 1437 2984 1482 ;
3021 1435 3193 1488 neque
3223 1435 3445 1489 prorsus
3477 1421 3613 1474 hanc
3643 1421 3715 1474 ob

2139 1523 2360 1563 causam
2396 1509 2620 1578 profecti
2652 1525 2865 1572 sumus,
2900 1527 3074 1578 neque
3111 1512 3220 1566 fieri
3258 1521 3431 1580 potest
3497 1523 3547 1565 ut
3587 1527 3713 1580 pro-

2140 1612 2258 1670 pter
2292 1601 2406 1655 haec
2435 1603 2692 1656 omnibus
2721 1611 2910 1656 contra
2945 1619 3136 1657 omnes
3169 1605 3231 1656 lis
3269 1605 3500 1657 oriatur.
3534 1603 3639 1657 Sed
3669 1604 3715 1656 si

2140 1709 2329 1762 pacem
2389 1693 2745 1748 conficiamus
2801 1695 2936 1747 citra
2987 1693 3197 1748 firmam
3252 1697 3318 1748 de
3363 1695 3714 1763 dogmatibus

2141 1787 2583 1852 consensionem,
2619 1803 2893 1857 unamque
2938 1804 2966 1842 a
3008 1789 3225 1843 eunetis
3274 1797 3545 1856 receptam
3591 1803 3714 1841 sen-

2143 1880 2366 1933 tentiam
2402 1881 2469 1933 de
2514 1881 2581 1934 iis
2614 1895 2737 1949 qua:
2773 1882 2934 1934 modo
2969 1889 3318 1945 tractantur;
3352 1892 3710 1950 praeterquam

2142 1971 2285 2041 quod
2330 1986 2514 2039 pacem
2559 1971 2650 2026 diu
2685 1987 3014 2027 conservare
3059 1989 3163 2026 non
3201 1974 3526 2042 poterimus,
3553 1972 3715 2024 debili

2145 2063 2497 2118 fundamento
2530 2065 2802 2132 innixam,
2837 2067 3145 2120 videbimur
3167 2069 3330 2120 etiam
3367 2067 3577 2119 veritati
3613 2065 3717 2132 ipsi

2142 2157 2344 2226 aliquid
2405 2158 2549 2213 aliud
2610 2173 2964 2229 praeponere,
3020 2175 3142 2226 quae
3178 2174 3283 2214 una
3341 2161 3540 2227 dignus
3590 2157 3712 2213 finis

2142 2251 2414 2305 exstiterit
2462 2253 2758 2306 multorum
2819 2262 3134 2318 sumptuum
3197 2263 3360 2322 atque
3419 2253 3716 2305 laborum:

2145 2343 2416 2397 videbitur
2454 2358 2675 2413 quoque
2727 2343 3090 2416 profectionis
3126 2356 3325 2400 nostrae
3376 2359 3498 2398 vera
3553 2359 3719 2399 causa

2144 2454 2250 2492 non
2287 2438 2458 2492 fuisse
2491 2438 2773 2506 inquisitio
2805 2440 3146 2508 dogmatum,
3205 2439 3298 2493 sed
3334 2447 3392 2490 ut
3423 2439 3722 2505 unusquis-

2142 2546 2248 2599 que
2273 2531 2400 2584 boni
2434 2531 2638 2600 aliquid
2689 2532 2949 2593 lucretur.
2987 2542 3040 2585 et
3090 2532 3214 2584 vitae
3255 2533 3398 2600 quod
3450 2541 3718 2596 superest.

2144 2624 2393 2677 traducat
2439 2623 2761 2691 jucundius.
2799 2624 2919 2678 Have
2954 2635 3140 2678 autem
3187 2640 3282 2676 vos
3320 2626 3476 2692 plane
3517 2625 3721 2675 devita-

2142 2727 2292 2770 turos
2315 2710 2594 2781 existimo,
2629 2726 2688 2770 ut
2719 2717 2895 2769 cuivis
2921 2717 3100 2785 potius
3131 2717 3486 2784 congruentia
3556 2732 3719 2784 quam

2145 2807 2506 2871 hominibus,
2557 2809 2649 2878 qui
2702 2809 2909 2879 Spiritu
2962 2811 3266 2876 ducuntur,
3323 2811 3723 2876 veritatemque

2141 2904 2395 2960 omnibus
2429 2904 2749 2974 praeferunt.

2216 2997 2288 3052 De
2313 2999 2404 3052 illo
2430 2998 2591 3069 igitur
2618 3008 2668 3052 et
2701 2999 3022 3068 primoloco
3065 3009 3114 3051 et
3143 2999 3316 3066 magis
3348 3008 3429 3053 est
3463 2999 3604 3065 cogit
3627 3013 3679 3049 In
3705 3026 3718 3038 -

2141 3089 2270 3142 dum
2302 3107 2314 3155 ;
2354 3091 2498 3159 quod
2537 3090 2582 3144 si
2619 3090 2686 3143 ad
2722 3090 2962 3144 debitum
3001 3091 3332 3159 perducatur
3370 3091 3554 3154 liuent,
3593 3105 3720 3141 con-

447 3156 585 3210 τίκα,
613 3157 680 3208 τὰ
718 3158 953 3224 κρείττω
984 3159 1080 3211 καὶ
1135 3161 1264 3230 περὶ
1310 3164 1417 3214 τῶν
1489 3165 1799 3218 ὑπολοίπων
1854 3167 2029 3230 ἔξεστι
2059 3195 2107 3258 c
2142 3182 2205 3235 ιῖι

1956 3186 2029 3222 ττι
2059 3195 2107 3258 c
2142 3182 2296 3235 tinuo
2337 3181 2548 3249 reliqua
2579 3183 2744 3235 etiam
2781 3197 3046 3251 prospera
3080 3189 3208 3237 sunt
3240 3183 3624 3249 exspectanda.
3660 3180 3714 3232 Si

447 3250 778 3319 προσδοκᾷν.
817 3252 916 3304 ‘Av
951 3254 1061 3320 γὰρ
1095 3253 1196 3322 τὴν
1248 3256 1511 3322 ἀλήθειαν
1553 3262 1689 3312 πᾶσι
1735 3264 1834 3330 μὲν
1867 3263 2037 3332 ζητῆοο

452 3363 543 3396 σαι
575 3345 798 3413 τρόποις
826 3345 1173 3414 θελήσωμεν,
1213 3353 1481 3417 φανεῖσαν
1517 3353 1571 3405 δὲ
1639 3356 1889 3423 ἁρπάσαι
1941 3358 2036 3419 καὶ

450 3442 770 3508 κατασχεῖν,
829 3440 1144 3509 ἀναλάμψει
1183 3442 1282 3511 μὲν
1325 3445 1384 3496 τὸ
1426 3445 1522 3512 τῆς
1557 3448 1809 3514 ὁμονοίας
1848 3451 2032 3513 καλὸν,

451 3530 590 3583 τὸδὲ
621 3530 718 3583 τοῦ
785 3533 1087 3600 σχίσματος
1143 3535 1439 3604 λυθήσεται
1489 3538 1665 3604 νέφος·
1704 3540 1800 3592 καὶ
1850 3542 2034 3594 οὐκέτι

452 3626 843 3694 προστιθέντες
867 3628 1054 3689 κακῶς
1085 3628 1117 3698 ἢ
1174 3629 1608 3696 φιλονεικοῦντες
1640 3634 1872 3700 ἀλόγως,
1927 3637 2035 3690 τῶν

451 3719 702 3785 ἀδελφῶν
755 3720 1285 3790 ἁπορῤαγησόμεθα.
1319 3721 1426 3775 Τοῦ
1458 3724 1512 3776 δὲ
1548 3727 1738 3794 μίσους
1791 3730 1884 3780 καὶ
1936 3731 2033 3796 τῆς

450 3813 642 3880 ἀηδίας
675 3810 820 3864 οὕτω
847 3812 1143 3878 λυθέντων,
1197 3817 1590 3887 μεταδώσομεν
1623 3821 1876 3890 ἀλλήλοις
1923 3826 2034 3876 τῶν

450 3905 583 3971 παρ’
615 3906 745 3974 ἡμῖν
786 3907 1032 3972 ἀγαθῶν,
1068 3909 1158 3959 καὶ
1189 3909 1443 3977 καθάπερ
1493 3913 1710 3976 οἰκείοις
1745 3916 1839 3968 καὶ
1897 3934 2032 3983 συγ-

446 4001 640 4067 γενέσι
672 3998 1024 4068 χρησόμεθα·’
1055 4003 1147 4052 καὶ
1179 4002 1314 4065 ὅλως
1344 4004 1442 4055 οὑκ
1474 4004 1586 4057 ἐσθ’
1609 4007 1636 4058 ὅ
1671 4025 1722 4058 τι
1758 4009 1868 4060 τῶν
1901 4012 2036 4077 ἀγα-

445 4093 557 4145 θῶν
585 4094 681 4160 οὑχ
712 4091 905 4159 ἕψεται
939 4093 1307 4162 παραχρῆμα.
1362 4096 1505 4164 Ἐγὼ
1531 4097 1574 4149 δ’
1602 4099 1810 4168 εἴποιμ’
1840 4101 1925 4168 ἂν,
1960 4104 2035 4166 ὡς

445 4186 494 4237 σί
532 4187 626 4238 καὶ
655 4186 763 4236 τῶν
792 4185 1154 4255 ὑπαρχόντων
1187 4188 1489 4257 ἐμέλλομεν
1527 4192 1822 4244 ἐκπίπτειν
1856 4195 2034 4248 ἀπαν-

443 4295 578 4339 των,
607 4279 700 4329 καὶ
742 4278 981 4346 πένητες
1010 4280 1106 4330 καὶ
1133 4279 1312 4342 ἄδοξοι
1362 4282 1461 4350 τὴν
1510 4285 1846 4355 οἰκουμένην
1879 4305 2035 4356 περι-

447 4369 656 4420 νοστεῖν
677 4369 742 4420 ὲκ
756 4365 854 4419 τοῦ
879 4367 1145 4436 πλείστην
1169 4371 1430 4434 φροντίδα
1450 4372 1640 4425 θέσθαι
1659 4377 1756 4445 τῆς
1774 4377 2032 4446 ἀληθείας

443 4458 538 4508 καὶ
572 4457 702 4524 περὶ
734 4455 942 4526 ταύτης
996 4459 1303 4526 σκέψασθαι
1370 4460 1672 4531 προύργου,
1735 4467 1857 4536 μηδ’
1888 4467 2032 4521 οὕτω

2137 3272 2282 3325 enim
2322 3272 2497 3327 modis
2528 3272 2783 3328 omnibus
2815 3274 3099 3326 veritatem
3139 3288 3406 3340 qurerere.
3447 3281 3500 3323 et
3543 3272 3715 3322 visam

2137 3366 2379 3431 arripere
2407 3379 2472 3418 ac
2506 3363 2739 3418 retinere
2770 3365 3023 3427 velimus,
3052 3365 3323 3418 elueescet
3345 3365 3562 3432 quidem
3589 3378 3721 3414 cnn-

2136 3455 2339 3510 cordia:
2385 3454 2611 3517 bonum,
2649 3453 2979 3509 discutietur
3014 3467 3194 3508 autem
3248 3452 3570 3508 sehismatis
3620 3468 3725 3503 uu-

2139 3547 2231 3601 bes
2271 3563 2284 3600 :
2329 3561 2506 3613 neque
2559 3546 2697 3599 ultra
2744 3557 2837 3600 aut
2875 3547 3075 3616 iniquis
3122 3546 3591 3616 aggressionibus,
3629 3553 3722 3597 aut

2137 3640 2293 3693 vanis
2328 3640 2834 3694 concertationibus
2863 3639 3221 3709 sejungcmur
3253 3653 3280 3691 a
3323 3637 3607 3693 fratribus.
3643 3637 3717 3689 Ita

2138 3748 2303 3802 porro
2354 3732 2568 3787 sublato
2626 3733 2776 3793 odio,
2844 3733 3182 3802 placatisque
3230 3734 3441 3786 aversis
3496 3731 3722 3791 animis.

2139 3826 2299 3903 alteri
2347 3841 2470 3880 cum
2521 3827 2706 3880 alteris
2758 3826 2894 3880 bona
2943 3836 3128 3880 nostra
3166 3826 3721 3888 communicabimus,

2140 3918 2498 3989 amniumque
2551 3928 2604 3972 et
2637 3928 3001 3988 cognatorum
3057 3921 3177 3973 loco
3223 3920 3587 3973 habebimus:
3624 3933 3724 3972 nec

2138 4013 2244 4068 erit
2272 4014 2440 4066 ullum
2476 4017 2702 4074 omnino
2732 4016 2960 4074 bonum.
2995 4013 3138 4082 quod
3183 4028 3289 4066 non
3335 4014 3460 4067 site
3492 4013 3723 4080 vestigio

2137 4114 2481 4161 secuturum.
2529 4106 2640 4174 Ego
2673 4122 2801 4159 vero
2835 4106 2997 4160 etiam
3030 4103 3284 4168 dixerim,
3320 4103 3420 4157 etsi
3455 4104 3721 4155 bonorum

2136 4200 2387 4253 omnium
2420 4198 2692 4266 jacturam
2729 4214 2978 4253 essemus
3011 4196 3233 4261 facturi,
3264 4206 3317 4250 et
3353 4197 3599 4263 vagaturi
3631 4211 3725 4264 per

2136 4292 2320 4344 Orbem
2354 4291 2543 4359 inopes
2573 4301 2626 4345 et
2669 4291 2885 4362 iuglorii
2929 4299 3147 4360 pr0ptcr
3196 4290 3492 4343 maximam
3526 4291 3590 4342 de
3637 4304 3728 4340 ve-

2138 4386 2297 4440 ritate
2346 4385 2795 4449 sollicitudincm,
2843 4392 2896 4438 et
2929 4385 3128 4439 seriam
3169 4384 3288 4452 ejus
3317 4385 3726 4442 tractationem,

2138 4479 2272 4532 nihil
2319 4487 2500 4533 tamen
2533 4479 2599 4533 de
2648 4477 2834 4532 studio
2881 4492 2990 4546 quo
3030 4477 3176 4530 illam
3218 4475 3570 4544 inquirimus,
3605 4489 3729 4528 esse

434 4547 553 4604 ’δεῖν
583 4553 681 4621 τῆς
731 4551 862 4621 περὶ
890 4552 1097 4621 ταύτην
1142 4555 1380 4623 σπουδῆς
1425 4558 1608 4609 ὁτιοῦν
1663 4561 2030 4631 καθυφεῖναιο
2069 4575 2110 4628 ι)
2142 4589 2192 4628 οι

1966 4581 2030 4614 ιι⁹
2069 4573 2372 4628 DOmnino
2432 4572 2868 4637 remittendum;
2929 4585 3029 4624 nee
3087 4571 3232 4625 aliud
3294 4570 3724 4623 existimandum

447 4644 583 4712 μηδὲ
607 4642 856 4710 νομίζειν
891 4642 1021 4695 ἄλλο
1083 4661 1135 4696 τι
1199 4646 1259 4697 τὸ
1312 4647 1581 4718 ἡμέτερον
1625 4653 1832 4718 ἀγαθὸν
1892 4656 2030 4724 πλὴν

440 4736 674 4806 ταύτης,
704 4739 796 4789 καὶ
840 4736 941 4806 τὴν
972 4737 1332 4809 ἀνθρωπίνην
1363 4740 1737 4811 εὐδαιμονίαν.
1778 4745 1956 4801 Ὅπου
1979 4748 2036 4801 δὲ

442 4832 538 4884 καὶ
564 4830 736 4885 τάλλα
772 4830 862 4883 διὰ
888 4830 1099 4901 ταύτην
1136 4832 1270 4901 ἡμῖν
1301 4835 1611 4903 περιέσται,
1647 4839 1794 4891 οὕτω
1841 4858 1900 4894 τε
1932 4841 2032 4908 τῆς

440 4923 551 4976 τῶν
585 4923 935 4992 πραγμάτων
962 4922 1184 4990 φύσεως
1233 4927 1605 4998 ἀπαιτούσης,
1640 4931 1736 4983 καὶ
1766 4932 1859 4984 τοῦ
1895 4932 2034 4988 Θεοῦ

442 5017 616 5088 χάριν
639 5017 772 5086 ἡμῖν
800 5018 899 5086 τῆς
933 5020 1065 5088 περὶ
1101 5019 1162 5070 τὸ
1202 5021 1496 5075 κάλλιστόν
1540 5040 1599 5076 τε
1633 5025 1728 5079 καὶ
1758 5025 2034 5082 θειότατον

442 5112 833 5181 πραγματείας
867 5113 1107 5165 ἐκτίνειν
1131 5113 1442 5180 ἐθέλοντος,
1479 5118 1597 5182 πῶς
1635 5119 1696 5173 ού
1735 5125 1829 5172 καὶ
1860 5123 2033 5193 ταύτῃ

441 5207 681 5275 μάλιστα
710 5205 804 5259 τοῦ
862 5207 1151 5276 χρήματος
1203 5213 1578 5276 φροντιστέον,
1643 5217 1738 5267 καὶ
1793 5217 2033 5268 σπουδα-

439 5298 598 5351 στέον
623 5298 756 5352 αὐτὸ
814 5298 1000 5351 λαϐεῖν
1054 5301 1154 5371 ὅση
1211 5301 1442 5371 δύναμις
1480 5321 1494 5368 ;
1527 5306 1649 5359 Ὀτι
1687 5307 1743 5360 δὲ
1783 5310 1903 5362 οὐδὲ
1934 5311 2035 5376 τῆς

441 5393 669 5461 εἰρήνης
697 5392 858 5445 ἄλλον
898 5394 1020 5444 τινὰ
1061 5395 1272 5464 τρόπον
1311 5385 1740 5470 καθισταμένης,
1773 5404 2034 5470 ἀσφαλῶς

438 5485 572 5552 ἡμῖν
631 5483 928 5535 ἀπολαύειν
982 5482 1221 5550 ἐξέσται,
1273 5484 1391 5538 ἀλλ’
1455 5486 1574 5549 ἑνός
1636 5505 1781 5551 τινος
1836 5491 2034 5560 ἀηδοῦς

436 5574 805 5642 ὁποτέρωθεν,
855 5573 945 5628 οἶα
1000 5574 1154 5644 φιλεῖ
1206 5576 1481 5644 γίνεσθαι,
1534 5582 2033 5650 συμπεπτωκότος,

442 5671 719 5737 πρόφασιν
765 5669 1108 5738 ποιησόμεθα
1141 5672 1378 5740 πολέμου
1410 5675 1506 5726 καὶ
1566 5674 1750 5745 μάχης
1800 5678 1901 5748 τὴν
1937 5679 2036 5732 ἐπὶ

438 5763 550 5815 τῶν
589 5762 881 5830 δογμάτων
940 5765 1314 5832 ἀσυμϐασίαν,
1354 5767 1448 5819 καὶ
1500 5768 1664 5822 πάλιν
1722 5772 1898 5843 ὀνείδη
1942 5773 2033 5826 καὶ

440 5857 756 5928 (ruﬁ/pays?
792 5857 908 5934 κατ’
953 5857 1199 5931 ἀλλήλων
1235 5860 1418 5930 ἕξουσι
1453 5863 1660 5934 χώραν,
1719 5868 1811 5920 καὶ
1844 5867 1902 5919 τὸ
1932 5869 2033 5938 μά-

2143 4667 2340 4721 bonum
2379 4675 2646 4726 nostrum,
2685 4664 2803 4719 sive
2834 4664 3150 4717 felicitatem
3184 4664 3504 4717 humanam.
3533 4672 3730 4730 pt'utlt'l'

2141 4762 2278 4813 hanc
2326 4759 2525 4828 ipsam.
2572 4756 2707 4811 Cum
2766 4743 2933 4828 igitur
2979 4764 3033 4810 et
3094 4759 3303 4824 reliqua
3357 4768 3576 4825 propter
3607 4770 3724 4810 eam

2140 4866 2430 4905 accessura
2460 4852 2593 4914 sint,
2623 4851 2695 4905 ita
2730 4863 2916 4905 rerum
2959 4860 3155 4904 natura
3195 4852 3465 4917 exigente,
3505 4849 3728 4917 Deoque

2140 4957 2240 4995 nos
2291 4953 2509 5011 propter
2559 4957 2698 5012 opus
2748 4942 3178 5010 pulcherrimum
3214 4957 3277 4995 ac
3322 4943 3724 4997 divinissimuut

2142 5048 2501 5087 remunerare
2557 5034 2792 5098 volente,
2843 5050 2945 5088 cur
2992 5034 3135 5090 hanc
3171 5037 3334 5089 etiam
3383 5035 3452 5089 ob
3506 5049 3726 5089 causam

2140 5140 2245 5178 non
2296 5126 2364 5180 sit
2396 5126 2466 5180 (ἰν
2518 5129 2619 5182 hac
2665 5143 2722 5181 rc
2769 5128 3010 5182 maxime
3057 5129 3435 5197 cogitandum,
3491 5131 3730 5198 totisque

2140 5220 2346 5273 viribus
2381 5220 2446 5274 ad
2504 5225 2902 5292 asscqucndam
2954 5241 3072 5277 cam
3126 5225 3535 5278 laborandum?
3572 5226 3728 5290 Qttml

2140 5324 2268 5362 vero
2310 5309 2354 5362 si
2387 5327 2486 5379 pax
2520 5311 2624 5365 alia
2669 5315 2864 5383 quavis
2911 5316 3121 5370 ratione
3173 5317 3283 5380 tiat,
3324 5319 3480 5371 nobis
3517 5334 3576 5372 ea
3614 5328 3730 5370 tuto

2139 5403 2240 5456 frui
2281 5419 2387 5457 non
2423 5405 2629 5472 licebit,
2664 5411 2757 5461 sed
2808 5423 2870 5462 ex
2904 5410 3112 5463 utravis
3147 5421 3325 5478 parte,
3377 5426 3433 5464 re
3471 5413 3727 5481 quapiam

2141 5497 2345 5552 minus
2370 5498 2610 5569 jucunda
2646 5501 3020 5573 contingente,
3055 5503 3180 5557 belli
3234 5519 3296 5558 ac
3331 5520 3524 5573 pugnae
3566 5518 3749 5560 θυι-τιν’

2140 5594 2221 5647 sio
2254 5593 2343 5647 fiet
2376 5595 2752 5662 discrepantia
2801 5600 3138 5667 dogmatum,
3175 5611 3227 5654 et
3280 5617 3474 5655 rursus
3518 5602 3735 5668 probris

2140 5693 2192 5736 et
2249 5686 2642 5754 scriptionibus
2696 5689 3092 5746 conﬂictationi
3150 5703 3350 5747 mutua:
3404 5694 3557 5748 lucus
3605 5695 3727 5756 erit,

2137 5788 2190 5832 ct
2222 5779 2401 5834 inanis
2437 5781 2708 5836 videbitur
2746 5792 2857 5837 tota
2895 5785 3006 5838 haec,
3037 5801 3219 5839 rerum
3255 5789 3534 5839 innovatio
3574 5806 3586 5841 :
3626 5804 3726 5851 ego

2138 5872 2359 5942 quidem
2404 5873 2712 5942 ostendere,
2755 5878 3009 5948 quamvis
3053 5878 3204 5936 nullo
3240 5879 3457 5952 negotio
3486 5880 3721 5950 possim,
