4452 6450
768 362 874 426 493

1916 364 2297 424 ΟΕῗςΝΛῦῐΙ
2340 365 2423 425 Ci‘
2480 367 2698 430 PATR.
2766 373 2987 434 RClI.E

3942 381 4042 448 (24

773 478 1187 547 par-vipenderc,
1223 493 1346 531 eum
1386 485 1531 532 stent
1563 477 1632 531 ab
1665 486 1900 545 utraque
1932 481 2099 532 niulta
2159 481 2354 546 partim
2388 488 2428 539 Λ
2461 485 2525 550 τὴ

2283 481 2354 531 im
2388 488 2428 539 Λ
2461 485 2553 550 τὴν
2591 486 2815 555 εἰρήνην
2845 488 3059 540 τελείαν
3109 481 3295 557 ετργον
3337 490 3675 558 νομίζεσθαυ
3729 494 3863 548 ἀλλά
3913 501 4040 566 περὶ

768 566 989 634 quidem
1016 582 1079 621 ex
1120 567 1421 635 Scripturis
1457 579 1695 635 sumpta,
1731 570 1930 636 partim
1962 585 2089 622 vero
2116 573 2355 622 humano

771 660 954 712 studio
984 669 1220 725 reperta,
1252 674 1373 724 quae
1407 657 1613 711 faciunt
1655 669 1711 711 ttt
1742 658 1959 712 difficile
1994 661 2251 713 omnibus
2273 660 2355 712 vi-

761 750 958 802 deatur
987 749 1055 802 de
1090 750 1175 802 bis
1208 749 1352 802 ferre
1380 750 1672 817 judicium.
1705 749 1770 802 Et
1801 752 2092 818 Opiniones
2126 753 2242 803 ista?
2275 753 2354 803 in-

763 851 844 894 ter
875 857 972 893 nos
1020 853 1178 893 antea
1206 844 1568 895 versabantur
1605 844 1655 895 in
1691 845 2066 897 controversia
2099 860 2111 895 :
2142 853 2194 896 ct
2221 845 2349 896 illud

761 948 859 984 nos
892 933 1054 986 simul
1090 934 1364 994 turbabat,
1393 934 1648 987 timentes
1700 948 1764 987 ne
1801 949 1829 986 a
1857 934 2084 987 veritate
2128 935 2352 986 aberra-

760 1035 966 1083 remUs,
993 1031 1045 1074 ct
1081 1024 1370 1074 maximam
1400 1025 1736 1077 mstimantes
1766 1024 2158 1086 Calamitatcm,
2190 1024 2233 1077 si
2261 1024 2348 1077 cui

758 1127 880 1164 eum
921 1114 1086 1165 fratre
1121 1115 1381 1181 pugnanti
1420 1116 1762 1182 contingeret
1800 1123 1854 1167 et
1899 1129 2024 1167 cum
2062 1113 2169 1179 Deo
2199 1113 2350 1164 belli-

757 1219 968 1272 εον-πυ,
1005 1207 1197 1260 abesse
1233 1207 1390 1275 longe
1419 1223 1446 1259 a
1481 1210 1730 1268 veritate,
1762 1222 1862 1276 pro
1893 1209 2095 1274 quibus
2138 1205 2339 1258 bellum

755 1305 874 1348 erat
895 1306 1233 1364 susci-ptnm.
1256 1295 1380 1349 [iam
1406 1312 1569 1364 porro
1597 1300 1662 1350 de
1692 1299 1797 1351 illis
1826 1298 1946 1349 dico
1971 1296 2062 1364 qui
2089 1296 2343 1363 sapiunt;

755 1401 880 1438 nam
916 1384 1161 1438 homines
1190 1385 1499 1451 pcrvieaees
1571 1397 1624 1440 et
1685 1387 2081 1447 contentiosos,
2140 1400 2345 1453 eosque

755 1479 848 1545 qtti
889 1491 986 1544 pro
1017 1491 1146 1528 vero
1188 1475 1318 1528 illud
1345 1481 1518 1530 solum
1557 1479 1757 1532 habent
1795 1480 1882 1531 cui
1909 1480 2073 1532 semel
2101 1479 2348 1531 adnasc-

754 1571 885 1626 t'tltl.
919 1573 1151 1617 etaurcs
1171 1567 1433 1619 claudunt
1460 1572 1756 1623 contrariis
1791 1571 2114 1631 rationibus,
2146 1571 2344 1622 missos

750 1661 892 1712 facio
919 1678 932 1716 :
968 1678 1130 1731 quos,
1166 1679 1269 1716 non
1299 1663 1444 1731 quod
1476 1677 1597 1714 vera
1620 1676 1742 1715 esse
1767 1663 1944 1714 sciant
2006 1678 2129 1730 qua:
2159 1677 2344 1715 sense-

749 1750 883 1810 rint,
918 1761 1012 1804 aut
1041 1753 1333 1820 ejusmodi,
1369 1763 1427 1806 ut
1467 1754 1642 1805 refelli
1685 1770 1792 1805 non
1836 1754 2068 1821 possint,
2114 1767 2175 1805 ea
2210 1766 2332 1806 cre-

2458 572 2624 635 εοξῶν
2648 576 2778 642 ἡμῖν
2811 579 2840 644 ἡ
2883 580 3027 646 μάχη
3078 580 3166 630 καί
3219 582 3246 631 ὁ
3294 579 3530 648 πόλεμος
3572 578 3640 651 ἦν
3664 623 3678 642 ,
3718 586 3811 636 καὶ
3845 585 4036 649 δοξῶν,

2460 662 2630 713 αὐτοῦ
2665 669 2764 731 τῆς
2798 668 3073 735 ἡμετέρας
3106 669 3339 729 πίστεως
3390 671 3712 738 ἁπτομένων
3741 673 3835 724 τοῦ
3867 689 4037 739 κειρα-

2458 752 2632 815 λαίου,
2671 755 2764 806 καὶ
2815 752 2888 808 ὧν
2946 759 3074 819 τοὺς
3127 759 3336 829 θατέρᾳ
3388 762 3887 830 προσ-τεθειμένους
3939 766 4039 816 οὐκ

2455 843 2572 894 εστι
2624 846 2940 898 παντάπασι
2995 849 3092 917 τῆς
3150 849 3343 918 ἐτέρας
3403 855 3791 920 καταφρονεῖν,
3829 855 4038 905 πολλῶν

2455 935 2693 1006 ἑκατέρᾳ
2734 940 3205 1008 συνηγορούντων,
3249 943 3355 992 τῶν
3408 944 3506 1009 μὲν
3541 946 3806 1012 κειμένων
3840 948 3898 998 ἐν
3920 951 4040 1008 ταῖς

2456 1025 2722 1094 Γραφαῖς,
2751 1029 2860 1079 τῶν
2912 1028 2958 1079 δ’
2992 1031 3095 1080 ὑπὸ
3126 1034 3223 1099 τῆς
3263 1033 3612 1101 ἀνθρωπίνης
3660 1037 4038 1104 ἐξευρημένων

2455 1115 2709 1183 μελέτης,
2757 1117 2852 1168 καὶ
2905 1118 3204 1171 ποιούντων
3260 1122 3432 1173 ἅπασι
3487 1122 3723 1191 δυσχερῆ
3772 1127 3869 1191 τὴν
3910 1129 4038 1195 περὶ

2452 1208 2659 1260 τούτων
2691 1209 2978 1275 φαίνεσθαι
3017 1214 3222 1279 κρίσν.
3260 1214 3368 1265 Καὶ
3428 1218 3553 1281 περὶ
3600 1218 3807 1267 τούτων
3838 1235 3898 1282 γε
3934 1220 4039 1268 τῶν

2451 1299 2618 1362 δοξῶν
2647 1301 2897 1370 ἀλλήλοις
2947 1304 3188 1372 πρόσθεν
3218 1305 3614 1373 διεφερόμεθα,
3653 1309 3789 1374 μετὰ
3819 1308 3913 1359 τοῦ
3942 1311 4038 1360 καὶ

2453 1394 2588 1461 πρὸς
2615 1393 2812 1456 αὐτοὺς
2841 1395 3202 1464 τεταράχθαι,
3239 1400 3333 1447 καὶ
3362 1399 3459 1464 τὴν
3492 1400 3601 1450 ἀπὸ
3647 1399 3745 1464 τῆς
3773 1399 4034 1467 ἀληθείας

2449 1484 2726 1537 ἔκπτωσιν
2759 1488 2984 1554 τρέμειν
3012 1526 3026 1549 ,
3067 1489 3160 1538 καὶ
3212 1490 3506 1556 συμφορὰν
3562 1491 3816 1555 ἡγεῖσθαι
3874 1493 4036 1557 μεγί-

2451 1595 2605 1646 στην,
2665 1579 2729 1629 ἂν
2763 1578 2947 1646 συμδῇ
2985 1595 3091 1630 τινι
3143 1581 3256 1639 τοῖς
3296 1581 3552 1646 ἀδελφοῖς
3589 1582 3905 1648 μαχομένῳ,
3939 1585 4033 1632 καὶ

2447 1664 2567 1732 θεῷ
2626 1665 2932 1732 πολεμεῖν,
2991 1669 3084 1718 καὶ
3136 1669 3232 1736 τῆς
3286 1669 3548 1736 ἀληθείας
3612 1672 4027 1737 διαμαρτάνειν,

2447 1756 2585 1823 ὑπὲρ
2617 1749 2691 1807 ὧν
2745 1758 2772 1806 ὁ
2828 1757 3062 1824 πόλεμος
3097 1754 3185 1827 ἦν.
3220 1756 3409 1812 Ταῦτα
3474 1761 3530 1810 δὲ
3584 1762 3714 1829 περὶ
3766 1763 3875 1812 τῶν
3907 1763 4031 1814 νοῦν

747 1845 875 1897 dere
907 1818 1356 1917 dicatquispiam
1386 1864 1399 1900 :
1441 1848 1532 1903 sed
1567 1849 1695 1918 quia
1728 1818 1897 1902 semel
1928 1856 2194 1917 concepta
2224 1847 2324 1900 sibi
2372 1818 2411 1872 Β
2443 1849 2503 1916 ex

2278 1847 2324 1898 bi
2372 1818 2411 1872 Β
2443 1818 2678 1916 ἐχόντων
2706 1854 2885 1916 φημί·
2916 1818 3042 1912 τοὺς
3087 1818 3196 1919 γἀρ
3231 1818 3711 1920 ἰσχυρογνὼμονας
3759 1856 3852 1906 καὶ
3887 1855 4033 1920 φιλο-

745 1937 832 1988 illa
862 1940 1183 2005 probantur.

2445 1939 2660 1998 νείκους
2699 1943 3089 2010 παραιτητέον,
3124 1945 3218 1993 καὶ
3267 1944 3394 2005 τοὺς
3426 1939 3598 2012 οὗπερ
3637 1947 3703 1996 ἀν
3736 1945 4027 2008 λάϐωνται,

741 2031 888 2084 τ.ὖτ’
924 2028 1066 2085 εἶναι
1127 2033 1287 2101 μόνον
1354 2031 1587 2098 τάληθὲς
1639 2033 2014 2102 ἡγουμένους,
2082 2034 2175 2087 καὶ
2226 2036 2338 2094 τοῖς
2378 2033 2640 2096 ἐναντίοις
2674 2033 2856 2099 λόγοις
2924 2035 3022 2096 τὰς
3075 2036 3243 2097 ἀκοὰς
3301 2036 3739 2098 ἀποκλείοντας·
3793 2037 3886 2100 οὓς
3933 2040 4029 2106 οὐχ

738 2125 822 2175 ὅτι
862 2126 1168 2177 συνοίδασιν
1211 2123 1468 2191 ἀληθέσιν
1511 2117 1629 2175 οὖσι
1681 2129 1773 2176 καὶ
1828 2127 2103 2193 κρείττοσι
2148 2124 2331 2193 πάσης
2371 2122 2705 2191 ἀντιλογίας,
2740 2125 2857 2177 ἀλλ’
2886 2127 2969 2178 ὅτι
3011 2126 3195 2193 σφίσιν
3235 2125 3569 2196 ἀρέσκουσιν
3596 2123 3676 2191 οἷς
3756 2128 3822 2180 ἂν

736 2222 983 2289 νήσαιεν,
1018 2219 1295 2269 πιστεύειν
1331 2218 1475 2269 εἴποι
1519 2235 1598 2280 τις
1633 2219 1722 2271 ἄν.

809 2313 934 2367 lbec
974 2313 1138 2381 igitur
1160 2329 1283 2366 cum
1315 2315 1391 2366 ita
1435 2328 1491 2366 se
1547 2312 1803 2374 habeant,
1827 2312 1868 2365 si
1905 2312 2147 2366 futurum
2181 2320 2329 2367 esset

737 2422 790 2458 ut
814 2447 826 2469 ,
860 2407 1134 2460 exstincto
1165 2416 1352 2460 mutuo
1402 2408 1543 2460 inter
1576 2422 1677 2461 nos
1731 2408 1894 2468 bello,
1923 2407 2188 2460 continuo
2224 2422 2327 2474 pax

732 2502 895 2554 nobis
927 2510 1096 2559 esset,
1139 2500 1342 2567 Deique
1374 2500 1526 2551 favor
1556 2500 1693 2553 bene
1734 2500 1800 2553 de
1836 2501 1926 2552 illo
1960 2499 2328 2553 sentientibus

733 2596 987 2658 adesset,
1060 2596 1176 2647 sive
1229 2593 1371 2661 quod
1436 2596 1784 2662 prosperiore
1828 2592 2060 2661 quadarn
2110 2592 2327 2646 fortuna

732 2689 920 2742 verior
953 2689 1114 2741 nobis
1186 2687 1484 2755 placuisset
1525 2687 1821 2752 sententia,
1873 2689 1988 2740 sive
2045 2685 2207 2738 aliam
2256 2688 2327 2738 ob

728 2795 956 2833 oausam
987 2779 1119 2830 uiltil
1155 2779 1497 2843 timentibus,
1534 2778 1856 2846 nullumque
1891 2774 2204 2844 periculum
2229 2784 2327 2828 aut

727 2874 994 2925 damnum
1049 2871 1499 2937 formidantibus,
1568 2870 1713 2941 quod
1760 2884 1866 2924 non
1904 2868 2172 2924 fuerimus
2230 2883 2325 2922 vo-

728 2966 995 3017 luntaletu
1023 2965 1284 3028 assecuti,
1321 2965 1456 3018 satis
1509 2963 1667 3017 nobis
1698 2970 1846 3016 esset
1892 2961 2014 3016 loco
2078 2959 2323 3013 omnium

725 3072 1155 3126 gc-rerepaccm,
1185 3073 1291 3127 qua
1327 3067 1612 3125 utcunque
1654 3055 1933 3119 confecta,
1990 3052 2126 3108 nihil
2182 3066 2322 3122 opus

722 3160 868 3205 esset
897 3153 962 3205 ad
997 3151 1103 3205 alia
1136 3151 1387 3206 studiose
1432 3150 1774 3204 incumbere.
1814 3149 2014 3204 Verum
2041 3148 2196 3217 quia,
2225 3148 2323 3201 de-

724 3250 901 3314 posita
925 3248 1286 3300 coiitentione
1313 3256 1635 3315 apparente,
1683 3243 1822 3298 bella
1859 3244 2019 3298 nobis
2058 3243 2163 3297 alia
2230 3258 2321 3296 su-

724 3345 987 3403 pererunt
1020 3335 1322 3400 deteriora,
1363 3335 1630 3404 pacisque
1700 3335 1902 3389 bonum
1955 3333 2129 3388 deerit
2173 3349 2326 3402 aeque

725 3443 788 3480 ac
837 3429 1012 3494 prius,
1072 3430 1338 3497 quiddam
1379 3430 1562 3497 potius
1611 3429 1756 3482 aliud
1816 3442 1980 3497 quam
2020 3428 2173 3497 pacis
2232 3442 2325 3480 ue-

720 3522 929 3588 gotinm
966 3530 1207 3575 tractare
1268 3522 1601 3587 videbimur,
1658 3529 1750 3573 aut
1816 3536 2043 3589 prorsus
2107 3519 2323 3573 nescire

719 3617 998 3683 quomodo
1032 3615 1134 3670 voti
1163 3625 1444 3682 compotes
1479 3615 1589 3668 fieri
1637 3615 1958 3678 debeamus,
2009 3614 2079 3678 si,
2119 3614 2320 3667 nostris

717 3722 933 3765 tantmn
971 3712 1133 3764 rebus
1170 3709 1300 3764 hinc
1358 3710 1482 3763 inde
1545 3709 1687 3763 bene
1731 3708 2077 3776 compositis,
2144 3718 2316 3761 totum

715 3820 856 3873 Opus
899 3823 926 3856 a
989 3806 1147 3858 nobis
1208 3803 1524 3859 absolutum
1556 3803 2024 3859 existimabimus.
2082 3800 2136 3855 Si
2191 3816 2318 3855 vero

715 3913 933 3962 contra,
968 3901 1238 3955 ordiendo
1264 3915 1292 3952 a
1320 3898 1698 3969 dogmatibus,
1724 3913 2024 3968 pacemque
2055 3911 2178 3949 cum
2208 3894 2316 3949 Deo

713 3995 963 4048 studiose
995 3993 1388 4063 perquirendo,
1417 3993 1602 4047 statim
1638 4001 1834 4046 rant-ra
1875 3990 2058 4041 omnia
2096 3989 2314 4052 cedent,

711 4097 769 4140 et
800 4089 971 4139 multa
998 4087 1106 4140 erit
1127 4085 1372 4153 undique
1404 4083 1795 4152 tranquillitas,
1849 4092 1903 4134 et
1948 4095 2111 4150 quam
2157 4094 2315 4133 nemo

715 4183 892 4246 possit
927 4177 1077 4230 eﬂ‘ari
1117 4178 1390 4245 voluptas,
1445 4175 1705 4230 omnibus
1765 4174 1907 4226 inter
1961 4187 2020 4227 se
2070 4186 2310 4225 consen-

711 4268 980 4322 tientibus
1035 4266 1427 4327 exterioribus,
1491 4263 1869 4326 interioribus,
1903 4276 2029 4328 erga
2098 4274 2194 4313 nos
2229 4262 2312 4311 iu-

710 4363 912 4425 xieem,
948 4373 1074 4423 erga
1113 4357 1280 4410 Deum
1311 4395 1324 4417 ,
1356 4355 1611 4424 hancque
1664 4352 1798 4406 adeo
1830 4350 2084 4404 stabilem
2107 4358 2160 4402 et
2217 4347 2310 4402 ﬁr—

710 4468 879 4516 marn,
909 4453 1155 4519 adeoqoe
1192 4450 1462 4504 illustrem
1498 4449 1762 4500 uoitatem
1818 4445 1952 4497 nihil
1982 4445 2309 4507 obscurare,

3895 2145 4027 2198 (990⁸

2509 2311 2730 2365 Τούτων
2774 2312 2955 2365 τοίνυν
2986 2312 3162 2374 οὕτως
3205 2313 3458 2382 ἐχόντων,
3494 2315 3542 2367 εἰ
3581 2314 3683 2382 μὲν
3725 2315 4026 2385 ἐμέλλομεν

2435 2409 2528 2462 τον
2574 2407 2712 2474 «pa;
2763 2407 3030 2475 ἀλλήλους
3083 2409 3395 2470 παύσαντες
3427 2409 3690 2476 πόλεμον,
3729 2409 3892 2472 εὐθὺς
3936 2411 4024 2461 καὶ

2436 2502 2572 2570 πρὸς
2599 2501 2745 2568 ἡμᾶς
2769 2500 2963 2561 αὐτοὺς
2994 2501 3302 2569 εἰρηνεύειν
3351 2503 3445 2552 καὶ
3476 2503 3545 2552 τὰ
3577 2502 3716 2570 πρὸς
3760 2503 3893 2552 Θεὸν
3928 2502 3988 2553 εὐ
4008 2530 4024 2540 -

2437 2594 2640 2660 τυχεῖν,
2674 2593 2706 2660 ἢ
2743 2592 2881 2660 τύχῃ
2911 2592 3019 2643 τινί
3051 2591 3152 2658 τῆς
3177 2591 3553 2660 ἀληθεστέρας
3573 2592 3732 2662 δόξης
3761 2593 4028 2661 ἐπειλημ-

2444 2687 2616 2755 μένοι,
2652 2687 2683 2753 ῆ
2713 2689 2805 2737 καὶ
2833 2684 3026 2736 τούτου
3058 2687 3250 2754 χωρὶς,
3276 2685 3428 2737 οὐδὲν
3451 2685 3708 2750 δεδιότες,
3750 2687 3882 2755 μηδὲ
3915 2690 4028 2739 κίν-

2436 2777 2592 2830 δυνόν
2620 2795 2745 2829 τινα
2769 2778 2864 2829 καὶ
2890 2777 3097 2846 ζημίαν
3126 2782 3188 2848 ἐκ
3222 2776 3316 2828 τοῦ
3353 2778 3454 2845 τῆς
3483 2778 3738 2846 ἀληθείας
3770 2781 4026 2832 ἐκπεσεῖν

2437 2868 2807 2938 ὑφορώμενοι,
2867 2871 2989 2921 ἀντὶ
3052 2868 3369 2926 πάντων,ἃν
3433 2869 3748 2938 ἀπέχρησεν
3805 2871 3938 2938 ἡμῖν
3992 2874 4025 2940 ή

2436 2963 2574 3032 πρὸς
2606 2961 2872 3028 ἀλλήλους
2896 2961 3112 3029 εἰρήνψ
3147 2964 3240 3013 καὶ
3270 2961 3478 3032 ταύτην
3511 2963 3658 3022 ὅπως
3691 2964 3822 3014 ποτε
3860 2982 4026 3015 καταο

2437 3057 2713 3126 πράξασιν
2757 3054 2858 3106 οὐκ
2894 3054 2960 3107 ἂν
2993 3053 3180 3122 ἐδέησε
3231 3054 3329 3120 τῆς
3362 3055 3495 3122 περὶ
3543 3055 3711 3106 τᾶλλα
3746 3056 3982 3120 σπουδῆς
4009 3072 4020 3085 ·

2437 3151 2559 3202 ἐπεὶ
2592 3150 2670 3215 δὲ,
2697 3148 2798 3214 τῆς
2831 3148 3165 3214 φαινομένης
3207 3145 3610 3215 καταλυθείσης
3659 3147 4018 3213 φιλονεικίας,

2436 3245 2615 3314 ἕτεροι
2646 3243 2866 3313 χείρους
2915 3242 3049 3310 ήμῖν
3103 3237 3596 3308 ὑπολειφθήσονται
3642 3242 3894 3310 πολεμοι,
3931 3245 4023 3294 καὶ

2434 3337 2495 3387 τὸ
2525 3335 2624 3404 τῆς
2658 3335 2884 3402 εἰρήνης
2913 3332 3071 3401 ἡμῶν
3105 3333 3344 3384 ἀπέσται
3393 3332 3557 3384 καλὸν
3598 3333 3755 3385 οὐδὲν
3793 3329 3956 3404 ἦττον
3989 3335 4020 3401 ἢ
4104 3333 4109 3337 ’

2434 3428 2727 3496 πρότερον,
2762 3426 2893 3478 ἀλλο
2917 3442 2968 3477 τι
3005 3425 3210 3493 μᾶλλον
3261 3424 3294 3492 ἢ
3359 3426 3458 3495 τὴν
3511 3426 3737 3496 εἰρήνην
3797 3427 4022 3494 δόξωμεν

2433 3518 2948 3587 πραγματεύεσθαι,
2997 3518 3028 3586 ἢ
3067 3518 3202 3586 μηδὲ
3264 3519 3498 3587 συνορᾷν
3532 3519 3632 3586 τὴν
3660 3521 3837 3590 ἀρχὴν
3874 3523 4020 3575 ὅπως

2430 3610 2510 3660 δεῖ
2537 3607 2828 3677 τυγχάνειν
2856 3608 2950 3660 τοῦ
2990 3605 3353 3674 ποθουμένου,
3389 3607 3438 3657 εἰ
3473 3609 3634 3674 μόνον
3664 3610 3728 3659 τά
3760 3615 3894 3676 πρ3ς
3926 3609 4021 3660 αλ-

2429 3703 2628 3771 λήλους
2657 3701 2719 3755 εὖ
2769 3700 3084 3769 διαθέμενοι
3120 3699 3446 3768 ἡγησόμεθα
3501 3700 3559 3750 τὸ
3595 3703 3704 3752 πᾶν
3734 3702 4013 3769 ήμυκὲναι.

2431 3795 2490 3846 Εἰ
2526 3795 2581 3846 δὲ
2632 3793 2949 3846 τούναντίον
2999 3793 3098 3863 τὴν
3145 3793 3323 3862 ἀρχὴν
3371 3795 3434 3845 ὲκ
3465 3792 3575 3846 τῶν
3604 3793 3893 3857 δογμάτων
3926 3798 4015 3847 λαι

2428 3886 2606 3947 δοῦσι,
2640 3887 2734 3939 κοιλι
2771 3885 2868 3954 τὴν
2899 3887 3036 3954 προς
3081 3884 3213 3937 Θεὸν
3271 3886 3504 3954 εἰρήνην
3540 3887 3818 3956 προῦργου
3853 3886 4019 3954 ζητῄ-

2429 3996 2586 4031 σασιν
2614 3977 2815 4031 αὐτίκα
2837 3976 3005 4030 τᾶλλα
3030 3975 3211 4027 πάντα
3258 3975 3489 4040 ὑπείξει,
3524 3977 3617 4028 καὶ
3639 3979 3848 4046 γαλήνη
3888 3979 4018 4043 etpri—

2424 4073 2527 4140 δρα
2561 4069 2901 4139 πανταχόθεν
2932 4068 3084 4120 ἔσται
3120 4070 3216 4120 καὶ
3250 4069 3408 4138 ἡδονή
3445 4087 3529 4132 τις
3563 4071 3825 4140 ἅρρητος,
3878 4071 4014 4121 πάν.

2425 4184 2534 4219 των
2560 4165 2732 4217 ἅπασι
2774 4162 3236 4230 συμφωνούντων,
3272 4163 3381 4214 τῶν
3411 4163 3536 4227 ἔξω,
3572 4165 3679 4214 τῶν
3708 4164 3877 4223 ἔνδον,
3906 4165 4015 4216 τῶν

2427 4261 2563 4330 πρὸς
2596 4257 2880 4326 ἀλλήλους,
2918 4257 3029 4309 τῶν
3076 4256 3211 4326 πρδς
3244 4256 3403 4321 Θεὸν,
3462 4257 3558 4308 καὶ
3609 4259 3814 4326 ταύτην
3869 4256 4014 4308 οὕτω

2427 4351 2528 4420 μὲν
2557 4349 2786 4420 βεῦαίαν
2828 4347 2924 4400 καὶ
2958 4348 3209 4416 μόνιμον,
3245 4346 3396 4398 οὕτω
3427 4347 3483 4398 δὲ
3521 4346 3781 4415 λαμπρὰν
3818 4346 4014 4398 ἕνωσιν

2421 4441 2585 4494 οὖσαν
2617 4440 2769 4491 οὐδὲν
2796 4437 3102 4507 ἀμαυροῦν,
3135 4439 3290 4489 οὐδὲν
3339 4437 3588 4489 σαλεύειν
3616 4440 3752 4498 ὅλως
3784 4436 4012 4504 δυνήσε-

709 4546 845 4599 nih.l
879 4545 1104 4598 omnino
1129 4552 1328 4613 poterit
1353 4541 1703 4602 labefactare,
1734 4539 1896 4609 plane
1950 4535 2307 4590 manifectum
2346 4568 2384 4623 υ
2421 4551 2467 4584 τι

2259 4551 2307 4588 ιη
2346 4568 2384 4623 D
2421 4551 2533 4596 ται,
2572 4532 2837 4599 πρόδηλον
2869 4532 3046 4598 δήπου
3081 4531 3423 4597 καθέστηκεν
3471 4529 3546 4592 ὡς
3579 4530 3793 4581 ἐκεῖθεν
3835 4527 4008 4599 ἀρξα-

706 4648 794 4692 est
861 4654 983 4691 esse
1044 4637 1170 4690 inde
1226 4635 1576 4692 ordiendum.
1647 4632 1763 4686 Imo
1813 4645 1940 4685 vero
1993 4643 2099 4682 non
2162 4627 2311 4698 pacis

705 4733 996 4785 exordium
1035 4730 1166 4783 illud
1198 4731 1528 4793 voeandutn,
1558 4727 1655 4783 sed
1683 4740 1867 4781 veram
1900 4722 2312 4793 perfectamque

705 4842 918 4895 pacem,
953 4833 1007 4879 et
1060 4823 1329 4892 quidquid
1391 4821 1592 4876 dixerit
1623 4819 1901 4888 quispiam
1963 4833 2030 4870 ex
2087 4818 2154 4871 iis
2187 4831 2310 4886 qua:

703 4919 1089 4988 requiruntur,
1115 4917 1563 4986 amplectentem.
1617 4913 1721 4980 Qui
1753 4914 1900 4966 enim
1963 4921 2125 4965 erunt
2173 4913 2310 4966 adeo

706 5027 990 5082 procaces,
1027 5021 1079 5063 et
1113 5010 1352 5079 pr0priae
1413 5007 1611 5062 salutis
1668 5008 1876 5066 hostes,
1914 5013 1972 5057 ttt
2021 5012 2145 5073 post
2199 5003 2307 5056 hu-

700 5105 939 5174 jusmodi
980 5119 1168 5172 pacem
1206 5103 1312 5156 alio
1348 5101 1606 5172 quopiam
1663 5109 1932 5169 praetextu
1992 5096 2233 5152 conficto
2277 5111 2305 5148 a

707 5203 935 5255 fratrum
970 5200 1362 5254 connnunioue
1391 5193 1771 5250 divellautur?
1817 5191 1929 5261 Ego
1954 5193 2100 5247 enim
2144 5191 2306 5261 plane

705 5313 773 5351 ne
796 5297 1044 5349 relictam
1072 5295 1291 5362 quidem
1336 5292 1493 5347 \ideo
1528 5290 1765 5358 maligne
1796 5302 1959 5354 agere
1988 5284 2305 5340 volentibus

699 5393 864 5445 ullam
909 5393 1280 5444 occasionem.
1306 5386 1480 5454 Quem
1518 5401 1648 5439 vero
1673 5399 1769 5439 vos
1804 5375 1954 5436 adeo
1987 5381 2298 5434 dementem

696 5485 1056 5546 existimatis,
1093 5492 1294 5550 utpost
1335 5491 1576 5535 vestram
1643 5477 1974 5531 Setiteutiatn
2011 5476 2081 5526 tle
2135 5474 2299 5527 rebus

697 5576 993 5647 propositis
1035 5576 1220 5637 latam,
1250 5574 1358 5625 imo
1401 5587 1526 5625 vero
1553 5585 1715 5636 quam
1756 5567 1900 5622 Deus
1949 5566 2088 5619 feret
2118 5566 2168 5617 iu
2207 5580 2299 5616 Vo-

696 5676 800 5738 bts,
835 5673 1014 5725 adhuc
1058 5672 1171 5740 ipse
1195 5669 1467 5722 ﬂuctuans
1499 5663 1777 5735 angatur?

760 5858 898 5915 Cum
926 5857 1090 5930 igitur
1122 5854 1222 5910 tria
1276 5853 1386 5908 sint
1421 5866 1542 5922 qum
1589 5850 1654 5905 ad
1703 5845 2164 5904 θὺευίιιιίεείιιισηι
2212 5858 2298 5897 re-

2419 4628 2542 4679 σθαι
2572 4625 2672 4677 δεί’
2706 4624 2909 4694 μᾶλλον
2932 4623 2989 4676 δὲ
3009 4623 3119 4674 οὐδ’
3143 4622 3317 4691 ἀρχὴν
3347 4623 3574 4691 εἰρήνης
3600 4625 3781 4674 έκεῖνο
3804 4627 4008 4690 πρέπει

2415 4720 2623 4781 καλεῖν,
2658 4716 2775 4769 ἀλλ’
2816 4717 3042 4785 εἰρήνην
3093 4714 3272 4783 ἀληθῆ
3305 4717 3400 4766 καὶ
3455 4715 3690 4779 τελείαν,
3724 4715 3817 4766 καὶ
3845 4717 3953 4767 πᾶν
3981 4717 4008 4766 ὃ

2413 4827 2464 4863 τι
2498 4809 2563 4862 ἂν
2593 4808 2741 4860 είποι
2790 4825 2874 4868 τις
2909 4807 3022 4858 τῶν
3070 4807 3204 4875 πρὸς
3243 4806 3412 4874 αὐτὴν
3443 4805 3797 4872 ζητουμένων
3848 4822 4006 4874 περι-

2411 4901 2823 4971 λαμὸἀνουσαν.
2849 4900 3006 4961 Τίνες
3028 4899 3132 4968 γὰρ
3155 4897 3331 4960 οὕτως
3355 4898 3597 4959 ἀναιδεῖς
3626 4897 3831 4965 καὶτῆς
3855 4899 4007 4965 σφῶν

2412 4995 2691 5065 σωτηρίας
2729 4995 3005 5063 πολέμιοι,
3037 4992 3194 5058 ,ὥστε
3245 4992 3340 5044 καὶ
3371 4994 3511 5061 μετά
3559 4992 3820 5062 τοιαύτην
3853 4992 4003 5062 είρή-

2409 5106 2507 5158 νην
2551 5088 2719 5156 ἀλλην
2770 5088 2894 5140 τινὰ
2942 5083 3402 5154 συμπλασάμενοι
3439 5084 3723 5154 πρόφασιν
3752 5083 3849 5152 τῆς
3894 5084 4005 5134 τῶν

2408 5177 2656 5248 ἀδελφῶν
2699 5176 3157 5247 ἁπορῥήγνυσθαι
3196 5177 3526 5241 καινιονίαςς
3560 5176 3778 5229 Μᾶλλον
3811 5175 4003 5234 ator}?

2409 5273 2523 5342 ὁρῶ
2569 5289 2691 5325 τινα
2729 5273 3003 5342 πρόφασιν
3063 5274 3176 5335 τοῖς
3211 5271 3456 5323 ἐθέλουσι
3508 5275 3842 5340 κακουργεῖν
3875 5271 4005 5322 ὑπο-

2406 5365 2767 5436 λειπομένην.
2801 5365 2937 5416 Τίνα
2989 5364 3033 5418 δ’
3062 5365 3240 5418 οῖεσθε
3277 5364 3492 5432 φρενῶν
3541 5365 3683 5418 οὕτω
3719 5363 4000 5428 παντελῶς

2405 5459 2760 5528 ἐστερῆσθαι,
2797 5457 2872 5520 ὡς
2905 5458 2998 5510 καὶ
3045 5454 3189 5526 μετα
3226 5458 3322 5526 τὴν
3379 5458 3660 5526 ὑμετέραν
3690 5456 3894 5526 ψῇρον,
3931 5456 4000 5527 ἢν

2405 5553 2535 5623 περὶ
2570 5551 2680 5604 τῶν
2706 5551 3088 5620 προκειμένων
3110 5551 3374 5616 ἐξοίσετε,
3402 5551 3607 5619 μᾶλλον
3640 5549 3684 5602 δ’
3708 5553 3774 5620 ῆν
3801 5549 3998 5613 ἐξοίσει

2403 5646 2534 5708 Θεὸς
2565 5647 2621 5698 ὲν
2647 5644 2796 5714 ὑμῖν,
2831 5643 2908 5695 ἔτι
2945 5669 2960 5684 ο
2982 5643 3070 5712 ρος
3102 5643 3302 5698 ἑαυτζν
3335 5642 3695 5716 περὶτούτων
3718 5639 4002 5712 ἀμφισϐη-

2403 5739 2597 5792 τοῦντα
2633 5740 2937 5809 πράγματα
2979 5739 3162 5807 Exim;

2479 5833 2692 5887 Οὐκοῦν
2728 5833 2898 5902 τριῶν
2935 5833 3105 5887 ὄντων
3141 5835 3246 5887 τῶν
3278 5834 3413 5906 πρὸς
3471 5836 3568 5908 τὴν
3601 5835 3781 5906 ἄκραν
3807 5832 4000 5905 ζητου-
