4452 6450
520 428 624 494 429

1704 433 1990 494 ORATIO
2032 432 2049 490 l
2085 431 2182 490 AD
2213 429 2599 492 SYNODUM.

3679 436 3787 500 430

518 546 691 614 πεζῆς
724 563 778 598 τε
818 546 912 598 καὶ
949 547 1208 614 ναυτ;κῆς
1250 547 1344 599 καὶ
1389 550 1713 617 στρατηγῶν
1743 553 1837 602 καὶ
1887 549 2092 619 καιρῶν
2128 550 2169 605 Α
2201 561 2276 600 064

2026 549 2092 602 ὧν
2128 550 2169 605 Α
2201 545 2609 606 occasi0iiiln:s,
2650 555 2702 596 et
2737 554 2997 613 tempere,
3037 547 3180 614 quod
3209 548 3280 601 sit
3313 547 3387 601 rei
3421 551 3784 620 magnitudini

515 640 607 691 καὶ
639 639 832 706 χρόνου
859 638 936 706 τῷ
967 639 1186 708 μεγέθει
1219 639 1316 692 τοῦ
1349 643 1679 708 πράγματος
1705 643 2090 712 ὲξαρκοῦντοςς

512 729 653 782 ὥστε
687 731 743 782 δὲ
779 733 900 798 περὶ
933 731 1041 782 τῶν
1068 732 1448 800 προκειμένων
1481 734 1691 803 τάληθῆ
1725 733 2091 804 διορίσασθαι,

513 825 606 876 καὶ
660 823 788 891 μίαν
828 825 957 892 περὶ
1005 825 1212 879 τούτων
1262 827 1471 887 πάντας
1518 827 1745 896 γνώμην
1792 827 1998 889 λαϐεῖν,
2035 828 2095 879 τὸ

513 915 841 984 βουληθῆναι
887 918 1049 984 μόνον
1102 917 1345 987 ἀπόχρη,
1392 921 1481 970 καὶ
1531 920 1662 980 Θεὸς
1703 920 1911 973 ἄνωθεν
1959 921 2093 988 πρὸς

509 1008 602 1060 τὸν
637 1010 841 1061 σκοπὸν
875 1009 1069 1061 ίθύνων
1102 1012 1202 1079 τὴν
1247 1011 1521 1081 βούλησιν,
1553 1013 1646 1064 καὶ
1687 1013 1766 1081 τῷ
1806 1015 1950 1064 τέλει
1993 1013 2093 1081 τὴν

509 1099 799 1165 ἐπαινετὴν
837 1101 1133 1168 ἐπιθυμίαν
1179 1104 1698 1172 προσάγων;“οστ’
1749 1106 1796 1156 εί
1851 1107 1942 1157 καὶ
1994 1107 2094 1168 τὰς

511 1193 648 1245 κατά
667 1192 772 1243 τῶν
802 1193 1046 1244 ἀπίστων
1072 1194 1303 1262 μελέτας
1322 1198 1588 1266 δευτέρας
1615 1196 1902 1262 ἀξιοῦσθαι
1930 1215 2090 1267 φρον-

507 1287 673 1346 τίδος,
712 1288 807 1338 καὶ
842 1290 953 1350 τοῖς
985 1291 1113 1357 περὶ
1156 1290 1266 1342 τῶν
1297 1291 1588 1359 δογμάτων
1618 1293 1826 1358 ἀγῶσιν
1861 1292 2089 1346 ἕπεσθαι

508 1379 608 1440 δεῖ,
657 1379 760 1433 ποῦ
811 1383 976 1448 τιμάς
1033 1386 1125 1436 καὶ
1165 1385 1444 1452 προσόδων
1474 1387 1733 1455 αὐξήσεις
1777 1388 1870 1439 καὶ
1903 1405 2092 1440 κοινω-

509 1472 627 1522 νίαν
672 1472 781 1524 τῶν
830 1473 1184 1542 ὑπαρχόντων
1233 1478 1328 1528 καὶ
1376 1477 1543 1530 τᾶλλα
1583 1478 1766 1530 πάντα
1803 1478 2022 1539 θετέον;
2059 1479 2094 1532 ὃ.

507 1563 605 1629 τῆς
661 1565 886 1634 εἰρήνης
939 1568 1364 1637 ἀποτελέσματα
1421 1570 1619 1639 μαλλον
1667 1573 1816 1640 ἢπερ
1868 1561 2120 1642 εἰρήνην

510 1655 714 1722 πρέπει
742 1655 925 1707 καλεῖν
949 1673 964 1689 ο
996 1657 1092 1708 καὶ
1139 1653 1215 1709 ὧν
1264 1657 1386 1710 οῦτε
1432 1659 1530 1726 τὴν
1565 1660 1673 1710 τῶν
1703 1660 1950 1728 ἀδελφῶν
1981 1677 2088 1710 σω-

507 1747 726 1813 τηρίαν,
757 1745 880 1799 οὔτε
917 1747 1014 1817 τὴν
1045 1752 1145 1817 τῆς
1181 1750 1440 1818 ἀληθινῆς
1472 1752 1709 1813 πίστεως
1751 1751 1958 1820 ῦψωσιν
1997 1752 2090 1804 καὶ

506 1840 598 1890 τοῦ
629 1840 858 1903 ψεύδους
892 1841 1207 1909 ἀνατροπὴν
1247 1842 1395 1892 ἐστιν
1429 1843 1703 1896 αἰτιᾶσθαι
1727 1861 1739 1872 ⁸
1769 1847 1826 1896 οὑ
1863 1845 1970 1912 γὰρ
1999 1846 2092 1910 δή·

2208 639 2380 692 satis‘!
2404 636 2471 691 Ut
2493 646 2672 690 autem
2703 636 2770 690 de
2812 636 2975 691 rebus
3008 639 3304 708 propositis
3330 655 3519 697 verum
3553 642 3786 700 deﬁnia-

2209 740 2315 792 tur,
2353 739 2405 782 et
2444 744 2604 782 unam
2636 745 2826 784 omnes
2861 729 2926 785 de
2971 731 3080 785 illis
3116 734 3443 788 sententiam
3479 735 3780 805 amplecta-

2205 822 2357 884 mini,
2391 821 2526 874 satis
2568 837 2842 891 superque
2874 837 2997 878 esse
3035 823 3172 878 velle
3221 835 3452 890 tantum,
3500 827 3784 899 Deumque

2203 914 2478 984 desuper,
2531 915 2623 982 qui
2667 915 2999 971 voluntatem
3040 916 3107 971 ad
3161 931 3391 988 scopum
3443 920 3678 991 dirigat,
3731 935 3787 976 et

2205 1006 2477 1061 laudabile
2511 1007 2844 1062 desiderium
2878 1009 2943 1062 ad
2979 1010 3141 1063 tinem
3180 1011 3486 1079 perducat?
3520 1011 3708 1084 Itaque
3734 1016 3783 1068 si

2201 1111 2249 1153 et
2298 1099 2658 1168 cegitationes
2692 1100 2960 1154 adversus
2986 1101 3228 1158 infideles
3255 1105 3497 1160 secundo
3530 1105 3651 1161 loco
3685 1108 3781 1160 ba-

2201 1192 2390 1244 bendee
2442 1199 2607 1255 sunt,
2648 1202 2702 1247 et
2755 1191 2909 1262 sequi
2947 1192 3069 1247 illas
3119 1204 3332 1263 oportet
3385 1206 3510 1266 post
3565 1197 3785 1253 labores

2199 1285 2550 1354 dogmatibus
2589 1285 2926 1354 impertitos,
2957 1302 3065 1356 quo
3091 1288 3207 1343 loco
3243 1288 3399 1344 nobis
3428 1299 3589 1345 erunt
3615 1292 3786 1346 Itono-

2200 1391 2308 1443 res,
2338 1387 2813 1446 proventuumque
2853 1379 3323 1448 amplificationes,
3359 1392 3411 1436 et
3439 1397 3602 1450 opum
3633 1401 3788 1438 com-

2201 1474 2406 1536 munio,
2437 1486 2501 1524 ac
2525 1478 2722 1524 caetera
2753 1478 2964 1536 omnia,
3002 1487 3123 1539 quae
3149 1475 3330 1542 potius
3359 1474 3583 1531 effectus
3609 1478 3784 1548 pacis,

2198 1575 2360 1627 quam
2407 1576 2507 1631 pax
2561 1562 2674 1629 ipsa
2707 1563 2936 1616 dicenda
2990 1575 3120 1618 sunt
3153 1583 3164 1617 :
3198 1578 3253 1620 et
3292 1582 3319 1618 a
3351 1569 3552 1634 quibus
3604 1585 3784 1640 neque

2200 1654 2428 1706 fratrum
2480 1654 2748 1719 salutem,
2804 1669 2982 1725 neque
3017 1673 3156 1712 verte
3200 1659 3323 1712 fidei
3368 1660 3780 1724 exaltationem.

2198 1755 2294 1798 aut
2331 1748 2597 1801 mendacii
2629 1751 2971 1803 eversionem
3008 1750 3142 1803 oriri
3173 1751 3494 1804 discendum
3530 1754 3654 1807 est?
3685 1769 3783 1806 ne-

2197 1851 2304 1905 que
2351 1839 2492 1890 enim
2521 1853 2584 1891 ex
2618 1838 2687 1891 iis
2719 1849 2949 1906 possunt
2980 1839 3094 1892 haec
3155 1838 3368 1902 inferri,
3411 1857 3590 1911 neque
3625 1841 3779 1896 Chri-

510 1949 614 1984 που
665 1933 803 2002 πρὸς
850 1933 1026 1986 ταῦτα
1082 1934 1333 1988 δύνανται
1370 1941 1579 2006 φέρειν,
1619 1937 1737 1989 οὐδὲ
1782 1938 1990 1997 πάντας
2023 1939 2086 1989 ὲκ
2125 1929 2160 1983 Β
2193 1929 2264 1984 Su

2023 1939 2086 1989 ὲκ
2125 1929 2160 1983 Β
2193 1929 2393 1984 stianis
2442 1929 2699 1984 omnibus
2749 1946 2844 1998 per
2878 1945 2938 1984 ea
2985 1932 3256 1999 speranda
3297 1943 3384 1987 est
3421 1935 3648 2002 utilitas,
3687 1941 3779 1990 sed

508 2025 713 2077 τούτων
760 2026 905 2077 ἔστιν
949 2026 1277 2093 ὡφελεῖσθαι
1311 2031 1694 2098 Χριστιανοὺς,
1725 2029 1836 2079 ἀλλ’
1871 2030 2081 2096 ὀλίγους

506 2120 632 2180 τοὺς
681 2119 857 2171 αὑτῶν
904 2119 1214 2186 δεομένους,
1240 2121 1332 2172 καὶ
1364 2114 1442 2184 οἷς
1486 2122 1747 2189 ἁρμόττει
1778 2121 1947 2172 ταῦτα
1983 2122 2083 2188 ζηο

502 2212 636 2265 τεϊν.
680 2211 838 2263 Ἀλλά
881 2215 988 2280 μὴν
1025 2212 1108 2280 ἐφ’
1151 2213 1323 2266 ἅπασι
1355 2217 1467 2276 τοῖς
1510 2215 1826 2284 εἰρημένοις
1854 2217 1951 2276 τὴν
1984 2214 2084 2281 μὲν

507 2304 864 2375 παρασκευὴν
904 2306 1086 2358 πᾶσαν
1125 2307 1280 2374 ἡμῶν
1326 2306 1438 2374 ὁρῶ
1492 2308 1880 2375 οἰκουμενικῆς
1929 2305 2084 2370 ἀξίαν

436 2432 444 2436 -
508 2399 754 2462 συνόδου,
786 2397 881 2452 καὶ
909 2399 975 2467 τῇ
1009 2398 1137 2466 περὶ
1169 2399 1277 2450 τῶν
1311 2399 1598 2466 δογμάτων
1627 2401 1808 2469 κρίσει
1841 2402 1933 2452 καὶ
1961 2400 2083 2452 λίαν

503 2493 804 2560 ἀρκοῦσαν,
855 2492 1071 2554 οὐδενὸς
1125 2494 1256 2560 ἡμῖν
1311 2491 1418 2544 τῶν
1493 2493 1833 2562 ποιησόντων
1891 2493 2081 2564 ῥᾳδίαν

500 2585 706 2653 ταύτην
742 2585 1116 2648 ἐλλείποντοςο
1152 2587 1216 2654 ἢν
1252 2585 1310 2636 δέ
1347 2603 1493 2647 τινες
1527 2585 1859 2654 ἐπιθυμοῦσι
1909 2589 2081 2652 πράτ-

501 2696 616 2730 τειν
647 2679 896 2749 εἰρήνην,
921 2678 1115 2732 πολλοῦ
1155 2679 1234 2731 δεῖ
1260 2678 1597 2748 τηλικαύτης
1621 2678 1784 2746 ἔργον
1810 2675 1948 2732 εἶναι
1981 2697 2082 2731 πα-

505 2771 777 2840 ρασκευῆς
797 2785 810 2799 ⁸
839 2770 965 2839 ὲξῆν
995 2771 1102 2840 γάρ
1135 2772 1224 2823 καὶ
1257 2769 1520 2838 πρέσϐεσι
1544 2770 1747 2839 ταύτην
1776 2772 2077 2840 περαίνειν,

503 2866 700 2927 αὐτοὺς
725 2866 1070 2934 πραγμάτων
1096 2864 1549 2932 ἀπηλλαγμένους
1572 2880 1584 2893 ·
1613 2866 1706 2918 καὶ
1733 2862 1844 2917 οὒτ’
1873 2865 2080 2917 ἀναλω-

507 2959 695 3027 μάτων
730 2960 836 3011 ἔδει
882 2958 1170 3022 τοσούτων,
1215 2958 1388 3010 όπόσα
1421 2961 1532 3021 τοῖς
1568 2959 1664 3024 μὲν
1696 2959 1927 3011 διδοῦσιν
1965 2956 2077 3026 εἶχε

501 3052 838 3121 δυσχέρειαν,
867 3053 977 3114 τοῖς
1011 3051 1054 3103 δ’
1101 3052 1200 3103 οὐκ
1245 3051 1463 3120 ἔχουσιν
1510 3053 1725 3104 οἴκοθεν
1763 3055 1856 3105 καὶ
1887 3054 2078 3123 δεομέ-

501 3166 611 3209 τοις
652 3147 848 3210 ἄλλων,
882 3147 930 3198 εί
984 3146 1064 3199 δεῖ
1112 3144 1322 3213 τάληθῆ
1377 3144 1579 3210 λέγειν,
1633 3145 1900 3213 αἰσχύνην
1957 3147 2079 3215 μεθ’

501 3241 760 3307 ὑποψίας,
792 3238 916 3292 οὔτε
977 3239 1156 3291 πόνων
1211 3238 1308 3290 καὶ
1363 3236 1626 3291 κινδύνων
1658 3239 1932 3290 τοσούτων
1964 3243 2078 3302 τοῖς

500 3332 840 3402 πανταχόθεν
889 3332 1401 3401 συνηθροισμένοιςο
1454 3331 1656 3399 μᾶλλον
1705 3332 1750 3382 δ’
1799 3329 1889 3385 οῦν
1930 3333 2080 3385 ἔστιν
2109 3329 2151 3350 “⁴

414 3449 416 3451 >
501 3429 673 3477 εἰπεῖν
704 3427 802 3486 τὰς
858 3423 1202 3492 ἑκατέρωθεν
1234 3423 1581 3493 δυσχερείας,
1637 3423 1702 3484 ἀς
1733 3426 1764 3492 ἠ
1798 3425 1894 3493 τῆς
1929 3427 2078 3494 εἰρή-

504 3538 602 3584 νης
643 3517 911 3584 ἐπιθυμία
968 3518 1229 3582 συνεργὸν
1285 3517 1522 3585 εὑροῦσα
1571 3519 1631 3570 τὸ
1681 3519 1846 3579 θεῖον,
1902 3520 2081 3581 πάσας

501 3612 721 3680 ἐνίκησε
750 3627 762 3640 °
792 3611 887 3664 καὶ
932 3603 1005 3662 ὧν
1059 3612 1314 3680 χαλεπῶς
1358 3612 1476 3679 μὲν,
1518 3611 1767 3680 ὑπερεῖδε
1818 3611 1861 3662 δ’
1909 3613 2076 3678 ὅμως.

500 3707 612 3757 Ούκ
647 3703 762 3757 οῖδα
787 3705 966 3755 τοίνυν
996 3703 1048 3752 τί
1079 3703 1212 3770 πρὸς
1247 3705 1371 3763 τους
1399 3703 1763 3768 ἐγκαλοῦντας
1803 3705 2078 3772 ἀπολογῇ-

500 3799 682 3859 σεσθε,
717 3797 948 3865 μάταιον
975 3795 1247 3859 δείξαντες
1272 3797 1368 3864 τὴν
1395 3797 1651 3865 τοιαύτην
1687 3799 1779 3849 καὶ
1806 3798 2079 3866 τοσαύτην

498 3889 878 3958 παρασκευὴν,
923 3889 1018 3940 καὶ
1068 3890 1164 3952 τὴν
1215 3890 1436 3956 εἰρήνην
1490 3889 1854 3955 πεποιηκότες
1906 3890 2076 3956 ὄνομα

503 3983 661 4048 μόνον
713 3981 804 4032 καὶ
863 3981 1052 4048 φήμην
1108 3980 1245 4040 ὅλως
1287 3980 1492 4047 κενήν·
1539 3980 1598 4032 τὸ
1629 3981 1738 4048 γὰρ
1790 3981 2078 4047 βούλεσθαι

499 4073 890 4125 καταλείπεται
926 4072 1108 4140 μόνον,
1139 4071 1246 4122 τῶν
1280 4071 1452 4123 ἄλλων
1500 4071 1760 4124 ἁπάντων
1789 4073 2012 4140 ἄμεινον
2043 4073 2074 4141 ἢ

497 4166 618 4217 κατ’
672 4165 863 4234 εὐχὴν,
925 4163 1000 4225 ὡς
1058 4163 1238 4226 ἔξεστι
1301 4164 1545 4232 βλέπειν,
1605 4166 2074 4233 εὑτρεπισμένων.

496 4258 775 4325 Θαυμάζω
823 4256 900 4322 δὲ,
929 4258 976 4310 εί
1035 4256 1242 4325 μηδένα
1291 4256 1420 4323 ὑμῖν
1481 4257 1804 4322 ὲγκαλέσειν
1854 4257 2077 4324 ἡγεῖσθε

493 4351 739 4412 δικαίως,
772 4349 914 4402 οὕτω
943 4350 1012 4402 τά
1049 4348 1176 4416 τῇδε
1228 4347 1611 4416 διῳκημένοις.
1668 4349 1936 4416 Καθάπερ
1971 4351 2076 4418 γὰρ

494 4444 552 4493 τδ
582 4443 691 4501 τοῖς
730 4441 1007 4509 μεγίστοις
1040 4440 1342 4507 ἐπιχειρεῖν
1388 4439 1517 4492 ἄνευ
1551 4439 1651 4508 τῆς
1690 4440 2077 4509 προσηκούσης

495 4532 852 4603 παρασκευῆς
898 4531 1158 4592 ἀπονοίας
1206 4531 1324 4584 ἐστὶ
1361 4534 1606 4600 σημεῖον,
1643 4532 1785 4584 οὕτω
1824 4532 1882 4584 τὸ
1941 4534 2076 4601 πρὸς

491 4626 558 4674 τὰ.
595 4625 830 4690 μέγιστα
863 4622 961 4690 μὲν
996 4623 1308 4691 ἀρκούντως
1335 4621 1810 4690 παρεσκευάσθαι,
1833 4624 2074 4693 χρῆσθαι
2112 4646 2152 4698 ο

490 4717 547 4767 δὲ
597 4716 658 4784 τῇ
712 4717 1040 4784 παρασκευῇ
1075 4714 1209 4780 πρὸς
1260 4714 1324 4765 τὰ
1364 4712 1472 4764 τῶν
1522 4713 1700 4782 ἔργω-δ
1734 4716 2067 4785 φαυλότερα,

494 4808 590 4857 καὶ
623 4807 722 4873 τὴν
755 4804 1061 4874 προθυμίαν
1092 4805 1220 4873 ἄχρι
1268 4805 1478 4858 τούτων
1523 4807 1808 4870 ἐκτείνειν,
1839 4808 1946 4876 ἐγὼ
1976 4809 2073 4876 μὲν

492 4900 551 4950 οὑ
589 4897 850 4966 βούλομαι
875 4899 1074 4963 λέγειν,
1103 4898 1313 4950 πολλῶν
1335 4899 1376 4951 δ’
1403 4898 1768 4968 ἐγκλημάτων
1788 4902 1900 4962 τοῖς
1928 4899 2071 4953 οὕτω

491 4990 878 5057 προελομένοις
933 4991 1207 5059 πρόφασιν
1262 4990 1395 5060 ἔχει.
1448 4992 1555 5044 Καὶ
1603 4990 1725 5042 οὔτε
1763 4993 2073 5060 στρατηγὸν

490 5081 616 5132 νοῦν
650 5081 793 5148 ἔχειν
825 5082 1036 5149 ἡγεῖταί
1069 5098 1152 5143 τις
1180 5081 1306 5134 νοῦν
1337 5083 1498 5145 αὐτὸς
1537 5083 1696 5152 ἔχων,
1721 5083 1776 5144 ὃς
1810 5086 1904 5137 καὶ
1930 5085 2069 5153 πλή-

490 5174 574 5224 θει
627 5175 718 5224 καὶ
766 5176 934 5243 ἁρετῇ
992 5177 1084 5226 καὶ
1121 5176 1306 5236 ὅπλοις
1349 5177 1441 5228 καὶ
1489 5179 1602 5236 τοῖς
1654 5177 1830 5237 ἄλλοις
1863 5177 2070 5229 ἂπασιν

488 5263 802 5329 ἀρκούντως
852 5263 1218 5332 ἐξηρτυμένος
1270 5269 1404 5335 πρὶς
1457 5266 1686 5333 ζήτησιν
1743 5267 1909 5329 ἔξεισι
1962 5267 2068 5316 τῶν

491 5355 724 5423 ἐχθρῶν,
756 5357 848 5408 καὶ
879 5357 1047 5408 πολὺν
1107 5355 1206 5426 μὲν
1255 5360 1444 5428 χρό·.ον
1479 5357 1795 5420 αναλωκὼς,
1821 5359 1906 5410 διὰ
1940 5360 2064 5410 πολ-

489 5449 588 5514 λῆς
620 5450 670 5498 δὲ
706 5449 1022 5517 δυσχερείας
1052 5450 1270 5513 ἐλάσας,
1296 5447 1414 5503 εἶτα
1440 5452 1592 5519 μόλις
1616 5451 1854 5520 ἐντυχὼν
1883 5454 2066 5507 αὐτοῖς

487 5541 685 5604 eum;
719 5558 774 5591 τε
809 5542 901 5591 καί
939 5543 1367 5612 πεφοϐημένοις,
1414 5545 1506 5594 καὶ
1542 5545 1638 5610 τὴν
1675 5547 1814 5595 κατὰ
1848 5545 2064 5612 πρόσω-

487 5648 588 5683 πον
612 5634 678 5700 ὀύ
715 5635 938 5699 φέρουσι
979 5635 1180 5703 μάχην,
1215 5636 1273 5686 τὸ
1306 5636 1498 5703 τρέψαι
1529 5639 1751 5697 τούτους
1786 5636 2063 5706 ἀρκοῦσαν

484 5728 700 5794 ἡγεῖται
736 5728 914 5794 νίκην,
949 5730 1298 5779 παντάπασιν
1337 5729 1533 5789 αύτούς
1585 5729 1920 5796 δναεθεῖραι,
1970 5731 2061 5778 καὶ

479 5819 607 5878 τοῦς
668 5817 766 5884 μὲν
824 5819 1115 5888 συγκόύιαι,
1162 5822 1288 5882 τοὺς
1338 5822 1392 5871 δὲ
1445 5821 1626 5872 λαϐεῖν
1685 5823 2060 5890 αἰχμαλώτους

481 5909 955 5976 δυνάμενοςόῦθ’
1008 5911 1164 5979 ὑμεῖς
1202 5912 1266 5963 τα
1321 5915 1467 5982 παρὰ
1522 5914 1610 5965 τον
1661 5913 1779 5964 νοῦ-λ
1832 5913 2062 5980 ἐχόντων

2200 2020 2387 2089 paucis
2420 2021 2513 2090 qui
2539 2021 2646 2075 illis
2679 2031 2857 2090 egent,
2894 2024 3209 2092 quibusque
3252 2028 3506 2096 congruit
3539 2043 3600 2082 ea
3627 2043 3781 2097 quae-

2198 2130 2336 2169 rere.
2375 2115 2454 2166 Ad
2485 2115 2597 2169 [nec
2622 2116 2804 2168 omnia
2839 2116 2969 2169 illud
2993 2116 3158 2170 addo.
3183 2116 3318 2170 Nam
3353 2127 3526 2173 totum
3561 2120 3778 2190 quidem

2197 2217 2443 2261 nostrum
2501 2219 2828 2276 apparatum
2885 2210 3222 2264 meumenica
3278 2213 3483 2282 synodo
3550 2214 3777 2284 dignum

2194 2301 2501 2368 eoospieio,
2527 2301 3004 2371 dijudicandisque
3034 2304 3380 2372 dogmatibus
3413 2307 3629 2361 abunde
3655 2306 3778 2360 sufo

2197 2393 2488 2458 ficientem,
2528 2405 2580 2448 et
2613 2394 2747 2446 nihil
2789 2395 2945 2448 nobis
2972 2395 3186 2462 deesse,
3225 2412 3317 2465 per
3351 2399 3496 2466 quod
3532 2401 3780 2467 praaStai-i

2196 2484 2352 2538 [ιςίιε
2405 2486 2452 2537 id
2494 2486 2697 2554 possit;
2737 2502 2923 2555 pacem
2956 2504 3103 2553 vero,
3138 2505 3300 2559 quam
3353 2491 3522 2562 aliqui
3555 2501 3775 2562 optant,

2196 2578 2366 2631 multo
2410 2579 2744 2644 inferiorem,
2781 2595 2945 2649 quam
2987 2590 3044 2635 ut
3075 2582 3146 2636 sit
3193 2585 3326 2637 tanti
3363 2599 3501 2652 Opus
3536 2600 3772 2654 appara-

2193 2681 2300 2735 tus;
2343 2681 2552 2740 poterat
2585 2673 2728 2726 enim
2754 2675 2866 2727 haec
2884 2683 2936 2728 et
2969 2690 3064 2744 per
3095 2675 3301 2744 legatos
3337 2677 3474 2743 fieri,
3508 2679 3654 2731 nulla
3684 2695 3780 2733 no-

2193 2765 2274 2816 bis
2311 2766 2654 2819 incommoda
2685 2767 3048 2822 sentientibus
3082 2787 3093 2821 :
3132 2784 3230 2824 nec
3263 2771 3427 2826 tantis
3474 2788 3612 2842 opus
3662 2786 3781 2829 erat

2194 2858 2454 2922 impensis
2477 2899 2490 2923 ,
2531 2874 2649 2927 qum
2683 2876 2878 2927 graves
2907 2861 3123 2930 quidem
3163 2873 3349 2918 essent
3382 2868 3779 2934 suppeditami-

2193 2951 2326 3002 bus:
2358 2966 2463 3004 non
2501 2951 2833 3006 habentibus
2859 2967 2987 3006 vero
3016 2954 3140 3020 quid
3170 2955 3237 3008 de
3274 2973 3369 3009 suo
3417 2957 3776 3022 insumerent,

2192 3055 2243 3095 et
2267 3043 2446 3098 alieno
2475 3061 2580 3099 fere
2613 3046 3004 3112 indigentibus,
3041 3049 3086 3100 si
3112 3063 3299 3102 verum
3345 3050 3501 3105 fateri
3537 3064 3771 3122 oportet,

2193 3137 2546 3204 ignominiam
2577 3154 2701 3191 eum
2745 3139 3061 3206 suspicione
3104 3141 3410 3207 inurerent,
3470 3160 3569 3198 nec
3609 3147 3774 3200 tantis

2193 3229 2470 3284 laboribus
2515 3246 2578 3283 ac
2628 3231 2882 3296 periculis
2925 3248 3135 3296 eorum,
3179 3234 3271 3302 qni
3319 3237 3556 3306 undique
3599 3251 3772 3309 coact;

2190 3329 2340 3384 sunt,
2405 3329 2461 3372 ut
2500 3335 2567 3373 ne
2617 3322 2792 3374 dicam
2827 3323 3008 3391 potius
3057 3327 3343 3394 utriusque
3377 3328 3524 3396 pacis
3557 3329 3768 3382 deside-

2191 3415 2328 3467 rium
2357 3453 2370 3476 ,
2414 3413 2578 3467 Deum
2611 3415 2917 3484 adjutorem
2954 3427 3200 3480 nactum,
3232 3420 3510 3486 superavit
3541 3436 3728 3475 omnes
3757 3440 3769 3478 :

2190 3520 2434 3575 quasque
2493 3520 2635 3574 asgre
2679 3506 2922 3575 quidem,
2947 3509 3274 3575 contempsit
3299 3521 3502 3564 tamen.
3527 3511 3770 3580 Quapro-

2190 3606 2310 3662 pter
2346 3596 2532 3649 nescio
2562 3596 2690 3665 quid
2726 3599 3046 3665 responsuri
3075 3599 3195 3653 sitis
3227 3599 3291 3653 ad
3325 3616 3417 3656 eos
3445 3603 3536 3671 qui
3578 3603 3642 3656 de
3680 3620 3770 3657 vo-

2187 3687 2272 3741 bis
2312 3699 2762 3753 conqnerentnr,
2794 3691 2838 3744 si
2884 3691 3040 3743 talem
3085 3702 3406 3761 tantumque
3446 3707 3765 3764 apparatum

2187 3779 2387 3833 frustra
2416 3781 2690 3836 exstidsse
2715 3785 3045 3846 ostendatis,
3066 3793 3118 3837 et
3148 3800 3332 3852 pacem
3361 3789 3582 3842 nomine
3610 3801 3765 3843 tentis

2188 3873 2438 3943 famaque
2461 3889 2686 3942 prorsus
2712 3876 2861 3930 inani
2890 3877 3224 3932 conticiatis:
3256 3889 3424 3934 restat
3448 3881 3592 3935 enim
3627 3885 3763 3936 velle

2191 3975 2421 4032 tantum,
2447 3982 2593 4030 cum,
2627 3976 2684 4021 ut
2713 3968 2894 4030 videre
2927 3969 3076 4031 licet,
3109 3970 3320 4039 reliqua
3354 3972 3533 4026 omnia
3567 3987 3763 4042 pt‘a‘Slu

2187 4059 2297 4110 sint
2346 4074 2511 4128 supra
2547 4075 2706 4114 onme
2752 4069 2957 4115 votum.
2998 4060 3165 4115 Miror
3208 4074 3412 4126 autem,
3460 4066 3504 4119 si
3552 4068 3759 4118 nnllnm

2186 4166 2282 4205 vos
2319 4153 2513 4206 merito
2539 4153 2916 4208 incusaturum
2951 4156 3314 4220 arbitramini,
3345 4158 3504 4213 rebus
3539 4160 3588 4214 in
3627 4164 3766 4214 lium-
3805 4215 3810 4220 ,

2190 4245 2410 4299 modum
2443 4246 2496 4298 in
2541 4245 2689 4300 Italia
2726 4249 3071 4315 compositis.
3106 4248 3258 4304 Sicut
3294 4250 3440 4305 enim
3481 4249 3766 4306 dementim

2184 4340 2398 4406 signum
2429 4347 2532 4399 est,
2568 4353 2653 4392 res
2693 4339 2960 4394 maximas
2989 4341 3207 4409 aggredi
3242 4343 3360 4397 sine
3395 4347 3760 4398 conveniente

2186 4438 2484 4496 apparatu;
2514 4429 2584 4481 ita
2613 4431 2655 4482 si
2696 4446 2818 4483 eum
2851 4433 2923 4484 sit
2955 4432 3019 4486 ad
3058 4449 3144 4486 res
3169 4435 3433 4487 maximas
3464 4446 3755 4504 apparatus

2186 4518 2337 4583 satis,
2360 4533 2424 4572 eo
2460 4520 2582 4587 quis
2616 4531 2795 4574 utatur
2829 4521 2892 4574 ad
2928 4522 3151 4575 exiliora
3181 4539 3369 4590 opera,
3402 4526 3760 4595 studiumque.

2185 4610 2439 4664 extendat
2481 4625 2656 4680 usque
2689 4613 2753 4665 ad
2795 4613 2922 4676 illa;
2955 4629 3054 4682 ego
3083 4614 3302 4682 quidem
3337 4617 3505 4670 nolim
3556 4618 3761 4678 dicere.

2182 4711 2331 4754 certe
2364 4711 2545 4756 tamen
2597 4703 2697 4756 bac
2730 4705 3011 4757 voluntate
3049 4714 3270 4760 utentes
3323 4707 3372 4759 id
3407 4706 3537 4761 facit
3572 4709 3762 4761 multis

2180 4794 2505 4848 criminibus
2538 4796 2827 4850 obnoxios.
2869 4797 3056 4863 Neque
3083 4801 3226 4852 enim
3262 4802 3454 4854 ducem
3487 4801 3760 4856 exercitus

2179 4885 2508 4956 sapere’quis
2532 4899 2702 4956 putat.
2721 4891 2848 4942 dum
2874 4891 2986 4958 ipse
3010 4892 3204 4960 sapiat,
3230 4891 3272 4943 si
3303 4892 3476 4960 copiis
3505 4908 3567 4946 ac
3599 4895 3760 4947 robo-

2181 4997 2236 5034 re
2265 4990 2314 5032 et
2342 4981 2506 5036 armis
2539 4984 2863 5050 ueterisque
2893 4984 3148 5036 omnibus
3175 4985 3308 5037 satis
3343 4985 3640 5041 instructus
3667 5005 3762 5042 ex—

2179 5073 2507 5141 peditionem
2540 5075 2590 5126 in
2612 5075 2794 5128 hostes
2815 5076 3107 5142 suscipiat;
3139 5089 3301 5145 atque
3334 5080 3421 5130 ubi
3459 5089 3580 5147 post
3611 5084 3754 5132 mu!-

2179 5179 2289 5219 tum
2329 5166 2586 5236 temporis
2611 5177 2663 5220 et
2695 5166 3010 5221 diuturnam
3040 5170 3374 5239 indaginem,
3407 5183 3528 5239 pest
3557 5175 3755 5227 multu‘

2179 5262 2429 5313 itinerum
2456 5259 2798 5315 diﬂieultates
2830 5262 3047 5314 tandem
3076 5263 3372 5330 aliquando
3406 5263 3523 5318 illos
3558 5264 3757 5317 habue-

2179 5353 2242 5403 rit
2277 5352 2463 5404 obvios
2509 5363 2562 5405 et
2597 5369 2800 5420 paucos
2836 5363 2887 5405 et
2925 5362 3067 5404 metu
3103 5354 3418 5422 perterritos
3442 5394 3455 5417 ,
3488 5370 3752 5425 pugnant-

2175 5464 2277 5514 que
2322 5463 2607 5500 t‘OttStti‘Cl‘L‘.
2663 5463 2768 5500 non
2826 5445 3085 5510 ferentes,
3147 5455 3275 5499 tunc
3325 5448 3461 5502 satis
3507 5465 3626 5502 esse
3687 5455 3753 5499 a.l

2176 5543 2458 5593 \ittoriam
2511 5527 2824 5603 existimet,
2876 5555 2970 5592 eos
3018 5540 3069 5592 in
3115 5525 3296 5608 fingam
3350 5552 3580 5600 vertere.
3624 5558 3742 5592 «ιι-ιι

2175 5636 2347 5700 possit
2378 5633 2605 5687 omnino
2647 5634 2866 5692 delere.
2909 5644 2957 5685 ct
2992 5633 3184 5700 partim
3219 5634 3512 5696 trucidare,
3548 5635 3744 5701 partim

2173 5729 2223 5778 in
2261 5727 2576 5780 servitutettt
2622 5728 2862 5795 redigere
2898 5743 2909 5779 :
2945 5742 3040 5779 nec
3077 5741 3170 5778 vos
3217 5727 3520 5793 sapientum
3553 5728 3748 5796 probra

2170 5821 2375 5872 cvi-are
2416 5819 2681 5886 pott'l‘iiis,
2714 5821 2758 5870 si
2794 5821 2858 5871 ad
2896 5818 3263 5872 Eeelesarium
3303 5820 3565 5872 unitatem
3602 5828 3751 5872 tanta

2172 5913 2568 5982 praeparatione
2602 5915 2865 5983 adhibita,
2915 5914 3001 5967 u'vi
3032 5913 3142 5980 jam
3174 5914 3469 5984 collegistis
3513 5913 3598 5967 bic
3630 5930 3749 5967 om-
