4452 6450
675 389 779 448 443

1710 387 2082 446 GENNADU
2133 387 2242 446 Cl‘.
2301 387 2728 446 PATlllARCll
2745 389 2803 444 ,E

3825 383 3928 445 444

671 507 722 548 (ιι
750 495 979 564 justum.
1015 493 1215 548 Verum
1253 493 1393 547 hanc
1437 493 1590 546 multi
1641 510 1782 564 aegre
1833 495 2082 560 audiunt,
2115 497 2257 565 quod
2289 509 2332 565 Α
2366 517 2429 549 κα

2180 497 2257 550 ιοιΙ
2289 509 2332 565 Α
2366 499 2457 549 καὶ
2489 499 2695 550 δίκαιον
2727 494 3097 564 διδαχθέντας.
3142 493 3298 546 Ἀλλά
3334 494 3533 562 ταύτην
3564 494 3686 555 τοὺς
3714 494 3938 555 πολλοὺς

669 604 732 638 «ιτ
774 586 1057 640 sententia:
1111 585 1415 639 mutatione
1473 587 1704 641 dedecus
1762 587 2129 656 imprimatur.
2193 587 2259 641 Et

675 680 896 731 latinos
933 676 1153 746 quidem
1192 676 1374 730 dicere
1408 679 1591 743 audio,
1625 695 1737 733 rem
1771 694 1892 733 esse
1921 696 2165 750 gravem,
2210 679 2256 733 si

671 779 960 836 postquam
995 784 1091 838 per
1151 777 1229 821 tot
1282 784 1452 824 annos
1507 770 1828 823 sententiam
1881 771 2018 824 lianc
2056 770 2262 824 tenuis-

671 871 815 920 sent,
854 870 905 912 et
948 860 1310 914 credidissent
1372 860 1494 928 ipsi,
1526 869 1690 928 atque
1741 861 1792 915 in
1844 861 1966 915 fidet
2005 861 2262 930 Symliolo

672 951 1089 1019 expressissent,
1123 966 1332 1004 necnon
1391 950 1530 1006 alios
1563 953 1810 1008 studiose
1843 954 2180 1014 docuissent,
2210 962 2262 1006 et

679 1046 900 1113 scriptis
935 1061 1055 1099 eam
1088 1044 1253 1098 veluti
1305 1060 1368 1098 ex
1424 1047 1662 1100 maxime
1717 1046 2042 1100 necessariis
2092 1061 2258 1099 unum

675 1139 1020 1201 probassent,
1081 1151 1144 1190 ac
1193 1136 1498 1191 rationibus
1549 1140 2066 1192 demonstrassent:
2122 1152 2262 1189 nunc

675 1243 968 1291 puerorum
1004 1241 1154 1280 more
1184 1228 1467 1281 veritatem
1505 1227 1684 1281 edocti
1735 1228 1802 1281 ab
1856 1227 1978 1281 aliis
2014 1243 2113 1281 sua
2163 1228 2259 1294 ipsi

676 1320 1022 1383 damnarent,
1075 1329 1130 1374 et
1160 1320 1262 1373 sibi
1315 1320 1534 1387 quidem
1601 1321 1791 1388 primis
1868 1322 2006 1374 lianc
2080 1330 2261 1373 notam

679 1411 979 1474 inurerent,
1017 1420 1268 1474 posteros
1301 1424 1430 1462 vero
1460 1410 1624 1463 etiam
1675 1410 1918 1478 ejusdem
1973 1410 2264 1478 participes

681 1503 921 1554 tacerent
960 1517 974 1553 :
1009 1501 1334 1568 ignorantiae
1365 1515 1586 1568 quoque
1637 1509 1692 1553 et
1743 1501 2006 1554 caecitatis
2057 1503 2264 1555 crimen

682 1604 787 1641 non
826 1589 876 1641 in
915 1602 974 1642 se
1005 1590 1191 1652 modo,
1240 1591 1332 1642 sed
1379 1589 1430 1641 in
1463 1596 1692 1643 cunctos
1727 1589 1893 1642 etiam
1936 1602 2066 1641 suos
2098 1589 2267 1655 majo-

683 1694 768 1730 res
798 1679 1156 1747 conjicerent,
1193 1680 1334 1732 inter
1380 1695 1520 1750 quos
1575 1680 1730 1732 multi
1775 1679 2011 1732 habuere
2069 1679 2268 1732 sancti-

679 1770 806 1823 tatis
849 1770 1161 1838 opinionem
1220 1780 1477 1840 tantaque
1517 1771 1775 1825 Ecclesiae
1818 1769 2079 1823 Romamn
2147 1770 2268 1822 inn-

2366 589 2523 656 ήτῆς
2558 587 2865 654 μεταϐολῆς
2913 586 3142 654 αἰσχῦνη
3191 585 3570 652 δυσχεραίνειν
3618 586 3782 637 ποιεῖ.
3830 585 3938 636 Καὶ

2363 681 2470 731 τῶν
2509 679 2607 748 μὲν
2635 681 2880 732 Λατίνων
2909 681 3092 732 ἀκούω
3125 680 3418 746 λεγόντων,
3449 680 3523 739 ὡς
3551 679 3722 732 δεινὸν
3754 680 3820 731 ἂν
3853 681 3938 745 είη

2365 773 2460 840 τῆς
2493 772 2650 840 δόξης
2699 773 2900 841 ταύτης
2929 773 3203 833 τοσούτοις
3262 773 3439 824 ἔτεσιν
3498 773 3814 840 ἐχομένους,
3847 772 3941 823 καὶ

2367 862 2722 924 πιστεύοντας
2757 862 2856 926 μὲν
2897 863 3112 924 αὐτοὺς,
3160 863 3262 914 κάν
3294 862 3371 931 τῷ
3413 861 3511 928 τῆς
3544 863 3780 923 πίστεως
3812 865 3939 927 δμο-

2365 952 2654 1019 λογοῦντας
2717 954 3001 1021 Συμεὸλῳ,
3055 954 3404 1013 διδάσκοντας
3450 953 3504 1006 δὲ
3565 953 3688 1013 τοὺς
3746 953 3939 1012 ἄλλους

2371 1046 2506 1112 μετὰ
2547 1045 2806 1113 σπουδῆς,
2840 1047 2941 1096 κάν
2976 1048 3086 1108 τοῖς
3140 1046 3574 1114 συγγράμμασιν
3607 1045 3682 1106 ῶς
3733 1062 3785 1097 τι
3832 1045 3941 1097 τῶν

2367 1137 2502 1206 πρὸς
2530 1137 2630 1207 τὴν
2662 1138 2936 1207 σωτηρίαν
2978 1139 3426 1206 ἀναγκαιοτάτων
3458 1137 3662 1206 ταύτην
3703 1137 3940 1206 κυροῦν-

2366 1249 2467 1292 τας
2519 1234 2614 1284 καὶ
2667 1232 2845 1298 λόγοις
2892 1232 3378 1294 ἀποδεικνύοντας,
3415 1229 3508 1282 νῦν
3545 1229 3734 1297 ῶσπερ
3787 1229 3940 1290 ma,-

2370 1324 2566 1386 παῖδας
2594 1323 2692 1392 τὴν
2742 1324 3002 1392 ἀλήθειαν
3044 1323 3135 1375 ὑπ’
3172 1323 3347 1377 ἄλλων
3394 1322 3809 1390 δεδιδαγμένους
3842 1322 3942 1372 a0-

2368 1416 2476 1468 τῶν
2523 1417 2914 1484 καταγνῶναι·
2954 1417 3050 1468 καὶ
3081 1415 3279 1468 παθεῖν
3312 1416 3410 1478 μὲν
3461 1415 3713 1484 πρώτους
3741 1415 3939 1474 αὐτοὺς

2370 1509 2428 1560 τὸ
2454 1509 2645 1574 δεινὸν,
2687 1508 3014 1577 μεταδοῦναι
3049 1509 3104 1560 δὲ
3160 1509 3258 1576 τῆς
3309 1507 3575 1577 αἰσχύνης
3640 1512 3750 1570 τοῖς
3805 1508 3942 1575 μετὰ

2369 1598 2562 1661 ταῦτα,
2600 1600 2706 1651 τῶν
2737 1599 2792 1651 δὲ
2843 1600 2942 1666 τῆς
2987 1600 3208 1664 ἀγνοίας
3259 1602 3352 1653 καὶ
3384 1599 3710 1668 τυφλώσεως
3746 1598 3944 1664 ἐγκλη-

2373 1693 2558 1759 μάτων
2590 1693 2683 1744 καὶ
2715 1696 2838 1755 τοὺς
2867 1692 2972 1760 πρδ
3016 1693 3174 1759 ἡμῶν
3204 1693 3413 1754 πάντας
3446 1692 3777 1759 ποιήσασθαι
3824 1708 3941 1741 κοι-

2371 1787 2593 1848 νωνοὺς,
2634 1787 2690 1836 έν
2720 1779 2801 1847 οἷς
2850 1784 3032 1837 πολλοὶ
3081 1783 3174 1836 τοῦ
3209 1785 3304 1852 τῆς
3339 1785 3652 1851 ἁγιωσύνης
3682 1783 3944 1850 ὀνόματος

672 1870 760 1913 sta
793 1861 1003 1914 macula
1038 1870 1294 1930 putarent
1326 1879 1385 1916 se
1419 1863 1749 1931 prazclarum
1780 1861 1992 1916 facinus
2021 1861 2216 1916 fecisse
2248 1878 2261 1915 :
2303 1872 2341 1926 Β
2373 1876 2428 1927 ετ

2187 1876 2216 1914 θ
2248 1878 2261 1915 ε
2303 1872 2341 1926 Β
2373 1876 2593 1944 ἔτυχον·
2631 1875 2724 1928 καὶ
2779 1877 3048 1944 τοσαύτην
3080 1874 3300 1936 ἀδοξίαν
3349 1874 3448 1941 τῆς
3483 1872 3798 1940 Ῥωμαῖκῆς
3848 1890 3944 1923 κα-

677 1953 1062 2016 ιςτανίεεὶηιιιιη
1103 1969 1232 2008 vero
1287 1954 1415 2008 illud
1468 1970 1610 2017 esse,
1647 1954 1789 2023 quod
1846 1955 1914 2006 ita
1970 1953 2264 2014 nescirent,

682 2063 748 2095 att
784 2054 966 2098 essent
999 2046 1287 2100 fundendae
1337 2061 1528 2114 preces
1576 2061 1672 2113 pro
1703 2045 1818 2099 suis
1853 2045 2177 2114 majoribus,
2211 2054 2268 2099 ιιι

682 2146 827 2190 recte
861 2139 923 2190 de
961 2139 1063 2192 fide
1085 2138 1468 2202 sentientibus,
1497 2148 1548 2191 et
1571 2138 1716 2204 jnsta
1741 2138 1847 2192 illis
1873 2138 2225 2206 persolvenda
2251 2154 2264 2192 :

683 2245 748 2279 an
788 2243 916 2282 vero
951 2229 1209 2284 deberent
1242 2231 1360 2285 illos
1384 2242 1442 2284 ut
1473 2230 1778 2294 luereticos,
1812 2230 2268 2299 mendaciumque

685 2335 780 2385 per
830 2329 995 2374 totam
1032 2322 1197 2376 vitam
1234 2323 1511 2390 amplexos
1551 2323 1836 2392 deSperata
1870 2340 2056 2378 eorum
2091 2325 2268 2379 salute

685 2423 1053 2476 rontemnere,
1079 2424 1132 2467 et
1156 2415 1630 2484 cognationisjura
1655 2415 1762 2469 illis
1791 2431 2003 2484 negare.
2023 2416 2079 2470 Si
2101 2418 2267 2480 enim,

686 2505 956 2569 inquiunt,
987 2505 1334 2558 crederemus
1365 2506 1563 2571 solum,
1596 2522 1661 2559 ex
1705 2505 1844 2558 Filio
1875 2509 2034 2560 etiam
2082 2521 2268 2574 proce-

685 2596 814 2647 dere
863 2595 1126 2664 Spiritum
1171 2607 1444 2660 sanctum,
1489 2613 1594 2651 non
1643 2600 1963 2653 accessisset
2000 2608 2178 2652 autem
2217 2607 2269 2651 ct

687 2686 831 2740 vocis
876 2688 1174 2750 confessio,
1231 2689 1514 2743 tolerabile
1567 2701 1711 2744 esset
1752 2691 1938 2744 relicta
1989 2706 2091 2744 una
2144 2704 2266 2741 sen-

688 2779 859 2829 tentia
893 2779 1046 2844 sequi
1079 2781 1261 2832 aliam.
1306 2779 1488 2834 Potest
1508 2780 1651 2834 enim
1693 2793 1922 2849 utraque
1955 2797 2080 2848 pars
2108 2781 2266 2833 aliam

678 2886 902 2939 .::-1l(lque
937 2886 1040 2923 non
1095 2883 1298 2926 rectatn
1353 2884 1475 2942 post
1523 2875 1760 2928 scliisma
1818 2884 2000 2927 secuta
2053 2883 2269 2927 senten-

688 2965 839 3020 thim,
885 2980 1027 3018 nunc
1055 2968 1120 3017 ab
1147 2981 1208 3018 ea
1242 2965 1540 3029 discedere,
1578 2967 1704 3019 dum
1745 2977 1959 3018 mutuas
1996 2966 2096 3017 sibi
2127 2981 2267 3030 ope-

693 3070 780 3107 ias
841 3057 1081 3118 tradunt,
1136 3059 1282 3111 nulla
1336 3059 1687 3111 mutationem
1735 3058 2026 3126 ignominia
2072 3072 2269 3112 conse-

692 3157 913 3213 «,uente,
967 3151 1111 3219 quod
1176 3160 1365 3203 neutra
1440 3166 1564 3220 pars
1623 3153 1875 3204 statuerit
1931 3151 2077 3203 illam
2131 3150 2265 3203 lucri

696 3240 852 3292 \rlnti
909 3241 1036 3308 quid
1083 3242 1247 3294 fixum
1308 3251 1360 3294 et
1425 3242 1790 3294 necessarium
1861 3241 1924 3293 ad
1973 3241 2202 3294 salutem
2248 3259 2261 3294 :

691 3333 845 3401 rnjus
895 3334 1149 3387 indicium
1208 3345 1287 3388 cst
1319 3335 1461 3401 quod
1499 3336 1638 3386 inter
1672 3334 1774 3385 alia
1833 3350 1951 3402 qua:
2000 3335 2265 3402 ejusmodi

692 3434 836 3483 Hlltl,
872 3439 975 3477 non
1013 3424 1172 3478 fuerit
1201 3427 1440 3492 positnrn
1474 3426 1526 3478 in
1585 3424 1704 3477 fidei
1733 3423 2101 3478 confessione.
2132 3424 2267 3476 Cum

695 3527 874 3567 autem
926 3516 1152 3569 relatum
1196 3532 1225 3570 a
1261 3515 1417 3570 nobis
1466 3518 1533 3570 sit
1591 3516 1642 3569 in
1696 3531 1980 3568 numerum
2024 3516 2271 3568 immobi-

697 3610 826 3658 lzutn
877 3607 996 3661 tidei
1030 3608 1364 3677 dogtnatum,
1400 3618 1454 3661 ct
1489 3608 1607 3660 sine
1646 3607 1750 3659 ulla
1808 3606 2146 3660 lia-sitatione
2178 3623 2272 3675 per

697 3709 801 3749 tam
852 3698 1010 3767 longa
1050 3709 1290 3769 tempora
1319 3700 1662 3768 praedicetur,
1719 3710 1776 3753 ut
1811 3714 1874 3751 ne
1902 3699 2029 3752 illud
2054 3701 2269 3767 quidem

696 3803 844 3842 terto
875 3794 1014 3845 scire
1043 3793 1431 3862 propemodum
1474 3793 1773 3858 valeamus,
1804 3793 2026 3860 quinam
2055 3793 2275 3847 addide-

697 3886 824 3946 rint,
861 3893 953 3936 aut
1006 3900 1110 3953 qua
1166 3885 1394 3953 permoti
1444 3900 1610 3938 causa
1646 3884 1694 3937 id
1744 3883 1997 3947 fecerint,
2050 3889 2143 3937 sed
2179 3885 2273 3938 alii

698 3977 800 4026 alia
847 3986 1104 4041 narrent;
1156 3978 1278 4045 quis
1312 3979 1410 4028 hoc
1442 3976 1707 4029 dimoveri
1743 3976 2004 4044 patiatur,
2047 3977 2096 4028 ni
2127 3977 2276 4044 prius

701 4069 822 4120 u-lit
851 4078 1149 4122 extremam
1194 4069 1336 4123 ferre
1365 4071 1736 4138 ignominiam,
1777 4080 1828 4122 et
1857 4071 1987 4122 risui
2022 4071 2276 4124 omnibus

701 4161 864 4210 ι’δὸοῩ
898 4158 1048 4212 Nulla
1081 4162 1224 4212 enim
1282 4160 1445 4214 fuerit
1478 4161 1776 4230 ignominia
1809 4161 2002 4228 major,
2038 4178 2199 4230 quam
2230 4161 2275 4214 si

701 4250 856 4301 nobis
915 4249 1014 4318 ipsi
1066 4250 1234 4303 simus
1266 4261 1428 4304 testes
1475 4252 1704 4312 erroris,
1737 4261 1789 4302 et
1830 4250 2099 4303 diuturnae
2151 4266 2275 4318 pro-

701 4342 953 4396 tessionis
1002 4343 1302 4408 mendacii;
1352 4344 1514 4410 idque
1545 4358 1666 4397 cum
1719 4343 1964 4395 doctrina
1993 4353 2046 4394 et
2088 4354 2275 4396 exacta

703 4435 1004 4487 i-isscrendi
1070 4434 1322 4488 facultate
1393 4435 1516 4488 aliis
1571 4434 1812 4501 magistri
1866 4434 2103 4486 veritatis
2158 4448 2276 4486 esse

2369 1969 2670 2037 ταχέαντας
2730 1966 3055 2036 Ἐκκλησίας
3109 1965 3318 2018 οἴεσθαί
3367 1982 3417 2016 τι
3475 1963 3939 2033 κατωρθωκέναι⁸

2372 2059 2462 2111 καὶ
2493 2059 2553 2110 τὸ
2579 2059 2639 2126 δὴ
2665 2058 2938 2127 χείριστον
2969 2059 3244 2117 ἁπάντων,
3284 2058 3479 2121 ἄδηλον
3517 2052 3676 2119 εἶναι,
3713 2057 3941 2126 πότερον

2368 2151 2443 2214 ὼς
2497 2151 2636 2222 ὑπὲρ
2687 2151 2988 2221 ὀρθοδόξων
3038 2152 3297 2220 εὔχεσθαι
3353 2152 3434 2203 δεῖ
3489 2151 3598 2203 τῶν
3657 2149 3945 2219 ἡμετέρων

2372 2244 2672 2312 προγόνων,
2710 2246 2799 2296 καὶ
2830 2246 2928 2304 τὰς
2953 2243 3309 2310 ὀφειλομένας
3341 2244 3526 2304 αὐτοῖς
3581 2241 3943 2310 ἀφοσιοῦσθαι

2369 2335 2558 2403 τιμάς,
2594 2335 2626 2404 ἢ
2666 2333 2740 2396 ὡς
2781 2333 3074 2402 αἱρετικῶν
3103 2335 3198 2386 καὶ
3231 2333 3306 2402 τῷ
3335 2333 3521 2402 ψεύδει
3555 2331 3941 2401 συμδεϐιωκῦ-

2370 2445 2476 2479 των
2521 2429 2910 2495 καταφρονεῖν,
2967 2425 3066 2493 τὴν
3116 2425 3298 2478 αὐτῶν
3352 2423 3626 2492 σωτηρίαν
3675 2420 3947 2486 ἀπογινίὺο

2373 2537 2621 2582 σκοντας,
2657 2519 2749 2571 καὶ
2779 2518 2876 2586 τὴν
2917 2517 3096 2568 αὐτῶν
3131 2518 3375 2579 ἐκείνους
3413 2515 3598 2583 σχέσιν
3642 2513 3945 2582 ἀρνεῖσθαι.

2372 2611 2435 2664 Εἰ
2477 2611 2574 2678 μὲν
2633 2611 2739 2679 γὰρ
2787 2609 3146 2677 ἐπιστεύομεν
3211 2610 3370 2678 μόνον
3437 2609 3528 2658 καὶ
3575 2609 3638 2659 ἐκ
3689 2606 3778 2657 τοῦ
3819 2607 3946 2656 Υἱοῦ

2371 2704 2620 2772 προϊέναι
2676 2702 2735 2755 τὸ
2800 2701 3047 2770 Πνεῦμα,
3093 2701 3165 2770 μὴ
3235 2701 3441 2772 προσῆν
3499 2699 3553 2750 δὲ
3615 2700 3706 2749 καὶ
3764 2699 3796 2766 ἡ
3851 2697 3948 2761 ei;

2371 2795 2620 2863 γλώττης
2676 2795 2972 2862 ὁμολογία,
3029 2794 3254 2846 ἀνεκτὸν
3310 2792 3376 2842 ἂν
3435 2785 3502 2860 ἦν
3566 2790 3724 2854 δόξαν
3792 2789 3947 2856 δόξης

2372 2888 2678 2941 ἀντιλαϐεῖν
2701 2903 2715 2918 ·
2755 2888 3026 2956 ἐνδέχεται
3057 2887 3166 2956 γὰρ
3199 2888 3293 2938 καὶ
3330 2886 3457 2939 ἄλλο
3492 2902 3544 2936 τι
3598 2884 3710 2935 τῶν
3753 2884 3811 2934 ο)
3849 2901 3948 2934 κιο

2371 2981 2478 3030 λῶν
2529 2979 2666 3046 μετά
2713 2979 2772 3030 τὸ
2831 2978 3034 3048 σχίσμα
3083 2978 3411 3043 δοξάσαντας
3466 2975 3784 3042 ἑκατέρους,
3852 2973 3948 3026 νῦν

2373 3071 2668 3124 ἀποθέσθαι
2722 3070 2880 3123 τοῦτο
2932 3071 3061 3139 παρ’
3109 3071 3357 3140 ἀλλήλων
3402 3069 3806 3137 ὠφεληθέντας.
3858 3068 3950 3119 καὶ

2371 3165 2470 3230 τὴν
2501 3163 2760 3231 αἰσχύνην
2805 3163 2877 3233 μὴ
2926 3165 3210 3232 προσεῖναι
3252 3166 3318 3231 τῇ
3379 3161 3685 3229 μεταθέσει,
3716 3160 3812 3211 ἃτε
3848 3178 3949 3228 μη-

2371 3255 2602 3322 δετέρων
2653 3254 2726 3316 ὼς
2776 3255 3031 3322 ἀκίνητόν
3081 3271 3132 3307 τι
3185 3255 3280 3306 καὶ
3336 3253 3471 3322 πρὸς
3527 3254 3624 3320 τὴν
3673 3254 3949 3319 σωτηρίαν

2372 3347 2670 3410 ἀναγκαῖον
2720 3345 3038 3411 ἐγνωκότων
3068 3343 3456 3411 διαφυλάττειν
3486 3359 3498 3372 '
3530 3342 3589 3396 οῦ
3629 3347 3859 3414 σημεῖον
3890 3345 3950 3394 τὸ

2374 3436 2583 3504 μηδ’-ὲν
2612 3439 2676 3507 τῇ
2705 3438 2802 3505 τῆς
2834 3438 3068 3498 πίστεως
3096 3436 3356 3507 ὁμολογίᾳ
3390 3438 3499 3498 τοῖς
3526 3437 3699 3498 οὕτως
3732 3437 3949 3505 ἔχουσιν

2371 3527 2500 3578 αὐτὸ
2567 3528 2968 3596 συνομολογεῖν.
3045 3528 3197 3580 Ἐπεὶ
3252 3528 3307 3582 δὲ
3359 3528 3457 3597 τὴν
3509 3530 3616 3580 τῶν
3672 3529 3950 3597 ἀκινήτων

2371 3619 2657 3686 δογμάτων
2695 3620 2794 3688 τῆς
2825 3621 3065 3681 πίστεως
3102 3615 3232 3690 παρ’
3276 3619 3434 3689 ἡμῶν
3466 3619 3738 3687 ἀπείληφε
3774 3619 3948 3682 τάξιν,

2374 3713 2464 3764 καὶ
2507 3712 2682 3780 πάσης
2731 3712 2858 3766 ἄνευ
2904 3712 3233 3780 ἀμφιϐολίας
3267 3712 3544 3774 τοσούτοις
3594 3712 3690 3782 ἤδη
3741 3714 3952 3782 χρόνοις

2374 3807 2726 3876 κηρύττεται,
2759 3806 2834 3867 ὠς
2871 3805 2995 3873 μηδ⁹
3026 3805 3223 3858 εἰδέναι
3269 3804 3535 3858 δύνασθαι
3574 3805 3763 3874 σχεδον
3795 3807 3953 3874 ἀκρι-

2374 3898 2483 3960 6ῶς
2535 3898 2671 3967 μήτε
2737 3895 2864 3958 τοὺς
2934 3894 3296 3964 προσθέντας,
3334 3893 3464 3964 μήθ’
3523 3893 3616 3960 ὑφ’
3673 3887 3748 3946 ὧν
3811 3894 3949 3962 πρὸς

2375 3987 2548 4043 ταῦτα
2577 3986 2930 4056 ἐκινήθησαν,
2965 3987 3081 4039 ἀλλ’
3125 3987 3317 4050 ἄλλους
3353 3987 3479 4038 ἄλλο
3531 4002 3582 4037 τι
3615 3985 3948 4054 διηγεῖσθαι,

2375 4079 2457 4141 τίς
2497 4079 2562 4132 ἂν
2601 4079 2886 4146 ἀνάσχοιτο
2917 4077 3074 4129 τοῦτο
3103 4081 3294 4143 κινεῖν,
3320 4078 3395 4146 μὴ
3433 4077 3701 4145 πρότερον
3739 4077 3952 4142 ἀδοξίαν

2376 4173 2608 4239 ἐσχάτην
2647 4172 2821 4220 καὶτὸ
2863 4169 3034 4235 γέλως
3067 4169 3269 4221 ἅπασιν
3299 4166 3440 4222 εἶναι
3473 4169 3949 4237 καταδεξάμενοςς

2376 4263 2601 4330 οὺδεμία
2638 4265 2745 4329 γὰρ
2780 4261 2843 4312 ἂν
2891 4260 3120 4330 αἰσχύνη
3159 4261 3370 4327 γένοιτο
3410 4260 3615 4328 μείζων
3668 4261 3758 4312 τοῦ
3811 4279 3954 4330 μαρο

2376 4357 2558 4422 τυρεῖν
2616 4357 2747 4421 ἡμῖν
2808 4354 2990 4412 αὐτοῖς
3044 4354 3142 4421 τὴν
3199 4355 3435 4422 ἀπάτην,
3472 4353 3565 4405 καὶ
3611 4353 3707 4422 τὴν
3739 4355 3956 4422 μακρὰν

2379 4446 2469 4497 τοῦ
2501 4445 2729 4513 ψεύδους
2757 4445 3048 4513 ὁμολογίαν
3073 4461 3087 4475 ο
3132 4447 3227 4496 καὶ
3260 4445 3434 4496 ταῦτα
3471 4445 3632 4513 σοφίᾳ
3657 4446 3754 4496 καὶ
3781 4445 3954 4509 λόγων

706 4528 998 4591 ιιιιεδὶηιιιε.
1036 4527 1098 4580 Et
1139 4529 1253 4580 lia'c
1296 4526 1517 4595 quidem
1579 4526 1742 4580 audio
1804 4541 1832 4577 a
1880 4526 2089 4578 Latinis
2143 4527 2268 4579 dici.
2302 4537 2464 4616 Βδειη

2202 4527 2268 4578 οίο
2302 4537 2644 4616 Βδεινσλτητι
2702 4535 3054 4597 διδασκάλους
3112 4534 3293 4596 ἄλλοις
3355 4535 3454 4602 τῆς
3501 4534 3759 4602 ἀληθείας
3806 4538 3953 4602 γίνε·

704 4621 920 4671 tit-aecos
953 4632 1082 4671 vero
1128 4617 1366 4671 arbitror
1420 4627 1473 4672 et
1530 4618 1674 4686 ipsos
1733 4618 2008 4685 sapientia:
2063 4619 2272 4669 laudem

703 4709 805 4760 sibi
868 4709 1193 4772 tribuentes,
1239 4709 1392 4762 valde
1444 4709 1573 4762 illud
1625 4723 1818 4761 cavere
1881 4723 1947 4761 ne
1997 4707 2276 4760 vidcantur

704 4805 1108 4856 atterentioncm
1155 4803 1462 4864 affectasse,
1498 4813 1550 4853 et
1581 4802 1900 4855 existimare.
1933 4809 2086 4867 turpe
2135 4814 2276 4864 esse,

702 4895 868 4947 sideri
898 4908 953 4948 sc
980 4904 1126 4947 tanto
1153 4905 1391 4963 tempore
1426 4904 1673 4961 nngatos,
1709 4902 1760 4946 et
1790 4893 2129 4946 verissimam
2159 4893 2278 4960 opi-

706 4991 921 5042 nionetn
949 4989 1263 5049 inscctatos,
1293 4988 1629 5054 fratrumque
1655 4986 2092 5038 communionem
2127 4999 2280 5036 aver-

701 5093 850 5135 t-atos
887 5096 900 5132 :
939 5097 1004 5135 ex
1037 5097 1146 5150 quo
1179 5081 1348 5137 multa
1397 5082 1512 5134 illos
1557 5081 1692 5133 mala
1732 5080 1935 5147 perpeti
1966 5077 2275 5145 Contigerit,

705 5176 963 5227 nimirum
1026 5184 1082 5228 ut
1133 5174 1233 5228 soli
1281 5183 1466 5226 contra
1528 5174 1873 5238 ingruentem
1938 5169 2275 5222 infidelitatis

706 5268 1012 5319 ειιιινὶηιιοιιι
1058 5269 1262 5334 absque
1299 5265 1458 5319 sociis
1521 5267 1650 5317 bella
1694 5277 1878 5332 gerere
1937 5271 2277 5328 cogerentur.

708 5358 982 5425 Utrosqne
1032 5369 1210 5411 autem
1249 5360 1445 5426 pariter
1485 5358 1736 5410 existimo
1793 5354 2064 5407 declinare
2126 5354 2280 5420 igno-

709 5449 956 5511 miniam,
1011 5449 1057 5503 si
1124 5449 1478 5503 devincantur
1522 5465 1534 5499 :
1571 5461 1731 5515 quam
1803 5453 1991 5512 putant
2040 5459 2161 5496 cum
2218 5456 2283 5495 eo

704 5543 1081 5611 conjunctam,
1117 5543 1259 5610 quod
1295 5551 1376 5596 cst
1436 5540 1713 5594 veritatem
1751 5541 2048 5598 addiscere,
2095 5546 2148 5589 ct
2195 5541 2282 5593 de-

708 5638 916 5689 «ιιεςρτο
965 5635 1324 5688 mendatium.
1364 5635 1746 5687 Convenerunt
1785 5638 1927 5688 enim
1963 5636 2195 5702 otiique,
2228 5643 2287 5686 ut

711 5729 892 5781 udcrc
925 5732 1070 5791 licet,
1104 5745 1163 5781 ea
1198 5743 1310 5797 spe,
1344 5740 1399 5781 nt
1444 5728 1577 5781 alios
1606 5728 1828 5780 doceant
1882 5730 2082 5796 potius,
2131 5739 2288 5795 atque

715 5820 782 5872 ad
819 5837 971 5875 suam
1027 5823 1312 5877 traducunt
1369 5823 1716 5876 sententiam.
1755 5822 1861 5888 Εδι)
1897 5838 2020 5875 vero
2060 5818 2284 5874 dixerim

2383 4629 2504 4680 σθαι
2562 4629 2916 4697 δυναμένους.
2953 4628 3214 4690 Λατίνους
3273 4627 3372 4693 μὲν
3422 4629 3583 4680 ταυτὶ
3619 4629 3955 4696 πυνθάνομαι

2381 4720 2600 4783 λέγειν·
2639 4719 2766 4780 τοὺς
2805 4719 2861 4770 δὲ
2889 4718 3160 4787 Γραικοὺς
3221 4714 3377 4785 οἶμαι
3442 4719 3649 4786 σφόδρα,
3701 4719 3797 4786 τὴν
3856 4721 3954 4786 τῆς

2383 4810 2713 4876 φιλονεικίας
2739 4809 2894 4871 δόξαν
2921 4807 3304 4874 φυλάττεσθαι,
3323 4808 3416 4859 καὶ
3446 4809 3640 4869 αὐτοὺς
3672 4808 3762 4859 ἐπὶ
3797 4809 3958 4874 σοφία

2383 4901 2711 4970 φρονοῦντας
2739 4940 2754 4964 ,
2791 4901 2886 4952 καὶ
2939 4899 3186 4967 νομίζειν
3216 4899 3465 4966 αἰσχρὸν,
3506 4899 3571 4950 ἂν
3626 4901 3837 4966 φανῶσι
3869 4917 3956 4950 το-

2385 4991 2574 5043 σοῦτον
2610 4995 2800 5061 χρόνον
2829 4990 3146 5058 ληροῦντες,
3182 4991 3278 5041 καὶ
3326 4990 3425 5057 τὴν
3478 4989 3852 5060 ἀληθεστάτην
3879 4992 3961 5042 δὸο

2386 5083 2482 5147 ξαν
2511 5083 2954 5145 ὲλαύνοντες,κα“ι
2982 5082 3079 5150 τὴν
3110 5081 3216 5134 τῶν
3241 5081 3486 5148 ἀδελφῶν
3521 5083 3957 5150 παραιτούμενοι

2385 5180 2669 5233 κοικωνίαν
2695 5194 2707 5208 ·
2751 5178 2810 5241 ἐξ
2837 5177 2894 5230 οὗ
2930 5176 2994 5244 δὴ
3029 5177 3124 5228 καὶ
3152 5175 3364 5226 πολλῶν
3395 5177 3585 5227 δεινῶν
3625 5177 3957 5244 πειραθῆναι

2389 5273 2538 5339 σφίσι
2574 5271 2795 5338 συνέὅη,
2829 5270 2964 5338 πρὸς
2997 5269 3088 5321 τὸν
3118 5270 3214 5336 τῆς
3266 5269 3528 5329 ἀπιστίας
3571 5269 3958 5336 κατακλυσμδν

2387 5366 2513 5416 ἄνευ
2568 5364 2876 5432 συμμάχων
2932 5361 3189 5429 πολεμεῖν
3247 5363 3738 5430 ἀναγκαζομένοις.
3793 5365 3958 5430 Κοινῇ

2386 5456 2430 5508 δ’
2465 5458 2800 5524 ἀμφοτέρους
2825 5455 3066 5523 ἡγοῦμαι
3106 5455 3202 5522 τὴν
3237 5454 3343 5505 ἀπὸ
3375 5453 3473 5516 τῆς
3503 5454 3671 5522 ἣττης
3698 5456 3961 5523 αἰσχύνην

2390 5549 2777 5617 ἐκτρέπεσθαι,
2822 5549 2888 5616 ἢν
2919 5547 2993 5616 τῷ
3025 5564 3080 5599 τε
3119 5547 3308 5616 μαθεῖν
3343 5546 3442 5614 τὴν
3474 5547 3731 5614 ἀλήθειαν
3761 5549 3851 5598 καὶ
3883 5552 3960 5616 τῷ

2391 5643 2449 5696 τὸ
2484 5642 2675 5710 ψεῦδος
2723 5642 3028 5707 ἀπομαθεῖν
3064 5639 3345 5706 νομίζουσι
3400 5638 3756 5707 συνεζεῦχθαι
3786 5658 3799 5670 ·
3835 5642 3963 5692 ἑκά⁴

2395 5753 2538 5802 τίνοι
2595 5735 2726 5802 γὰρ,
2782 5733 2854 5793 ὡς
2906 5735 3050 5782 ἐστιν
3101 5733 3252 5799 ὀρᾷν,
3302 5732 3392 5782 ἐπὶ
3443 5734 3558 5791 ταῖς
3613 5732 3703 5782 τοῦ
3760 5731 3963 5795 διδάξαι

2401 5829 2597 5895 μΞ-λλον
2662 5827 2785 5888 τοὺς
2836 5825 3024 5884 ἄλλους
3069 5825 3160 5876 καὶ
3211 5824 3360 5893 σφίσι
3416 5823 3580 5885 διῖξτι
3640 5825 3962 5891 superbum;
