4452 6450
713 419 825 484 M7
1769 412 2143 473 GENNADII
2185 410 2288 467 CP.
2321 409 2461 467 ΡΛΤ

2201 410 2288 467 ἹΡ.
2321 409 2834 470 ΡΛΤΙΗΛΒΟῘΙΕ
3856 401 3959 463 448

711 540 931 594 credant
955 538 1184 610 Latinis,
1222 542 1349 596 dum
1378 554 1504 595 vera
1531 539 1603 593 illi
1635 536 1837 597 dicant,
1894 533 2054 597 idque
2112 527 2288 580 modis
2320 525 2358 580 Α
2394 540 2458 574 πε

2205 527 2288 580 dis
2320 525 2358 580 Α
2394 524 2683 591 πεισθῆναι
2738 526 3009 590 Λατίνοις,
3058 527 3123 578 ἂν
3171 525 3347 595 ἀληθῆ
3381 524 3603 589 λέγωσι.
3640 519 3735 570 καὶ
3804 518 3959 570 τοῦτο

711 630 966 684 omnibus
1016 632 1193 701 palam
1247 630 1453 684 faciant
1487 647 1502 694 ς
1537 645 1633 682 nec
1683 627 1821 681 velle
1871 633 2094 693 propter
2164 635 2281 674 eam

709 735 969 787 respuere
1002 735 1182 774 veram
1220 721 1569 783 sententiam,
1605 733 1768 784 quam
1802 717 2036 770 fatentes
2060 722 2112 766 et
2162 727 2286 765 cre-

709 810 922 877 dentes,
955 812 1114 880 eique
1146 828 1203 866 se
1235 828 1330 877 per
1383 812 1544 865 :itnbo
1594 811 1707 864 haec
1754 808 2144 878 coniungentes
2196 820 2286 857 ne-

709 913 863 952 cesse
891 909 977 953 est
1007 901 1314 955 concordiae
1351 899 1705 968 veritatisque
1737 897 2045 951 mercedem
2094 912 2123 949 a
2177 895 2286 948 Deo

710 989 1085 1045 indubitanter
1118 998 1453 1060 exspectent.
1483 989 1707 1046 Latinos
1767 1003 1893 1043 vero
1953 989 2284 1057 (quanquam

709 1082 873 1136 video
902 1085 1142 1138 rationes
1171 1099 1360 1137 eorum
1401 1093 1690 1139 enervatas
1720 1097 1814 1151 per
1846 1081 2104 1146 nonnulla
2140 1098 2167 1133 a
2202 1095 2286 1133 me

706 1175 814 1239 jam
845 1175 984 1229 dicta
1005 1176 1102 1246 (l),
1126 1191 1224 1231 nec
1253 1176 1525 1230 immerito
1562 1177 1720 1246 plane
1753 1174 2099 1245 ignominiam
2124 1175 2192 1228 ab
2211 1173 2289 1228 eis

714 1264 914 1328 timeri,
955 1279 1077 1318 cum
1104 1277 1322 1334 propter
1371 1267 1481 1320 ΙιῐιὌ
1530 1266 1629 1333 ipsi
1689 1268 1975 1335 plusquam
2033 1266 2122 1317 ali
2167 1267 2289 1334 jure

711 1355 1019 1424 turbentur)
1072 1356 1203 1411 illud
1267 1357 1430 1410 etiam
1486 1373 1705 1426 aequum
1749 1369 1834 1412 est
1883 1359 2284 1413 considerare:

713 1447 915 1501 nullam
955 1464 1013 1504 se
1047 1449 1356 1513 majoribus
1382 1451 1495 1505 suis
1528 1451 1780 1520 injuriam
1816 1453 2083 1514 illaturos,
2123 1455 2166 1507 si
2202 1470 2290 1507 ve-

711 1540 926 1591 nitatem
953 1539 1055 1607 ipsi
1111 1541 1558 1609 amplectantur;
1596 1543 1705 1596 imo
1761 1544 1943 1611 potius
1999 1543 2287 1598 utilitatem

708 1631 993 1694 allaturos,
1023 1631 1149 1685 dum
1186 1631 1414 1687 fortasse
1440 1649 1628 1701 puram
1653 1644 1705 1688 et
1757 1634 2020 1688 illibatam
2076 1637 2290 1702 opinio-

710 1737 833 1774 nem
863 1731 1107 1777 tenentes
1136 1724 1240 1792 ipsi
1274 1725 1512 1780 orabunt
1548 1742 1644 1794 pro
1676 1727 1992 1782 hominibus
2047 1727 2284 1782 falsitate

711 1815 972 1880 deceptis,
1010 1828 1061 1870 et
1094 1817 1317 1871 humani
1361 1819 1565 1886 aliquid
1605 1822 1778 1888 passis
1809 1841 1821 1874 :
1854 1821 2120 1874 mercedis
2172 1820 2288 1873 loco

709 1919 736 1954 a
782 1902 888 1957 Deo
920 1914 1161 1972 petentes
1198 1909 1265 1960 ob
1291 1910 1588 1962 certamina
1629 1924 1725 1977 pro
1756 1911 1984 1964 veritate
2010 1924 2283 1977 suscepta,
2321 1881 2363 1938 Β

713 1989 1142 2046 misericordiam
1164 1994 1244 2049 eis
1270 1996 1454 2050 tribuit
1477 2013 1492 2063 ;
1518 1998 1646 2066 quin
1675 2001 1835 2052 etiam
1854 2001 2052 2068 probra
2076 2002 2288 2053 illorum

714 2083 972 2144 taulatim
1013 2085 1265 2154 obtegere
1291 2099 1544 2156 p0terunt
1575 2108 1589 2143 :
1632 2107 1752 2158 qua:
1782 2103 2043 2162 augerent
2088 2096 2287 2161 potius,

709 2172 752 2222 si
783 2182 1061 2240 acceptum
1100 2176 1166 2228 ab
1203 2178 1310 2231 illis
1342 2193 1706 2246 sequerentur
1738 2198 2003 2250 errorem,
2063 2197 2117 2240 et
2174 2203 2291 2240 ma-

713 2262 819 2315 lum
856 2265 958 2319 sibi
1022 2266 1160 2334 ipsis
1212 2267 1480 2326 foverent.
1549 2274 1702 2338 Quod
1767 2277 1811 2331 si
1878 2293 1985 2331 non
2036 2279 2294 2333 aviditate

711 2355 916 2421 gloriae,
953 2360 1339 2430 voluntateque
1365 2365 1573 2428 primas
1610 2368 1828 2421 tenendi
1877 2368 2019 2433 inter
2077 2369 2291 2436 fratres,

720 2448 1169 2520 nrtefiniendique
1201 2455 1454 2509 omnibus
1479 2473 1599 2526 quae
1629 2474 1754 2511 vera
1773 2470 1820 2512 et
1845 2462 1986 2527 justa
2020 2472 2165 2526 sunt,
2201 2463 2292 2517 sed

712 2540 1036 2593 necessitate
1054 2541 1287 2610 quadam
1313 2561 1432 2612 qua}
1457 2563 1484 2599 a
1514 2548 1719 2603 ratione
1740 2565 1845 2603 non
1876 2553 2218 2613 abhorreret,
2243 2564 2295 2606 et

709 2630 1130 2698 t'ogitationibus
1151 2635 1297 2699 victi,
1323 2653 1462 2704 quas
1481 2640 1760 2708 despicere
1788 2658 1894 2695 non
1916 2653 2181 2709 poterant,
2212 2645 2297 2696 in-

709 2724 1071 2779 t'uxcrehanc.
1095 2727 1429 2796 opinionem,
1469 2747 1566 2798 par
1598 2744 1679 2785 est
1702 2736 1855 2787 nobis
1874 2739 2035 2791 etiam
2059 2741 2292 2793 tacenti-

713 2817 722 2862 l
749 2830 812 2868 us
844 2814 964 2868 illos
985 2830 1106 2872 esse
1131 2818 1552 2874 misericordiam
1576 2835 1918 2891 consecutos,
1937 2841 2298 2897 expertosque

713 2905 878 2959 lleum
908 2909 1204 2976 propitium
1237 2927 1251 2962 :
1287 2914 1378 2978 qui
1408 2928 1466 2966 sc
1503 2915 1581 2967 vel
1611 2918 1945 2984 gravissimis
1976 2920 2298 2977 criminibus

708 2996 950 3058 iudicem
979 2999 1521 3069 pricbethumanntn,
1553 3008 1596 3060 si
1632 3023 1739 3061 non
1775 3026 1803 3062 e
1837 3011 1999 3065 simili
2025 3014 2298 3069 voluntate

715 3086 1150 3154 proficiscantur,
1190 3092 1242 3145 id
1271 3096 1414 3162 quod
1453 3098 1634 3164 ponus
1668 3100 1800 3153 viris
1831 3101 1940 3156 iliis
1996 3105 2295 3174 contigisse

2396 616 2529 666 πᾶσι
2568 616 2795 683 τρόποις
2836 617 3172 684 ἐργάζεσθαι
3208 618 3464 687 φανερὸν,
3509 615 3783 685 μηδεμίαν
3828 610 3962 662 ὑπο-

2388 704 2518 773 ψίαν
2547 705 2690 773 ἔχειν
2721 705 2981 774 αἰσχύνης
3008 723 3023 738 ο
3064 707 3188 774 μηδ’
3215 708 3401 759 εἵνεκα
3429 705 3618 758 τούτου
3653 705 3751 771 τήν
3786 700 3962 769 ἐληθῆ

2391 795 2676 863 προΐεσθαι
2709 796 2888 858 δόξαν,
2947 797 3011 863 ἦν
3038 796 3438 865 ὁμολογοῦντάς
3470 814 3529 847 τε
3558 796 3653 848 καὶ
3682 791 3965 846 πιστεύον-

2391 907 2507 952 τας,
2533 889 2824 959 καὶταύτῃ
2863 890 2931 941 δι’
2973 891 3298 960 ἀμφοτέρων
3373 891 3579 944 τούτων
3622 889 3965 956 συναπτομέ-

2392 1003 2535 1047 νους,
2570 987 2782 1055 ἀνάγκη
2809 987 2937 1048 τούς
2965 1003 3023 1038 τε
3051 987 3149 1052 τῆς
3178 985 3430 1052 ὁμονοίας
3463 984 3555 1033 καὶ
3587 982 3686 1048 τῆς
3708 981 3964 1048 ἀληθείας

2396 1079 2627 1145 μισθοὺς
2685 1080 2916 1149 βεόαἵως
2965 1080 3172 1134 ἄνωθεν
3201 1078 3531 1148 προσδοκᾷν.
3578 1076 3831 1136 Λατίνοις
3885 1075 3962 1135 δὲ,

2391 1172 2438 1220 εἰ
2472 1172 2563 1222 καί
2612 1188 2731 1222 τινα
2785 1172 2890 1222 τῶν
2928 1169 3233 1237 εἰρημένων
3293 1166 3402 1235 δρῶ
3455 1165 3692 1233 σαθροὺς
3742 1164 3967 1214 ἐκείνων

2390 1263 2558 1326 δεῖξαι
2595 1265 2720 1316 τοὺς
2750 1260 3069 1327 λογισμοὺς,
3103 1260 3198 1311 καὶ
3232 1259 3292 1311 τὸ
3327 1261 3425 1326 τῆς
3457 1257 3720 1324 αἰσχύνης
3755 1255 3871 1316 δέος
3905 1256 3966 1306 ού

2394 1357 2746 1408 παντάπασιν
2777 1357 2993 1420 ἄλογον,
3023 1353 3116 1406 καί
3143 1370 3194 1404 τι
3229 1352 3392 1402 πλέον
3428 1351 3538 1401 τῶν
3576 1348 3750 1401 ἄλλων
3782 1348 3966 1405 αὐτοῖς

2393 1453 2617 1511 εἰκότως
2677 1451 2779 1502 ὑπὸ
2808 1449 3012 1500 τούτων
3047 1447 3496 1517 ταραττομένοις,
3533 1445 3760 1496 κάκεῖνα
3799 1458 3967 1509 προσ-

2393 1542 2746 1607 ενθυμεϊσθαι
2783 1541 3012 1602 δίκαιον,
3044 1542 3127 1592 δτι
3183 1541 3309 1600 τοὺς
3344 1540 3444 1606 μὲν
3479 1537 3779 1606 προγόνους
3812 1533 3964 1585 οὐδὲν

2393 1635 2456 1685 ἐκ
2499 1633 2595 1684 τοῦ
2635 1633 2734 1698 τὴν
2762 1631 3023 1700 ἀλήθειαν
3068 1634 3284 1699 φρονεῖν
3311 1630 3464 1684 αὐτοὶ
3492 1626 3965 1696 παραδλάψουσιν,

2393 1725 2439 1776 εί
2476 1724 2549 1792 μὴ
2584 1725 2677 1776 καὶ
2716 1724 2916 1791 μᾶλλον
2968 1723 3367 1790 ὠφελήσουσιν,
3397 1723 3528 1780 ἴσως
3562 1719 3702 1785 ὑπὲρ
3752 1716 3966 1783 ἀνθρώ-

2397 1835 2514 1868 πων
2548 1817 2870 1869 ἑαλωκότων
2903 1817 2978 1885 τῷ
3009 1816 3217 1885 ψεύδει,
3252 1817 3343 1867 καί
3369 1831 3418 1864 τι
3450 1812 3731 1863 παθόντων
3760 1808 3969 1876 ἀνθρὼ-

2393 1928 2568 1975 πινον,
2623 1911 2777 1960 αὐτοὶ
2835 1910 2974 1976 μετα
3022 1909 3268 1975 καθαρᾶς
3317 1907 3410 1958 καὶ
3457 1904 3756 1971 ἁκιϐδήλου
3809 1902 3967 1968 δόξης

2394 1998 2702 2067 εὐχόμενοι,
2737 1998 2832 2050 καὶ
2886 1998 2993 2050 τῶν
3044 1998 3183 2064 ὑπὲρ
3260 1997 3357 2064 τῆς
3416 1995 3676 2063 ἀληθείας
3738 1995 3966 2058 ἀγώνων

2398 2093 2596 2158 μισθὸν
2635 2092 2913 2153 αἰτοῦντες
2935 2092 3084 2159 παρὰ
3125 2089 3260 2142 Θεοῦ
3287 2090 3387 2158 τὴν
3414 2091 3493 2150 εἰς
3521 2089 3760 2147 ἐκείνους
3785 2085 3971 2153 φιλαν-

2395 2182 2664 2251 θρωπίαν.
2725 2183 2829 2232 Καὶ
2887 2181 2955 2232 τὰ
3021 2179 3245 2230 ἐκείνων
3303 2176 3360 2228 δὲ
3419 2173 3770 2240 συγκαλύψαι
3827 2172 3964 2223 κατα

2396 2275 2597 2342 μικρὸν
2629 2274 2806 2343 ὀνείδη
2840 2273 3184 2342 δυνήσονται,
3225 2272 3367 2338 άπερ
3399 2267 3626 2337 ἔμελλον
3663 2265 3867 2328 αὔξειν,
3902 2260 3968 2333 ἧς

2395 2369 2846 2436 ἐκληρονόμησαν
2889 2368 3137 2436 ἐχόμενοι
3192 2366 3425 2433 πλάνης,
3465 2367 3559 2417 καὶ
3587 2363 3647 2414 τὸ
3679 2362 3851 2413 δεινζν
3908 2361 3964 2410 ὲν

2397 2464 2548 2527 σφίσι
2577 2461 3051 2527 διαφυλάττοντες.
3081 2460 3138 2512 Ei
3163 2459 3216 2510 δὲ
3256 2459 3328 2528 μὴ
3364 2457 3522 2525 δόξης
3568 2455 3834 2523 ἐπιθυμία
3879 2453 3973 2506 καὶ

2395 2553 2470 2620 τῷ
2514 2552 2808 2621 βούλεσθαι
2844 2552 3155 2622 πρωτεύειν
3185 2551 3291 2603 τῶν
3325 2550 3594 2617 ἀδελφῶν,
3632 2548 3726 2600 καὶ
3760 2545 3971 2611 τάληθῆ

2396 2648 2490 2699 καὶ
2521 2648 2704 2699 δίκαια
2740 2650 2904 2700 πᾶσιν
2935 2646 3158 2715 ὁρίζειν,
3185 2647 3297 2697 ἀλλ’
3337 2646 3398 2696 ἔκ
3429 2661 3571 2705 τινος
3605 2642 3834 2710 ἐχούσης
3870 2640 3957 2689 λέ-

2397 2758 2492 2806 γον
2527 2741 2770 2806 ἀνάγκης
2800 2742 2894 2791 καὶ
2914 2738 3194 2806 λογισμῶν
3222 2737 3572 2806 ἡττηθέντες,
3595 2731 3669 2787 ὧν
3691 2734 3788 2784 οὐκ
3823 2727 3969 2799 εἶχον

2400 2834 2700 2902 ύπερορᾷν,
2727 2834 2822 2902 τὴν
2860 2832 3016 2897 δόξαν
3047 2831 3250 2898 ταύτην
3286 2832 3633 2900 εἰσήνεγκαν,
3678 2828 3819 2888 εἰκός
3857 2828 3973 2876 ἐστι

2400 2929 2493 2981 καὶ
2528 2925 2805 2992 σιγώντων
2834 2924 2988 2993 ἡμῶν
3046 2924 3244 2978 αὐτοὺς
3268 2922 3682 2991 φιλανθρωπίαν
3714 2921 3970 2988 εὑρέσθαι

2401 3016 2497 3068 καὶ
2529 3016 2662 3068 Θεοῦ
2705 3019 2887 3084 τυχεῖν
2917 3016 3068 3078 ἵλεω,
3105 3016 3162 3073 ὃς
3216 3017 3310 3066 καὶ
3340 3014 3448 3064 τῶν
3473 3013 3760 3081 χειρίστων
3793 3012 3974 3077 ἁμαρ-

2403 3111 2686 3177 τημάτων,
2743 3109 2807 3162 ἂν
2837 3110 2934 3161 οὐκ
2974 3110 3030 3173 ἐξ
3063 3109 3253 3177 ὁμοίας
3305 3108 3688 3177 άμαρτάνηται
3726 3105 3974 3170 γνώμης,

714 3181 844 3233 ιιιίΙιὶ
876 3181 988 3248 ipse
1022 3187 1353 3253 persuadeo.
1386 3188 1568 3259 Neque
1594 3193 1737 3246 enim
1805 3197 1948 3250 viros
1998 3201 2295 3254 sanctitno-
2323 3226 2366 3288 ρ
2405 3201 2472 3265 et?

2216 3216 2295 3254 ιο·
2323 3226 2366 3288 C
2405 3200 2784 3266 φιλάνθρωπος
2830 3199 3040 3265 γίνεται
3085 3198 3341 3267 δικαστής
3363 3215 3375 3227 τ
3407 3197 3434 3247 ὂ
3467 3196 3568 3249 ’καλ⁵
3605 3195 3806 3288 μᾶλλον
3839 3194 3974 3288 ὑπερ

715 3272 797 3323 nia
835 3274 955 3328 vitae
981 3287 1323 3345 praestantes,
1351 3282 1554 3352 quique
1590 3286 1757 3339 Deum
1788 3286 2105 3342 dilexerunt
2131 3306 2295 3358 super

715 3367 921 3430 omnia,
956 3371 1107 3426 visus
1142 3373 1256 3440 ipse
1282 3388 1424 3430 esset
1469 3378 1716 3436 alTecisse
1779 3384 2039 3451 praemiis,
2096 3387 2297 3456 quibus

715 3457 816 3510 sibi
850 3459 1046 3515 charos
1075 3463 1265 3529 donat,
1306 3477 1474 3536 atque
1506 3469 1556 3522 itt
1584 3481 1790 3525 emtum
1832 3475 2112 3530 beatorum
2159 3480 2298 3531 asci—

723 3549 891 3613 \isse,
919 3554 971 3605 ni
1003 3555 1157 3623 prius
1194 3558 1302 3612 illis
1334 3562 1704 3618 condonasset
1732 3581 1922 3629 poenas
1958 3569 2027 3621 ob
2053 3585 2294 3625 errorem

716 3640 962 3707 luendas,
989 3662 1108 3715 quae
1137 3649 1374 3705 falsitate
1397 3664 1583 3722 captos
1609 3655 1660 3707 in
1696 3668 2018 3725 perpetuum
2053 3675 2080 3713 a
2112 3662 2298 3716 beato-

718 3753 836 3789 runt
860 3748 1007 3792 sorte
1033 3755 1347 3801 secernunt.
1397 3745 1551 3809 Quod
1603 3763 1729 3802 vero
1783 3749 1923 3806 Deus
1979 3754 2295 3820 multorum,

715 3839 768 3882 ct
801 3830 926 3884 dum
958 3832 1224 3901 viverent,
1255 3843 1308 3890 et
1341 3838 1430 3892 ubi
1465 3839 1569 3894 vita
1603 3840 1772 3896 functi
1798 3857 2004 3908 essent,
2046 3856 2294 3902 testatant

719 3923 947 3978 voluerit
979 3927 1350 3994 sanctitatem,
1380 3933 1617 3986 ostendit
1657 3946 1709 3988 et
1741 3934 2061 3992 Latinorum
2114 3941 2300 3994 Eccle-

715 4016 814 4075 sia,
842 4018 1047 4071 cultum
1078 4020 1183 4074 illis
1212 4030 1266 4076 et
1323 4023 1585 4079 honorem
1645 4029 1977 4094 adhibendo,
2029 4043 2082 4085 et
2126 4033 2296 4088 Grzeci

718 4109 816 4170 ipsi
849 4125 952 4164 non
981 4115 1434 4181 contradixerint,
1468 4134 1566 4173 nec
1585 4134 1770 4174 errore
1797 4123 1848 4176 id
1869 4123 1981 4177 fieri
2008 4125 2295 4193 quisquam

717 4200 932 4265 uixerit,
958 4206 1114 4271 quasi
1142 4221 1236 4262 vos
1267 4207 1477 4261 frustra
1537 4211 1646 4265 illis
1701 4213 2010 4268 sanctitatis
2066 4217 2296 4284 gloriam

717 4291 986 4358 tribuatis,
1019 4297 1153 4350 nihil
1198 4298 1251 4352 in
1287 4300 1419 4368 ipsis
1445 4302 1797 4370 agnoscendo
1823 4319 1885 4358 ex
1916 4305 1985 4358 iis
2034 4321 2156 4372 qua:
2211 4320 2299 4358 re-

715 4386 1008 4452 quiruntur
1048 4390 1113 4443 ad
1150 4392 1520 4446 sanctitatem.
1548 4394 1727 4458 Quare
1754 4412 1880 4464 spes
1932 4405 2016 4450 est
2070 4399 2299 4451 omnino

715 4487 884 4543 certa,
915 4481 1049 4534 nihil
1079 4482 1184 4536 illis
1220 4485 1531 4538 nociturum
1566 4488 1630 4539 ad
1681 4489 1913 4544 salutent
1976 4489 2181 4543 factum
2246 4490 2296 4541 in

717 4571 973 4638 Symbolo
1066 4575 1492 4632 additamentum
1574 4595 1588 4631 :
1655 4596 1777 4634 cum
1862 4583 2092 4650 permOIi

718 4672 826 4713 tum
871 4663 1068 4719 fuerint
1137 4671 1461 4724 necessitate
1519 4672 1752 4739 quadam
1811 4673 2298 4741 etrationibuspe-

718 4755 886 4807 ticulo
910 4757 1041 4810 illud
1075 4773 1267 4814 vacare
1297 4764 1656 4830 probantibus
1677 4766 1702 4817 ':
1732 4781 1827 4818 nec
1859 4767 2052 4819 vestris
2089 4768 2289 4820 oratio-

719 4849 879 4902 nibus
907 4850 1021 4904 l'ore
1045 4852 1150 4908 illis
1176 4869 1334 4923 opus,
1359 4871 1422 4908 ae
1462 4858 1835 4926 multomagis
1864 4858 1907 4911 si
1950 4859 2015 4911 ad
2080 4858 2294 4912 illorum

717 4957 956 4994 t'l'l‘Ol'f‘Jll
998 4955 1176 4998 vester
1208 4962 1312 4999 non
1350 4949 1590 5011 accedat,
1627 4959 1681 5002 et
1718 4949 1947 5002 veritate
1976 4950 2160 5017 agnita
2214 4949 2294 5001 fa-

718 5032 896 5091 ciatis.
929 5042 987 5084 ut
1023 5032 1102 5086 illi
1137 5036 1314 5088 solum
1373 5053 1437 5090 ex
1511 5039 1797 5092 mendacio
1847 5039 2103 5091 damnum
2166 5055 2298 5092 eon-

720 5124 1324 5180 traxerintzeritenim
1354 5128 1420 5182 ab
1481 5130 1585 5182 illis
1638 5147 1736 5198 pro
1787 5145 1845 5184 se
1898 5141 2128 5196 tantum,
2190 5145 2298 5184 non

719 5231 813 5282 pro
837 5217 1032 5271 vestris
1059 5220 1219 5273 etiam
1257 5222 1542 5275 animabus
1575 5224 1843 5276 reddenda
1917 5226 2080 5288 ratio,
2133 5238 2296 5293 quam

720 5319 816 5371 [tur
850 5315 932 5358 est
961 5305 1027 5359 ab
1054 5307 1160 5362 illis
1209 5326 1317 5363 non
1382 5312 1547 5381 exigi,
1600 5314 1717 5365 siin
1784 5313 2072 5380 pauciores
2122 5328 2299 5380 pravae

719 5397 987 5461 opinionis
1017 5399 1189 5453 labem
1215 5401 1552 5456 diffuderint.
1588 5404 1741 5470 Quod
1774 5405 1818 5459 si
1860 5420 1963 5457 non
2001 5405 2293 5472 perfectam

721 5503 892 5554 ptente
925 5490 1323 5558 liberationem,
1348 5508 1397 5548 at
1420 5506 1566 5549 certe
1587 5499 1800 5565 refrigei
1818 5498 1927 5549 ium
1954 5497 2223 5565 quoddam
2245 5506 2297 5548 et

721 5581 1150 5639 consolationem
1188 5590 1495 5644 emendatio
1524 5602 1863 5659 posterorum
1901 5590 2006 5642 illis
2027 5589 2294 5653 attulerit,

2401 3293 2507 3342 τῶν
2537 3290 2747 3358 ἀνδρῶν
2805 3292 3026 3343 ἐκείνων
3081 3290 3263 3356 ἔγωγε
3321 3289 3605 3356 πείθομαι.
3645 3289 3718 3340 Οὐ
3752 3286 3858 3355 γάρ
3913 3287 3976 3337 ἂν

2399 3387 2524 3446 τοὺς
2559 3385 2812 3454 ὀρθότητι
2848 3384 2963 3453 βίου
2998 3385 3103 3436 τῶν
3138 3384 3314 3437 ἄλλων
3349 3383 3728 3447 διενεγκόντας
3753 3381 3847 3432 καὶ
3874 3381 3977 3447 προ

2399 3480 2619 3530 πάντων
2655 3478 2815 3529 αὑτὸν
2842 3479 3238 3545 ἀγαπήσαντας
3272 3475 3417 3540 ἔδοξε
3449 3477 3564 3536 ταῖς
3594 3475 3702 3526 τῶν
3736 3473 3972 3542 γνησίων

2402 3571 2780 3639 ἀμειψάμενος
2811 3571 3040 3639 δωρεαῖς
3093 3570 3187 3621 καὶ
3231 3568 3306 3636 τῷ
3338 3569 3446 3618 τῶν
3485 3565 3772 3634 μακαρίων
3804 3580 3973 3616 κατα-

2404 3660 2564 3725 λέξας
2593 3662 2762 3730 χορῷ,
2802 3661 2873 3731 μὴ
2923 3661 3139 3730 πρῶτον
3175 3660 3358 3720 αὐτοῖς
3391 3659 3490 3718 τὰς
3541 3659 3604 3709 ὲκ
3636 3657 3733 3725 τῆς
3771 3655 3976 3722 πλάνης

2399 3754 2758 3820 ὀφειλομένας
2789 3755 2942 3814 δίκας
2989 3755 3168 3820 ἀφεῖς,
3224 3753 3279 3804 αἳ
3330 3751 3588 3818 διηνεκῶς
3622 3751 3747 3808 τοὺς
3802 3747 3971 3798 ἑαλω-

2400 3845 2562 3906 κότας
2599 3846 2697 3912 τῆς
2730 3846 2838 3896 τῶν
2877 3845 3164 3913 μακαρίων
3196 3847 3443 3915 εἴργουσι
3495 3841 3726 3911 λήξεως.
3765 3838 3887 3890 Ὅτι
3918 3837 3972 3889 δὲ

2400 3939 2614 4000 πολλοῖς
2645 3940 2744 4007 τὴν
2774 3939 3088 4008 ἁγιωσύνην
3151 3938 3239 3989 καῖ
3296 3936 3452 4000 ζῶσι
3485 3936 3578 3988 καὶ
3620 3931 3976 4000 τελευτήσασι

2405 4030 2833 4100 μεμαρτύρηκεν
2865 4032 2892 4081 ὁ
2941 4030 3070 4091 Θεὸς
3099 4029 3164 4081 δι’
3195 4022 3270 4081 ὧν
3317 4028 3512 4079 εἴωθεν
3567 4025 3735 4092 αὐτὴν
3776 4039 3978 4092 μαρτυ-

2405 4126 2539 4192 ρεῖν,
2567 4123 2600 4191 ἢ
2634 4139 2688 4173 τε
2719 4123 2828 4174 τῶν
2857 4122 3099 4174 Λατίνων
3145 4121 3446 4186 Ἐκκλησία
3482 4119 3700 4185 τιμῶσα
3757 4113 3979 4173 τούτους

2401 4218 2497 4268 καὶ
2532 4214 2762 4266 σέϐουσα
2791 4214 3052 4274 δείκνυσι,
3097 4215 3189 4262 καὶ
3241 4211 3467 4279 Γραικοὶ
3505 4214 3718 4268 παντως
3754 4206 3818 4257 ἂν
3853 4220 3979 4268 συγ-

2402 4307 2728 4375 Χωρῆσαιεν,
2793 4307 2912 4358 οὐδὲ
2947 4305 3156 4372 πλάνην
3211 4307 3367 4371 φαῖεν
3433 4296 3574 4353 εἶναι
3609 4301 3670 4351 τδ
3720 4298 3977 4367 πρᾶγμαν

2403 4403 2499 4453 καὶ
2535 4401 2710 4467 μάτην
2767 4399 2910 4466 ὑμᾶς
2945 4389 3174 4456 ἐκείνοις
3205 4395 3301 4463 τὴν
3329 4395 3428 4460 τῆς
3462 4390 3777 4460 ἁγιωσύνης
3823 4389 3980 4452 δόξαν

2404 4491 2763 4556 προσάπτειν,
2791 4490 2897 4540 τῶν
2935 4489 3012 4549 είς
3047 4487 3249 4552 ταύτην
3306 4485 3659 4552 ζητουμένων
3707 4481 3980 4533 οὐδοτιουν

2184 4593 2299 4636 tan-
2329 4573 2379 4632 D
2410 4587 2593 4647 αύτοῖς
2625 4583 2955 4643 συνειδότας.
2987 4583 3136 4632 Ὥστ’
3166 4579 3319 4641 ἐλπίς
3355 4578 3588 4630 ἐστικαὶ
3615 4575 3754 4627 πάνυ
3791 4572 3981 4640 βεϐαία

2407 4675 2569 4744 μηδὲν
2597 4673 2780 4733 αὐτοῖς
2803 4672 2938 4739 προς
2966 4671 3065 4739 τὴν
3103 4668 3376 4737 σωτηρίαν
3399 4667 3498 4735 τὴν
3523 4668 3579 4716 ὲν
3607 4665 3683 4732 τῷ
3717 4663 3982 4732 Συμϐὁλῳ

2401 4767 2723 4836 προσθήκην
2756 4762 3142 4833 λυμανεῖσθαι,
3193 4760 3285 4811 ὑπ’
3318 4759 3568 4823 ἀνάγκης
3625 4758 3789 4824 μονον
3839 4753 3981 4813 τινὸς

2403 4858 2494 4909 καὶ
2518 4855 2694 4921 λόγων
2725 4854 3067 4905 δεικνύντων
3094 4849 3300 4914 ταύτην
3325 4847 3607 4898 ἀκίνδυνον
3640 4843 3978 4913 προαχθεῖσι,

2405 4947 2537 5016 μηδὲ
2562 4946 2668 4996 τῶν
2696 4943 2978 5012 ὑμετέρων
3003 4941 3174 5009 εὐχῶν
3195 4941 3408 5006 δεήσειν
3438 4938 3620 4995 αὐτοῖς
3644 4952 3658 4965 ·
3689 4938 3778 4987 καὶ
3803 4933 3982 4998 πολλῳ

2405 5037 2606 5106 μᾶλλον
2646 5037 2711 5087 ἂν
2765 5035 2837 5102 μὴ
2896 5034 2989 5085 καὶ
3049 5032 3108 5082 τὸ
3147 5033 3414 5099 ὑμέτερον
3447 5031 3630 5088 αὐτοῖς
3679 5025 3980 5094 προστεθῇ,

2402 5128 2540 5182 ἀλλὰ
2572 5126 2673 5194 τὴν
2701 5126 2959 5191 ἀλήθειαν
2987 5124 3140 5191 ὑμῶν
3166 5122 3525 5187 ὲπιγνόντων,
3567 5120 3758 5188 μέχρις
3797 5117 3977 5166 αὐτῶν

2405 5221 2563 5289 μόνον
2604 5219 2662 5269 τὸ
2695 5217 2848 5286 παρὰ
2870 5215 2964 5268 τοῦ
2995 5216 3226 5282 ψεύδους
3278 5213 3474 5281 βλάϐος
3503 5212 3814 5274 ἐκτείνηται
3839 5225 3849 5237 ·
3885 5206 3976 5256 τὸν

2402 5313 2542 5378 ὑπὲρ
2589 5309 2739 5374 σφῶν
2776 5307 2977 5369 αὐτῶν,
3010 5305 3128 5372 οὐχὶ
3161 5304 3217 5355 δὲ
3251 5305 3345 5355 καὶ
3377 5303 3484 5354 τῶν
3541 5302 3824 5367 ὑμετέρων
3879 5295 3983 5362 ψυ-

2406 5403 2518 5470 γῶν
2569 5399 2869 5466 ὀφλήσουσι
2899 5397 3055 5462 λόγον
3085 5412 3097 5423 ·
3131 5394 3189 5445 ὃν
3243 5394 3390 5453 εἰκός
3438 5393 3586 5442 ἐστιν
3633 5390 3815 5450 αὐτοῖς
3850 5391 3984 5452 ἀνρε-

2407 5493 2594 5560 θῆναι,
2648 5492 2726 5552 εἰς
2783 5491 3041 5549 ἐλάττους
3099 5489 3197 5557 τὴν
3257 5487 3356 5554 τῆς
3423 5483 3743 5546 κακοδοξίας
3804 5479 3984 5547 λύμην

2409 5584 2664 5652 ὲκχέασιν
2691 5598 2705 5613 ο
2741 5582 2855 5634 ἀλλ’
2890 5582 2937 5632 εἰ
2970 5581 3064 5632 καὶ
3109 5580 3181 5648 μὴ
3213 5576 3455 5644 παντελῆ
3485 5578 3585 5644 τῆς
3615 5573 3771 5640 δίκης
3811 5573 3985 5623 ἀπαλ-

803 5855 1026 5923 (Ι)11ι[·ο
1052 5870 1098 5912 ct
1134 5858 1329 5913 similia
1369 5861 1500 5914 dixit
1535 5869 1723 5913 ant-ti:
1747 5869 1865 5911 ante
1895 5858 2088 5911 lactant
2127 5857 2401 5909 unionem.
2440 5884 2496 5892 —-
2535 5851 2645 5905 luto
2680 5862 2796 5919 post
2826 5849 3044 5902 lactant.
