4452 6450
699 413 802 474 451

1753 417 1795 476 G
1814 416 2131 474 ENTV'ADH
2177 419 2286 476 (ΣΡ.
2326 419 2601 479 ΡΑΤΗΙᾹ
2620 420 2839 479 Ιῖίίῐῐπῖ

3849 407 3954 470 432

703 527 866 580 rebus
889 525 1052 591 gestis
1087 522 1327 578 nancisci
1360 523 1586 594 gloriam
1613 546 1621 578 :
1651 528 1904 596 quodque
1932 538 2043 581 tum
2074 538 2284 591 vestrae,
2320 539 2358 591 Α
2395 533 2457 594 ξα

2210 547 2284 591 ἀι,
2320 539 2358 591 Α
2395 533 2478 594 ξα,
2519 533 2611 584 καὶ
2665 534 2724 582 τὸ
2757 530 3024 592 σώζεσθαι
3060 529 3158 597 μὲν
3193 525 3371 588 αὐτοὶ,
3410 524 3602 588 σώζειν
3636 522 3691 575 δὲ
3718 522 3813 574 καὶ
3842 522 3968 583 τοὺς

700 628 817 674 tum
866 618 1092 669 aliorum
1149 629 1343 682 sponte
1399 632 1496 670 vos
1555 619 1901 685 sequentium
1966 618 2126 672 saluti
2193 635 2288 687 per

701 710 947 765 veritatis
979 709 1312 776 agnitionem
1347 710 1756 762 consulueritis.
1819 708 1924 764 Sed
1964 726 2062 765 nec
2093 726 2283 766 eorum

697 804 795 875 qui
828 815 972 854 nunc
1012 801 1179 854 vitam
1214 801 1436 870 degunt,
1478 815 1570 852 vos
1601 800 1892 869 quisquam
1939 805 2245 869 culpaverit
2274 823 2284 856 :

705 912 810 949 non
858 894 1057 958 Graeci,
1098 894 1298 963 quibus
1356 893 1667 947 videbimini
1726 895 2016 949 maximam
2073 896 2286 951 laudem

702 987 920 1051 mereri,
947 999 1000 1040 et
1029 1002 1194 1056 penes
1233 1001 1368 1054 quos
1435 986 1731 1038 immortali
1773 987 1966 1041 vivetis
1996 987 2285 1048 memoria,

701 1081 846 1148 quod
888 1091 941 1134 et
965 1079 1289 1148 sumptibus.
1332 1088 1385 1132 et
1410 1080 1756 1147 corporibus,
1795 1089 1847 1133 et
1883 1079 2288 1146 scientia,ani-

704 1177 774 1227 uti
800 1174 1031 1241 denique
1069 1171 1439 1225 moderatione
1464 1187 1528 1226 ac
1555 1169 1750 1224 divinis
1781 1171 2105 1240 quibusdam
2143 1171 2287 1240 cogi-

705 1265 1000 1318 lutiunihus
1028 1278 1218 1332 pacem
1237 1264 1338 1318 soli
1387 1263 1499 1317 fere
1520 1278 1584 1316 ex
1603 1263 1858 1316 omnibus
1881 1261 2229 1316 eonfeeeritis
2265 1278 2278 1312 :

704 1373 877 1424 neque
907 1355 1268 1424 vosmetipsos
1303 1355 1431 1424 ipsi,
1464 1369 1558 1408 nee
1589 1355 1730 1408 alius
1760 1370 1824 1407 ex
1863 1355 1929 1408 iis
1959 1355 2052 1422 qui
2077 1362 2289 1408 vestras

704 1460 884 1518 partes
915 1457 1235 1517 sequuntur.
1265 1446 1465 1502 Omnes
1489 1433 1646 1498 enim
1688 1445 2014 1498 sententiam
2049 1454 2286 1498 vestram

705 1555 961 1608 tanquam
993 1540 1251 1593 divinitus
1280 1539 1443 1590 latam
1501 1537 1762 1603 artipient
1812 1553 1824 1588 :
1858 1545 1966 1588 tum
2001 1536 2130 1603 quia
2157 1550 2288 1588 con-

706 1635 944 1701 gregatio
969 1621 1056 1685 est
1089 1631 1412 1684 universalis
1450 1627 1734 1694 Ecclesire,
1770 1643 1932 1696 quam
1966 1642 2152 1680 errare
2188 1626 2286 1679 im.

707 1727 962 1795 possibile
995 1733 1096 1789 est,
1125 1735 1236 1777 tttm
1273 1724 1399 1791 quia
1433 1723 1522 1776 illa
1548 1721 1697 1790 pacis
1749 1721 1852 1773 erit
1879 1735 2064 1779 causa.
2117 1735 2279 1787 quam

707 1833 897 1870 omnes
935 1815 1306 1884 optant,qnod
1361 1829 1454 1881 per
1493 1829 1613 1867 eam
1648 1821 1969 1880 exspectent
1998 1813 2283 1865 liberatum

707 1926 765 1962 se
791 1911 852 1960 iri
891 1909 960 1961 ab
1008 1907 1260 1960 omnibus
1291 1903 1582 1958 teterrimis
1609 1902 1788 1966 malis,
1839 1917 2071 1969 quorum
2135 1901 2288 1968 origo
2325 1884 2362 1934 Β

706 1999 912 2053 exstitit
943 1999 1187 2066 utrisque
1215 1997 1477 2048 sehisma.
1503 1993 1774 2048 Caeterum
1811 1994 1854 2046 si
1886 1996 1979 2047 iiat
2011 2005 2196 2047 utnon
2222 1995 2290 2048 ab

707 2092 961 2142 omnibus
1009 2087 1327 2150 laudentini,
1381 2102 1480 2140 nec
1533 2086 1790 2139 omnibus
1824 2086 2066 2140 arrident
2111 2096 2288 2141 vestra

710 2180 978 2235 sententia
1007 2198 1018 2233 :
1053 2178 1145 2232 sed
1177 2179 1247 2229 sit
1301 2178 1521 2245 aliquis,
1557 2176 1640 2228 cui
1673 2177 1856 2245 potius
1911 2181 2287 2233 concertando

709 2273 1018 2343 placet-etis,
1047 2279 1101 2326 et
1131 2270 1424 2324 evertendo
1442 2271 1647 2333 omnia,
1677 2285 1742 2323 ne
1768 2271 2049 2340 ignorasse
2070 2285 2288 2340 prater-

708 2367 785 2420 ito
821 2374 1062 2432 tempore
1110 2362 1254 2431 quod
1287 2362 1430 2415 credi
1463 2361 1747 2430 oportebat
1796 2379 1808 2414 :
1853 2362 2148 2417 videamini
2180 2380 2285 2417 nott

707 2456 916 2508 debetis
954 2463 1236 2522 propterea
1270 2467 1565 2520 paucorum
1600 2453 1808 2518 laudes,
1835 2468 2034 2522 easque
2066 2455 2288 2508 vitiosas

708 2553 1046 2598 commutare
1092 2557 1215 2594 cum
1241 2540 1460 2595 fasudio
1479 2541 1838 2608 plurimorum
1857 2551 1910 2595 et
1933 2542 2156 2610 optimm
2173 2559 2283 2606 um,

708 2646 762 2688 et
782 2636 995 2704 Optima:
1016 2637 1090 2690 rei
1116 2650 1278 2689 causa
1300 2645 1560 2703 concepto
1587 2651 1600 2685 :
1634 2649 1754 2687 eum
1777 2635 1901 2688 licet
1919 2637 2100 2688 cuncti
2125 2637 2285 2690 simul

710 2742 873 2796 prave
897 2727 1158 2791 sentiant,
1191 2735 1246 2779 et
1269 2725 1498 2780 moleste
1531 2725 1633 2780 hoe
1657 2725 1853 2788 ferant,
1879 2735 2174 2781 vostamen
2208 2727 2291 2780 ui-

712 2821 785 2873 hil
808 2834 1020 2883 curare,
1052 2819 1146 2874 sed
1185 2829 1393 2872 tantum
1425 2818 1491 2872 de
1529 2819 1762 2874 honesto
1788 2828 1842 2873 et
1876 2834 2005 2874 vero
2028 2820 2288 2876 sollicitos

709 2928 831 2967 esse
876 2921 1156 2980 oporteat:
1201 2911 1332 2965 illud
1384 2912 1618 2966 scientes
1671 2926 1889 2966 omnem
1927 2913 2207 2982 querelam
2236 2923 2288 2968 et

711 3005 1104 3074 oppositionem
1139 3003 1387 3057 frivolam
1417 3003 1552 3068 (ore,
1580 3003 1622 3056 si
1658 3004 1820 3057 modo
1849 3013 1966 3058 rata
2002 3005 2132 3069 sint,
2167 3021 2288 3074 quae

714 3095 841 3149 lient
863 3112 890 3150 a
908 3096 1078 3149 vobis.
1097 3094 1228 3148 Nam
1253 3095 1296 3148 si
1322 3111 1509 3148 verum
1534 3104 1617 3148 est
1638 3109 1667 3147 a
1691 3111 1775 3149 me
1800 3095 2113 3159 dicendum,
2139 3097 2286 3150 omni

713 3205 782 3241 te
810 3204 968 3255 quem
1000 3186 1269 3240 offendam
1309 3187 1620 3249 suspicione
1664 3198 1890 3249 remota,
1949 3202 2042 3242 vos
2077 3197 2284 3240 tantum

710 3296 850 3350 Opus
885 3291 968 3334 est
998 3290 1053 3333 ut
1104 3280 1322 3334 inanem
1357 3281 1584 3349 gloriam
1640 3281 1983 3348 despiciatis,
2017 3291 2070 3334 et
2103 3283 2282 3333 omnia

713 3375 846 3426 bene
878 3388 936 3426 se
988 3372 1261 3425 habebunt
1289 3388 1303 3436 ;
1352 3379 1405 3425 et
1434 3372 1474 3424 si
1499 3371 1626 3424 illud
1665 3385 1764 3441 pro
1792 3381 1940 3425 certo
1967 3370 2168 3424 animis
2200 3386 2290 3424 ve-

712 3467 839 3520 stris
866 3466 1277 3536 proposueritis,
1311 3463 1422 3518 fore
1448 3473 1504 3517 ut
1531 3480 1809 3532 nunquam
1853 3481 1948 3520 vos
1992 3465 2159 3519 vestri
2192 3480 2293 3533 pu—

712 3558 856 3618 deat,
891 3566 983 3611 aut
1008 3557 1075 3610 ob
1107 3557 1390 3612 sententiae
1422 3556 1778 3610 mutationem
1813 3556 2132 3619 turbemini,
2159 3541 2290 3609 nihil

712 3660 794 3706 est
824 3650 966 3719 quod
993 3649 1058 3703 de
1091 3649 1211 3702 aliis
1241 3649 1496 3702 timcatis.
1547 3648 1615 3699 At
1650 3662 1746 3701 vos
1779 3663 1878 3702 nec
1930 3647 2162 3715 justum,
2193 3664 2292 3700 nec

714 3752 1138 3798 consentanequ
1171 3751 1250 3795 est
1274 3740 1476 3808 aliquid
1506 3738 1651 3792 aliud
1690 3740 1901 3792 veritati
1928 3738 2207 3808 pneferre,
2243 3749 2295 3790 et

716 3845 933 3903 propter
984 3843 1139 3901 turpe
1191 3829 1528 3900 repugnandi
1573 3829 1813 3884 studium
1879 3841 1932 3883 et
1995 3831 2291 3882 humanum

711 3928 989 3990 «ﬁcetum,
1053 3923 1197 3977 nolle
1253 3921 1503 3990 amplecu
1572 3921 1948 3984 concordiam,
2019 3934 2139 3986 qua:
2179 3920 2294 3974 sola

714 4017 1037 4087 corporibus
1071 4025 1122 4070 ct
1156 4015 1354 4069 animis
1411 4021 1590 4082 potest
1635 4011 1832 4067 aﬁerre
1875 4011 2129 4074 salutem.
2170 4028 2292 4066 cum

718 4120 921 4162 lautum
954 4126 1058 4162 nou
1094 4108 1243 4160 illam
1300 4124 1463 4160 tnauu
1521 4108 1772 4166 teneatis,
1811 4115 1864 4158 et
1917 4106 2183 4174 reliquum
2227 4107 2296 4159 sit

715 4204 894 4256 solum
929 4202 1070 4254 illam
1105 4200 1466 4270 prehendere.
1511 4200 1627 4255 Non
1656 4209 1741 4254 est
1777 4202 1920 4253 enim
1990 4202 2091 4252 hoc
2125 4198 2297 4253 Patri-

718 4296 840 4359 bus,
870 4291 1455 4358 doctoribus,scientia
1515 4290 1776 4360 przeditis,
1840 4289 1991 4344 omni
2031 4289 2291 4344 virtutqu

717 4402 910 4455 genere
933 4386 1316 4447 excultis,uon
1351 4383 1442 4439 Dei
1501 4383 1973 4452 procuratoribus,
2019 4384 2294 4451 apostolo-

719 4496 836 4532 rum
895 4478 1330 4540 successoribus,
1372 4491 1479 4529 non
1542 4476 1761 4529 demum
1816 4475 2132 4529 hominibus
2197 4490 2295 4544 pro

716 4572 944 4624 veritate
984 4571 1350 4639 congregatis,
1407 4577 1461 4621 et
1507 4576 1770 4637 pra-terea
1818 4577 1927 4620 tam
1998 4582 2292 4620 numeroso
2323 4582 2474 4648 0551

2209 4582 2292 4620 ’50
2323 4591 2371 4648 ι)
2398 4581 2647 4649 δετέρους
2678 4581 2831 4650 ὑμῶν
2858 4581 2955 4644 τὰς
3013 4583 3226 4651 ἀγαθὰς
3264 4587 3489 4649 ἐλπίδας
3528 4589 3851 4656 προδοῦναι⁹
3902 4595 3967 4656 ἃς

715 4671 860 4714 εωιιι
903 4659 1149 4729 dignum.
1184 4657 1371 4726 Neque
1402 4656 1507 4710 dici
1552 4657 1769 4724 poterit,
1803 4657 1955 4725 prodi
1991 4657 2059 4708 ab
2086 4658 2293 4709 utravis

717 4763 870 4822 parte
893 4768 1015 4820 spes
1053 4752 1173 4804 illas
1197 4751 1386 4814 bonas,
1419 4763 1556 4817 quas
1581 4750 1748 4804 secuti
1780 4749 2141 4803 convenistis.
2195 4747 2294 4803 Ubi

717 4845 860 4898 enim
907 4859 1002 4912 pro
1049 4854 1223 4896 vestra
1272 4842 1492 4911 utrique
1524 4843 1794 4895 sententia
1829 4842 2220 4910 pugnaveritis,
2247 4853 2298 4894 et

718 4938 831 5004 spei
868 4936 1171 5005 periculum
1207 4933 1467 4997 feceritis,
1502 4943 1553 4988 et
1583 4949 1774 5003 pugna?
1803 4935 1978 4988 exitus
2001 4935 2104 4986 erit
2129 4935 2298 4987 mani-

719 5025 887 5078 festus
917 5041 930 5088 ;
963 5033 1088 5076 tunc
1114 5023 1178 5075 ad
1213 5022 1365 5086 illud,
1399 5023 1543 5090 quod
1562 5033 1740 5075 vestro
1769 5023 1999 5076 concilio
2027 5023 2293 5091 reliquum

716 5118 1119 5179 est,aCcetletis
1169 5130 1232 5168 ac
1264 5116 1330 5168 de
1387 5129 1540 5184 pace,
1573 5118 1847 5184 quomodo
1909 5116 2159 5170 facienda
2206 5121 2292 5182 sit,

717 5208 1088 5260 deliberabitis
1128 5216 1296 5274 utque
1341 5207 1681 5260 mendacium
1727 5223 1953 5275 prorsus
1990 5223 2018 5260 a
2073 5210 2297 5262 veritate

717 5300 1057 5359 devineatur,
1083 5298 1365 5351 curabitis.
1403 5297 1552 5352 Haud
1582 5300 1726 5352 enim
1759 5301 1860 5354 hac
1890 5313 2066 5356 tuente
2114 5305 2293 5357 omni-

717 5405 786 5441 no
822 5389 1037 5455 utrique
1067 5389 1310 5450 venistis,
1338 5398 1395 5441 ut
1451 5390 1679 5444 vincatis
1721 5391 1922 5446 alteros
1954 5409 1970 5461 ;
2004 5395 2105 5448 hoc
2152 5396 2292 5449 enim

714 5490 797 5533 est
828 5479 964 5532 velle
995 5479 1274 5532 mendacio
1312 5495 1528 5550 quoque
1558 5481 1688 5536 dare
1739 5485 2044 5548 victoriam,
2078 5501 2201 5540 cum
2229 5491 2295 5541 de

717 5575 878 5626 rebus
917 5573 1289 5625 controversis
1325 5586 1429 5625 non
1474 5575 1735 5628 habeatur
1763 5575 2124 5632 determinata
2154 5581 2294 5634 veri-

718 5665 978 5718 taszdum
1009 5675 1185 5718 autem
1244 5667 1442 5719 veritas
1474 5668 1649 5720 adhuc
1718 5671 1898 5737 ignota
1926 5682 2027 5731 est,
2069 5686 2294 5727 necesse

714 5765 796 5809 est
825 5757 1122 5825 suspicioni
1152 5772 1368 5826 quoque
1407 5759 1672 5813 mendacii
1720 5761 1861 5828 apud
1913 5776 2175 5832 utrosque
2215 5767 2294 5819 lo-

715 5861 838 5900 cum
870 5863 1008 5901 esse.
1051 5849 1155 5903 SeJ
1197 5850 1421 5903 venistis
1457 5853 1690 5919 primum
1725 5855 1944 5921 quidem
1978 5872 2008 5924 p
2043 5873 2073 5910 o
2113 5869 2289 5912 vestra

2341 3252 2359 3266 ,
2394 3206 2549 3272 δόξης
2590 3205 3025 3273 καταφρονῆσαι,
3079 3203 3173 3255 καὶ
3231 3201 3390 3253 πάνθ’
3433 3202 3543 3267 ἔξει
3607 3201 3790 3262 καλῶς
3816 3220 3827 3232 ·

2398 623 2593 685 ἄλλους
2638 623 2860 683 ἑκόντας
2892 625 2958 690 τῇ
3015 619 3214 687 γνώσει
3263 619 3364 685 τῆς
3421 616 3682 685 ἀληθείας
3715 614 3966 684 ἀρκέσει.

2393 713 2555 766 Ἀλλὰ
2577 713 2683 782 μὴν
2705 713 2923 765 καὶτῶν
2954 711 3049 764 νῦν
3072 711 3242 764 ὅντων
3259 710 3432 772 οὐδεὶς
3458 709 3600 778 ὑμᾶς
3624 708 3927 760 αἰτιάσεται
3954 721 3968 736 ⁸

2394 807 2514 859 οθτε
2539 807 2647 875 γὰρ
2672 809 2720 858 oi
2749 805 3001 875 Γραικοὶ,
3028 801 3110 862 οἷς
3136 804 3231 855 καὶ
3265 801 3477 854 πολλῶν
3499 799 3797 866 ἐγκωμίων
3831 797 3969 860 ἄξιοι

2392 900 2593 965 δόξετε,
2623 901 2717 952 καὶ
2744 898 2878 968 παρ’
2906 893 2987 960 οἷς
3010 896 3283 948 ἀθανάτου
3310 893 3569 958 τεύξεσθε
3600 895 3844 960 μνήμης,
3876 890 3971 942 ἆτε

2393 995 2486 1045 καὶ
2544 994 2790 1062 χρήμασι
2826 992 2920 1042 καὶ
2957 989 3174 1057 σώμασι
3211 987 3305 1039 καὶ
3342 988 3504 1055 σοφίᾳ
3541 989 3634 1038 καὶ
3675 984 3732 1037 τὸ
3789 985 3970 1036 τελευ-

2392 1087 2547 1137 ταῖον
2579 1081 3080 1152 ταπεινοφροσύνῃ,
3115 1082 3207 1136 καὶ
3231 1080 3513 1148 λογισμοῖς
3536 1096 3648 1130 τισι
3674 1077 3970 1144 θειοτέροις

2392 1180 2450 1230 τὸ
2485 1179 2583 1247 τῆς
2611 1177 2835 1248 εἰρήνης
2869 1179 3060 1246 χρῆμα
3093 1177 3246 1246 μόνοι
3285 1175 3473 1246 σχεδδν
3508 1175 3764 1228 ἁπάντων
3797 1189 3968 1224 κατα-

2393 1269 2736 1338 πραξάμενοι
2759 1286 2773 1300 θ
2808 1268 2921 1322 οὗθ’
2957 1269 3114 1335 ὑμεῖς
3145 1270 3398 1333 ἑαυτοὺς,
3429 1267 3554 1320 οὗτε
3594 1284 3676 1327 τις
3700 1264 3809 1315 τῶν
3843 1266 3970 1329 ὑμῖν

2393 1359 2830 1428 προσκειμένων.
2871 1360 3076 1423 Πάντες
3125 1361 3230 1427 γὰρ
3262 1359 3336 1421 ὡς
3375 1357 3616 1427 ἡκούσας
3672 1354 3781 1408 ἀπὸ
3833 1352 3969 1406 Θεοῦ

2391 1452 2487 1511 τὰς
2525 1451 2800 1519 ὑμετέρας
2857 1451 3075 1520 ψήφους
3125 1451 3460 1519 ἀρπάσουσι,
3520 1447 3680 1499 τοῦτο
3722 1447 3822 1515 μὲν
3875 1447 3970 1498 ἅτε

2391 1541 2491 1610 τῆς
2534 1543 2861 1610 Ἐκκλησίας
2895 1544 3114 1611 ἀπάσης
3148 1541 3316 1611 οὔσης
3352 1540 3509 1610 ὁμοῦ,
3566 1541 3632 1608 ἢν
3662 1538 3762 1590 οὐκ
3793 1538 3968 1588 ἔνεστι

2392 1632 2759 1699 πλανηθῆναι,
2809 1633 2968 1686 τοῦτο
3025 1634 3204 1686 δὲκαὶ
3253 1635 3328 1693 ὡς
3391 1632 3611 1700 εἰρήνης
3646 1631 3825 1691 αἰτίας
3853 1647 3865 1660 °
3905 1632 3970 1696 ἦν

2394 1726 2723 1793 ἐπιθυμοῦσι
2752 1729 2954 1787 πάντες
2998 1725 3124 1777 ἰδεῖν
3144 1741 3160 1757 ο
3184 1724 3359 1796 ταύτῃ
3387 1724 3500 1775 τῶν
3529 1721 3868 1791 ἀνηκέστων,
3896 1717 3969 1773 ὧν

2394 1819 2521 1888 παρ’
2560 1817 2845 1887 ἑκατέροις
2873 1812 3006 1886 ἦρξε
3032 1817 3094 1868 τὸ
3125 1817 3352 1884 σχίσμα,
3387 1814 3798 1885 προσδοκῶντες
3831 1816 3966 1866 πάν-

2393 1928 2501 1962 των
2546 1907 3063 1978 ἀπαλλαγήσεσθαι.
3094 1909 3155 1962 Et
3187 1908 3242 1960 δὲ
3297 1910 3500 1977 καὶμὴ
3547 1909 3756 1968 πάντας
3808 1909 3970 1958 ἐπαι-

2395 2000 2624 2060 νοῦντας
2651 1999 2803 2064 ἕξετε
2831 2001 2928 2052 καὶ
2952 2001 3070 2059 ταῖς
3099 1999 3396 2068 ὑμετέραις
3419 1998 3709 2067 χαίροντας
3739 1998 3966 2067 ψήφοις,

2392 2091 2508 2146 ἀλλ’
2530 2093 2807 2156 ἐσταιτις,
2914 2090 3346 2161 φιλονεικοῦντες
3382 2088 3586 2159 μᾶλλον
3632 2089 3872 2157 ἠρέσατε
3904 2089 3969 2140 ἂν

2393 2190 2484 2242 καὶ
2511 2189 2664 2241 πάντ’
2695 2187 3121 2257 ἀνατρέποντες,
3157 2186 3297 2239 ὥστε
3329 2185 3406 2255 μὴ
3453 2185 3604 2251 δόξαι
3638 2184 3730 2235 τὸν
3763 2183 3970 2252 {tmpo-

2394 2280 2519 2333 σθεν
2553 2279 2745 2348 χρόνον
2782 2279 3111 2347 ἠγνοηκέναι
3166 2279 3226 2331 τὸ
3264 2277 3406 2330 δέον.
3447 2276 3565 2328 ἀλλ’
3614 2275 3675 2328 οὐ
3728 2277 3810 2326 δεῖ
3841 2276 3965 2336 τοὺς

2394 2373 2545 2440 παρὰ
2579 2373 2688 2424 τῶν
2723 2371 2924 2440 ὀλίγων
2980 2373 3068 2425 καὶ
3101 2371 3255 2424 ταῦτ’
3312 2372 3400 2423 ἐπὶ
3437 2368 3592 2437 κακῷ
3647 2368 3964 2437 γινομένους

2394 2466 2651 2528 ἐπαίνους
2690 2465 2789 2530 τῆς
2823 2466 2974 2534 παρὰ
3023 2463 3131 2516 τῶν
3161 2462 3430 2515 πλείστων
3453 2479 3512 2514 τε
3548 2463 3639 2514 καὶ
3672 2461 3966 2531 βελτίστων

2393 2559 2487 2612 καὶ
2516 2557 2607 2610 τοῦ
2664 2557 2945 2625 βελτίστου
2978 2559 3136 2626 χάριν
3173 2557 3366 2624 ἀηδίας
3405 2555 3742 2618 ἀλλάξασθαι
3770 2571 3785 2586 ο
3829 2555 3964 2606 ὅπου

2392 2665 2455 2714 γε
2486 2648 2581 2700 καὶ
2626 2648 2845 2700 πάντων
2891 2647 3008 2715 ἅμα
3043 2646 3408 2716 διεφθορότων
3450 2647 3545 2697 καὶ
3575 2644 3747 2697 δεινὸν
3778 2662 3959 2697 ποιον-

2396 2740 2573 2806 μένων
2594 2739 2654 2790 τὸ
2679 2740 2936 2807 πρᾶγμα,
2968 2739 3156 2792 οὐδένα
3189 2740 3347 2806 λόγον
3382 2739 3551 2807 ἔχειν,
3585 2741 3677 2790 τοῦ
3708 2738 3767 2789 δὲ
3801 2737 3966 2788 καλοῦ

2393 2837 2485 2888 καὶ
2524 2836 2623 2903 τῆς
2672 2834 2927 2903 ἀληθείας
2959 2834 3268 2904 φροντίζειν
3312 2835 3472 2902 μόνον
3505 2830 3676 2902 ἐχρῆν
3709 2847 3722 2860 ·
3759 2831 3969 2892 εἰδότας

2390 2930 2464 2992 ὡς
2497 2931 2684 2983 ἅπασα
2728 2926 2933 2997 μέμψις
2968 2929 3062 2980 καὶ
3089 2927 3196 2980 πᾶν
3219 2927 3531 2993 ἐναντίωμα
3564 2924 3761 2993 σαθρόν
3795 2926 3964 2984 ἐστιν,

2355 3029 2362 3037 “
2394 3022 2459 3075 ἂν
2486 3021 2554 3075 τὰ
2583 3021 2824 3090 ὑμέτερα
2881 3019 3042 3088 μόνον
3081 3019 3281 3087 κρατῇ.
3320 3018 3377 3068 Εἰ
3404 3019 3512 3085 γάρ
3542 3017 3621 3068 δεῖ
3652 3032 3716 3085 με
3753 3016 3964 3084 τάληθῆ

2394 3115 2572 3180 λέγειν
2610 3113 2777 3181 μηδὲν
2818 3111 3298 3180 ὑπολογιζόμενον,
3337 3109 3480 3177 ὑμᾶς
3502 3110 3581 3160 δεῖ
3608 3109 3768 3176 μόνον
3801 3108 3966 3176 κενῆς

3867 3200 3968 3253 κᾶν

2397 3299 2554 3365 ὑμεῖς
2612 3297 2843 3365 βεϐαίως
2891 3296 3264 3364 ὑποθήσησθε,
3312 3294 3569 3364 μηδέποτ’
3612 3296 3677 3348 ἂν
3740 3295 3968 3357 ἑαυτοὺς

2398 3389 2775 3457 αἰσχυνθῆναι,
2814 3387 2948 3456 μηδὲ
2977 3387 3208 3456 θόρυόόν
3240 3404 3364 3439 τινα
3398 3387 3592 3439 παθεῖν
3633 3386 3725 3438 ἐπὶ
3759 3389 3823 3455 τῇ
3879 3404 3971 3454 με-

2396 3474 2615 3534 ταθέσει
2656 3481 2754 3548 τῆς
2785 3481 2965 3549 δόξης,
3015 3481 3076 3532 τὸ
3127 3479 3256 3549 περὶ
3286 3479 3395 3530 τῶν
3441 3480 3616 3530 ἀλλων
3649 3479 3764 3538 δέος
3823 3478 3972 3529 οὑδὲν

2400 3573 2566 3626 ἐστίν.
2595 3573 2773 3642 ’Υμᾶς
2800 3573 2978 3625 τοίνυν
3003 3572 3126 3624 οὕτε
3159 3573 3368 3624 δίκαιον
3398 3571 3522 3624 οὕτε
3556 3571 3835 3641 προσῆκόν
3857 3573 3970 3622 ἐστι

2398 3665 2492 3731 τῆς
2525 3664 2782 3732 ἀληθείας
2822 3664 2952 3717 ἄλλο
2985 3681 3036 3716 τι
3097 3666 3465 3733 προτιμῆσαι,
3521 3666 3617 3716 καὶ
3663 3663 3762 3732 τὴν
3801 3664 3969 3732 μόνην

2398 3757 2626 3823 σώματα
2677 3757 2771 3806 καὶ
2828 3755 3006 3824 ψυχὰς
3067 3754 3376 3825 δυναμένην
3431 3755 3627 3819 σώζειν
3687 3759 3966 3827 ὁμόνοιαν,

2397 3847 2615 3898 ἐπειδὰν
2651 3847 2812 3915 μόνον
2863 3848 2964 3900 οὐκ
3013 3849 3072 3899 ὲν
3110 3848 3296 3917 χερσὶν
3336 3849 3466 3919 ὑμῖν
3494 3846 3552 3925 ᾖ,
3585 3851 3681 3903 καὶ
3720 3852 3778 3903 τὸ
3808 3851 3970 3903 λαϐέ-

2399 3939 2524 3990 σθαι
2565 3939 2820 4007 λείπηται
2876 3939 3060 4008 μόνον,
3105 3939 3439 4006 φιλονεικίας
3503 3943 3736 4011 αἰσχρᾶς
3791 3944 3971 3995 εἵνεκα

2399 4031 2491 4082 καὶ
2525 4030 2730 4090 πάθους
2762 4032 3106 4100 ἀνθρωπίνου
3135 4033 3420 4102 προέσθαι·
3452 4034 3512 4087 οὐ
3538 4035 3646 4106 γὰρ
3689 4038 3971 4106 Πατέρων,

2397 4123 2456 4174 οὑ
2501 4123 2863 4183 διδασκάλων,
2917 4123 2978 4175 οὐ
3015 4125 3177 4194 σοφία
3204 4127 3656 4198 κεκοσμημένων,
3688 4129 3748 4180 οὐ
3790 4131 3971 4183 πᾶσαν

2397 4215 2598 4286 ἀρετήν
2635 4216 2957 4285 μετιόντων,
2992 4218 3094 4270 οὐκ
3144 4219 3458 4287 ἐπιτρόπων
3493 4221 3651 4282 Θεοῦ,
3699 4222 3760 4275 οὐ
3794 4222 3972 4277 διαδό-

2397 4325 2508 4377 χων
2559 4308 2665 4361 τῶν
2704 4310 3045 4372 ἀποστόλων,
3088 4311 3149 4362 οὐ
3199 4312 3260 4364 τὸ
3313 4312 3625 4367 τελευταῖον
3688 4318 3830 4387 ὑπὲρ
3869 4319 3971 4387 τῆς

2399 4399 2669 4469 ἀληθείας
2718 4402 3219 4472 συνηθροισμένων,
3251 4406 3342 4456 καὶ
3369 4406 3505 4473 πρὸς
3536 4407 3748 4469 τούτοις
3780 4411 3968 4464 τοσού-

2396 4506 2524 4552 των,
2561 4490 2685 4554 ἀξια
2715 4490 2907 4544 ταῦτα.
2957 4493 3118 4545 Ἀλλά
3176 4493 3283 4563 μὴν
3321 4495 3431 4546 οὐδ’
3460 4495 3608 4550 εἴποι
3666 4516 3752 4562 τις
3783 4500 3852 4554 ἄν
3881 4504 3970 4556 οὐ·

2401 4674 2614 4742 ἔχοντες
2674 4674 2861 4744 ἥκετε.
2921 4676 3034 4744 Τῆς
3089 4679 3198 4747 γὰρ
3239 4679 3400 4748 δόξης
3451 4683 3970 4754 προπολεμήσαντες

2401 4765 2652 4833 ἑκάτεροι
2704 4766 2804 4834 τῆς
2838 4768 3073 4833 ἑαυτῶν,
3108 4771 3204 4822 καὶ
3233 4772 3341 4822 τῶν
3384 4771 3612 4825 ἐλπίδων
3654 4777 3850 4845 πεῖραν
3880 4777 3974 4829 λα-

2401 4855 2615 4921 ϐόντες,
2665 4859 2882 4910 ἐπειδὰν
2938 4861 3172 4930 φανερὸν
3205 4863 3266 4913 τὸ
3318 4863 3412 4914 τοῦ
3472 4864 3708 4933 πολέμου
3749 4867 3974 4936 γένηται

2406 4949 2594 5017 πέρας,
2633 4951 2725 5002 ἐπὶ
2743 4953 2802 5003 τὸ
2826 4952 3010 5004 λεῖπον
3043 4953 3143 5021 τῆς
3183 4955 3495 5022 προθέσεως
3547 4956 3846 5025 βαδιεῖσθε,
3879 4964 3972 5011 καὶ

2400 5041 2500 5106 τὴν
2526 5042 2753 5111 εἰρήνην
2785 5045 2934 5106 ὅπως
2965 5046 3118 5096 ἔσται
3150 5047 3549 5114 προόλέψεσθε,
3590 5050 3686 5102 καὶ
3711 5049 3810 5117 τὴν
3840 5050 3972 5120 ἀλήο

2403 5132 2552 5182 θειαν
2592 5132 2741 5194 ὅπως
2774 5135 2948 5205 πάντη
2981 5137 3043 5188 τὺ
3079 5137 3274 5206 ψεῦδος
3317 5143 3763 5210 καταγωνίσηται
3809 5160 3973 5212 φρον-

2399 5224 2585 5276 τιεῖτε.
2614 5224 2748 5276 Οὐδὲ
2785 5228 2893 5296 γὰρ
2920 5228 2980 5291 ἐξ
3021 5230 3258 5292 ἅπαντος
3299 5232 3551 5303 ἑκάτεροι
3587 5235 3714 5296 τοὺς
3747 5235 3972 5304 ἑτέρους

2401 5315 2717 5383 νικήσοντες
2758 5319 2959 5387 ήκετε’
3015 5323 3173 5375 τοῦτο
3229 5327 3338 5394 γάρ
3378 5328 3493 5380 ἐστι
3535 5330 3628 5382 καὶ
3668 5329 3728 5382 τὸ
3780 5329 3973 5396 ψεῦδος

2402 5406 2577 5458 θέλειν
2617 5411 2793 5479 νικᾷν,
2839 5413 2961 5463 ἐπεὶ
2995 5417 3122 5483 περὶ
3152 5416 3263 5467 τῶν
3316 5420 3856 5489 ἀμφισϐητουμένων
3910 5423 3967 5473 οὐ

2400 5497 2687 5567 διώρισται
2720 5501 2969 5572 τάληθὲς,
3003 5507 3094 5557 καὶ
3143 5509 3240 5574 τῆς
3267 5509 3528 5580 ἀληθείας
3583 5516 3640 5564 ἐν
3670 5514 3852 5583 ἀδήλῳ
3877 5514 3971 5582 δή·

2403 5605 2502 5638 που
2545 5592 2827 5658 κειμένης,
2860 5592 3073 5664 ἀνάγκη
3110 5600 3204 5648 καὶ
3234 5602 3296 5666 τῇ
3353 5599 3446 5652 τοῦ
3482 5601 3715 5667 ψεύδους
3766 5604 3974 5673 ὑποψίᾳ

2401 5679 2531 5746 παρ’
2566 5681 2849 5750 ἑκατέροις
2873 5679 3011 5736 εἶναι
3036 5686 3219 5757 χώραν
3245 5691 3384 5742 τινά.
3427 5692 3566 5743 Ἀλλ’
3590 5694 3754 5763 ἥκετε
3780 5696 3973 5764 πρῶτα

2405 5770 2503 5838 μὲν
2541 5771 2683 5841 ὑπὲρ
2722 5767 2798 5825 ὧν
2829 5783 3214 5845 πεφρονήκατε
3248 5782 3384 5851 πρὸς
3416 5784 3680 5855 ἀλλήλους
3707 5788 3973 5855 ἀγωνιού-

2404 5879 2580 5931 μενοι,
2613 5867 2709 5918 καὶ
2739 5868 2927 5921 τοῦτον
2960 5873 3178 5940 πρῶτον
3214 5875 3584 5940 ὲκτελέσοντες
3619 5877 3780 5932 ἆθλον
3806 5897 3818 5909 ·
3854 5875 3973 5933 εἶτα
