4452 6450
725 405 828 465 455

1803 403 2180 463 GENNADII
2223 403 2331 462 (ΣΡ.
2373 400 2809 462 PATRIARCII
2839 398 2880 456 E

3874 392 3982 457 456

726 531 821 568 uec
847 518 916 568 ita
948 531 1131 585 pacem
1154 531 1503 586 componere,
1527 518 1987 585 quemadmodum
2013 518 2115 585 ipsi
2141 519 2315 572 lihcn-
2341 527 2387 585 Α
2423 535 2482 585 ρο

2240 534 2315 570 :u-
2341 527 2387 585 Α
2423 535 2516 585 ρον
2547 515 3000 584 συμμετέχοντας
3035 514 3107 584 μὴ
3131 514 3222 564 καὶ
3253 514 3360 564 τῶν
3388 513 3696 582 ἀμεινόνων
3725 512 3998 564 ποιεῖσθαι

725 617 806 660 ter
838 610 1179 662 annuerint?
1205 610 1282 663 Ad
1311 610 1424 664 hmc
1451 625 1581 679 ergo
1607 611 1735 679 quid
1767 613 1885 678 ipse
1919 610 2305 680 respondeam,

724 703 922 768 quidve
955 703 1132 769 potius
1156 703 1368 756 consilii
1399 706 1552 757 vobis
1586 708 1702 757 dem
1734 711 1958 770 prepter
1989 702 2305 770 hujusmodi

726 796 986 859 t'aliOnes,
1012 795 1285 848 volentem
1321 797 1503 848 dicere
1540 804 1747 848 attente
1779 795 2043 848 audietis.
2069 795 2170 858 Qui
2197 793 2309 846 sint

727 888 882 953 tinge
919 885 1122 946 dissiti,
1168 887 1362 953 quisve
1401 901 1588 948 secus,
1621 884 1812 937 Patres
1846 885 2166 951 ξυίμιὶεδίῖιιὶ,
2200 897 2307 934 non

726 988 886 1030 terra:
933 979 1511 1048 spatiisjudicandum
1548 988 1653 1041 est,
1689 979 1782 1032 sed
1821 995 2030 1031 tuorum
2082 977 2304 1031 institu-

723 1085 1014 1135 torumque
1065 1072 1449 1133 similitudine,
1485 1082 1580 1124 aut
1625 1083 1814 1125 contra
1851 1091 1863 1126 :
1903 1087 1999 1124 nec
2038 1087 2144 1124 non
2205 1071 2308 1123 liti-

723 1180 860 1228 eum,
895 1165 936 1215 si
965 1164 1075 1214 fieri
1106 1164 1297 1230 possit,
1332 1172 1384 1215 et
1415 1165 1557 1228 quod
1592 1165 1835 1215 omnimn
1862 1174 1946 1216 est
1980 1163 2302 1218 maximum.

724 1256 1100 1310 benevolentia
1154 1263 1208 1308 et
1255 1256 1537 1316 sticietate,
1605 1264 1907 1323 mutuaque
1955 1269 2116 1323 opera
2173 1270 2306 1322 ιιι-ςιν-

725 1347 922 1403 henda,
957 1359 1078 1397 cum
1126 1361 1265 1413 opus
1316 1356 1418 1399 est.
1458 1345 1604 1399 Ilauc
1655 1347 1818 1414 igitur
1846 1362 1944 1400 vos
1997 1345 2308 1400 adhibendo

725 1440 988 1506 rrgulam.
1019 1442 1356 1492 contrarium
1388 1442 1612 1492 omnino
1637 1461 1697 1498 ac
1731 1441 1805 1493 illi
1840 1440 2027 1492 volunt
2053 1440 2117 1492 de
2145 1439 2308 1494 rebus

724 1533 1019 1601 propositis
1054 1537 1286 1603 capietis
1334 1536 1650 1589 consilium.
1689 1536 1823 1601 Quis
1874 1537 2021 1588 enim
2069 1537 2306 1602 ignorat,

725 1627 1027 1679 notissimis
1065 1626 1386 1680 Latinorum
1441 1629 1765 1681 nationibus
1809 1643 1934 1680 cum
1972 1629 2199 1690 Graecis,
2252 1638 2309 1678 ut

727 1720 960 1783 primum
996 1720 1063 1772 de
1118 1720 1199 1771 his
1253 1735 1434 1773 sermo
1485 1721 1596 1782 ﬁat,
1630 1734 1822 1772 eorum
1855 1719 2011 1786 plane
2056 1718 2304 1771 omnium

726 1824 845 1873 quae
891 1809 1024 1862 dixi.
1067 1809 1523 1877 perfectissimam
1569 1811 1908 1865 intercedere
1942 1810 2309 1864 aliiuitatetn?

2417 609 2704 677 βούλεσθαι
2748 606 3081 669 κοινωνούςς
3143 606 3266 675 μηδ’
3299 605 3373 667 ὡς
3415 604 3481 658 ἂν
3534 604 3689 657 αὐτοὶ
3725 603 4004 656 συνθοῖντο

2415 702 2505 753 καὶ
2540 697 2959 764 κατανεύσειαν,
2998 697 3140 749 οὕτω
3167 698 3267 766 τὴν
3309 698 3537 765 εἰρήνην
3572 694 3836 765 πράττειν
3883 697 4003 746 ἑπι-

2414 795 2618 862 χειρεῖν
2645 809 2657 857 ;
2705 791 2800 854 Τίς
2839 787 2932 844 οὖν
2965 791 3117 842 ἔσται
3167 792 3261 844 καὶ
3292 790 3428 858 πρὸς
3457 789 3679 849 τούτους
3707 787 3999 853 ἀπολογία,

2416 887 2618 954 μᾶλλον
2639 885 2693 937 δὲ
2726 886 2779 937 τί
2817 902 2948 938 ποτε
2978 885 3070 937 καὶ
3098 888 3228 950 περὶ
3264 901 3439 935 τουτω
3455 885 3496 935 ἡ
3527 882 3636 934 τῶν
3665 882 3845 948 λόγων
3890 881 4001 948 ἔχω

2414 978 2813 1046 συμϐουλεύειν
2853 979 2985 1045 ὑμῖν
3021 975 3334 1046 προσέχοιτ’
3367 976 3432 1028 ἂν
3476 975 3577 1044 ήδη
3646 974 3825 1040 λέγειν
3883 972 3998 1024 ἑθέ-

2412 1072 2577 1126 λοντι.
2633 1074 2774 1134 Τοὺς
2819 1071 3013 1141 τιόρρω
3073 1073 3166 1123 καὶ
3213 1069 3336 1131 τοὺς
3399 1072 3588 1136 ἐγγὺς,
3653 1062 3696 1120 ὧ
3759 1068 3997 1136 Πατέρες

2411 1166 2836 1228 ἐπιεικέστατοι,
2903 1165 2963 1216 οὐ
3025 1165 3127 1230 γῆς
3192 1164 3527 1232 διαστήμασι
3601 1160 3810 1213 δίκαιόν
3883 1162 3998 1212 ἐστι

2413 1260 2638 1328 κρίνειν,
2660 1259 2794 1311 ἀλλά
2815 1258 3033 1326 τρόπων
3064 1262 3156 1311 καὶ
3180 1257 3329 1325 ἠθῶν
3379 1256 3678 1324 ὁμοιότητι,
3717 1256 3810 1307 καὶ
3842 1254 3999 1306 τοῦν-

2420 1351 2630 1414 αντίον,
2671 1350 2765 1401 καὶ
2801 1348 3051 1416 γλώττης
3102 1348 3185 1412 ἐφ’
3233 1340 3308 1399 ὧν
3338 1347 3454 1397 ἐστι
3509 1344 3735 1398 δυνατόν
3766 1360 3779 1373 ·
3843 1345 3936 1396 καὶ
3972 1343 4000 1395 ὃ

2417 1443 2680 1507 μέγιστον
2749 1442 3012 1494 ἁπάντων
3069 1439 3276 1508 εὐνοίᾳ,
3323 1439 3418 1490 καὶ
3478 1438 3734 1506 κοινωνίᾳ
3783 1439 3874 1489 καὶ
3923 1439 3999 1506 τῷ

2417 1535 2795 1603 συμπράττειν
2824 1534 3078 1602 ἀλλήλοις
3105 1535 3162 1586 ὲν
3184 1528 3267 1595 οἷς
3314 1535 3379 1587 ἂν
3407 1535 3515 1587 δέοι
3550 1537 3643 1586 καὶ
3691 1537 3995 1602 συνεργεῖν.

2413 1629 2603 1696 Τούτῳ
2628 1628 2809 1679 τοίνυν
2832 1627 2912 1695 τῷ
2951 1628 3138 1678 κανόνι
3190 1627 3511 1696 χρωμένους
3564 1626 3731 1694 ἐμᾶς,
3790 1627 3998 1678 πάντά-

2415 1738 2581 1772 πασιν
2625 1718 2888 1780 ὲναντίως
2917 1714 2998 1780 οἷς
3035 1717 3277 1781 ἀξιοῦσιν
3312 1721 3532 1777 ἐκεῖνοι.
3571 1719 3829 1787 περὶτῶν
3869 1735 3998 1787 προ-

2414 1814 2686 1879 κειμένων
2738 1813 2857 1864 ἔστι
2892 1811 3308 1880 βουλεύσασθαι.
3352 1811 3446 1872 Τίς
3478 1812 3586 1880 γὰρ
3641 1812 3741 1863 οὐκ
3793 1808 3898 1862 οἶδε
3933 1814 3999 1862 τά

725 1917 777 1956 et
799 1913 977 1955 tamen
1003 1917 1191 1955 eorum
1212 1901 1406 1968 aliqua:
1428 1903 1676 1968 plurimis
1699 1915 1854 1962 terrae
1876 1904 2071 1970 spatiis
2096 1917 2122 1955 a
2146 1902 2306 1955 nobis
2344 1901 2382 1942 ίί
2415 1907 2483 1957 τᾶ

2241 1903 2306 1954 iis
2344 1901 2382 1942 ίί
2415 1907 2524 1957 τῶν
2557 1906 2807 1959 Λατίνων
2849 1904 3250 1975 γνωριμώτατα
3280 1904 3434 1973 γένη,
3469 1904 3540 1965 ὡς
3568 1904 3636 1956 ἂν
3669 1904 3804 1972 πρὸς
3833 1906 3999 1972 Γραι-

726 1996 966 2048 distant?
1007 1994 1138 2059 Quis
1177 1994 1350 2046 nescit
1383 1995 1571 2052 etiam.
1626 1996 1828 2049 multos
1870 2010 1934 2048 ex
1975 1996 2040 2047 iis
2093 1997 2184 2062 qui
2235 1998 2315 2046 in-

728 2091 884 2141 terim
917 2089 1202 2142 nobiscum
1237 2088 1288 2141 iu
1319 2087 1420 2141 lide
1450 2089 1712 2149 Sentiunt,
1745 2103 1867 2142 esse
1897 2089 2114 2155 quidem
2154 2089 2310 2141 nobis

728 2182 966 2244 vicinos,
1011 2181 1261 2232 moribus
1294 2189 1470 2231 autem
1506 2187 1559 2230 et
1587 2180 1853 2232 institutis
1889 2179 2107 2232 differre
2145 2197 2316 2246 quan-

728 2285 839 2325 tmn
877 2274 961 2324 vix
1010 2271 1114 2324 dici
1146 2271 1355 2338 queat?
1387 2279 1440 2324 et
1474 2270 1839 2336 calamitates,
1890 2271 2090 2338 quibus
2122 2271 2313 2339 uitligi-

732 2383 852 2417 mur
886 2366 1153 2434 quotidie,
1192 2381 1299 2417 non
1335 2365 1576 2417 curare?
1613 2364 1832 2418 Scimus
1867 2366 2031 2417 etiam
2074 2365 2313 2418 nonnul-

732 2458 815 2510 los
852 2473 914 2509 ex
975 2458 1040 2510 iis
1100 2458 1347 2510 insidiati
1388 2458 1566 2521 nobis,
1618 2473 1681 2511 ac
1715 2459 1956 2511 invidere
1996 2476 2008 2513 :
2048 2458 2138 2526 qui
2187 2474 2312 2511 νει-ι,

735 2564 794 2604 se
841 2550 1001 2603 nobis
1047 2551 1250 2603 amicos
1307 2550 1547 2616 pra-here
1595 2550 1804 2615 volunt,
1862 2550 2087 2616 perinde
2134 2551 2315 2605 vah-nt

732 2650 894 2709 atque
930 2641 963 2692 ii
1016 2640 1104 2707 qui
1153 2640 1372 2704 nolunt,
1400 2641 1676 2696 similibus
1710 2651 1763 2694 et
1807 2641 1908 2710 ipsi
1943 2652 2104 2710 atque
2148 2645 2314 2696 etiam

734 2733 1078 2802 gravioribus
1128 2732 1376 2800 oppressi
1435 2734 1695 2797 miseriis,
1748 2743 1806 2786 ut
1856 2749 1923 2786 ne
1961 2736 2063 2788 sibi
2099 2736 2315 2804 quidem

737 2826 871 2893 ipsis
899 2841 1054 2890 Opem
1097 2824 1236 2876 ferre
1281 2835 1505 2893 queant.
1560 2827 1830 2882 Praetereo
1870 2831 2043 2898 quod,
2080 2832 2317 2898 exceptis

743 2917 913 2970 Gallis
964 2927 1015 2970 et
1056 2915 1338 2984 Hispanis,
1402 2918 1626 2986 reliquae
1686 2919 2005 2974 Latinorum
2066 2925 2317 2976 nationes

736 3011 918 3064 minus
941 3010 1145 3063 distant
1175 3009 1296 3062 loco
1330 3024 1356 3061 a
1389 3010 1567 3074 nobis,
1592 3028 1750 3079 quam
1782 3013 1949 3082 aliqui
1982 3030 2171 3068 eorum
2198 3017 2316 3084 (uo-

736 3104 880 3156 mine
910 3103 1056 3157 enim
1090 3119 1185 3157 eos
1223 3103 1498 3171 appellare
1531 3107 1678 3174 nolo)
1715 3108 1914 3172 quibus
1953 3109 2313 3162 vehementer

736 3211 925 3251 sumus
958 3197 1183 3250 addicti.
1222 3196 1363 3262 Quin
1408 3198 1572 3250 etiam
1604 3210 1659 3250 ut
1713 3200 1925 3253 vicinos
1957 3201 2180 3255 eosdem
2223 3205 2313 3254 ha-

739 3292 952 3353 bemus,
989 3290 1218 3344 coloniis
1252 3291 1584 3359 quibusdam
1630 3291 1936 3360 insulisque
1974 3294 2081 3347 illis
2123 3295 2308 3348 subdi-

740 3383 806 3435 tis
838 3382 1067 3435 maxime
1099 3383 1377 3451 conjuncti
1413 3401 1424 3445 ;
1465 3392 1519 3434 et
1551 3398 1673 3436 eum
1705 3385 1988 3439 nonnullis
2023 3385 2093 3438 ita
2129 3397 2318 3438 nostra

737 3475 917 3528 omnia
955 3475 1517 3535 eomnmnicavimus,
1569 3485 1623 3528 ιιι
1668 3475 1828 3528 veluti
1883 3477 2319 3545 consanguineos

738 3569 995 3632 civesque
1025 3567 1408 3622 adhibeamus.
1440 3569 1517 3620 Ad
1546 3568 1659 3620 haec
1692 3569 1799 3620 lata
1829 3569 1986 3623 nobis
2013 3581 2319 3638 opportune

744 3658 967 3723 auxilia,
1019 3661 1306 3726 vicemque
1344 3673 1372 3711 a
1425 3660 1583 3714 nobis
1621 3661 1910 3722 redditam,
1966 3677 2065 3715 nec
2123 3676 2228 3716 non
2266 3671 2320 3713 ut

747 3751 992 3805 moribus
1031 3752 1250 3820 utrique
1289 3753 1592 3805 alterorum
1633 3755 1812 3821 potius
1865 3769 2028 3822 quam
2084 3755 2323 3822 prepriis

740 3845 1091 3908 oblectcmur,
1143 3857 1196 3898 et
1238 3847 1553 3899 communia
1602 3847 1714 3900 sint
1753 3848 1912 3900 nobis
1947 3848 2207 3910 eruditio,
2246 3848 2323 3900 di-

743 3939 1008 4006 sciplime,
1059 3946 1112 3991 et
1146 3947 1334 3990 exacta
1387 3937 1702 4006 dogmatum
1742 3940 1976 3993 scientia
2007 3948 2318 4008 cwteraque

743 4031 956 4083 vincula
982 4030 1180 4098 quibus
1209 4030 1553 4097 Copulamur,
1586 4045 1911 4098 percensere
1945 4032 2160 4098 singula
2187 4030 2322 4082 dini-

741 4128 1004 4183 cillimum
1044 4127 1303 4181 arbitror.
1356 4125 1549 4195 itaque
1587 4128 1632 4180 si
1671 4136 1722 4182 et
1762 4138 2006 4181 nostram
2058 4143 2179 4181 cum
2219 4126 2324 4179 La-

745 4223 872 4276 tinis
910 4236 1093 4290 pacem
1134 4222 1288 4291 sequi
1329 4237 1520 4275 mnues
1573 4220 1872 4284 voluerint,
1913 4220 2188 4275 felicitatis
2238 4221 2324 4274 hie

743 4314 848 4367 erit
873 4315 1150 4376 cumulus,
1181 4324 1234 4365 et
1268 4313 1514 4367 veritatis
1547 4323 1737 4366 contra
1781 4311 2129 4366 mendacium
2197 4311 2322 4364 illu-

746 4405 874 4459 stris
900 4405 1147 4468 vicloria,
1168 4413 1220 4457 et
1251 4405 1357 4457 late
1384 4404 1578 4456 tliﬂttsa
1609 4418 1732 4472 pax,
1770 4412 1933 4470 atque
1962 4401 2145 4456 omnia
2179 4415 2325 4454 com-

745 4500 1006 4567 plectens.
1041 4497 1147 4551 Sed
1177 4499 1219 4550 si
1258 4497 1565 4566 periculum
1607 4506 1711 4557 est,
1746 4511 1811 4549 ne
1844 4495 1998 4548 alteri
2032 4494 2324 4547 adhaeren-

2419 2000 2550 2060 κους
2592 1999 2618 2048 ὁ
2647 1998 2802 2062 λόγος
2840 1998 3086 2064 γίγνοιτο
3109 1997 3349 2066 πρῶτον,
3409 1998 3465 2049 ὲν
3501 1999 3670 2048 ’πᾶσιν
3718 1997 3854 2063 ὁμοῦ
3890 2000 4001 2058 τοῖς

2422 2092 2848 2160 προειρημένοις
2877 2092 3284 2158 ἀκριϐεστάτην
3321 2092 3418 2156 τὴν
3459 2091 3596 2156 πρὸς
3636 2093 3787 2158 ἡμᾶς
3840 2091 4003 2156 ἐγγύ-

2421 2202 2558 2252 τητα
2594 2183 2876 2248 σώζοντα;
2913 2185 3093 2237 καίτοι
3148 2186 3354 2237 τούτων
3391 2185 3504 2236 ἔνια
3538 2184 3788 2235 πλεῖστον
3841 2185 4001 2251 ἡμῶν

2420 2278 2616 2344 ἀπέχει
2642 2280 2708 2344 τῇ
2747 2279 2840 2345 γῇ.
2873 2277 2968 2338 Τίς
2994 2276 3038 2327 δ’
3077 2261 3264 2344 ἀγνοεῖ
3299 2276 3528 2339 πολλοὺς
3557 2278 3660 2328 τῶν
3698 2279 3831 2345 ἡμῖν
3862 2278 3952 2328 τέο
3977 2295 4001 2337 ς

2419 2371 2826 2437 ὁμοδοξοῦντων
2865 2411 2878 2431 ,
2938 2371 3104 2437 ἐγγὺς
3173 2371 3271 2438 μὲν
3330 2372 3771 2439 συνῳκισμένους
3821 2371 3998 2437 ἡμῶν,

2419 2464 2581 2532 ἤθεσι
2615 2463 2710 2515 καὶ
2746 2465 2970 2532 τρόποις
3004 2463 3121 2515 οὐδ’
3153 2466 3276 2516 ὅσον
3322 2464 3496 2514 είπεῖν
3544 2464 3659 2515 ἔστι
3717 2464 4000 2531 διαφέρον-

2421 2574 2539 2617 τας,
2594 2558 2688 2608 καὶ
2737 2556 2844 2609 τῶν
2895 2557 3024 2625 ἡμῖν
3084 2557 3342 2608 ἑκάστοτε
3392 2556 3814 2620 συμπιπτόντων
3889 2553 4000 2606 οὐδ’

2422 2651 2965 2718 ὲπιστρεφομένους;
3029 2647 3242 2708 Ἐνίους
3272 2648 3315 2698 δ’
3349 2647 3531 2698 αὐτῶν
3577 2648 3736 2714 ἴσμεν
3782 2647 3999 2698 ἐπιϐου-

2420 2742 2678 2802 λεύοντας
2703 2741 2798 2794 καὶ
2825 2741 3172 2808 φθονοῦντας.
3211 2739 3276 2791 Οἱ
3342 2739 3397 2791 δὲ
3444 2740 3536 2791 καὶ
3573 2739 3641 2790 τὰ
3671 2739 3779 2790 τῶν
3833 2737 4002 2788 simul

2423 2836 2686 2904 πράττειν
2755 2835 3032 2896 ἐθέλοντες
3077 2837 3133 2887 ἐν
3170 2836 3267 2902 ίσῳ
3292 2835 3400 2893 τοῖς
3435 2835 3507 2902 μη
3538 2834 3883 2902 βουλομένης
3927 2836 4003 2884 εἰ-

2425 2931 2527 2990 σιν,
2561 2928 2722 2996 ὃμοια
2746 2926 3192 2996 δυσπραγοῦντες
3221 2928 3351 2993 ἡμῖν
3386 2927 3475 2977 καὶ
3507 2927 3694 2994 χείρω,
3748 2928 3840 2977 καὶ
3869 2927 4000 2994 μηδὲ

2425 3021 2607 3087 σφίσιν
2641 3020 2825 3079 αὐτοῖς
2858 3018 3089 3086 ἀμύνειν
3122 3017 3437 3082 δυνάμενοι.
3480 3016 3584 3069 Ἐὦ
3611 3017 3718 3084 γὰρ
3755 3019 3835 3069 ὅτι
3863 3017 4002 3084 πλὴν

2422 3109 2643 3161 Γάλλων
2675 3126 2731 3160 τε
2765 3107 2859 3159 καὶ
2899 3107 3191 3172 ’1σπανὼν,
3231 3110 3325 3158 καὶ
3365 3108 3433 3158 τὰ
3466 3106 3631 3158 λοιπά
3688 3107 3794 3158 τῶν
3843 3108 4003 3158 Λατί-

2424 3219 2530 3252 νων
2557 3201 2684 3265 έθνη
2730 3203 2822 3253 καὶ
2848 3200 2999 3269 τόπῳ
3029 3200 3319 3268 διέστηκεν
3373 3200 3532 3268 ἡμῶν
3566 3198 3840 3268 ἕλαττονῆ
3877 3199 4002 3250 τού-

2423 3312 2529 3345 των
2578 3294 2722 3354 τινὲς
2775 3292 2857 3361 (οὐ
2901 3294 3006 3361 γὰρ
3064 3292 3328 3361 βούλομαι
3385 3291 3628 3361 τοῦνομα
3675 3291 3878 3359 λέγειν)
3930 3286 4003 3347 ὧν

2425 3387 2629 3454 σφόδρα
2669 3384 3067 3454 περιεχόμεθα.
3102 3384 3225 3444 Τοῖς
3255 3384 3310 3436 δὲ
3363 3384 3551 3445 αὐτοῖς
3600 3385 3695 3436 καὶ
3749 3384 4002 3451 καθάπερ

2424 3480 2630 3544 γείτοσι
2690 3478 2973 3545 χρώμεθα,
3038 3477 3316 3538 ἀποικίαις
3374 3478 3487 3528 τισὶ
3530 3481 3624 3530 καὶ
3672 3479 3858 3544 νήσοις
3914 3476 4000 3528 ὑπ’

2425 3569 2602 3620 αὐτῶν
2658 3567 2998 3636 ἀρχομέναις
3064 3568 3302 3634 μάλιστα
3365 3565 3793 3636 συ’ναπτόμενοι’
3838 3569 4000 3630 ἐνίοις

2423 3658 2604 3712 δὲκαὶ
2672 3660 2781 3710 τῶν
2849 3660 2980 3726 παρ’
3036 3660 3167 3726 ἡμῖν
3222 3658 3662 3727 μεταδεδωκότες
3726 3660 4001 3722 ἁπάντων,

2425 3755 2599 3806 ὁπόσα
2647 3751 2892 3822 γνησίοις
2943 3755 3036 3805 καὶ
3074 3752 3327 3813 πολίταις
3387 3753 3650 3820 ἄντικρυς
3698 3755 4006 3822 προσφερὸ-

2429 3847 2589 3916 μεθα.
2620 3847 2728 3906 Τὰς
2765 3845 2810 3896 δ’
2842 3844 2931 3895 ἐπὶ
2969 3844 3163 3913 καιροῦ
3216 3844 3470 3913 βοηθείας
3527 3846 3709 3910 αὐτῶν
3762 3850 3856 3900 καὶ
3909 3851 4006 3911 τὰς

2430 3939 2561 4007 παρ’
2597 3938 2750 4007 ἡμῶν
2777 3939 3039 4006 ἀμοιϐὰς,
3075 3937 3208 4006 πρὸς
3243 3938 3298 3989 δὲ
3337 3939 3432 3990 καὶ
3486 3939 3545 3990 τὸ
3593 3942 3702 4000 τοῖς
3760 3942 4004 4011 ἀλλήλων

2427 4032 2582 4101 ἤθεσι
2615 4032 2824 4100 χαίρειν
2860 4031 2967 4098 πρὸ
3001 4029 3110 4081 τῶν
3163 4030 3398 4094 οἰκείων,
3448 4032 3749 4100 μαθήματά
3793 4051 3851 4086 τε
3915 4035 4004 4086 καὶ

2429 4124 2623 4189 λόγους
2648 4123 2743 4173 καὶ
2775 4121 3061 4187 δογμάτων
3111 4120 3426 4187 ἐπιστήμην
3461 4119 3558 4171 σὺν
3592 4120 3872 4190 ἀκριϐείᾳ,
3913 4122 4006 4172 καὶ

2428 4216 2598 4269 τᾶλλα
2630 4214 2710 4266 δι’
2745 4206 2817 4264 ὧν
2848 4211 3235 4281 συναπτόμεθα
3270 4213 3598 4281 καταλέγειν
3642 4214 3871 4279 ἕκαστα,
3896 4217 4004 4266 τῶν

2429 4307 2880 4380 δυσχερεστάτων
2913 4301 3059 4358 εἶναι
3095 4305 3325 4373 νομίζω.
3357 4306 3419 4358 Εἰ
3447 4308 3547 4375 μὲν
3604 4303 3698 4360 οὖν
3732 4308 3828 4376 τῆς
3871 4308 4005 4378 πρὸς

2430 4403 2699 4462 Λατίνους
2729 4401 2954 4468 εἰρήνης
3001 4399 3093 4450 καὶ
3122 4399 3325 4460 πάντες
3348 4401 3480 4468 ἡμῖν
3512 4399 3865 4469 βουλήσονται
3891 4418 4006 4452 κοι-

2431 4495 2643 4555 νωνεῖν,
2679 4491 2940 4560 εύδαιμον
2975 4491 3042 4542 ἂν
3068 4490 3152 4559 εἴη
3185 4490 3346 4543 τοῦτό
3371 4508 3455 4557 γε,
3487 4492 3614 4544 καὶ.
3645 4492 3876 4562 λαμπρὰ
3910 4491 4006 4560 τῆς

747 4603 828 4646 tes
847 4591 985 4660 parti
1007 4592 1324 4643 amittamus
1345 4591 1592 4647 alteram.
1613 4589 1892 4642 hominum
1907 4589 2006 4641 erit
2029 4588 2326 4655 prudenter
2361 4583 2402 4637 D
2435 4587 2505 4638 ἀλ

2247 4593 2326 4638 ter
2361 4583 2402 4637 D
2435 4585 2695 4653 ἀληθείας
2724 4585 2850 4650 νίκη
2882 4583 3024 4636 κατὰ
3062 4583 3156 4634 τοῦ
3207 4582 3461 4650 ψεύδους,
3499 4583 3594 4635 καὶ
3641 4584 3836 4653 εἰρήνη
3874 4584 4005 4634 πλα-

745 4684 1064 4752 agentium,
1123 4683 1360 4736 maxime
1418 4684 1631 4736 vii-iuos
1687 4681 1941 4749 praeferre
2000 4681 2122 4734 aliis
2176 4695 2324 4733 :eos

746 4777 1022 4838 videlicet,
1053 4776 1252 4843 quibus
1276 4766 1593 4845 'pra'positis
1617 4784 1669 4827 et
1696 4775 1974 4827 veritatem
2003 4772 2318 4836 fatebimur,

748 4877 800 4921 et
832 4882 1020 4937 pacem
1054 4869 1304 4922 stabilem
1342 4868 1720 4921 conﬁciemus.
1758 4866 1922 4920 Scitis
1958 4866 2101 4920 enim
2137 4866 2321 4935 plures

747 4979 937 5018 eorum
983 4963 1084 5015 hoc
1122 4962 1285 5013 etiam
1323 4971 1569 5028 tempore
1603 4960 1807 5012 nullius
1841 4973 2037 5026 parere
2065 4959 2316 5027 imperiti,

747 5066 798 5107 ct
839 5055 1039 5106 nullam
1077 5053 1278 5106 habere
1311 5053 1597 5105 uobiscum
1645 5052 2114 5114 communionem,
2150 5065 2325 5118 neque

755 5150 1053 5202 licclesiam
1095 5156 1337 5200 nostram
1384 5146 1597 5205 audire,
1633 5149 1725 5199 sed
1760 5146 1966 5198 nullum
2003 5146 2127 5198 hinc
2170 5146 2325 5199 nobis

749 5241 1093 5306 (iispelltiilllll
1129 5239 1304 5291 oritur
1339 5257 1350 5291 :
1389 5252 1562 5306 neque
1614 5235 1782 5304 igitur
1819 5237 2042 5289 omnino
2085 5251 2113 5289 a
2166 5237 2328 5290 nobis

749 5335 944 5391 diVnIsi
974 5341 1227 5402 poterunt
1253 5330 1512 5385 invehere
1542 5330 1710 5383 ttllum
1748 5328 2180 5384 incommodum.
2217 5327 2321 5382 Sed

752 5431 794 5483 si
837 5435 1059 5495 possent
1094 5425 1258 5478 etiam
1309 5425 1438 5476 dare
1489 5421 1708 5490 aliquod
1756 5422 2042 5484 damnum,
2087 5420 2323 5489 perfecta

752 5533 897 5574 u-rte
929 5535 1054 5572 cum
1099 5516 1307 5570 Latinis
1337 5515 1652 5584 eonjunctio
1682 5516 1816 5567 adeo
1850 5513 2161 5567 numerosis
2193 5513 2327 5565 satis

753 5629 1022 5681 superque
1052 5610 1250 5680 poterit
1282 5610 1581 5662 molestiam
1605 5610 1823 5662 demere
1856 5605 1981 5658 inde
2004 5605 2329 5672 proveniun-

755 5715 858 5757 ti-m
896 5722 907 5756 :
939 5704 1124 5773 utjaut
1163 5718 1227 5756 ne
1259 5701 1431 5770 ipsam
1463 5699 1685 5769 quidem
1719 5697 1871 5766 prius
1906 5698 2326 5764 COIIjUIICiOiUHI

755 5796 1107 5848 amissionem
1140 5793 1467 5845 sentiamus.
1513 5789 1622 5843 Nec
1662 5803 1790 5841 vero
1825 5788 2005 5855 aliqua
2045 5789 2203 5840 nobis
2241 5791 2326 5839 hct

756 5889 866 5943 illis
899 5888 1116 5958 injuria,
1148 5888 1256 5943 Deo
1282 5887 1460 5956 judice
1491 5885 1914 5952 hominibusque
1943 5883 2034 5949 qui
2067 5884 2324 5951 sapiunt;

2430 4679 2547 4729 τεῖα
2581 4678 2673 4728 καὶ
2707 4676 2884 4728 πάντα
2910 4673 3379 4742 διαλαμϐάνουσα·
3418 4676 3465 4726 εἰ
3492 4674 3666 4727 δὲκαὶ
3697 4676 4003 4727 κινδυνεύο-

2433 4787 2531 4838 μεν
2562 4769 2770 4838 ἐτέρων
2797 4771 3180 4838 περιεχόμενοι
3237 4769 3365 4830 τοὺς
3410 4769 3635 4839 ἑτέρους
3680 4770 4003 4834 ἀποϐαλεῖν,

2437 4863 2736 4931 σωφρόνων
2769 4861 2835 4913 ἂν
2872 4861 2959 4930 εἴη
2992 4862 3122 4924 τοὺς
3173 4861 3410 4930 μάλιστα
3467 4861 3867 4930 πλησιάζοντας
3897 4865 4007 4917 τῶν

2433 4958 2609 5010 ἄλλων
2641 4956 2988 5025 προελέσθαι·
3036 4955 3129 5006 καὶ
3163 4955 3256 5017 οὓς
3286 4957 3689 5025 προτιμήσασι,
3721 4957 3780 5009 τό
3811 4975 3867 5008 τε
3907 4959 4007 5024 τὴν

2434 5050 2691 5118 ἀλήθειαν
2755 5049 3071 5117 ὁμολογεῖν,
3127 5049 3220 5100 καὶ
3279 5048 3339 5100 τὸ
3407 5048 3509 5117 τὴν
3550 5049 3775 5116 εἰρήνην
3820 5050 3894 5110 ὡς
3941 5049 4008 5101 ἂν

2437 5143 2674 5210 μάλιστα
2705 5143 2989 5212 διαρκοίη,
3031 5143 3296 5212 πράττειν
3340 5141 3666 5211 προσέσται.
3707 5142 3850 5193 Ἴστε
3901 5143 4008 5212 γὰρ

2433 5236 2513 5288 ὃτι
2548 5236 2641 5287 καὶ
2673 5233 2768 5285 νῦν
2795 5235 3088 5303 αὐτόνομοι
3142 5233 3349 5286 τούτων
3378 5233 3427 5285 οἰ
3466 5233 3706 5297 πλείους,
3742 5233 3834 5285 καὶ
3884 5232 4006 5285 οὔτε

2435 5329 2544 5379 τῶν
2576 5325 2753 5379 ἄλλων
2813 5327 2946 5393 ἡμῖν
2985 5326 3042 5376 ὲν
3093 5325 3272 5377 οὐδενὶ
3326 5324 3700 5389 κοινωνοῦσιν,
3733 5323 3858 5377 οὔτε
3910 5325 4009 5391 τῆς

2447 5419 2776 5486 Ἐκκλησίας
2833 5415 2989 5486 ήμῶν
3044 5417 3446 5469 ὲπακούουσιν·
3508 5417 3625 5470 ἀλλ’
3671 5417 3826 5469 οὐδὲν
3880 5419 4010 5486 ήμῖν

2437 5513 2684 5565 ἐντεῦθεν
2719 5512 2930 5580 γίνεται
2992 5509 3188 5579 βλὰὖος
3219 5527 3230 5539 ·
3290 5513 3411 5565 οὐδὲ
3451 5512 3630 5564 τοίνυν
3666 5511 4010 5564 παντάπασ.ν

2435 5605 2829 5674 ἀπερῤωγότες
2867 5603 3043 5670 ἡμῶν,
3082 5603 3298 5666 ἕξουσιν
3337 5597 3396 5656 οὗ
3456 5606 3614 5673 χάριν
3649 5605 4008 5674 λυπήσουσιν.

2439 5699 2498 5750 Εἰ
2531 5699 2585 5749 δέ
2620 5716 2675 5748 τι
2705 5697 2795 5748 καὶ
2836 5695 3072 5765 ζημιοῦν
3107 5698 3254 5765 ήμᾶ;
3303 5698 3503 5766 ἔχοιεν,
3545 5698 3661 5750 ἀλλ’
3694 5700 3727 5767 ἡ
3761 5698 3868 5749 τῶν
3900 5697 4012 5748 Λα-

2436 5790 2598 5840 τίνων
2629 5786 2864 5856 ἀκριϐὴς
2901 5787 3156 5839 κοινωνία
3184 5787 3454 5840 τοσούτων
3485 5788 3653 5839 ὄντων
3710 5787 3847 5855 μετὰ
3881 5785 4009 5835 πολ-

2439 5883 2535 5951 λῆς
2566 5881 2664 5948 τῆς
2699 5880 3016 5948 περιουσίας
3049 5883 3145 5951 τὴν
3193 5882 3402 5936 ἐκεῖθεν
3438 5881 3630 5950 ἀηδίαν
3671 5880 3821 5934 λύειν
3844 5879 4008 5950 ἀρκέ-
