4452 6450
453 382 557 450 461

1629 385 1918 449 ORATIO
1952 389 2008 448 ll
2046 391 2146 450 AD
2182 389 2558 453 SY'NODUM.

3619 406 3721 468 46?.

452 498 958 576 χειραγωγούντων,
1019 500 1114 551 καὶ
1145 500 1416 571 τοσαύτην
1468 501 1611 573 ὑπὲρ
1658 506 1832 574 αὐτῆς
1864 525 2028 575 φρον.
2059 509 2110 567 Α
2139 523 2210 560 vo,

1960 527 2028 560 w-
2059 509 2110 567 Α
2139 523 2234 563 vos
2287 509 2685 575 benevolentia,
2744 527 2871 581 pars
2919 514 3073 570 valde
3108 529 3304 587 magna
3363 517 3718 588 videbimini;

452 597 573 649 τίδα
597 593 1025 664 πεποιημένωνς
1053 592 1129 645 Τὸ
1157 595 1265 663 γὰρ
1286 593 1552 665 ὑμέτερον
1575 595 1822 649 λείπεται
1850 598 2032 667 μόνον·

454 687 483 740 ὃ
515 686 653 755 πρὸς
682 687 782 756 μὲν
807 685 1024 749 εὐνοίας
1055 685 1216 753 λόγον
1247 686 1381 754 ἡμῖν
1413 686 1508 739 καὶ
1531 686 1674 741 πάνυ
1704 688 1847 757 μέγα
1864 689 2032 753 δοκεῖ,

453 779 609 842 τάξει
649 777 706 831 δὲ
747 778 840 830 καὶ
869 780 1133 847 ποσότητι
1191 777 1496 830 οὑδέἰπεῖν
1549 779 1696 832 ἔστιν
1736 781 1937 834 ὁπόσον
1983 799 2035 833 τι

453 871 549 922 τοῦ
586 871 795 933 παντός
833 871 980 927 ἐστε.
1022 871 1121 934 Τίς
1159 870 1206 924 δ’
1261 870 1327 924 ἂν
1369 873 1454 941 εῖη
1499 872 1690 926 λοιπὸν
1736 875 1894 937 tm;
1939 876 2035 943 τῆς

455 957 598 1022 πρὸς
622 957 721 1025 τὴν
751 957 1019 1026 ἀλήθειαν
1047 959 1334 1025 ἐπανόδου,
1371 962 1596 1031 μηδενὸς
1621 963 1714 1015 τοῦ
1746 964 1880 1033 πρὸς
1905 964 2035 1017 ταύ-

452 1064 554 1115 την
585 1050 931 1118 ὴγησομένου
966 1053 1078 1113 τοῖς
1116 1050 1298 1114 ἄλλοις
1346 1053 1769 1121 ὑπολειφθέντος
1799 1072 1812 1116 ;
1843 1057 1903 1108 οὑ
1927 1057 2034 1125 γὰρ

455 1143 613 1210 ὑμεῖς
645 1159 709 1208 γε
746 1141 909 1194 τοῦτο
939 1143 1242 1214 δυνήσεσθε
1300 1146 1473 1214 μόνοι,
1506 1147 1611 1199 κᾶν
1644 1147 1768 1200 νοῦν
1818 1149 2038 1218 ἔχοντες

453 1232 635 1298 αὐτοὶ,
664 1234 792 1297 τοὺς
832 1234 1030 1298 ἄλλους
1072 1236 1298 1306 πείσητε
1349 1239 1688 1306 σωφρονεῖν·
1741 1239 1929 1310 ὥσπερ
1990 1241 2042 1294 εἴ

453 1340 537 1387 τις
574 1324 702 1393 ὄνυξ
731 1326 806 1377 ὢν
836 1325 932 1380 τοῦ
997 1327 1201 1392 παντὸς
1257 1328 1448 1399 ἄρχειν
1481 1329 1724 1400 βούλοιτο
1759 1331 2033 1401 σώματος,

457 1417 553 1469 καὶ
577 1421 752 1471 κινεῖν
790 1419 946 1484 αὑτὸ,
979 1421 1074 1472 καὶ
1110 1421 1410 1490 ἰατρεύειν,
1439 1426 1533 1474 καὶ
1563 1426 1629 1476 τὰ
1666 1424 1803 1490 πρὸς
1846 1425 2037 1492 ὑγείαν

456 1510 691 1580 φέροντα
729 1513 1149 1581 συμϐουλεύειν.
1182 1515 1256 1566 Οὑ
1321 1515 1430 1584 μὴν
1475 1517 1591 1568 ἀλλ’
1627 1519 1804 1570 ἐκεῖνο
1836 1523 2040 1589 xpedi;-

459 1617 546 1654 κει
602 1606 829 1655 σκοπεῖν
862 1605 1030 1672 ὑμᾶς,
1068 1606 1152 1658 ὅτι
1208 1606 1309 1674 τὴν
1359 1609 1689 1678 Ἐκκλησίαν
1743 1609 1918 1672 οὑτως
1950 1610 2038 1662 ἐπ’

455 1694 735 1761 ἀσφαλοῦς
769 1698 798 1748 ό
827 1697 1104 1767 Δεσπότης
1151 1698 1308 1768 ἡμῶν
1339 1699 1708 1769 ᾠκοδόμησεν,
1748 1702 1823 1764 ὡς
1876 1703 2038 1772 μηδέ-

455 1801 587 1838 ποτε
616 1787 790 1848 πύλας
836 1787 963 1859 ᾅδου
994 1789 1346 1859 κατισχύσειν
1397 1793 1590 1860 αὑτῆς,
1623 1793 1718 1857 τάς
1748 1795 2038 1848 ἐπανιστα-

2145 601 2239 654 sed
2266 602 2459 657 ordine
2507 618 2573 658 ac
2605 620 2838 660 numero
2868 604 2978 660 dici
3037 623 3143 662 non
3205 618 3409 678 potest,
3457 617 3723 683 quantula

2146 694 2269 750 sitis
2315 695 2560 752 universi
2601 713 2749 766 pars.
2787 697 2920 765 Quae
2964 714 3094 754 vero
3143 701 3196 755 in
3249 712 3529 770 posterum
3581 721 3728 763 esset

2145 800 2270 854 spes
2311 790 2674 855 agnoscendae
2712 793 2981 857 veritatis,
3019 792 3065 847 si
3100 792 3323 848 relictus
3362 807 3510 851 esset
3535 813 3722 863 nemo,

2144 880 2236 947 qui
2270 896 2328 934 se
2357 883 2550 935 ducem
2599 882 2722 936 aliis
2757 883 2822 935 ad
2861 899 2978 937 eam
3011 885 3313 954 prmberet?
3367 902 3545 956 neque
3575 894 3720 944 enim

2147 971 2237 1023 uni
2265 986 2360 1025 vos
2390 971 2492 1024 hoc
2521 970 2733 1026 eﬂicere
2751 973 3025 1040 poteritis,
3053 989 3154 1029 nec
3184 974 3432 1044 licetipsi
3467 978 3712 1046 sapiatis,

2146 1062 2264 1116 aliis
2305 1073 2363 1116 ut
2403 1064 2620 1132 sapiant
2657 1064 3089 1133 persuadebitis:
3139 1068 3366 1135 perinde
3405 1083 3469 1123 ac
3505 1070 3548 1122 si
3589 1071 3716 1139 quis

2145 1169 2268 1208 cum
2298 1156 2499 1224 unguis
2524 1157 2615 1217 sit,
2644 1158 2805 1210 vellet
2838 1164 3010 1211 totum
3049 1173 3252 1227 corpus
3279 1176 3487 1229 regere,
3519 1170 3574 1217 et
3601 1177 3719 1218 mo-

2147 1261 2295 1310 vere,
2327 1255 2382 1301 et
2409 1248 2736 1302 medicinam
2777 1250 2849 1305 illi
2894 1250 3176 1314 adhibere,
3215 1262 3269 1306 et
3317 1254 3562 1308 consiliis
3603 1256 3719 1309 suis

2145 1337 2454 1399 ostendere,
2493 1352 2613 1404 quae
2654 1339 2850 1393 bonam
2895 1340 3126 1394 allerant
3155 1340 3548 1396 valetudinem.
3581 1341 3716 1396 Illud

2146 1440 2311 1494 porro
2360 1427 2523 1480 etiam
2580 1429 2930 1483 considerare
2997 1445 3094 1483 vos
3143 1439 3384 1500 oportet,
3420 1431 3718 1486 Eeclesiam

2147 1518 2221 1570 ita
2254 1533 2376 1574 esse
2416 1534 2444 1573 a
2474 1519 2708 1573 Domino
2749 1521 2804 1574 in
2839 1530 2952 1575 tuto
2979 1522 3320 1587 aediﬁcatam,
3355 1533 3414 1578 ut
3442 1533 3611 1592 porta:
3643 1523 3725 1576 in-

2148 1611 2248 1665 feri
2279 1629 2556 1682 nunquam
2597 1614 2708 1668 sint
2747 1616 3012 1669 adversus
3045 1631 3165 1670 eam
3193 1617 3586 1685 praevaliturae;
3612 1618 3725 1670 haz-

2147 1720 2319 1769 reses,
2374 1707 2621 1774 inquam,
2674 1716 2867 1759 contra
2927 1711 3210 1762 veritatem
3268 1709 3639 1778 insurgentes,
3671 1721 3726 1763 et

2148 1808 2458 1853 sectatores
2500 1815 2630 1854 suos
2685 1801 2738 1852 in
2798 1801 3119 1854 barathrum
3176 1801 3476 1856 inferorum
3541 1803 3724 1858 detur-

463 1880 633 1948 μένας
684 1881 928 1950 δηλονότι
977 1885 1040 1952 τῇ
1101 1883 1336 1954 ἀληθείᾳ
1393 1884 1528 1954 πρὸς
1587 1885 1713 1957 ᾅδου
1765 1887 2041 1956 βάραθρον
2075 1872 2114 1924 Β
2150 1892 2218 1945 ba

1971 1906 2041 1940 ιον
2075 1872 2114 1924 Β
2150 1892 2384 1946 battles:
2438 1892 2539 1946 hoc
2588 1893 2730 1945 enim
2774 1894 2847 1946 illi
2883 1895 3027 1948 velut
3077 1894 3336 1948 eximium
3382 1897 3613 1966 largitus
3647 1906 3729 1950 est

457 1973 586 2035 τοὺς
623 1972 988 2041 πειθομένους
1020 1974 1394 2038 κατασπώσας
1443 1977 1710 2046 αἱρέσεις.
1758 1979 1866 2030 Καὶ
1908 1978 2039 2031 καθ-

460 2068 604 2136 άπερ
629 2084 678 2118 τι
704 2067 876 2136 δῶρον
931 2068 1214 2137 ἐξαίρετον
1253 2069 1390 2138 αὑτῇ
1437 2070 1596 2122 τοῦτο
1660 2071 1914 2133 δέδωκεν,
1978 2089 2037 2124 ου

458 2161 630 2230 χωρὶς
659 2159 770 2212 οὐδ’
800 2160 866 2213 ἆν
899 2155 965 2230 ἦν
1002 2161 1147 2230 μέγα
1211 2162 1270 2210 τὸ
1319 2162 1418 2228 τῆς
1477 2162 1817 2230 οἰκονομίας,
1879 2163 2039 2231 εἴπερ

459 2252 664 2320 ἧμελλε
708 2255 804 2304 καὶ
839 2253 960 2321 μετ’
994 2252 1168 2321 αὑτὴν
1201 2253 1441 2310 ἀνιάτως
1478 2253 1758 2320 νοσήσασα
1814 2254 1906 2304 καὶ
1962 2253 2039 2321 τῷ

458 2345 646 2416 ψεύδει
692 2346 1161 2415 κατασχεθεῖσαῆ
1201 2346 1519 2414 περιῶφθαι
1565 2348 1948 2410 παντάπασιν,
2005 2346 2038 2416 ἢ

462 2437 777 2506 φαρμάκων
808 2436 1020 2488 δεῖσθαι
1074 2436 1561 2505 δραστικωτέρων.
1613 2438 1726 2490 Καὶ
1773 2438 1878 2490 ὑπὸ
1944 2438 2042 2506 μὲν

462 2530 558 2582 τοῦ
582 2529 815 2597 ψεύδους
833 2529 1045 2598 ταύτην
1072 2527 1540 2597 ένοχληθήσεσθαι
1576 2531 1870 2599 συγχωρεῖ,
1895 2531 2042 2593 ὅπως

462 2626 520 2678 δὲ
545 2627 640 2677 καὶ
669 2625 926 2689 καθάπαξ
957 2625 1090 2694 ἁλῷ,
1115 2625 1205 2677 καὶ
1227 2623 1388 2692 δούλη
1422 2627 1647 2694 γένηται
1673 2624 1774 2693 τῆς
1801 2627 2040 2696 ἀπάτης,

459 2717 523 2771 οῦ
555 2735 721 2786 φησιν
767 2718 1107 2786 ἐπιτρέψειν.
1154 2716 1486 2786 Ἐκκλησίαν
1538 2717 1596 2769 δέ
1654 2734 1715 2784 γε
1749 2718 1884 2770 Θεοῦ
1914 2719 2041 2778 τοὺς

465 2812 627 2864 πέντε
660 2810 767 2862 τῶν
792 2810 1153 2880 πατριαρχῶν
1186 2806 1326 2861 εἶναι
1377 2809 1604 2878 θρόνους
1636 2811 1729 2862 κα)⁸
1785 2812 1910 2872 τοὺς
1947 2809 2042 2861 αὑ-

463 2905 578 2964 τοῖς
613 2901 1013 2965 ὑπακούοντας,
1048 2902 1182 2954 οἵτε
1215 2901 1324 2954 τῶν
1363 2901 1607 2970 συνόδων
1656 2903 1901 2966 κανόνες,
1953 2904 2046 2955 καὶ

462 2995 524 3046 τὸ
562 2993 774 3064 μακρὸν
806 2993 978 3061 αὑτῆς
1009 2992 1155 3056 ἔθος,
1181 2993 1277 3045 καὶ
1311 2993 1420 3044 τῶν
1449 2995 1794 3062 πραγμάτων
1823 2995 1854 3063 ἠ
1883 2993 2047 3061 φύσις

463 3087 929 3156 ὑπαγορεύουσιν.
965 3087 1030 3141 Εἰ
1062 3086 1172 3156 γάρ
1205 3103 1354 3148 τινες
1395 3085 1506 3138 τῶν
1548 3086 1889 3154 ὁπουδήποτε
1945 3086 2048 3155 γῆς

462 3180 750 3251 ἀρχόντων
797 3179 994 3248 ἀλογίᾳ
1041 3179 1135 3232 καὶ
1187 3179 1464 3249 τυραννίδι
1513 3178 1612 3248 τὴν
1667 3178 1878 3231 τούτων
1909 3179 2045 3246 ὁμοῦ

467 3277 688 3328 πάντων
721 3273 834 3326 τῶν
862 3273 1071 3343 θρόνων
1098 3289 1191 3324 ποι
1202 3273 1475 3341 μαντικὴν
1537 3272 1912 3342 ἀπηνήναντο,
1950 3273 2045 3324 καὶ

467 3369 756 3438 χαίρουσιν
785 3365 875 3435 ὑφ’
895 3365 1080 3418 αὑτῶν
1109 3366 1549 3434 ποιμαινόμενοι,
1584 3368 1677 3417 καὶ
1701 3366 1864 3434 νόμος
1893 3365 2046 3425 ὄντες

469 3462 655 3529 σφίσιν
695 3459 905 3522 αὑτοῖς,
959 3459 1062 3511 οὑκ
1097 3456 1429 3526 ἐπαινούσης
1459 3457 1622 3509 τοῦτο
1663 3457 1762 3526 τῆς
1813 3456 2046 3524 Ἐκκλη-

470 3556 593 3614 σίας
647 3555 744 3607 καὶ
787 3551 1123 3622 βουλομένης
1169 3552 1369 3615 ἐξεῖναι
1436 3553 1604 3604 πᾶσιν
1655 3550 1799 3604 οὓτω
1849 3553 2046 3615 ποιεῖν,

467 3646 606 3699 ἀλλά
663 3642 1220 3712 συγκαταδαινούσης
1261 3645 1329 3712 τῇ
1386 3641 1564 3712 τόλμῃ
1627 3641 1722 3696 καί
1773 3659 1824 3694 τι
1862 3644 2048 3711 μεῖζον

466 3739 900 3808 εὐλαϐουμένης,
954 3737 1304 3806 ἐκράτησεν·
1370 3734 1464 3798 οὓς
1513 3734 1659 3788 εἴποι
1707 3753 1790 3798 τις
1846 3735 1913 3787 ἂν
1955 3736 2050 3788 καὶ

465 3832 560 3885 νῦν
614 3832 920 3898 ἀντιλέγειν
983 3829 1290 3894 ἐθέλοντας,
1360 3828 1420 3881 οὐ
1485 3828 1732 3897 λογισμῷ
1784 3845 1892 3880 τινι
1953 3829 2048 3880 καὶ

466 3926 660 3995 καιρόν
710 3925 888 3992 ἔχοντι
941 3922 1092 3991 φόϐῳ
1169 3921 1486 3990 προῆχθαι,
1530 3919 1666 3972 ἀλλὰ
1727 3919 1896 3972 πάλαι
1956 3935 2049 3986 με-

471 4021 788 4090 μαθηκότας
868 4017 1272 4086 ἀναισχυντεῖν,
1344 4012 1482 4084 μηδὲ
1544 4011 1639 4064 νῦν
1702 4012 1922 4081 ἀφιέναι
1991 4010 2050 4062 τὸ

466 4110 620 4185 ἦθος.

542 4205 760 4260 Τούτων
800 4203 982 4256 τοίνυν
1022 4201 1193 4262 οὕτως
1236 4197 1620 4267 ἀναμφιϐόλως
1669 4194 1926 4265 ἑχόντων,
1958 4197 2052 4248 καὶ

473 4299 572 4366 τῆς
610 4299 711 4365 μὲν
751 4294 1080 4363 Ἐκκλησίας
1128 4290 1364 4361 Χριστοῦ
1400 4289 1606 4358 ταύτην
1631 4328 1645 4353 ,
1676 4289 1745 4356 ἣν
1783 4305 1914 4339 ποτε
1959 4291 2053 4339 καὶ

473 4391 669 4454 εἵλετο,
709 4387 865 4452 δόξαν
911 4384 1282 4455 στεργούσης,
1333 4385 1426 4434 καὶ
1476 4383 1637 4452 μέχρι
1670 4381 1872 4442 παντὸς
1919 4380 2052 4431 ἀπο-

471 4483 788 4553 δεξομένης,
830 4481 1041 4534 ἐκείνου
1086 4479 1143 4532 δὲ
1197 4477 1475 4548 μηδέποτε
1524 4477 1585 4526 τὸ
1634 4474 1833 4542 ψεῦδος
1886 4490 2056 4526 κατα-

2077 3229 2120 3290 C

2149 1989 2380 2049 donum,
2431 1987 2549 2039 sine
2591 2000 2699 2052 quo
2731 2000 2926 2053 magna
2962 2000 3049 2040 res
3098 2001 3205 2039 non
3241 1994 3388 2040 esset
3429 1989 3715 2054 dispenso-

2151 2078 2317 2130 tionis
2364 2077 2710 2146 mysterium,
2757 2077 2803 2130 si
2841 2075 3087 2129 futurum
3117 2085 3255 2139 erat,
3306 2084 3364 2129 tit
3421 2078 3514 2130 illo
3555 2078 3717 2131 etiam

2151 2179 2394 2237 peracto,
2430 2168 2623 2223 morbo
2675 2169 2954 2222 laboraret
3008 2168 3326 2233 insanabili,
3365 2179 3419 2224 et
3464 2184 3727 2238 oppressa

2151 2258 2438 2313 mendacio
2479 2259 2560 2312 vel
2587 2259 2797 2328 jaceret
2839 2260 3056 2326 penitus
3111 2262 3374 2328 neglecta,
3435 2261 3520 2315 vel
3565 2261 3731 2329 phar-

2152 2352 2326 2406 macis
2359 2352 2630 2420 indigeret
2672 2352 3093 2420 potentioribus.
3150 2353 3214 2406 Et
3261 2369 3289 2407 a
3335 2353 3576 2407 falsitate
3605 2355 3727 2422 qui-

2151 2443 2272 2496 dem
2313 2441 2509 2512 agitari
2541 2443 2686 2496 illam
2731 2445 3018 2512 permittit,
3050 2454 3107 2498 ut
3131 2459 3258 2498 vero
3289 2448 3604 2499 succumbat
3633 2445 3731 2499 l'al-

2152 2536 2323 2601 laciae,
2355 2550 2619 2605 errorque
2659 2536 2731 2588 illi
2768 2537 3101 2598 dominetur,
3145 2546 3304 2605 negat
3339 2552 3399 2591 se
3428 2538 3732 2606 permissu-

2152 2643 2300 2682 rum.
2360 2627 2492 2682 Esse
2561 2642 2690 2680 vero
2744 2627 2836 2680 Dei
2900 2626 3198 2682 Ecclesiam
3268 2631 3510 2698 quinque
3575 2631 3732 2684 sedes

2153 2722 2614 2788 patriarcharum,
2649 2729 2702 2773 et
2728 2735 2823 2774 eos
2868 2723 2961 2790 qui
2994 2721 3099 2776 illis
3134 2721 3437 2788 subiacent,
3488 2733 3605 2778 tum
3636 2741 3728 2794 sy-

2154 2815 2426 2872 nodorum
2461 2817 2733 2881 {eanones,
2771 2824 2885 2868 tttm
2927 2814 3086 2883 longa
3136 2816 3256 2884 ejus
3279 2819 3644 2880 consuetudo,
3677 2829 3732 2872 et

2155 2904 2271 2972 ipsa
2324 2918 2504 2958 rerum
2558 2914 2752 2957 natura
2804 2905 3063 2959 declarat.
3118 2907 3253 2960 Nam
3294 2910 3469 2964 sicubi
3509 2911 3730 2978 quidam

2154 2997 2426 3065 principes
2460 2997 2612 3050 nulla
2648 2997 2860 3051 ratione
2894 2998 3068 3063 ducti,
3116 3001 3210 3053 sed
3244 3004 3532 3071 tyranniee
3595 3019 3731 3058 cun-

2155 3097 2368 3144 ctarum
2393 3090 2559 3144 simul
2602 3091 2794 3144 harum
2841 3092 3049 3146 sedium
3091 3095 3350 3162 pastorali
3379 3097 3572 3151 nolunt
3603 3100 3733 3152 sub-

2155 3196 2278 3239 esse
2329 3181 2608 3251 regimini,
2660 3183 2926 3252 juvatque
2985 3185 3110 3239 illos
3159 3201 3188 3240 a
3221 3202 3278 3241 se
3307 3188 3440 3255 ipsis
3474 3192 3646 3258 pasci,
3681 3201 3736 3245 et

2155 3273 2258 3327 sibi
2291 3273 2414 3328 loco
2446 3275 2581 3345 legis
2613 3290 2736 3330 esse
2770 3294 2782 3328 :
2809 3286 2955 3330 certe
2983 3293 3089 3330 non
3123 3281 3458 3348 approbante
3501 3284 3604 3339 hoc
3636 3286 3736 3340 Ec-

2156 3367 2345 3432 clesia,
2397 3378 2493 3421 aut
2540 3368 2758 3423 volente
2797 3371 3165 3424 communiter
3229 3372 3278 3424 id
3339 3389 3459 3428 esse
3497 3375 3731 3438 licitum.

2157 3463 2249 3517 sed
2299 3462 2651 3516 condonante
2685 3462 2817 3516 illud
2868 3462 3133 3529 audaciae,
3175 3481 3239 3519 ue
3274 3467 3404 3535 quid
3447 3470 3604 3538 pejus
3642 3472 3738 3523 atl-

2157 3556 2428 3619 mittatur,
2478 3554 2750 3621 obtinuit;
2788 3568 2928 3622 quos
2956 3554 3119 3608 etiam
3166 3572 3311 3610 nunc
3359 3561 3736 3616 contradicere

2157 3648 2404 3701 volentes
2435 3647 2635 3700 dixerit
2665 3646 2963 3716 quispiam,
2999 3661 3106 3699 non
3156 3650 3369 3703 ratione
3401 3652 3584 3721 aliqua
3620 3657 3736 3710 sive

2158 3749 2464 3810 opportuno
2531 3740 2725 3793 timore
2775 3739 2926 3802 duci,
2980 3739 3073 3793 sed
3121 3743 3343 3809 antiqua
3392 3744 3736 3814 impudenter

2160 3831 2354 3900 agendi
2400 3833 2796 3886 consuetudine
2839 3847 2998 3886 suum
3049 3846 3270 3900 quoque
3308 3852 3453 3891 nunc
3509 3854 3615 3892 non
3647 3843 3740 3896 de-

2161 3923 2400 3979 seruisse
2433 3939 2660 3978 morem.

2230 4198 2363 4252 Cum
2407 4197 2519 4251 bmc
2551 4199 2621 4250 ita
2652 4197 2836 4265 procul
2869 4197 3035 4250 dubio
3077 4211 3134 4252 se
3174 4197 3426 4262 habeant,
3460 4213 3511 4254 et
3541 4202 3742 4257 Cbris'i

2162 4293 2378 4361 quidem
2403 4290 2641 4344 Ecclesia
2679 4291 3001 4343 sententiam
3028 4291 3188 4355 hanc,
3221 4297 3535 4348 utramlibet
3564 4297 3740 4360 dicat,

2164 4390 2450 4451 sequatur,
2505 4388 2561 4434 et
2595 4392 2848 4433 secutura
2893 4396 3108 4445 semper
3158 4384 3260 4447 sit;
3316 4384 3404 4438 ille
3429 4401 3555 4440 vero
3613 4403 3741 4455 pro-

2165 4474 2376 4527 miserit
2400 4473 2537 4534 fore,
2566 4483 2622 4525 ut
2678 4474 2792 4542 ipsa
2847 4489 3121 4541 nunquam
3179 4487 3527 4543 superetura
3591 4495 3745 4532 men-

471 4577 772 4645 κρατήσειν
825 4573 994 4641 αὑτῆς
1048 4571 1524 4638 ἐπαγγειλαμένου
1550 4605 1566 4631 ,
1602 4569 1703 4620 οὑκ
1736 4566 1848 4618 ἐσθ’
1879 4567 2050 4627 ὅπως,
2083 4590 2134 4649 D
2166 4567 2229 4618 da

1984 4582 2050 4627 ις,
2083 4590 2134 4649 D
2166 4567 2341 4630 tlacio,
2378 4565 2490 4619 ﬁeri
2528 4581 2632 4619 non
2663 4574 2864 4633 potest,
2885 4566 3012 4635 quin
3043 4567 3222 4619 inania
3247 4568 3394 4637 loqui
3426 4571 3742 4636 videamini,

473 4675 522 4722 εί
550 4673 670 4729 ταῖς
711 4666 1065 4734 ὑποσχέσεσι,
1103 4663 1304 4732 μᾶλλον
1339 4662 1394 4713 δὲ
1439 4663 1559 4722 ταῖς
1587 4659 1931 4727 εὐεργεσίαις
1954 4658 2053 4723 τὴν

473 4764 573 4830 τῆς
606 4759 864 4829 ἀληθείας
905 4756 1063 4819 δύξαν
1100 4754 1175 4822 μὴ
1205 4750 1590 4818 διαφυλάξετε,
1625 4749 1924 4818 ἡγούμενοι
1953 4747 2054 4816 τῆς

476 4854 732 4926 ἀληθείας
774 4849 1103 4918 κατισχῦσαι
1139 4848 1200 4898 τὸ
1247 4845 1465 4912 ψεῦδος,
1509 4844 1541 4911 ἢ
1579 4842 1858 4911 μενουσῶν
1909 4843 2054 4893 ὲκεί-

476 4964 585 4998 νων
625 4943 853 5011 κυρίων,
902 4937 1047 4992 τοῦτ’
1072 4939 1226 4989 αὐτοὶ
1271 4934 1606 5002 νομίζοντες,
1640 4933 1698 4984 οὑ
1744 4930 1973 5000 μάταιόν
2004 4947 2056 4981 τι

475 5040 657 5103 δόξετε
688 5037 890 5103 λέγειν.
936 5031 1004 5083 Ἣ
1040 5034 1148 5100 γὰρ
1204 5030 1419 5096 ἀνάγκη
1484 5029 1574 5079 τὸν
1636 5028 1733 5094 τῆς
1799 5023 2057 5094 ἀληθείας

478 5132 635 5198 λόγον
689 5127 1011 5186 διαπεσεῖν,
1048 5125 1148 5193 τῆς
1193 5119 1526 5187 Ἐκκλησίας
1584 5118 1923 5186 ὑπαχθείσης
1977 5113 2055 5183 τῷ

479 5225 688 5296 ψεύδει,
730 5224 761 5293 ἣ
798 5220 1089 5289 παρελθεῖν
1119 5220 1322 5269 ἐκεῖνον
1351 5217 1410 5267 οὔ
1444 5214 1672 5266 δυνατὸν
1697 5211 1777 5275 ὃν,
1803 5213 1896 5261 καὶ
1930 5210 2059 5260 ταύ-

482 5337 582 5390 την
626 5319 727 5382 τῆς
763 5316 873 5368 τῶν
911 5312 1177 5382 χειρόνων
1211 5309 1451 5376 ὑποψίας
1499 5307 1779 5364 παντελῶς
1814 5304 2058 5373 ἀπηλλα-

483 5413 630 5484 χθαι.
678 5411 740 5463 Εἰ
773 5407 956 5462 τοίνυν
987 5407 1164 5457 ἐκεῖνο
1206 5402 1550 5471 βλασφημία.
1604 5399 1803 5466 μᾶλλον
1853 5398 1907 5447 δὲ
1964 5415 2064 5465 μα-

483 5509 570 5560 νία
604 5508 804 5573 σαφὴς,
835 5501 980 5554 τοῦτ’
1013 5500 1078 5553 ἂν
1103 5498 1316 5550 αίνετὺν
1351 5497 1438 5562 εἴη
1473 5495 1567 5544 καὶ
1614 5494 1836 5551 πισταῖς
1871 5493 2064 5552 ἀκοαῖς

483 5603 577 5652 καὶ
608 5597 855 5666 γνώμαις
887 5593 1310 5662 εὑπρόςδεκτον.
1345 5589 1540 5640 Καίτοι
1589 5587 1699 5638 τῶν
1738 5585 1900 5637 θείων
1935 5585 2063 5636 ἄνευ

485 5688 751 5760 χρησμῶν
796 5685 1016 5752 καὶτῆς
1047 5683 1106 5745 ἐξ
1162 5681 1343 5733 αὑτῶν
1395 5677 1732 5744 ἀσφαλείας,
1791 5675 1897 5727 οὐδ’
1934 5676 2064 5735 ὅλως

487 5782 652 5852 ὲχρῆν
681 5777 1045 5849 ἁμφιῦἀλλειν
1097 5773 1314 5840 ἀπλανῆ
1367 5775 1528 5839 μέχρι
1573 5769 1769 5829 παντὸς
1807 5768 1903 5833 τὴν
1950 5765 2068 5816 Ἑκ-

490 5875 722 5944 κλησίαν
763 5870 898 5925 Θεοῦ
954 5864 1388 5938 τηρηθήσεσθαι,
1450 5865 1542 5916 καὶ
1599 5865 1654 5913 τὸ
1703 5861 1797 5927 τῆς
1853 5860 2069 5926 enim;

2163 4659 2206 4712 si
2241 4659 2323 4711 vel
2353 4658 2661 4726 promissis.
2705 4657 2815 4713 imo
2847 4675 2976 4711 vero
3009 4659 3224 4713 collatis
3270 4661 3548 4715 beneﬂciis
3591 4666 3735 4716 veri-

2164 4749 2290 4801 tatis
2313 4748 2419 4801 vim
2455 4748 2715 4817 opinione
2740 4760 2918 4803 vestra
2970 4750 3271 4816 deuegetis,
3306 4762 3665 4819 expugnatam
3715 4776 3738 4803 ει

2162 4840 2448 4894 mendacio
2497 4840 2776 4893 veritatem
2851 4841 3250 4904 existimantes,
3313 4850 3405 4896 aut
3447 4844 3580 4896 ratis
3638 4844 3744 4896 illis

2163 4931 2513 4984 manentibus
2538 4932 2640 4984 hoc
2667 4931 2779 4997 jam
2824 4933 3081 4985 evenisse
3112 4933 3338 4998 putetis.
3393 4933 3626 4987 Necesse
3660 4949 3742 4988 est

2162 5025 2308 5078 enim
2343 5033 2437 5076 aut
2460 5023 2632 5078 falsus
2658 5023 2928 5078 exstiterit
2958 5025 3206 5078 veritatis
3254 5041 3457 5088 sermo,
3498 5025 3738 5080 Ecclesia

2165 5134 2261 5188 per
2286 5118 2630 5172 mendacium
2663 5119 2910 5180 seducta,
2944 5126 3038 5170 aut
3062 5118 3106 5171 si
3145 5118 3258 5170 lieri
3294 5135 3401 5172 non
3444 5129 3620 5187 potest
3683 5132 3740 5172 ut

2165 5205 2218 5265 is.
2245 5218 2557 5269 evanescat,
2590 5209 2677 5261 illa
2709 5224 2929 5276 quoque
2956 5209 3125 5261 libera
3148 5208 3373 5261 omnino
3401 5209 3472 5263 sit
3493 5210 3561 5263 ab
3595 5226 3742 5262 omni

2166 5303 2432 5357 malorum
2494 5301 2832 5368 suspiciosae.
2892 5300 2947 5351 Si
2999 5314 3129 5368 ergo
3192 5300 3321 5353 illud
3381 5301 3741 5370 blasphenra,

2168 5411 2262 5450 seu
2303 5395 2480 5462 potius
2514 5403 2698 5462 aperta
2747 5401 2831 5445 est
2871 5393 3104 5455 insania,
3168 5403 3336 5446 restat
3389 5394 3493 5446 hoc
3551 5409 3744 5463 appro-

2169 5488 2428 5548 bandum,
2461 5487 2674 5553 piisque
2724 5485 2951 5538 auribus
2999 5498 3160 5553 atque
3201 5485 3399 5537 animis
3434 5488 3742 5552 suscipien-

2169 5580 2316 5632 dum.
2381 5579 2700 5645 Quanquam
2754 5579 2980 5630 omissis
3021 5580 3181 5630 etiam
3225 5577 3426 5630 divinis
3487 5577 3749 5641 oraculs,

2170 5681 2215 5723 et
2256 5672 2607 5737 provenieute
2669 5686 2733 5722 ex
2797 5671 2904 5722 illis
2943 5669 3296 5732 certitutliue,
3332 5669 3475 5720 nulla
3546 5670 3756 5720 ralione

2172 5762 2532 5813 dubitandum
2559 5771 2726 5820 esset,
2754 5761 2886 5828 quin
2930 5759 3020 5812 Dei
3052 5759 3289 5812 Ecclesia
3350 5760 3420 5813 sit
3473 5760 3526 5812 in
3561 5773 3754 5827 perpe-

2176 5867 2327 5907 tuum
2403 5856 2521 5907 siue
2590 5855 2698 5906 ullo
2758 5867 2943 5905 errore
3002 5853 3289 5906 scrvanJa.
3325 5863 3374 5905 et
3416 5851 3756 5917 tiCt‘l‘PlelllS
