4452 6450
734 359 839 423 467

1831 359 2212 422 GENNADII
2258 363 2370 423 CP.
2409 364 2923 424 PATRIARCHE

3878 364 3984 429 458

732 478 886 531 simis
916 476 1126 530 traduci
1162 476 1487 539 rationibus,
1558 493 1720 547 quam
1765 478 1938 534 Graaci
1994 478 2308 532 lioininibtis
2340 480 2386 537 Α
2411 479 2490 547 τῆ.

2227 492 2308 532 ius
2340 480 2386 537 Δ
2411 479 2512 547 τῆς
2573 481 2727 548 ὑμῶν
2767 483 2954 550 φωνῆς
2988 483 3302 548 ὲπαῖοντας,
3350 483 3442 535 καὶ
3481 485 3594 544 τοῖς
3637 483 3985 553 ἀντιρρήτοις

732 567 884 623 bisce
917 567 1217 636 peregrinae
1238 567 1433 636 lingua:
1459 583 1523 621 ac
1555 568 1783 624 rudibus
1809 569 1873 622 ad
1906 567 2305 637 percipiendam

730 661 1005 714 rationum
1035 667 1089 711 et
1131 674 1393 712 sensuum
1429 659 1854 726 profunditatem
1891 669 2055 726 atque
2101 658 2308 728 magni-

730 751 973 804 tudinem
1001 750 1159 816 plane
1185 751 1542 818 ineptissiinis
1563 769 1576 816 ;
1601 767 1704 804 non
1740 752 1921 804 minus
1949 759 2119 811 certe.
2143 763 2306 818 quam

727 843 799 896 sit
856 842 922 894 ad
998 841 1283 895 volantium
1344 851 1616 896 structura
1673 857 1979 910 corporum.
2044 841 2124 897 Ad
2195 841 2309 895 litec

727 935 901 990 Graeci
935 935 1155 1003 quidem
1191 950 1351 988 unam
1380 945 1473 989 aut
1510 936 1647 989 duas
1697 951 1763 989 ex
1801 935 1952 990 hisce
1992 934 2308 989 nationibus

713 1025 833 1084 'iion
869 1028 987 1080 sine
1014 1027 1289 1097 laeryuiis,
1333 1039 1386 1081 et
1422 1043 1628 1097 magna:
1684 1028 2016 1082 infelicitatis
2052 1028 2308 1095 opinione

725 1119 1076 1186 dimiserunt,
1140 1121 1285 1190 quod
1343 1137 1528 1190 paucae
1591 1129 1930 1184 remaneant,
1975 1121 2304 1189 quibuscum

726 1227 833 1265 una
863 1227 990 1279 pace
1025 1214 1317 1266 fruantur:
1358 1228 1457 1267 vos
1507 1221 1711 1277 autem,
1754 1212 1797 1265 si
1856 1227 1961 1279 qua
1998 1221 2304 1265 vestrarum

725 1307 967 1372 gentium
993 1305 1280 1358 divellatur
1307 1306 1530 1358 omnino
1563 1321 1590 1358 a
1645 1305 1821 1365 vobis,
1884 1314 1937 1357 et
1981 1305 2168 1358 inorbo
2214 1320 2307 1372 op-

725 1398 886 1462 primi
919 1397 1161 1452 videatur
1193 1398 1507 1460 insanabili,
1528 1413 1669 1466 aegre
1687 1395 1907 1466 quidem
1934 1396 2121 1450 feretis
2142 1395 2308 1449 amis-

723 1489 932 1543 sionem
987 1499 1039 1544 et
1072 1505 1312 1544 errorem
1357 1490 1598 1551 illorum,
1646 1504 1674 1540 a
1735 1501 1842 1554 quo
1883 1489 2150 1541 neminem
2190 1486 2305 1554 capi

726 1581 878 1633 vobis
902 1581 1054 1634 estin
1077 1581 1299 1648 oplalis,
1333 1580 1425 1633 sed
1456 1581 1660 1633 nullam
1691 1594 1785 1632 vos
1847 1579 1952 1647 pati
2013 1578 2307 1633 censebitis

725 1675 1025 1727 amicorum
1052 1683 1105 1726 et
1158 1673 1402 1725 afliniuin
1458 1673 1771 1732 orbitatem,
1825 1687 1947 1723 cum
1984 1670 2147 1723 futuri
2199 1671 2307 1723 sint

725 1769 881 1821 vobis
931 1768 1105 1831 illiilli,
1141 1776 1194 1819 et
1227 1767 1422 1835 quovis
1473 1779 1700 1818 numero
1729 1764 2147 1832 frequentiores.
2211 1761 2304 1830 qui

724 1869 1010 1928 promptos
1041 1860 1106 1914 ad
1141 1859 1506 1914 obediendum
1554 1858 1848 1912 exhibeant
1884 1856 2118 1918 animos.
2163 1855 2305 1909 sicut

723 1953 815 2007 alii
857 1952 1227 2019 refractarios,
1288 1954 1597 2021 quibusque
1654 1953 1820 2004 sociis
1872 1947 2100 2002 utamini
2155 1947 2304 2016 pacis

722 2043 1022 2099 conciliata:
1092 2058 1214 2097 cum
1277 2043 1502 2097 Cra-cis.
1537 2041 1724 2109 Neque
1781 2042 1925 2094 enim
1974 2039 2079 2093 dici
2127 2046 2304 2105 potest

719 2133 861 2198 fore,
903 2145 1170 2188 utomnes
1197 2148 1292 2188 seu
1315 2132 1498 2202 plures
1523 2132 1573 2184 in
1617 2145 1775 2185 suum
1804 2136 1976 2197 caput
2028 2140 2179 2180 arma
2211 2140 2303 2179 ca-

719 2228 894 2298 piant,
926 2238 978 2282 et
1013 2242 1131 2286 sese
1154 2225 1518 2280 transfodiam
1558 2224 1753 2294 gladio.

790 2489 867 2544 Ita
899 2490 1034 2544 lianc
1066 2505 1284 2560 quoque
1317 2491 1725 2558 suspicionem,
1767 2506 1884 2559 qua:
1920 2506 2024 2544 non
2060 2499 2304 2544 contem-

720 2582 898 2636 nenda
929 2583 1215 2636 ridi-batur
1240 2625 1252 2646 ,
1291 2583 1495 2636 nullius
1528 2597 1648 2634 esse
1683 2580 1970 2643 momenti,
2007 2593 2108 2632 nec
2140 2592 2303 2646 posse

720 2685 970 2728 naturain
1027 2675 1147 2743 ejus
1202 2687 1458 2728 accurate
1512 2673 1930 2728 considerantes
1965 2672 2234 2726 abducere
2270 2685 2300 2724 a

716 2777 865 2820 recto
899 2767 1202 2834 pr0posito.
1233 2775 1286 2820 ct
1327 2766 1504 2818 oratio
1533 2765 1643 2834 jam
1673 2763 1937 2827 ostendit,
1970 2771 2024 2814 et
2062 2777 2157 2815 vos
2189 2776 2300 2814 me-

716 2861 822 2912 lius
870 2860 1236 2927 perspicietis,
1294 2860 1535 2909 animum
1600 2865 1806 2908 attente
1862 2853 1926 2907 ad
1973 2853 2117 2905 illam
2155 2852 2299 2921 adji-

714 2952 938 3003 cientes.
983 2951 1242 3005 Desinant
1273 2965 1401 3019 ergo
1437 2950 1528 3014 qui
1568 2948 1730 3001 nobis
1760 2949 1913 3015 quasi
1951 2944 2300 3003 terriculuui.

713 3038 1077 3094 defectionem
1142 3040 1509 3109 quorumdam
1582 3038 1874 3106 objiciunt,
1914 3045 1967 3089 et
2006 3049 2298 3104 pravorum

713 3135 939 3192 insuper
997 3132 1345 3186 insolentiam
1381 3131 1779 3197 audaciamque
1828 3128 2015 3181 forent
2049 3143 2062 3180 :
2098 3128 2298 3181 frustra

717 3226 830 3278 llaec
864 3225 982 3294 pios
1026 3233 1079 3278 et
1133 3239 1312 3277 rerum
1349 3226 1701 3276 honestarum
1763 3223 2043 3277 Studiosos
2079 3233 2300 3290 optasse

717 3317 1071 3380 afﬁrmantes,
1119 3332 1328 3385 nosque
1367 3320 1554 3370 nescio
1611 3330 1719 3383 quo
1757 3332 1861 3369 non
1912 3315 2199 3369 inertiores
2234 3329 2299 3368 ac

713 3412 945 3464 leviores
985 3410 1274 3471 redituros,
1323 3426 1390 3464 ne
1444 3410 1548 3461 alia
1599 3409 1797 3476 probra
1840 3407 2040 3470 dicam,
2097 3407 2297 3474 quibus

709 3508 834 3572 jure
887 3503 1112 3557 obnoxii
1161 3502 1337 3555 eritis.
1385 3501 1542 3555 Prius
1590 3502 1733 3553 enim
1768 3500 2054 3568 oportebat
2088 3499 2298 3567 c03ita-

715 3602 888 3652 tiones
912 3600 1044 3652 istas
1072 3596 1348 3666 explicare
1377 3645 1391 3667 ,
1429 3594 1510 3648 vel
1543 3593 1986 3647 terriculamenta
2020 3593 2200 3661 potius
2231 3592 2296 3644 ad

715 3689 1091 3744 incutiendum
1161 3690 1414 3742 timorem
1471 3686 1713 3755 objicere
1771 3694 1831 3738 ut
1894 3685 2009 3738 suis
2078 3685 2299 3752 utrique

715 3785 918 3838 Vellent
964 3798 1184 3837 manere
1236 3783 1290 3835 in
1336 3782 1582 3835 finibus:
1627 3796 1728 3835 nec
1765 3787 1988 3833 modum
2026 3779 2177 3848 pacis
2205 3793 2299 3844 ag-

713 3879 1076 3944 grederentur
1105 3915 1120 3939 ,
1163 3887 1422 3943 tanquam
1482 3882 1702 3943 propter
1737 3874 1852 3926 lucc
1886 3873 1998 3942 ipsa
2028 3870 2295 3932 inutilem,

712 3986 776 4024 ac
813 3971 972 4024 talem
1012 3981 1073 4023 ut
1103 3969 1218 4021 fieri
1271 3968 1416 4021 nulla
1470 3968 1686 4020 ratione
1722 3968 1934 4032 possit:
1974 3981 2081 4019 non
2119 3964 2295 4018 tnod’s

711 4063 966 4115 omnibus
1000 4071 1130 4114 tunc
1165 4060 1230 4113 ad
1263 4075 1448 4129 pacem
1478 4058 1780 4124 adhortari,
1807 4058 1938 4125 quid
1971 4072 2078 4111 non
2108 4058 2294 4110 dicen-

712 4157 802 4216 do,
859 4157 986 4224 quid
1052 4171 1159 4208 non
1218 4154 1450 4224 agendo,
1515 4153 1659 4221 quod
1737 4167 1955 4204 movere
1998 4159 2183 4219 posset
2227 4149 2294 4203 ad

714 4249 952 4316 pacem?
1000 4258 1053 4301 et
1108 4262 1218 4315 quo
1269 4262 1374 4299 non
1431 4246 1573 4298 illam
1611 4246 1907 4299 faciliorem
1961 4245 2293 4306 assereiido,

708 4344 791 4394 γει
831 4346 945 4408 ipso
979 4357 1086 4392 uno
1117 4355 1417 4408 congressu
1446 4338 1685 4391 futuram
1719 4339 2109 4399 assert-rando,
2149 4352 2296 4390 nunc

708 4450 837 4489 vero
891 4432 1235 4487 dillicultates
1292 4445 1745 4490 commemonire.
1811 4441 1863 4482 et
1910 4432 2135 4482 timores
2167 4429 2294 4496 inji-

2411 570 2522 623 τῶν
2565 571 2738 639 λόγων
2793 573 3076 627 πείθεσθαι
3123 575 3484 643 δυναμένους,
3525 576 3556 645 ἢ
3595 575 3820 645 Γραικοὶ
3858 577 3986 639 τοὺς

2412 662 2738 734 ἀλλοθρόους
2777 665 3005 728 τούτους
3067 668 3160 719 καὶ
3191 666 3572 732 ἀπαιδεύτους,
3604 667 3699 719 καὶ
3731 663 3813 729 οἷς
3849 667 3987 735 πρὸς

2409 751 2585 818 λόγων
2646 756 2743 807 καὶ
2812 756 3101 823 νοημάτων
3174 755 3306 824 ὕψος
3364 757 3457 809 καὶ
3516 756 3746 826 μέγεθος
3807 759 3984 810 πάντα

2413 843 2606 909 ἀπλῶς
2657 848 3041 915 ἀποπέφυκεν,
3096 849 3254 902 οὐδὲν
3303 845 3465 920 ἦττον
3523 850 3557 918 ἢ
3596 850 3730 918 πρὸς
3781 848 3881 917 τὴν
3918 849 3985 901 δι’

2411 939 2572 1007 ἀέρος
2626 943 2827 1006 πτῆσιν
2877 943 2908 1012 ἡ
2961 943 3069 995 τῶν
3104 945 3375 1014 σωμάτων
3408 945 3749 1006 κατασκευή·
3780 945 3872 996 καὶ
3905 945 3986 996 ὅτι

2416 1030 2650 1098 Γραικοὶ
2703 1035 2804 1101 μὲν
2859 1036 2917 1090 ἓν
2951 1037 2981 1105 ῆ
3017 1035 3110 1088 δύο
3138 1037 3249 1089 τῶν
3288 1034 3547 1090 τοιούτων
3581 1035 3752 1089 ἐθνῶν
3789 1035 3889 1087 οὑκ
3922 1034 3987 1085 ἂν

2411 1128 2683 1194 ἀδακρυτὶ
2733 1129 3010 1192 πρόοιντο,
3047 1131 3141 1182 καὶ
3173 1130 3346 1200 χωρὶς
3371 1127 3467 1182 τοῦ
3497 1129 3677 1183 δοκεῖν
3718 1126 3985 1194 ἠτυχηκέ-

2411 1240 2498 1275 ναι
2549 1222 2617 1274 τά
2676 1222 2930 1291 μέγιστα,
2965 1221 3163 1289 ὀλίγων
3197 1224 3366 1275 όντων
3395 1223 3504 1276 τῶν
3542 1222 3855 1275 ὑπολοίπων
3892 1217 3986 1269 καὶ

2409 1307 2491 1377 οἷς
2529 1314 2630 1382 τῆς
2669 1314 2896 1385 εἰρήνης
2931 1315 3442 1368 συναπολαύσονται
3467 1331 3480 1346 ⁸
3519 1315 3674 1383 ὑμεῖς
3705 1311 3751 1364 δ’
3786 1310 3986 1364 ὁπόταν

2409 1423 2462 1458 τι
2515 1408 2607 1459 καὶ
2660 1407 2921 1473 καθάπαξ
2978 1407 3271 1477 ἀπορραγῇ
3309 1407 3421 1461 τῶν
3469 1406 3756 1475 ὑμετέρων
3790 1403 3983 1465 ὶθνῶν,

2411 1499 2502 1551 καὶ
2533 1497 2656 1568 δόξῃ
2701 1498 2996 1569 νενοσηκὸς
3052 1499 3428 1567 ἀθεράπευτα,
3462 1497 3744 1566 δυσχερῶς
3781 1494 3880 1562 μὲν
3903 1492 3985 1546 οῖ-

2414 1605 2537 1640 σετε
2581 1589 2681 1658 τὴν
2713 1589 2989 1642 ἔκπτωσιν
3036 1591 3218 1644 αὑτῶν
3267 1589 3362 1642 καὶ
3390 1590 3490 1656 τὴν
3537 1588 3767 1653 πλάνην·
3794 1586 3861 1656 ἢν
3891 1584 3984 1636 οὑ-

2407 1679 2533 1730 δένα
2580 1679 2701 1732 τινὰ
2756 1680 2950 1732 παθεῖν
3000 1681 3109 1733 τῶν
3165 1681 3424 1734 ἀπάντων
3475 1679 3642 1748 εὐχῆς
3694 1677 3857 1746 ἔργον
3908 1676 3985 1727 τί-

2410 1766 2589 1819 θεσθε·
2636 1771 2735 1837 τὴν
2783 1769 2837 1822 δὲ
2879 1770 2987 1821 τῶν
3039 1770 3210 1837 φίλων
3245 1787 3301 1822 τε
3349 1770 3445 1822 καὶ
3480 1768 3722 1836 γνησίων
3750 1765 3984 1836 ἐρημίαν

2339 1835 2376 1888 Β
2406 1858 2658 1926 οὐδαμῶς
2692 1835 3077 1926 ὑπολογεῖσθεὴ,
3133 1860 3348 1912 πολλῶν
3398 1835 3674 1927 ἐσομένων
3727 1835 3856 1924 ὑμῖν
3887 1855 3984 1909 καὶ

2409 1952 2612 2014 παντὸς
2671 1951 2908 2021 ἀριθμοῦ
2978 1953 3345 2023 κρειττόνων,
3386 1952 3436 2005 οἳ
3487 1952 3584 2020 τὴν
3643 1949 3977 2008 εὐπείθειαν,

2407 2043 2664 2110 καθάπερ
2692 2043 2842 2097 ἄλλοι
2882 2044 2981 2113 τὴν
3013 2045 3325 2116 παρακοὴν,
3360 2043 3741 2109 ἐπιδείξονται,
3780 2043 3875 2094 καὶ
3899 2034 3981 2104 οἷς

2405 2136 2505 2204 τῆς
2562 2136 2698 2204 πρὸς
2757 2137 3027 2206 Γραικοὺς
3082 2139 3309 2205 εἰρήνης
3358 2135 3630 2206 χρήσεσθε
3676 2133 3977 2193 κοινωνοῖς.

2405 2224 2481 2277 Οὐ
2514 2225 2624 2294 γὰρ
2677 2225 2740 2296 δὴ
2800 2227 3006 2289 πάντας
3067 2227 3099 2296 ἢ
3155 2228 3280 2290 τοὺς
3336 2227 3626 2288 πλείστους
3689 2223 3830 2276 κατὰ
3882 2222 3981 2290 τῆς

2408 2315 2560 2384 σφῶν
2595 2315 2919 2371 ὁπλίσεσθαι
2953 2319 3224 2387 κεφαλῆς,
3282 2320 3376 2372 καὶ
3417 2317 3539 2372 καθ’
3595 2316 3805 2370 ἑαυτῶν
3840 2314 3981 2383 ὠθή-

2406 2427 2520 2461 σειν
2551 2409 2610 2462 τὸ
2656 2407 2803 2478 ξίφος
2835 2410 2982 2464 ἐστιν
3011 2413 3206 2465 εἰπεῖν.

2481 2503 2637 2556 Οὕτω
2667 2504 2762 2556 καὶ
2789 2503 2947 2556 τοῦτο
2991 2503 3224 2566 τδδέος,
3261 2505 3439 2558 καίτοι
3468 2506 3575 2559 τῶν
3607 2507 3669 2560 ού
3709 2506 3981 2574 τυχόντων

2404 2595 2497 2647 καὶ
2565 2590 2707 2646 εἶναι
2754 2594 2967 2658 δοκοῦν,
3022 2594 3226 2663 φαῦλόν
3286 2614 3341 2648 τι
3406 2597 3501 2650 καὶ
3554 2598 3626 2665 μὴ
3684 2597 3982 2664 δυνάμενον

2404 2687 2644 2752 ἁπάγειν
2679 2689 2786 2739 τῶν
2834 2689 3218 2757 προκειμένων
3275 2689 3456 2751 καλῶς
3508 2690 3634 2750 τοὺς
3695 2688 3861 2741 αὑτοῦ
3913 2689 3980 2757 τῇ

2405 2779 2568 2844 φύσει
2611 2778 3019 2848 προσέχοντας,
3071 2779 3098 2832 ὃ
3152 2795 3210 2832 τε
3273 2779 3429 2846 λόγος
3471 2779 3673 2844 ἔδειξεν
3709 2780 3832 2848 ήδη.
3888 2780 3983 2831 καὶ

2405 2871 2562 2937 ὑμεῖς
2615 2873 2842 2938 ἄμεινον
2880 2873 3076 2938 ὄψεσθε
3105 2913 3119 2936 ,
3156 2874 3247 2924 τὸν
3302 2872 3566 2941 λογισμὸν
3613 2872 3763 2940 αὑτῷ
3803 2872 3982 2934 καλῶς

2402 2963 2820 3030 ἐπιστήσαντες.
2888 2962 3227 3016 Παυσάσθων
3295 2963 3480 3014 τοίνυν
3550 2965 3598 3015 οἱ
3668 2962 3766 3029 τὴν
3825 2964 3983 3016 ὲνίων

2401 3051 2745 3104 ἀποστασίαν
2768 3055 2901 3121 ἡμῖν
2933 3054 3291 3116 ἐπισείοντες,
3321 3055 3419 3107 καὶ
3449 3054 3549 3122 τὴν
3579 3055 3688 3106 τῶν
3722 3053 3981 3121 πονηρῶν

2404 3145 2728 3209 ἀλαζονείαν
2791 3146 2885 3198 καὶ
2949 3146 3156 3215 τόλμην
3210 3146 3798 3215 προσθεραπεύοντες,
3856 3148 3982 3207 τοὺς

2403 3239 2758 3306 εὑγνώμονάς
2790 3255 2849 3290 τε
2887 3239 2981 3291 καὶ
3014 3239 3123 3291 τῶν
3160 3239 3340 3293 καλῶν
3394 3238 3631 3307 ἐραστὰς
3681 3241 3863 3306 μάτην
3895 3238 3984 3290 εὑ-

2403 3331 2671 3398 ξαμένους
2732 3330 2868 3383 αύτά
2921 3330 3188 3399 περιιδεῖν
3223 3329 3527 3395 ἀξιοῦντες,
3566 3333 3662 3382 καὶ
3701 3330 3845 3398 ἡμᾶς
3881 3328 3981 3380 οὑκ

2402 3423 2518 3478 οἶδα
2554 3429 2700 3487 τίνος
2728 3427 2826 3478 οὑκ
2855 3425 3197 3495 ἁργοτέρους
3223 3427 3318 3477 καὶ
3350 3425 3722 3493 κουφοτέρους
3750 3423 3980 3475 ἐπανελ-

2402 3521 2535 3583 θεῖν,
2574 3522 2658 3574 ῖνα
2713 3522 2879 3589 μηδὲν
2918 3520 3061 3584 λέγω
3113 3520 3223 3571 τῶν
3276 3518 3455 3572 ἄλλων
3503 3517 3745 3582 ὀνειδῶν,
3779 3510 3862 3578 οἷς
3901 3516 3982 3568 δι-

2400 3611 2572 3672 καίως
2624 3609 2897 3673 ένὲξεσθε.
2950 3608 3188 3671 Τούτους
3244 3609 3352 3676 γὰρ
3401 3609 3507 3660 ἔδει
3544 3610 3812 3678 πρότερον
3844 3610 3980 3662 ὑπο·-

2401 3701 2621 3755 651st
2675 3701 2801 3764 τοὺς
2855 3702 3173 3768 λογισμοὺς,
3215 3700 3416 3769 μᾶλλον
3447 3700 3504 3751 δὲ
3540 3703 3651 3761 τοῖς
3687 3701 3976 3770 μορμολυ-

2401 3796 2569 3857 κείοις
2601 3794 2814 3856 τούτοις
2872 3793 3232 3855 δεδίττεσθαι,
3287 3791 3381 3844 καὶ
3429 3792 3636 3844 πείθειν
3685 3793 3980 3863 ἑκατέρους

2400 3881 2594 3951 ἔφ’ῶν
2630 3884 2773 3954 εἶχον
2817 3886 3102 3952 μένοντας,
3157 3885 3232 3948 ὡς
3293 3884 3600 3953 ἀσυμφόρῳ
3657 3884 3744 3937 διὰ
3801 3885 3978 3938 ταῦτα

2402 3982 2496 4032 καὶ
2527 3980 2780 4047 ἀδυνάτῳ
2806 3977 2882 4046 τῷ
2937 3977 3038 4046 τῆς
3075 3978 3304 4047 εἰρήνης
3348 3977 3535 4046 τρόπῳ
3574 3978 3649 4046 μὴ
3685 3979 3974 4045 ἐγχειρεῖν·

2399 4071 2458 4124 οὐ
2504 4070 2628 4122 τότε
2663 4069 2796 4120 πᾶσι
2827 4065 3057 4134 τρόποις
3089 4065 3181 4118 ἐπὶ
3214 4066 3310 4134 τὴν
3335 4066 3559 4134 εἰρήνην
3595 4063 3978 4132 παρακαλοῦν-

2399 4179 2517 4223 τας.
2558 4161 2650 4213 καὶ
2689 4159 2741 4212 τί
2797 4159 2897 4226 μὲν
2944 4159 3005 4209 οὑ
3063 4156 3341 4224 λέγοντας,
3373 4157 3424 4209 τί
3476 4156 3520 4208 δ’
3575 4156 3635 4207 ού
3688 4156 3976 4218 ποιοῦντας

2398 4255 2506 4306 τῶν
2556 4253 2874 4320 δυναμένων
2908 4251 3114 4313 κινεῖν;
3164 4249 3307 4311 τίνος
3359 4248 3404 4300 δ’
3441 4248 3501 4300 οὑ
3552 4247 3757 4317 ῥᾴστην
3809 4247 3978 4316 αὐτὴν

2398 4345 2881 4413 ἀποφηναμένους,
2935 4342 3028 4394 καὶ
3082 4340 3158 4408 τῷ
3213 4339 3488 4393 συνελθεῖν
3525 4339 3688 4409 μόνον
3729 4339 3977 4407 ἀλλήλοις

2399 4435 2877 4504 ἀκολουθήσουσαν
2907 4452 2920 4498 ;
2955 4431 3051 4485 νῦν
3103 4431 3384 4501 δυσχερῶν
3446 4449 3609 4483 τινων
3665 4430 3975 4500 μεμνῆσθαι

709 4541 864 4579 (ξυιυς
904 4526 953 4578 ἰη
991 4524 1073 4578 liis
1106 4524 1250 4576 enim
1309 4523 1408 4576 etsi
1443 4521 1637 4574 lict-bat
1670 4521 1843 4579 initio,
1869 4530 1922 4571 at
1968 4535 2111 4571 nunc
2146 4529 2292 4572 certe
2328 4537 2369 4591 ι)
2401 4547 2467 4582 κα

2217 4529 2292 4571 I'le
2328 4537 2369 4591 ι)
2401 4532 2494 4582 καὶ
2527 4529 2728 4596 φόϐους
2758 4523 3234 4578 ἐπανατείνεσθαι.
3282 4522 3500 4576 Τούτων
3530 4523 3640 4592 γὰρ
3671 4525 3718 4575 εί
3750 4523 3845 4575 καὶ
3878 4523 3975 4592 τὴν

707 4634 815 4670 ιιοιι
849 4619 971 4669 licet
1004 4631 1163 4669 curas
1199 4615 1357 4680 deligi
1389 4614 1455 4668 ab
1483 4617 1572 4675 iis,
1603 4614 1696 4682 qui
1730 4613 1782 4664 iii
1815 4613 1928 4678 ipsa
1957 4611 2294 4664 devenerunt

708 4711 900 4779 περιισιὶ
942 4721 1208 4781 tempora.
1259 4708 1394 4762 Cum
1450 4723 1582 4760 vero
1619 4721 1686 4759 ne
1719 4714 1848 4758 tunc
1883 4706 2102 4772 quidem
2140 4704 2294 4757 lialii-

707 4820 826 4857 tura
869 4807 1048 4857 locum
1086 4812 1281 4856 essent
1329 4800 1644 4869 liujusmodi
1692 4800 2083 4866 impedimenta
2126 4812 2292 4865 penes

708 4896 986 4955 homines,
1029 4894 1120 4962 qui
1166 4892 1325 4945 bonis
1360 4893 1438 4944 uti
1480 4899 1683 4943 norunt
1713 4889 2000 4950 consiliis,
2051 4891 2175 4956 quis
2202 4888 2293 4940 det

703 5005 827 5044 esse
882 4989 1048 5055 liiijus
1121 4986 1384 5055 temporis
1447 4999 1607 5054 agere
1642 4983 1710 5036 de
1742 4982 1894 5036 bisce
1936 4983 2141 5035 rebus?
2175 4980 2289 5045 Qua

703 5096 867 5149 porro
896 5080 1111 5134 ratione
1147 5079 1260 5141 liat,
1299 5088 1357 5131 ut
1389 5080 1480 5146 qui
1510 5091 1653 5130 nunc
1690 5076 1814 5130 talia
1854 5076 2064 5138 dicunt,
2103 5090 2293 5127 neces-

705 5172 850 5223 sario
906 5185 1024 5224 sese
1061 5185 1172 5238 pra:
1221 5171 1429 5237 pudore
1478 5182 1585 5220 non
1649 5175 1989 5234 conlegam:
2026 5177 2079 5217 et
2110 5166 2201 5233 qui
2235 5166 2286 5216 in

704 5279 825 5316 eam
880 5262 1227 5314 adducentur
1287 5261 1640 5323 sententiam,
1699 5260 1844 5328 quod
1883 5261 2021 5312 lli-us
2057 5269 2285 5317 avertat,

708 5370 896 5424 postea
935 5372 1045 5424 pra:
1075 5356 1272 5408 rubore
1306 5370 1412 5405 non
1447 5369 1505 5406 se
1533 5355 1852 5420 couperiant
1884 5351 1904 5402 ?
1934 5367 2110 5417 neque
2142 5351 2287 5401 enim

706 5459 789 5501 usi.
814 5449 987 5515 eulpzc
1026 5447 1271 5516 ejusdem
1327 5455 1419 5498 aut
1475 5446 1687 5500 consilii
1718 5445 2061 5505 auctoribus,
2093 5452 2187 5494 aut
2215 5443 2287 5493 illi

706 5542 1157 5604 assentientibus,
1208 5540 1335 5593 dniii
1376 5541 1440 5592 de
1472 5540 1634 5591 tantis
1671 5537 1832 5593 rebus
1871 5537 2047 5589 adhuc
2082 5536 2288 5588 delibe~

706 5643 908 5699 raient,
943 5642 1086 5686 metu
1125 5632 1356 5686 rationis
1388 5643 1610 5701 experte
1645 5633 1928 5699 percnlsos
1949 5645 2055 5683 non
2083 5629 2289 5697 perspi-

704 5741 824 5777 ("ire
887 5727 1019 5793 quid
1081 5725 1307 5779 honeste
1372 5737 1425 5776 et
1491 5726 1697 5778 ulililtt‘
1727 5735 1876 5776 esset
1911 5722 2204 5790 agendum,
2237 5732 2288 5774 et

705 5820 989 5883 gaudium,
1056 5821 1143 5874 tibi
1210 5835 1320 5871 rem
1371 5831 1493 5872 sunt
1553 5821 1839 5887 aggressi,
1902 5817 2284 5889 iet-tinguere.

2397 4622 2572 4692 ἀρχὴν
2605 4621 2774 4685 ἐξῆν,
2812 4619 2928 4676 ἀλλ’
2961 4619 3060 4670 οὐκ
3116 4618 3173 4668 ὲν
3231 4615 3310 4685 τῷ
3369 4616 3602 4685 παρόντι
3663 4616 3975 4684 φροντίζειν

2397 4715 2574 4778 ἔξεστι
2615 4717 2742 4774 τοὺς
2778 4713 2835 4764 ὲν
2861 4712 2976 4771 τοῖς
3025 4708 3121 4762 τοῦ
3162 4710 3426 4778 πράττειν
3474 4709 3812 4777 ἀφιγμένους
3851 4726 3975 4760 και-

2398 4812 2531 4878 ροῖς.
2575 4809 2751 4860 Ὅπου
2812 4805 2868 4857 δὲ
2916 4803 3038 4856 οὐδὲ
3086 4805 3207 4856 τότε
3264 4801 3447 4872 χώραν
3489 4801 3714 4870 ἔμελλεν
3739 4802 3883 4870 ἔχειν
3909 4801 3975 4853 ea

2396 4899 2625 4951 τοιαῦτα
2658 4896 2767 4949 τῶν
2795 4894 3138 4964 κωλυμάτων
3176 4893 3327 4962 παρὰ
3359 4909 3421 4958 γε
3452 4893 3561 4951 τοῖς
3596 4891 3776 4951 καλῶς
3810 4891 3975 4943 είδόσι

2399 4987 2780 5058 βουλεύεσθαι,
2823 4985 2945 5046 πῶς
2993 4984 3059 5036 ἂν
3109 4984 3225 5052 δοίη
3262 5000 3346 5046 τις
3398 4982 3476 5051 τῷ
3516 4983 3745 5050 παρόντι
3797 4979 3975 5050 καιρῷ

2394 5085 2494 5151 τὴν
2535 5081 2663 5148 περὶ
2715 5076 2921 5130 τούτων
2983 5075 3175 5143 σκέψιν
3235 5073 3572 5143 ἁρμόττειν;
3634 5072 3666 5140 ἦ
3731 5073 3844 5134 πῶς
3877 5073 3976 5123 οὑκ

2395 5173 2804 5243 ἐμφράττεσθαι
2840 5173 2938 5240 μὲν
2967 5168 3091 5229 τοὺς
3118 5169 3377 5236 λέγοντας
3407 5165 3521 5226 νῦν,
3566 5164 3973 5233 ὲγκαλύῲεσθαι

2394 5268 2448 5320 δὲ
2475 5267 2624 5326 τοὺς,
2657 5265 2683 5315 ὃ
2735 5263 2810 5330 μὴ
2841 5263 3071 5327 γένοιτο,
3109 5257 3578 5326 πεισθησομένους
3619 5258 3767 5308 πᾶσα
3808 5257 3976 5323 ἀνάγ-

2396 5375 2468 5425 κη
2497 5374 2509 5420 ;
2540 5355 2661 5407 οὐδὲ
2698 5356 2804 5420 γὰρ
2847 5351 2946 5421 τὴν
2999 5353 3121 5418 ἴσην
3169 5349 3283 5417 ἔχει
3335 5346 3674 5416 κατηγορίαν
3703 5345 3826 5398 οὔτε
3863 5349 3974 5410 τοῖς

2399 5446 2760 5518 βουλεύσασιν
2808 5441 2933 5493 οὕτε
2981 5442 3090 5500 τοῖς
3154 5436 3549 5506 πεπεισμένοις
3608 5438 3669 5488 τό
3724 5453 3782 5488 τε
3847 5437 3974 5504 περὶ

2393 5537 2734 5608 τηλικούτων
2769 5535 2848 5586 ἔτι
2882 5530 3310 5602 βουλευομένους
3336 5571 3350 5590 ,
3383 5529 3560 5596 ἀλόγῳ
3589 5529 3697 5580 δέει
3729 5529 3823 5578 τοῦ
3872 5545 3974 5580 κα-

2395 5631 2490 5684 λοῦ
2524 5631 2616 5682 καὶ
2654 5628 3030 5696 συμφέροντος
3088 5622 3384 5690 ὑπεριδεῖν,
3435 5622 3529 5672 καὶ
3578 5619 3672 5670 τοῦ
3713 5620 3976 5686 πράττειν

2396 5724 2740 5794 ἀρξαμένους
2774 5717 3155 5784 ἐπισχεθῆναι.
3204 5714 3292 5780 Τῷ
3341 5713 3438 5782 μὲν
3476 5713 3582 5778 γὰρ
3618 5716 3649 5781 ἡ
3682 5713 3778 5779 τῆς
3812 5711 3975 5781 ρᾳθυ.

2399 5815 2524 5884 μίας
2554 5812 2744 5863 ὕπεστι
2795 5807 2916 5872 δόξα
2950 5847 2961 5866 ,
3008 5807 3064 5858 τό
3099 5805 3151 5856 δὲ
3202 5803 3318 5855 οὐδὲ
3371 5803 3477 5855 τῶν
3525 5805 3618 5871 τῆς
3657 5804 3838 5866 ἀνοίας
3885 5805 3970 5869 ἑγ-
