4452 6450
471 397 575 457 ιον

1638 399 1923 458 ORATIO
1966 401 2018 459 lI
2063 402 2160 461 AD
2198 403 2587 465 SYNODUM.

3641 405 3745 468 470

475 515 772 584 κλημάτων
805 515 1190 583 ἀπήλλακται·
1237 517 1480 584 κάκείνῳ
1519 518 1618 586 μὲν
1671 519 1848 580 οὐδεὶς
1908 522 2058 574 συνέ-
2099 524 2132 576 Α
2165 522 2233 574 illi

1980 522 2058 574 νέ-
2099 524 2132 576 Α
2165 522 2294 574 illud
2322 523 2468 576 enim
2500 522 2662 576 habet
2688 522 2998 591 opinionem
3033 522 3317 582 socordim,
3351 522 3455 574 hoe
3496 536 3623 575 vero
3650 525 3738 577 de-

476 608 704 668 ζευκται
740 607 989 670 κίνδυνος
1016 649 1031 672 ,
1066 610 1259 661 τούτου
1311 610 1356 663 δ’
1394 611 1584 667 εἵνεκα
1625 612 1719 664 καὶ
1772 615 1900 682 περὶ
1949 615 2057 667 τῶν

475 698 833 768 ὑπαρχόντων
857 699 1194 753 κινδυνεύειν
1225 702 1465 770 ἀνάγκη.

543 874 763 927 Τούτων
791 873 973 928 τοίνυν
1002 875 1332 948 ἀμφοτέρων
1361 880 1468 932 τῶν
1495 881 1838 949 κωλυμάτων
1868 887 2057 951 σαφῶς

475 964 908 1033 ἐξελεγχθέντων
966 968 1072 1022 ὑπὸ
1127 971 1223 1022 τοῦ
1280 973 1486 1039 λόγου,
1545 975 1692 1029 δοκεῖ
1724 980 1838 1041 τοῖς
1873 978 2058 1042 ἄλλοις

475 1055 596 1108 ούδέ
626 1060 918 1128 προσέχειν
961 1060 1171 1114 δίκαιον
1222 1065 1394 1127 ὅλως’
1448 1062 1525 1120 ὦν
1582 1068 1684 1134 τὴν
1747 1071 2060 1140 σαθρότητα

481 1151 764 1221 πόρρωθεν
826 1153 1008 1218 ἔξεστι
1055 1159 1171 1220 τοῖς
1236 1158 1588 1228 βουλομένοις
1652 1167 1786 1217 πᾶσι
1845 1168 2056 1236 φωρᾷν.

479 1244 683 1297 Αὐτίκα
734 1245 817 1308 τίς
866 1248 964 1302 οὐκ
1021 1244 1130 1303 οἶδε
1161 1253 1288 1314 τοὺς
1324 1251 1761 1322 θρυλλουμένους
1805 1257 2057 1324 περὶτοῦ

479 1335 554 1406 μή
581 1337 694 1389 δεῖν
729 1339 870 1406 μήτε
927 1343 1278 1410 προστιθέναι
1306 1348 1455 1413 ’μήτ’
1491 1349 1751 1417 ἀφαιρεῖν
1785 1346 1878 1400 τοῦ
1913 1350 2060 1417 Συμ-

479 1428 635 1483 ϐόλου
665 1430 1011 1502 διορισμοῦς,
1046 1436 1314 1505 ἐπήρειαν
1363 1438 1538 1502 ἄλλως
1569 1441 1729 1504 ὄντας
1769 1442 1843 1504 ὡς
1871 1443 1922 1494 οἰ
1974 1444 2061 1496 λέ-

479 1538 670 1586 γοντες
720 1526 920 1590 αὐτοὺς
969 1528 1378 1598 ἐκλαμϐάνουσι
1405 1575 1419 1595 ,
1455 1537 1548 1587 καί¹
1585 1536 1748 1604 χάριν
1791 1537 1882 1590 τοῦ
1931 1553 2062 1602 συγ·

480 1613 778 1668 καλύπτειν
811 1619 908 1687 τὴν
941 1620 1006 1674 ἐκ
1040 1624 1138 1690 τῆς
1175 1623 1511 1690 φιλονεικίας
1535 1628 1805 1696 αἰσχύνην
1834 1631 2060 1700 ἐξευρη-

479 1705 717 1774 μένουςς
766 1712 812 1761 εἰ
851 1712 951 1781 μὲν
987 1712 1094 1782 γὰρ
1139 1714 1293 1769 ἐσται
1328 1734 1381 1769 τι
1430 1719 1618 1772 πεῖθον
1653 1721 1924 1791 Γραικοὺς
1961 1723 2061 1792 τήν

475 1796 584 1850 τῶν
618 1800 861 1854 Λατίνων
901 1804 1299 1860 ἀπαναίνεσθαι
1353 1809 1533 1874 δόξαν,
1570 1811 1666 1865 καὶ
1705 1813 2057 1881 προστιθέναι

475 1888 551 1957 τῷ
586 1890 848 1961 Συμϐόὶῳ
895 1893 1100 1962 ταύτην
1128 1897 1420 1962 ἀπαξιοῦν,
1456 1900 1614 1964 ἄλλος
1646 1904 1711 1956 ἂν
1751 1875 1836 1973 εἴη
1876 1904 2054 1971 λόγος’
2091 1875 2130 1930 Β

477 1984 569 2034 καὶ
602 1983 700 2051 τήν
724 1984 822 2050 τῆς
854 1986 1074 2040 συνόδου
1118 1987 1299 2058 ψῆφον
1334 1993 1550 2061 ἐκείνην
1590 1993 1762 2060 ὑγιῶς
1795 1995 2056 2059 νοοῦντας

475 2073 648 2138 οὐδεὶς
687 2075 1016 2131 αἰτιάσεται.
1051 2080 1208 2134 Κατὰ
1255 2083 1364 2151 γὰρ
1405 2084 1512 2137 τῶν
1576 2086 1901 2155 ὑφαιρέσεσί
1946 2104 2057 2140 τισι

479 2167 569 2217 καὶ
608 2168 954 2238 προσθήκαις
1003 2171 1103 2242 τήν
1147 2174 1330 2228 πίστιν
1369 2175 1812 2246 λυμαινομένων,
1845 2180 1940 2230 καὶ
1974 2181 2058 2230 νό-

477 2257 568 2310 θον
599 2261 932 2328 εἰσαγόντων
977 2263 1280 2334 θεολογίαν,
1330 2268 1677 2336 ἐξενήνεκται
1711 2272 1811 2343 τήν
1853 2272 2054 2340 ἀρχήνο

476 2351 540 2418 ἣν
581 2350 958 2421 αἰδουμένους,
1009 2356 1209 2421 αὐτούς
1258 2376 1317 2411 τε
1364 2360 1496 2428 μηδέ
1541 2361 1781 2414 τοιοῦτον
1816 2361 2054 2430 τολμᾷν,

477 2441 572 2495 καὶ
603 2445 715 2508 τοῖς
737 2447 1104 2517 τετολμηκόσι
1156 2450 1230 2520 μή
1263 2454 1540 2505 κοινωνεῖν
1568 2453 1726 2519 φαῖεν
1773 2453 1839 2506 ἂν
1880 2454 2056 2507 ἃπαν-

475 2551 588 2596 τες.
637 2539 736 2591 Ἂν
773 2537 830 2590 δὲ
888 2541 1201 2595 τούναντίον
1260 2544 1460 2612 μᾶλλον
1525 2546 1907 2615 ἀληθεστάτην
1961 2547 2058 2599 καὶ

477 2629 585 2687 τοῖς
631 2629 729 2698 τῆς
762 2631 999 2696 πίστεως
1047 2634 1322 2704 θεμελίοις
1361 2637 1569 2704 σφόδρα
1625 2639 2058 2708 συμϐαίνουσαν,

477 2721 718 2784 καὶτοῖς
765 2724 945 2792 ἀγίοις
997 2725 1262 2780 δοκοῦσαν
1316 2730 1417 2798 τήν
1470 2728 1627 2794 δόξαν
1667 2732 1872 2801 ταύτην
1917 2731 2059 2785 εἰναι

478 2813 767 2876 πεισθῶσι,
799 2817 1027 2885 μάταιος
1059 2821 1090 2888 ή
1126 2821 1263 2889 πρὸς
1291 2823 1474 2875 ἐκεῖνα
1505 2825 1819 2893 καταφυγή·
1853 2826 1915 2878 ού
1949 2825 2059 2894 γὰρ

477 2904 696 2972 λέγουσι
723 2907 820 2977 τήν
841 2909 950 2962 τῶν
979 2911 1242 2982 Πατέρων
1269 2914 1696 2986 διαστρέφοντες
1725 2917 1929 2986 ψῆφον,
1953 2918 2058 2981 ἓως

480 2999 548 3053 ἂν
567 3002 765 3054 ἐκεῖνοι
794 3003 852 3054 τὸ
875 3003 1072 3070 ψεῦδος
1104 3010 1594 3074 προαναιροῦντες,
1619 3011 1680 3062 οὑ
1707 3010 1806 3072 τάς
1837 3011 2058 3080 ἀληθεῖς

478 3092 836 3158 ἐκϐάλλοντες
869 3096 1050 3162 δόξας,
1085 3098 1292 3168 ταύτην
1315 3101 1638 3172 ἐξήνεγκαν.
1682 3104 1808 3166 Τοῖς
1831 3105 1938 3174 γάρ
1965 3103 2057 3156 ἀλ-

2164 615 2379 669 ΠΙΘΙίΙίίΕ
2412 630 2632 684 quoque
2678 616 2886 670 crimen
2935 635 3038 672 non
3073 619 3257 687 effugit
3289 637 3300 672 :
3332 628 3383 669 et
3420 619 3489 669 illi
3523 619 3740 685 quidem

2169 703 2381 756 nullum
2420 712 2502 757 est
2559 703 2881 772 adjunctuin
2918 707 3243 774 perieulum,
3291 723 3385 771 per
3421 708 3525 760 hoe
3559 718 3739 760 autem

2165 810 2387 851 necesse
2414 805 2496 850 est
2522 813 2733 852 summa
2769 813 2990 868 quoque
3024 800 3101 852 rei
3138 800 3496 866 periclitetur.

2233 887 2368 942 Cum
2397 903 2526 958 ergo
2553 891 2982 945 demonstratum
3011 892 3079 943 sit
3115 908 3209 956 per
3241 906 3302 943 ea
3337 909 3406 959 qn
3429 908 3457 941 ιι
3484 892 3741 956 «ἰὶττιιιιις,

2163 989 2457 1050 utrumque
2508 981 2614 1036 hoc
2667 982 3159 1050 impedimentum,
3217 997 3336 1051 qua-
3404 985 3615 1048 pondus
3643 985 3744 1036 alt-

2162 1076 2307 1144 quod
2362 1075 2562 1129 habere
2614 1076 2890 1139 videntur,
2957 1075 3095 1132 nihil
3148 1077 3641 1145 obstareneliqua
3675 1093 3741 1130 ne

2162 1167 2606 1222 consideratione
2660 1169 2882 1238 quidem
2938 1169 3047 1223 ulla
3097 1179 3224 1224 sunt
3277 1171 3462 1240 digna,
3493 1186 3613 1238 qua:
3643 1169 3739 1223 fri-

2162 1261 2283 1314 vola
2355 1276 2477 1316 esse
2536 1262 2948 1332 deprehendere
2991 1263 3197 1332 poterit
3225 1278 3253 1316 e
3283 1263 3583 1331 longinquo
3617 1262 3740 1330 qui-

2162 1367 2380 1420 cunque
2431 1355 2685 1410 voluerit.
2722 1353 2778 1408 ln
2815 1356 3004 1424 primis
3029 1355 3176 1410 enim
3215 1354 3340 1422 quis
3375 1356 3609 1420 ignorat.
3642 1357 3742 1408 de-

2161 1452 2379 1496 cantata
2436 1443 2525 1496 illa
2591 1445 2833 1508 decreta,
2870 1445 3017 1513 quod
3053 1445 3189 1499 nihil
3244 1446 3296 1499 in
3338 1445 3606 1514 Symbolo
3649 1454 3744 1498 aut.

2162 1533 2381 1594 addere.
2414 1542 2508 1588 aut
2530 1533 2752 1590 demere
2781 1535 2963 1600 liceat,
2988 1535 3140 1604 juxta
3166 1550 3388 1590 sensum
3421 1551 3610 1588 eorum
3645 1535 3740 1603 qui

2163 1626 2431 1694 objiciunt
2487 1643 2611 1683 esse
2670 1629 2829 1698 plane
2885 1629 3213 1693 calumnias,
3258 1630 3323 1682 ad
3377 1628 3739 1699 obtegendam

2163 1720 2531 1774 contentionis
2563 1722 2921 1790 ignominiam
2960 1721 3288 1776 adinventas
3323 1721 3345 1774 ’ἰ
3373 1719 3507 1774 Nam
3541 1721 3585 1774 si
3612 1720 3744 1786 quid

2163 1815 2266 1869 est,
2307 1807 2448 1873 quod
2503 1809 2828 1877 persuadeat
2872 1809 3100 1874 Grecis,
3131 1820 3188 1864 ut
3231 1818 3494 1878 respuant
3528 1819 3748 1862 senten-

2162 1897 2292 1950 tiam
2337 1897 2656 1952 Latinorum
2686 1940 2699 1964 ,
2741 1901 3140 1969 prohibeatqne
3175 1901 3320 1956 illam
3355 1900 3618 1972 Symbolo
3645 1901 3745 1954 ad-

2160 1988 2310 2050 dere,
2348 1988 2452 2042 alia
2489 2005 2574 2044 res
2599 1999 2724 2044 est:
2765 2003 2816 2046 et
2860 2006 3017 2046 nemo
3058 1993 3336 2048 decretum
3381 1993 3510 2047 illud
3547 1993 3741 2062 synodi

2161 2097 2293 2136 sane
2345 2082 2710 2151 intelligentes
2767 2086 3074 2153 culpaverit
3105 2101 3119 2136 :
3164 2085 3333 2140 latum
3363 2086 3565 2154 quippe
3597 2092 3680 2139 est
3713 2100 3742 2139 a

2161 2174 2430 2243 principio
2469 2176 2522 2228 in
2557 2191 2652 2229 eos
2675 2217 2690 2240 ,
2746 2176 2838 2245 qui
2869 2177 3306 2231 detractionibus
3342 2160 3504 2244 atque
3531 2176 3743 2230 addita-

2161 2267 2361 2321 utentis
2414 2267 2745 2334 quihusdam
2805 2268 2967 2325 fidem
3024 2269 3364 2338 depravaut.
3424 2279 3479 2324 et
3531 2269 3744 2323 adulte-

2161 2356 2343 2410 rinam
2386 2357 2654 2410 invehunt
2688 2357 3018 2429 theologiam
3052 2375 3067 2411 :
3112 2359 3276 2428 cujus
3307 2359 3612 2412 reverentia
3640 2374 3741 2412 nee

2162 2449 2264 2501 sibi
2311 2450 2419 2503 tale
2480 2449 2758 2517 quidpiam
2793 2450 3106 2504 audendum
3137 2495 3150 2512 ,
3189 2466 3287 2504 nec
3315 2451 3359 2504 si
3391 2451 3480 2519 qui
3524 2453 3734 2514 ausint,

2163 2542 2536 2597 admittendos
2578 2558 2702 2598 esse
2754 2543 2819 2595 ad
2869 2541 3341 2604 communionem,
3376 2556 3566 2594 omnes
3597 2541 3740 2594 aflir-

2165 2635 2454 2690 tuavetint.
2484 2635 2636 2701 Quod
2678 2637 2721 2689 si
2763 2637 2942 2703 potius
2972 2651 3002 2691 e
3026 2637 3304 2690 contrario
3343 2637 3738 2702 persuadeatur

2164 2726 2294 2790 illis,
2349 2729 2680 2782 sententiam
2747 2729 2893 2781 illam
2947 2743 3071 2781 esse
3123 2727 3487 2793 verissimam,
3523 2739 3736 2782 etcum

2164 2818 2538 2874 fundamentis
2596 2819 2716 2874 fidei
2776 2820 2929 2874 valde
2988 2829 3501 2888 congruentem,et
3534 2819 3739 2874 sanctis

2163 2910 2447 2979 probatam
2479 2931 2491 2964 :
2524 2911 2689 2966 iuane
2723 2921 2807 2966 est
2842 2912 2907 2965 ad
2947 2911 3034 2964 illa
3069 2912 3338 2981 refugiqu
3374 2931 3388 2966 :
3422 2913 3554 2966 nihil
3594 2914 3739 2968 enim

2162 3003 2349 3057 dicunt
2380 3019 2631 3072 perverse
2659 3005 3009 3072 intelligendo
3038 3006 3314 3059 decretum
3348 3006 3591 3066 Patrum,
3620 3021 3742 3057 eum

2165 3093 2269 3149 hoc
2306 3095 2383 3148 illi
2413 3095 2710 3161 ediderint,
2742 3107 2799 3151 ut
2839 3097 3122 3150 mendacio
3158 3098 3297 3149 viam
3329 3096 3746 3163 praecludereut,

476 3184 576 3254 λην
605 3186 789 3240 πίστιν
820 3191 1239 3259 συγγράφουσιν
1266 3193 1572 3257 ἀπειλοῦσι,
1605 3196 1844 3260 καὶτοὺς
1875 3195 2059 3250 ὁτιοῦν
2089 3213 2134 3274 c
2166 3203 2234 3241 H0

1984 3195 2059 3249 ,ὗν
2089 3213 2134 3274 c
2166 3203 2275 3242 non
2311 3198 2366 3242 ut
2394 3205 2549 3244 veras
2603 3190 2907 3245 sententias
2943 3189 3293 3242 eliminarent
3329 3228 3342 3249 ,
3377 3189 3555 3243 minas
3600 3190 3742 3242 enim

478 3279 586 3331 τῶν
620 3279 1070 3350 ὡμολογημένων
1096 3285 1440 3354 προσθήκαις
1473 3288 1614 3340 τισὶν
1654 3289 1928 3352 ἐναντίαις
1959 3289 2054 3342 καὶ

478 3370 798 3441 ύφαιρέσεσι
818 3374 1066 3444 δολεραῖς
1078 3377 1410 3448 ἀνατρέπειν
1429 3378 1862 3449 βουλησομένους
1881 3383 2059 3452 ἀνείρ-

481 3481 690 3530 γουσιν.
725 3468 893 3522 ’Ὥστε
924 3469 1068 3522 καθά
1099 3472 1369 3540 προσήκει
1403 3474 1704 3544 νοουμένης
1731 3476 1826 3543 τῆς
1848 3476 2055 3544 ψήφου,

482 3554 604 3609 οὔτε
627 3559 845 3612 Λατῖνοι
875 3559 1112 3628 τάληθὲς
1142 3563 1532 3631 προστιθέντες
1563 3566 1865 3632 ἐγκαλοῖντ⁶
1890 3569 1956 3621 ἂν
1987 3569 2060 3622 δι-

483 3651 674 3712 καίως,
701 3655 792 3704 καὶ
815 3653 1087 3722 Γραικοὺς
1118 3657 1554 3723 συμφωνοῦντας
1588 3659 1684 3726 μέν
1706 3659 1861 3712 οὐδὲν
1882 3662 2064 3728 ἀμαρ-

483 3741 688 3804 τάνειν,
733 3742 859 3794 ἀλλο
907 3743 964 3795 δέ
1013 3760 1065 3795 τι
1121 3744 1385 3812 λέγοντας
1438 3745 1768 3814 ἐπηρεάζειν
1803 3749 2063 3818 ἄντικρυς

485 3832 752 3886 λείπεται.
791 3834 1024 3887 Ἔπειτα
1055 3835 1100 3887 εἰ
1132 3836 1225 3887 καὶ
1257 3836 1509 3897 Λατίνοις
1541 3838 1777 3907 μόναιςῆ
1811 3839 2064 3908 Γραικοῖς

485 3925 727 3978 Λατίνων
771 3927 939 3996 χωρὶς
970 3928 1070 3978 οὐκ
1113 3927 1293 3992 ἔξεστι
1330 3929 1428 3981 καὶ
1469 3927 1650 3981 ὁτιοῦν
1686 3931 2063 3998 προστιθέναι,

487 4016 621 4069 ἀλλά
653 4033 715 4083 γε
767 4017 867 4086 τὴν
905 4019 1289 4089 οἰκουμενικὴν
1338 4020 1555 4073 σύνοδον
1602 4022 1776 4084 οὐδεὶς
1820 4025 1970 4076 τουτὶ
2008 4025 2069 4076 τὸ

489 4112 658 4179 γέρας
706 4111 1010 4179 ἀφελέσθαι
1059 4111 1393 4180 δυνήσεταιο
1443 4114 1566 4166 ἐπεὶ
1606 4115 1703 4168 καὶ
1751 4115 1849 4178 τάς
1900 4115 2070 4178 ἄλλας

490 4202 743 4264 συνόδους
770 4203 1112 4273 προσθήκαις
1139 4207 1250 4256 τισὶ
1279 4205 1378 4275 τὴν
1406 4206 1672 4276 ἀληθινήν
1707 4207 2070 4270 ἀναδειξάσας

488 4296 708 4367 οῖδαμεν
737 4297 920 4350 πίστιν
944 4313 960 4328 ο
993 4299 1087 4349 καὶ
1127 4299 1154 4350 ὁ
1195 4298 1293 4366 τῆς
1334 4299 1658 4369 προσθήκης
1693 4299 2074 4367 καταψηφιζό-

495 4409 653 4459 μενος
685 4394 828 4463 ὁρος,
869 4393 935 4463 ἢν
978 4391 1044 4445 ἄν
1075 4410 1159 4456 τις
1200 4387 1280 4452 εἷς
1313 4393 1390 4448 ὢν
1424 4397 1517 4448 καὶ
1546 4394 1703 4460 δόξαν
1740 4394 1878 4448 ἰδίαν
1908 4395 2074 4462 δημο-

495 4487 692 4540 σιεύων
727 4488 1038 4557 ποιήσαιτο,
1064 4487 1164 4557 οὐχ
1193 4486 1262 4556 ἢν
1298 4487 1363 4540 ἂν
1397 4488 1614 4548 σύνοδος
1658 4488 1753 4557 ὅλη
1784 4487 2072 4558 βουληθείη

2167 3281 2218 3332 in
2258 3297 2352 3335 eos
2387 3281 2620 3347 jactant,
2645 3283 2738 3351 qui
2775 3282 2936 3336 aliam
2967 3283 3125 3336 fidem
3161 3283 3513 3336 eonscribunt
3546 3301 3558 3335 :
3595 3292 3645 3335 et
3677 3284 3743 3335 iis

2165 3372 2361 3427 tollunt
2394 3374 2708 3428 facultatem
2764 3376 2855 3444 qui
2885 3375 3195 3442 adjiciendo
3215 3376 3343 3440 quid
3384 3374 3746 3436 contrarium,

2162 3475 2215 3519 et
2247 3467 2469 3520 subdole
2493 3465 2790 3521 auferendo
2815 3466 3096 3536 quodlibet
3119 3483 3182 3521 ex
3206 3466 3472 3520 confessis
3497 3475 3746 3520 evertere

2165 3557 2455 3611 voluerint.
2477 3558 2654 3622 Quare
2677 3559 2719 3612 si
2749 3559 3022 3612 decretum
3064 3559 3484 3627 iutelligaturita
3518 3567 3750 3626 utopor-

2169 3633 2266 3709 tet,
2303 3664 2479 3716 neque
2504 3647 2683 3702 Latini
2714 3651 2963 3718 culpandi
3002 3659 3148 3716 sunt,
3174 3655 3217 3706 si
3262 3652 3578 3718 adjecerunt
3605 3651 3748 3719 quod

2169 3757 2355 3795 verum
2384 3750 2490 3804 est,
2511 3757 2689 3810 neque
2719 3741 2936 3796 Gnecos
2965 3757 3147 3797 errare
3183 3744 3500 3805 dicendum,
3537 3744 3580 3797 si
3614 3759 3750 3796 con-

2169 3832 2441 3885 senserint
2477 3852 2488 3886 :
2519 3834 2758 3901 alioquin
2781 3843 2968 3895 restat,
3003 3843 3060 3886 ιιι
3086 3834 3231 3887 aliud
3266 3835 3511 3888 dicentes
3537 3837 3748 3889 calum-

2172 3927 2290 3978 nias
2353 3934 2498 3978 Cet'te
2551 3935 2788 3983 struant.
2863 3925 3066 3983 Deinde
3119 3928 3163 3982 si
3227 3927 3435 3981 Latinis
3465 3929 3746 3989 solis,aut

2173 4015 2378 4073 Gnecis
2407 4020 2612 4084 absque
2652 4019 2858 4090 Latinis
2897 4036 3001 4074 non
3031 4023 3154 4075 licet
3193 4022 3390 4074 addere
3432 4022 3742 4090 quidlibet;

2174 4122 2227 4166 at
2269 4114 2623 4167 meumenicm.
2674 4116 2884 4182 synodo
2935 4116 3195 4168 honorem
3248 4116 3393 4167 hunc
3439 4130 3596 4168 nemo
3653 4131 3750 4182 po-

2177 4206 2301 4257 terit
2361 4219 2598 4272 negare:
2655 4222 2776 4257 nam
2832 4215 2885 4258 et
2917 4206 3050 4259 alias
3083 4206 3322 4276 synodos
3354 4206 3752 4275 adjeclionibus

2177 4294 2507 4360 quibusdam
2559 4295 2767 4350 si‘imus
2829 4313 3009 4349 veram
3075 4297 3384 4351 declarasse
3444 4297 3624 4361 fidem,
3691 4311 3747 4352 et

2131 4430 2136 4434 .
2178 4390 2458 4442 decretum
2489 4428 2501 4448 ,
2539 4404 2647 4457 quo
2699 4390 3021 4457 reprobalur
3051 4391 3502 4455 additamentum,
3539 4394 3608 4446 ita
3655 4395 3756 4448 hic

2182 4478 2445 4543 excludit,
2502 4479 2546 4532 si
2598 4479 2664 4531 ab
2697 4483 3088 4549 ttnoqquiant
3125 4483 3213 4535 fiat
3250 4485 3519 4552 propriam
3575 4486 3754 4537 divul-

495 4579 844 4646 προσθεῖναι,
900 4579 1106 4648 ταύτην
1165 4581 1425 4633 ἐλαύνει·
1483 4580 1722 4647 οὐδαμοῦ
1791 4581 1900 4650 γὰρ
1958 4585 2074 4634 ἐκεῖ
2111 4561 2243 4638 υί-’ίι

1996 4585 2074 4634 κεῖ
2111 4561 2150 4613 υ
2182 4583 2340 4638 gante
2374 4573 2727 4633 sententiam,
2760 4589 2863 4624 non
2901 4575 2941 4626 si
2974 4585 3081 4627 tota
3120 4577 3359 4644 synodus
3395 4576 3625 4629 voluerit
3655 4577 3754 4630 ad-

497 4672 718 4724 συνόδου
762 4672 974 4740 γίνεται
1010 4674 1222 4743 μνήμη,
1253 4672 1390 4725 ἀλλά
1423 4671 1614 4741 μηδενί
1656 4688 1819 4740 φησιν
1851 4671 2072 4736 ἐξεῖναι.

497 4767 604 4818 Καὶ
642 4765 748 4835 μὴν
776 4765 812 4819 δ.
838 4765 1039 4818 κωλύει
1066 4765 1371 4829 πιστεύειν,
1391 4763 1563 4817 ταῦτα
1599 4767 1694 4818 καὶ
1725 4764 2077 4830 προστιθέναι

495 4857 572 4926 τῷ
617 4857 880 4928 Συμϐὁλῳ
911 4857 1011 4924 τῆς
1059 4857 1298 4917 πίστεως
1347 4856 1448 4907 ούκ
1481 4858 1544 4925 ἑᾷ
1569 4871 1584 4887 ο
1617 4854 1790 4908 ταῦτα
1826 4855 1883 4906 δέ
1931 4856 2078 4906 ἐστιν

496 4951 671 5003 ὁπόσα
725 4949 836 5010 τοῖς
902 4948 1161 5017 ἀληθέσιν
1214 4946 1583 5013 ἐναντιοῦται,
1630 4948 1724 4998 καὶ
1773 4949 1884 5009 τοῖς
1944 4948 2081 5014 μετά

500 5041 728 5104 πολλοὺς
759 5040 980 5108 ἀγῶνας
1027 5045 1434 5110 κεκρατηκόσιν
1482 5039 1541 5091 ού
1582 5042 1886 5109 συμφωνεῖ.
1925 5040 1989 5090 ’Δ
2022 5039 2078 5090 δὲ

502 5134 784 5189 πιστεύειν
827 5134 1029 5199 ἔξεστι,
1059 5133 1234 5187 ταῦτα
1285 5133 1378 5187 καὶ
1410 5131 1693 5202 ὁμολογεῖν
1727 5136 2081 5201 συγκεχωρη·

499 5250 587 5285 ται
614 5249 628 5261 ·
669 5231 768 5300 τὴν
804 5232 911 5300 γὰρ
937 5229 1028 5283 τοῦ
1052 5230 1332 5296 Συμϐόλου
1373 5227 1642 5296 δήπουθεν
1666 5215 1979 5295 ὁμολογίαν,
2023 5229 2082 5278 τὸ

506 5325 579 5392 μὴ
606 5323 714 5374 δεῖν
739 5321 1026 5373 λανθάνειν
1067 5319 1243 5381 ἐνίους
1283 5320 1412 5388 περὶ
1459 5321 1558 5387 τὴν
1609 5319 1792 5370 πίστιν
1822 5317 2084 5388 διεφθαρ-

506 5415 719 5480 μένους,
753 5413 1059 5480 ἀναγκαίαν
1094 5411 1396 5482 πεποίηκεν
1423 5426 1436 5441 ο
1475 5412 1542 5480 ἢν
1570 5412 1764 5479 ὲφύσον
1795 5412 1904 5473 τοῖς
1934 5413 2081 5462 ἀκιν-

503 5505 674 5567 ίύνως
707 5505 1125 5574 πιστευομένοις
1158 5503 1558 5575 συμφωνοῦσαν
1589 5502 1811 5571 ποιῆται
1846 5521 1952 5566 τις,
1985 5504 2083 5554 οὐκ

507 5597 572 5648 ἂν
628 5593 853 5657 δικαίως
912 5594 1188 5663 νομίζοιτο
1246 5595 1688 5664 παραϐλάπτειν.
1757 5593 1964 5656 Ἀλλως
2027 5595 2082 5646 δὲ

507 5689 597 5742 καὶ
631 5687 1092 5758 καταψευσόμεθα
1125 5690 1214 5742 τοῦ
1259 5690 1538 5759 Συμϐόλου
1573 5691 1672 5758 τῆς
1704 5690 1964 5750 πίστεως,
1992 5688 2086 5740 καὶ

511 5782 687 5846 ματην
717 5781 1143 5849 ἀναγνωσόμεθα
1175 5780 1352 5843 τοῦτο,
1378 5779 1478 5848 τῆς
1512 5781 1568 5844 ἐξ
1602 5780 1764 5832 αὑτοῦ
1794 5779 2083 5846 γινομένης

513 5870 809 5940 ἀσφαλείας
861 5873 961 5943 ήδη
1015 5875 1431 5946 πεπατημένης,
1463 5873 1603 5929 Οὔτε
1651 5874 1753 5943 γὰρ
1813 5871 2084 5942 Σύμϐολον

2181 4662 2312 4716 dere
2337 4702 2351 4724 .
2399 4664 2543 4715 nulla
2576 4667 2718 4717 enim
2758 4666 2809 4717 in
2848 4680 2912 4716 eo
2947 4665 3218 4736 fitsynodi
3257 4669 3484 4731 mentio,
3518 4667 3611 4722 sed
3651 4685 3750 4722 nc-

2184 4755 2314 4807 mini
2347 4797 2359 4818 ,
2399 4756 2576 4825 inquit
2601 4798 2614 4820 ,
2648 4758 2826 4810 liceat.
2856 4757 3120 4812 Praeterea
3152 4775 3272 4827 qure
3302 4761 3552 4828 prohibet
3583 4762 3750 4823 credi,

2183 4864 2242 4901 ea
2286 4865 2508 4919 quoque
2560 4866 2668 4905 nou
2726 4851 2993 4919 permittit
3033 4852 3156 4904 addi
3203 4850 3464 4922 Sytnbolo
3502 4853 3623 4906 fidei
3652 4872 3665 4907 ι
3694 4869 3756 4906 ea

2185 4957 2313 4995 vero
2349 4950 2502 5004 sunt,
2537 4959 2657 5011 quae
2683 4943 2895 4997 veritati
2929 4944 3304 5004 adversantur,
3339 4955 3392 4997 et
3423 4961 3527 4998 non
3560 4963 3759 5002 consu-

2186 5045 2315 5088 nant
2365 5037 2431 5089 iis
2489 5051 2610 5104 qum
2671 5045 2790 5104 post
2858 5037 3059 5090 multos
3108 5037 3321 5091 labores
3359 5051 3572 5106 recepta
3608 5051 3758 5095 sunt.

2186 5127 2316 5194 Qua:
2348 5141 2512 5196 porro
2549 5126 2677 5180 licet
2712 5127 2957 5189 credere,
2988 5127 3143 5180 fateri
3173 5143 3392 5197 quoque
3422 5133 3755 5198 permissum

2186 5230 2287 5274 ist.
2337 5217 2580 5289 Symboli
2615 5217 2760 5271 enim
2797 5217 3195 5273 cerifessionem
3239 5221 3366 5274 illud
3400 5221 3526 5275 fecit
3561 5239 3754 5278 net-cs-

2187 5311 2413 5372 sariam,
2490 5309 2635 5376 quod
2691 5323 2798 5361 non
2834 5319 3082 5377 oporteat
3115 5310 3283 5363 latere
3314 5312 3528 5378 aliquos
3566 5312 3617 5366 in
3657 5313 3759 5367 fide

2188 5410 2501 5470 eorruplos,
2531 5416 2695 5470 quam
2738 5416 2896 5455 nemo
2936 5401 3130 5454 hedere
3151 5402 3275 5469 jure
3305 5403 3618 5457 censendus
3653 5413 3757 5466 est,

2188 5499 2315 5549 dum
2373 5496 2518 5549 illam
2581 5504 2802 5563 praestat
2854 5496 2918 5548 iis
2986 5495 3458 5554 consentientem,
3491 5510 3611 5561 qme
3645 5496 3764 5548 sine

2191 5589 2430 5658 perieulo
2466 5587 2784 5640 creduntur.
2822 5587 3075 5654 AliOquiu
3107 5585 3228 5639 fidei
3262 5585 3580 5655 Symbolum
3621 5587 3760 5638 falso

2189 5681 2585 5751 appellabimus
2636 5682 2857 5733 nomine
2889 5718 2903 5740 ,
2937 5689 2989 5730 et
3015 5678 3214 5733 frustra
3243 5679 3371 5731 illud
3408 5678 3761 5730 reeitahimns

2191 5779 2504 5847 proculcata
2555 5775 2668 5843 jam
2727 5775 2840 5832 illa.
2893 5790 3014 5842 qum
3041 5791 3102 5826 ex
3145 5789 3210 5826 eo
3247 5775 3513 5841 provenit,
3545 5774 3760 5825 hmsit-a-

2195 5873 2361 5927 ti-iuis
2403 5872 2743 5926 liberatione.
2782 5869 2966 5938 .‘x'eque
3002 5868 3146 5919 enim
3175 5869 3276 5918 t-rit
3318 5866 3553 5932 amplius
3596 5866 3761 5918 Stiu-
