4452 6450
712 413 820 474 4⁸75
1825 411 2204 470 GENNADII
2249 413 2353 474 CP.
2397 413 2915 475 PATRIARCHE
3877 399 3981 462 ‘76

709 529 1041 599 generalium
1091 528 1444 600 synodorttm,
1481 527 1734 584 instructi
1781 530 1935 591 estis,
1972 544 2093 599 qua:
2125 545 2287 598 pares
2323 531 2368 586 Α
2395 533 2467 586 πά

2228 547 2287 586 es
2323 531 2368 586 Α
2395 533 2545 602 πάσῃ
2582 533 2933 600 παρασκευῇ,
2966 529 3127 598 εἴπερ
3160 546 3241 587 τις
3269 525 3380 578 τῶν
3416 524 3636 578 πώποτε
3672 526 3984 590 γενομένων

709 621 1054 676 difficultates
1084 619 1246 674 simili
1296 620 1494 674 robore
1544 629 1674 677 tunc
1704 621 1988 684 vicerunt;
2025 623 2169 678 inest
2193 637 2292 675 att-
2397 629 2467 678 ob

2228 637 2292 675 ιι·
2397 623 2796 692 οίκουμενικῶν
2858 623 3115 683 συνόδων,
3167 619 3504 688 ὲξῆρτυσθε,
3565 615 3622 666 αἶ
3676 615 3784 666 τῶν
3852 613 3985 664 ιἴσων

712 724 820 769 tam
845 723 899 768 et
926 713 1217 768 vehemens
1249 712 1398 780 pacis
1431 714 1784 774 desiderium.
1818 723 1870 767 et
1896 713 2099 767 nullam
2133 714 2294 767 aliam
2397 721 2470 772 δυε

2224 729 2294 766 Im
2397 717 2732 788 δυσχερειῶν
2783 716 2923 784 μετά
2960 714 3060 782 τῆς
3101 711 3299 780 ὁμοίας
3338 709 3522 780 ἰσχύος
3569 709 3687 760 τότε
3726 703 3982 773 περιεγέ-

713 803 785 858 cb
817 818 930 856 rem
965 801 1191 872 profecti
1241 803 1397 863 estis,
1421 803 1500 858 ‘ad
1530 803 1950 864 decertandum,
1997 813 2155 870 turpe
2187 809 2296 864 est,
2399 831 2471 865 νη,

2229 809 2296 864 ειν
2399 829 2575 876 νοντο,
2614 809 2876 880 πρόσεστι
2919 807 2978 860 δὲ
3015 806 3112 860 καὶ
3158 807 3191 874 ή
3241 802 3449 873 σφοδρᾶ
3476 804 3574 870 τῆς
3607 800 3834 868 εἰρήνης
3866 799 3987 850 ἐπι·-

713 895 1056 951 venerabiles
1103 895 1315 957 Patres,
1362 904 1542 962 turpe,
1588 909 1836 962 personae
1883 909 2046 964 quam
2083 893 2296 963 geritis,
2401 905 2464 958 θυ

2227 893 2296 959 Ῐεο
2401 904 2595 973 θυμία.
2630 904 2724 957 καὶ
2751 906 2812 956 τὸ
2845 902 3076 971 μηδενὸς
3107 899 3271 952 ἀλλου
3315 898 3479 967 χάριν
3513 896 3690 950 ἐλθεῖν
3719 895 3984 960 ἀγωνιου-

714 998 876 1059 atque
906 989 1286 1058 appellationis
1323 988 1498 1043 ordini
1545 1003 1652 1041 non
1694 989 2048 1056 respondere,
2087 996 2142 1041 et
2173 987 2300 1041 abs-
2407 997 2470 1066 μέ

2231 1003 2300 1041 ιε·
2407 997 2623 1066 μένους,
2695 993 2922 1064 αἰσχρόν
2986 994 3176 1054 ἐστιν,
3248 983 3292 1044 ὦ
3365 988 3654 1055 σεϐάσμιοι
3720 985 3989 1050 Πατέρες.

715 1081 909 1136 cedere
955 1081 1218 1135 minorem
1279 1088 1603 1134 consecutos
1656 1081 1923 1150 gloriam,
1993 1095 2156 1148 quam
2205 1079 2299 1134 alii
2403 1092 2473 1144 αις

2242 1079 2299 1134 lii
2403 1089 2630 1157 αἰσχρὸν
2660 1089 2759 1158 τὴν
2789 1088 2888 1142 τοῦ
2921 1086 3204 1156 σχήματος
3239 1084 3334 1138 καὶ
3361 1083 3460 1152 τῆς
3491 1078 3810 1146 ἐπωνυμίας
3835 1074 3991 1140 τάξιν

717 1171 812 1242 qui
871 1173 1147 1242 proposita
1203 1173 1304 1228 sibi
1357 1174 1555 1229 similia
1615 1173 1911 1229 certamina
1965 1173 2030 1227 ad
2085 1172 2300 1228 felicem
2403 1185 2475 1236 λιτ

2235 1189 2300 1227 :tn
2403 1184 2621 1244 λιπεῖν,
2674 1181 2773 1234 καὶ
2831 1179 2944 1233 τῶν
2998 1179 3188 1234 ἄλλοτε
3260 1173 3711 1245 κατωρθωκότων
3769 1173 3826 1225 ἐν
3879 1172 3993 1234 τοῖς

720 1265 924 1318 exitum
963 1263 1356 1331 perduxerunt.
1391 1263 1558 1317 Nemo
1587 1264 1732 1318 enim
1761 1279 1859 1318 vos
1894 1264 2097 1327 audiet,
2124 1265 2168 1318 ai
2203 1280 2304 1319 ex-
2405 1276 2477 1343 ὀμ

2233 1281 2304 1319 ι’
2405 1273 2613 1343 ὁμοίοις
2641 1273 2816 1339 ἀγῶσι
2847 1272 3020 1341 χείρω
3067 1269 3336 1333 λαϐόντας
3390 1267 3550 1331 δόξαν
3585 1265 3991 1331 ἀπαλλαγῆναι.

722 1356 1022 1411 contionis
1057 1371 1225 1411 causa
1262 1356 1597 1426 protuleritis
1627 1355 2016 1426 impedimenta
2067 1365 2121 1411 et
2166 1356 2306 1410 ditli-
2407 1367 2480 1420 υῦ

2237 1357 2306 1409 Πῖ-
2407 1367 2600 1430 υύδεὶς
2627 1367 2735 1436 γάρ
2778 1363 2910 1434 ὑμῖν
2960 1366 3028 1417 τά
3062 1363 3366 1432 κωλύματα
3398 1358 3496 1414 καὶ
3541 1359 3640 1421 τὰς
3667 1356 3995 1425 δυσχερείας

725 1449 977 1510 cultzttes.
1012 1463 1138 1503 cum
1173 1449 1310 1504 sciat
1339 1465 1504 1518 quam
1539 1449 1698 1518 pleno
1728 1449 1985 1504 veneritis
2016 1457 2304 1517 apparatu,
2407 1461 2483 1516 ἀπ

2235 1457 2304 1514 mo
2407 1457 2708 1526 ἀπολογίαν
2739 1457 3089 1527 προτείνουσι
3121 1455 3419 1526 προσέχειν
3447 1451 3694 1517 ἐθελήσει
3724 1449 3814 1501 τὸν
3846 1445 3993 1510 νοῦν,

726 1541 922 1607 quavis
963 1541 1182 1610 quidem
1231 1542 1337 1596 alia
1373 1558 1432 1596 re
1468 1542 1741 1606 validiori,
1776 1556 1871 1610 per
1901 1542 2074 1596 solam
2125 1549 2305 1596 autem
2407 1552 2484 1620 τὴς

2239 1557 2305 1596 3m
2407 1552 2507 1620 τὴν
2537 1549 2811 1619 ὑμετέραν
2848 1547 3007 1610 εἰδὼς
3035 1547 3123 1601 διὰ
3153 1547 3375 1599 πάντων
3408 1542 3768 1612 παρασκευὴν
3804 1539 3997 1592 πασττιν

731 1633 1002 1702 ignaviam
1058 1633 1320 1702 proiecto.
1359 1635 1434 1689 Ad
1473 1635 1589 1689 lucc
1632 1633 1744 1688 fieri
1783 1650 1889 1689 non
1927 1643 2125 1703 potest.
2175 1634 2306 1703 quin
2408 1640 2489 1694 οδε

2241 1634 2306 1687 ιίη
2408 1640 2573 1694 οὖσαν
2606 1639 2985 1709 ἰσχυροτέραν,
3023 1637 3270 1710 ῥαθυμίᾳ
3297 1635 3354 1689 δέ
3385 1634 3522 1702 μόνῃ
3566 1629 3999 1700 προδεδομένην.

731 1727 852 1780 aliis
899 1741 1119 1795 quoque
1173 1726 1391 1796 probris
1443 1725 1737 1787 veremini,
1770 1741 1892 1793 qua:
1925 1741 2110 1780 secum
2154 1725 2312 1780 aﬂ‘ert
2411 1735 2489 1803 ῐΙρ

2247 1733 2312 1780 ιιι
2411 1734 2556 1803 Πρὸς
2605 1732 2664 1787 δέ
2720 1731 2936 1794 τούτοις
2986 1729 3107 1784 ούδέ
3162 1731 3276 1790 τοῖς
3331 1726 3516 1787 ἄλλοις
3571 1722 3836 1776 δνείξεαιν
3892 1717 4005 1772 ἐσθ’

733 1834 834 1888 pax
883 1818 1140 1885 impedita
1179 1835 1192 1871 :
1230 1821 1331 1872 hoc
1364 1817 1510 1871 enim
1562 1817 1830 1888 superbiae
1865 1816 2072 1872 crimen
2123 1817 2306 1882 infert,
2350 1873 2389 1894 η
2415 1826 2491 1878 6m

2239 1827 2306 1882 Γῑ,
2350 1873 2389 1894 η
2415 1826 2563 1887 ὅπως
2600 1823 2700 1894 οὐχ
2742 1820 3196 1882 ὕποκείσεσθε.’ἃ
3246 1819 3358 1872 τῶν
3393 1818 3491 1886 τῆς
3539 1815 3768 1883 εἰρήνης
3814 1812 3997 1881 ἔχεται

735 1873 864 1966 illud
902 1913 1208 1967 timiditatis
1235 1873 1738 1980 reprehensionem.
1771 1912 1918 1967 aliud
1951 1911 2316 1968 contentionis
2350 1873 2392 1926 Β
2419 1937 2493 1973 κω

2247 1911 2316 1967 tis
2350 1873 2392 1926 Β
2419 1873 2804 1986 κωλυμάέωνο
2839 1915 2918 1986 τῷ
2967 1917 3067 1983 μὲν
3107 1913 3217 1982 γὰρ
3261 1873 3536 1963 αύτῶνιτδ
3575 1907 3678 1972 τῆς
3713 1907 4005 1973 ὑπερηφα-

735 2005 962 2068 vitium;
1014 2015 1177 2072 atque
1211 2004 1279 2057 ita
1321 2005 1466 2058 aliud
1524 2003 1614 2058 alii
1655 2004 2014 2067 coniunctum
2044 2015 2124 2059 est
2153 2004 2320 2059 dede-
2421 2012 2493 2065 vta

2254 2009 2320 2059 ξε·
2421 2012 2540 2075 νίας
2573 2011 2805 2066 ὕπεστιν
2853 2009 3131 2076 ἔγκλημα,
3177 2005 3270 2060 τοῦ
3302 2005 3348 2059 δ’
3399 2005 3430 2073 ή
3467 2003 3564 2071 τῆς
3602 2000 3806 2060 δειλίας
3841 1998 4012 2068 ἤρτη-

738 2114 858 2162 rus,
891 2099 1088 2168 quibus
1125 2115 1189 2152 ne
1223 2100 1416 2152 merito
1450 2098 1587 2151 fialis
1613 2099 1860 2160 obnoxii.
1896 2099 2199 2152 curandum
2231 2115 2321 2152 t-o-
2423 2122 2491 2157 τα

2252 2115 2321 2152 '0-
2423 2122 2517 2157 ται
2546 2103 2775 2173 μέμψις,
2809 2101 2886 2173 τῷ
2916 2101 2973 2154 δὲ
3013 2100 3076 2152 τὸ
3105 2099 3205 2165 τῆς
3242 2095 3581 2165 φιλονεικίας
3618 2091 4010 2155 συνέζευκται,

742 2192 822 2247 bis
861 2203 942 2247 est
975 2201 1027 2246 et
1059 2192 1285 2260 singulis
1314 2201 1366 2246 et
1407 2193 1678 2246 universis
1718 2213 1728 2246 :
1762 2207 1919 2261 atque
1951 2191 2094 2247 enim
2140 2192 2322 2247 omnia
2425 2202 2500 2253 καί

2257 2192 2322 2247 tia
2425 2201 2521 2253 καὶ
2547 2195 2726 2258 ἄλλοις
2752 2194 2888 2248 ἀλλα
2916 2191 3166 2245 σύνεστιν
3192 2189 3360 2258 αίσχη
3391 2205 3406 2220 ·
3437 2182 3518 2249 οἷς
3542 2187 3692 2249 ὅπως
3731 2184 3833 2238 οὐκ
3865 2184 4015 2250 ἐνέξ-

742 2285 1035 2352 plurimum
1074 2284 1320 2337 distanta
1343 2295 1519 2338 vestra
1549 2283 1749 2337 virtute
1769 2292 1822 2336 et
1845 2297 2101 2351 spe,qu:e
2136 2283 2238 2338 sita
2269 2285 2320 2336 in
2428 2292 2500 2344 εσι

2269 2285 2320 2336 ἰ11
2428 2289 2552 2344 εσθε
2613 2288 2874 2352 δικαίως,
2925 2286 3145 2355 ἑκάστῳ
3201 2300 3260 2336 τε
3321 2281 3476 2350 ὑμῶν
3532 2281 3626 2333 καὶ
3673 2280 3844 2332 πᾶσιν
3899 2279 4017 2347 ἀμα

745 2378 899 2431 Vobis
931 2387 1034 2430 est.
1088 2377 1343 2432 Omnium
1399 2392 1584 2446 porro,
1619 2393 1740 2444 quae
1784 2377 1926 2431 dicta
1972 2389 2121 2439 sunt,
2155 2390 2322 2447 caput
2429 2401 2503 2453 πρ

2268 2390 2322 2433 ιιι
2429 2384 2631 2453 πρέπει
2659 2380 2982 2452 φροντίσαι·
3016 2379 3193 2432 πάντα
3218 2376 3328 2446 γὰρ
3357 2374 3562 2443 ὁμοίως
3601 2373 3702 2442 τῆς
3736 2372 4015 2441 ὑμετέρας

749 2473 852 2525 boc
895 2483 978 2526 est
1007 2487 1019 2522 :
1053 2471 1245 2537 reliqui
1296 2480 1443 2524 certe
1487 2484 1681 2523 omnes
1730 2469 1976 2524 homines
2025 2469 2328 2524 manifestis
2431 2479 2503 2545 ἀρ

2263 2471 2328 2523 tis
2431 2475 2636 2545 ἀρετῆς
2672 2473 2769 2528 καὶ
2798 2473 2907 2526 τῶν
2936 2471 3023 2540 ἐφ’
3057 2469 3187 2539 ὑμῖν
3232 2467 3467 2522 ἐλπίδων
3509 2466 3764 2519 πλεῖστον
3798 2463 4017 2531 ἀπέχει.

748 2566 899 2618 hisce
949 2580 1010 2616 ac
1044 2562 1385 2631 perspicuis,
1433 2578 1554 2625 quae
1599 2577 1662 2616 ex
1703 2577 1835 2630 pace
1885 2563 2331 2630 proficiscuntur,
2445 2570 2504 2622 Ἀ

2265 2579 2331 2626 11³,
2445 2570 2734 2622 Ἀπάντων
2783 2566 2840 2620 δέ
2893 2563 3006 2618 τῶν
3054 2560 3365 2628 εἰρημένων
3414 2560 3531 2612 ἐστὶ
3583 2557 3914 2623 κεφάλαιονο
3973 2555 4023 2607 οἱ

750 2657 905 2711 bouis
930 2655 1194 2719 fruentur,
1221 2670 1451 2724 quorum
1481 2654 1585 2708 erit
1609 2653 2034 2723 pulcherrimum
2087 2653 2334 2707 veritatis
2440 2662 2506 2730 μὲ

2269 2653 2334 2705 lis
2440 2662 2539 2730 μὲν
2597 2661 2749 2714 ἄλλοι
2831 2657 3033 2718 πάντες
3090 2654 3371 2722 ἄνθρωποι
3422 2651 3530 2702 τῶν
3578 2648 4027 2718 ὁμολογουμένων

751 2751 1011 2816 cognitio,
1058 2759 1111 2800 ct
1160 2763 1382 2802 suarum
1438 2747 1584 2802 salus
1623 2746 1972 2801 animarum:
2008 2761 2104 2798 vos
2153 2756 2333 2798 autem
2437 2770 2509 2805 τοι

2269 2762 2333 2798 ειη
2437 2752 2646 2805 τούτων
2675 2751 2766 2803 καὶ
2797 2749 2935 2802 πᾶσι
2989 2745 3277 2818 προδήλων
3321 2745 3385 2798 ἐκ
3415 2743 3513 2812 τῆς
3548 2741 3771 2811 εἰρήνης
3803 2739 4027 2807 ἀγαθῶν

753 2844 911 2910 primi
949 2841 1239 2894 utilitatem
1264 2856 1327 2893 ex
1357 2841 1508 2894 bisce
1543 2839 1700 2893 bouis
1727 2838 2139 2908 perspicientes.
2164 2853 2339 2907 eoque
2441 2849 2511 2899 ἀπ

2274 2854 2339 2894 tte
2441 2845 2866 2908 ἀπολαύσονται,
2893 2835 2968 2894 ὧν
3006 2841 3038 2910 ή
3070 2839 3272 2907 γνῶσις
3309 2836 3410 2904 τῆς
3439 2835 3696 2905 ἀληθείας
3731 2833 3883 2902 καὶή
3921 2832 4028 2884 τῶν

756 2937 912 2987 titulo
947 2933 1212 3002 iusigniti,
1238 2931 1383 3001 quod
1415 2947 1508 3000 per
1534 2945 1628 2985 vos
1657 2941 1912 2986 auctores
1945 2930 2031 2984 illa
2064 2934 2115 2984 in
2150 2944 2342 2984 omnes
2441 2943 2512 3009 ψυ

2275 2944 2342 2984 νεα
2441 2940 2628 3009 ψυχῶν
2682 2937 2866 3000 αὐτοῖς
2921 2934 3169 3002 σωτηρία
3214 2931 3276 2984 τὸ
3323 2931 3613 2984 κάλλιστον
3646 2928 3801 2982 ἔσται
3830 2944 3844 2958 ·
3877 2927 4033 2997 ὑμεῖς

756 3025 1033 3084 ﬂuxerint,
1072 3023 1375 3077 mercedem
1429 3022 1595 3078 etiam
1647 3022 1903 3077 utilitatis
1959 3032 2225 3092 percepta:
2276 3023 2344 3076 ab
2444 3035 2500 3088 δὲ

2277 3023 2344 3076 ab
2444 3035 2500 3088 δὲ
2557 3032 2767 3103 πρῶτοι
2832 3028 2940 3084 τῶν
2993 3026 3216 3096 ἀγαθῶν
3261 3025 3620 3094 ἀωνάμενοι.
3661 3023 3754 3076 καὶ
3794 3023 3874 3092 τῷ
3924 3024 4035 3084 τοῖς

758 3119 879 3171 aliis
907 3116 1206 3184 accipietis.
1241 3113 1443 3169 Prmter
1484 3116 1597 3168 haec
1643 3117 1799 3170 adest
1833 3131 2051 3184 quoque
2081 3115 2222 3170 Deus
2251 3131 2344 3169 ve-
2449 3126 2516 3178 πᾶ

2278 3131 2344 3169 θ’
2449 3126 2580 3178 πᾶσι
2621 3123 2874 3192 γενέσθαι
2915 3120 3123 3174 τούτων
3175 3121 3341 3172 αίτιοι
3375 3115 3771 3184 κοσμηθέντες,
3806 3113 3906 3166 καὶ
3937 3115 4036 3181 τῆς

761 3217 998 3260 strorum
1047 3206 1214 3259 animi
1257 3217 1501 3260 motuum
1555 3215 1829 3275 spectator
1861 3214 1915 3260 et
1941 3205 2131 3275 judex,
2180 3222 2340 3275 quem
2371 3211 2414 3268 ς.
2448 3219 2519 3272 τῶ

2281 3223 2340 3258 un
2371 3211 2414 3268 C
2448 3219 2556 3272 τῶν
2583 3216 2761 3272 ἄλλων
2783 3213 3055 3283 ὠφελείας
3099 3210 3328 3279 ἀφέξετε
3356 3209 3485 3270 τοὺς
3521 3207 3771 3277 μισθούς.
3814 3206 3953 3275 Πρὸς
3983 3206 4039 3259 δέ

763 3315 924 3353 nemo
956 3301 1119 3353 latere
1158 3309 1332 3367 potest
1376 3309 1472 3353 aut
1501 3299 1743 3367 segniter
1779 3314 1965 3369 agens,
2002 3309 2097 3354 aut
2125 3300 2348 3354 mollitie
2450 3331 2521 3364 τος

2282 3302 2348 3353 lie
2450 3312 2663 3374 τούτοις
2692 3309 2788 3362 καὶ
2825 3307 2956 3370 Θεὸς
2982 3308 3250 3377 πάρεστιν
3282 3303 3385 3374 ήδη
3421 3302 3529 3354 τῶν
3559 3301 3845 3370 ὑμετέρων
3884 3300 4040 3353 ἐνθυ-

765 3391 963 3450 fluens.
995 3400 1090 3444 aut
1122 3391 1374 3444 carnales
1407 3402 1461 3444 et
1491 3392 1732 3447 caducas
1771 3393 2134 3460 cogitatiOues
2169 3392 2349 3460 operi-
2459 3423 2523 3474 μγ·

2287 3392 2349 3444 ΓῘ-
2459 3404 2729 3474 μημάτων
2778 3401 3022 3468 ἐπόπτης
3096 3398 3191 3452 καὶ
3244 3395 3549 3465 δικαστής·
3607 3393 3667 3447 ὃν
3735 3394 3837 3447 ούκ
3895 3393 4045 3446 ἔστιν

767 3484 868 3536 bus
897 3483 1017 3551 ejus
1049 3483 1389 3537 immiscens.
1424 3481 1579 3537 llunc
1620 3484 1782 3553 igitur
1814 3499 2005 3538 omnes
2039 3499 2150 3553 pra:
2179 3485 2353 3538 oculis
2455 3489 2525 3546 οὗ.

2289 3485 2353 3538 lis
2455 3489 2650 3547 οὐδένα
2687 3491 2933 3560 λαθεῐνῆ
2994 3488 3349 3560 ῥᾳθυμοῦντα
3399 3487 3495 3538 καὶ
3550 3485 4044 3555 βλακευόμενον,ἢ

769 3590 985 3643 semper
1037 3575 1325 3640 habentes,
1376 3585 1428 3629 et
1475 3591 1594 3629 eam
1648 3592 1767 3645 utne
1811 3587 2092 3646 sequetur,
2140 3577 2185 3630 si
2241 3592 2352 3630 rem
2459 3602 2527 3637 au

2292 3592 2352 3628 ειη
2459 3584 2809 3654 σωματικοὺς
2849 3599 3003 3644 τινας
3037 3581 3339 3650 λογισμοὺς
3396 3579 3490 3631 καὶ⁵
3550 3577 3926 3648 προσκαίρους
3954 3577 4050 3628 αύ-

775 3666 1031 3735 ννιυείειιο
1087 3667 1396 3735 gesseritis,
1448 3667 1732 3721 utilitatem
1781 3679 1832 3722 et
1876 3669 2142 3738 gloriam,
2195 3684 2358 3722 omne
2459 3678 2533 3732 τοὶ

2293 3686 2358 3722 ne
2459 3678 2555 3732 τοῦ
2610 3678 2724 3738 τοῖς
2783 3676 2968 3747 ἔργοις
3025 3672 3427 3742 ἀναμιγνύντα.
3489 3669 3691 3724 Τοῦτόν
3750 3686 3809 3722 τε
3868 3669 4051 3721 τοίνυν

774 3759 989 3825 quilem
1037 3759 1178 3826 quod
1205 3759 1550 3826 adversatur,
1585 3758 1836 3815 frivolum
1868 3771 1920 3814 ct
1961 3761 2125 3815 iuauc
2169 3768 2356 3814 ostcn-
2465 3787 2532 3836 πρ

2293 3776 2356 3813 η⁹
2465 3768 2573 3836 πρὸ
2632 3766 2933 3835 ὀφθαλμῶν
2992 3767 3081 3818 ἀεὶ
3139 3766 3232 3817 καὶ
3299 3764 3398 3834 τήν
3453 3767 3516 3816 ἐκ
3577 3761 3673 3814 τοῦ
3749 3761 4051 3830 κατορθοῦν

778 3852 951 3912 detis;
983 3862 1290 3919 exoptatam
1320 3869 1446 3908 vero
1480 3869 1667 3922 pacem
1703 3855 2139 3925 quamcitissime
2159 3869 2224 3910 ac
2253 3855 2360 3907 uti-
2465 3859 2536 3925 ὡς

2297 3855 2360 3907 ti-
2465 3859 2738 3925 ὠφέλειάν
2793 3875 2853 3910 τε
2913 3858 3008 3910 καὶ
3059 3855 3219 3920 δόξαν
3273 3855 3518 3919 ἅπαντες
3569 3855 3806 3923 ἔχοντες,
3854 3852 4055 3921 σαορίιν

781 3941 1045 3995 lissituam
1083 3951 1263 3998 vestro
1303 3944 1520 4000 decreto
1549 3945 1827 4001 saucietis.
2470 3953 2536 4017 με

2470 3953 2569 4017 μὲν
2623 3951 2826 4016 δείξετε
2890 3951 2997 4004 πᾶν
3047 3949 3382 4017 ἐναντίωμα.
3425 3949 3525 4017 τὴν
3588 3947 3642 3999 δὲ
3699 3945 4050 4014 ποθουμένην

2471 4044 2696 4114 εἰρήνην
2727 4045 2811 4097 ὅτι
2841 4043 3075 4112 τάχιστα
3110 4040 3205 4094 καὶ
3240 4037 3696 4105 λυσιτελεστάτην
3728 4035 4052 4106 ψηφιεῖσθε.

3556 4312 4038 4330 ——-_

1647 4462 1877 4548 ΤΟΥ
1954 4459 2333 4549 ΑΥΤΟΥ
2389 4458 2761 4547 ΛΟΓΟΣ
2831 4454 3223 4545 ΤΡΙΤΟΣ

1547 4644 1638 4698 Ἐν
1693 4640 1737 4713 ᾧ
1797 4645 2007 4698 τίθεται
2061 4645 2132 4698 τὰ
2206 4645 2506 4716 ποιήσοντα
2582 4641 2682 4714 τὴν
2754 4637 3016 4711 τοιαύτην
3090 4637 3338 4708 εἰρήνην.

1811 4979 2353 5074 EJUSDEM
2409 4975 2870 5070 ORATIO
2936 4975 3078 5064 Ill

1326 5189 1390 5247 tn
1429 5201 1551 5266 qua
1581 5186 1996 5263 exponuntur
2027 5193 2120 5251 ea,
2165 5194 2281 5258 per
2317 5191 2461 5256 qua:
2495 5192 2619 5256 pax
2657 5168 3027 5252 bujusmodi
3081 5166 3310 5230 confici
3344 5163 3560 5244 possit.

889 5499 1011 5551 llaec
1045 5507 1194 5561 sunt,
1217 5510 1337 5564 quae
1367 5493 1603 5547 maxima
1633 5500 1687 5544 et
1718 5487 2033 5542 dillicillima
2059 5484 2207 5554 pacis
2229 5483 2393 5552 hujus
2428 5485 2477 5543 D
2579 5481 2647 5532 Ἀ

2334 5498 2393 5536 us
2428 5485 2477 5543 D
2579 5481 2647 5532 Ἀ
2693 5478 2792 5546 μὲν
2827 5474 3012 5528 τοίνυν
3041 5471 3300 5541 νενόμικα
3333 5469 3443 5522 τῶν
3469 5467 3566 5536 τῆς
3596 5465 3823 5537 εἰρήνης
3856 5458 4092 5526 ταυτησὶ

823 5591 1214 5660 impedimenta
1244 5591 1420 5641 visum
1447 5586 1511 5638 iri
1547 5582 1878 5642 existimavi,
1910 5595 2031 5649 qurc
2089 5594 2185 5631 vos
2219 5588 2398 5630 tamen
2512 5589 2581 5624 κο

2336 5593 2398 5629 ριι
2512 5568 2850 5638 κωλυμάτων
2900 5566 3133 5635 μέγιστα
3175 5562 3268 5615 καὶ
3319 5559 3726 5629 δυσχερέστατα
3758 5555 3954 5619 δόξειν,
3994 5553 4094 5604 καὶ

819 5646 1233 5735 rutis'derautcs
1258 5678 1408 5731 uiltili
1439 5688 1569 5746 puto
1613 5673 1844 5734 facietis,
1906 5671 1996 5724 scd
2027 5668 2313 5730 ambabus,
2347 5676 2405 5720 ut
2512 5663 2548 5716 ἃ

2347 5676 2405 5720 ιιι
2512 5663 2548 5716 ὃ,
2580 5658 2986 5728 σκοπουμένους
3026 5652 3179 5717 αὖθις
3215 5655 3358 5722 ὑμᾶς
3391 5653 3520 5721 περί
3544 5650 3753 5710 οὐδενὸς
3799 5648 3864 5700 ἂν
3906 5646 4093 5698 ἐκεῖνα

824 5776 999 5835 aiunt,
1033 5771 1286 5824 manibus
1334 5779 1666 5834 strenueque
1720 5779 1906 5833 parem
1981 5758 2405 5826 atnplcctemini,
2516 5756 2582 5806 λό

2342 5758 2405 5817 ti,
2516 5756 2674 5822 λόγου
2723 5749 3068 5820 ποιήσεσθαι,
3097 5747 3212 5802 ἀλλ’
3261 5747 3623 5814 ἀμφοτέραις,
3659 5742 3954 5808 ὃλέγεται,
4002 5736 4100 5789 καὶ

829 5868 961 5920 tultil
995 5863 1495 5936 pzactcrtnittcntcs,
1527 5858 1669 5930 quod
1703 5873 1798 5928 pcr
1845 5871 1942 5911 vos
2013 5852 2128 5910 ficri
2183 5850 2355 5922 possit
2391 5869 2406 5908 :
2522 5864 2581 5916 γε

2341 5859 2406 5908 t:
2522 5844 2782 5916 γενναίως
2839 5840 3229 5913 ἀντιλήψεσθαι
3296 5837 3502 5910 ταύτης
3565 5837 3672 5890 τῶν
3728 5835 3806 5897 εἰς
3866 5831 4099 5898 δύναμιν
