4452 6450
445 399 512 460 77

1561 376 1844 460 ORATIO
1880 396 1974 458 'ttt
2011 402 2107 459 ΛῘ)
2137 403 2516 465 ΞΥΝΟῸΒΜ.

3561 408 3665 470 473

409 511 977 579 ἡκόντωννοὺδοτιοῧν
1057 513 1379 581 παριέντας,
1433 512 1610 565 ταῦτά
1665 515 1820 565 ἐστι’
1873 513 1983 565 τῶν
2015 513 2055 566 Α
2090 534 2167 568 ml}

1908 513 1983 565 ῶν
2015 513 2055 566 Α
2090 518 2274 570 multis
2306 518 2428 572 aliis
2468 517 2870 586 impedimentis
2903 535 2995 584 per
3026 519 3139 572 haec
3176 518 3277 572 tria
3322 520 3401 569 vel
3431 531 3664 587 quatuor

409 607 508 671 μὲν
552 603 766 657 πολλῶν
813 605 1153 670 κωλυμάτων
1198 604 1377 671 τρισὶν
1424 603 1457 674 ἢ
1504 605 1726 671 τέταρσι
1773 606 1984 665 τούτοις

408 695 900 762 συνεξαιρεθέντων
932 713 944 726 ·
980 695 1014 748 ἃ
1051 698 1282 750 δὲκατά
1332 699 1539 749 τοὺτων
1584 697 1853 748 τοσοὺτων
1897 697 1987 749 δν.

404 803 512 837 των
552 785 679 852 ἐξῆν
707 789 904 850 εἰπεῖν,
946 787 1058 838 τῶν
1092 788 1368 840 πλείστων
1407 789 1520 848 τοῖς
1559 787 1766 839 ἕκαστα
1799 787 1986 853 βουλο-

409 879 593 945 μένοις
643 879 1078 931 ἐπισκέπτεσθαι
1135 877 1524 947 παρειμένων·
1557 877 1676 944 ἐμοὶ
1732 878 1841 945 γὰρ
1890 879 1987 946 τὴν

405 970 633 1020 ἐκείνων
683 970 1058 1038 ὑπογράφοντι
1109 971 1293 1038 φύσιν,
1327 971 1422 1023 καὶ
1452 968 1605 1022 ταῦτ’
1632 970 1809 1033 ἔδοξεν
1850 970 1986 1021 ἀπο-

407 1061 566 1130 χρῆν.
601 1062 717 1114 Ἐπ’
749 1064 883 1116 αὐτὸ
914 1063 967 1115 δὲ
999 1062 1185 1114 λοιπὸν
1215 1063 1276 1115 τὸ
1310 1062 1420 1124 τῶν
1473 1062 1647 1128 λόγων
1697 1061 1987 1129 βαδιοῦμαι

406 1151 731 1220 κεφάλαιον·
766 1171 800 1206 κ
837 1154 860 1206 ὶ
894 1153 961 1206 τά
1015 1155 1311 1222 ποιήσοντα
1355 1153 1454 1222 τὴν
1511 1154 1735 1222 εἰρήνην
1779 1153 1988 1220 ταύτην

409 1247 560 1311 ὑμῖν,
597 1249 735 1315 μετά
786 1246 884 1315 τῆς
937 1246 1151 1299 ἀνωθεν
1202 1245 1481 1316 βοηθείας,
1517 1245 1884 1314 ὑπομνήσκων
1914 1243 1987 1308 ὡς

408 1335 582 1400 οὕτως
618 1341 792 1391 εἰπεῖν
831 1339 926 1392 καὶ
964 1340 1123 1407 μόνον
1152 1337 1480 1405 ἁπτόμενος,
1513 1337 1746 1408 ἔρχομαι
1771 1334 2002 1402 δείξὼν.,

409 1430 530 1481 Τῶν
577 1431 674 1499 μὲν
706 1431 816 1501 γὰρ
872 1432 1226 1499 ὑποσχέσεων
1258 1430 1397 1499 αὕτη
1453 1431 1639 1501 λοιπὴ,
1668 1431 1763 1482 καὶ
1819 1429 1990 1498 μείζω

408 1524 640 1594 δῦναμιν
684 1523 906 1593 ἔχουσα.
941 1523 1081 1578 Οὔτε
1132 1523 1188 1576 δέ
1229 1522 1472 1592 ήγοῦμαι
1526 1524 1712 1588 σοφοῖς
1762 1523 1990 1593 ἀνδράσι

407 1619 502 1668 καὶ
538 1615 844 1684 πνεὺματος
880 1616 1115 1684 γέμουσι
1155 1617 1248 1668 καὶ
1301 1614 1566 1685 φρονήσει
1594 1614 1989 1682 διοικουμένοις

411 1710 769 1777 μακροτέρων
797 1709 938 1776 ὕπέρ
961 1710 1194 1762 ἐκάστου
1229 1707 1403 1774 λόγων
1429 1705 1668 1773 δεήσειν,
1686 1707 1800 1760 οὔτ’
1827 1710 1990 1771 αὐτὸς

409 1799 507 1860 εἰς
546 1800 736 1868 χρείας
770 1804 1185 1868 περισσοτέρως
1214 1800 1500 1869 χρώμενος
1538 1802 1714 1870 Αόγοις
1740 1799 1864 1868 οὐχὶ
1895 1801 1988 1854 καὶ

410 1890 794 1956 προσενοχλεῖν
833 1892 898 1944 ἂν
931 1892 1288 1961 ὑπειλῆφθαι.

499 1979 639 2046 Ἐγὼ
681 1983 808 2051 γὰρ,
844 1975 888 2036 ὦ
919 1984 1164 2053 Πατέρες
1218 1987 1530 2054 σεϐάσμιοι,
1578 1987 1799 2055 θεωρῶν
1842 1985 1992 2054 εὑρίέ

410 2089 548 2138 σκω,
580 2074 863 2145 πόρρωθεν
891 2076 992 2146 τὴν
1023 2079 1303 2145 ἡμετέραν
1349 2081 1637 2134 διάστασιν
1668 2078 1988 2147 ἀρξαμένην

409 2164 539 2232 ἄχρι
592 2165 748 2220 τοῦδε
807 2169 938 2238 παρ’
991 2170 1120 2240 ὑμῖν
1182 2171 1275 2224 καὶ
1338 2170 1568 2241 βλάϐους
1632 2169 1831 2225 πολλοῦ
1895 2169 1991 2224 καὶ

410 2259 680 2329 ὠφελείας
730 2261 826 2333 οὐχ
874 2264 1099 2335 ἥττονος
1139 2265 1324 2319 αἰτίαν
1375 2260 1565 2328 οὖσαν,
1603 2265 1696 2318 καὶ
1748 2262 1843 2317 τοῦ
1893 2264 1992 2333 μέν

410 2355 572 2408 ἄλλου
603 2357 978 2426 μετασχόντας
1004 2358 1133 2420 τοὺς
1167 2358 1274 2427 πρὸ
1305 2359 1485 2428 ήμῶν,
1517 2356 1616 2428 τῆς
1645 2359 1687 2411 δ’
1722 2355 1994 2424 ὠφελείας

412 2447 664 2516 πρώτους
694 2450 867 2516 ἡμᾶς,
899 2448 966 2502 ἂν
999 2449 1160 2516 μόνον
1191 2449 1531 2517 θελήσωμεν,
1558 2449 1988 2512 ἀπολαύσοντας.

426 2539 514 2590 Ἐν
547 2541 656 2609 γὰρ
683 2540 761 2608 τῷ
792 2540 1049 2593 τοσοῦτον
1097 2542 1196 2611 ήδη
1229 2542 1424 2611 χρόνον
1454 2543 1703 2611 ἀλλήλοις
1736 2544 2012 2609 πολεμεῖν,

412 2630 765 2696 ἁδιάλλακτα,
800 2635 1083 2701 προσεῖναι
1113 2634 1168 2685 δὲ
1201 2634 1483 2702 ἑκατέροις
1515 2634 1674 2696 δόξαν
1705 2634 1798 2686 ἐπὶ
1829 2635 1994 2702 σοφία.

413 2718 510 2772 καὶ
540 2719 601 2771 τὸ
629 2719 717 2772 διὰ
749 2722 970 2774 πάντων
993 2722 1232 2792 ἀξίωμα.
1259 2731 1353 2776 καὶ
1378 2725 1464 2777 διὰ
1493 2723 1666 2778 ταῦτα
1699 2724 1992 2793 βούλεσθαι

416 2812 574 2881 νικᾷν
619 2813 684 2866 ἐκ
733 2814 1077 2883 περιουσίας,
1123 2814 1234 2866 οὐδ’
1297 2815 1558 2884 ἀριθμεῖν
1612 2816 1766 2868 ἐστιν
1822 2817 1998 2870 ὁπόσα

417 2907 540 2959 κατ’
571 2907 818 2976 ἀλλήλων
855 2911 1304 2979 συγγεγραφότες
1331 2910 1422 2962 ἐπὶ
1454 2911 1664 2978 καιρῶν
1691 2911 1789 2963 οὐκ
1820 2910 1996 2980 ὠκνή-

416 3017 594 3066 σαμεν
641 3000 907 3066 ἀλλήλους
960 3005 1073 3064 τοῖς
1125 3001 1449 3071 ἀνηκέστοις
1516 3003 1854 3071 περιϐαλεῖν,
1904 3004 1997 3056 καὶ

417 3091 587 3156 δεῖξαι
615 3093 834 3146 πάντων
875 3093 1184 3164 ἀνθρώπων
1215 3095 1386 3166 χείρω
1415 3096 1776 3165 νοσήσαντας.
1809 3096 1996 3150 Ταῦτα

2091 609 2306 662 simule
2340 609 2518 662 medio
2575 607 2835 664 sublatis.
2892 608 3039 663 Satis
3095 624 3222 662 vero
3283 609 3412 663 mihi
3479 612 3665 664 videor

2090 713 2277 752 eorum
2304 698 2646 754 describendi
2704 706 2955 753 naturam
3013 701 3238 767 dixisse,
3297 701 3561 768 expositis
3598 701 3665 752 iis

2091 806 2211 856 quze
2241 801 2432 845 contra
2462 806 2549 846 res
2581 792 2715 846 tanti
2744 793 3005 844 momenti
3040 792 3225 844 dicere
3259 794 3405 859 potui
3462 791 3665 844 relictis

2091 882 2358 948 plurimis,
2398 892 2542 960 utea
2576 883 2778 945 dicant.
2807 885 2897 953 qui
2932 883 3145 953 singula
3181 883 3373 937 voluut
3435 899 3661 951 perpen-

2091 971 2239 1029 dere.
2276 975 2352 1028 Ad
2374 975 2550 1043 ipsum
2586 992 2709 1030 vero
2732 977 2840 1045 jam
2871 993 3183 1032 sermonum
3219 990 3467 1030 meorqu
3501 987 3664 1042 caput

2090 1063 2368 1125 accedam.
2399 1063 2784 1121 declaraturus
2818 1067 2993 1129 vobis.
3035 1066 3126 1121 Dei
3169 1067 3388 1120 favente
3438 1066 3664 1129 auxilio,

2095 1170 2188 1223 per
2218 1171 2339 1224 quae
2367 1173 2466 1225 pax
2502 1163 2613 1212 haec
2632 1158 2826 1213 conﬂci
2856 1164 3051 1226 possit,
3089 1159 3155 1213 ad
3185 1159 3500 1212 memoriam
3545 1173 3663 1222 vos,

2095 1257 2153 1301 ut
2183 1249 2256 1302 ita
2285 1249 2488 1310 dicam.
2517 1265 2808 1315 revocans,
2829 1262 2990 1318 atque
3019 1264 3082 1303 ea
3132 1257 3338 1303 tantum
3368 1249 3662 1318 attingens.

2094 1339 2420 1392 Solvendqu
2449 1341 2591 1394 enim
2636 1342 2737 1395 hoc
2768 1351 2934 1396 restat
2957 1341 3312 1408 promissum,
3333 1338 3476 1407 quod
3504 1341 3663 1392 etiam

2095 1433 2217 1504 plus
2251 1434 2408 1488 habet
2437 1434 2710 1500 ponderis.
2739 1434 2874 1490 Cum
2910 1448 3075 1502 porro
3120 1431 3251 1486 mihi
3308 1431 3666 1500 sitagcndum

2093 1539 2215 1580 cum
2255 1525 2383 1578 viris
2412 1525 2607 1589 doctis,
2675 1535 2730 1579 et
2784 1525 2976 1592 spiritu
3041 1525 3236 1594 plenis,
3297 1537 3490 1590 resque
3538 1537 3669 1576 suas

2093 1631 2217 1670 cum
2255 1618 2541 1686 prudentia
2571 1617 3001 1678 moderantibus,
3039 1632 3144 1672 non
3184 1625 3344 1671 erunt
3391 1630 3546 1682 opus.
3581 1629 3670 1665 ar-

2096 1707 2288 1766 bitror.
2323 1707 2374 1761 in
2403 1708 2634 1778 singulis
2657 1707 2798 1777 longi
2825 1723 3125 1772 sermones,
3160 1718 3212 1762 et
3271 1708 3388 1772 ipse
3446 1705 3491 1759 si
3543 1706 3668 1772 plu-

2095 1800 2244 1853 ribus
2275 1815 2439 1862 quam
2473 1815 2562 1854 res
2591 1801 2846 1869 postulet,
2878 1801 3059 1855 verbis
3093 1816 3226 1855 usus
3261 1801 3435 1860 fuero.
3472 1799 3671 1852 merito

2092 1889 2258 1942 etiam
2287 1889 2552 1944 molestus
2580 1905 2701 1945 esse
2731 1891 3108 1945 existimabor.

2166 1979 2278 2050 Ego
2316 1984 2486 2044 enim.
2529 1985 2820 2040 venerandi
2886 1984 3094 2045 Patres.
3158 1999 3365 2039 mecum
3424 1983 3671 2052 cegitaus

2096 2073 2331 2141 reperio.
2367 2073 2792 2143 disiunctionem
2820 2086 3062 2131 uostram
3094 2077 3205 2144 jam
3235 2076 3365 2129 olim
3424 2084 3669 2130 exortam

2096 2165 2162 2221 ad
2197 2167 2310 2221 haec
2332 2182 2506 2236 usque
2543 2178 2728 2224 nostra
2765 2179 3008 2238 tempora
3036 2178 3090 2224 et
3123 2169 3305 2224 damni
3341 2183 3447 2221 non
3486 2166 3670 2234 exigui

2094 2267 2144 2312 et
2177 2274 2284 2312 non
2314 2259 2541 2314 minoris
2572 2260 2825 2315 utilitatis
2850 2275 3070 2316 causam
3097 2275 3218 2315 esse
3252 2278 3264 2313 :
3301 2269 3356 2313 et
3418 2260 3509 2312 illo
3542 2259 3664 2327 qui-

2094 2348 2214 2404 dem
2252 2349 2480 2406 aﬂectos
2518 2366 2642 2407 esse
2693 2351 2929 2418 majores
2965 2362 3201 2414 nostros,
3254 2351 3484 2404 utilitate
3543 2364 3672 2402 vero

2094 2458 2199 2498 nos
2222 2443 2445 2512 primos,
2472 2444 2514 2499 si
2550 2444 2710 2498 modo
2742 2443 3002 2510 velimus,
3069 2443 3452 2511 perfruituros.
3515 2441 3671 2508 Quod

2095 2538 2239 2591 enim
2274 2545 2423 2591 tanto
2461 2539 2570 2608 jam
2603 2549 2847 2607 tempore
2903 2538 3040 2593 bella
3103 2539 3241 2592 inter
3292 2552 3395 2591 nos
3456 2537 3670 2590 seclusa

2100 2631 2491 2685 conciliatione
2516 2629 2876 2698 gesserimus,
2919 2640 2972 2684 et
2994 2645 3121 2700 pars
3145 2639 3375 2698 utraque
3408 2628 3673 2682 doctrinm

2099 2721 2410 2790 opinionem
2435 2721 2656 2787 habeat,
2691 2723 2952 2791 omnique
3011 2719 3277 2790 dignitate
3334 2718 3671 2788 praefulgent,

2099 2822 2152 2866 et
2201 2814 2329 2867 velit
2384 2824 2670 2883 propterea
2729 2815 2977 2884 pluribus
3025 2813 3328 2868 rationibus
3384 2809 3683 2874 victoriam,

2101 2908 2202 2962 sibi
2243 2923 2520 2978 arrogare,
2553 2909 2830 2964 numerari
2898 2923 3004 2962 non
3055 2918 3280 2976 possunt
3337 2919 3678 2972 quaecunque

2102 3016 2198 3071 per
2220 3001 2435 3072 singula
2457 3011 2700 3071 tempora
2725 3003 2946 3070 utrique
2978 2998 3493 3067 conscripserimus,
3518 2993 3675 3049 alteri

2104 3094 2302 3148 alteros
2353 3094 2514 3148 malis
2569 3093 2908 3162 gravissimis
2965 3106 3197 3146 onerare
3225 3106 3331 3144 non
3367 3089 3677 3143 dubitantes

418 3189 466 3238 δέ
501 3185 680 3241 πάντα
720 3188 1079 3256 συκοφαντίαι
1121 3192 1265 3252 τινές
1314 3191 1453 3242 είσιν
1500 3192 1563 3242 ἐκ
1593 3189 1693 3259 τῆς
1727 3191 1856 3259 περὶ
1894 3192 1993 3260 τὴν
2024 3178 2072 3242 C
2104 3194 2156 3241 et

1921 3192 1993 3260 ’ὴν
2024 3178 2072 3242 C
2104 3194 2156 3241 et
2175 3188 2465 3242 ostendere
2503 3185 2647 3241 inter
2676 3200 2865 3242 omnes
2897 3184 3146 3238 homines
3178 3181 3372 3235 morbo
3440 3179 3679 3249 pessimo

420 3279 601 3346 μάχην
632 3278 903 3346 ἀνάγκης,
931 3278 1026 3329 καὶ
1052 3278 1230 3345 λόγων
1271 3276 1592 3347 ὑπερϐολαὶ,
1623 3277 1875 3348 καθάπερ
1907 3278 2000 3331 ἐπὶ

420 3373 600 3440 πάσης
635 3371 954 3438 συμϐαίνειν
982 3371 1172 3423 εῖωθεν
1200 3371 1374 3440 ἔριδος
1401 3389 1415 3403 ·
1448 3371 1539 3439 ὑφ’
1567 3365 1642 3424 ὧν
1667 3372 1842 3442 δήπου
1875 3374 2003 3436 τοὺς

420 3465 830 3533 ἁπλουστέρους
881 3466 1352 3528 ἀναπεισθέντας·
1383 3467 1547 3534 μέχρι
1596 3467 1688 3518 καὶ
1739 3466 1848 3520 τῶν
1899 3467 2006 3530 ἔξω

423 3555 762 3608 τοὺτωνκαὶ
816 3557 1162 3623 φαινομένων
1213 3556 1450 3608 ἐκτεῖναι
1497 3557 1597 3623 τὴν
1655 3554 1879 3623 ἔχθραν,
1909 3555 2004 3622 ἔθη

424 3649 542 3700 τινὰ
572 3648 664 3700 καὶ
691 3649 759 3699 τὰ
795 3648 924 3716 περὶ
955 3647 1054 3716 τὴν
1086 3648 1387 3717 θρησκείαν
1421 3648 1613 3717 ἔχοντα
1643 3649 2006 3719 διασύροντας

426 3758 477 3794 τε
515 3742 609 3794 καὶ
660 3741 975 3809 μισοῦντας,
1006 3738 1087 3801 οἷς
1135 3742 1515 3805 ἀνεξετάστως
1557 3743 1824 3811 πρότερον
1855 3743 2004 3811 ἔχαι-

425 3852 538 3902 ρον.
566 3833 639 3885 Τὸ
666 3833 709 3885 δ’
743 3833 876 3885 αὐτὸ
906 3831 1062 3884 τοῦτο
1095 3835 1185 3885 καὶ
1216 3833 1351 3902 πρὸς
1375 3833 1472 3901 τὴν
1504 3834 1787 3903 παροῦσαν
1815 3837 2007 3905 χρείαν

426 3923 872 3976 λυσιτελέστατον
922 3922 1112 3990 ἔτυχεν
1172 3922 1251 3982 ὃν,
1290 3921 1380 3974 καὶ
1444 3921 1578 3988 πρὸς
1635 3922 1733 3991 τήν
1786 3922 2010 3991 εἰρήνην

427 4017 575 4082 μέγα
622 4015 895 4083 βοήθημα.
956 4015 1142 4067 Πᾶσαν
1199 4015 1308 4084 γὰρ
1371 4014 1596 4083 Γραφὴν
1657 4014 2011 4083 διερευνησά-

427 4125 605 4178 μενοι,
649 4107 744 4160 καὶ
777 4108 866 4160 τὸν
897 4106 1024 4159 νοῦν
1051 4107 1404 4167 ἐπιϐαλόντες
1440 4109 1503 4175 τῇ
1565 4106 1777 4175 σκέψει,
1815 4108 1884 4158 τὰ
1917 4108 2011 4160 δυ-

429 4202 636 4269 νάμενα
687 4203 752 4269 τῇ
805 4203 956 4268 σφῶν
1006 4200 1132 4269 δόξῃ
1183 4201 1528 4268 συνηγορεῖν,
1558 4201 1660 4252 ὅσα
1703 4217 1762 4252 τε
1798 4201 1878 4263 είς
1923 4200 2014 4253 λοε-

429 4297 664 4365 γισμοὺς
719 4297 868 4363 ἥκει,
906 4295 1002 4348 καὶ
1035 4297 1135 4348 ὅσα
1175 4295 1312 4365 πρὸς
1359 4295 1457 4363 τὴν
1502 4297 1566 4349 ἐκ
1614 4298 1724 4350 τῶν
1779 4297 2015 4366 Γραφῶν

431 4389 751 4459 συμμαχίαν
782 4388 1024 4456 ἐξεῦρον,
1064 4389 1138 4450 ὠς
1170 4389 1422 4457 μηδόλως
1468 4389 1867 4444 ὑπολείπεσθαι
1901 4393 2014 4455 τοῖς

413 4483 570 4557 ’μετὰ
602 4481 778 4534 ταῦτα
810 4482 1241 4550 προσεπινοήσαί
1269 4499 1320 4532 τι
1353 4483 1448 4533 καὶ
1495 4482 1920 4552 προσεξευρεῖν⁸
1959 4483 2016 4549 ἐξ
2054 4529 2098 4584 D

440 4567 1382 4584 η.--,.,.......
1627 4573 1638 4584 .
1873 4573 1953 4584 .-

433 4567 508 4627 ὧν
537 4575 695 4639 ὑμεῖς
729 4571 1046 4642 δυνηθείητ’
1071 4570 1136 4625 ἂν
1164 4571 1264 4624 σὺν
1296 4571 1539 4624 ἐλάττονι
1573 4573 1720 4641 πόνῳ
1761 4573 2017 4640 γενέσθαι

435 4671 530 4734 τῆς
561 4665 819 4734 ἀληθείας
849 4664 1097 4733 εὔστοχοι
1124 4665 1379 4717 δικασταί
1401 4679 1415 4692 ο
1443 4664 1565 4717 οὑδέ
1587 4665 1772 4734 δεήσει
1801 4665 2020 4734 βίϐλους

436 4758 858 4825 ἀκαλεγομένοις
903 4755 1161 4811 κάκεῖθεν
1209 4756 1276 4810 τὰ
1331 4755 1622 4824 πρόσφορα
1666 4756 2024 4825 προσλαμϐά-

439 4852 704 4920 νουσιν,ἢ
749 4849 880 4919 παρ’
931 4848 1140 4902 ἐαυτῶν
1175 4848 1342 4916 σοφόν
1387 4865 1438 4901 τι
1491 4849 1876 4917 ποριζομένοις
1926 4851 2022 4903 καὶ

442 4945 546 5005 τοῖς
607 4940 1018 5010 γεγραμμένοις
1089 4940 1395 5007 ἑπόμενον,
1455 4939 1551 5006 τᾲς
1627 4940 1787 5003 δόξας
1853 4940 2024 5010 ἄμφω

445 5034 738 5104 γυμνάζειν
764 5050 778 5064 ·
813 5033 933 5087 ἀλλ’
960 5034 1126 5103 ἀρκεῖ
1152 5035 1264 5096 τοῖς
1297 5034 1401 5088 ὑπὸ
1429 5034 1540 5088 τῶν
1576 5035 1757 5090 ἀλλων
1802 5036 2027 5106 ἐξευρη-

440 5131 625 5197 μένοις
653 5125 993 5196 χρωμένους,
1029 5127 1124 5180 καὶ
1155 5124 1314 5179 ταῦθ’
1348 5125 1556 5179 ἐκαστα
1588 5128 2021 5195 σκοπουμένους,

438 5221 538 5289 τὴν
572 5218 749 5288 ἀληθῆ
806 5217 902 5270 καὶ
941 5217 1159 5270 δικαίαν
1203 5218 1385 5288 ψῆφον
1422 5218 1714 5288 ¹ἐκφέρειν.
1755 5216 1925 5288 Οἶμαι
1969 5219 2027 5273 δέ

445 5315 541 5368 καὶ
579 5313 712 5365 Θεὸν
763 5311 927 5364 αὐτὸν
985 5311 1268 5363 συνειδότα
1311 5311 1548 5382 δυσχερῆ
1603 5313 1702 5377 τὴν
1758 5315 2026 5383 περὶτῶν

447 5401 822 5472 προκειμένων
876 5400 1060 5469 κρίσιν
1116 5399 1467 5469 ὑπάρξουσαν
1523 5402 1635 5463 τοῖς
1674 5419 1734 5454 τε
1788 5402 2028 5471 πρώτοις

441 5492 603 5556 εὐθὺς
649 5492 978 5562 ἀρξαμένοις
1029 5492 1161 5562 περὶ
1218 5491 1429 5547 τούτων
1488 5493 1880 5563 ἀμφισϐητεῖν,
1935 5497 2029 5548 καὶ

445 5586 628 5654 πολλῷ
666 5585 870 5654 μᾶλλον
896 5587 1009 5647 τοῖς
1039 5584 1422 5655 ἐκδεξαμένοις
1453 5584 1549 5655 τὴν
1581 5586 2025 5655 ἀμφισϐήτησιν,

442 5673 520 5731 ὧν
547 5678 595 5729 oi
627 5679 724 5747 μέν
759 5678 864 5728 ὑπὸ
915 5678 1024 5729 τῶν
1064 5677 1472 5745 ἀντικειμένων
1503 5676 1720 5743 φωνῶν,
1757 5678 1805 5729 oi
1837 5677 1881 5729 δ’
1924 5678 2030 5729 ὑπὸ

445 5772 554 5824 τῶν
586 5771 810 5832 ταὺταις
845 5771 1292 5839 συνηγορούντων
1319 5770 1494 5838 λόγων
1518 5767 1899 5835 ἐθορυϐοῦντο,
1936 5770 2028 5833 οὖς

455 5866 672 5929 τελιίονς
715 5866 803 5920 ἀεὶ
848 5866 941 5920 καὶ
998 5863 1390 5934 σφοδροτέρους
1444 5861 1790 5932 ἀνεὲρεσκον,
1831 5864 2025 5935 μέχρις

2103 3293 2416 3348 oppressos.
2455 3278 2578 3334 Haec
2623 3294 2786 3348 porro
2841 3277 3026 3332 omnia
3077 3275 3368 3330 calumnia:
3431 3274 3680 3342 quretlarn

2107 3383 2258 3437 sunt,
2282 3389 2421 3443 quas
2445 3388 2635 3442 pugna:
2665 3372 2964 3425 necessitas
2994 3368 3222 3438 peperit,
3285 3376 3338 3422 et
3382 3366 3676 3420 verberum

2107 3479 2385 3526 excessus.
2421 3472 2478 3517 ut
2506 3462 2707 3517 assolet
2742 3462 2796 3515 in
2855 3462 3004 3514 omni
3058 3457 3430 3518 contentione,
3486 3455 3686 3524 quibus

2108 3555 2352 3625 profecto
2379 3553 2743 3621 simpliciores
2785 3549 3054 3617 persuasi,
3083 3545 3394 3599 inimicitias
3426 3541 3681 3609 usquead

2107 3645 2381 3700 exteriora
2443 3645 2557 3698 hzee
2584 3651 2638 3696 et
2695 3639 3012 3709 apparentia
3074 3642 3483 3704 protraxerunt,
3543 3632 3682 3685 ritus

2109 3740 2370 3809 quosdam
2395 3745 2447 3792 et
2475 3735 2856 3796 caeremonias,
2888 3745 3009 3801 quae
3041 3729 3150 3784 illis
3184 3740 3337 3782 antea
3402 3723 3518 3780 sine
3573 3724 3682 3777 ulla

2110 3829 2499 3899 disquisitione
2530 3827 2685 3881 valde
2716 3825 3020 3895 placebant,
3050 3819 3490 3891 proscindeutes.
3521 3815 3682 3892 odiof

2112 3938 2219 3992 que
2251 3922 2537 3976 habentes.
2571 3917 2771 3973 Verum
2798 3919 2902 3971 hoc
2933 3917 3075 3970 idem
3102 3923 3155 3967 et
3186 3913 3282 3977 rei,
3334 3926 3454 3979 que
3483 3908 3684 3977 agitur.

2116 4010 2381 4066 conducit
2413 4007 2670 4072 maxime,
2702 4017 2757 4061 et
2790 4006 2855 4059 ad
2886 4003 3284 4060 conﬁciendam
3342 4016 3532 4070 pacem
3577 4014 3692 4050 mn-

2111 4119 2227 4174 guo
2253 4109 2336 4156 est
2364 4101 2678 4168 adjumento
2714 4117 2727 4152 :
2761 4108 2931 4153 totam
2981 4098 3127 4151 enim
3184 4095 3522 4164 Scripturam
3573 4105 3696 4163 per-

2116 4193 2372 4255 scrutati,
2401 4192 2694 4261 studioque
2737 4191 2806 4246 ad
2866 4191 3371 4244 considerationem
3423 4189 3695 4250 adhibito,

2116 4303 2235 4355 quze
2258 4301 2369 4340 suae
2401 4293 2632 4355 possent
2661 4283 2846 4340 favere
2883 4285 3190 4348 sententiae,
3236 4282 3350 4337 sive
3399 4281 3696 4337 ratiocina-

2119 4377 2380 4444 tionibus,
2409 4379 2524 4432 sive
2550 4376 2684 4430 locis
2711 4375 2764 4429 in
2797 4390 2910 4430 rem
2945 4376 3164 4446 utrique
3191 4388 3394 4428 suame
3416 4372 3697 4441 Scriptura

2122 4471 2461 4539 depromptis
2512 4469 2936 4532 adinvenerunt,
2966 4477 3024 4521 ut
3044 4467 3179 4520 nihil
3204 4465 3430 4520 omnino
3459 4465 3697 4534 supersit

2125 4563 2358 4632 posteris
2395 4562 2459 4618 ad
2499 4561 2944 4632 excogitandum,
2989 4575 3084 4627 per
3116 4575 3236 4627 qua:
3293 4574 3390 4613 vos
3446 4557 3700 4624 poteritis

2127 4655 2325 4710 minori
2353 4670 2474 4709 cum
2529 4654 2720 4708 labore
2775 4666 2929 4707 acres
2987 4652 3102 4707 tieri
3150 4651 3362 4720 judiees
3410 4651 3654 4706 veritatis
3683 4667 3706 4704 :

2126 4763 2226 4802 nec
2251 4762 2389 4816 opus
2413 4746 2515 4801 erit
2541 4747 2708 4800 libros
2756 4745 3024 4809 evolvere,
3077 4755 3243 4814 atque
3307 4744 3434 4798 inde
3486 4759 3709 4799 sumere

2128 4854 2249 4909 qua:
2287 4838 2354 4892 ad
2382 4853 2496 4893 rem
2538 4838 2766 4902 faciunt,
2797 4847 2892 4891 aut
2924 4851 3018 4906 per
3044 4851 3138 4890 vos
3199 4835 3421 4889 doctum
3484 4832 3704 4903 aliquod

2129 4941 2183 4987 et
2213 4947 2336 4986 cum
2369 4931 2591 4998 scriptis
2621 4944 2936 4998 congruens
2983 4939 3363 4998 argumentum
3419 4926 3709 4981 commini-

2130 5024 2207 5078 sci
2258 5023 2322 5075 ad
2368 5019 2793 5076 examinandam
2858 5029 3146 5089 utramque
3203 5018 3542 5087 opinionem,
3610 5016 3709 5070 sed

2128 5113 2264 5168 satis
2293 5111 2686 5166 eritadhibere
2709 5124 2832 5180 quae
2879 5117 3008 5164 sunt
3053 5110 3121 5162 ab
3173 5109 3296 5162 aliis
3355 5108 3601 5171 inventa,
3653 5115 3712 5160 et

2133 5205 2346 5274 singula
2381 5204 2684 5272 ponderare
2716 5202 2782 5256 ad
2814 5217 3001 5256 veram
3053 5203 3369 5270 instantque
3432 5199 3711 5252 ferendam

2133 5299 2485 5355 sententiam.
2523 5298 2661 5351 l’uto
2698 5307 2876 5350 autem
2912 5307 2964 5351 et
3005 5296 3171 5350 Deum
3205 5298 3406 5365 ipsum,
3456 5293 3601 5363 quod
3638 5294 3718 5346 vi-

2131 5390 2564 5459 deretjudicium
2596 5392 2661 5443 de
2688 5404 2745 5443 re
2798 5390 3074 5458 proposita
3133 5389 3247 5442 fore
3303 5386 3544 5448 diﬂicile,
3597 5397 3712 5439 tum

2134 5487 2200 5540 iis
2233 5486 2325 5554 qui
2397 5484 2557 5552 primi
2612 5483 2862 5538 dubitare
2925 5492 3231 5551 cmperunt,
3292 5491 3490 5536 tumet
3550 5468 3741 5534 multo.

2133 5579 2306 5648 magis
2340 5580 2406 5633 iis
2432 5577 2525 5648 qui
2564 5575 2844 5631 subsecuti
2877 5587 3024 5643 sunt,
3057 5591 3290 5645 quorum
3353 5577 3566 5645 aliquos
3609 5585 3724 5626 tur-

2132 5673 2333 5725 babaut
2371 5685 2534 5724 voces
2568 5667 2854 5736 Opposita,
2892 5667 3103 5737 aliquos
3134 5685 3261 5723 vero
3305 5669 3566 5731 rationes,
3601 5668 3724 5736 qui-

2132 5769 2234 5823 bus
2271 5768 2369 5820 ille
2406 5767 2729 5835 probantur,
2765 5775 2817 5818 et
2847 5781 2984 5833 quas
3025 5763 3099 5817 illi
3152 5779 3363 5831 semper
3417 5763 3598 5831 plures
3672 5775 3725 5816 ct

2135 5859 2387 5914 fortiores
2418 5857 2780 5924 inveniebant,
2813 5871 2999 5927 pacem
3059 5871 3229 5927 usque
3288 5855 3354 5909 ad
3384 5870 3480 5910 \‘us
3538 5868 3726 5923 prmu-
