4452 6450
713 431 820 495 479

1812 427 2203 490 GENNADII
2245 426 2358 486 ΕΡ.
2413 426 2636 485 PATRI
2663 427 2927 487 \RCH/E

3880 423 3988 488 480

718 552 900 608 gasse,
940 552 1174 607 quorum
1211 537 1483 606 praecipue
1509 536 1597 592 illa
1629 552 1767 608 opus
1798 538 2093 591 exstiterit.
2117 533 2303 603 Neque
2336 541 2375 592 Α
2409 535 2476 602 ὑμ

2237 549 2303 586 ue
2336 541 2375 592 Α
2409 535 2563 602 ὑμῶν
2620 536 2722 604 τὴν
2771 537 2996 606 εἰρήνην
3048 536 3452 596 ἀναϐαλέσθαι.
3509 527 3584 590 ὧν
3643 536 3862 607 μάλιστ’
3921 539 3987 591 ἀν

721 632 864 686 enim
901 641 1114 685 vestras
1145 630 1211 684 de
1246 645 1377 699 pace
1435 632 1792 700 cogitationes
1848 630 2002 684 tollet
2053 627 2299 684 certandi

721 721 988 782 studium,
1021 737 1199 790 neque
1239 737 1510 789 apparens
1544 721 1913 790 discrepantia
1951 735 2048 773 vos
2115 718 2300 770 turba-

721 811 820 871 bit.
856 818 912 863 ut
939 827 1131 866 carum
1194 827 1315 880 qua:
1345 813 1604 879 utrinque
1659 822 1787 864 sunt
1819 811 2134 880 Suspicione
2165 806 2302 862 diﬂi‘

727 903 991 956 cultatnm
1029 913 1082 958 et
1117 905 1509 972 periculorum,
1547 904 1898 957 temerarium
1926 919 2048 958 eSse
2101 903 2167 954 de
2221 901 2305 956 his

724 995 928 1062 aliquid
966 996 1316 1063 pronuntiare
1347 995 1694 1049 existimetis.
1724 996 1903 1061 Quare
1935 1011 1998 1047 ex
2042 996 2143 1048 hoc
2172 1005 2306 1047 tem-

726 1089 879 1157 poris
922 1089 1180 1142 beneﬁcio
1210 1087 1269 1140 lit
1299 1089 1470 1150 vobis,
1502 1099 1559 1141 ut
1589 1091 1886 1159 perfectum
1937 1087 2305 1156 judicantium

732 1182 1026 1235 obtineatis
1050 1193 1274 1243 statum,
1315 1199 1438 1235 cum
1480 1185 1698 1236 labores
1719 1184 1809 1236 alii
1847 1182 2095 1236 studiose
2118 1198 2305 1236 susce-

729 1274 929 1340 perliti,
965 1284 1018 1326 et
1051 1286 1285 1328 vesu'am
1319 1278 1512 1340 solam,
1554 1284 1611 1328 ut
1652 1277 1724 1328 ita
1759 1275 1959 1337 dicam,
1993 1285 2312 1344 exspectent

731 1365 1082 1429 sententiam,
1112 1381 1270 1433 quam
1309 1367 1450 1418 ferre
1486 1367 1637 1420 vobis
1663 1380 1770 1419 non
1831 1367 1934 1419 erit
1968 1366 2122 1418 valde
2161 1365 2309 1418 labo-

732 1457 1222 1526 riosnm.0portet
1270 1459 1439 1522 igitur
1498 1473 1592 1513 vos
1651 1459 1870 1527 quidem
1939 1457 2225 1512 continere
2283 1473 2310 1510 a

733 1549 948 1616 probris
978 1560 1032 1602 et
1061 1551 1426 1615 contumeliis,
1461 1562 1513 1605 et
1544 1551 1882 1619 argumentis
1941 1549 2006 1602 ad
2071 1549 2313 1603 absurda

732 1641 1148 1701 deducentibns,
1183 1653 1236 1695 et
1294 1643 1504 1695 caeteris
1552 1642 1829 1705 omnibus,
1882 1655 2004 1709 quae
2055 1640 2314 1694 diuturna

735 1735 857 1786 tulit
881 1733 1177 1797 discordia,
1213 1735 1418 1804 primos
1448 1747 1629 1787 autem
1667 1749 1853 1787 eorum
1883 1734 2200 1786 inventuros
2227 1747 2315 1786 ar-

735 1843 920 1895 guere,
957 1828 1068 1881 imo
1101 1843 1228 1881 vero
1265 1828 1499 1897 benigne
1531 1828 1640 1881 illis
1683 1828 1894 1880 veniam
1927 1827 2083 1890 dare,
2111 1837 2161 1878 et
2197 1824 2315 1878 solo

739 1923 1002 1989 temporis
1032 1922 1104 1974 uti
1144 1922 1428 1984 beneﬁcio,
1459 1930 1513 1974 et
1541 1929 1764 1990 propter
1825 1920 1926 1973 hoc
1992 1934 2156 1970 unum
2213 1916 2317 1970 illis

738 2013 1053 2066 hominibus
1095 2028 1255 2081 agere
1289 2015 1517 2081 gratias,
1545 2012 1860 2081 quicunque
1885 2009 2025 2078 apud
2061 2022 2318 2075 uirosque

741 2105 980 2158 laborem
1008 2107 1152 2158 hunc
1182 2105 1493 2167 subierunt,
1520 2120 1618 2158 nec
1648 2105 1769 2173 plus
1802 2104 1910 2157 illis
1962 2103 2202 2156 tribuere
2224 2117 2320 2155 au-

739 2200 1034 2263 ctoritatis,
1067 2213 1227 2267 quam
1262 2199 1518 2265 congruit
1541 2197 1883 2265 litigantibus
1917 2214 1930 2249 :
1968 2210 2143 2262 neque
2170 2195 2317 2249 enim

743 2293 986 2345 veritatis
1019 2292 1208 2346 arbitri
1245 2302 1296 2346 et
1323 2292 1535 2360 judices
1577 2291 1732 2344 fuere
1759 2290 1833 2342 illi
1886 2289 2168 2341 hominum
2225 2303 2320 2353 ge—

746 2387 880 2447 neri,
916 2370 972 2438 nt
993 2385 1124 2439 estis
1151 2401 1270 2450 vos,
1308 2394 1531 2455 propter
1559 2385 1702 2454 quod
1733 2385 1803 2437 sit
1832 2383 1939 2436 illis
2001 2382 2322 2436 tribuendus

745 2479 920 2530 honor
946 2479 1238 2537 maximus.
1270 2486 1323 2530 et
1353 2490 1466 2530 rata
1504 2477 1749 2531 habenda
1787 2492 1907 2544 qua:
1957 2475 2146 2529 dicunt
2179 2493 2192 2528 :
2227 2474 2321 2527 sed

741 2578 897 2622 suam
933 2569 1163 2637 quisque
1189 2579 1391 2637 partem
1426 2577 1632 2622 tutatus
1692 2579 1799 2630 est,
1858 2576 1911 2620 et
1956 2582 2052 2634 pro
2114 2566 2324 2619 viribus

743 2662 890 2715 illam
930 2661 1188 2724 defendit,
1231 2676 1392 2729 quam
1435 2661 1572 2714 bene
1619 2675 1749 2712 vero
1797 2659 2018 2722 dixerit,
2072 2658 2326 2725 judican-

745 2755 874 2807 dum
912 2753 1251 2820 reliquerunt
1279 2753 1608 2806 sententiam
1639 2751 1706 2805 de
1733 2752 1898 2805 rebus
1932 2751 2080 2805 hisce
2108 2751 2321 2804 laturis.

745 2847 814 2900 Et
849 2862 945 2914 pro
979 2847 1043 2899 iis
1071 2846 1311 2914 quidem,
1346 2862 1468 2915 quae
1501 2847 1637 2899 bene
1668 2855 1796 2899 sntit
1831 2846 1900 2898 ab
1927 2845 2034 2897 illis
2066 2845 2229 2904 dicta,
2273 2853 2327 2897 et

745 2953 865 3005 quae
893 2938 1049 2991 vobis
1088 2937 1518 2991 commodiorem
1554 2938 1695 2990 viam
1721 2936 1920 2989 facient
1950 2936 2016 2988 ad
2055 2936 2328 3003 reperien-

745 3033 867 3082 dam
895 3029 1200 3092 veritatem,
1231 3037 1285 3081 et
1322 3029 1582 3082 habenda;
1639 3029 1745 3082 illis
1811 3029 2022 3096 gratiae,
2072 3036 2125 3081 et
2186 3027 2326 3080 dicta

748 3120 837 3172 illa
871 3119 1204 3173 conﬁdenter
1229 3121 1543 3188 usurpanda
1579 3139 1592 3173 :
1622 3136 1742 3188 quae
1776 3136 1902 3172 vero
1942 3118 2147 3183 prolata
2201 3126 2329 3172 sunt

2407 627 2570 694 ἔργον
2604 626 2742 696 αὕτη
2786 628 3019 694 γένοιτο.
3053 627 3190 681 Οὔτε
3235 628 3345 696 γὰρ
3393 629 3424 698 ἡ
3473 626 3582 680 τῶν
3630 627 3860 691 ἀγώνων
3904 644 3993 695 φι-

2405 717 2624 786 λοτιμία
2666 720 2790 781 τοὺς
2820 721 3131 789 εἰρηνικοὺς
3157 721 3311 788 ὑμῶν
3343 720 3640 788 λογισμοὺς
3682 719 3987 786 ἀφελεῖται,

2405 809 2520 862 οὔθ’
2569 811 2676 863 ὑπὸ
2718 811 2817 880 τῆς
2864 813 3201 882 φαινομένης
3250 812 3519 881 διαφορᾶς
3568 812 3990 882 ταραττόμενοι,

2408 905 2503 957 καί⁵
2549 905 2647 964 τὰς
2688 905 3040 976 ἑκατέρωθεν
3075 909 3475 971 ὑποπτεύοντες
3525 908 3850 977 δυσχερείας
3899 908 3993 959 καὶ

2407 998 2534 1060 τοὺς
2588 999 2894 1064 κινδύνους,
2927 1002 3200 1069 προπετές
3242 1020 3295 1054 τι
3335 1003 3465 1072 περὶ
3511 1002 3715 1055 τοὺτων
3757 1000 3995 1066 ἀποφαίο

2409 1091 2599 1142 νεσθαι
2637 1097 2900 1161 νομιεῖτε.
2930 1095 3080 1147 ”Ωστ’
3115 1095 3176 1148 ἐκ
3209 1113 3271 1162 γε
3301 1097 3408 1147 τῶν
3451 1096 3718 1148 τοιοὺτων
3753 1093 3863 1147 ἀπὸ
3896 1091 3992 1144 τοῦ

2408 1183 2602 1253 χρόνου
2661 1185 3025 1256 βοηθημάτων
3083 1188 3141 1239 τό
3178 1204 3236 1239 τε
3292 1187 3400 1239 τῶν
3434 1187 3766 1251 δικαζόντων
3796 1187 3995 1253 ἀκραι-

2413 1275 2560 1344 φνῶς
2600 1276 2731 1344 ὑμῖν
2772 1278 3118 1345 περιγίνεται
3168 1279 3376 1349 σχῆμα,
3408 1278 3584 1332 ἄλλων
3629 1281 3741 1339 τοῖς
3784 1277 3995 1344 ἀγῶσιν

2413 1368 3041 1439 ὲμφιλοτιμησαμένων,
3110 1373 3205 1424 καὶ
3259 1373 3448 1441 μόνην,
3511 1372 3585 1434 ὡς
3638 1373 3834 1434 εἰπεῖν,
3897 1369 3997 1438 τὴν

2415 1463 2686 1531 ὑμετέραν
2709 1463 2890 1533 ψῆφον
2935 1464 3341 1530 ἀναμενόντων,
3378 1465 3472 1516 καὶ
3514 1463 3574 1516 τὸ
3600 1464 3830 1531 γνώμην
3864 1462 3998 1514 ἀπο-

2415 1556 2704 1623 φαίνεσθαι
2740 1557 2902 1610 πόνον
2940 1557 3068 1622 ὑμῖν
3098 1557 3157 1608 οὑ
3205 1557 3379 1624 μέγαν
3411 1555 3663 1624 παρέξει.
3699 1557 3792 1606 Δεῖ
3819 1555 3998 1606 τοίνυν

2417 1649 2628 1716 ὕϐρεων
2684 1647 2779 1700 καὶ
2832 1647 3115 1716 λοιδοριῶν
3168 1649 3261 1699 καὶ
3319 1650 3428 1699 τῶν
3489 1649 3569 1710 εἰς
3627 1647 3805 1699 ἄτοπα
3860 1648 4002 1698 ἀπα-

2416 1741 2634 1808 γωγῶν,
2669 1741 2760 1792 καὶ
2806 1733 2881 1794 ὧν
2931 1742 2962 1809 ή
3013 1739 3206 1808 μακρά
3249 1739 3531 1801 διάστασις
3562 1738 3834 1807 πεποίηκε
3867 1737 4004 1790 πάν-

2419 1849 2547 1891 των,
2585 1831 2781 1893 αὑτοὺς
2842 1849 2902 1884 τε
2972 1832 3407 1900 ἀποσχομένους,
3455 1831 3551 1883 καὶ
3613 1834 3727 1892 τοῖς
3781 1828 4003 1898 εὑροῦσι

2423 1924 2659 1993 πρώτοις
2709 1925 3165 1992 ὲπιτιμήσαντας,
3227 1923 3430 1990 μᾶλλον
3479 1923 3533 1974 δὲ
3591 1921 4002 1988 συνεγνωκότας

2421 2018 2524 2070 ὑπὸ
2561 2015 2998 2083 φιλανθρωπίας,
3029 2015 3174 2085 μόνῳ
3201 2015 3277 2082 τῷ
3315 2014 3464 2084 παρὰ
3496 2015 3592 2066 τοῦ
3626 2014 3821 2081 χρόνου
3865 2015 4003 2083 χρή-

2423 2112 2619 2164 σασθαι
2675 2109 3012 2180 βοηθήματι,
3046 2109 3137 2161 καὶ
3190 2109 3332 2178 ὑπὲρ
3381 2110 3574 2162 τοῦτου
3632 2109 3794 2178 μόνου
3845 2107 4008 2177 χάριν

2422 2206 2619 2258 εἰδέναι
2651 2209 2761 2266 τοῖς
2800 2204 3060 2273 ἀνδράσιν
3094 2201 3346 2267 ἐκείνοις,
3379 2203 3496 2254 ὅσοι
3532 2201 3662 2269 παρ’
3715 2200 4007 2267 ἑκατέροις

2423 2297 2515 2349 τὸν
2551 2296 2736 2363 ἀγῶνα
2766 2295 2956 2348 τοῦτον
2985 2295 3334 2363 ὑπέστησανο
3372 2294 3508 2361 μηδὲ
3547 2293 3706 2344 πλέον
3731 2310 3781 2343 τι
3819 2293 4009 2358 νέμειν

2426 2390 2609 2450 αὑτοῖς
2654 2387 3052 2456 ἀξιώματος,ἢ
3116 2387 3239 2438 ὅσον
3297 2385 3678 2453 δικαζομένοις
3727 2383 4009 2452 ἁρμόττει.

2426 2485 2500 2536 Οὑ
2531 2483 2636 2548 γὰρ
2664 2481 2760 2547 τῆς
2789 2479 3048 2548 ἀληθείας
3080 2478 3369 2541 ἐξετασταὶ
3402 2480 3494 2529 καὶ
3523 2479 3711 2547 κριταὶ
3739 2477 3814 2540 τῷ
3845 2477 4010 2544 κοινῷ

2428 2573 2535 2625 τῶν
2581 2571 2887 2640 ἀνθρώπων
2940 2570 3214 2639 ὑπῆρξαν,
3268 2569 3425 2623 τοῦτο
3478 2571 3541 2639 δὴ
3601 2571 3659 2622 τὸ
3721 2570 4010 2637 ὑμέτερον,

2428 2664 2568 2716 ὥστε
2632 2666 2726 2714 καὶ
2801 2662 2913 2713 δεῖν
2965 2661 3153 2722 αὑτοῖς
3214 2661 3315 2729 τὴν
3380 2661 3651 2728 μεγίστην
3700 2659 4013 2712 ἀποδιδόναι

2429 2756 2612 2824 τιμὴν,
2654 2755 2749 2806 καὶ
2804 2754 3068 2822 νομίζειν,
3097 2752 3132 2805 ἆ
3188 2769 3321 2820 φασι
3371 2750 3573 2821 κὺρια·
3610 2751 3749 2804 ἀλλά
3794 2752 3890 2818 τῆς
3936 2753 4014 2802 οἱ·

2429 2851 2583 2910 κείας
2635 2847 2857 2900 ἕκαστοι
2914 2846 3272 2915 προῦστησαν
3324 2845 3539 2915 μοίρας,
3585 2844 3887 2913 καὶταύτῃ
3925 2843 4016 2894 τὸν

2428 2941 2654 2994 δυνατον
2709 2938 3155 3008 συνηγωνίσαντο
3209 2938 3450 3006 τρόπον,
3508 2939 3618 2998 τοῖς
3668 2937 3740 2990 τά-
3789 2935 4016 2988 τοιαῦτα

2429 3035 2717 3087 δικάσουσι
2751 3031 2848 3102 τὴν
2885 3031 3026 3099 ὑπὲρ
3057 3025 3131 3083 ὧν
3171 3026 3327 3082 εἷπον
3366 3029 3547 3098 ψῆφον
3587 3028 4013 3088 καταλιπόντες.

2431 3127 2553 3181 Τῶν
2595 3127 2694 3196 μὲν
2733 3125 2795 3194 δὴ
2847 3125 3029 3186 καλῶς
3081 3121 3416 3193 εἰρημένων,
3449 3123 3545 3175 καὶ
3593 3122 3692 3173 ὅσα
3750 3120 3891 3188 πρὸς
3921 3120 4017 3188 τὴν

745 3211 1117 3266 contentionis
1156 3212 1358 3275 studio,
1386 3223 1436 3266 et
1463 3217 1750 3280 praestabat
1783 3212 2000 3266 silentio
2037 3209 2326 3279 praeteriri,
2357 3221 2404 3284 ο
2437 3220 2503 3288 τῆ

2263 3209 2538 3288 ΓῘ,Οτῆς
2597 3216 2855 3286 ἀληθείας
2919 3217 3137 3286 εὕρεσιν
3211 3215 3340 3284 ὑμῖν
3410 3213 3598 3280 μέλλει
3669 3212 4015 3273 λυσιτελεῖν,

748 3319 810 3358 ea
845 3304 1061 3374 penitus
1106 3304 1424 3373 rejicienda.
1459 3306 1598 3370 Quin
1644 3306 1756 3359 imo
1790 3306 2004 3359 illorum
2036 3304 2324 3357 hominum

751 3395 952 3464 scripta
981 3411 1385 3465 supervacuum
1421 3413 1646 3467 prorsus
1677 3398 1917 3451 arbitror
1952 3398 2053 3466 legi
2089 3413 2118 3450 a
2153 3398 2327 3461 vobis,

751 3487 950 3557 quippe
987 3504 1108 3557 qum
1137 3489 1201 3542 ad
1234 3505 1474 3558 preesens
1509 3491 1785 3560 negotium
1838 3490 2039 3543 nullam
2103 3501 2336 3558 possunt

751 3581 951 3635 nﬂ‘erre
982 3582 1271 3636 utilitatem
1307 3596 1322 3634 :
1361 3597 1538 3649 neque
1568 3584 1710 3636 enim
1753 3582 1898 3650 pacis
1929 3584 2148 3634 modum
2182 3581 2334 3635 vobis

752 3674 1070 3738 ostendunt,
1105 3683 1198 3727 aut
1229 3675 1501 3742 quomodo
1543 3675 1780 3728 maxime
1819 3675 2103 3743 utriusque
2129 3675 2335 3728 condu-

753 3776 861 3827 cat,
893 3767 986 3820 sed
1021 3766 1102 3820 vel
1139 3769 1363 3820 omnino
1390 3778 1604 3836 partem
1669 3771 1808 3821 hanc
1870 3768 2195 3830 omiserunt,
2251 3769 2334 3820 vel

753 3859 1066 3915 diﬂicillima
1099 3861 1393 3928 postulant,
1419 3861 1485 3913 de
1521 3861 1612 3914 illo
1671 3871 1886 3914 tantum
1941 3875 2334 3928 usquequaque

755 3953 997 4016 solliciti,
1030 3954 1306 4021 quomodo
1333 3953 1619 4007 victoriam
1659 3955 1729 4006 ab
1757 3955 1927 4005 altera
1962 3966 2112 4021 parte
2141 3968 2333 4019 repor-

758 4053 868 4100 tent
907 4062 919 4097 :
952 4055 1003 4097 at
1035 4046 1188 4099 vobis
1221 4046 1557 4114 propositum
1616 4056 1697 4100 est
1761 4060 1950 4115 pacem
2002 4058 2246 4114 qumrere
2281 4053 2334 4098 ει

757 4138 1121 4207 cognitionem
1155 4138 1422 4192 Veritatis.

2442 3313 2616 3365 ἰστέον
2657 3327 2714 3361 τε
2761 3310 2919 3380 χάριν
2954 3309 3139 3368 αὐτοῖς
3182 3308 3276 3360 καὶ
3311 3304 3657 3376 θαρρούντως
3687 3305 3841 3369 σφίσι
3878 3319 4017 3371 χρη-

2443 3403 2596 3454 στέον
2622 3417 2634 3430 ο
2671 3402 2755 3470 ἐφ’
2793 3401 2826 3453 ἃ
2859 3399 2903 3452 δ’
2942 3400 3045 3451 ὑπὸ
3081 3398 3416 3467 φιλονεικίας
3451 3395 3834 3466 προήχθησαν,
3866 3393 3959 3446 καὶ
3985 3393 4019 3446 ἃ

2443 3498 2519 3560 σή
2538 3493 2698 3547 ἄσθαι
2736 3492 2941 3557 ξέλτιον
2967 3486 3056 3559 ἦν,
3091 3490 3298 3542 τούτων
3333 3487 3588 3550 καθάπαξ
3635 3487 3973 3539 ἀποστατέον
4001 3500 4015 3516 ο

2444 3586 2646 3656 μᾶλλον
2702 3585 2758 3636 δὲ
2814 3583 2909 3636 καὶ
2960 3581 3310 3635 παντάπασιν
3340 3575 3497 3648 οἶμαι
3545 3579 3613 3632 τὰ
3651 3577 3761 3630 τῶν
3808 3577 4018 3647 ἀνδρῶν

2440 3677 2665 3732 ἐκείνων
2718 3675 2987 3744 παρέλκον
3045 3669 3186 3726 εἶναι
3241 3671 3650 3741 μεταχειρίζειν
3707 3670 3880 3738 ἡμᾶς,
3920 3667 4016 3721 ἀτε

2443 3769 2612 3839 μηδὲν
2654 3769 2789 3838 πρὶς
2818 3768 2914 3834 τὴν
2974 3764 3255 3835 παροῦσαν
3307 3763 3500 3831 σκέψιν
3554 3763 3613 3826 ἐξ
3654 3762 3833 3815 αὐτῶν
3879 3761 4018 3827 ὠρε-

2438 3861 2797 3931 λησομένους.
2868 3859 3001 3911 Οὐδὲ
3053 3858 3163 3927 γὰρ
3223 3858 3315 3909 τὸν
3381 3857 3480 3924 τῆς
3537 3858 3760 3925 εἰρήνης
3819 3855 4019 3923 τρόπον

2439 3956 2566 4023 ὑμῖν
2612 3949 3028 4021 ὑφηγοῦνται,ἢ
3071 3951 3144 4010 ὡς
3187 3949 3252 4002 ἂν
3298 3951 3500 4016 ἀμφοῖν
3547 3949 3871 4014 συνενέγκαι
3917 3946 4022 4014 μά-

2438 4045 2631 4098 λιστα·
2667 4042 2783 4096 ἀλλ’
2835 4042 2867 4110 ἢ
2920 4044 3179 4109 παρῆκαν
3223 4042 3401 4110 πάντη
3448 4039 3605 4092 τοῦτο
3647 4039 3710 4088 τὸ
3767 4036 4019 4106 μέρος,ἢ

2442 4136 2510 4188 τὰ
2565 4134 2928 4204 χαλεπώτατα
2982 4131 3250 4198 ἀξιοῦσιν,
3307 4131 3456 4193 ὅπως
3520 4128 3868 4200 περιέσονται
3914 4126 4023 4178 τῶν

761 4233 966 4299 ἑτέρων
1023 4232 1364 4302 πανταχόθεν
1403 4233 1560 4302 μόνον
1608 4230 2029 4302 φροντίζοντες-ο
2078 4231 2238 4299 ὑμεῖς
2280 4229 2336 4282 δὲ
2375 4229 2474 4298 τὴν
2510 4230 2736 4299 εἰρήνην
2770 4228 2864 4281 καὶ
2898 4225 2996 4297 τὴν
3027 4226 3125 4295 τῆς
3157 4224 3417 4295 ἀληθείας
3479 4223 3682 4293 γνῶσιν
3746 4219 4023 4292 προῦργου

762 4333 996 4403 ζητεῖτε.

836 4515 1109 4581 Quoniam
1148 4515 1309 4584 igitur
1369 4513 1445 4567 rei
1488 4521 1761 4575 naturam,
1793 4510 1859 4564 de
1892 4524 1997 4578 qua
2053 4509 2340 4576 quaeritur.

2535 4502 2691 4554 Ἐπεὶ
2720 4498 2899 4552 τοίνυν
2928 4495 3026 4563 τὴν
3049 4493 3143 4546 τοῦ
3174 4492 3506 4561 ζητουμένου
3543 4491 3706 4558 φύσιν
3733 4491 3788 4553 ἐξ
3829 4485 3904 4544 ὢν
3939 4491 4032 4545 ἀλ·

767 4621 881 4662 tum
915 4625 976 4662 ex
1014 4609 1281 4676 Oppositis
1312 4607 1541 4659 aliorum
1575 4602 2052 4657 lucubrationibus
2079 4600 2348 4671 cognitam
2383 4575 2433 4634 ι)
2457 4595 2525 4647 λοι

2278 4615 2348 4653 tm
2383 4575 2433 4634 D
2457 4595 2536 4647 λοι
2570 4612 2630 4647 τε
2664 4589 3008 4661 ἠγωνίσαντο
3039 4589 3135 4639 καὶ
3163 4585 3320 4638 αὑτοὶ
3379 4583 3610 4638 δύνασθε
3650 4585 3903 4654 συνορᾷν,
3941 4586 4036 4637 καὶ

767 4701 971 4754 habere
1004 4699 1251 4767 potestis,
1286 4707 1398 4751 tum
1426 4712 1520 4766 per
1553 4711 1650 4749 vos
1689 4695 1791 4763 ipsi
1823 4694 1932 4762 jam
1971 4692 2349 4762 perspexistis,

769 4810 876 4846 non
909 4793 1070 4845 modo
1103 4800 1282 4845 vestra
1316 4791 1576 4853 scientes,
1607 4787 1702 4842 sed
1726 4797 1778 4842 et
1844 4787 2074 4841 aliorum
2137 4787 2371 4855 utrique.

768 4884 1154 4940 altercationes
1187 4881 1406 4950 quidem
1451 4881 1580 4934 istas
1630 4881 1856 4934 omnino
1924 4879 2120 4934 missas
2153 4877 2354 4944 facere,

769 4977 835 5030 ad
893 4990 954 5027 ea
1006 4986 1132 5026 vero
1179 4973 1362 5024 statim
1411 4978 1627 5039 oportet
1693 4968 2029 5022 incumbere.
2103 4984 2196 5037 per
2236 4983 2358 5037 qua:

771 5067 885 5119 sola
913 5064 1041 5118 licet
1063 5062 1322 5128 consequi
1355 5075 1561 5129 pacem.
1597 5058 1976 5112 Consitleranti
2009 5073 2170 5126 porro
2223 5058 2353 5112 mihi

773 5156 1176 5209 videnturhaec
1232 5167 1396 5214 esse;
1457 5153 1632 5219 primo
1688 5149 1908 5218 quidem
1966 5163 2252 5203 recurrere
2292 5148 2357 5201 ad

777 5249 1128 5302 lnndamenta
1195 5245 1341 5308 ﬁdei,
1408 5257 1657 5311 verzeque
1711 5242 2000 5311 theologia:
2066 5240 2356 5310 principia,

775 5354 937 5407 atque
978 5341 1042 5393 ad
1097 5341 1211 5392 haec
1245 5348 1535 5405 utramque
1571 5336 1889 5404 opinionem
1941 5334 2277 5396 examinare,
2309 5341 2362 5385 et

775 5437 1044 5503 dispicere
1084 5441 1203 5485 utra
1239 5445 1361 5484 cum
1400 5429 1509 5483 illis
1558 5430 1792 5482 maxime
1823 5441 2085 5496 congruat
2117 5442 2132 5479 :
2165 5423 2363 5479 deinde

779 5530 1074 5595 inquirere.
1139 5523 1410 5592 Quomodo
1461 5533 1679 5592 accepta
1730 5521 1933 5574 fuerint
1991 5520 2057 5572 ab
2103 5517 2364 5572 Ecclesia:

779 5621 1094 5674 uoctoribns
1141 5617 1492 5686 pronuntiata
1550 5599 1875 5683 Scripturus,
1933 5629 2052 5682 qua:
2110 5613 2364 5666 videntur

781 5724 1025 5778 spe-ctare
1071 5713 1135 5764 ad
1191 5711 1333 5766 liauc
1369 5711 1643 5761 materiam
1677 5728 1688 5762 :
1721 5708 1784 5760 ad
1837 5708 1954 5762 luce
1998 5707 2126 5774 quid
2168 5705 2364 5774 singuli

781 5807 847 5859 de
879 5806 1109 5874 quzesito
1144 5805 1246 5858 hoc
1284 5803 1647 5872 philostipliati
1692 5802 1910 5855 fuerint.
1949 5801 2012 5853 Et
2047 5800 2266 5869 quidem
2299 5815 2364 5852 ex

784 5918 848 5950 eo
880 5898 1024 5968 quod
1082 5897 1316 5968 primum
1357 5895 1486 5962 dixi,
1547 5895 1783 5951 arbitror
1824 5894 2042 5949 multant
2090 5906 2366 5961 cmergere

2460 4685 2674 4740 οἴκοθεν
2708 4685 2871 4753 ἥκετε
2927 4678 3326 4748 κατειληφότες
3359 4676 3487 4746 ήδη,
3521 4676 3581 4726 οὑ
3618 4676 3778 4743 μόνον
3814 4678 3880 4728 τα
3908 4677 4034 4727 tau-

2459 4779 2569 4833 τῶν
2594 4778 2819 4842 εἰδότες,
2844 4775 2980 4828 ἀλλὰ
3002 4777 3099 4825 καὶ
3138 4771 3207 4824 τά
3233 4769 3340 4822 τῶν
3399 4768 3574 4822 ἄλλων
3607 4768 3879 4838 ἑκάτεροι,
3931 4767 4040 4818 τῶν

2465 4871 2567 4939 μὲν
2601 4867 3006 4938 ἀγωνισμάτων
3057 4862 3266 4916 τούτων
3326 4859 3589 4922 καθάπαξ
3635 4859 3936 4927 ὑπεριδεῖν,
3972 4857 4040 4911 δι’

2460 4957 2536 5016 ὦν
2565 4961 2620 5013 δὲ
2659 4960 2821 5028 μόνον
2846 4957 3057 5009 ἔνεστιν
3112 4955 3332 5022 εἰρήνης
3397 4953 3604 5019 τυχεῖν,
3641 4949 3845 5004 τούτων
3881 4950 4042 5013 εὐθὺς

2464 5050 2711 5120 ἅψασθαι
2745 5048 2849 5100 δεῖ.
2898 5045 2979 5097 Τά
3009 5044 3052 5096 δ’
3104 5043 3276 5107 ἐστὶν,
3333 5040 3407 5103 ὡς
3457 5041 3580 5106 ἐμοὶ
3613 5039 3762 5092 δοκεῖ
3812 5057 4044 5093 σκοπου-

2471 5146 2639 5213 μένῳ,
2677 5140 2894 5210 πρῶτον
2931 5138 3028 5205 μὲν
3062 5136 3199 5204 πρὸς
3235 5135 3360 5195 τοὺς
3389 5134 3672 5200 θεμελίους
3705 5133 4044 5203 ἀναδραμόν-

2464 5253 2564 5296 τας
2591 5233 2691 5301 τῆς
2748 5231 3008 5292 πίστεως,
3066 5226 3159 5278 καὶ
3210 5225 3307 5286 τὰς
3351 5223 3453 5290 τῆς
3499 5224 3733 5292 ἀληθοῦς
3767 5223 4047 5290 θεολογίας

2468 5327 2676 5396 ἀρχὰς,
2714 5323 2928 5382 τούτοις
2955 5317 3224 5385 ἑκατέραν
3253 5314 3413 5378 δόξαν
3446 5316 3769 5383 προσάγειν,
3803 5309 4048 5384 καῖ’ἣτις

2467 5421 2534 5474 ἂν
2568 5419 2802 5478 ἐκείνοις
2843 5413 3137 5482 συμϐαίνοι
3172 5409 3408 5478 μάλιστα
3448 5405 3674 5479 θεωρεῖν
3699 5423 3714 5437 ·
3751 5409 3830 5460 ἔτι
3860 5422 3922 5474 γε
3945 5408 4050 5476 μὴν

2466 5517 2514 5568 οί
2545 5515 2643 5580 τῆς
2688 5509 3020 5576 Ἐκκλησίας
3058 5507 3372 5560 διδάσκοι).οι
3428 5505 3543 5568 πῶς
3607 5502 3927 5571 ὲξειλὴφασι
3983 5501 4049 5552 τά

2466 5608 2562 5676 τῆς
2599 5606 2822 5674 Γραφῆς
2880 5600 3194 5668 ἀξιώματα,
3242 5598 3276 5652 ἀ
3319 5599 3454 5670 πρὸς
3513 5597 3718 5664 ταύτην
3771 5596 3868 5664 τὴν
3916 5594 4049 5661 ὓλην

2470 5701 2664 5753 τείνειν
2692 5697 2873 5750 δοκεῖ·
2913 5693 3046 5760 πρὸς
3097 5693 3152 5744 δὲ
3183 5690 3419 5754 τούτοις,
3473 5692 3526 5742 τί
3555 5690 3684 5758 περὶ
3731 5687 3824 5739 τοῦ
3881 5686 4051 5755 ζητὴ-

2475 5811 2641 5862 ματος
2684 5786 3312 5855 ὲθεολόγησανὲκαστοι.
3342 5780 3442 5835 Ὧν
3472 5785 3536 5835 ὲκ
3565 5784 3662 5851 μὲν
3698 5781 3791 5834 τοῦ
3831 5780 4048 5848 πρώτου

2475 5887 2729 5960 ῥηθέντος
2769 5882 2969 5952 πολλὴν
3005 5878 3249 5949 ἡγοῦμαι
3302 5878 3622 5947 δυσχέρειαν
3671 5874 4045 5930 examinavi-
