4452 6450
708 350 839 412 -433

1829 338 1871 398 G
1886 341 1979 400 EN
1997 340 2210 400 NADII
2251 340 2357 402 (ΣΡ.
2401 340 2910 401 ΡΛΤΒΙΑΒΟΠ.ῗ-ῗ

3883 337 3988 401 484

725 464 1034 524 desumere,
1059 475 1183 515 nam
1209 458 1477 514 etmultos
1507 455 1788 510 haereticos
1816 454 2022 507 scimus
2049 462 2311 522 praetextu
2344 459 2388 515 Λ
2419 473 2480 525 γε

2231 462 2311 507 ttu
2344 459 2388 515 Λ
2419 473 2538 525 γειν
2574 456 2898 526 πειρᾶσθαι,
2923 449 3127 525 πρέπει
3159 451 3344 507 »αλεῖν
3373 466 3384 480 ο
3427 451 3522 506 καὶ
3551 451 3742 522 πρῶτα
3779 455 3879 521 μὲν
3917 458 3989 520 μὴ

729 557 831 611 hoc
864 571 992 611 usos
1021 574 1034 610 :
1073 556 1164 612 sed
1198 556 1240 609 si
1277 554 1404 623 quid
1435 552 1615 606 verbis
1649 551 1717 604 ita
1756 548 1983 618 prolatis
2018 549 2089 602 sit
2117 562 2309 602 conse-

727 665 933 720 quens,
978 649 1202 718 adaeque
1251 647 1356 700 erit
1407 644 1785 699 honorandum
1821 655 1837 696 :
1875 642 2130 698 similiter
2169 642 2312 711 quod

732 741 876 796 veris
919 749 970 793 et
1011 737 1277 792 confessis
1304 738 1479 790 visum
1529 749 1838 801 repugnans
1865 743 1916 788 et
1952 733 2313 798 contrarium,

731 833 880 886 nullo
913 831 1072 885 modo
1106 832 1207 884 erit
1260 827 1679 882 admittendum.
1722 824 1922 880 Deinde
1956 841 2144 879 eorum
2196 840 2318 894 qua:

732 923 1022 978 obscurius
1058 922 1199 975 dicta
1264 929 1411 982 sunt,
1465 918 1743 972 sumendae
1803 927 1929 970 sunt
1961 931 1990 970 e
2037 915 2317 985 Scriptura

739 1015 856 1082 ipsa
928 1013 1090 1067 veluti
1151 1012 1409 1081 magistra
1476 1008 1866 1078 explicationes
1926 1023 2020 1076 per
2077 1022 2140 1061 ea
2198 1021 2321 1075 quae

743 1109 958 1174 uspiam
1000 1105 1205 1158 clarius
1233 1105 1322 1157 illa
1357 1103 1600 1157 disserit.
1629 1101 1706 1154 Ad
1739 1102 1852 1154 ha-c
1887 1100 1934 1154 si
1969 1115 2075 1169 qua
2107 1099 2321 1152 videtur

738 1215 860 1252 esse
888 1198 1284 1266 discrepantia,
1317 1194 1546 1249 tollenda
1577 1201 1659 1246 est
1684 1192 1923 1246 adhibita
1954 1191 2316 1260 expositione,

739 1291 784 1343 si
821 1300 1088 1358 tempora.
1123 1304 1255 1341 usus
1287 1302 1349 1340 ac
1418 1285 1734 1348 necessitas,
1797 1299 2170 1352 sensuumque
2227 1283 2320 1336 di-

752 1381 1005 1439 versitas.
1055 1389 1103 1432 et
1145 1376 1452 1442 hujusmodi
1495 1376 1597 1429 alia
1657 1374 2081 1444 perpendantur.
2139 1373 2328 1442 Neque

756 1473 898 1522 enim
927 1479 1011 1523 est
1050 1468 1274 1520 omnin
1311 1467 1664 1528 credendum,
1702 1466 1752 1517 in
1791 1465 2036 1518 doctrina
2091 1463 2324 1533 Spiritus

747 1562 926 1612 inesse
979 1559 1274 1625 quidquam
1329 1557 1713 1614 dissc‘nsionis,
1768 1564 1869 1608 aut
1921 1554 2102 1608 minus
2143 1554 2332 1609 solidte

747 1651 1017 1703 veritatis.
1090 1649 1193 1700 Sed
1231 1651 1506 1715 quomodo
1533 1663 1631 1699 nos
1665 1647 1820 1713 plane
1852 1646 1973 1699 lora
2018 1645 2333 1713 huiusmodi

750 1742 1091 1806 distinguere
1142 1740 1457 1800 debeamus,
1501 1753 1607 1789 non
1656 1738 1830 1790 solum
1890 1737 2136 1803 exemplo
2188 1751 2335 1790 com-

2419 551 2599 604 πάντα
2636 549 2924 618 βούλεσθαι
2955 547 3256 619 διαρρήδην
3283 545 3585 616 λαμδάνειν
3621 546 3686 598 ὲκ
3716 545 3817 614 τῆς
3844 545 3994 614 Γρα-

2417 643 2548 711 φῆς,
2589 642 2764 712 τούτῳ
2795 642 2903 711 γάρ
2953 643 3048 695 καὶ
3087 640 3320 702 πολλοὺς
3366 638 3476 694 τῶν
3508 637 3808 707 αίρετικῶν
3841 637 3997 706 ἴσμεν

2417 734 2800 805 χρησαμένους
2821 732 2899 802 τῷ
2924 732 3375 801 προκαλύμματι,
3401 728 3518 783 ἀλλ’
3556 729 3622 783 ἀν
3652 745 3704 780 τι
3725 729 3839 791 τοῖς
3853 728 3998 781 οὔτω

2418 826 2742 896 λεγομένοις
2770 824 3068 878 ἀκόλουθον
3100 819 3155 894 ᾖ,
3197 823 3290 875 καὶ
3318 821 3477 875 τοῦτο
3510 823 3611 890 τῆς
3667 821 3791 889 ἴσης
3839 818 4002 886 τιμῆς

2421 918 2611 981 ἀξιοῦν
2637 931 2650 945 ·
2676 917 2940 980 ὡσαύτως
3000 915 3055 967 εί
3081 932 3131 967 τι
3171 917 3282 978 τοῖς
3323 913 3554 983 ἀληθέσι
3617 914 3712 964 καὶ
3749 911 4004 981 ἀναντιρ-

2427 1013 2611 1082 ρήτοις
2636 1009 3053 1076 ἐναντιούμενον
3088 1008 3355 1074 φαίνοιτο,
3380 1003 3540 1058 τοῦτο
3573 1005 3783 1074 μηδένα
3817 1021 4004 1072 παρα-

2423 1103 2679 1173 δέχεσθαι
2705 1101 2909 1170 τρόπον
2943 1116 2957 1131 ·
2990 1101 3186 1152 ἔπειτα
3211 1099 3319 1150 τῶν
3353 1097 3431 1167 μὴ
3461 1097 3651 1163 σαφῶς
3695 1096 4006 1166 εἰρημένων

2426 1196 2599 1263 αὐτὴν
2651 1197 2752 1264 τὴν
2781 1193 3008 1264 Γραφὴν
3065 1192 3374 1262 λαμϐάνειν
3432 1189 3780 1253 διδάσκαλον,
3824 1187 3885 1253 ἐξ
3934 1181 4008 1241 ὧν

2430 1285 2613 1342 ἄλλοθί
2670 1303 2773 1338 που
2847 1286 3184 1353 σαφέστερον
3219 1281 3717 1352 πραγματεύεται·
3781 1281 3920 1348 πρὸς
3953 1279 4010 1332 δὲ

2433 1378 2649 1440 τούτοις
2676 1377 2775 1446 τὴν
2805 1377 3072 1430 δοκοῦσαν
3102 1375 3404 1442 διαφωνίαν
3431 1373 3841 1442 ἐξηγουμένους
3863 1373 4011 1423 λύειν

2436 1469 2758 1538 πειρᾶσθαι,
2815 1467 3044 1535 καιρούς
3076 1483 3135 1519 τε
3187 1469 3281 1519 καὶ
3331 1464 3522 1534 χρείας
3586 1465 3680 1516 καὶ
3718 1462 4013 1532 διαςόρους

2441 1562 2655 1623 ἑννοίας
2685 1563 2781 1612 καὶ
2810 1559 2880 1612 τὰ
2924 1558 3151 1611 τοιαῦτα
3184 1556 3749 1626 παραλαμϐάνοντας.
3782 1556 3856 1606 Οὑ
3909 1554 4013 1623 γὰρ

2438 1651 2718 1702 πιστεύειν
2742 1651 2880 1712 ὅλως
2911 1651 3061 1712 εἰκὸς
3081 1648 3446 1718 ἀσυμφωνίας
3476 1665 3526 1701 τι
3555 1649 3650 1700 καὶ
3686 1646 4016 1716 σαθρότητος

2441 1744 2506 1812 τῇ
2547 1740 2638 1793 τοῦ
2667 1739 2982 1810 Πνεύματος
3012 1740 3332 1810 διδασκαλίᾳ
3373 1740 3693 1808 προσεῖναιο
3738 1737 3833 1789 καὶ
3880 1735 4016 1794 ὅλως

752 1835 998 1886 muuium
1034 1829 1193 1881 nobis
1226 1828 1534 1892 doctorum,
1569 1837 1622 1879 et
1656 1827 1956 1879 imitatione
1992 1841 2183 1880 eorum
2215 1844 2336 1896 qua:
2369 1812 2408 1866 Β
2441 1833 2510 1884 πᾶ

2260 1844 2336 1882 ua:
2369 1812 2408 1866 Β
2441 1833 2559 1895 πῶς
2609 1833 2688 1885 δεῖ
2721 1833 2790 1884 τὰ
2838 1832 3064 1884 τοιαῦτα
3120 1831 3342 1900 τέμνειν
3393 1830 3565 1899 ἡμᾶς,
3610 1828 3671 1880 ού
3721 1829 3884 1896 μόνον
3941 1825 4018 1895 τῷ

752 1924 822 1978 ab
865 1923 971 1975 illis
1024 1921 1266 1974 adhibita
1305 1928 1456 1982 sunt,
1517 1920 1642 1969 dum
1681 1917 1794 1986 pari
1853 1918 2180 1972 necessitate
2216 1935 2337 1988 pre-

754 2021 1070 2076 merentur;
1106 2010 1199 2064 oed
1231 2009 1396 2063 certis
1422 2022 1639 2076 quoque
1690 2007 1756 2061 de
1791 2009 1896 2062 hoc
1925 2022 2112 2062 eorum
2146 2009 2338 2062 admo-

756 2106 1086 2168 nitionibus,
1114 2120 1235 2158 cum
1270 2103 1467 2156 vellent
1494 2118 1593 2156 uos
1626 2103 1725 2155 hac
1757 2101 1922 2154 etiam
1956 2103 2008 2154 in
2045 2111 2196 2170 parte
2229 2115 2336 2154 non

755 2213 877 2252 esse
936 2197 1139 2250 auxilio
1173 2195 1485 2258 destitutos,
1549 2195 1869 2263 dignoscere
1938 2206 2001 2245 ac
2059 2193 2342 2262 percipere

757 2289 1023 2343 valemus.
1060 2287 1128 2342 Ut
1183 2286 1329 2340 enim
1361 2284 1618 2355 Cyrillum
1679 2291 1734 2337 et
1785 2283 2234 2352 Chrysostomum
2288 2289 2342 2335 et

760 2379 1173 2449 Augustinum,
1240 2387 1294 2428 et
1355 2376 1593 2442 reliquus
1648 2383 1964 2443 prmteream
2032 2374 2338 2442 theologos,

763 2488 887 2526 nam
927 2471 1144 2538 longum
1193 2475 1340 2522 esset
1394 2465 1642 2536 exempla
1701 2465 1944 2519 omnium
2001 2480 2343 2528 enumerare,

765 2562 967 2632 quibus
1001 2561 1132 2614 illud
1166 2574 1309 2613 cura?
1350 2558 1472 2623 fuit,
1515 2559 1560 2611 si
1614 2557 1914 2625 quidquam
1960 2556 2130 2621 aliud,
2191 2556 2345 2611 Scri-

763 2665 954 2724 pturas
986 2655 1126 2706 inter
1153 2666 1211 2705 se
1238 2663 1511 2704 consouas
1537 2647 1937 2713 demonstrare,
1971 2649 2116 2702 beati
2171 2648 2348 2703 Patris

765 2747 997 2820 Nysseni
1035 2745 1176 2798 dicta
1232 2753 1468 2796 vestram
1521 2743 1571 2795 iu
1615 2741 1929 2796 memoriam
1978 2745 2239 2811 redigam,
2277 2743 2348 2795 ita

766 2846 912 2896 enim
947 2849 1076 2907 puto
1111 2836 1224 2889 fore
1265 2847 1322 2888 ut
1351 2846 1400 2889 et
1426 2835 1724 2902 Scripturis
1762 2849 1825 2888 ea
1861 2834 2056 2887 merito
2092 2834 2353 2887 habeatur

771 2929 1096 2989 reverentia,
1139 2942 1260 2996 quae
1309 2927 1376 2978 ab
1433 2924 1688 2978 omnibus
1735 2924 1985 2988 debetur,
2024 2930 2079 2977 et
2135 2931 2354 2977 sanctos

771 3021 961 3074 Patres
995 3017 1278 3072 ostendam
1331 3015 1503 3069 fuisse
1554 3015 1673 3083 pios
1709 3023 1764 3067 et
1805 3015 2001 3067 doctos
2047 3010 2355 3081 Scriptura-

774 3128 894 3166 rum
959 3111 1262 3163 auditores.
1317 3107 1663 3177 PrOpositum
1720 3120 1849 3175 ergo
1909 3105 1984 3159 illi
2010 3117 2094 3160 eSt
2133 3105 2353 3159 beatum

775 3206 1106 3273 Stephanum
1133 3202 1382 3254 laudibus
1413 3200 1688 3254 celebrare
1715 3215 1729 3264 ;
1763 3208 1818 3252 at
1851 3199 1990 3252 inter
2019 3197 2122 3252 alia
2154 3212 2349 3253 recen-

776 3309 861 3355 set
890 3300 1043 3358 illud,
1079 3294 1219 3364 quod
1259 3309 1319 3348 se
1351 3293 1551 3346 vidisse
1585 3291 1901 3362 Stephanus
1941 3290 2017 3344 ait
2050 3307 2064 3344 :
2100 3305 2210 3361 qua
2245 3299 2355 3344 tum

775 3393 1070 3444 occasione
1100 3389 1234 3442 scite
1259 3386 1552 3440 admodum
1608 3384 1660 3438 in
1717 3384 2003 3438 haereticos
2061 3383 2356 3447 invehitur,

779 3484 924 3549 quod
962 3483 1036 3535 illi
1068 3480 1331 3534 visionem
1381 3477 1644 3546 Stephani
1675 3490 1862 3530 ansam
1915 3475 2017 3530 sibi
2078 3474 2360 3540 facerent;

783 3575 954 3630 futilis
1013 3571 1317 3642 argumenti
1381 3582 1544 3639 atque
1598 3567 1863 3621 mendacii
1916 3581 2184 3636 exponam
2236 3581 2366 3619 vero

783 3671 900 3739 ipsa
936 3670 1325 3738 propemodum
1357 3666 1505 3719 illius
1538 3664 1723 3717 verba.
1754 3662 1887 3715 Nam
1937 3663 2064 3732 quia
2104 3665 2363 3717 visionem

786 3763 931 3817 illam
1015 3760 1216 3815 rabiosi
1287 3759 1527 3828 Spiritus
1599 3765 2006 3826 oppugnatores
2087 3755 2370 3810 existima-

786 3856 915 3909 bant
968 3869 1088 3908 esse
1154 3855 1206 3905 iu
1268 3866 1379 3904 rem
1444 3864 1623 3910 suam,
1673 3849 1744 3901 ita
1782 3849 2071 3902 dicentes:
2109 3847 2168 3900 Si
2222 3845 2367 3900 Patri

789 3956 844 3999 et
879 3945 1020 4000 Filio
1056 3942 1502 3997 annumerandus
1537 3940 1761 3994 omnino
1801 3949 1883 3993 est
1917 3937 2177 4007 Spiritus,
2209 3955 2307 3992 cur
2342 3953 2370 3990 a

791 4035 1072 4105 Stephano
1105 4049 1210 4087 non
1235 4042 1319 4087 est
1356 4032 1502 4086 visus
1529 4046 1636 4086 una
1666 4046 1788 4084 cum
1823 4028 2006 4083 Filio?
2036 4045 2100 4084 ex
2126 4031 2375 4100 ipsismet

791 4128 995 4191 verbis,
1031 4125 1230 4195 quibus
1261 4131 1550 4178 enarratur
1598 4121 1758 4185 visio,
1789 4120 1987 4175 refellit
2019 4135 2134 4186 eos,
2179 4136 2377 4176 conse-

790 4218 1014 4288 quentia
1049 4232 1172 4270 cum
1222 4214 1673 4269 antecedentibus
1715 4221 2071 4275 connectens,
2113 4215 2376 4268 ostendit-

796 4323 902 4384 que
939 4307 1013 4362 ibi
1071 4305 1422 4360 annumerari
1481 4303 1744 4372 Spiritum
1802 4313 2079 4368 sanctum,
2134 4305 2227 4358 sed
2283 4320 2378 4359 eos

799 4410 1054 4470 tauquam
1106 4397 1370 4466 pravitate
1419 4394 1722 4449 obcaecatos
1785 4394 1938 4447 illum
1988 4395 2285 4463 praeterire.
2323 4395 2379 4450 Si

2438 1924 2581 1976 κατά
2616 1923 2832 1985 κοινοὺς
2863 1925 3022 1993 ἡμῶν
3051 1923 3410 1984 διδασκάλους
3459 1920 3873 1989 παραδείγματι
3926 1920 4020 1971 καὶ

2438 2011 2518 2075 οἷς
2551 2014 2644 2068 ἐπὶ
2678 2015 2775 2082 τῆς
2819 2015 2942 2082 ίσης
2980 2014 3188 2066 εἴλοντο
3238 2015 3453 2083 χρείας,
3484 2011 3619 2064 ἀλλὰ
3673 2010 3770 2064 καὶ
3799 2006 3882 2072 οἷς
3943 2003 4021 2061 εί-

2441 2126 2542 2162 πον
2569 2109 2700 2178 περὶ
2752 2107 2958 2160 τούτων
3017 2107 3290 2174 ἐπίτηδες,
3333 2103 3456 2157 οὐδὲ
3515 2102 3676 2156 τοῦτο
3737 2101 3800 2154 τὸ
3857 2102 4021 2170 μέρος

2441 2201 2780 2271 ἀϐοηθήτους
2810 2199 3034 2262 ἐῶντες,
3072 2197 3408 2267 συμϐάλλειν
3440 2213 3497 2248 τε
3537 2196 3628 2248 καὶ
3681 2194 3885 2248 εἰδέναι
3930 2191 4019 2244 δυ-

2445 2293 2680 2363 νάμεθα.
2718 2291 2836 2346 Ἱνα
2886 2291 2998 2361 γὰρ
3048 2289 3317 2360 Κύριλλον
3369 2290 3462 2341 καὶ
3501 2289 3892 2358 Χρυσόστομον
3931 2284 4024 2336 καὶ

2445 2387 2829 2452 Αὑγουστῖνον,
2867 2384 2961 2437 καὶ
2997 2384 3123 2446 τοὺς
3150 2383 3342 2446 ἀλλους
3376 2385 3484 2435 τῶν
3536 2381 3803 2448 θεολόγων
3840 2378 4022 2447 παρῶ,

2451 2481 2663 2548 μακρὸν
2691 2477 2800 2546 γὰρ
2832 2475 2897 2530 ἂν
2938 2476 3022 2544 εἴη
3053 2475 3122 2529 τὰ
3178 2475 3398 2528 πάντων
3457 2473 3794 2542 ἐξαριθμεῖν,
3828 2467 3908 2534 οἷς
3955 2473 4029 2522 εἶ-

2449 2586 2556 2639 περ
2589 2569 2754 2623 ἄλλου
2807 2584 2902 2621 του
2943 2569 3039 2620 καὶ
3072 2567 3173 2636 τῆς
3206 2566 3313 2619 τῶν
3337 2567 3574 2637 Γραφῶν
3610 2565 3853 2636 ἐμέλησε
3888 2581 4026 2632 συμ-

2451 2660 2680 2728 φωνίας,
2712 2658 2856 2712 οὕτω
2889 2659 3174 2720 κάκείναις
3206 2658 3304 2728 τὴν
3334 2661 3483 2728 παρά
3515 2658 3734 2712 πάντων
3777 2655 3908 2710 αἰδὼ
3933 2675 4030 2726 τη-

2456 2751 2646 2820 ρήσειν
2675 2750 2932 2815 δικαίως,
2984 2750 3078 2802 καὶ
3111 2750 3254 2817 σφᾶς
3313 2749 3668 2820 εὐγνώμονας
3704 2749 3799 2802 καὶ
3835 2749 4033 2816 σοφοὺς

2454 2842 2681 2894 ἐκείνων
2743 2841 3010 2911 ὁμιλητὰς
3068 2840 3266 2904 δείξειν
3340 2839 3699 2910 ὑπειληφὼς,
3753 2840 3864 2892 τῶν
3930 2837 4028 2892 τοῦ

2459 2935 2732 3006 μακαρίου
2790 2934 3016 3004 Νύσσης
3071 2935 3219 3003 ὑμᾶς
3269 2934 3586 3004 ἀναμνῆσαι
3655 2933 3960 3002 βούλομαιο
3997 2933 4031 2986 ἃ

2458 3028 2548 3081 τὸν
2613 3029 2886 3098 μακάριον
2955 3026 3229 3094 Στέφανον
3279 3024 3631 3093 ἐγκωμιάσαι
3679 3023 4036 3092 προθέμενος,

2460 3122 2583 3174 ἐπεὶ
2605 3121 2701 3174 καὶ
2725 3121 2827 3190 τὴν
2849 3119 3123 3172 ὀπτασίαν
3149 3117 3362 3170 ἐκείνου
3393 3115 3488 3170 τοῦ
3513 3116 3675 3184 λόγου
3712 3115 3879 3184 μέρος
3897 3115 4040 3184 ἔγνω

2460 3215 2821 3283 ποιήσασθαι,
2857 3214 2999 3266 κατά
3047 3211 3155 3264 θεῶν
3215 3211 3602 3279 αἱρετιζόντων
3657 3209 3874 3278 εὐφυῶς
3903 3211 4044 3262 ἀπο·

2462 3309 2700 3377 πέμπει,
2743 3306 3020 3375 πρόφασιν
3057 3303 3425 3369 είκαιολογίας
3458 3305 3553 3356 καὶ
3578 3303 3804 3371 ψεύδους
3830 3303 4044 3370 ἐκείνην

2464 3399 2878 3468 πεποιημένων.
2935 3396 3269 3464 Ἐκθήσομαι
3299 3395 3356 3448 δὲ
3415 3395 3558 3448 αὐτὰ
3594 3395 3783 3464 σχεδον
3831 3392 4041 3446 ἐκείνου

2466 3490 2534 3542 τὰ
2567 3491 2816 3560 ῥήματα.
2857 3488 3080 3556 Ἐπειδὴ
3120 3489 3228 3557 γὰρ
3275 3489 3338 3540 ὲκ
3394 3485 3495 3556 τῆς
3546 3485 3780 3554 θεωρίας
3830 3484 4048 3550 ἐκείνης

2465 3580 2515 3632 oi
2539 3579 2849 3641 λυσσῶντες
2906 3579 3050 3630 κατά
3098 3577 3193 3630 τοῦ
3249 3577 3566 3645 Πνεύματος
3609 3574 3782 3645 ᾤοντο
3838 3576 4051 3644 βοηθεῖ-

2471 3673 2632 3734 σθαι,
2671 3672 2924 3740 λέγοντες
2947 3687 2961 3701 ·
2999 3669 3059 3721 Et
3095 3670 3231 3740 μετὰ
3278 3670 3372 3722 τοῦ
3413 3668 3629 3738 Πατρὸς
3665 3669 3760 3722 καὶ
3812 3667 3942 3722 Υίοῦ
3972 3668 4053 3721 δεῖ

2470 3761 2691 3824 πάντως
2752 3760 3115 3830 ἀριθμεῖσθαι
3169 3759 3228 3811 τὸ
3295 3759 3546 3828 Πνεῦμα,
3614 3759 3733 3821 πῶς
3792 3760 3894 3811 οὐκ
3943 3754 4053 3811 εἶδε

2477 3853 2756 3921 Στέφανος
2813 3854 2871 3904 ὲν
2931 3854 2998 3922 τῇ
3050 3851 3290 3923 ὀπτασίᾳ
3345 3852 3485 3922 μετά
3527 3854 3622 3905 τοῦ
3671 3850 3802 3904 Υίοῦ
3854 3850 3950 3903 καὶ
3995 3853 4055 3903 τδ

2474 3943 2735 4014 Πνεῦμα;
2766 3943 2824 4009 ἐξ
2851 3943 3031 3996 αὐτῶν
3067 3943 3177 3995 τῶν
3211 3943 3313 4012 τῆς
3346 3943 3581 4012 θεωρίας
3639 3942 3908 4012 ῥημάτων
3956 3940 4057 3994 αύ-

2472 4036 2600 4096 τοῦς
2636 4035 2964 4105 ἀνατρέπει,
3001 4033 3070 4085 τὰ
3099 4034 3345 4101 ἑπόμενα
3378 4036 3492 4096 τοῖς
3546 4034 3878 4104 ἡγουμένοις
3932 4050 4056 4086 συν-

2475 4131 2701 4183 ἅπτωνο
2732 4129 2830 4181 καὶ
2884 4127 3160 4180 δείκνυσιν
3212 4127 3625 4196 ἀριθμούμενον
3683 4128 3783 4196 μὲν
3834 4129 3953 4179 ἐκεῖ
3998 4126 4060 4177 τὸ

2479 4220 2710 4290 Πνεῦμα
2745 4220 2805 4272 τὸ
2838 4219 3018 4287 ᾶγιον,
3053 4219 3255 4280 αὐτοὺς
3288 4219 3333 4271 δ’
3366 4220 3461 4272 ἆτε
3491 4217 3912 4286 τυφλώττοντας
3953 4217 4060 4269 ὑπὸ

2477 4312 2578 4381 τῆς
2607 4313 2868 4381 πονηρίας
2933 4310 3233 4380 παριέντας
3274 4310 3427 4374 αὐτό.
3474 4311 3534 4362 El
3587 4310 3696 4378 γὰρ
3749 4308 3826 4378 τῷ
3865 4309 4060 4377 ὁμοίῳ,

2483 4404 2642 4473 φησὶ.
2675 4404 2977 4471 καθορᾶται
3015 4403 3083 4455 τὰ
3137 4404 3326 4472 ὃμοια,
3375 4401 3471 4454 καὶ
3524 4401 3624 4454 ούκ
3671 4401 3789 4454 ἐστι
3851 4400 3912 4453 τδ
3946 4401 4063 4468 φῶς

797 4491 940 4543 enim
961 4503 1052 4556 per
1068 4487 1266 4551 simile,
1294 4486 1493 4555 inquit,
1520 4485 1773 4538 videntur
1797 4483 2020 4550 similia,
2052 4494 2107 4540 et
2130 4501 2238 4540 non
2275 4486 2378 4541 nisi
2416 4500 2457 4554 υ
2481 4495 2549 4562 ὸφ

2303 4486 2378 4541 iisi
2416 4500 2457 4554 υ
2481 4492 2717 4562 ὀφθῆναι
2753 4492 2830 4560 μὴ
2854 4492 2915 4545 ἐν
2964 4491 3042 4561 τῷ
3074 4493 3218 4559 φωτὶ
3245 4491 3661 4562 καθορώμενον,
3722 4491 3950 4560 εὔδηλον
3978 4493 4061 4543 ὅτι

800 4581 852 4632 in
890 4579 1096 4634 lumine
1122 4585 1301 4646 potest
1333 4577 1516 4630 lumen
1541 4576 1730 4642 videri,
1762 4577 2110 4646 perspicuum
2148 4593 2278 4634 sane
2301 4587 2384 4633 est

798 4685 852 4728 et
886 4673 1063 4741 ipsum
1117 4670 1450 4738 Stephanum
1482 4669 1652 4738 gloria
1704 4666 1944 4734 Spiritus
1979 4679 2106 4723 aute
2140 4670 2384 4725 illustra-

801 4777 917 4816 tum
948 4761 1303 4828 eonspexisse
1329 4760 1555 4828 gloriam
1591 4759 1763 4813 Patris
1791 4771 1843 4813 et
1874 4758 1996 4813 Filii
2031 4781 2042 4814 :
2076 4758 2380 4829 Stephanus

798 4854 961 4916 enim,
993 4851 1190 4920 inquit,
1223 4866 1340 4902 cum
1366 4858 1504 4913 esset,
1528 4850 1712 4918 plenus
1757 4849 1958 4919 Spiritu
2026 4862 2234 4917 sancto,
2258 4852 2387 4906 vidit

802 4947 1026 5017 gloriam
1054 4943 1167 5005 Dei,
1203 4943 1413 5010 ejusque
1443 4940 1783 5011 Unigem'tum
1817 4944 1858 4996 ¹.
1890 4942 2023 4996 Nam
2056 4945 2199 5012 quod
2235 4944 2389 4998 Scri-

808 5044 965 5106 ptura
1000 5033 1188 5096 tacuit,
1220 5047 1553 5086 enumerans
1594 5048 1714 5100 qua:
1750 5032 1899 5088 fuere
1931 5033 2200 5103 visa,jam
2229 5044 2390 5088 antea

808 5134 1084 5194 posuerat,
1118 5125 1245 5181 dum
1281 5125 1518 5182 asseruit
1569 5141 1597 5177 a
1619 5126 1791 5194 gratia
1818 5125 2057 5193 Spiritus
2090 5126 2388 5195 proiectam

807 5231 931 5271 esse
964 5216 1324 5269 elevationem
1385 5231 1446 5270 ac
1503 5217 1762 5270 visionem
1816 5217 1960 5270 illam
1996 5217 2298 5287 martyris;
2332 5227 2386 5272 et

809 5317 925 5355 rem
997 5302 1133 5355 adeo
1174 5303 1489 5371 praclaram
1519 5305 1796 5362 exstitisse
1829 5321 1934 5360 non
1972 5307 2219 5361 humana:
2252 5323 2388 5377 opus

808 5391 1066 5456 solertiae,
1129 5393 1223 5446 sed
1282 5393 1480 5449 divina:
1543 5397 1779 5449 virtutis.
1817 5394 1913 5454 Est
1966 5397 2131 5465 igitur
2196 5415 2385 5453 verum

818 5485 1171 5553 undecunque
1226 5484 1585 5552 colligendum
1639 5500 1800 5555 apum
1857 5489 2110 5556 exemplo
2170 5489 2389 5543 sedula-

814 5593 932 5630 rum
961 5593 974 5628 :
1006 5577 1212 5631 idcirco
1242 5577 1386 5632 enim
1415 5588 1468 5632 et
1497 5579 1728 5633 scrutari
1762 5577 2019 5647 jubemur
2050 5579 2383 5651 Scripturas,

894 5771 908 5799 ¹
941 5778 1060 5827 Act.
1087 5789 1180 5832 vn.
1209 5773 1298 5827 55.

2484 4585 2576 4638 καὶ
2601 4585 2878 4652 Στέφανος
2914 4582 3433 4653 προκαταυγασθεὶς
3463 4585 3530 4651 τῇ
3583 4582 3712 4654 δόξῃ
3753 4584 3850 4634 τού
3891 4581 4066 4634 Ilvati-

2487 4691 2686 4742 ματος,
2721 4674 2778 4726 ὲν
2823 4672 3077 4744 περινοίᾳ
3106 4672 3203 4741 τῆς
3256 4671 3352 4724 τοῦ
3409 4672 3624 4741 Πατρὸς
3680 4670 3899 4724 καὶτοῦ
3935 4669 4065 4722 Υίοῦ

2482 4765 2641 4832 δὸξης
2680 4763 2918 4830 ἐγένετο.
2978 4762 3251 4829 Στέφανος
3300 4762 3432 4830 γὰρ,
3493 4763 3663 4830 φησὶ,
3723 4761 3938 4831 πλήρης
3994 4759 4068 4811 ὢν

2489 4859 2809 4926 Πνεύματος
2843 4855 3001 4922 ἁγίου
3025 4850 3135 4906 εἶδε
3173 4853 3275 4922 τὴν
3301 4855 3460 4918 δόξαν
3504 4853 3600 4906 τοῦ
3659 4853 3795 4906 Θεοῦ
3846 4853 3940 4905 καὶ
3979 4853 4070 4904 τὸν

2490 4947 2777 5016 Μονογενῆ
2803 4946 2897 4999 τοῦ
2948 4945 3108 5001 Θεοῦ.
3143 4946 3208 4998 Ὅ
3239 4945 3347 5016 γὰρ
3383 4949 3676 5016 σεσίγηκεν
3707 4946 3740 5014 η
3776 4945 3968 5016 Γραφὴ
4013 4946 4071 4998 ὲν

2489 5044 2556 5112 τῇ
2584 5041 2692 5093 τῶν
2727 5039 3010 5107 φανέντων
3039 5037 3449 5108 ἀπαριθμήσει,
3487 5037 3649 5091 τοῦτο
3683 5039 3900 5091 τέθεικε
3933 5040 4071 5108 πρό-

2490 5150 2650 5203 τερον
2674 5169 2689 5196 ,
2724 5131 2826 5199 τῆς
2861 5130 2953 5182 τοῦ
2985 5129 3304 5200 Πνεῦματος
3358 5129 3583 5200 χάριτος
3617 5130 3780 5202 ἔργον
3805 5124 3947 5184 εἶναι
3972 5133 4074 5202 τὴν

2490 5227 2708 5296 ’ὑψωσιν
2738 5226 2832 5280 καὶ
2862 5224 2962 5294 τὴν
2997 5224 3237 5292 θεωρίαν
3264 5225 3485 5295 ἐκείνην
3516 5224 3611 5278 τοῦ
3640 5227 3922 5296 μάρτυρος
3940 5227 4075 5280 ἀπο-

2497 5315 2816 5386 φηναμένη,
2852 5315 3260 5382 καὶδυνάμεως
3292 5310 3434 5368 εἶναι
3479 5314 3652 5380 θείας,
3715 5315 3815 5368 οὐκ
3868 5315 4077 5385 ἀνθρω-

2498 5408 2663 5474 πίνης
2709 5408 2958 5476 μηχανῆς
3005 5407 3064 5460 τδ
3103 5406 3460 5477 κατόρθωμα.
3511 5407 3676 5459 Ὥστε
3735 5406 4080 5477 πανταχόθεν

2499 5499 2780 5567 συλλέγειν
2842 5499 2922 5552 δεῖ
2973 5499 3203 5570 τάληθὲς
3273 5498 3523 5567 καθάπερ
3597 5497 3695 5563 τὰς
3756 5500 4079 5568 φιλοπόνους

2502 5591 2790 5664 μελίττας’
2819 5592 2905 5645 διὰ
2945 5593 3053 5663 γὰρ
3089 5593 3246 5646 τοῦτο
3279 5591 3370 5644 καὶ
3408 5591 3638 5662 ἐρευνᾷν
3705 5594 3802 5657 τὰς
3858 5593 4080 5663 Γραφᾶς
