4452 6450
457 410 562 471 493

1628 405 1909 468 ()ilATlO
1951 405 2030 462 lll
2081 402 2181 462 AD
2219 401 2605 463 SYXODUM.

3631 401 3730 466 494

466 530 808 595 ἀποδείξεσιν
851 529 908 582 ἓν
957 547 1018 597 γε
1066 530 1178 594 τοῖς
1226 529 1490 592 τοιούτοις
1531 527 1895 599 θαρροῦντας,
1929 524 2041 577 ἀλλ’
2073 531 2116 584 Α
2149 520 2224 588 glc

1974 524 2041 576 λλ’
2073 531 2116 584 Α
2149 520 2391 588 gloriolm
2428 520 2716 589 cupiditas.
2764 520 2889 574 Scio
2929 537 3055 575 vero
3087 522 3251 574 etiam
3298 537 3416 583 vos,
3443 521 3635 582 Graeci,
3671 537 3732 572 ne

457 625 738 692 οἰομένους
780 622 949 686 αὑτάς
994 621 1242 676 ὕποπτόν
1276 640 1327 675 τι
1355 621 1549 691 χρῆμα
1591 622 1684 672 καὶ
1727 618 2034 689 σφαλερόν·

459 715 639 785 πολλῷ
672 715 875 785 μᾶλλον
902 716 1085 768 τοίνυν
1116 716 1229 777 τοῖς
1261 714 1329 767 δι’
1358 714 1625 766 ἀδυνάτου
1653 711 2039 779 συλλογισμοῖς

455 805 611 858 αὐτοί
637 823 694 858 τε
727 806 1175 877 εὐλαΰι-,οήσεσθε
1204 805 1466 875 χρῆσθαι,
1496 806 1590 863 καὶ
1621 803 1926 875 χρωμένων
1950 802 2039 856 ἆλ-

456 900 564 951 λων
597 898 922 966 φυλάξεσθε.
952 893 1097 952 Εἶεν.

529 1161 604 1214 Οὔ
651 1161 833 1216 τοίνυν
883 1162 950 1216 τά
1004 1163 1100 1232 μὲν
1147 1165 1245 1234 τῆς
1285 1162 1513 1233 Γραφῆς
1565 1161 1856 1230 ἀξιώματα
1912 1178 2040 1216 συν-

461 1253 657 1307 άπτειν
713 1254 966 1324 ἀλλήλοις
1019 1255 1114 1308 καὶ
1167 1255 1551 1324 συμϐισάζειν,
1584 1253 1658 1316 ὡς
1703 1253 1769 1307 ἂν
1801 1253 2040 1324 μάλιστα

459 1346 846 1409 συνάπτοιντο,
879 1345 979 1409 δεῖ,
1030 1346 1156 1410 τοὺς
1192 1346 1248 1399 δὲ
1283 1346 1489 1400 τούτων
1528 1343 1801 1415 ἐξηγητάς
1850 1345 1909 1396 ὲν
1958 1339 2040 1405 οἷς

455 1439 625 1493 ταύτά
679 1456 734 1491 τε
789 1439 1279 1501 διάλευκαίνοντες,
1347 1441 1442 1491 καὶ
1499 1439 1681 1500 ἄλλως
1747 1437 1876 1505 περὶ
1933 1437 2038 1488 τῶν

453 1532 713 1585 τοιούτων
772 1531 1167 1598 ἀγωνιζόμενοι
1221 1530 1462 1597 λέγουσι,
1517 1531 1749 1599 διαιρεῖν
1803 1528 2036 1584 ἀξιώσο-

457 1641 559 1691 μεν
586 1640 599 1654 '
631 1622 766 1674 ἀλλά
800 1622 895 1674 καὶ
928 1623 1138 1684 τούτοις
1183 1622 1322 1689 μετὰ
1354 1623 1450 1690 τῆς
1485 1623 1607 1687 ἴσης
1652 1621 2040 1690 εὐνοίαςχρή-

456 1715 654 1769 σασθαι
684 1715 784 1776 δεῖ,
815 1715 909 1766 καὶ
945 1714 1152 1784 μηδένα
1187 1715 1283 1784 τῆς
1309 1714 1669 1784 ὀφειλομένης
1703 1715 1866 1766 πᾶσιν
1897 1716 2039 1767 ἀπο-

453 1807 653 1860 κλείειν
696 1808 898 1870 αἰδοῦς.
951 1810 1012 1860 Εἰ
1046 1809 1154 1876 γάρ
1197 1808 1323 1872 τοὺς
1381 1809 1479 1876 μὲν
1525 1809 1776 1876 στέργειν
1825 1811 1921 1864 καὶ
1955 1827 2038 1860 τι-

2145 615 2706 669 tlemonstrationibus
2755 615 2976 684 quidem
3033 617 3084 669 in
3143 614 3521 684 hujuscemodi
3577 615 3734 666 rebus

2145 706 2442 773 confidere,
2501 707 2594 760 sed
2648 707 2849 760 habere
2896 707 3018 761 illas
3075 719 3358 776 suspectas
3408 717 3462 761 et
3507 706 3731 776 periculi

2147 796 2369 866 plenas;
2410 798 2582 850 multo
2631 813 2758 867 ergo
2791 799 2964 867 magis
2997 798 3096 868 ipsi
3141 815 3168 851 a
3203 800 3532 869 syllogismis
3564 798 3731 851 dedu-

2145 889 2398 943 centibus
2429 891 2494 942 ad
2532 889 2870 958 impossibile
2909 890 3218 959 refugietis,
3253 892 3320 944 ab
3350 891 3582 959 aliisque
3613 891 3736 944 illos

2144 981 2532 1038 adhibentibus
2557 983 2842 1039 cavebitis.
2873 984 3064 1038 [Stilum
3087 983 3311 1053 quidem
3339 983 3488 1037 siese
3509 984 3732 1037 habent.

2216 1156 2332 1213 Non
2373 1165 2535 1212 erunt
2559 1172 2721 1227 porro
2758 1157 3065 1227 Scriptura:
3101 1159 3322 1227 quidem
3383 1161 3735 1230 pronuntiata

2146 1251 2496 1307 concilianda
2552 1253 2696 1307 inter
2738 1269 2816 1321 se,
2853 1265 2913 1308 ut
2955 1253 3193 1308 maxime
3243 1266 3458 1324 Oportet
3492 1273 3505 1314 ;
3542 1271 3734 1311 eorum

2144 1359 2275 1399 vero
2304 1343 2651 1414 interpretes,
2695 1357 2786 1403 aut
2819 1346 2911 1399 ubi
2946 1362 3008 1399 ea
3061 1345 3390 1413 dilucidam,
3426 1357 3517 1400 aut
3571 1350 3733 1402 etiam

2145 1435 2236 1487 ubi
2262 1435 2327 1488 de
2352 1434 2457 1491 illis
2490 1437 2795 1506 diSputint.
2816 1438 2870 1490 in
2899 1437 3184 1505 Oppositas
3216 1436 3515 1490 sententias
3540 1436 3737 1488 distra—

2146 1527 2309 1581 ln-udi
2347 1545 2360 1587 :
2391 1529 2485 1583 sed
2520 1545 2616 1598 par
2650 1530 2703 1582 in
2739 1529 2860 1583 illos
2881 1545 3099 1598 quoque
3128 1529 3375 1583 narauda
3410 1527 3734 1583 benevolen-

2145 1618 2237 1684 tia,
2275 1620 2519 1688 nulliqne
2541 1621 2859 1691 deneganda
2915 1622 3004 1675 illa
3057 1622 3428 1688 observantia,
3471 1637 3591 1690 quae
3619 1635 3734 1674 om-

2144 1713 2306 1766 nibus
2334 1713 2582 1766 debetur.
2619 1713 2749 1766 Nam
2781 1715 2825 1768 si
2866 1715 2965 1768 hos
2993 1715 3213 1782 quidem
3249 1714 3615 1783 recipiendos,
3655 1724 3734 1769 at-

2143 1819 2250 1872 que
2287 1806 2337 1857 in
2385 1806 2590 1858 honore
2652 1806 2953 1867 habendos,
3003 1805 3143 1860 alios
3203 1820 3333 1862 vero
3392 1806 3735 1859 censebimus

456 1901 565 1969 μᾷν
602 1900 980 1969 ψηφιούμεθα,
1017 1902 1127 1962 τοῖς
1157 1902 1210 1952 δὲ
1241 1900 1353 1952 δεῖν
1383 1900 1705 1969 ἡγησόμεθα
1753 1903 1827 1970 μὴ
1863 1919 2034 1971 προσ-
2069 1909 2107 1961 η
2145 1896 2214 1962 rej

1977 1919 2034 1951 σ-
2069 1909 2107 1961 η
2145 1896 2493 1963 rejicientlas,
2516 1905 2768 1963 putantes
2798 1897 2940 1949 inter
2963 1911 3020 1950 se
3047 1897 3168 1951 illos
3197 1912 3472 1966 pugnare;
3498 1900 3730 1966 primum

453 1993 626 2062 ἐχειν,
668 1993 984 2059 νομίζοντες
1030 1994 1229 2056 αὐτοὺς
1277 1992 1652 2063 διαφέρεσθαι,
1686 1995 1902 2064 πρῶτον
1935 1993 2037 2062 μὲν

449 2087 572 2137 οὐδὲ
607 2087 704 2153 τῆς
736 2086 863 2151 περὶ
910 2089 1008 2147 τάς
1041 2085 1268 2153 Γραφάς
1307 2086 1599 2145 εὐλαϐείας
1650 2086 1948 2138 ἀπολαύειν
1984 2103 2035 2138 τι

449 2175 819 2243 δυνησόμεθα,
851 2176 951 2244 τῆς
998 2176 1058 2241 ἐξ
1101 2176 1332 2229 ἐκείνων
1391 2177 1826 2244 περιγενομένης
1881 2176 2036 2245 εἰρή-

449 2269 645 2337 νηςοὲκ
687 2270 785 2336 τῆς
834 2269 1169 2337 φαινομένης
1219 2269 1334 2320 τῶν
1365 2268 1704 2322 διδασκάλων
1736 2268 2034 2335 διαφωνίας

451 2361 614 2414 πάλιν
647 2364 1025 2430 συγχεομένης
1057 2402 1071 2425 ,
1109 2361 1204 2414 καὶ
1253 2361 1363 2413 τῶν
1417 2361 1628 2412 ἐκεῖθεν
1667 2358 1874 2428 μισθῶν
1905 2362 2034 2427 ἡμῖν

448 2453 536 2506 διὰ
579 2452 674 2523 τὴν
712 2455 854 2506 κατὰ
909 2453 1020 2504 τῶν
1076 2454 1249 2520 ἁγίων
1294 2453 1665 2522 συκοφαντίαν
1724 2452 2031 2520 ἀπολλυμέ-

445 2560 578 2605 νων,
613 2544 705 2605 οὓς
738 2545 886 2607 είκνίς
936 2547 1054 2595 ἐστι
1090 2543 1189 2615 τὴν
1229 2543 1330 2612 τῆς
1370 2542 1632 2611 ἀληθείας
1675 2536 1816 2594 εἶναι
1865 2543 2032 2610 φανέ-

452 2655 638 2704 ρωσιν.
688 2638 922 2691 Ἔπειτα
950 2639 1043 2694 καὶ
1077 2639 1137 2689 τὸ
1170 2638 1346 2690 δεινὸν
1369 2636 1592 2689 διπλοῦν
1625 2638 1756 2705 ἡμῖν
1790 2636 2030 2706 ἀπαντᾷο

448 2731 480 2798 ἦ
519 2735 626 2797 γάρ
665 2733 842 2794 ἐνίους
881 2732 1061 2785 αὐτῶν
1123 2735 1218 2801 τῆς
1286 2731 1342 2781 ὲν
1396 2730 1647 2799 ἁγιότητι
1688 2731 2032 2799 στερήσομεν

445 2825 630 2892 δόξης,
668 2825 758 2877 ἵνα
812 2827 906 2878 καὶ
960 2826 1036 2894 τῷ
1093 2824 1280 2895 ψεύδει
1323 2825 1655 2893 συγχωρήσῃ
1707 2840 1790 2883 τις
1836 2823 2032 2883 αὐτοὺς

449 2917 797 2980 ὑποκεῖσθαι,
835 2921 929 2970 καὶ
963 2917 1210 2979 δικαίους
1262 2915 1696 2985 παρεωρᾶσθαι·
1751 2916 1781 2982 ἦ
1830 2916 1890 2965 τι»
1932 2914 2032 2983 τῆς

444 3010 744 3075 διαφωνίας
785 3010 1040 3077 ἔγκλημα
1071 3012 1164 3061 καὶ
1199 3009 1426 3070 ἄκοντες
1477 3007 1572 3062 ἀπ’
1601 3008 1780 3066 αὐτῶν
1811 3007 1900 3058 ἐπὶ
1931 3008 2030 3068 τάς

445 3104 672 3172 Γραφὰς
728 3103 1152 3171 μεταστήσομεν
1210 3100 1398 3164 πάλιν,
1443 3101 1535 3150 καὶ
1593 3099 1651 3150 τὸ
1706 3098 1935 3167 Πνεῦμα
1969 3099 2031 3151 τὸ

445 3197 627 3264 ἅγιον,
662 3194 722 3246 οὗ
756 3196 1118 3262 τυγχάνουσιν
1180 3194 1234 3243 αἱ
1293 3192 1504 3261 Γραφαί
1533 3208 1546 3222 ο
1606 3190 1896 3253 κάκείνους
1933 3191 2030 3260 μὲν

445 3291 626 3351 καλῶς
685 3291 984 3356 ἐπιστῆσαι
1041 3289 1183 3341 πᾶσι
1247 3287 1343 3338 καὶ
1397 3285 1786 3354 νουνεχόντως,
1821 3283 1919 3353 τὴν
1976 3283 2030 3336 δὲ

445 3381 673 3450 Γραφὴν
734 3381 834 3442 τὰς
886 3381 988 3448 τῆς
1019 3380 1287 3451 διαφορᾶς
1327 3380 1509 3441 αἰτίας
1573 3378 1724 3446 σφίσι
1788 3377 2029 3447 προϐάλ-

443 3473 638 3525 λεσθαι
697 3471 1016 3541 νομιοῦμεν.
1070 3471 1213 3540 Πρδς
1279 3471 1336 3524 δὲ
1404 3470 1620 3533 τούτοις
1686 3471 2028 3540 σοφωτέρους

443 3568 596 3635 ἡμᾶς
668 3567 764 3618 καὶ
822 3565 1160 3634 ἁγιωτὲρους
1233 3565 1460 3616 ἐκείνων
1525 3564 1773 3633 δείξομεν
1829 3564 2027 3628 ὄντας,

444 3659 606 3727 εἴπερ
635 3659 795 3728 ἡμεῖς
832 3657 930 3726 μὲν
970 3658 1062 3709 καὶ
1094 3660 1159 3726 τῇ
1198 3658 1349 3723 παρὰ
1377 3657 1482 3708 τῶν
1517 3657 1754 3726 Ι¹ραφῶν
1791 3657 2027 3729 ἀληθεία

444 3751 540 3802 καὶ
575 3751 688 3811 τοῖς
737 3749 917 3811 ἄλλοις
971 3748 1079 3800 τῶν
1111 3747 1448 3801 διδασκάλων
1489 3747 1766 3817 δυνάμεθα
1803 3765 2029 3816 συμφω-

443 3843 579 3905 νεῖν,
613 3841 768 3893 αύτο“ι
821 3840 874 3892 δὲ
925 3841 1020 3893 καὶ
1071 3840 1276 3891 τούτων
1329 3841 1653 3908 ἀμφοτέρων
1702 3838 2025 3907 διήμαρτον·

442 3938 541 3989 καὶ
593 3934 919 4002 νενομίκασι
982 3933 1080 4002 μὲν
1137 3933 1284 4000 ἅπερ
1324 3933 1424 3985 οὑκ
1477 3932 1607 3999 ἔδει,
1665 3932 1934 3986 ἀθάνατον
1973 3936 2028 3987 δὲ

444 4032 581 4102 πρὸς
614 4033 737 4090 τοὺς
790 4027 1056 4094 ἀδελφοὺς
1103 4027 1470 4095 ἐνεστήσαντο
1519 4027 1776 4097 πόλεμον.
1812 4027 2029 4081 Μᾶλλον

441 4125 498 4176 δὲ
527 4123 699 4176 ταῦτα
745 4121 844 4191 μὲν
891 4118 1013 4172 οὔτε
1071 4137 1153 4182 τις
1214 4119 1356 4187 ὑπὲρ
1414 4119 1571 4189 ἡμῶν
1621 4118 1867 4182 ἀξιώσει,
1914 4120 2027 4172 οὗθ’

440 4218 588 4286 ἡμᾶς
637 4215 779 4282 ὑπὲρ
818 4214 1029 4267 ἑαυτῶν
1085 4213 1404 4280 λογίζεσθαι
1448 4217 1575 4282 χρὴ⁹
1612 4213 1748 4265 ἀλλά
1779 4212 2026 4285 δείξομεν

441 4306 666 4372 ἀληθῶς
723 4308 915 4375 ἀφυεῖς
969 4306 1122 4368 δντες
1185 4305 1366 4357 αὐτῶν
1419 4304 1678 4374 μαθηταὶ,
1722 4305 1814 4360 καὶ
1852 4308 2027 4360 πάντα

447 4400 649 4470 μᾶλλον
679 4397 712 4470 ἢ
749 4400 858 4459 τοῖς
893 4398 1003 4449 τῶν
1037 4395 1379 4448 διδασκάλων
1413 4395 1597 4462 λόγοις
1639 4398 2023 4465 προσέχοντες,

443 4492 602 4560 εἴπερ
633 4490 858 4545 ἐκείνων
891 4487 1036 4549 ὅπως
1070 4485 1333 4555 ἁρμόττει
1363 4487 1474 4548 τοῖς
1512 4486 1616 4537 ὑπὸ
1645 4486 1737 4538 τοῦ
1772 4488 2026 4553 Πνεύμα-

2145 1988 2363 2055 quidem
2395 1987 2526 2040 nihil
2556 1986 2662 2042 frui
2695 1987 2850 2039 nobis
2881 1987 3064 2041 licebit
3087 1988 3408 2053 reverentia,
3442 2004 3546 2056 qua
3583 1988 3728 2042 Scri-

2143 2089 2332 2147 pturas
2362 2080 2720 2142 bouoramus,
2760 2079 3126 2134 interturbata
3169 2095 3360 2134 rursus
3390 2095 3522 2148 pace
3583 2080 3734 2133 Scri-

2141 2180 2444 2237 pturarun,
2479 2185 2642 2238 quam
2671 2169 2829 2225 nobis
2860 2169 2935 2222 illi
2957 2185 3236 2240 peperere,
3265 2186 3359 2240 per
3383 2179 3731 2240 apparentem

2141 2277 2372 2331 pugnam
2410 2262 2699 2315 doctOrum
2736 2275 2826 2326 ;et
2865 2276 3131 2332 pereunte
3161 2263 3317 2318 nobis
3374 2265 3625 2318 mercede
3659 2265 3734 2318 illi

2137 2360 2337 2421 delita,
2375 2374 2536 2427 quam
2561 2375 2659 2428 par
2676 2370 2761 2414 cst
2785 2376 2906 2415 esse
2926 2362 3173 2415 veritatis
3205 2362 3728 2425 manifestationem,

2136 2454 2205 2506 ob
2235 2453 2569 2506 calumniam
2603 2454 2812 2508 sanctis
2846 2455 3076 2508 illatam.
3108 2455 3310 2511 Deinde
3345 2457 3547 2511 malum
3576 2458 3732 2512 nobis

2136 2549 2300 2615 duplo
2333 2549 2510 2618 majus
2543 2550 2635 2604 fret
2663 2568 2676 2605 :
2707 2559 2796 2605 aut
2835 2552 2978 2604 enim
3005 2553 3272 2620 quosdam
3300 2568 3362 2606 ex
3399 2553 3503 2607 illis
3534 2553 3735 2608 sancti—

2138 2642 2265 2693 tatis
2304 2640 2474 2710 gloria
2507 2642 2880 2711 privabimns,
2921 2652 2980 2696 ut
3017 2643 3229 2712 possint
3290 2645 3397 2698 ilis
3449 2645 3732 2701 mendacia

2140 2734 2325 2796 tribui,
2358 2736 2553 2803 etjure
2575 2735 2809 2790 debeant
2843 2738 3140 2800 contemni,
3170 2750 3264 2791 aut
3303 2754 3494 2793 rursus
3522 2740 3735 2795 discre-

2137 2827 2335 2892 pantia:
2367 2827 2575 2882 crimen
2610 2828 2676 2881 ab
2699 2829 2778 2882 eis
2805 2830 3215 2900 ad-Scripturas
3249 2832 3326 2885 vel
3356 2833 3512 2886 inviti
3546 2843 3723 2887 trans-

2137 2915 2395 2982 feremus,
2429 2928 2480 2971 et
2506 2919 2730 2988 Spiritui
2773 2933 2962 2976 sancto
2988 2925 3350 2992 ascribamus,
3383 2943 3410 2981 a
3443 2944 3551 2997 quo
3579 2930 3729 2982 Scri-

2139 3021 2307 3079 plura:
2342 3023 2632 3067 manarunt
2664 3031 2677 3072 ς
2713 3024 2768 3069 et
2798 3015 2920 3069 illos
2945 3018 3161 3086 quidem
3189 3021 3577 3080 arbitrabimur
3598 3039 3729 3078 exa-

2139 3103 2371 3157 minasse
2385 3106 2568 3158 omnia
2597 3115 2738 3161 recte
2757 3116 2920 3177 atque
2938 3111 3253 3179 prudenter,
3278 3113 3611 3183 Scripturam
3636 3132 3730 3171 ve-

2139 3211 2199 3248 ro
2225 3197 2331 3251 illis
2357 3198 2784 3255 tletlissecausas
2835 3219 3046 3272 pugnae.
3089 3205 3168 3258 Al
3227 3207 3338 3259 bace
3369 3208 3729 3273 sapientiores

2137 3301 2259 3349 nos,
2300 3290 2712 3357 sanetioresque
2774 3293 2880 3347 illis
2930 3298 3303 3360 ostendemus,
3363 3299 3407 3353 si
3441 3303 3724 3354 veritatem

2135 3378 2540 3449 Scripturarum
2576 3400 2674 3439 nos
2700 3387 2916 3455 quidem
2944 3393 3159 3458 assequi
3184 3406 3497 3459 possumus,
3517 3404 3571 3448 et
3601 3411 3724 3450 cum

2135 3473 2259 3526 aliis
2311 3474 2628 3530 doctoribus
2703 3479 3082 3544 concordare;
3145 3483 3244 3549 ipsi
3294 3501 3421 3540 vero
3471 3498 3723 3542 neutrum

2133 3574 2262 3618 sunt
2297 3568 2551 3629 assecuti,
2605 3572 2878 3638 erepinati
2903 3581 3031 3626 sunt
3058 3591 3177 3643 qua:
3201 3592 3305 3630 non
3336 3582 3641 3648 Oportebat,
3673 3593 3728 3638 et

2136 3655 2334 3710 bellant
2369 3673 2492 3712 cum
2528 3661 2789 3717 fratribus
2843 3675 3162 3734 perpetuum
3218 3685 3600 3741 susceperunt.
3641 3677 3721 3731 An

2133 3762 2259 3801 vero
2293 3765 2390 3802 nec
2421 3751 2704 3820 quisqnam
2748 3756 2905 3811 nobis
2940 3760 3053 3812 tunc
3079 3761 3366 3816 tribuenda
3426 3771 3718 3836 putaverit,

2133 3857 2233 3900 nec
2266 3857 2364 3897 nos
2389 3858 2453 3902 ea
2481 3846 2548 3900 de
2581 3848 2738 3903 nobis
2767 3854 3006 3919 cogitare
3037 3853 3341 3922 debemus;
3379 3861 3473 3913 sed
3541 3873 3722 3918 osten-

2131 3935 2327 3991 demus
2371 3954 2558 3992 revera
2588 3940 2796 4009 ineptos
2827 3959 2927 3997 nos
2979 3961 3100 4000 esse
3150 3948 3366 4002 illorum
3421 3954 3718 4022 auditores,

2130 4038 2182 4081 et
2211 4029 2429 4098 quidvis
2457 4032 2637 4100 potius
2669 4036 2970 4100 attendere,
3027 4055 3188 4108 quam
3226 4042 3367 4096 dicta
3420 4059 3720 4116 praecepto-

2131 4136 2285 4185 rum;
2320 4138 2442 4176 cum
2489 4125 2561 4177 illi
2597 4127 2755 4181 nobis
2804 4131 3021 4198 egregia
3072 4132 3400 4190 documenta
3451 4138 3714 4203 dederint,

2129 4213 2318 4282 quales
2343 4231 2442 4270 nos
2472 4221 2758 4271 conveniat
2797 4232 3056 4288 praestare
3086 4225 3150 4277 ad
3178 4241 3264 4290 ea,
3297 4243 3419 4295 quae
3453 4244 3480 4281 a
3513 4229 3716 4299 Spiritu

2129 4305 2327 4360 dictata
2355 4319 2504 4376 sunt,
2541 4317 2594 4363 et
2626 4310 2833 4364 idoneis
2867 4315 3132 4382 exemplis
3161 4317 3467 4374 duetrinam
3531 4322 3714 4379 ﬁrma-

2131 4395 2279 4460 riut;
2316 4412 2416 4452 nos
2441 4413 2568 4452 vero
2599 4403 2879 4456 contrario
2936 4406 3097 4460 modo
3153 4408 3232 4461 uti
3294 4411 3544 4467 velimus.
3604 4415 3716 4471 Nec

2131 4503 2258 4542 vero
2283 4490 2445 4543 etiam
2475 4505 2688 4560 aequum
2721 4494 2944 4552 omnino
2979 4505 3082 4559 est,
3121 4499 3267 4567 ipsos
3296 4504 3536 4571 quidm),
3588 4507 3717 4560 dum

441 4601 533 4644 τος
587 4582 902 4652 λεγομένοις
956 4577 1389 4647 προσφέρεσθαι,
1427 4577 1607 4642 καλῶς
1647 4583 1780 4648 ἡμῖν
1812 4583 2027 4653 ὑφηγη-
2063 4599 2103 4652 ο
2135 4598 2193 4635 se

1964 4601 2027 4653 η-
2063 4599 2103 4652 ο
2135 4598 2193 4635 se
2232 4582 2537 4650 praeberent
2581 4586 2812 4639 aliorum
2874 4588 3222 4658 interpretes,
3287 4604 3542 4665 tanquam
3608 4601 3719 4652 exi-

443 4674 720 4744 σαμένων,
755 4675 849 4725 καὶ
893 4672 1334 4741 παραδείγμασιν
1387 4673 1596 4734 ἱκανοῖς
1632 4673 1733 4744 τὴν
1765 4674 2020 4737 διδασκα-

439 4769 565 4820 λίαν
631 4765 1090 4836 βεϐαιωσάντων,
1140 4764 1295 4815 αὐτοὶ
1363 4765 1714 4817 παντάπασιν
1766 4766 2024 4830 ἐναντίως

441 4859 674 4930 χρῆσθαι
715 4856 1037 4926 βουλόμεθα.
1098 4857 1207 4908 Καὶ
1264 4857 1369 4925 μὴν
1429 4857 1550 4908 οὐδὲ
1606 4857 1814 4910 δίκαιον
1865 4858 2021 4924 ὅὶως,

439 4955 682 5014 ἐκείνους
733 4951 832 5020 μὲν
877 4949 1153 5020 ἐξηγητὰς
1199 4948 1377 5000 ἄλλων
1441 4949 1917 5018 καθισταμένους,
1950 4952 2024 5012 ὼς

441 5044 697 5111 μέγιστόν
726 5059 780 5094 τι
804 5042 911 5095 τῶν
943 5040 1165 5108 ἀγαθῶν
1208 5041 1393 5102 αὐτοῖς
1430 5042 1730 5110 ἀπονεῖμαι
1757 5042 1856 5111 τὴν
1889 5059 2025 5111 συμ-

441 5138 686 5206 quam,
732 5138 880 5206 ἡμᾶς
931 5136 986 5188 δὲ
1048 5136 1315 5188 τάκείνων
1377 5133 1533 5196 αὖθις
1593 5135 2022 5205 ἐξηγουμένους,

440 5231 541 5296 τῆς
582 5227 916 5300 τηλικαύτης
982 5225 1172 5294 ὥσπερ
1227 5226 1493 5296 φθονῆσαι
1555 5229 1766 5297 φορᾶς·
1802 5229 1896 5282 καὶ
1949 5225 2024 5281 ὧν

440 5322 600 5379 αὐτοὶ
657 5322 769 5382 τοίς
825 5320 1006 5381 ἄλλοις
1062 5319 1400 5384 μετέδωκαν,
1460 5319 1670 5373 τούτων
1717 5321 1806 5389 ὑφ’
1865 5321 2023 5390 ἡμῶν

440 5413 796 5483 στερηθῆναι.
841 5411 979 5464 Ἀλλ’
1011 5412 1060 5462 εἰ
1118 5414 1212 5463 καὶ
1264 5412 1491 5482 μηδενὸς
1525 5413 1688 5466 ἄλλου
1721 5416 1880 5485 χάριν
1925 5433 2022 5483 χα-

437 5507 618 5568 λεπῶς
650 5509 778 5575 ἡμῖν
810 5505 1014 5570 ἕξουσι,
1047 5508 1106 5558 τύ
1145 5523 1206 5574 γε
1240 5507 1678 5574 καταψεύδεσθαι
1718 5511 1811 5577 τῆς
1840 5510 2021 5560 αύτὼν

438 5595 633 5663 σοφίας
670 5596 762 5646 καὶ
801 5596 1020 5664 ἀρετῆς,
1055 5596 1150 5647 καὶ
1184 5596 1338 5648 ταῦθ’
1385 5596 1478 5648 ὑπ’
1516 5599 1697 5650 αὐτῶν
1727 5599 2013 5669 ὠφελημέ-

435 5706 560 5750 νους
604 5688 672 5740 τά
707 5689 960 5756 μέγιστα,
1003 5691 1093 5741 καὶ
1134 5691 1351 5742 πάντων
1384 5692 1572 5755 αὐτοῖς
1604 5693 1822 5745 δικαίαν
1856 5695 2020 5764 χάριν

437 5781 800 5848 ὀφείλοντας,
856 5781 1028 5834 δεινὸν
1081 5782 1142 5833 οὐ
1212 5783 1415 5850 φαῦλον
1464 5785 1806 5853 ποιήσονται.
1880 5786 2017 5838 Οῦτε

431 5875 545 5942 γᾴρ
596 5872 772 5940 ἁγίοις
817 5872 936 5926 οὔτε
989 5877 1403 5948 σοφοῖς-δοκεῖν
1458 5876 1639 5939 αὐτοῖς
1703 5881 2010 5949 περιέσται,

2131 4676 2298 4730 tnittm
2328 4677 2586 4745 quiddam
2626 4679 2731 4733 illis
2762 4684 3104 4736 concordiam
3136 4687 3394 4744 tribuisse
3431 4707 3444 4754 ;
3477 4708 3574 4746 nos
3621 4711 3718 4745 au-

2130 4779 2234 4822 tem
2274 4785 2463 4825 rursus
2499 4772 2701 4840 scripta
2754 4790 2941 4828 comm
2997 4775 3448 4849 interpretantes,
3506 4793 3711 4840 tantam

2129 4863 2536 4929 quodammodo
2563 4864 2673 4919 illis
2706 4867 2954 4923 invidere
2986 4869 3285 4938 fortunam,
3318 4884 3370 4928 et
3408 4892 3604 4943 negare
3637 4881 3706 4948 ip-

2129 4955 2203 5010 sis
2241 4956 2377 5012 bona
2411 4957 2521 5023 illa,
2564 4960 2766 5028 quibus
2799 4962 2898 5031 ipsi
2949 4965 3086 5019 alios
3130 4968 3501 5025 cumularunt.
3559 4973 3711 5038 Quod

2127 5050 2171 5101 si
2210 5049 2411 5102 nullam
2448 5050 2607 5104 aliam
2644 5054 2713 5106 ob
2735 5070 2955 5114 causam
3008 5058 3165 5113 nobis
3204 5064 3626 5128 succensebunt,
3659 5077 3713 5121 at

2129 5151 2274 5194 certe
2309 5139 2693 5196 molestissime
2727 5142 2923 5207 ferent,
2974 5146 3110 5202 lalso
3168 5165 3197 5203 a
3250 5153 3407 5209 nobis
3461 5160 3712 5213 accusari

2129 5234 2413 5290 scientiam
2447 5249 2509 5288 ac
2546 5236 2801 5290 virtutem
2834 5254 3016 5303 suam,
3071 5241 3233 5312 idque
3293 5261 3417 5301 cum
3471 5251 3539 5302 ab
3602 5250 3710 5306 illis
3789 5231 3792 5233 Δ

2126 5327 2300 5381 allecti
2331 5329 2502 5381 simus
2527 5328 2806 5384 beneficiis
2838 5335 3112 5398 maximis,
3142 5339 3212 5390 ob
3246 5354 3364 5406 Quae
3423 5342 3529 5396 illis
3587 5360 3705 5398 om-

2108 5420 2213 5471 uia
2250 5421 2476 5487 gratiam
2507 5421 2707 5478 referre
2732 5427 3014 5480 debemus.
3048 5427 3230 5497 Neque
3261 5433 3404 5485 enim
3450 5449 3572 5489 esse
3620 5447 3712 5492 aut

2125 5513 2302 5567 sant-ti
2344 5525 2438 5571 aut
2469 5519 2609 5570 doeti
2655 5519 3006 5583 videbuntur,
3042 5523 3133 5591 qui
3166 5526 3438 5579 senserint
3467 5538 3522 5581 et
3575 5530 3708 5590 scri-

2126 5607 2334 5674 pserint
2367 5625 2486 5677 qua:
2509 5619 2634 5664 sunt
2670 5627 2698 5665 a
2737 5612 2962 5668 veritate
2995 5615 3204 5682 aliena;
3237 5617 3343 5671 imo
3367 5619 3529 5674 etiarn
3559 5622 3706 5692 digni

2127 5701 2471 5768 videbuntur,
2508 5706 2599 5773 qui
2648 5720 2836 5773 pa:an
2884 5707 3034 5759 luant
3085 5725 3279 5776 graves
3339 5723 3557 5783 propter
3612 5731 3708 5770 eos

2124 5793 2214 5862 qui
2254 5793 2465 5864 decepti
2498 5808 2645 5851 sunt.
2683 5797 2950 5852 Praeterea
2980 5815 3076 5852 nec
3105 5803 3358 5855 doetores
3387 5805 3481 5869 illi,
3508 5809 3706 5876 quibus

2127 5887 2385 5945 honorem
2413 5889 2726 5956 deferimus,
2767 5891 3042 5944 habebunt
3076 5894 3257 5966 potius
3287 5899 3512 5969 gratias,
3541 5917 3702 5973 quani
