  <div class='ocr_page' id='page_1' title='image "/cluster/home/n/w/nwhite01/storage/ocr_20150623/160/nnc1.0046980687/265.png"; bbox 0 0 4452 6450; ppageno 0'>
   <div class='ocr_carea' id='block_1_1' title="bbox 719 395 818 463">
    <p class='ocr_par' dir='ltr' id='par_1_1' title="bbox 719 395 818 463">
     <span class='ocr_line' id='line_1_1' title="bbox 719 395 818 463; baseline -0.03 1"><span class='ocrx_word' id='word_1_1' title='bbox 719 395 818 463; x_wconf 72' lang='lat' dir='ltr'><strong>5H</strong></span> 
     </span>
    </p>
   </div>
   <div class='ocr_carea' id='block_1_2' title="bbox 1794 381 2865 447">
    <p class='ocr_par' dir='ltr' id='par_1_2' title="bbox 1794 381 2865 447">
     <span class='ocr_line' id='line_1_2' title="bbox 1794 381 2865 447; baseline -0.004 0"><span class='ocrx_word' id='word_1_2' title='bbox 1794 385 2171 447; x_wconf 78' lang='lat' dir='ltr'><strong>GENNADll</strong></span> <span class='ocrx_word' id='word_1_3' title='bbox 2214 385 2319 446; x_wconf 77' lang='lat' dir='ltr'><strong>Cl’.</strong></span> <span class='ocrx_word' id='word_1_4' title='bbox 2351 381 2577 442; x_wconf 77' lang='lat' dir='ltr'><strong>PATﬂl</strong></span> <span class='ocrx_word' id='word_1_5' title='bbox 2595 381 2865 443; x_wconf 62' lang='lat' dir='ltr'><strong>:‘tllCllE</strong></span> 
     </span>
    </p>
   </div>
   <div class='ocr_carea' id='block_1_3' title="bbox 3901 384 4004 448">
    <p class='ocr_par' dir='ltr' id='par_1_3' title="bbox 3901 384 4004 448">
     <span class='ocr_line' id='line_1_3' title="bbox 3901 384 4004 448; baseline 0.019 -2"><span class='ocrx_word' id='word_1_6' title='bbox 3901 384 4004 448; x_wconf 73' lang='lat'><strong>51:2</strong></span> 
     </span>
    </p>
   </div>
   <div class='ocr_carea' id='block_1_4' title="bbox 719 492 2477 576">
    <p class='ocr_par' dir='ltr' id='par_1_4' title="bbox 719 499 2476 576">
     <span class='ocr_line' id='line_1_4' title="bbox 719 499 2476 576; baseline -0.007 -15"><span class='ocrx_word' id='word_1_7' title='bbox 719 510 774 562; x_wconf 91' lang='lat' dir='ltr'><strong>in</strong></span> <span class='ocrx_word' id='word_1_8' title='bbox 808 504 1009 576; x_wconf 83' lang='lat' dir='ltr'><strong>quibus</strong></span> <span class='ocrx_word' id='word_1_9' title='bbox 1049 503 1138 558; x_wconf 82' lang='lat' dir='ltr'><strong>alii</strong></span> <span class='ocrx_word' id='word_1_10' title='bbox 1181 502 1303 556; x_wconf 88' lang='lat' dir='ltr'><strong>aliis</strong></span> <span class='ocrx_word' id='word_1_11' title='bbox 1343 501 1706 557; x_wconf 65' lang='lat' dir='ltr'><strong>confidentius</strong></span> <span class='ocrx_word' id='word_1_12' title='bbox 1754 500 1898 566; x_wconf 82' lang='lat' dir='ltr'><strong>loqui</strong></span> <span class='ocrx_word' id='word_1_13' title='bbox 1933 500 2207 560; x_wconf 78' lang='lat' dir='ltr'><strong>videntur,</strong></span> <span class='ocrx_word' id='word_1_14' title='bbox 2241 503 2298 549; x_wconf 90' lang='lat' dir='ltr'><strong>ut</strong></span> <span class='ocrx_word' id='word_1_15' title='bbox 2330 499 2373 550; x_wconf 76' lang='grc' dir='ltr'><strong>Α</strong></span> <span class='ocrx_word' id='word_1_16' title='bbox 2405 512 2476 565; x_wconf 90' lang='grc' dir='ltr'><strong>γρ</strong></span> 
     </span>
    </p>
   </div>
   <div class='ocr_carea' id='block_1_5' title="bbox 2243 492 4001 576">
    <p class='ocr_par' dir='ltr' id='par_1_5' title="bbox 2243 492 4001 569">
     <span class='ocr_line' id='line_1_5' title="bbox 2243 492 4001 569; baseline 0 -20"><span class='ocrx_word' id='word_1_17' title='bbox 2243 503 2298 549; x_wconf 83' lang='grc' dir='ltr'><strong>ιιι</strong></span> <span class='ocrx_word' id='word_1_18' title='bbox 2330 499 2373 550; x_wconf 76' lang='grc' dir='ltr'><strong>Α</strong></span> <span class='ocrx_word' id='word_1_19' title='bbox 2405 496 2735 565; x_wconf 72' lang='grc' dir='ltr'>γράμματα,</span> <span class='ocrx_word' id='word_1_20' title='bbox 2775 500 2832 550; x_wconf 84' lang='grc' dir='ltr'>ὲν</span> <span class='ocrx_word' id='word_1_21' title='bbox 2882 492 2962 559; x_wconf 69' lang='grc' dir='ltr'>οἷς</span> <span class='ocrx_word' id='word_1_22' title='bbox 3023 495 3173 549; x_wconf 72' lang='grc' dir='ltr'>ἄλλοι</span> <span class='ocrx_word' id='word_1_23' title='bbox 3233 497 3433 565; x_wconf 71' lang='grc' dir='ltr'>μᾶλλον</span> <span class='ocrx_word' id='word_1_24' title='bbox 3491 497 3668 550; x_wconf 76' lang='grc' dir='ltr'>ἄλλων</span> <span class='ocrx_word' id='word_1_25' title='bbox 3729 495 4001 569; x_wconf 69' lang='grc' dir='ltr'>τεθαρῥηο</span> 
     </span>
    </p>
   </div>
   <div class='ocr_carea' id='block_1_6' title="bbox 721 595 2306 671">
    <p class='ocr_par' dir='ltr' id='par_1_6' title="bbox 721 595 2306 671">
     <span class='ocr_line' id='line_1_6' title="bbox 721 595 2306 671; baseline -0.008 -15"><span class='ocrx_word' id='word_1_26' title='bbox 721 603 958 671; x_wconf 74' lang='lat' dir='ltr'><strong>quisque</strong></span> <span class='ocrx_word' id='word_1_27' title='bbox 986 600 1216 654; x_wconf 87' lang='lat' dir='ltr'><strong>scientia</strong></span> <span class='ocrx_word' id='word_1_28' title='bbox 1269 609 1365 652; x_wconf 85' lang='lat' dir='ltr'><strong>aut</strong></span> <span class='ocrx_word' id='word_1_29' title='bbox 1414 598 1614 651; x_wconf 90' lang='lat' dir='ltr'><strong>collata</strong></span> <span class='ocrx_word' id='word_1_30' title='bbox 1647 597 1818 664; x_wconf 79' lang='lat' dir='ltr'><strong>gratia</strong></span> <span class='ocrx_word' id='word_1_31' title='bbox 1853 595 2091 664; x_wconf 80' lang='lat' dir='ltr'><strong>pollebat</strong></span> <span class='ocrx_word' id='word_1_32' title='bbox 2127 612 2139 646; x_wconf 88' lang='lat'><strong>:</strong></span> <span class='ocrx_word' id='word_1_33' title='bbox 2207 607 2306 646; x_wconf 86' lang='lat' dir='ltr'><strong>nec</strong></span> 
     </span>
    </p>
   </div>
   <div class='ocr_carea' id='block_1_7' title="bbox 723 688 2307 763">
    <p class='ocr_par' dir='ltr' id='par_1_7' title="bbox 723 688 2307 763">
     <span class='ocr_line' id='line_1_7' title="bbox 723 688 2307 763; baseline -0.006 -15"><span class='ocrx_word' id='word_1_34' title='bbox 723 696 898 763; x_wconf 80' lang='lat' dir='ltr'><strong>magis</strong></span> <span class='ocrx_word' id='word_1_35' title='bbox 931 692 1108 745; x_wconf 81' lang='lat' dir='ltr'><strong>Latini</strong></span> <span class='ocrx_word' id='word_1_36' title='bbox 1141 708 1168 744; x_wconf 93' lang='lat' dir='ltr'><strong>a</strong></span> <span class='ocrx_word' id='word_1_37' title='bbox 1198 691 1426 755; x_wconf 61' lang='lat' dir='ltr'><strong>Graecis,</strong></span> <span class='ocrx_word' id='word_1_38' title='bbox 1481 706 1644 760; x_wconf 90' lang='lat' dir='ltr'><strong>quam</strong></span> <span class='ocrx_word' id='word_1_39' title='bbox 1703 689 1878 742; x_wconf 62' lang='lat' dir='ltr'><strong>Graeci</strong></span> <span class='ocrx_word' id='word_1_40' title='bbox 1935 689 2076 741; x_wconf 76' lang='lat' dir='ltr'><strong>inter</strong></span> <span class='ocrx_word' id='word_1_41' title='bbox 2111 703 2169 740; x_wconf 92' lang='lat' dir='ltr'><strong>se</strong></span> <span class='ocrx_word' id='word_1_42' title='bbox 2206 688 2307 739; x_wconf 87' lang='lat' dir='ltr'><strong>hac</strong></span> 
     </span>
    </p>
   </div>
   <div class='ocr_carea' id='block_1_8' title="bbox 729 779 2305 850">
    <p class='ocr_par' dir='ltr' id='par_1_8' title="bbox 729 779 2305 850">
     <span class='ocr_line' id='line_1_8' title="bbox 729 779 2305 850; baseline -0.005 -13"><span class='ocrx_word' id='word_1_43' title='bbox 729 785 939 838; x_wconf 82' lang='lat' dir='ltr'><strong>ratione</strong></span> <span class='ocrx_word' id='word_1_44' title='bbox 969 782 1248 836; x_wconf 74' lang='lat' dir='ltr'><strong>diﬂcrunt.</strong></span> <span class='ocrx_word' id='word_1_45' title='bbox 1288 782 1390 836; x_wconf 85' lang='lat' dir='ltr'><strong>Sed</strong></span> <span class='ocrx_word' id='word_1_46' title='bbox 1428 795 1602 850; x_wconf 86' lang='lat' dir='ltr'><strong>neque</strong></span> <span class='ocrx_word' id='word_1_47' title='bbox 1629 779 1986 848; x_wconf 77' lang='lat' dir='ltr'><strong>impossibile,</strong></span> <span class='ocrx_word' id='word_1_48' title='bbox 2013 788 2105 831; x_wconf 81' lang='lat' dir='ltr'><strong>aut</strong></span> <span class='ocrx_word' id='word_1_49' title='bbox 2134 779 2305 831; x_wconf 78' lang='lat' dir='ltr'><strong>statui</strong></span> 
     </span>
    </p>
   </div>
   <div class='ocr_carea' id='block_1_9' title="bbox 723 873 2306 942">
    <p class='ocr_par' dir='ltr' id='par_1_9' title="bbox 723 873 2306 942">
     <span class='ocr_line' id='line_1_9' title="bbox 723 873 2306 942; baseline -0.005 -11"><span class='ocrx_word' id='word_1_50' title='bbox 723 892 915 931; x_wconf 64' lang='lat' dir='ltr'><strong>carum</strong></span> <span class='ocrx_word' id='word_1_51' title='bbox 976 875 1196 929; x_wconf 72' lang='lat' dir='ltr'><strong>videtur</strong></span> <span class='ocrx_word' id='word_1_52' title='bbox 1229 876 1420 928; x_wconf 80' lang='lat' dir='ltr'><strong>minus</strong></span> <span class='ocrx_word' id='word_1_53' title='bbox 1444 888 1774 942; x_wconf 78' lang='lat' dir='ltr'><strong>congruens,</strong></span> <span class='ocrx_word' id='word_1_54' title='bbox 1807 873 1850 927; x_wconf 89' lang='lat' dir='ltr'><strong>si</strong></span> <span class='ocrx_word' id='word_1_55' title='bbox 1914 874 2037 941; x_wconf 84' lang='lat' dir='ltr'><strong>quis</strong></span> <span class='ocrx_word' id='word_1_56' title='bbox 2073 881 2306 936; x_wconf 79' lang='lat' dir='ltr'><strong>asserat,</strong></span> 
     </span>
    </p>
   </div>
   <div class='ocr_carea' id='block_1_10' title="bbox 725 965 2307 1038">
    <p class='ocr_par' dir='ltr' id='par_1_10' title="bbox 725 965 2307 1038">
     <span class='ocr_line' id='line_1_10' title="bbox 725 965 2307 1038; baseline -0.003 -17"><span class='ocrx_word' id='word_1_57' title='bbox 725 969 849 1022; x_wconf 87' lang='lat' dir='ltr'><strong>illos</strong></span> <span class='ocrx_word' id='word_1_58' title='bbox 879 968 1101 1038; x_wconf 80' lang='lat' dir='ltr'><strong>quidem</strong></span> <span class='ocrx_word' id='word_1_59' title='bbox 1147 970 1357 1036; x_wconf 85' lang='lat' dir='ltr'><strong>absque</strong></span> <span class='ocrx_word' id='word_1_60' title='bbox 1395 965 1502 1018; x_wconf 89' lang='lat' dir='ltr'><strong>ulla</strong></span> <span class='ocrx_word' id='word_1_61' title='bbox 1550 965 1896 1019; x_wconf 80' lang='lat' dir='ltr'><strong>luesitatione</strong></span> <span class='ocrx_word' id='word_1_62' title='bbox 1930 965 2119 1018; x_wconf 84' lang='lat' dir='ltr'><strong>eadem</strong></span> <span class='ocrx_word' id='word_1_63' title='bbox 2182 979 2307 1016; x_wconf 64' lang='lat' dir='ltr'><strong>sin-</strong></span> 
     </span>
    </p>
   </div>
   <div class='ocr_carea' id='block_1_11' title="bbox 724 1058 2307 1128">
    <p class='ocr_par' dir='ltr' id='par_1_11' title="bbox 724 1058 2307 1128">
     <span class='ocr_line' id='line_1_11' title="bbox 724 1058 2307 1128; baseline -0.003 -13"><span class='ocrx_word' id='word_1_64' title='bbox 724 1060 864 1115; x_wconf 72' lang='lat' dir='ltr'><strong>si&#39;sse</strong></span> <span class='ocrx_word' id='word_1_65' title='bbox 895 1076 1014 1128; x_wconf 75' lang='lat' dir='ltr'><strong>qua:</strong></span> <span class='ocrx_word' id='word_1_66' title='bbox 1050 1061 1139 1113; x_wconf 88' lang='lat' dir='ltr'><strong>alii</strong></span> <span class='ocrx_word' id='word_1_67' title='bbox 1169 1078 1180 1113; x_wconf 90' lang='lat'><strong>:</strong></span> <span class='ocrx_word' id='word_1_68' title='bbox 1218 1059 1419 1113; x_wconf 78' lang='lat' dir='ltr'><strong>veritos</strong></span> <span class='ocrx_word' id='word_1_69' title='bbox 1466 1067 1647 1112; x_wconf 88' lang='lat' dir='ltr'><strong>autem</strong></span> <span class='ocrx_word' id='word_1_70' title='bbox 1681 1073 1824 1116; x_wconf 87' lang='lat' dir='ltr'><strong>esse.</strong></span> <span class='ocrx_word' id='word_1_71' title='bbox 1860 1073 1927 1111; x_wconf 92' lang='lat' dir='ltr'><strong>ne</strong></span> <span class='ocrx_word' id='word_1_72' title='bbox 1983 1068 2170 1125; x_wconf 92' lang='lat' dir='ltr'><strong>aperta</strong></span> <span class='ocrx_word' id='word_1_73' title='bbox 2231 1058 2307 1111; x_wconf 86' lang='lat' dir='ltr'><strong>rei</strong></span> 
     </span>
    </p>
   </div>
   <div class='ocr_carea' id='block_1_12' title="bbox 725 1149 2309 1220">
    <p class='ocr_par' dir='ltr' id='par_1_12' title="bbox 725 1149 2309 1220">
     <span class='ocr_line' id='line_1_12' title="bbox 725 1149 2309 1220; baseline -0.003 -15"><span class='ocrx_word' id='word_1_74' title='bbox 725 1151 1000 1206; x_wconf 71' lang='lat' dir='ltr'><strong>confessio</strong></span> <span class='ocrx_word' id='word_1_75' title='bbox 1076 1150 1380 1220; x_wconf 89' lang='lat' dir='ltr'><strong>periculosa</strong></span> <span class='ocrx_word' id='word_1_76' title='bbox 1454 1149 1598 1205; x_wconf 87' lang='lat' dir='ltr'><strong>foret</strong></span> <span class='ocrx_word' id='word_1_77' title='bbox 1676 1149 2132 1217; x_wconf 78' lang='lat' dir='ltr'><strong>simplicioribus.</strong></span> <span class='ocrx_word' id='word_1_78' title='bbox 2205 1149 2309 1214; x_wconf 81' lang='lat' dir='ltr'><strong>Qui</strong></span> 
     </span>
    </p>
   </div>
   <div class='ocr_carea' id='block_1_13' title="bbox 725 1242 2308 1312">
    <p class='ocr_par' dir='ltr' id='par_1_13' title="bbox 725 1242 2308 1312">
     <span class='ocr_line' id='line_1_13' title="bbox 725 1242 2308 1312; baseline 0 -17"><span class='ocrx_word' id='word_1_79' title='bbox 725 1244 896 1305; x_wconf 88' lang='lat' dir='ltr'><strong>enim,</strong></span> <span class='ocrx_word' id='word_1_80' title='bbox 955 1258 1021 1297; x_wconf 88' lang='lat' dir='ltr'><strong>ne</strong></span> <span class='ocrx_word' id='word_1_81' title='bbox 1053 1245 1342 1312; x_wconf 84' lang='lat' dir='ltr'><strong>quisquam</strong></span> <span class='ocrx_word' id='word_1_82' title='bbox 1377 1258 1474 1312; x_wconf 91' lang='lat' dir='ltr'><strong>per</strong></span> <span class='ocrx_word' id='word_1_83' title='bbox 1501 1258 1561 1296; x_wconf 90' lang='lat' dir='ltr'><strong>ea</strong></span> <span class='ocrx_word' id='word_1_84' title='bbox 1607 1257 1729 1312; x_wconf 68' lang='lat' dir='ltr'><strong>qum</strong></span> <span class='ocrx_word' id='word_1_85' title='bbox 1756 1242 2103 1308; x_wconf 87' lang='lat' dir='ltr'><strong>dicebantur,</strong></span> <span class='ocrx_word' id='word_1_86' title='bbox 2141 1242 2308 1295; x_wconf 91' lang='lat' dir='ltr'><strong>ullum</strong></span> 
     </span>
    </p>
   </div>
   <div class='ocr_carea' id='block_1_14' title="bbox 728 1334 2314 1402">
    <p class='ocr_par' dir='ltr' id='par_1_14' title="bbox 728 1334 2314 1402">
     <span class='ocr_line' id='line_1_14' title="bbox 728 1334 2314 1402; baseline -0.001 -15"><span class='ocrx_word' id='word_1_87' title='bbox 728 1334 1080 1389; x_wconf 75' lang='lat' dir='ltr'><strong>contraheret</strong></span> <span class='ocrx_word' id='word_1_88' title='bbox 1110 1335 1395 1400; x_wconf 89' lang='lat' dir='ltr'><strong>damnum,</strong></span> <span class='ocrx_word' id='word_1_89' title='bbox 1433 1338 1607 1402; x_wconf 81' lang='lat' dir='ltr'><strong>palam</strong></span> <span class='ocrx_word' id='word_1_90' title='bbox 1645 1335 2089 1388; x_wconf 90' lang='lat' dir='ltr'><strong>contradicentes</strong></span> <span class='ocrx_word' id='word_1_91' title='bbox 2136 1350 2197 1387; x_wconf 87' lang='lat' dir='ltr'><strong>ea</strong></span> <span class='ocrx_word' id='word_1_92' title='bbox 2227 1334 2314 1387; x_wconf 83' lang='lat' dir='ltr'><strong>di-</strong></span> 
     </span>
    </p>
   </div>
   <div class='ocr_carea' id='block_1_15' title="bbox 730 1426 2314 1495">
    <p class='ocr_par' dir='ltr' id='par_1_15' title="bbox 730 1426 2314 1495">
     <span class='ocr_line' id='line_1_15' title="bbox 730 1426 2314 1495; baseline -0.002 -12"><span class='ocrx_word' id='word_1_93' title='bbox 730 1429 986 1483; x_wconf 81' lang='lat' dir='ltr'><strong>centilius</strong></span> <span class='ocrx_word' id='word_1_94' title='bbox 1055 1429 1353 1482; x_wconf 86' lang='lat' dir='ltr'><strong>restitere:</strong></span> <span class='ocrx_word' id='word_1_95' title='bbox 1390 1443 1602 1481; x_wconf 88' lang='lat' dir='ltr'><strong>necnon</strong></span> <span class='ocrx_word' id='word_1_96' title='bbox 1663 1442 1721 1480; x_wconf 90' lang='lat' dir='ltr'><strong>ea</strong></span> <span class='ocrx_word' id='word_1_97' title='bbox 1780 1427 1927 1480; x_wconf 90' lang='lat' dir='ltr'><strong>credi</strong></span> <span class='ocrx_word' id='word_1_98' title='bbox 1970 1426 2314 1495; x_wconf 90' lang='lat' dir='ltr'><strong>proferriqne</strong></span> 
     </span>
    </p>
   </div>
   <div class='ocr_carea' id='block_1_16' title="bbox 732 1519 2312 1588">
    <p class='ocr_par' dir='ltr' id='par_1_16' title="bbox 732 1519 2312 1588">
     <span class='ocr_line' id='line_1_16' title="bbox 732 1519 2312 1588; baseline 0.001 -18"><span class='ocrx_word' id='word_1_99' title='bbox 732 1520 1084 1587; x_wconf 81' lang='lat' dir='ltr'><strong>prohibuere,</strong></span> <span class='ocrx_word' id='word_1_100' title='bbox 1119 1535 1240 1587; x_wconf 74' lang='lat' dir='ltr'><strong>qua:</strong></span> <span class='ocrx_word' id='word_1_101' title='bbox 1263 1519 1383 1573; x_wconf 87' lang='lat' dir='ltr'><strong>aliis</strong></span> <span class='ocrx_word' id='word_1_102' title='bbox 1413 1526 1572 1573; x_wconf 84' lang='lat' dir='ltr'><strong>erant</strong></span> <span class='ocrx_word' id='word_1_103' title='bbox 1599 1519 1681 1573; x_wconf 77' lang='lat' dir='ltr'><strong>vel</strong></span> <span class='ocrx_word' id='word_1_104' title='bbox 1719 1520 1836 1588; x_wconf 88' lang='lat' dir='ltr'><strong>ipso</strong></span> <span class='ocrx_word' id='word_1_105' title='bbox 1865 1519 2174 1588; x_wconf 88' lang='lat' dir='ltr'><strong>respirandi</strong></span> <span class='ocrx_word' id='word_1_106' title='bbox 2213 1535 2312 1574; x_wconf 90' lang='lat' dir='ltr'><strong>usu</strong></span> 
     </span>
    </p>
   </div>
   <div class='ocr_carea' id='block_1_17' title="bbox 732 1608 2312 1678">
    <p class='ocr_par' dir='ltr' id='par_1_17' title="bbox 732 1608 2312 1678">
     <span class='ocr_line' id='line_1_17' title="bbox 732 1608 2312 1678; baseline 0.001 -16"><span class='ocrx_word' id='word_1_107' title='bbox 732 1610 906 1677; x_wconf 76' lang='lat' dir='ltr'><strong>magis</strong></span> <span class='ocrx_word' id='word_1_108' title='bbox 971 1608 1298 1663; x_wconf 78' lang='lat' dir='ltr'><strong>familiaria:</strong></span> <span class='ocrx_word' id='word_1_109' title='bbox 1351 1624 1474 1664; x_wconf 90' lang='lat' dir='ltr'><strong>cum</strong></span> <span class='ocrx_word' id='word_1_110' title='bbox 1528 1618 1707 1663; x_wconf 87' lang='lat' dir='ltr'><strong>tamen</strong></span> <span class='ocrx_word' id='word_1_111' title='bbox 1772 1609 1907 1678; x_wconf 83' lang='lat' dir='ltr'><strong>ipsis</strong></span> <span class='ocrx_word' id='word_1_112' title='bbox 1970 1611 2312 1677; x_wconf 68' lang='lat' dir='ltr'><strong>potis~imum</strong></span> 
     </span>
    </p>
   </div>
   <div class='ocr_carea' id='block_1_18' title="bbox 733 1699 2316 1764">
    <p class='ocr_par' dir='ltr' id='par_1_18' title="bbox 733 1699 2316 1764">
     <span class='ocr_line' id='line_1_18' title="bbox 733 1699 2316 1764; baseline 0.001 -11"><span class='ocrx_word' id='word_1_113' title='bbox 733 1707 1013 1754; x_wconf 88' lang='lat' dir='ltr'><strong>constaret</strong></span> <span class='ocrx_word' id='word_1_114' title='bbox 1052 1716 1174 1753; x_wconf 89' lang='lat' dir='ltr'><strong>vera</strong></span> <span class='ocrx_word' id='word_1_115' title='bbox 1231 1701 1319 1755; x_wconf 90' lang='lat' dir='ltr'><strong>illa</strong></span> <span class='ocrx_word' id='word_1_116' title='bbox 1369 1715 1521 1764; x_wconf 86' lang='lat' dir='ltr'><strong>esse;</strong></span> <span class='ocrx_word' id='word_1_117' title='bbox 1587 1716 1685 1754; x_wconf 92' lang='lat' dir='ltr'><strong>cur</strong></span> <span class='ocrx_word' id='word_1_118' title='bbox 1748 1700 2005 1754; x_wconf 85' lang='lat' dir='ltr'><strong>censendi</strong></span> <span class='ocrx_word' id='word_1_119' title='bbox 2045 1716 2149 1754; x_wconf 91' lang='lat' dir='ltr'><strong>non</strong></span> <span class='ocrx_word' id='word_1_120' title='bbox 2206 1699 2316 1756; x_wconf 84' lang='lat' dir='ltr'><strong>sint</strong></span> 
     </span>
    </p>
   </div>
   <div class='ocr_carea' id='block_1_19' title="bbox 2413 589 4000 657">
    <p class='ocr_par' dir='ltr' id='par_1_19' title="bbox 2413 589 4000 657">
     <span class='ocr_line' id='line_1_19' title="bbox 2413 589 4000 657; baseline 0.001 -19"><span class='ocrx_word' id='word_1_121' title='bbox 2413 589 2570 649; x_wconf 77' lang='grc' dir='ltr'>κότες</span> <span class='ocrx_word' id='word_1_122' title='bbox 2613 589 2871 654; x_wconf 75' lang='grc' dir='ltr'>ὁρῶνται,</span> <span class='ocrx_word' id='word_1_123' title='bbox 2909 589 2984 649; x_wconf 74' lang='grc' dir='ltr'>ὡς</span> <span class='ocrx_word' id='word_1_124' title='bbox 3031 589 3262 650; x_wconf 77' lang='grc' dir='ltr'>ἕκαστος</span> <span class='ocrx_word' id='word_1_125' title='bbox 3317 589 3633 657; x_wconf 70' lang='grc' dir='ltr'>ἐπιστήμης</span> <span class='ocrx_word' id='word_1_126' title='bbox 3689 589 3721 656; x_wconf 73' lang='grc' dir='ltr'>ἦ</span> <span class='ocrx_word' id='word_1_127' title='bbox 3777 589 4000 655; x_wconf 74' lang='grc' dir='ltr'>χάριτος</span> 
     </span>
    </p>
   </div>
   <div class='ocr_carea' id='block_1_20' title="bbox 2601 681 4002 752">
    <p class='ocr_par' dir='ltr' id='par_1_20' title="bbox 2601 681 4002 752">
     <span class='ocr_line' id='line_1_20' title="bbox 2601 681 4002 752; baseline 0.001 -21"><span class='ocrx_word' id='word_1_128' title='bbox 2601 685 2696 735; x_wconf 75' lang='grc' dir='ltr'><strong>καὶ</strong></span> <span class='ocrx_word' id='word_1_129' title='bbox 2748 681 2904 732; x_wconf 78' lang='grc' dir='ltr'>οὐδὲν</span> <span class='ocrx_word' id='word_1_130' title='bbox 2958 682 3160 747; x_wconf 73' lang='grc' dir='ltr'>μᾶλλον</span> <span class='ocrx_word' id='word_1_131' title='bbox 3202 682 3421 734; x_wconf 85' lang='grc' dir='ltr'>Λατῖνοι</span> <span class='ocrx_word' id='word_1_132' title='bbox 3459 682 3736 750; x_wconf 81' lang='grc' dir='ltr'>Γραικῶν,</span> <span class='ocrx_word' id='word_1_133' title='bbox 3771 683 3802 752; x_wconf 82' lang='grc' dir='ltr'>ἢ</span> <span class='ocrx_word' id='word_1_134' title='bbox 3841 682 4002 748; x_wconf 83' lang='grc' dir='ltr'>Γραι-</span> 
     </span>
    </p>
   </div>
   <div class='ocr_carea' id='block_1_21' title="bbox 2412 771 4001 849">
    <p class='ocr_par' dir='ltr' id='par_1_21' title="bbox 2412 771 4001 849">
     <span class='ocr_line' id='line_1_21' title="bbox 2412 771 4001 849; baseline 0.004 -27"><span class='ocrx_word' id='word_1_135' title='bbox 2412 771 2497 823; x_wconf 68' lang='grc' dir='ltr'><strong>κοὶ</strong></span> <span class='ocrx_word' id='word_1_136' title='bbox 2549 771 2686 840; x_wconf 73' lang='grc' dir='ltr'>πρδς</span> <span class='ocrx_word' id='word_1_137' title='bbox 2735 773 2962 836; x_wconf 71' lang='grc' dir='ltr'>ἑαυτοὺς</span> <span class='ocrx_word' id='word_1_138' title='bbox 3016 775 3188 844; x_wconf 80' lang='grc' dir='ltr'>ταύτῃ</span> <span class='ocrx_word' id='word_1_139' title='bbox 3254 774 3543 841; x_wconf 81' lang='grc' dir='ltr'>φαίνονται</span> <span class='ocrx_word' id='word_1_140' title='bbox 3606 774 4001 849; x_wconf 63' lang='grc' dir='ltr'>διενηνοχέτῖς.</span> 
     </span>
    </p>
   </div>
   <div class='ocr_carea' id='block_1_22' title="bbox 2442 864 4002 935">
    <p class='ocr_par' dir='ltr' id='par_1_22' title="bbox 2442 864 4002 935">
     <span class='ocr_line' id='line_1_22' title="bbox 2442 864 4002 935; baseline 0.002 -18"><span class='ocrx_word' id='word_1_141' title='bbox 2442 864 2585 917; x_wconf 79' lang='grc' dir='ltr'>Αλλά</span> <span class='ocrx_word' id='word_1_142' title='bbox 2625 866 2731 934; x_wconf 75' lang='grc' dir='ltr'><strong>μὴν</strong></span> <span class='ocrx_word' id='word_1_143' title='bbox 2786 868 2879 918; x_wconf 74' lang='grc' dir='ltr'><strong>καὶ</strong></span> <span class='ocrx_word' id='word_1_144' title='bbox 2931 867 2991 919; x_wconf 71' lang='grc' dir='ltr'>τὸ</span> <span class='ocrx_word' id='word_1_145' title='bbox 3038 870 3214 920; x_wconf 72' lang='grc' dir='ltr'>ταυτα</span> <span class='ocrx_word' id='word_1_146' title='bbox 3257 872 3369 929; x_wconf 88' lang='grc' dir='ltr'>τοίς</span> <span class='ocrx_word' id='word_1_147' title='bbox 3431 869 3613 929; x_wconf 76' lang='grc' dir='ltr'>ἄλλοις</span> <span class='ocrx_word' id='word_1_148' title='bbox 3663 867 4002 935; x_wconf 68' lang='grc' dir='ltr'><strong>φρονοῦντας</strong></span> 
     </span>
    </p>
   </div>
   <div class='ocr_carea' id='block_1_23' title="bbox 2414 956 4004 1029">
    <p class='ocr_par' dir='ltr' id='par_1_23' title="bbox 2414 956 4004 1029">
     <span class='ocr_line' id='line_1_23' title="bbox 2414 956 4004 1029; baseline 0.003 -23"><span class='ocrx_word' id='word_1_149' title='bbox 2414 956 2823 1023; x_wconf 70' lang='grc' dir='ltr'>ἀναμφιϐόλως,</span> <span class='ocrx_word' id='word_1_150' title='bbox 2859 960 2958 1029; x_wconf 72' lang='grc' dir='ltr'><strong>τὴν</strong></span> <span class='ocrx_word' id='word_1_151' title='bbox 2992 960 3287 1028; x_wconf 79' lang='grc' dir='ltr'>ὁμολογίαν</span> <span class='ocrx_word' id='word_1_152' title='bbox 3343 961 3418 1021; x_wconf 82' lang='grc' dir='ltr'>ὡς</span> <span class='ocrx_word' id='word_1_153' title='bbox 3475 963 3572 1013; x_wconf 79' lang='grc' dir='ltr'><strong>οῦκ</strong></span> <span class='ocrx_word' id='word_1_154' title='bbox 3626 959 3844 1028; x_wconf 74' lang='grc' dir='ltr'>ἀσφαλῆ</span> <span class='ocrx_word' id='word_1_155' title='bbox 3892 963 4004 1022; x_wconf 83' lang='grc' dir='ltr'>τοῖς</span> 
     </span>
    </p>
   </div>
   <div class='ocr_carea' id='block_1_24' title="bbox 2415 1048 4004 1121">
    <p class='ocr_par' dir='ltr' id='par_1_24' title="bbox 2415 1048 4004 1121">
     <span class='ocr_line' id='line_1_24' title="bbox 2415 1048 4004 1121; baseline 0.003 -21"><span class='ocrx_word' id='word_1_156' title='bbox 2415 1048 2811 1115; x_wconf 69' lang='grc' dir='ltr'><strong>ἁπλουστέροις</strong></span> <span class='ocrx_word' id='word_1_157' title='bbox 2859 1051 3222 1117; x_wconf 77' lang='grc' dir='ltr'>φυλάξασθαι,</span> <span class='ocrx_word' id='word_1_158' title='bbox 3257 1052 3370 1105; x_wconf 71' lang='grc' dir='ltr'>οὔτ’</span> <span class='ocrx_word' id='word_1_159' title='bbox 3423 1053 3710 1115; x_wconf 84' lang='grc' dir='ltr'>ἀδύνατον,</span> <span class='ocrx_word' id='word_1_160' title='bbox 3746 1053 3869 1103; x_wconf 80' lang='grc' dir='ltr'>οῦτε</span> <span class='ocrx_word' id='word_1_161' title='bbox 3907 1053 4004 1121; x_wconf 74' lang='grc' dir='ltr'>τῆς</span> 
     </span>
    </p>
   </div>
   <div class='ocr_carea' id='block_1_25' title="bbox 2415 1141 4005 1216">
    <p class='ocr_par' dir='ltr' id='par_1_25' title="bbox 2415 1141 4005 1216">
     <span class='ocr_line' id='line_1_25' title="bbox 2415 1141 4005 1216; baseline 0.004 -24"><span class='ocrx_word' id='word_1_162' title='bbox 2415 1142 2640 1195; x_wconf 82' lang='grc' dir='ltr'>ἐκείνων</span> <span class='ocrx_word' id='word_1_163' title='bbox 2684 1141 2891 1206; x_wconf 78' lang='grc' dir='ltr'>τάξεως</span> <span class='ocrx_word' id='word_1_164' title='bbox 2952 1147 3157 1215; x_wconf 78' lang='grc' dir='ltr'>ἀπᾷδον</span> <span class='ocrx_word' id='word_1_165' title='bbox 3211 1141 3352 1198; x_wconf 76' lang='grc' dir='ltr'>εἶναι</span> <span class='ocrx_word' id='word_1_166' title='bbox 3387 1149 3558 1201; x_wconf 77' lang='grc' dir='ltr'>δοκεῖ.</span> <span class='ocrx_word' id='word_1_167' title='bbox 3596 1148 3658 1199; x_wconf 78' lang='grc' dir='ltr'><strong>ΟΞ</strong></span> <span class='ocrx_word' id='word_1_168' title='bbox 3697 1147 3803 1216; x_wconf 73' lang='grc' dir='ltr'>γὰρ</span> <span class='ocrx_word' id='word_1_169' title='bbox 3840 1147 4005 1198; x_wconf 78' lang='grc' dir='ltr'>ἕνεκα</span> 
     </span>
    </p>
   </div>
   <div class='ocr_carea' id='block_1_26' title="bbox 2413 1230 4004 1306">
    <p class='ocr_par' dir='ltr' id='par_1_26' title="bbox 2413 1230 4004 1306">
     <span class='ocr_line' id='line_1_26' title="bbox 2413 1230 4004 1306; baseline 0.002 -23"><span class='ocrx_word' id='word_1_170' title='bbox 2413 1230 2509 1284; x_wconf 86' lang='grc' dir='ltr'><strong>τοῦ</strong></span> <span class='ocrx_word' id='word_1_171' title='bbox 2581 1234 2788 1300; x_wconf 80' lang='grc' dir='ltr'>μηδένα</span> <span class='ocrx_word' id='word_1_172' title='bbox 2839 1233 2905 1287; x_wconf 86' lang='grc' dir='ltr'><strong>ἀν</strong></span> <span class='ocrx_word' id='word_1_173' title='bbox 2965 1235 3028 1288; x_wconf 80' lang='grc' dir='ltr'>ὲκ</span> <span class='ocrx_word' id='word_1_174' title='bbox 3075 1237 3185 1289; x_wconf 84' lang='grc' dir='ltr'><strong>τῶν</strong></span> <span class='ocrx_word' id='word_1_175' title='bbox 3245 1237 3418 1302; x_wconf 74' lang='grc' dir='ltr'>λόγων</span> <span class='ocrx_word' id='word_1_176' title='bbox 3466 1236 3664 1306; x_wconf 79' lang='grc' dir='ltr'>βλάεος</span> <span class='ocrx_word' id='word_1_177' title='bbox 3709 1255 3759 1289; x_wconf 87' lang='grc' dir='ltr'><strong>τι</strong></span> <span class='ocrx_word' id='word_1_178' title='bbox 3791 1239 4004 1296; x_wconf 78' lang='grc' dir='ltr'>παθεῖν,</span> 
     </span>
    </p>
   </div>
   <div class='ocr_carea' id='block_1_27' title="bbox 2417 1325 4004 1396">
    <p class='ocr_par' dir='ltr' id='par_1_27' title="bbox 2417 1325 4004 1396">
     <span class='ocr_line' id='line_1_27' title="bbox 2417 1325 4004 1396; baseline -0.013 -6"><span class='ocrx_word' id='word_1_179' title='bbox 2417 1325 2667 1391; x_wconf 81' lang='grc' dir='ltr'>φανερῶς</span> <span class='ocrx_word' id='word_1_180' title='bbox 2721 1329 2833 1387; x_wconf 86' lang='grc' dir='ltr'>τοῖς</span> <span class='ocrx_word' id='word_1_181' title='bbox 2898 1327 3150 1395; x_wconf 78' lang='grc' dir='ltr'>λέγουσιν</span> <span class='ocrx_word' id='word_1_182' title='bbox 3202 1330 3580 1390; x_wconf 81' lang='grc' dir='ltr'>ἀντειπόντες,</span> <span class='ocrx_word' id='word_1_183' title='bbox 3637 1331 3729 1381; x_wconf 58' lang='grc' dir='ltr'>καὶ.</span> <span class='ocrx_word' id='word_1_184' title='bbox 3785 1331 4004 1396; x_wconf 72' lang='grc' dir='ltr'>φρονεῖν</span> 
     </span>
    </p>
   </div>
   <div class='ocr_carea' id='block_1_28' title="bbox 2418 1413 3999 1486">
    <p class='ocr_par' dir='ltr' id='par_1_28' title="bbox 2418 1413 3999 1486">
     <span class='ocr_line' id='line_1_28' title="bbox 2418 1413 3999 1486; baseline 0.004 -21"><span class='ocrx_word' id='word_1_185' title='bbox 2418 1414 2514 1465; x_wconf 73' lang='grc' dir='ltr'><strong>καὶ</strong></span> <span class='ocrx_word' id='word_1_186' title='bbox 2543 1413 2723 1480; x_wconf 81' lang='grc' dir='ltr'>λέγειν</span> <span class='ocrx_word' id='word_1_187' title='bbox 2758 1419 3245 1486; x_wconf 74' lang='grc' dir='ltr'><strong>ἀπαγορεύσαντες</strong></span> <span class='ocrx_word' id='word_1_188' title='bbox 3287 1419 3322 1473; x_wconf 67' lang='grc' dir='ltr'><em>ἃ.</em></span> <span class='ocrx_word' id='word_1_189' title='bbox 3370 1423 3482 1480; x_wconf 88' lang='grc' dir='ltr'>τοῖς</span> <span class='ocrx_word' id='word_1_190' title='bbox 3533 1421 3714 1484; x_wconf 72' lang='grc' dir='ltr'>ἄλλοις</span> <span class='ocrx_word' id='word_1_191' title='bbox 3753 1422 3845 1474; x_wconf 56' lang='grc' dir='ltr'><strong>καί</strong></span> <span class='ocrx_word' id='word_1_192' title='bbox 3886 1423 3999 1480; x_wconf 73' lang='grc' dir='ltr'>τοῖς</span> 
     </span>
    </p>
   </div>
   <div class='ocr_carea' id='block_1_29' title="bbox 2413 678 2566 745">
    <p class='ocr_par' dir='ltr' id='par_1_29' title="bbox 2413 678 2566 745">
     <span class='ocr_line' id='line_1_29' title="bbox 2413 678 2566 745; baseline 0.007 -16"><span class='ocrx_word' id='word_1_193' title='bbox 2413 678 2523 745; x_wconf 79' lang='grc' dir='ltr'>εἶχε</span> <span class='ocrx_word' id='word_1_194' title='bbox 2553 696 2566 708; x_wconf 77' lang='grc'><strong>⁸</strong></span> 
     </span>
    </p>
   </div>
   <div class='ocr_carea' id='block_1_30' title="bbox 2417 1507 4004 1583">
    <p class='ocr_par' dir='ltr' id='par_1_30' title="bbox 2417 1507 4004 1583">
     <span class='ocr_line' id='line_1_30' title="bbox 2417 1507 4004 1583; baseline 0.004 -24"><span class='ocrx_word' id='word_1_195' title='bbox 2417 1507 2692 1578; x_wconf 73' lang='grc' dir='ltr'><strong>ἀναπνοῆς</strong></span> <span class='ocrx_word' id='word_1_196' title='bbox 2724 1511 2897 1578; x_wconf 68' lang='grc' dir='ltr'>αὐτῆς</span> <span class='ocrx_word' id='word_1_197' title='bbox 2933 1514 3325 1583; x_wconf 81' lang='grc' dir='ltr'>συνηθέστερα,</span> <span class='ocrx_word' id='word_1_198' title='bbox 3355 1515 3535 1568; x_wconf 82' lang='grc' dir='ltr'>καίτοι</span> <span class='ocrx_word' id='word_1_199' title='bbox 3572 1517 3770 1577; x_wconf 76' lang='grc' dir='ltr'>παντὸς</span> <span class='ocrx_word' id='word_1_200' title='bbox 3802 1515 4004 1580; x_wconf 72' lang='grc' dir='ltr'>μᾶλλον</span> 
     </span>
    </p>
   </div>
   <div class='ocr_carea' id='block_1_31' title="bbox 2419 1599 4006 1678">
    <p class='ocr_par' dir='ltr' id='par_1_31' title="bbox 2419 1599 4006 1678">
     <span class='ocr_line' id='line_1_31' title="bbox 2419 1599 4006 1678; baseline 0.004 -26"><span class='ocrx_word' id='word_1_201' title='bbox 2419 1599 2577 1652; x_wconf 72' lang='grc' dir='ltr'>αὐτοὶ</span> <span class='ocrx_word' id='word_1_202' title='bbox 2605 1600 2761 1654; x_wconf 84' lang='grc' dir='ltr'>ταῦτ’</span> <span class='ocrx_word' id='word_1_203' title='bbox 2792 1602 2991 1671; x_wconf 72' lang='grc' dir='ltr'>ᾔδεσαν</span> <span class='ocrx_word' id='word_1_204' title='bbox 3031 1605 3232 1673; x_wconf 79' lang='grc' dir='ltr'>ἀληθῆ,</span> <span class='ocrx_word' id='word_1_205' title='bbox 3267 1607 3382 1668; x_wconf 81' lang='grc' dir='ltr'><strong>πῶς</strong></span> <span class='ocrx_word' id='word_1_206' title='bbox 3418 1607 3517 1658; x_wconf 81' lang='grc' dir='ltr'><strong>οῦκ</strong></span> <span class='ocrx_word' id='word_1_207' title='bbox 3564 1606 3729 1659; x_wconf 80' lang='grc' dir='ltr'>αὑτοῦ</span> <span class='ocrx_word' id='word_1_208' title='bbox 3773 1609 3835 1678; x_wconf 77' lang='grc' dir='ltr'><strong>δὴ</strong></span> <span class='ocrx_word' id='word_1_209' title='bbox 3882 1607 4006 1660; x_wconf 77' lang='grc' dir='ltr'>τού-</span> 
     </span>
    </p>
   </div>
   <div class='ocr_carea' id='block_1_32' title="bbox 2418 1692 4006 1767">
    <p class='ocr_par' dir='ltr' id='par_1_32' title="bbox 2418 1692 4006 1767">
     <span class='ocr_line' id='line_1_32' title="bbox 2418 1692 4006 1767; baseline 0.004 -24"><span class='ocrx_word' id='word_1_210' title='bbox 2418 1710 2510 1744; x_wconf 72' lang='grc' dir='ltr'>του</span> <span class='ocrx_word' id='word_1_211' title='bbox 2541 1692 2702 1762; x_wconf 78' lang='grc' dir='ltr'>χάριν</span> <span class='ocrx_word' id='word_1_212' title='bbox 2734 1695 3151 1764; x_wconf 83' lang='grc' dir='ltr'>προθυμότερον</span> <span class='ocrx_word' id='word_1_213' title='bbox 3178 1699 3443 1765; x_wconf 74' lang='grc' dir='ltr'><strong>ἐσίγησαν</strong></span> <span class='ocrx_word' id='word_1_214' title='bbox 3475 1699 3570 1758; x_wconf 66' lang='lat' dir='ltr'><strong>iv;</strong></span> <span class='ocrx_word' id='word_1_215' title='bbox 3611 1699 3669 1749; x_wconf 73' lang='grc' dir='ltr'>τὸ</span> <span class='ocrx_word' id='word_1_216' title='bbox 3704 1701 3810 1767; x_wconf 70' lang='grc' dir='ltr'>γὰρ</span> <span class='ocrx_word' id='word_1_217' title='bbox 3851 1699 4006 1767; x_wconf 85' lang='grc' dir='ltr'>σιγῆ-</span> 
     </span>
    </p>
   </div>
   <div class='ocr_carea' id='block_1_33' title="bbox 735 1783 2493 1887">
    <p class='ocr_par' dir='ltr' id='par_1_33' title="bbox 735 1793 2492 1887">
     <span class='ocr_line' id='line_1_33' title="bbox 735 1793 2492 1887; baseline -0.001 -39"><span class='ocrx_word' id='word_1_218' title='bbox 735 1794 878 1848; x_wconf 87' lang='lat' dir='ltr'><strong>hanc</strong></span> <span class='ocrx_word' id='word_1_219' title='bbox 904 1793 1074 1862; x_wconf 86' lang='lat' dir='ltr'><strong>ipsam</strong></span> <span class='ocrx_word' id='word_1_220' title='bbox 1113 1796 1183 1848; x_wconf 91' lang='lat' dir='ltr'><strong>ob</strong></span> <span class='ocrx_word' id='word_1_221' title='bbox 1214 1809 1438 1847; x_wconf 85' lang='lat' dir='ltr'><strong>causam</strong></span> <span class='ocrx_word' id='word_1_222' title='bbox 1503 1794 1760 1847; x_wconf 88' lang='lat' dir='ltr'><strong>libentius</strong></span> <span class='ocrx_word' id='word_1_223' title='bbox 1799 1794 2074 1848; x_wconf 80' lang='lat' dir='ltr'><strong>tacuisse?</strong></span> <span class='ocrx_word' id='word_1_224' title='bbox 2133 1794 2314 1847; x_wconf 83' lang='lat' dir='ltr'><strong>Mitius</strong></span> <span class='ocrx_word' id='word_1_225' title='bbox 2350 1830 2390 1887; x_wconf 65' lang='grc' dir='ltr'><strong>Β</strong></span> <span class='ocrx_word' id='word_1_226' title='bbox 2423 1799 2492 1837; x_wconf 81' lang='grc' dir='ltr'><strong>σα·</strong></span> 
     </span>
    </p>
   </div>
   <div class='ocr_carea' id='block_1_34' title="bbox 2247 1783 4005 1887">
    <p class='ocr_par' dir='ltr' id='par_1_34' title="bbox 2253 1783 4005 1887">
     <span class='ocr_line' id='line_1_34' title="bbox 2253 1783 4005 1887; baseline 0.004 -51"><span class='ocrx_word' id='word_1_227' title='bbox 2253 1808 2314 1847; x_wconf 71' lang='grc' dir='ltr'>ιιε</span> <span class='ocrx_word' id='word_1_228' title='bbox 2350 1830 2390 1887; x_wconf 65' lang='grc' dir='ltr'><strong>Β</strong></span> <span class='ocrx_word' id='word_1_229' title='bbox 2423 1799 2514 1837; x_wconf 84' lang='grc' dir='ltr'><strong>σαι</strong></span> <span class='ocrx_word' id='word_1_230' title='bbox 2550 1783 2645 1836; x_wconf 91' lang='grc' dir='ltr'><strong>τοῦ</strong></span> <span class='ocrx_word' id='word_1_231' title='bbox 2679 1787 2857 1838; x_wconf 78' lang='grc' dir='ltr'>δοκεῖν</span> <span class='ocrx_word' id='word_1_232' title='bbox 2903 1789 3216 1856; x_wconf 72' lang='grc' dir='ltr'>ἀντιλέγειν</span> <span class='ocrx_word' id='word_1_233' title='bbox 3252 1789 3424 1852; x_wconf 66' lang='grc' dir='ltr'>δῆπου</span> <span class='ocrx_word' id='word_1_234' title='bbox 3483 1792 3809 1859; x_wconf 75' lang='grc' dir='ltr'>πραότερον.</span> <span class='ocrx_word' id='word_1_235' title='bbox 3849 1791 4005 1849; x_wconf 66' lang='grc' dir='ltr'>Εἰκὸς</span> 
     </span>
    </p>
   </div>
   <div class='ocr_carea' id='block_1_35' title="bbox 731 1885 2312 1954">
    <p class='ocr_par' dir='ltr' id='par_1_35' title="bbox 731 1885 2312 1954">
     <span class='ocr_line' id='line_1_35' title="bbox 731 1885 2312 1954; baseline 0.001 -17"><span class='ocrx_word' id='word_1_236' title='bbox 731 1885 878 1938; x_wconf 88' lang='lat' dir='ltr'><strong>enim</strong></span> <span class='ocrx_word' id='word_1_237' title='bbox 905 1885 1062 1954; x_wconf 87' lang='lat' dir='ltr'><strong>plane</strong></span> <span class='ocrx_word' id='word_1_238' title='bbox 1082 1895 1199 1938; x_wconf 91' lang='lat' dir='ltr'><strong>erat</strong></span> <span class='ocrx_word' id='word_1_239' title='bbox 1230 1885 1485 1949; x_wconf 79' lang='lat' dir='ltr'><strong>tacuisse,</strong></span> <span class='ocrx_word' id='word_1_240' title='bbox 1508 1900 1669 1954; x_wconf 88' lang='lat' dir='ltr'><strong>quam</strong></span> <span class='ocrx_word' id='word_1_241' title='bbox 1697 1885 1860 1938; x_wconf 87' lang='lat' dir='ltr'><strong>videri</strong></span> <span class='ocrx_word' id='word_1_242' title='bbox 1895 1885 2312 1940; x_wconf 82' lang='lat' dir='ltr'><strong>contradixisse.</strong></span> 
     </span>
    </p>
   </div>
   <div class='ocr_carea' id='block_1_36' title="bbox 731 1975 2317 2045">
    <p class='ocr_par' dir='ltr' id='par_1_36' title="bbox 731 1975 2317 2045">
     <span class='ocr_line' id='line_1_36' title="bbox 731 1975 2317 2045; baseline -0.001 -13"><span class='ocrx_word' id='word_1_243' title='bbox 731 1975 992 2032; x_wconf 83' lang='lat' dir='ltr'><strong>Fortasse</strong></span> <span class='ocrx_word' id='word_1_244' title='bbox 1024 1992 1150 2031; x_wconf 89' lang='lat' dir='ltr'><strong>vero</strong></span> <span class='ocrx_word' id='word_1_245' title='bbox 1185 1977 1250 2030; x_wconf 86' lang='lat' dir='ltr'><strong>iis</strong></span> <span class='ocrx_word' id='word_1_246' title='bbox 1282 1977 1374 2045; x_wconf 92' lang='lat' dir='ltr'><strong>qui</strong></span> <span class='ocrx_word' id='word_1_247' title='bbox 1406 1976 1665 2045; x_wconf 80' lang='lat' dir='ltr'><strong>Spiritum</strong></span> <span class='ocrx_word' id='word_1_248' title='bbox 1728 1992 1790 2030; x_wconf 82' lang='lat' dir='ltr'><strong>ex</strong></span> <span class='ocrx_word' id='word_1_249' title='bbox 1850 1977 1984 2030; x_wconf 86' lang='lat' dir='ltr'><strong>Filio</strong></span> <span class='ocrx_word' id='word_1_250' title='bbox 2022 1977 2317 2044; x_wconf 86' lang='lat' dir='ltr'><strong>procedere</strong></span> 
     </span>
    </p>
   </div>
   <div class='ocr_carea' id='block_1_37' title="bbox 732 2067 2314 2137">
    <p class='ocr_par' dir='ltr' id='par_1_37' title="bbox 732 2067 2314 2137">
     <span class='ocr_line' id='line_1_37' title="bbox 732 2067 2314 2137; baseline 0 -17"><span class='ocrx_word' id='word_1_251' title='bbox 732 2067 1046 2132; x_wconf 70' lang='lat' dir='ltr'><strong>audiebant,</strong></span> <span class='ocrx_word' id='word_1_252' title='bbox 1097 2082 1196 2122; x_wconf 86' lang='lat' dir='ltr'><strong>nec</strong></span> <span class='ocrx_word' id='word_1_253' title='bbox 1249 2067 1454 2121; x_wconf 86' lang='lat' dir='ltr'><strong>dictum</strong></span> <span class='ocrx_word' id='word_1_254' title='bbox 1528 2069 1680 2122; x_wconf 82' lang='lat' dir='ltr'><strong>valde</strong></span> <span class='ocrx_word' id='word_1_255' title='bbox 1751 2067 2064 2137; x_wconf 72' lang='lat' dir='ltr'><strong>capiebant,</strong></span> <span class='ocrx_word' id='word_1_256' title='bbox 2144 2067 2314 2120; x_wconf 86' lang='lat' dir='ltr'><strong>multa</strong></span> 
     </span>
    </p>
   </div>
   <div class='ocr_carea' id='block_1_38' title="bbox 733 2159 2316 2224">
    <p class='ocr_par' dir='ltr' id='par_1_38' title="bbox 733 2159 2316 2224">
     <span class='ocr_line' id='line_1_38' title="bbox 733 2159 2316 2224; baseline 0.001 -9"><span class='ocrx_word' id='word_1_257' title='bbox 733 2161 896 2215; x_wconf 74' lang='lat' dir='ltr'><strong>etiam</strong></span> <span class='ocrx_word' id='word_1_258' title='bbox 939 2159 1040 2213; x_wconf 86' lang='lat' dir='ltr'><strong>alia</strong></span> <span class='ocrx_word' id='word_1_259' title='bbox 1077 2160 1127 2213; x_wconf 91' lang='lat' dir='ltr'><strong>in</strong></span> <span class='ocrx_word' id='word_1_260' title='bbox 1176 2171 1409 2213; x_wconf 84' lang='lat' dir='ltr'><strong>mentem</strong></span> <span class='ocrx_word' id='word_1_261' title='bbox 1444 2161 1678 2214; x_wconf 89' lang='lat' dir='ltr'><strong>absurda</strong></span> <span class='ocrx_word' id='word_1_262' title='bbox 1721 2161 2035 2224; x_wconf 86' lang='lat' dir='ltr'><strong>veniebant,</strong></span> <span class='ocrx_word' id='word_1_263' title='bbox 2092 2170 2146 2216; x_wconf 90' lang='lat' dir='ltr'><strong>et</strong></span> <span class='ocrx_word' id='word_1_264' title='bbox 2203 2161 2316 2216; x_wconf 73' lang='lat' dir='ltr'><strong>lizec</strong></span> 
     </span>
    </p>
   </div>
   <div class='ocr_carea' id='block_1_39' title="bbox 736 2252 2317 2324">
    <p class='ocr_par' dir='ltr' id='par_1_39' title="bbox 736 2252 2317 2324">
     <span class='ocr_line' id='line_1_39' title="bbox 736 2252 2317 2324; baseline 0.002 -18"><span class='ocrx_word' id='word_1_265' title='bbox 736 2253 878 2322; x_wconf 88' lang='lat' dir='ltr'><strong>ipsa,</strong></span> <span class='ocrx_word' id='word_1_266' title='bbox 916 2255 967 2307; x_wconf 91' lang='lat' dir='ltr'><strong>in</strong></span> <span class='ocrx_word' id='word_1_267' title='bbox 1002 2270 1125 2324; x_wconf 62' lang='lat' dir='ltr'><strong>quae</strong></span> <span class='ocrx_word' id='word_1_268' title='bbox 1173 2252 1396 2309; x_wconf 86' lang='lat' dir='ltr'><strong>Latinos</strong></span> <span class='ocrx_word' id='word_1_269' title='bbox 1453 2254 1752 2318; x_wconf 86' lang='lat' dir='ltr'><strong>deducunt,</strong></span> <span class='ocrx_word' id='word_1_270' title='bbox 1803 2256 1894 2324; x_wconf 89' lang='lat' dir='ltr'><strong>qui</strong></span> <span class='ocrx_word' id='word_1_271' title='bbox 1950 2265 2143 2310; x_wconf 90' lang='lat' dir='ltr'><strong>contra</strong></span> <span class='ocrx_word' id='word_1_272' title='bbox 2196 2257 2317 2309; x_wconf 92' lang='lat' dir='ltr'><strong>illos</strong></span> 
     </span>
    </p>
   </div>
   <div class='ocr_carea' id='block_1_40' title="bbox 733 2347 2319 2418">
    <p class='ocr_par' dir='ltr' id='par_1_40' title="bbox 733 2347 2319 2418">
     <span class='ocr_line' id='line_1_40' title="bbox 733 2347 2319 2418; baseline 0.003 -19"><span class='ocrx_word' id='word_1_273' title='bbox 733 2347 954 2400; x_wconf 79' lang='lat' dir='ltr'><strong>edidere</strong></span> <span class='ocrx_word' id='word_1_274' title='bbox 986 2347 1142 2418; x_wconf 81' lang='lat' dir='ltr'><strong>longa</strong></span> <span class='ocrx_word' id='word_1_275' title='bbox 1177 2347 1486 2408; x_wconf 79' lang='lat' dir='ltr'><strong>volumina;</strong></span> <span class='ocrx_word' id='word_1_276' title='bbox 1516 2357 1571 2402; x_wconf 88' lang='lat' dir='ltr'><strong>et</strong></span> <span class='ocrx_word' id='word_1_277' title='bbox 1603 2364 1724 2417; x_wconf 74' lang='lat' dir='ltr'><strong>qua:</strong></span> <span class='ocrx_word' id='word_1_278' title='bbox 1761 2349 2072 2402; x_wconf 87' lang='lat' dir='ltr'><strong>necessario</strong></span> <span class='ocrx_word' id='word_1_279' title='bbox 2128 2350 2319 2404; x_wconf 90' lang='lat' dir='ltr'><strong>dicunt</strong></span> 
     </span>
    </p>
   </div>
   <div class='ocr_carea' id='block_1_41' title="bbox 736 2440 2315 2511">
    <p class='ocr_par' dir='ltr' id='par_1_41' title="bbox 736 2440 2315 2511">
     <span class='ocr_line' id='line_1_41' title="bbox 736 2440 2315 2511; baseline 0 -18"><span class='ocrx_word' id='word_1_280' title='bbox 736 2455 800 2493; x_wconf 79' lang='lat' dir='ltr'><strong>ex</strong></span> <span class='ocrx_word' id='word_1_281' title='bbox 827 2440 1081 2508; x_wconf 79' lang='lat' dir='ltr'><strong>dogmate</strong></span> <span class='ocrx_word' id='word_1_282' title='bbox 1115 2441 1267 2510; x_wconf 89' lang='lat' dir='ltr'><strong>sequi</strong></span> <span class='ocrx_word' id='word_1_283' title='bbox 1313 2458 1326 2493; x_wconf 91' lang='lat'>:</span> <span class='ocrx_word' id='word_1_284' title='bbox 1363 2450 1419 2493; x_wconf 93' lang='lat' dir='ltr'><strong>ut</strong></span> <span class='ocrx_word' id='word_1_285' title='bbox 1453 2451 1602 2509; x_wconf 85' lang='lat' dir='ltr'><strong>puta,</strong></span> <span class='ocrx_word' id='word_1_286' title='bbox 1637 2442 1846 2508; x_wconf 84' lang='lat' dir='ltr'><strong>Opinari</strong></span> <span class='ocrx_word' id='word_1_287' title='bbox 1885 2442 1991 2494; x_wconf 91' lang='lat' dir='ltr'><strong>duo</strong></span> <span class='ocrx_word' id='word_1_288' title='bbox 2021 2443 2315 2511; x_wconf 85' lang='lat' dir='ltr'><strong>principia,</strong></span> 
     </span>
    </p>
   </div>
   <div class='ocr_carea' id='block_1_42' title="bbox 736 2531 2315 2601">
    <p class='ocr_par' dir='ltr' id='par_1_42' title="bbox 736 2531 2315 2601">
     <span class='ocr_line' id='line_1_42' title="bbox 736 2531 2315 2601; baseline -0.001 -16"><span class='ocrx_word' id='word_1_289' title='bbox 736 2541 791 2586; x_wconf 83' lang='lat' dir='ltr'><strong>et</strong></span> <span class='ocrx_word' id='word_1_290' title='bbox 834 2531 1152 2588; x_wconf 88' lang='lat' dir='ltr'><strong>inferiorem</strong></span> <span class='ocrx_word' id='word_1_291' title='bbox 1191 2548 1313 2586; x_wconf 85' lang='lat' dir='ltr'><strong>esse</strong></span> <span class='ocrx_word' id='word_1_292' title='bbox 1340 2533 1599 2601; x_wconf 82' lang='lat' dir='ltr'><strong>Spiritum</strong></span> <span class='ocrx_word' id='word_1_293' title='bbox 1633 2533 1754 2586; x_wconf 89' lang='lat' dir='ltr'><strong>aliis</strong></span> <span class='ocrx_word' id='word_1_294' title='bbox 1783 2532 1984 2586; x_wconf 78' lang='lat' dir='ltr'><strong>divinis</strong></span> <span class='ocrx_word' id='word_1_295' title='bbox 2043 2533 2315 2600; x_wconf 69' lang='lat' dir='ltr'><strong>personis,</strong></span> 
     </span>
    </p>
   </div>
   <div class='ocr_carea' id='block_1_43' title="bbox 738 2623 2319 2696">
    <p class='ocr_par' dir='ltr' id='par_1_43' title="bbox 738 2623 2319 2696">
     <span class='ocr_line' id='line_1_43' title="bbox 738 2623 2319 2696; baseline -0.001 -17"><span class='ocrx_word' id='word_1_296' title='bbox 738 2636 793 2679; x_wconf 83' lang='lat' dir='ltr'><strong>et</strong></span> <span class='ocrx_word' id='word_1_297' title='bbox 834 2626 1040 2696; x_wconf 85' lang='lat' dir='ltr'><strong>reliqua</strong></span> <span class='ocrx_word' id='word_1_298' title='bbox 1093 2625 1432 2694; x_wconf 89' lang='lat' dir='ltr'><strong>bujusmodi.</strong></span> <span class='ocrx_word' id='word_1_299' title='bbox 1480 2625 1612 2678; x_wconf 76' lang='lat' dir='ltr'><strong>Nam</strong></span> <span class='ocrx_word' id='word_1_300' title='bbox 1670 2625 1714 2679; x_wconf 90' lang='lat' dir='ltr'><strong>si</strong></span> <span class='ocrx_word' id='word_1_301' title='bbox 1748 2623 1924 2678; x_wconf 84' lang='lat' dir='ltr'><strong>Latini</strong></span> <span class='ocrx_word' id='word_1_302' title='bbox 1971 2625 2036 2677; x_wconf 89' lang='lat' dir='ltr'><strong>ad</strong></span> <span class='ocrx_word' id='word_1_303' title='bbox 2074 2625 2187 2678; x_wconf 63' lang='lat' dir='ltr'><strong>lucc</strong></span> <span class='ocrx_word' id='word_1_304' title='bbox 2234 2641 2319 2678; x_wconf 89' lang='lat' dir='ltr'><strong>re-</strong></span> 
     </span>
    </p>
   </div>
   <div class='ocr_carea' id='block_1_44' title="bbox 743 2716 2320 2787">
    <p class='ocr_par' dir='ltr' id='par_1_44' title="bbox 743 2716 2320 2787">
     <span class='ocr_line' id='line_1_44' title="bbox 743 2716 2320 2787; baseline -0.001 -16"><span class='ocrx_word' id='word_1_305' title='bbox 743 2717 1099 2785; x_wconf 75' lang='lat' dir='ltr'><strong>spondentes,</strong></span> <span class='ocrx_word' id='word_1_306' title='bbox 1128 2724 1182 2771; x_wconf 91' lang='lat' dir='ltr'><strong>et</strong></span> <span class='ocrx_word' id='word_1_307' title='bbox 1217 2732 1393 2787; x_wconf 90' lang='lat' dir='ltr'><strong>neque</strong></span> <span class='ocrx_word' id='word_1_308' title='bbox 1426 2731 1484 2771; x_wconf 92' lang='lat' dir='ltr'><strong>se</strong></span> <span class='ocrx_word' id='word_1_309' title='bbox 1515 2717 1583 2770; x_wconf 89' lang='lat' dir='ltr'><strong>ita</strong></span> <span class='ocrx_word' id='word_1_310' title='bbox 1621 2717 1843 2780; x_wconf 89' lang='lat' dir='ltr'><strong>sentire,</strong></span> <span class='ocrx_word' id='word_1_311' title='bbox 1880 2733 2057 2787; x_wconf 84' lang='lat' dir='ltr'><strong>neque</strong></span> <span class='ocrx_word' id='word_1_312' title='bbox 2084 2716 2320 2770; x_wconf 85' lang='lat' dir='ltr'><strong>absurda</strong></span> 
     </span>
    </p>
   </div>
   <div class='ocr_carea' id='block_1_45' title="bbox 740 2808 2321 2878">
    <p class='ocr_par' dir='ltr' id='par_1_45' title="bbox 740 2808 2321 2878">
     <span class='ocr_line' id='line_1_45' title="bbox 740 2808 2321 2878; baseline 0 -17"><span class='ocrx_word' id='word_1_313' title='bbox 740 2809 828 2864; x_wconf 93' lang='lat' dir='ltr'><strong>illa</strong></span> <span class='ocrx_word' id='word_1_314' title='bbox 865 2810 1176 2864; x_wconf 87' lang='lat' dir='ltr'><strong>necessario</strong></span> <span class='ocrx_word' id='word_1_315' title='bbox 1211 2809 1363 2878; x_wconf 83' lang='lat' dir='ltr'><strong>sequi</strong></span> <span class='ocrx_word' id='word_1_316' title='bbox 1389 2809 1766 2874; x_wconf 84' lang='lat' dir='ltr'><strong>ostendentes,</strong></span> <span class='ocrx_word' id='word_1_317' title='bbox 1805 2808 2042 2862; x_wconf 88' lang='lat' dir='ltr'><strong>nondum</strong></span> <span class='ocrx_word' id='word_1_318' title='bbox 2072 2810 2172 2862; x_wconf 87' lang='lat' dir='ltr'><strong>hoc</strong></span> <span class='ocrx_word' id='word_1_319' title='bbox 2202 2824 2321 2875; x_wconf 86' lang='lat' dir='ltr'><strong>per-</strong></span> 
     </span>
    </p>
   </div>
   <div class='ocr_carea' id='block_1_46' title="bbox 741 2899 2324 2970">
    <p class='ocr_par' dir='ltr' id='par_1_46' title="bbox 741 2899 2324 2970">
     <span class='ocr_line' id='line_1_46' title="bbox 741 2899 2324 2970; baseline -0.001 -15"><span class='ocrx_word' id='word_1_320' title='bbox 741 2901 971 2955; x_wconf 79' lang='lat' dir='ltr'><strong>suadere</strong></span> <span class='ocrx_word' id='word_1_321' title='bbox 1007 2899 1207 2955; x_wconf 72' lang='lat' dir='ltr'><strong>Grrecis</strong></span> <span class='ocrx_word' id='word_1_322' title='bbox 1251 2914 1525 2970; x_wconf 83' lang='lat' dir='ltr'><strong>potuere;</strong></span> <span class='ocrx_word' id='word_1_323' title='bbox 1577 2902 1671 2956; x_wconf 85' lang='lat' dir='ltr'><strong>sed</strong></span> <span class='ocrx_word' id='word_1_324' title='bbox 1731 2911 1918 2970; x_wconf 88' lang='lat' dir='ltr'><strong>putant</strong></span> <span class='ocrx_word' id='word_1_325' title='bbox 1973 2901 2046 2954; x_wconf 90' lang='lat' dir='ltr'><strong>illi</strong></span> <span class='ocrx_word' id='word_1_326' title='bbox 2103 2901 2324 2970; x_wconf 85' lang='lat' dir='ltr'><strong>quidvis</strong></span> 
     </span>
    </p>
   </div>
   <div class='ocr_carea' id='block_1_47' title="bbox 747 2991 2323 3068">
    <p class='ocr_par' dir='ltr' id='par_1_47' title="bbox 747 2991 2323 3068">
     <span class='ocr_line' id='line_1_47' title="bbox 747 2991 2323 3068; baseline 0.001 -25"><span class='ocrx_word' id='word_1_327' title='bbox 747 2994 950 3068; x_wconf 62' lang='lat' dir='ltr'><strong>potius,</strong></span> <span class='ocrx_word' id='word_1_328' title='bbox 983 3007 1148 3062; x_wconf 90' lang='lat' dir='ltr'><strong>quam</strong></span> <span class='ocrx_word' id='word_1_329' title='bbox 1190 2991 1507 3046; x_wconf 88' lang='lat' dir='ltr'><strong>Latinorum</strong></span> <span class='ocrx_word' id='word_1_330' title='bbox 1539 2993 1868 3046; x_wconf 89' lang='lat' dir='ltr'><strong>sententiam</strong></span> <span class='ocrx_word' id='word_1_331' title='bbox 1903 2992 1987 3045; x_wconf 90' lang='lat' dir='ltr'><strong>his</strong></span> <span class='ocrx_word' id='word_1_332' title='bbox 2023 2993 2323 3045; x_wconf 86' lang='lat' dir='ltr'><strong>incommo-</strong></span> 
     </span>
    </p>
   </div>
   <div class='ocr_carea' id='block_1_48' title="bbox 738 3081 2319 3151">
    <p class='ocr_par' dir='ltr' id='par_1_48' title="bbox 738 3081 2319 3151">
     <span class='ocr_line' id='line_1_48' title="bbox 738 3081 2319 3151; baseline -0.001 -14"><span class='ocrx_word' id='word_1_333' title='bbox 738 3084 824 3138; x_wconf 90' lang='lat' dir='ltr'><strong>dis</strong></span> <span class='ocrx_word' id='word_1_334' title='bbox 851 3098 1064 3138; x_wconf 89' lang='lat' dir='ltr'><strong>carere.</strong></span> <span class='ocrx_word' id='word_1_335' title='bbox 1111 3083 1261 3136; x_wconf 61' lang='lat' dir='ltr'><strong>Atleo</strong></span> <span class='ocrx_word' id='word_1_336' title='bbox 1297 3083 1455 3151; x_wconf 82' lang='lat' dir='ltr'><strong>longe</strong></span> <span class='ocrx_word' id='word_1_337' title='bbox 1487 3083 1644 3136; x_wconf 86' lang='lat' dir='ltr'><strong>aliter</strong></span> <span class='ocrx_word' id='word_1_338' title='bbox 1678 3081 1742 3136; x_wconf 89' lang='lat' dir='ltr'><strong>de</strong></span> <span class='ocrx_word' id='word_1_339' title='bbox 1776 3082 2148 3136; x_wconf 73' lang='lat' dir='ltr'><strong>additamenta</strong></span> <span class='ocrx_word' id='word_1_340' title='bbox 2196 3099 2319 3137; x_wconf 89' lang='lat' dir='ltr'><strong>sen-</strong></span> 
     </span>
    </p>
   </div>
   <div class='ocr_carea' id='block_1_49' title="bbox 3365 1879 3388 1890">
    <p class='ocr_par' dir='ltr' id='par_1_49' title="bbox 3365 1879 3388 1890">
     <span class='ocr_line' id='line_1_49' title="bbox 3365 1879 3388 1890; baseline 0 0"><span class='ocrx_word' id='word_1_341' title='bbox 3365 1879 3388 1890; x_wconf 54' lang='grc' dir='ltr'>φ</span> 
     </span>
    </p>
   </div>
   <div class='ocr_carea' id='block_1_50' title="bbox 2424 1871 4006 1950">
    <p class='ocr_par' dir='ltr' id='par_1_50' title="bbox 2424 1871 4006 1950">
     <span class='ocr_line' id='line_1_50' title="bbox 2424 1871 4006 1950; baseline 0.004 -24"><span class='ocrx_word' id='word_1_342' title='bbox 2424 1875 2529 1945; x_wconf 74' lang='grc' dir='ltr'><strong>γὰρ</strong></span> <span class='ocrx_word' id='word_1_343' title='bbox 2573 1871 2640 1946; x_wconf 77' lang='grc' dir='ltr'>ἦν</span> <span class='ocrx_word' id='word_1_344' title='bbox 2696 1878 2821 1939; x_wconf 74' lang='grc' dir='ltr'>τοὺς</span> <span class='ocrx_word' id='word_1_345' title='bbox 2876 1877 3176 1941; x_wconf 83' lang='grc' dir='ltr'>ἀκούοντας</span> <span class='ocrx_word' id='word_1_346' title='bbox 3208 1882 3268 1932; x_wconf 78' lang='grc' dir='ltr'><strong>ἐκ</strong></span> <span class='ocrx_word' id='word_1_347' title='bbox 3299 1879 3391 1932; x_wconf 89' lang='grc' dir='ltr'><strong>τοῦ</strong></span> <span class='ocrx_word' id='word_1_348' title='bbox 3450 1880 3579 1932; x_wconf 77' lang='grc' dir='ltr'>Υίοῦ</span> <span class='ocrx_word' id='word_1_349' title='bbox 3643 1883 3895 1950; x_wconf 80' lang='grc' dir='ltr'>προϊέναι</span> <span class='ocrx_word' id='word_1_350' title='bbox 3947 1884 4006 1933; x_wconf 71' lang='grc' dir='ltr'>τὸ</span> 
     </span>
    </p>
   </div>
   <div class='ocr_carea' id='block_1_51' title="bbox 2423 1965 4006 2040">
    <p class='ocr_par' dir='ltr' id='par_1_51' title="bbox 2423 1965 4006 2040">
     <span class='ocr_line' id='line_1_51' title="bbox 2423 1965 4006 2040; baseline 0.006 -24"><span class='ocrx_word' id='word_1_351' title='bbox 2423 1965 2668 2033; x_wconf 77' lang='grc' dir='ltr'>Πνεῦμα,</span> <span class='ocrx_word' id='word_1_352' title='bbox 2706 1969 2799 2020; x_wconf 56' lang='grc' dir='ltr'><strong>καὶ¹</strong></span> <span class='ocrx_word' id='word_1_353' title='bbox 2852 1970 2925 2036; x_wconf 84' lang='grc' dir='ltr'><strong>μὴ</strong></span> <span class='ocrx_word' id='word_1_354' title='bbox 2966 1970 3280 2037; x_wconf 75' lang='grc' dir='ltr'>χωροῦντας</span> <span class='ocrx_word' id='word_1_355' title='bbox 3339 1973 3483 2023; x_wconf 66' lang='grc' dir='ltr'>πάνυ</span> <span class='ocrx_word' id='word_1_356' title='bbox 3527 1973 3615 2023; x_wconf 77' lang='grc' dir='ltr'><strong>τδν</strong></span> <span class='ocrx_word' id='word_1_357' title='bbox 3660 1974 3838 2040; x_wconf 75' lang='grc' dir='ltr'>λόγον,</span> <span class='ocrx_word' id='word_1_358' title='bbox 3871 1972 4006 2027; x_wconf 75' lang='grc' dir='ltr'>ἄλλα</span> 
     </span>
    </p>
   </div>
   <div class='ocr_carea' id='block_1_52' title="bbox 2421 2057 4004 2134">
    <p class='ocr_par' dir='ltr' id='par_1_52' title="bbox 2421 2057 4004 2134">
     <span class='ocr_line' id='line_1_52' title="bbox 2421 2057 4004 2134; baseline 0.007 -25"><span class='ocrx_word' id='word_1_359' title='bbox 2421 2073 2484 2124; x_wconf 84' lang='grc' dir='ltr'><strong>γε</strong></span> <span class='ocrx_word' id='word_1_360' title='bbox 2517 2057 2684 2110; x_wconf 61' lang='grc' dir='ltr'>πολλὰ</span> <span class='ocrx_word' id='word_1_361' title='bbox 2719 2059 2827 2112; x_wconf 82' lang='grc' dir='ltr'><strong>τῶν</strong></span> <span class='ocrx_word' id='word_1_362' title='bbox 2871 2062 3090 2114; x_wconf 85' lang='grc' dir='ltr'>ἀτόπων</span> <span class='ocrx_word' id='word_1_363' title='bbox 3142 2063 3546 2131; x_wconf 56' lang='grc' dir='ltr'>ἐνθιηιηθῆναι,</span> <span class='ocrx_word' id='word_1_364' title='bbox 3597 2065 3691 2117; x_wconf 75' lang='grc' dir='ltr'><strong>καὶ</strong></span> <span class='ocrx_word' id='word_1_365' title='bbox 3736 2067 3910 2117; x_wconf 85' lang='grc' dir='ltr'>ταῦτα</span> <span class='ocrx_word' id='word_1_366' title='bbox 3941 2067 4004 2134; x_wconf 79' lang='grc' dir='ltr'>δὴ</span> 
     </span>
    </p>
   </div>
   <div class='ocr_carea' id='block_1_53' title="bbox 2423 2150 4006 2226">
    <p class='ocr_par' dir='ltr' id='par_1_53' title="bbox 2423 2150 4006 2226">
     <span class='ocr_line' id='line_1_53' title="bbox 2423 2150 4006 2226; baseline 0.006 -25"><span class='ocrx_word' id='word_1_367' title='bbox 2423 2151 2558 2217; x_wconf 71' lang='grc' dir='ltr'>πρὸς</span> <span class='ocrx_word' id='word_1_368' title='bbox 2607 2150 2641 2202; x_wconf 83' lang='grc' dir='ltr'><strong>ἆ</strong></span> <span class='ocrx_word' id='word_1_369' title='bbox 2675 2152 2941 2215; x_wconf 76' lang='grc' dir='ltr'>Λατίνους</span> <span class='ocrx_word' id='word_1_370' title='bbox 2973 2155 3284 2222; x_wconf 76' lang='grc' dir='ltr'>ἀπάγουσιν</span> <span class='ocrx_word' id='word_1_371' title='bbox 3322 2157 3370 2207; x_wconf 74' lang='grc' dir='ltr'><strong>οἱ</strong></span> <span class='ocrx_word' id='word_1_372' title='bbox 3409 2158 3475 2209; x_wconf 72' lang='grc' dir='ltr'><strong>τὰ</strong></span> <span class='ocrx_word' id='word_1_373' title='bbox 3533 2158 3722 2226; x_wconf 82' lang='grc' dir='ltr'>μακρά</span> <span class='ocrx_word' id='word_1_374' title='bbox 3765 2158 3886 2210; x_wconf 86' lang='grc' dir='ltr'>κατ’</span> <span class='ocrx_word' id='word_1_375' title='bbox 3914 2159 4006 2211; x_wconf 82' lang='grc' dir='ltr'>αῦ-</span> 
     </span>
    </p>
   </div>
   <div class='ocr_carea' id='block_1_54' title="bbox 2421 2242 4008 2318">
    <p class='ocr_par' dir='ltr' id='par_1_54' title="bbox 2421 2242 4008 2318">
     <span class='ocr_line' id='line_1_54' title="bbox 2421 2242 4008 2318; baseline 0.005 -24"><span class='ocrx_word' id='word_1_376' title='bbox 2421 2242 2529 2295; x_wconf 79' lang='grc' dir='ltr'>τῶν</span> <span class='ocrx_word' id='word_1_377' title='bbox 2562 2244 2920 2308; x_wconf 82' lang='grc' dir='ltr'>ἐκδεδωκότες</span> <span class='ocrx_word' id='word_1_378' title='bbox 2976 2249 3412 2317; x_wconf 69' lang='grc' dir='ltr'>συγγράμματα,</span> <span class='ocrx_word' id='word_1_379' title='bbox 3449 2251 3542 2302; x_wconf 71' lang='grc' dir='ltr'>καὶ</span> <span class='ocrx_word' id='word_1_380' title='bbox 3595 2252 3628 2304; x_wconf 76' lang='grc' dir='ltr'>ἆ</span> <span class='ocrx_word' id='word_1_381' title='bbox 3684 2269 3849 2318; x_wconf 83' lang='grc' dir='ltr'>φασιν</span> <span class='ocrx_word' id='word_1_382' title='bbox 3881 2254 4008 2304; x_wconf 82' lang='grc' dir='ltr'>ἀκο-</span> 
     </span>
    </p>
   </div>
   <div class='ocr_carea' id='block_1_55' title="bbox 2422 2335 4009 2410">
    <p class='ocr_par' dir='ltr' id='par_1_55' title="bbox 2422 2335 4009 2410">
     <span class='ocr_line' id='line_1_55' title="bbox 2422 2335 4009 2410; baseline 0.006 -22"><span class='ocrx_word' id='word_1_383' title='bbox 2422 2335 2633 2389; x_wconf 80' lang='grc' dir='ltr'>λουθεῖν</span> <span class='ocrx_word' id='word_1_384' title='bbox 2668 2338 2722 2403; x_wconf 77' lang='grc' dir='ltr'>ἐξ</span> <span class='ocrx_word' id='word_1_385' title='bbox 2772 2340 3015 2408; x_wconf 75' lang='grc' dir='ltr'><strong>ἀνάγκης</strong></span> <span class='ocrx_word' id='word_1_386' title='bbox 3046 2341 3124 2408; x_wconf 78' lang='grc' dir='ltr'>τῷ</span> <span class='ocrx_word' id='word_1_387' title='bbox 3167 2343 3447 2410; x_wconf 81' lang='grc' dir='ltr'>δόγματι·</span> <span class='ocrx_word' id='word_1_388' title='bbox 3491 2338 3604 2396; x_wconf 71' lang='grc' dir='ltr'>οἷόν</span> <span class='ocrx_word' id='word_1_389' title='bbox 3653 2348 3767 2397; x_wconf 82' lang='grc' dir='ltr'>ἐστι</span> <span class='ocrx_word' id='word_1_390' title='bbox 3821 2347 3913 2397; x_wconf 71' lang='grc' dir='ltr'><strong>καὶ</strong></span> <span class='ocrx_word' id='word_1_391' title='bbox 3951 2347 4009 2398; x_wconf 76' lang='grc' dir='ltr'>τὸ</span> 
     </span>
    </p>
   </div>
   <div class='ocr_carea' id='block_1_56' title="bbox 2423 2429 4008 2503">
    <p class='ocr_par' dir='ltr' id='par_1_56' title="bbox 2423 2429 4008 2503">
     <span class='ocr_line' id='line_1_56' title="bbox 2423 2429 4008 2503; baseline 0.005 -23"><span class='ocrx_word' id='word_1_392' title='bbox 2423 2429 2603 2490; x_wconf 72' lang='grc' dir='ltr'>διττὰς</span> <span class='ocrx_word' id='word_1_393' title='bbox 2659 2433 2902 2499; x_wconf 75' lang='grc' dir='ltr'>νομίζειν</span> <span class='ocrx_word' id='word_1_394' title='bbox 2957 2435 3153 2503; x_wconf 70' lang='grc' dir='ltr'>ἀρχὰς,</span> <span class='ocrx_word' id='word_1_395' title='bbox 3187 2436 3282 2487; x_wconf 78' lang='grc' dir='ltr'><strong>καὶ</strong></span> <span class='ocrx_word' id='word_1_396' title='bbox 3333 2435 3392 2488; x_wconf 82' lang='grc' dir='ltr'><strong>τὸ</strong></span> <span class='ocrx_word' id='word_1_397' title='bbox 3445 2437 3553 2488; x_wconf 79' lang='grc' dir='ltr'><strong>τῶν</strong></span> <span class='ocrx_word' id='word_1_398' title='bbox 3612 2438 3791 2490; x_wconf 75' lang='grc' dir='ltr'>ἄλλων</span> <span class='ocrx_word' id='word_1_399' title='bbox 3849 2438 4008 2490; x_wconf 79' lang='grc' dir='ltr'>θεῐων</span> 
     </span>
    </p>
   </div>
   <div class='ocr_carea' id='block_1_57' title="bbox 2428 2519 4007 2599">
    <p class='ocr_par' dir='ltr' id='par_1_57' title="bbox 2428 2519 4007 2599">
     <span class='ocr_line' id='line_1_57' title="bbox 2428 2519 4007 2599; baseline 0.006 -26"><span class='ocrx_word' id='word_1_400' title='bbox 2428 2522 2736 2589; x_wconf 76' lang='grc' dir='ltr'>προσώπων</span> <span class='ocrx_word' id='word_1_401' title='bbox 2786 2519 2926 2576; x_wconf 81' lang='grc' dir='ltr'>εἶναι</span> <span class='ocrx_word' id='word_1_402' title='bbox 2999 2527 3059 2578; x_wconf 78' lang='grc' dir='ltr'><strong>τὸ</strong></span> <span class='ocrx_word' id='word_1_403' title='bbox 3121 2528 3348 2596; x_wconf 78' lang='grc' dir='ltr'>Πνεῦμα</span> <span class='ocrx_word' id='word_1_404' title='bbox 3405 2531 3864 2599; x_wconf 80' lang='grc' dir='ltr'>καταδεέστερον,</span> <span class='ocrx_word' id='word_1_405' title='bbox 3917 2535 4007 2583; x_wconf 73' lang='grc' dir='ltr'><strong>καὶ</strong></span> 
     </span>
    </p>
   </div>
   <div class='ocr_carea' id='block_1_58' title="bbox 2424 2614 4007 2691">
    <p class='ocr_par' dir='ltr' id='par_1_58' title="bbox 2424 2614 4007 2691">
     <span class='ocr_line' id='line_1_58' title="bbox 2424 2614 4007 2691; baseline 0.005 -25"><span class='ocrx_word' id='word_1_406' title='bbox 2424 2614 2590 2666; x_wconf 74' lang='grc' dir='ltr'>τᾶλλα</span> <span class='ocrx_word' id='word_1_407' title='bbox 2625 2616 2688 2684; x_wconf 85' lang='grc' dir='ltr'>δὴ</span> <span class='ocrx_word' id='word_1_408' title='bbox 2739 2616 2806 2668; x_wconf 79' lang='grc' dir='ltr'>τὰ</span> <span class='ocrx_word' id='word_1_409' title='bbox 2856 2617 3103 2673; x_wconf 85' lang='grc' dir='ltr'>τοιαῦτα.</span> <span class='ocrx_word' id='word_1_410' title='bbox 3136 2619 3192 2672; x_wconf 81' lang='grc' dir='ltr'><strong>ΕΞ</strong></span> <span class='ocrx_word' id='word_1_411' title='bbox 3225 2620 3334 2687; x_wconf 70' lang='grc' dir='ltr'><strong>γὰρ</strong></span> <span class='ocrx_word' id='word_1_412' title='bbox 3382 2622 3602 2673; x_wconf 80' lang='grc' dir='ltr'>Λατῖνοι</span> <span class='ocrx_word' id='word_1_413' title='bbox 3636 2624 3762 2691; x_wconf 70' lang='grc' dir='ltr'>περὶ</span> <span class='ocrx_word' id='word_1_414' title='bbox 3803 2624 4007 2677; x_wconf 77' lang='grc' dir='ltr'>τούτων</span> 
     </span>
    </p>
   </div>
   <div class='ocr_carea' id='block_1_59' title="bbox 2425 2709 4011 2784">
    <p class='ocr_par' dir='ltr' id='par_1_59' title="bbox 2425 2709 4011 2784">
     <span class='ocr_line' id='line_1_59' title="bbox 2425 2709 4011 2784; baseline 0.004 -24"><span class='ocrx_word' id='word_1_415' title='bbox 2425 2709 2876 2778; x_wconf 84' lang='grc' dir='ltr'>ἀπολογούμενοι,</span> <span class='ocrx_word' id='word_1_416' title='bbox 2929 2713 3023 2763; x_wconf 68' lang='grc' dir='ltr'>καὶ</span> <span class='ocrx_word' id='word_1_417' title='bbox 3076 2714 3214 2780; x_wconf 75' lang='grc' dir='ltr'>μήτε</span> <span class='ocrx_word' id='word_1_418' title='bbox 3272 2718 3493 2782; x_wconf 75' lang='grc' dir='ltr'>φρονεῖν</span> <span class='ocrx_word' id='word_1_419' title='bbox 3544 2717 3706 2778; x_wconf 68' lang='grc' dir='ltr'>αὐτὰ,</span> <span class='ocrx_word' id='word_1_420' title='bbox 3765 2716 3893 2784; x_wconf 72' lang='grc' dir='ltr'>μήτ’</span> <span class='ocrx_word' id='word_1_421' title='bbox 3951 2716 4011 2781; x_wconf 79' lang='grc' dir='ltr'>ἐξ</span> 
     </span>
    </p>
   </div>
   <div class='ocr_carea' id='block_1_60' title="bbox 2427 2802 4008 2875">
    <p class='ocr_par' dir='ltr' id='par_1_60' title="bbox 2427 2802 4008 2875">
     <span class='ocr_line' id='line_1_60' title="bbox 2427 2802 4008 2875; baseline 0.006 -21"><span class='ocrx_word' id='word_1_422' title='bbox 2427 2802 2671 2870; x_wconf 80' lang='grc' dir='ltr'><strong>ἀνάγκης</strong></span> <span class='ocrx_word' id='word_1_423' title='bbox 2724 2804 2955 2856; x_wconf 78' lang='grc' dir='ltr'>ἔπεσθαι</span> <span class='ocrx_word' id='word_1_424' title='bbox 3015 2809 3081 2874; x_wconf 82' lang='grc' dir='ltr'>τῇ</span> <span class='ocrx_word' id='word_1_425' title='bbox 3139 2807 3264 2875; x_wconf 77' lang='grc' dir='ltr'>δόξῃ</span> <span class='ocrx_word' id='word_1_426' title='bbox 3329 2808 3658 2872; x_wconf 74' lang='grc' dir='ltr'>δεικνύντες,</span> <span class='ocrx_word' id='word_1_427' title='bbox 3709 2810 3860 2864; x_wconf 85' lang='grc' dir='ltr'>οῦπω</span> <span class='ocrx_word' id='word_1_428' title='bbox 3913 2816 4008 2865; x_wconf 75' lang='grc' dir='ltr'><strong>καὶ</strong></span> 
     </span>
    </p>
   </div>
   <div class='ocr_carea' id='block_1_61' title="bbox 2425 2897 4011 2969">
    <p class='ocr_par' dir='ltr' id='par_1_61' title="bbox 2425 2897 4011 2969">
     <span class='ocr_line' id='line_1_61' title="bbox 2425 2897 4011 2969; baseline 0.004 -20"><span class='ocrx_word' id='word_1_429' title='bbox 2425 2898 2666 2964; x_wconf 80' lang='grc' dir='ltr'>τήμερον</span> <span class='ocrx_word' id='word_1_430' title='bbox 2700 2899 2883 2948; x_wconf 81' lang='grc' dir='ltr'>πεῖσαι</span> <span class='ocrx_word' id='word_1_431' title='bbox 2924 2897 3192 2966; x_wconf 69' lang='grc' dir='ltr'>Γραικοὺς</span> <span class='ocrx_word' id='word_1_432' title='bbox 3225 2901 3598 2969; x_wconf 62' lang='grc' dir='ltr'>ἠδυνήθησαν,</span> <span class='ocrx_word' id='word_1_433' title='bbox 3642 2902 3760 2954; x_wconf 71' lang='grc' dir='ltr'>ἀλλ’</span> <span class='ocrx_word' id='word_1_434' title='bbox 3802 2904 4011 2956; x_wconf 73' lang='grc' dir='ltr'>οἴονται</span> 
     </span>
    </p>
   </div>
   <div class='ocr_carea' id='block_1_62' title="bbox 2426 2989 4008 3063">
    <p class='ocr_par' dir='ltr' id='par_1_62' title="bbox 2426 2989 4008 3063">
     <span class='ocr_line' id='line_1_62' title="bbox 2426 2989 4008 3063; baseline 0.007 -23"><span class='ocrx_word' id='word_1_435' title='bbox 2426 2990 2605 3042; x_wconf 81' lang='grc' dir='ltr'>πάντα</span> <span class='ocrx_word' id='word_1_436' title='bbox 2661 2989 2859 3057; x_wconf 74' lang='grc' dir='ltr'>μᾶλλον</span> <span class='ocrx_word' id='word_1_437' title='bbox 2909 2990 2940 3059; x_wconf 85' lang='grc' dir='ltr'>ἦ</span> <span class='ocrx_word' id='word_1_438' title='bbox 2986 2990 3095 3042; x_wconf 83' lang='grc' dir='ltr'><strong>τῶν</strong></span> <span class='ocrx_word' id='word_1_439' title='bbox 3149 2992 3372 3044; x_wconf 83' lang='grc' dir='ltr'>ἀτόπων</span> <span class='ocrx_word' id='word_1_440' title='bbox 3420 2994 3766 3063; x_wconf 70' lang='grc' dir='ltr'>ἀπηλλάχθαι</span> <span class='ocrx_word' id='word_1_441' title='bbox 3801 2999 4008 3051; x_wconf 87' lang='grc' dir='ltr'>τούτων</span> 
     </span>
    </p>
   </div>
   <div class='ocr_carea' id='block_1_63' title="bbox 2426 3080 4010 3159">
    <p class='ocr_par' dir='ltr' id='par_1_63' title="bbox 2426 3080 4010 3159">
     <span class='ocr_line' id='line_1_63' title="bbox 2426 3080 4010 3159; baseline 0.008 -27"><span class='ocrx_word' id='word_1_442' title='bbox 2426 3080 2526 3148; x_wconf 79' lang='grc' dir='ltr'><strong>τὴν</strong></span> <span class='ocrx_word' id='word_1_443' title='bbox 2569 3080 2760 3144; x_wconf 77' lang='grc' dir='ltr'>δόξαν·</span> <span class='ocrx_word' id='word_1_444' title='bbox 2797 3082 2970 3144; x_wconf 76' lang='grc' dir='ltr'>οὕτως</span> <span class='ocrx_word' id='word_1_445' title='bbox 3003 3084 3266 3136; x_wconf 75' lang='grc' dir='ltr'>ἀκούουσι</span> <span class='ocrx_word' id='word_1_446' title='bbox 3299 3085 3398 3153; x_wconf 82' lang='grc' dir='ltr'>τῆς</span> <span class='ocrx_word' id='word_1_447' title='bbox 3432 3088 3774 3155; x_wconf 64' lang='grc' dir='ltr'>προσθήκης,</span> <span class='ocrx_word' id='word_1_448' title='bbox 3808 3091 3906 3159; x_wconf 78' lang='grc' dir='ltr'>οὐχ</span> <span class='ocrx_word' id='word_1_449' title='bbox 3935 3091 4010 3153; x_wconf 80' lang='grc' dir='ltr'>ὡς</span> 
     </span>
    </p>
   </div>
   <div class='ocr_carea' id='block_1_64' title="bbox 742 3174 2500 3247">
    <p class='ocr_par' dir='ltr' id='par_1_64' title="bbox 742 3174 2494 3245">
     <span class='ocr_line' id='line_1_64' title="bbox 742 3174 2494 3245; baseline -0.002 -17"><span class='ocrx_word' id='word_1_450' title='bbox 742 3177 902 3238; x_wconf 89' lang='lat' dir='ltr'><strong>tiuut,</strong></span> <span class='ocrx_word' id='word_1_451' title='bbox 929 3191 1091 3245; x_wconf 86' lang='lat' dir='ltr'><strong>quam</strong></span> <span class='ocrx_word' id='word_1_452' title='bbox 1131 3176 1294 3228; x_wconf 70' lang='lat' dir='ltr'><strong>relint</strong></span> <span class='ocrx_word' id='word_1_453' title='bbox 1326 3176 1418 3244; x_wconf 88' lang='lat' dir='ltr'><strong>qui</strong></span> <span class='ocrx_word' id='word_1_454' title='bbox 1471 3175 1600 3229; x_wconf 88' lang='lat' dir='ltr'><strong>illud</strong></span> <span class='ocrx_word' id='word_1_455' title='bbox 1636 3186 1886 3230; x_wconf 86' lang='lat' dir='ltr'><strong>asserunt</strong></span> <span class='ocrx_word' id='word_1_456' title='bbox 1919 3193 1931 3230; x_wconf 89' lang='lat'><strong>:</strong></span> <span class='ocrx_word' id='word_1_457' title='bbox 1965 3176 2094 3245; x_wconf 90' lang='lat' dir='ltr'><strong>quid</strong></span> <span class='ocrx_word' id='word_1_458' title='bbox 2150 3176 2320 3230; x_wconf 86' lang='lat' dir='ltr'><strong>faetu-</strong></span> <span class='ocrx_word' id='word_1_459' title='bbox 2352 3178 2393 3233; x_wconf 87' lang='lat' dir='ltr'>C</span> <span class='ocrx_word' id='word_1_460' title='bbox 2431 3174 2494 3226; x_wconf 71' lang='grc' dir='ltr'>ἂι</span> 
     </span>
    </p>
   </div>
   <div class='ocr_carea' id='block_1_65' title="bbox 2253 3174 4011 3247">
    <p class='ocr_par' dir='ltr' id='par_1_65' title="bbox 2264 3174 4011 3247">
     <span class='ocr_line' id='line_1_65' title="bbox 2264 3174 4011 3247; baseline 0.005 -23"><span class='ocrx_word' id='word_1_461' title='bbox 2264 3193 2320 3230; x_wconf 77' lang='grc' dir='ltr'><strong>ι]-</strong></span> <span class='ocrx_word' id='word_1_462' title='bbox 2352 3178 2393 3233; x_wconf 85' lang='lat' dir='ltr'>C</span> <span class='ocrx_word' id='word_1_463' title='bbox 2431 3174 2494 3226; x_wconf 72' lang='grc' dir='ltr'>ἂι</span> <span class='ocrx_word' id='word_1_464' title='bbox 2527 3175 2575 3226; x_wconf 80' lang='grc' dir='ltr'>οἱ</span> <span class='ocrx_word' id='word_1_465' title='bbox 2615 3175 2864 3242; x_wconf 82' lang='grc' dir='ltr'>λέγοντες</span> <span class='ocrx_word' id='word_1_466' title='bbox 2903 3175 3217 3245; x_wconf 83' lang='grc' dir='ltr'>βούλοιντο,</span> <span class='ocrx_word' id='word_1_467' title='bbox 3252 3177 3305 3228; x_wconf 80' lang='grc' dir='ltr'><strong>τί</strong></span> <span class='ocrx_word' id='word_1_468' title='bbox 3356 3178 3550 3230; x_wconf 80' lang='grc' dir='ltr'>παθεῖν</span> <span class='ocrx_word' id='word_1_469' title='bbox 3583 3180 3730 3241; x_wconf 77' lang='grc' dir='ltr'>είκδς</span> <span class='ocrx_word' id='word_1_470' title='bbox 3773 3176 3842 3247; x_wconf 84' lang='grc' dir='ltr'>ἦν</span> <span class='ocrx_word' id='word_1_471' title='bbox 3883 3182 4011 3243; x_wconf 71' lang='grc' dir='ltr'>τοὺς</span> 
     </span>
    </p>
   </div>
   <div class='ocr_carea' id='block_1_66' title="bbox 740 3267 2324 3330">
    <p class='ocr_par' dir='ltr' id='par_1_66' title="bbox 740 3267 2324 3330">
     <span class='ocr_line' id='line_1_66' title="bbox 740 3267 2324 3330; baseline 0.002 -11"><span class='ocrx_word' id='word_1_472' title='bbox 740 3283 832 3322; x_wconf 89' lang='lat' dir='ltr'><strong>ros</strong></span> <span class='ocrx_word' id='word_1_473' title='bbox 864 3267 1114 3322; x_wconf 85' lang='lat' dir='ltr'><strong>homines</strong></span> <span class='ocrx_word' id='word_1_474' title='bbox 1153 3268 1562 3330; x_wconf 72' lang='lat' dir='ltr'><strong>existimamus,</strong></span> <span class='ocrx_word' id='word_1_475' title='bbox 1597 3269 1808 3321; x_wconf 86' lang='lat' dir='ltr'><strong>sanctis</strong></span> <span class='ocrx_word' id='word_1_476' title='bbox 1835 3269 2093 3323; x_wconf 89' lang='lat' dir='ltr'><strong>omnibus</strong></span> <span class='ocrx_word' id='word_1_477' title='bbox 2123 3285 2186 3323; x_wconf 79' lang='lat' dir='ltr'><strong>ex</strong></span> <span class='ocrx_word' id='word_1_478' title='bbox 2218 3267 2324 3322; x_wconf 86' lang='lat' dir='ltr'><strong>Fi-</strong></span> 
     </span>
    </p>
   </div>
   <div class='ocr_carea' id='block_1_67' title="bbox 740 3358 2321 3427">
    <p class='ocr_par' dir='ltr' id='par_1_67' title="bbox 740 3358 2321 3427">
     <span class='ocr_line' id='line_1_67' title="bbox 740 3358 2321 3427; baseline 0.001 -14"><span class='ocrx_word' id='word_1_479' title='bbox 740 3361 811 3413; x_wconf 90' lang='lat' dir='ltr'><strong>lio</strong></span> <span class='ocrx_word' id='word_1_480' title='bbox 832 3359 1094 3427; x_wconf 82' lang='lat' dir='ltr'><strong>Spiritum</strong></span> <span class='ocrx_word' id='word_1_481' title='bbox 1121 3358 1533 3423; x_wconf 87' lang='lat' dir='ltr'><strong>allirmantibns,</strong></span> <span class='ocrx_word' id='word_1_482' title='bbox 1570 3367 1621 3411; x_wconf 90' lang='lat' dir='ltr'><strong>et</strong></span> <span class='ocrx_word' id='word_1_483' title='bbox 1653 3359 1995 3427; x_wconf 89' lang='lat' dir='ltr'><strong>simpliciter,</strong></span> <span class='ocrx_word' id='word_1_484' title='bbox 2055 3369 2114 3414; x_wconf 92' lang='lat' dir='ltr'><strong>ut</strong></span> <span class='ocrx_word' id='word_1_485' title='bbox 2152 3360 2321 3414; x_wconf 88' lang='lat' dir='ltr'><strong>moris</strong></span> 
     </span>
    </p>
   </div>
   <div class='ocr_carea' id='block_1_68' title="bbox 742 3451 2319 3521">
    <p class='ocr_par' dir='ltr' id='par_1_68' title="bbox 742 3451 2319 3521">
     <span class='ocr_line' id='line_1_68' title="bbox 742 3451 2319 3521; baseline 0.002 -17"><span class='ocrx_word' id='word_1_486' title='bbox 742 3463 826 3506; x_wconf 73' lang='lat' dir='ltr'><strong>est</strong></span> <span class='ocrx_word' id='word_1_487' title='bbox 861 3453 987 3515; x_wconf 86' lang='lat' dir='ltr'><strong>illis,</strong></span> <span class='ocrx_word' id='word_1_488' title='bbox 1015 3453 1210 3521; x_wconf 81' lang='lat' dir='ltr'><strong>dogma</strong></span> <span class='ocrx_word' id='word_1_489' title='bbox 1254 3451 1357 3504; x_wconf 90' lang='lat' dir='ltr'><strong>hoc</strong></span> <span class='ocrx_word' id='word_1_490' title='bbox 1393 3451 1815 3519; x_wconf 61' lang='lat' dir='ltr'><strong>prole-rentibus,</strong></span> <span class='ocrx_word' id='word_1_491' title='bbox 1851 3462 1905 3506; x_wconf 92' lang='lat' dir='ltr'><strong>et</strong></span> <span class='ocrx_word' id='word_1_492' title='bbox 1937 3453 2071 3505; x_wconf 85' lang='lat' dir='ltr'><strong>nihil</strong></span> <span class='ocrx_word' id='word_1_493' title='bbox 2112 3454 2319 3507; x_wconf 80' lang='lat' dir='ltr'><strong>adden-</strong></span> 
     </span>
    </p>
   </div>
   <div class='ocr_carea' id='block_1_69' title="bbox 743 3541 2326 3611">
    <p class='ocr_par' dir='ltr' id='par_1_69' title="bbox 743 3541 2326 3611">
     <span class='ocr_line' id='line_1_69' title="bbox 743 3541 2326 3611; baseline 0.002 -15"><span class='ocrx_word' id='word_1_494' title='bbox 743 3545 888 3597; x_wconf 80' lang='lat' dir='ltr'><strong>tilius</strong></span> <span class='ocrx_word' id='word_1_495' title='bbox 930 3559 994 3597; x_wconf 78' lang='lat' dir='ltr'><strong>ex</strong></span> <span class='ocrx_word' id='word_1_496' title='bbox 1036 3544 1122 3604; x_wconf 90' lang='lat' dir='ltr'><strong>iis,</strong></span> <span class='ocrx_word' id='word_1_497' title='bbox 1155 3558 1276 3611; x_wconf 70' lang='lat' dir='ltr'><strong>qute</strong></span> <span class='ocrx_word' id='word_1_498' title='bbox 1308 3557 1454 3596; x_wconf 91' lang='lat' dir='ltr'><strong>nunc</strong></span> <span class='ocrx_word' id='word_1_499' title='bbox 1502 3559 1528 3594; x_wconf 90' lang='lat' dir='ltr'><strong>a</strong></span> <span class='ocrx_word' id='word_1_500' title='bbox 1581 3541 1790 3596; x_wconf 84' lang='lat' dir='ltr'><strong>Latinis</strong></span> <span class='ocrx_word' id='word_1_501' title='bbox 1849 3544 2139 3598; x_wconf 86' lang='lat' dir='ltr'><strong>adinventa</strong></span> <span class='ocrx_word' id='word_1_502' title='bbox 2195 3554 2326 3600; x_wconf 83' lang='lat' dir='ltr'><strong>sunt</strong></span> 
     </span>
    </p>
   </div>
   <div class='ocr_carea' id='block_1_70' title="bbox 747 3633 2325 3703">
    <p class='ocr_par' dir='ltr' id='par_1_70' title="bbox 747 3633 2325 3703">
     <span class='ocr_line' id='line_1_70' title="bbox 747 3633 2325 3703; baseline 0 -14"><span class='ocrx_word' id='word_1_503' title='bbox 747 3651 912 3689; x_wconf 86' lang='lat' dir='ltr'><strong>causa</strong></span> <span class='ocrx_word' id='word_1_504' title='bbox 955 3633 1278 3688; x_wconf 80' lang='lat' dir='ltr'><strong>defendendi</strong></span> <span class='ocrx_word' id='word_1_505' title='bbox 1339 3635 1630 3703; x_wconf 63' lang='grc' dir='ltr'>ιξοειιιαιίε,</span> <span class='ocrx_word' id='word_1_506' title='bbox 1665 3644 1717 3688; x_wconf 90' lang='lat' dir='ltr'><strong>et</strong></span> <span class='ocrx_word' id='word_1_507' title='bbox 1752 3634 2015 3688; x_wconf 78' lang='lat' dir='ltr'><strong>eiadendi</strong></span> <span class='ocrx_word' id='word_1_508' title='bbox 2071 3637 2185 3689; x_wconf 73' lang='lat' dir='ltr'><strong>luce</strong></span> <span class='ocrx_word' id='word_1_509' title='bbox 2243 3637 2325 3689; x_wconf 88' lang='lat' dir='ltr'><strong>iu-</strong></span> 
     </span>
    </p>
   </div>
   <div class='ocr_carea' id='block_1_71' title="bbox 743 3722 2326 3792">
    <p class='ocr_par' dir='ltr' id='par_1_71' title="bbox 743 3722 2326 3792">
     <span class='ocr_line' id='line_1_71' title="bbox 743 3722 2326 3792; baseline 0.002 -14"><span class='ocrx_word' id='word_1_510' title='bbox 743 3723 1069 3779; x_wconf 88' lang='lat' dir='ltr'><strong>commoda?</strong></span> <span class='ocrx_word' id='word_1_511' title='bbox 1108 3722 1216 3792; x_wconf 74' lang='lat' dir='ltr'><strong>Ego</strong></span> <span class='ocrx_word' id='word_1_512' title='bbox 1247 3723 1392 3776; x_wconf 90' lang='lat' dir='ltr'><strong>enim</strong></span> <span class='ocrx_word' id='word_1_513' title='bbox 1448 3723 1689 3776; x_wconf 71' lang='lat' dir='ltr'><strong>arbitror</strong></span> <span class='ocrx_word' id='word_1_514' title='bbox 1740 3723 1982 3777; x_wconf 86' lang='lat' dir='ltr'><strong>futurum</strong></span> <span class='ocrx_word' id='word_1_515' title='bbox 2045 3727 2216 3780; x_wconf 83' lang='lat' dir='ltr'><strong>fuisse</strong></span> <span class='ocrx_word' id='word_1_516' title='bbox 2268 3737 2326 3781; x_wconf 85' lang='lat' dir='ltr'><strong>ut</strong></span> 
     </span>
    </p>
   </div>
   <div class='ocr_carea' id='block_1_72' title="bbox 743 3816 2314 3889">
    <p class='ocr_par' dir='ltr' id='par_1_72' title="bbox 743 3816 2314 3889">
     <span class='ocr_line' id='line_1_72' title="bbox 743 3816 2314 3889; baseline 0 -17"><span class='ocrx_word' id='word_1_517' title='bbox 743 3818 860 3872; x_wconf 73' lang='lat' dir='ltr'><strong>lree</strong></span> <span class='ocrx_word' id='word_1_518' title='bbox 895 3817 1111 3886; x_wconf 87' lang='lat' dir='ltr'><strong>quidem</strong></span> <span class='ocrx_word' id='word_1_519' title='bbox 1145 3817 1220 3868; x_wconf 90' lang='lat' dir='ltr'><strong>illi</strong></span> <span class='ocrx_word' id='word_1_520' title='bbox 1256 3817 1412 3885; x_wconf 89' lang='lat' dir='ltr'><strong>sequi</strong></span> <span class='ocrx_word' id='word_1_521' title='bbox 1467 3816 1704 3871; x_wconf 93' lang='lat' dir='ltr'><strong>absurda</strong></span> <span class='ocrx_word' id='word_1_522' title='bbox 1738 3819 2134 3889; x_wconf 81' lang='lat' dir='ltr'><strong>Opinarentur;</strong></span> <span class='ocrx_word' id='word_1_523' title='bbox 2186 3836 2314 3874; x_wconf 86' lang='lat' dir='ltr'><strong>con-</strong></span> 
     </span>
    </p>
   </div>
   <div class='ocr_carea' id='block_1_73' title="bbox 744 3910 2314 3973">
    <p class='ocr_par' dir='ltr' id='par_1_73' title="bbox 744 3910 2314 3973">
     <span class='ocr_line' id='line_1_73' title="bbox 744 3910 2314 3973; baseline -0.001 -8"><span class='ocrx_word' id='word_1_524' title='bbox 744 3913 1046 3967; x_wconf 78' lang='lat' dir='ltr'><strong>tradicente</strong></span> <span class='ocrx_word' id='word_1_525' title='bbox 1069 3926 1198 3966; x_wconf 85' lang='lat' dir='ltr'><strong>vero</strong></span> <span class='ocrx_word' id='word_1_526' title='bbox 1233 3910 1473 3973; x_wconf 84' lang='lat' dir='ltr'><strong>nemine,</strong></span> <span class='ocrx_word' id='word_1_527' title='bbox 1514 3925 1611 3964; x_wconf 81' lang='lat' dir='ltr'><strong>nec</strong></span> <span class='ocrx_word' id='word_1_528' title='bbox 1652 3911 1892 3965; x_wconf 80' lang='lat' dir='ltr'><strong>cavenda</strong></span> <span class='ocrx_word' id='word_1_529' title='bbox 1930 3912 2016 3964; x_wconf 86' lang='lat' dir='ltr'><strong>illa</strong></span> <span class='ocrx_word' id='word_1_530' title='bbox 2050 3926 2171 3965; x_wconf 75' lang='lat' dir='ltr'><strong>esse</strong></span> <span class='ocrx_word' id='word_1_531' title='bbox 2204 3913 2314 3964; x_wconf 85' lang='lat' dir='ltr'><strong>ad-</strong></span> 
     </span>
    </p>
   </div>
   <div class='ocr_carea' id='block_1_74' title="bbox 746 4003 2321 4072">
    <p class='ocr_par' dir='ltr' id='par_1_74' title="bbox 746 4003 2321 4072">
     <span class='ocr_line' id='line_1_74' title="bbox 746 4003 2321 4072; baseline -0.003 -14"><span class='ocrx_word' id='word_1_532' title='bbox 746 4014 1026 4067; x_wconf 89' lang='lat' dir='ltr'><strong>monente,</strong></span> <span class='ocrx_word' id='word_1_533' title='bbox 1086 4012 1140 4059; x_wconf 85' lang='lat' dir='ltr'><strong>et</strong></span> <span class='ocrx_word' id='word_1_534' title='bbox 1169 4004 1497 4058; x_wconf 83' lang='lat' dir='ltr'><strong>sententiam</strong></span> <span class='ocrx_word' id='word_1_535' title='bbox 1530 4003 2012 4071; x_wconf 83' lang='lat' dir='ltr'><strong>amplecterentur,</strong></span> <span class='ocrx_word' id='word_1_536' title='bbox 2063 4012 2321 4072; x_wconf 85' lang='lat' dir='ltr'><strong>tanquam</strong></span> 
     </span>
    </p>
   </div>
   <div class='ocr_carea' id='block_1_75' title="bbox 746 4095 2325 4166">
    <p class='ocr_par' dir='ltr' id='par_1_75' title="bbox 746 4095 2325 4166">
     <span class='ocr_line' id='line_1_75' title="bbox 746 4095 2325 4166; baseline -0.002 -16"><span class='ocrx_word' id='word_1_537' title='bbox 746 4097 892 4150; x_wconf 84' lang='lat' dir='ltr'><strong>nulla</strong></span> <span class='ocrx_word' id='word_1_538' title='bbox 925 4097 1008 4150; x_wconf 91' lang='lat' dir='ltr'><strong>sui</strong></span> <span class='ocrx_word' id='word_1_539' title='bbox 1044 4111 1106 4151; x_wconf 76' lang='lat' dir='ltr'><strong>ex</strong></span> <span class='ocrx_word' id='word_1_540' title='bbox 1142 4105 1295 4166; x_wconf 89' lang='lat' dir='ltr'><strong>parte</strong></span> <span class='ocrx_word' id='word_1_541' title='bbox 1343 4096 1456 4165; x_wconf 88' lang='lat' dir='ltr'><strong>ipsa</strong></span> <span class='ocrx_word' id='word_1_542' title='bbox 1496 4095 1842 4160; x_wconf 77' lang='lat' dir='ltr'><strong>inferentem,</strong></span> <span class='ocrx_word' id='word_1_543' title='bbox 1875 4104 1928 4149; x_wconf 85' lang='lat' dir='ltr'><strong>et</strong></span> <span class='ocrx_word' id='word_1_544' title='bbox 1962 4095 2325 4150; x_wconf 76' lang='lat' dir='ltr'><strong>incommodis</strong></span> 
     </span>
    </p>
   </div>
   <div class='ocr_carea' id='block_1_76' title="bbox 746 4185 2324 4257">
    <p class='ocr_par' dir='ltr' id='par_1_76' title="bbox 746 4185 2324 4257">
     <span class='ocr_line' id='line_1_76' title="bbox 746 4185 2324 4257; baseline -0.002 -15"><span class='ocrx_word' id='word_1_545' title='bbox 746 4189 898 4243; x_wconf 80' lang='lat' dir='ltr'><strong>hisce</strong></span> <span class='ocrx_word' id='word_1_546' title='bbox 921 4199 1179 4257; x_wconf 88' lang='lat' dir='ltr'><strong>tanquam</strong></span> <span class='ocrx_word' id='word_1_547' title='bbox 1207 4189 1350 4242; x_wconf 88' lang='lat' dir='ltr'><strong>veris</strong></span> <span class='ocrx_word' id='word_1_548' title='bbox 1388 4187 1541 4241; x_wconf 83' lang='lat' dir='ltr'><strong>facile</strong></span> <span class='ocrx_word' id='word_1_549' title='bbox 1569 4188 1990 4241; x_wconf 78' lang='lat' dir='ltr'><strong>assentirentur.</strong></span> <span class='ocrx_word' id='word_1_550' title='bbox 2023 4185 2155 4252; x_wconf 76' lang='lat' dir='ltr'><strong>Quze</strong></span> <span class='ocrx_word' id='word_1_551' title='bbox 2190 4201 2324 4239; x_wconf 89' lang='lat' dir='ltr'><strong>sane</strong></span> 
     </span>
    </p>
   </div>
   <div class='ocr_carea' id='block_1_77' title="bbox 744 4278 2326 4349">
    <p class='ocr_par' dir='ltr' id='par_1_77' title="bbox 744 4278 2326 4349">
     <span class='ocr_line' id='line_1_77' title="bbox 744 4278 2326 4349; baseline -0.003 -15"><span class='ocrx_word' id='word_1_552' title='bbox 744 4280 932 4334; x_wconf 89' lang='lat' dir='ltr'><strong>omnia</strong></span> <span class='ocrx_word' id='word_1_553' title='bbox 975 4295 1071 4349; x_wconf 91' lang='lat' dir='ltr'><strong>par</strong></span> <span class='ocrx_word' id='word_1_554' title='bbox 1107 4287 1189 4333; x_wconf 83' lang='lat' dir='ltr'><strong>est</strong></span> <span class='ocrx_word' id='word_1_555' title='bbox 1231 4279 1486 4334; x_wconf 82' lang='lat' dir='ltr'><strong>doctores</strong></span> <span class='ocrx_word' id='word_1_556' title='bbox 1515 4278 1858 4346; x_wconf 75' lang='lat' dir='ltr'><strong>prtevidisse,</strong></span> <span class='ocrx_word' id='word_1_557' title='bbox 1895 4278 2124 4345; x_wconf 90' lang='lat' dir='ltr'><strong>ideoque</strong></span> <span class='ocrx_word' id='word_1_558' title='bbox 2156 4278 2326 4330; x_wconf 86' lang='lat' dir='ltr'><strong>absti-</strong></span> 
     </span>
    </p>
   </div>
   <div class='ocr_carea' id='block_1_78' title="bbox 749 4370 2324 4441">
    <p class='ocr_par' dir='ltr' id='par_1_78' title="bbox 749 4370 2324 4441">
     <span class='ocr_line' id='line_1_78' title="bbox 749 4370 2324 4441; baseline -0.002 -16"><span class='ocrx_word' id='word_1_559' title='bbox 749 4374 938 4427; x_wconf 83' lang='lat' dir='ltr'><strong>nuisse</strong></span> <span class='ocrx_word' id='word_1_560' title='bbox 981 4388 1010 4424; x_wconf 86' lang='lat' dir='ltr'><strong>a</strong></span> <span class='ocrx_word' id='word_1_561' title='bbox 1049 4371 1374 4441; x_wconf 88' lang='lat' dir='ltr'><strong>proferenda</strong></span> <span class='ocrx_word' id='word_1_562' title='bbox 1439 4370 1735 4432; x_wconf 89' lang='lat' dir='ltr'><strong>sententia,</strong></span> <span class='ocrx_word' id='word_1_563' title='bbox 1789 4370 2049 4439; x_wconf 83' lang='lat' dir='ltr'><strong>quodque</strong></span> <span class='ocrx_word' id='word_1_564' title='bbox 2097 4371 2324 4422; x_wconf 90' lang='lat' dir='ltr'><strong>multum</strong></span> 
     </span>
    </p>
   </div>
   <div class='ocr_carea' id='block_1_79' title="bbox 743 4463 2327 4540">
    <p class='ocr_par' dir='ltr' id='par_1_79' title="bbox 743 4463 2327 4540">
     <span class='ocr_line' id='line_1_79' title="bbox 743 4463 2327 4540; baseline -0.003 -21"><span class='ocrx_word' id='word_1_565' title='bbox 743 4467 939 4521; x_wconf 68' lang='lat' dir='ltr'><strong>laedere</strong></span> <span class='ocrx_word' id='word_1_566' title='bbox 969 4476 1201 4536; x_wconf 88' lang='lat' dir='ltr'><strong>poterat,</strong></span> <span class='ocrx_word' id='word_1_567' title='bbox 1230 4466 1473 4521; x_wconf 88' lang='lat' dir='ltr'><strong>siluisse.</strong></span> <span class='ocrx_word' id='word_1_568' title='bbox 1507 4467 1642 4518; x_wconf 92' lang='lat' dir='ltr'><strong>Cum</strong></span> <span class='ocrx_word' id='word_1_569' title='bbox 1679 4465 1840 4540; x_wconf 86' lang='lat' dir='ltr'><strong>enim_</strong></span> <span class='ocrx_word' id='word_1_570' title='bbox 1863 4463 1938 4518; x_wconf 91' lang='lat' dir='ltr'><strong>illi</strong></span> <span class='ocrx_word' id='word_1_571' title='bbox 1973 4463 2041 4517; x_wconf 87' lang='lat' dir='ltr'><strong>de</strong></span> <span class='ocrx_word' id='word_1_572' title='bbox 2064 4463 2327 4517; x_wconf 81' lang='lat' dir='ltr'><strong>securita-</strong></span> 
     </span>
    </p>
   </div>
   <div class='ocr_carea' id='block_1_80' title="bbox 741 4555 2322 4627">
    <p class='ocr_par' dir='ltr' id='par_1_80' title="bbox 741 4555 2322 4627">
     <span class='ocr_line' id='line_1_80' title="bbox 741 4555 2322 4627; baseline -0.001 -16"><span class='ocrx_word' id='word_1_573' title='bbox 741 4572 796 4613; x_wconf 79' lang='lat' dir='ltr'><strong>te</strong></span> <span class='ocrx_word' id='word_1_574' title='bbox 818 4558 1214 4627; x_wconf 87' lang='lat' dir='ltr'><strong>discipulorum</strong></span> <span class='ocrx_word' id='word_1_575' title='bbox 1258 4557 1415 4609; x_wconf 85' lang='lat' dir='ltr'><strong>valde</strong></span> <span class='ocrx_word' id='word_1_576' title='bbox 1447 4555 1664 4611; x_wconf 85' lang='lat' dir='ltr'><strong>solliciti</strong></span> <span class='ocrx_word' id='word_1_577' title='bbox 1715 4570 1812 4610; x_wconf 88' lang='lat' dir='ltr'><strong>eos</strong></span> <span class='ocrx_word' id='word_1_578' title='bbox 1869 4555 2073 4624; x_wconf 74' lang='lat' dir='ltr'><strong>ubique</strong></span> <span class='ocrx_word' id='word_1_579' title='bbox 2123 4557 2322 4609; x_wconf 88' lang='lat' dir='ltr'><strong>cohor-</strong></span> 
     </span>
    </p>
   </div>
   <div class='ocr_carea' id='block_1_81' title="bbox 742 4648 2322 4718">
    <p class='ocr_par' dir='ltr' id='par_1_81' title="bbox 742 4648 2322 4718">
     <span class='ocr_line' id='line_1_81' title="bbox 742 4648 2322 4718; baseline -0.003 -14"><span class='ocrx_word' id='word_1_580' title='bbox 742 4661 925 4704; x_wconf 83' lang='lat' dir='ltr'><strong>tentur</strong></span> <span class='ocrx_word' id='word_1_581' title='bbox 959 4659 1014 4702; x_wconf 83' lang='lat' dir='ltr'><strong>ut</strong></span> <span class='ocrx_word' id='word_1_582' title='bbox 1045 4651 1163 4703; x_wconf 82' lang='lat' dir='ltr'><strong>sola</strong></span> <span class='ocrx_word' id='word_1_583' title='bbox 1209 4657 1513 4718; x_wconf 89' lang='lat' dir='ltr'><strong>sequantur</strong></span> <span class='ocrx_word' id='word_1_584' title='bbox 1553 4648 1855 4718; x_wconf 66' lang='lat' dir='ltr'><strong>Scriptura:</strong></span> <span class='ocrx_word' id='word_1_585' title='bbox 1880 4648 2067 4711; x_wconf 89' lang='lat' dir='ltr'><strong>verba,</strong></span> <span class='ocrx_word' id='word_1_586' title='bbox 2112 4658 2165 4702; x_wconf 88' lang='lat' dir='ltr'><strong>et</strong></span> <span class='ocrx_word' id='word_1_587' title='bbox 2190 4649 2322 4700; x_wconf 85' lang='lat' dir='ltr'><strong>nihil</strong></span> 
     </span>
    </p>
   </div>
   <div class='ocr_carea' id='block_1_82' title="bbox 737 4741 2322 4811">
    <p class='ocr_par' dir='ltr' id='par_1_82' title="bbox 737 4741 2322 4811">
     <span class='ocr_line' id='line_1_82' title="bbox 737 4741 2322 4811; baseline -0.003 -15"><span class='ocrx_word' id='word_1_588' title='bbox 737 4743 886 4796; x_wconf 90' lang='lat' dir='ltr'><strong>aliud</strong></span> <span class='ocrx_word' id='word_1_589' title='bbox 926 4743 1140 4797; x_wconf 86' lang='lat' dir='ltr'><strong>curiose</strong></span> <span class='ocrx_word' id='word_1_590' title='bbox 1198 4745 1503 4811; x_wconf 87' lang='lat' dir='ltr'><strong>inquirant,</strong></span> <span class='ocrx_word' id='word_1_591' title='bbox 1561 4756 1726 4810; x_wconf 89' lang='lat' dir='ltr'><strong>quam</strong></span> <span class='ocrx_word' id='word_1_592' title='bbox 1763 4741 1926 4795; x_wconf 89' lang='lat' dir='ltr'><strong>etiam</strong></span> <span class='ocrx_word' id='word_1_593' title='bbox 1989 4741 2058 4794; x_wconf 93' lang='lat' dir='ltr'><strong>ob</strong></span> <span class='ocrx_word' id='word_1_594' title='bbox 2098 4755 2322 4794; x_wconf 82' lang='lat' dir='ltr'><strong>causam</strong></span> 
     </span>
    </p>
   </div>
   <div class='ocr_carea' id='block_1_83' title="bbox 741 4833 2324 4904">
    <p class='ocr_par' dir='ltr' id='par_1_83' title="bbox 741 4833 2324 4904">
     <span class='ocr_line' id='line_1_83' title="bbox 741 4833 2324 4904; baseline -0.003 -16"><span class='ocrx_word' id='word_1_595' title='bbox 741 4836 912 4888; x_wconf 83' lang='lat' dir='ltr'><strong>multa</strong></span> <span class='ocrx_word' id='word_1_596' title='bbox 945 4835 1241 4904; x_wconf 72' lang='lat' dir='ltr'><strong>Scriptura:</strong></span> <span class='ocrx_word' id='word_1_597' title='bbox 1265 4834 1382 4888; x_wconf 91' lang='lat' dir='ltr'><strong>loca</strong></span> <span class='ocrx_word' id='word_1_598' title='bbox 1410 4833 1685 4901; x_wconf 75' lang='lat' dir='ltr'><strong>explicant</strong></span> <span class='ocrx_word' id='word_1_599' title='bbox 1715 4841 1905 4887; x_wconf 90' lang='lat' dir='ltr'><strong>contra</strong></span> <span class='ocrx_word' id='word_1_600' title='bbox 1934 4848 2324 4901; x_wconf 75' lang='lat' dir='ltr'><strong>quanzomnes,</strong></span> 
     </span>
    </p>
   </div>
   <div class='ocr_carea' id='block_1_84' title="bbox 738 4924 2327 4995">
    <p class='ocr_par' dir='ltr' id='par_1_84' title="bbox 738 4924 2327 4995">
     <span class='ocr_line' id='line_1_84' title="bbox 738 4924 2327 4995; baseline -0.001 -16"><span class='ocrx_word' id='word_1_601' title='bbox 738 4937 793 4979; x_wconf 82' lang='lat' dir='ltr'><strong>et</strong></span> <span class='ocrx_word' id='word_1_602' title='bbox 842 4929 1061 4995; x_wconf 88' lang='lat' dir='ltr'><strong>ipsimet</strong></span> <span class='ocrx_word' id='word_1_603' title='bbox 1113 4927 1273 4981; x_wconf 90' lang='lat' dir='ltr'><strong>etiam</strong></span> <span class='ocrx_word' id='word_1_604' title='bbox 1304 4928 1591 4990; x_wconf 77' lang='lat' dir='ltr'><strong>sentirent,</strong></span> <span class='ocrx_word' id='word_1_605' title='bbox 1619 4940 1719 4980; x_wconf 90' lang='lat' dir='ltr'><strong>nec</strong></span> <span class='ocrx_word' id='word_1_606' title='bbox 1763 4924 1933 4978; x_wconf 85' lang='lat' dir='ltr'><strong>videri</strong></span> <span class='ocrx_word' id='word_1_607' title='bbox 1995 4925 2327 4979; x_wconf 82' lang='lat' dir='ltr'><strong>erubescunt</strong></span> 
     </span>
    </p>
   </div>
   <div class='ocr_carea' id='block_1_85' title="bbox 744 5018 2326 5090">
    <p class='ocr_par' dir='ltr' id='par_1_85' title="bbox 744 5018 2326 5090">
     <span class='ocr_line' id='line_1_85' title="bbox 744 5018 2326 5090; baseline -0.001 -16"><span class='ocrx_word' id='word_1_608' title='bbox 744 5022 1058 5090; x_wconf 83' lang='lat' dir='ltr'><strong>lmjnsmodi</strong></span> <span class='ocrx_word' id='word_1_609' title='bbox 1098 5021 1493 5076; x_wconf 87' lang='lat' dir='ltr'><strong>sententiarum</strong></span> <span class='ocrx_word' id='word_1_610' title='bbox 1538 5018 1682 5089; x_wconf 85' lang='lat' dir='ltr'><strong>plani</strong></span> <span class='ocrx_word' id='word_1_611' title='bbox 1717 5019 2059 5086; x_wconf 85' lang='lat' dir='ltr'><strong>interpretes,</strong></span> <span class='ocrx_word' id='word_1_612' title='bbox 2090 5027 2142 5072; x_wconf 87' lang='lat' dir='ltr'><strong>ct</strong></span> <span class='ocrx_word' id='word_1_613' title='bbox 2196 5033 2326 5087; x_wconf 88' lang='lat' dir='ltr'><strong>pro-</strong></span> 
     </span>
    </p>
   </div>
   <div class='ocr_carea' id='block_1_86' title="bbox 741 5107 2327 5182">
    <p class='ocr_par' dir='ltr' id='par_1_86' title="bbox 741 5107 2327 5182">
     <span class='ocr_line' id='line_1_86' title="bbox 741 5107 2327 5182; baseline -0.004 -16"><span class='ocrx_word' id='word_1_614' title='bbox 741 5113 905 5166; x_wconf 84' lang='lat' dir='ltr'><strong>funda</strong></span> <span class='ocrx_word' id='word_1_615' title='bbox 943 5127 1048 5166; x_wconf 92' lang='lat' dir='ltr'><strong>non</strong></span> <span class='ocrx_word' id='word_1_616' title='bbox 1106 5118 1474 5182; x_wconf 86' lang='lat' dir='ltr'><strong>penetrantes,</strong></span> <span class='ocrx_word' id='word_1_617' title='bbox 1508 5125 1576 5165; x_wconf 88' lang='lat' dir='ltr'><strong>eo</strong></span> <span class='ocrx_word' id='word_1_618' title='bbox 1635 5117 1848 5163; x_wconf 91' lang='lat' dir='ltr'><strong>tantum</strong></span> <span class='ocrx_word' id='word_1_619' title='bbox 1911 5107 2164 5170; x_wconf 87' lang='lat' dir='ltr'><strong>consilio,</strong></span> <span class='ocrx_word' id='word_1_620' title='bbox 2218 5123 2327 5176; x_wconf 87' lang='lat' dir='ltr'><strong>quo</strong></span> 
     </span>
    </p>
   </div>
   <div class='ocr_carea' id='block_1_87' title="bbox 743 5199 2326 5273">
    <p class='ocr_par' dir='ltr' id='par_1_87' title="bbox 743 5199 2326 5273">
     <span class='ocr_line' id='line_1_87' title="bbox 743 5199 2326 5273; baseline -0.001 -20"><span class='ocrx_word' id='word_1_621' title='bbox 743 5205 956 5258; x_wconf 88' lang='lat' dir='ltr'><strong>valeant</strong></span> <span class='ocrx_word' id='word_1_622' title='bbox 1000 5206 1328 5273; x_wconf 70' lang='lat' dir='ltr'><strong>persuadere</strong></span> <span class='ocrx_word' id='word_1_623' title='bbox 1385 5203 1528 5266; x_wconf 89' lang='lat' dir='ltr'><strong>aliis,</strong></span> <span class='ocrx_word' id='word_1_624' title='bbox 1571 5211 1628 5256; x_wconf 87' lang='lat' dir='ltr'><strong>ut</strong></span> <span class='ocrx_word' id='word_1_625' title='bbox 1690 5201 2006 5254; x_wconf 87' lang='lat' dir='ltr'><strong>contineant</strong></span> <span class='ocrx_word' id='word_1_626' title='bbox 2060 5213 2120 5251; x_wconf 88' lang='lat' dir='ltr'><strong>se</strong></span> <span class='ocrx_word' id='word_1_627' title='bbox 2185 5199 2326 5252; x_wconf 87' lang='lat' dir='ltr'><strong>intra</strong></span> 
     </span>
    </p>
   </div>
   <div class='ocr_carea' id='block_1_88' title="bbox 739 5293 2326 5364">
    <p class='ocr_par' dir='ltr' id='par_1_88' title="bbox 739 5293 2326 5364">
     <span class='ocr_line' id='line_1_88' title="bbox 739 5293 2326 5364; baseline -0.003 -13"><span class='ocrx_word' id='word_1_628' title='bbox 739 5299 1032 5360; x_wconf 79' lang='lat' dir='ltr'><strong>terminos,</strong></span> <span class='ocrx_word' id='word_1_629' title='bbox 1091 5304 1146 5350; x_wconf 92' lang='lat' dir='ltr'><strong>et</strong></span> <span class='ocrx_word' id='word_1_630' title='bbox 1196 5296 1521 5351; x_wconf 88' lang='lat' dir='ltr'><strong>temeritatis</strong></span> <span class='ocrx_word' id='word_1_631' title='bbox 1591 5295 1833 5364; x_wconf 84' lang='lat' dir='ltr'><strong>pericula</strong></span> <span class='ocrx_word' id='word_1_632' title='bbox 1896 5295 2100 5349; x_wconf 81' lang='lat' dir='ltr'><strong>evitent</strong></span> <span class='ocrx_word' id='word_1_633' title='bbox 2143 5311 2155 5346; x_wconf 95' lang='lat'>:</span> <span class='ocrx_word' id='word_1_634' title='bbox 2195 5293 2326 5362; x_wconf 83' lang='lat' dir='ltr'><strong>quid</strong></span> 
     </span>
    </p>
   </div>
   <div class='ocr_carea' id='block_1_89' title="bbox 745 5387 2328 5458">
    <p class='ocr_par' dir='ltr' id='par_1_89' title="bbox 745 5387 2328 5458">
     <span class='ocr_line' id='line_1_89' title="bbox 745 5387 2328 5458; baseline -0.001 -16"><span class='ocrx_word' id='word_1_635' title='bbox 745 5391 963 5453; x_wconf 76' lang='lat' dir='ltr'><strong>mirum,</strong></span> <span class='ocrx_word' id='word_1_636' title='bbox 999 5391 1043 5443; x_wconf 81' lang='lat' dir='ltr'><strong>si</strong></span> <span class='ocrx_word' id='word_1_637' title='bbox 1079 5390 1174 5443; x_wconf 89' lang='lat' dir='ltr'><strong>has</strong></span> <span class='ocrx_word' id='word_1_638' title='bbox 1205 5390 1561 5458; x_wconf 69' lang='lat' dir='ltr'><strong>cegitationes</strong></span> <span class='ocrx_word' id='word_1_639' title='bbox 1586 5389 1787 5452; x_wconf 83' lang='lat' dir='ltr'><strong>seculi,</strong></span> <span class='ocrx_word' id='word_1_640' title='bbox 1813 5387 1926 5439; x_wconf 60' lang='lat' dir='ltr'><strong>bare</strong></span> <span class='ocrx_word' id='word_1_641' title='bbox 1959 5387 2073 5455; x_wconf 72' lang='lat' dir='ltr'><strong>ipsa</strong></span> <span class='ocrx_word' id='word_1_642' title='bbox 2108 5402 2328 5454; x_wconf 86' lang='lat' dir='ltr'><strong>quoque</strong></span> 
     </span>
    </p>
   </div>
   <div class='ocr_carea' id='block_1_90' title="bbox 740 5479 2327 5550">
    <p class='ocr_par' dir='ltr' id='par_1_90' title="bbox 740 5479 2327 5550">
     <span class='ocr_line' id='line_1_90' title="bbox 740 5479 2327 5550; baseline -0.001 -17"><span class='ocrx_word' id='word_1_643' title='bbox 740 5491 1057 5545; x_wconf 82' lang='lat' dir='ltr'><strong>tacuerunt,</strong></span> <span class='ocrx_word' id='word_1_644' title='bbox 1089 5491 1145 5534; x_wconf 88' lang='lat' dir='ltr'><strong>ut</strong></span> <span class='ocrx_word' id='word_1_645' title='bbox 1175 5484 1340 5535; x_wconf 85' lang='lat' dir='ltr'><strong>multa</strong></span> <span class='ocrx_word' id='word_1_646' title='bbox 1371 5483 1497 5540; x_wconf 83' lang='lat' dir='ltr'><strong>alia,</strong></span> <span class='ocrx_word' id='word_1_647' title='bbox 1526 5496 1645 5550; x_wconf 71' lang='lat' dir='ltr'><strong>qua:</strong></span> <span class='ocrx_word' id='word_1_648' title='bbox 1679 5481 1747 5533; x_wconf 84' lang='lat' dir='ltr'><strong>ab</strong></span> <span class='ocrx_word' id='word_1_649' title='bbox 1780 5479 1885 5533; x_wconf 89' lang='lat' dir='ltr'><strong>illis</strong></span> <span class='ocrx_word' id='word_1_650' title='bbox 1919 5480 2327 5547; x_wconf 83' lang='lat' dir='ltr'><strong>poterantcitra</strong></span> 
     </span>
    </p>
   </div>
   <div class='ocr_carea' id='block_1_91' title="bbox 743 5573 2326 5643">
    <p class='ocr_par' dir='ltr' id='par_1_91' title="bbox 743 5573 2326 5643">
     <span class='ocr_line' id='line_1_91' title="bbox 743 5573 2326 5643; baseline -0.002 -16"><span class='ocrx_word' id='word_1_651' title='bbox 743 5575 1042 5643; x_wconf 83' lang='lat' dir='ltr'><strong>periculum</strong></span> <span class='ocrx_word' id='word_1_652' title='bbox 1084 5574 1400 5627; x_wconf 85' lang='lat' dir='ltr'><strong>enuntiari?</strong></span> <span class='ocrx_word' id='word_1_653' title='bbox 1433 5573 1733 5642; x_wconf 84' lang='lat' dir='ltr'><strong>Oportebat</strong></span> <span class='ocrx_word' id='word_1_654' title='bbox 1778 5574 1923 5627; x_wconf 87' lang='lat' dir='ltr'><strong>enim</strong></span> <span class='ocrx_word' id='word_1_655' title='bbox 1979 5589 2084 5625; x_wconf 88' lang='lat' dir='ltr'><strong>non</strong></span> <span class='ocrx_word' id='word_1_656' title='bbox 2148 5573 2326 5626; x_wconf 90' lang='lat' dir='ltr'><strong>solum</strong></span> 
     </span>
    </p>
   </div>
   <div class='ocr_carea' id='block_1_92' title="bbox 747 5664 2332 5735">
    <p class='ocr_par' dir='ltr' id='par_1_92' title="bbox 747 5664 2332 5735">
     <span class='ocr_line' id='line_1_92' title="bbox 747 5664 2332 5735; baseline -0.001 -16"><span class='ocrx_word' id='word_1_657' title='bbox 747 5669 927 5721; x_wconf 65' lang='lat' dir='ltr'><strong>verbis</strong></span> <span class='ocrx_word' id='word_1_658' title='bbox 951 5682 1304 5722; x_wconf 73' lang='lat' dir='ltr'><strong>commoneri:</strong></span> <span class='ocrx_word' id='word_1_659' title='bbox 1323 5666 1448 5735; x_wconf 85' lang='lat' dir='ltr'><strong>quid</strong></span> <span class='ocrx_word' id='word_1_660' title='bbox 1481 5667 1594 5718; x_wconf 80' lang='lat' dir='ltr'><strong>fieri</strong></span> <span class='ocrx_word' id='word_1_661' title='bbox 1628 5667 1840 5728; x_wconf 87' lang='lat' dir='ltr'><strong>deceat,</strong></span> <span class='ocrx_word' id='word_1_662' title='bbox 1867 5665 1962 5719; x_wconf 89' lang='lat' dir='ltr'><strong>sed</strong></span> <span class='ocrx_word' id='word_1_663' title='bbox 1994 5664 2167 5732; x_wconf 88' lang='lat' dir='ltr'><strong>rcipsa</strong></span> <span class='ocrx_word' id='word_1_664' title='bbox 2194 5681 2332 5732; x_wconf 86' lang='lat' dir='ltr'><strong>quo-</strong></span> 
     </span>
    </p>
   </div>
   <div class='ocr_carea' id='block_1_93' title="bbox 747 5756 2327 5826">
    <p class='ocr_par' dir='ltr' id='par_1_93' title="bbox 747 5756 2327 5826">
     <span class='ocr_line' id='line_1_93' title="bbox 747 5756 2327 5826; baseline -0.001 -16"><span class='ocrx_word' id='word_1_665' title='bbox 747 5775 856 5826; x_wconf 83' lang='lat' dir='ltr'><strong>que</strong></span> <span class='ocrx_word' id='word_1_666' title='bbox 881 5761 1055 5826; x_wconf 84' lang='lat' dir='ltr'><strong>palam</strong></span> <span class='ocrx_word' id='word_1_667' title='bbox 1082 5758 1280 5821; x_wconf 82' lang='lat' dir='ltr'><strong>facere,</strong></span> <span class='ocrx_word' id='word_1_668' title='bbox 1306 5769 1357 5813; x_wconf 91' lang='lat' dir='ltr'><strong>ct</strong></span> <span class='ocrx_word' id='word_1_669' title='bbox 1391 5773 1448 5811; x_wconf 86' lang='lat' dir='ltr'><strong>se</strong></span> <span class='ocrx_word' id='word_1_670' title='bbox 1483 5756 1630 5824; x_wconf 87' lang='lat' dir='ltr'><strong>ipsos</strong></span> <span class='ocrx_word' id='word_1_671' title='bbox 1661 5757 1974 5825; x_wconf 78' lang='lat' dir='ltr'><strong>exemplum</strong></span> <span class='ocrx_word' id='word_1_672' title='bbox 2008 5757 2327 5809; x_wconf 63' lang='lat' dir='ltr'><strong>adhibenda:</strong></span> 
     </span>
    </p>
   </div>
   <div class='ocr_carea' id='block_1_94' title="bbox 747 5850 2325 5922">
    <p class='ocr_par' dir='ltr' id='par_1_94' title="bbox 747 5850 2325 5922">
     <span class='ocr_line' id='line_1_94' title="bbox 747 5850 2325 5922; baseline -0.001 -17"><span class='ocrx_word' id='word_1_673' title='bbox 747 5851 1017 5905; x_wconf 71' lang='lat' dir='ltr'><strong>cautionis</strong></span> <span class='ocrx_word' id='word_1_674' title='bbox 1052 5851 1314 5922; x_wconf 70' lang='lat' dir='ltr'><strong>pracberc.</strong></span> <span class='ocrx_word' id='word_1_675' title='bbox 1381 5851 1635 5906; x_wconf 64' lang='lat' dir='ltr'><strong>Sciebant</strong></span> <span class='ocrx_word' id='word_1_676' title='bbox 1673 5850 1869 5920; x_wconf 79' lang='lat' dir='ltr'><strong>quippe</strong></span> <span class='ocrx_word' id='word_1_677' title='bbox 1927 5851 2026 5906; x_wconf 85' lang='lat' dir='ltr'><strong>Itoc</strong></span> <span class='ocrx_word' id='word_1_678' title='bbox 2073 5866 2325 5904; x_wconf 84' lang='lat' dir='ltr'><strong>verorum</strong></span> 
     </span>
    </p>
   </div>
   <div class='ocr_carea' id='block_1_95' title="bbox 2428 3262 4010 3332">
    <p class='ocr_par' dir='ltr' id='par_1_95' title="bbox 2428 3262 4010 3332">
     <span class='ocr_line' id='line_1_95' title="bbox 2428 3262 4010 3332; baseline 0.004 -19"><span class='ocrx_word' id='word_1_679' title='bbox 2428 3262 2771 3332; x_wconf 75' lang='grc' dir='ltr'>ἀνθρώπους,</span> <span class='ocrx_word' id='word_1_680' title='bbox 2801 3264 2908 3316; x_wconf 84' lang='grc' dir='ltr'>τῶν</span> <span class='ocrx_word' id='word_1_681' title='bbox 2961 3265 3133 3330; x_wconf 86' lang='grc' dir='ltr'>ἁγίων</span> <span class='ocrx_word' id='word_1_682' title='bbox 3184 3265 3441 3318; x_wconf 82' lang='grc' dir='ltr'>ἁπάντων</span> <span class='ocrx_word' id='word_1_683' title='bbox 3493 3266 3556 3318; x_wconf 85' lang='grc' dir='ltr'>ἐκ</span> <span class='ocrx_word' id='word_1_684' title='bbox 3611 3266 3706 3318; x_wconf 90' lang='grc' dir='ltr'><strong>τοῦ</strong></span> <span class='ocrx_word' id='word_1_685' title='bbox 3763 3267 3893 3318; x_wconf 79' lang='grc' dir='ltr'>Υίοῦ</span> <span class='ocrx_word' id='word_1_686' title='bbox 3951 3269 4010 3319; x_wconf 82' lang='grc' dir='ltr'><strong>τὸ</strong></span> 
     </span>
    </p>
   </div>
   <div class='ocr_carea' id='block_1_96' title="bbox 2429 3355 4009 3425">
    <p class='ocr_par' dir='ltr' id='par_1_96' title="bbox 2429 3355 4009 3425">
     <span class='ocr_line' id='line_1_96' title="bbox 2429 3355 4009 3425; baseline 0.002 -17"><span class='ocrx_word' id='word_1_687' title='bbox 2429 3355 2652 3423; x_wconf 83' lang='grc' dir='ltr'>Πνεῦμα</span> <span class='ocrx_word' id='word_1_688' title='bbox 2679 3355 2968 3422; x_wconf 81' lang='grc' dir='ltr'>λεγόντων,</span> <span class='ocrx_word' id='word_1_689' title='bbox 3013 3358 3108 3408; x_wconf 59' lang='grc' dir='ltr'><strong>καὶ⁵</strong></span> <span class='ocrx_word' id='word_1_690' title='bbox 3145 3355 3305 3408; x_wconf 76' lang='grc' dir='ltr'>τοῦτο</span> <span class='ocrx_word' id='word_1_691' title='bbox 3336 3357 3785 3425; x_wconf 81' lang='grc' dir='ltr'>δογματιζόντων</span> <span class='ocrx_word' id='word_1_692' title='bbox 3823 3359 4009 3421; x_wconf 73' lang='grc' dir='ltr'>ἁπλῶς</span> 
     </span>
    </p>
   </div>
   <div class='ocr_carea' id='block_1_97' title="bbox 2427 3447 4012 3517">
    <p class='ocr_par' dir='ltr' id='par_1_97' title="bbox 2427 3447 4012 3517">
     <span class='ocr_line' id='line_1_97' title="bbox 2427 3447 4012 3517; baseline 0.002 -18"><span class='ocrx_word' id='word_1_693' title='bbox 2427 3448 2509 3509; x_wconf 80' lang='grc' dir='ltr'>ὼς</span> <span class='ocrx_word' id='word_1_694' title='bbox 2544 3447 2667 3508; x_wconf 80' lang='grc' dir='ltr'>ἔθος</span> <span class='ocrx_word' id='word_1_695' title='bbox 2720 3450 2923 3510; x_wconf 73' lang='grc' dir='ltr'>αὐτοῖς,</span> <span class='ocrx_word' id='word_1_696' title='bbox 2967 3449 3134 3517; x_wconf 84' lang='grc' dir='ltr'>μηδὲν</span> <span class='ocrx_word' id='word_1_697' title='bbox 3187 3448 3243 3500; x_wconf 78' lang='grc' dir='ltr'>δὲ</span> <span class='ocrx_word' id='word_1_698' title='bbox 3303 3448 3712 3517; x_wconf 80' lang='grc' dir='ltr'>προστιθέντων</span> <span class='ocrx_word' id='word_1_699' title='bbox 3765 3450 3872 3502; x_wconf 83' lang='grc' dir='ltr'>τῶν</span> <span class='ocrx_word' id='word_1_700' title='bbox 3917 3452 4012 3502; x_wconf 89' lang='grc' dir='ltr'><strong>νῦν</strong></span> 
     </span>
    </p>
   </div>
   <div class='ocr_carea' id='block_1_98' title="bbox 2427 3540 4008 3609">
    <p class='ocr_par' dir='ltr' id='par_1_98' title="bbox 2427 3540 4008 3609">
     <span class='ocr_line' id='line_1_98' title="bbox 2427 3540 4008 3609; baseline 0 -17"><span class='ocrx_word' id='word_1_701' title='bbox 2427 3541 2677 3601; x_wconf 80' lang='grc' dir='ltr'>Λατίνοις</span> <span class='ocrx_word' id='word_1_702' title='bbox 2707 3540 2786 3601; x_wconf 82' lang='grc' dir='ltr'><strong>είς</strong></span> <span class='ocrx_word' id='word_1_703' title='bbox 2822 3540 3127 3607; x_wconf 77' lang='grc' dir='ltr'>ἀπολογίαν</span> <span class='ocrx_word' id='word_1_704' title='bbox 3161 3540 3550 3609; x_wconf 80' lang='grc' dir='ltr'>ἐξευρημένων</span> <span class='ocrx_word' id='word_1_705' title='bbox 3581 3541 3675 3592; x_wconf 90' lang='grc' dir='ltr'><strong>τοῦ</strong></span> <span class='ocrx_word' id='word_1_706' title='bbox 3716 3541 4008 3609; x_wconf 85' lang='grc' dir='ltr'>δόγματος,</span> 
     </span>
    </p>
   </div>
   <div class='ocr_carea' id='block_1_99' title="bbox 2429 3631 4010 3701">
    <p class='ocr_par' dir='ltr' id='par_1_99' title="bbox 2429 3631 4010 3701">
     <span class='ocr_line' id='line_1_99' title="bbox 2429 3631 4010 3701; baseline 0.001 -17"><span class='ocrx_word' id='word_1_707' title='bbox 2429 3635 2522 3686; x_wconf 71' lang='grc' dir='ltr'>καὶ</span> <span class='ocrx_word' id='word_1_708' title='bbox 2562 3632 2698 3701; x_wconf 83' lang='grc' dir='ltr'>πρὸς</span> <span class='ocrx_word' id='word_1_709' title='bbox 2729 3631 2827 3695; x_wconf 74' lang='grc' dir='ltr'><strong>τὰς</strong></span> <span class='ocrx_word' id='word_1_710' title='bbox 2855 3633 2964 3685; x_wconf 77' lang='grc' dir='ltr'>τῶν</span> <span class='ocrx_word' id='word_1_711' title='bbox 3011 3634 3234 3686; x_wconf 81' lang='grc' dir='ltr'>ἀτόπων</span> <span class='ocrx_word' id='word_1_712' title='bbox 3283 3633 3490 3686; x_wconf 81' lang='grc' dir='ltr'>τούτων</span> <span class='ocrx_word' id='word_1_713' title='bbox 3541 3635 3861 3700; x_wconf 42' lang='lat' dir='ltr'><strong>11:01.1in;</strong></span> <span class='ocrx_word' id='word_1_714' title='bbox 3901 3634 4010 3700; x_wconf 81' lang='grc' dir='ltr'>ἐγὼ</span> 
     </span>
    </p>
   </div>
   <div class='ocr_carea' id='block_1_100' title="bbox 2428 3721 4009 3797">
    <p class='ocr_par' dir='ltr' id='par_1_100' title="bbox 2428 3721 4009 3797">
     <span class='ocr_line' id='line_1_100' title="bbox 2428 3721 4009 3797; baseline 0.001 -20"><span class='ocrx_word' id='word_1_715' title='bbox 2428 3726 2536 3794; x_wconf 72' lang='grc' dir='ltr'>γὰρ</span> <span class='ocrx_word' id='word_1_716' title='bbox 2589 3721 2860 3795; x_wconf 78' lang='grc' dir='ltr'>οἶμαι,τῇ</span> <span class='ocrx_word' id='word_1_717' title='bbox 2918 3726 3018 3793; x_wconf 85' lang='grc' dir='ltr'><strong>μὲν</strong></span> <span class='ocrx_word' id='word_1_718' title='bbox 3082 3726 3210 3797; x_wconf 70' lang='grc' dir='ltr'><strong>δόξῃ</strong></span> <span class='ocrx_word' id='word_1_719' title='bbox 3261 3727 3596 3795; x_wconf 78' lang='grc' dir='ltr'>νομίσαντας</span> <span class='ocrx_word' id='word_1_720' title='bbox 3656 3727 3887 3779; x_wconf 74' lang='grc' dir='ltr'>ἔπεσθαι</span> <span class='ocrx_word' id='word_1_721' title='bbox 3943 3728 4009 3779; x_wconf 61' lang='grc' dir='ltr'><strong>τὰ</strong></span> 
     </span>
    </p>
   </div>
   <div class='ocr_carea' id='block_1_101' title="bbox 2428 3817 4013 3887">
    <p class='ocr_par' dir='ltr' id='par_1_101' title="bbox 2428 3817 4013 3887">
     <span class='ocr_line' id='line_1_101' title="bbox 2428 3817 4013 3887; baseline -0.001 -17"><span class='ocrx_word' id='word_1_722' title='bbox 2428 3818 2675 3881; x_wconf 88' lang='grc' dir='ltr'>τοιαῦτα,</span> <span class='ocrx_word' id='word_1_723' title='bbox 2725 3817 3101 3884; x_wconf 72' lang='grc' dir='ltr'>ἀντιλέγοντος</span> <span class='ocrx_word' id='word_1_724' title='bbox 3152 3818 3208 3869; x_wconf 85' lang='grc' dir='ltr'>δὲ</span> <span class='ocrx_word' id='word_1_725' title='bbox 3263 3819 3511 3887; x_wconf 79' lang='grc' dir='ltr'>μηδενδς,</span> <span class='ocrx_word' id='word_1_726' title='bbox 3580 3819 3757 3870; x_wconf 86' lang='grc' dir='ltr'>ταῦτα</span> <span class='ocrx_word' id='word_1_727' title='bbox 3808 3818 4013 3886; x_wconf 70' lang='grc' dir='ltr'>φυλάτ-</span> 
     </span>
    </p>
   </div>
   <div class='ocr_carea' id='block_1_102' title="bbox 2428 3907 4015 3980">
    <p class='ocr_par' dir='ltr' id='par_1_102' title="bbox 2428 3907 4015 3980">
     <span class='ocr_line' id='line_1_102' title="bbox 2428 3907 4015 3980; baseline 0.004 -21"><span class='ocrx_word' id='word_1_728' title='bbox 2428 3908 2617 3960; x_wconf 80' lang='grc' dir='ltr'>τεσθαι</span> <span class='ocrx_word' id='word_1_729' title='bbox 2670 3907 3089 3978; x_wconf 79' lang='grc' dir='ltr'>παραινοῦντος,</span> <span class='ocrx_word' id='word_1_730' title='bbox 3117 3909 3209 3962; x_wconf 77' lang='grc' dir='ltr'><strong>καὶ</strong></span> <span class='ocrx_word' id='word_1_731' title='bbox 3254 3911 3355 3979; x_wconf 74' lang='grc' dir='ltr'><strong>τὴν</strong></span> <span class='ocrx_word' id='word_1_732' title='bbox 3387 3911 3544 3974; x_wconf 79' lang='grc' dir='ltr'>δόξαν</span> <span class='ocrx_word' id='word_1_733' title='bbox 3594 3911 3669 3973; x_wconf 82' lang='grc' dir='ltr'>ὡς</span> <span class='ocrx_word' id='word_1_734' title='bbox 3714 3911 4015 3980; x_wconf 75' lang='grc' dir='ltr'>οὐδαμόθεν</span> 
     </span>
    </p>
   </div>
   <div class='ocr_carea' id='block_1_103' title="bbox 2429 4000 4016 4074">
    <p class='ocr_par' dir='ltr' id='par_1_103' title="bbox 2429 4000 4016 4074">
     <span class='ocr_line' id='line_1_103' title="bbox 2429 4000 4016 4074; baseline 0.004 -22"><span class='ocrx_word' id='word_1_735' title='bbox 2429 4000 2635 4053; x_wconf 77' lang='grc' dir='ltr'>τούτων</span> <span class='ocrx_word' id='word_1_736' title='bbox 2662 4001 2844 4053; x_wconf 74' lang='grc' dir='ltr'>αἰτίαν</span> <span class='ocrx_word' id='word_1_737' title='bbox 2888 4003 3078 4071; x_wconf 80' lang='grc' dir='ltr'>τιμᾷν,</span> <span class='ocrx_word' id='word_1_738' title='bbox 3120 4003 3214 4054; x_wconf 67' lang='grc' dir='ltr'><strong>καὶ</strong></span> <span class='ocrx_word' id='word_1_739' title='bbox 3255 4003 3329 4065; x_wconf 86' lang='grc' dir='ltr'><strong>ὡς</strong></span> <span class='ocrx_word' id='word_1_740' title='bbox 3376 4004 3606 4074; x_wconf 80' lang='grc' dir='ltr'>ἀληθέσι</span> <span class='ocrx_word' id='word_1_741' title='bbox 3634 4009 3748 4067; x_wconf 81' lang='grc' dir='ltr'>τοῖς</span> <span class='ocrx_word' id='word_1_742' title='bbox 3787 4006 4016 4072; x_wconf 82' lang='grc' dir='ltr'>ἀτόποις</span> 
     </span>
    </p>
   </div>
   <div class='ocr_carea' id='block_1_104' title="bbox 2429 4091 4016 4168">
    <p class='ocr_par' dir='ltr' id='par_1_104' title="bbox 2429 4091 4016 4168">
     <span class='ocr_line' id='line_1_104' title="bbox 2429 4091 4016 4168; baseline 0.006 -26"><span class='ocrx_word' id='word_1_743' title='bbox 2429 4091 2640 4151; x_wconf 81' lang='grc' dir='ltr'>τούτοις</span> <span class='ocrx_word' id='word_1_744' title='bbox 2673 4093 2874 4162; x_wconf 70' lang='grc' dir='ltr'>ῥᾳδίως</span> <span class='ocrx_word' id='word_1_745' title='bbox 2909 4092 2976 4145; x_wconf 80' lang='grc' dir='ltr'>ἂν</span> <span class='ocrx_word' id='word_1_746' title='bbox 3023 4094 3386 4162; x_wconf 81' lang='grc' dir='ltr'>προσθέσθαι.</span> <span class='ocrx_word' id='word_1_747' title='bbox 3429 4097 3495 4148; x_wconf 82' lang='grc' dir='ltr'><strong>Ἀ</strong></span> <span class='ocrx_word' id='word_1_748' title='bbox 3525 4096 3588 4165; x_wconf 79' lang='grc' dir='ltr'>δὴ</span> <span class='ocrx_word' id='word_1_749' title='bbox 3624 4097 3802 4150; x_wconf 84' lang='grc' dir='ltr'>πάντα</span> <span class='ocrx_word' id='word_1_750' title='bbox 3835 4116 4016 4168; x_wconf 83' lang='grc' dir='ltr'>προει-</span> 
     </span>
    </p>
   </div>
   <div class='ocr_carea' id='block_1_105' title="bbox 2429 4183 4017 4255">
    <p class='ocr_par' dir='ltr' id='par_1_105' title="bbox 2429 4183 4017 4255">
     <span class='ocr_line' id='line_1_105' title="bbox 2429 4183 4017 4255; baseline 0.004 -20"><span class='ocrx_word' id='word_1_751' title='bbox 2429 4183 2687 4251; x_wconf 87' lang='grc' dir='ltr'>δομένους</span> <span class='ocrx_word' id='word_1_752' title='bbox 2737 4185 2882 4246; x_wconf 71' lang='grc' dir='ltr'>εἰκός</span> <span class='ocrx_word' id='word_1_753' title='bbox 2926 4184 3041 4236; x_wconf 79' lang='grc' dir='ltr'>ἐστι</span> <span class='ocrx_word' id='word_1_754' title='bbox 3083 4183 3372 4252; x_wconf 80' lang='grc' dir='ltr'>φείσασθαι</span> <span class='ocrx_word' id='word_1_755' title='bbox 3416 4185 3518 4254; x_wconf 77' lang='grc' dir='ltr'>τῆς</span> <span class='ocrx_word' id='word_1_756' title='bbox 3580 4187 3739 4255; x_wconf 77' lang='grc' dir='ltr'>δόξης</span> <span class='ocrx_word' id='word_1_757' title='bbox 3770 4189 3894 4251; x_wconf 74' lang='grc' dir='ltr'>τοὺς</span> <span class='ocrx_word' id='word_1_758' title='bbox 3937 4190 4017 4241; x_wconf 91' lang='grc' dir='ltr'>δι-</span> 
     </span>
    </p>
   </div>
   <div class='ocr_carea' id='block_1_106' title="bbox 2430 4275 4018 4349">
    <p class='ocr_par' dir='ltr' id='par_1_106' title="bbox 2430 4275 4018 4349">
     <span class='ocr_line' id='line_1_106' title="bbox 2430 4275 4018 4349; baseline 0.006 -22"><span class='ocrx_word' id='word_1_759' title='bbox 2430 4275 2757 4337; x_wconf 76' lang='grc' dir='ltr'>δασκάλους,</span> <span class='ocrx_word' id='word_1_760' title='bbox 2792 4276 2886 4328; x_wconf 60' lang='grc' dir='ltr'><strong>καὶ⁴</strong></span> <span class='ocrx_word' id='word_1_761' title='bbox 2943 4278 3168 4344; x_wconf 79' lang='grc' dir='ltr'>σιγῆσαι</span> <span class='ocrx_word' id='word_1_762' title='bbox 3201 4277 3262 4330; x_wconf 82' lang='grc' dir='ltr'><strong>τὸ</strong></span> <span class='ocrx_word' id='word_1_763' title='bbox 3301 4278 3516 4346; x_wconf 74' lang='grc' dir='ltr'>μεγάλα</span> <span class='ocrx_word' id='word_1_764' title='bbox 3549 4279 3815 4349; x_wconf 75' lang='grc' dir='ltr'>βλάπτειν</span> <span class='ocrx_word' id='word_1_765' title='bbox 3855 4283 4018 4336; x_wconf 68' lang='grc' dir='ltr'>δυνά-</span> 
     </span>
    </p>
   </div>
   <div class='ocr_carea' id='block_1_107' title="bbox 2436 4366 4017 4439">
    <p class='ocr_par' dir='ltr' id='par_1_107' title="bbox 2436 4366 4017 4439">
     <span class='ocr_line' id='line_1_107' title="bbox 2436 4366 4017 4439; baseline 0.007 -24"><span class='ocrx_word' id='word_1_766' title='bbox 2436 4383 2615 4433; x_wconf 88' lang='grc' dir='ltr'>μενον.</span> <span class='ocrx_word' id='word_1_767' title='bbox 2679 4367 2738 4417; x_wconf 81' lang='lat' dir='ltr'><strong>Ei</strong></span> <span class='ocrx_word' id='word_1_768' title='bbox 2796 4366 2852 4418; x_wconf 84' lang='grc' dir='ltr'>δὲ</span> <span class='ocrx_word' id='word_1_769' title='bbox 2911 4371 3004 4420; x_wconf 73' lang='grc' dir='ltr'><strong>καὶ</strong></span> <span class='ocrx_word' id='word_1_770' title='bbox 3067 4369 3164 4436; x_wconf 77' lang='grc' dir='ltr'>τῆς</span> <span class='ocrx_word' id='word_1_771' title='bbox 3225 4369 3333 4421; x_wconf 83' lang='grc' dir='ltr'><strong>τῶν</strong></span> <span class='ocrx_word' id='word_1_772' title='bbox 3397 4370 3657 4439; x_wconf 84' lang='grc' dir='ltr'>μαθητῶν</span> <span class='ocrx_word' id='word_1_773' title='bbox 3712 4372 4017 4438; x_wconf 78' lang='grc' dir='ltr'>ἀσφαλείας</span> 
     </span>
    </p>
   </div>
   <div class='ocr_carea' id='block_1_108' title="bbox 2435 4457 4014 4530">
    <p class='ocr_par' dir='ltr' id='par_1_108' title="bbox 2435 4457 4014 4530">
     <span class='ocr_line' id='line_1_108' title="bbox 2435 4457 4014 4530; baseline 0.006 -22"><span class='ocrx_word' id='word_1_774' title='bbox 2435 4457 2641 4527; x_wconf 73' lang='grc' dir='ltr'>σφόδρα</span> <span class='ocrx_word' id='word_1_775' title='bbox 2671 4458 3076 4526; x_wconf 74' lang='grc' dir='ltr'>φροντίζοντες,</span> <span class='ocrx_word' id='word_1_776' title='bbox 3109 4459 3384 4529; x_wconf 85' lang='grc' dir='ltr'>πανταχοῦ</span> <span class='ocrx_word' id='word_1_777' title='bbox 3417 4462 3778 4530; x_wconf 84' lang='grc' dir='ltr'>παραινοῦσιν</span> <span class='ocrx_word' id='word_1_778' title='bbox 3823 4466 4014 4529; x_wconf 74' lang='grc' dir='ltr'>αὐτοῖς</span> 
     </span>
    </p>
   </div>
   <div class='ocr_carea' id='block_1_109' title="bbox 2433 4551 4018 4624">
    <p class='ocr_par' dir='ltr' id='par_1_109' title="bbox 2433 4551 4018 4624">
     <span class='ocr_line' id='line_1_109' title="bbox 2433 4551 4018 4624; baseline 0.006 -22"><span class='ocrx_word' id='word_1_779' title='bbox 2433 4551 2540 4604; x_wconf 68' lang='grc' dir='ltr'>τῷν</span> <span class='ocrx_word' id='word_1_780' title='bbox 2587 4553 2643 4603; x_wconf 79' lang='grc' dir='ltr'><strong>ὲν</strong></span> <span class='ocrx_word' id='word_1_781' title='bbox 2701 4555 2765 4621; x_wconf 80' lang='grc' dir='ltr'>τῇ</span> <span class='ocrx_word' id='word_1_782' title='bbox 2811 4553 3000 4621; x_wconf 81' lang='grc' dir='ltr'>Γραφῇ</span> <span class='ocrx_word' id='word_1_783' title='bbox 3054 4553 3368 4623; x_wconf 87' lang='grc' dir='ltr'>λεγομένων</span> <span class='ocrx_word' id='word_1_784' title='bbox 3418 4554 3643 4622; x_wconf 79' lang='grc' dir='ltr'>ἔχεσθαι</span> <span class='ocrx_word' id='word_1_785' title='bbox 3698 4555 3884 4624; x_wconf 87' lang='grc' dir='ltr'>μόνον,</span> <span class='ocrx_word' id='word_1_786' title='bbox 3921 4561 4018 4612; x_wconf 66' lang='grc' dir='ltr'><strong>καὶ</strong></span> 
     </span>
    </p>
   </div>
   <div class='ocr_carea' id='block_1_110' title="bbox 2435 4643 4020 4719">
    <p class='ocr_par' dir='ltr' id='par_1_110' title="bbox 2435 4643 4020 4719">
     <span class='ocr_line' id='line_1_110' title="bbox 2435 4643 4020 4719; baseline 0.005 -26"><span class='ocrx_word' id='word_1_787' title='bbox 2435 4643 2603 4711; x_wconf 82' lang='grc' dir='ltr'>μηδὲν</span> <span class='ocrx_word' id='word_1_788' title='bbox 2635 4645 3103 4712; x_wconf 59' lang='grc' dir='ltr'>περιεργάζεσθαι</span> <span class='ocrx_word' id='word_1_789' title='bbox 3142 4645 3305 4697; x_wconf 82' lang='grc' dir='ltr'>πλέον</span> <span class='ocrx_word' id='word_1_790' title='bbox 3332 4661 3344 4674; x_wconf 85' lang='grc'><strong>·</strong></span> <span class='ocrx_word' id='word_1_791' title='bbox 3385 4645 3526 4699; x_wconf 79' lang='grc' dir='ltr'>ὥστε</span> <span class='ocrx_word' id='word_1_792' title='bbox 3577 4648 3673 4699; x_wconf 77' lang='grc' dir='ltr'><strong>καὶ</strong></span> <span class='ocrx_word' id='word_1_793' title='bbox 3719 4649 3892 4701; x_wconf 79' lang='grc' dir='ltr'>πολλὰ</span> <span class='ocrx_word' id='word_1_794' title='bbox 3922 4652 4020 4719; x_wconf 74' lang='grc' dir='ltr'>τῆς</span> 
     </span>
    </p>
   </div>
   <div class='ocr_carea' id='block_1_111' title="bbox 2430 4735 4015 4812">
    <p class='ocr_par' dir='ltr' id='par_1_111' title="bbox 2430 4735 4015 4812">
     <span class='ocr_line' id='line_1_111' title="bbox 2430 4735 4015 4812; baseline 0.005 -26"><span class='ocrx_word' id='word_1_795' title='bbox 2430 4735 2653 4806; x_wconf 80' lang='grc' dir='ltr'>Γραφῆς</span> <span class='ocrx_word' id='word_1_796' title='bbox 2684 4736 3011 4806; x_wconf 73' lang='grc' dir='ltr'>ἐξηγοῦνται</span> <span class='ocrx_word' id='word_1_797' title='bbox 3047 4741 3111 4808; x_wconf 85' lang='grc' dir='ltr'>τῇ</span> <span class='ocrx_word' id='word_1_798' title='bbox 3145 4755 3203 4790; x_wconf 91' lang='grc' dir='ltr'><strong>τε</strong></span> <span class='ocrx_word' id='word_1_799' title='bbox 3236 4739 3455 4792; x_wconf 70' lang='grc' dir='ltr'>πάντων</span> <span class='ocrx_word' id='word_1_800' title='bbox 3487 4740 3615 4812; x_wconf 79' lang='grc' dir='ltr'>δόξῃ</span> <span class='ocrx_word' id='word_1_801' title='bbox 3641 4743 3735 4793; x_wconf 69' lang='grc' dir='ltr'><strong>καὶ</strong></span> <span class='ocrx_word' id='word_1_802' title='bbox 3764 4745 3828 4812; x_wconf 79' lang='grc' dir='ltr'>τῇ</span> <span class='ocrx_word' id='word_1_803' title='bbox 3864 4743 4015 4810; x_wconf 77' lang='grc' dir='ltr'>σ’ρῶν</span> 
     </span>
    </p>
   </div>
   <div class='ocr_carea' id='block_1_112' title="bbox 2430 4834 4019 4907">
    <p class='ocr_par' dir='ltr' id='par_1_112' title="bbox 2430 4834 4019 4907">
     <span class='ocr_line' id='line_1_112' title="bbox 2430 4834 4019 4907; baseline 0.004 -22"><span class='ocrx_word' id='word_1_804' title='bbox 2430 4834 2611 4886; x_wconf 71' lang='grc' dir='ltr'>αὐτῶν</span> <span class='ocrx_word' id='word_1_805' title='bbox 2660 4835 2960 4898; x_wconf 71' lang='grc' dir='ltr'>ἐναντίως·</span> <span class='ocrx_word' id='word_1_806' title='bbox 3014 4836 3122 4888; x_wconf 74' lang='grc' dir='ltr'>οὐδ’</span> <span class='ocrx_word' id='word_1_807' title='bbox 3177 4837 3448 4888; x_wconf 82' lang='grc' dir='ltr'>αἰδοῦνται</span> <span class='ocrx_word' id='word_1_808' title='bbox 3510 4837 3571 4889; x_wconf 74' lang='grc' dir='ltr'>τὸ</span> <span class='ocrx_word' id='word_1_809' title='bbox 3621 4837 3768 4904; x_wconf 72' lang='grc' dir='ltr'>δόξαι</span> <span class='ocrx_word' id='word_1_810' title='bbox 3821 4843 4019 4907; x_wconf 77' lang='grc' dir='ltr'>σαφεῖς</span> 
     </span>
    </p>
   </div>
   <div class='ocr_carea' id='block_1_113' title="bbox 2431 4927 4016 5001">
    <p class='ocr_par' dir='ltr' id='par_1_113' title="bbox 2431 4927 4016 5001">
     <span class='ocr_line' id='line_1_113' title="bbox 2431 4927 4016 5001; baseline 0.004 -24"><span class='ocrx_word' id='word_1_811' title='bbox 2431 4943 2573 4986; x_wconf 88' lang='grc' dir='ltr'>τινες</span> <span class='ocrx_word' id='word_1_812' title='bbox 2601 4927 2753 4989; x_wconf 77' lang='grc' dir='ltr'>ὄντες</span> <span class='ocrx_word' id='word_1_813' title='bbox 2784 4928 2878 4980; x_wconf 74' lang='grc' dir='ltr'><strong>καὶ</strong></span> <span class='ocrx_word' id='word_1_814' title='bbox 2911 4929 3225 4980; x_wconf 68' lang='grc' dir='ltr'>ἐπιπόλαιοι</span> <span class='ocrx_word' id='word_1_815' title='bbox 3279 4928 3389 4980; x_wconf 83' lang='grc' dir='ltr'><strong>τῶν</strong></span> <span class='ocrx_word' id='word_1_816' title='bbox 3425 4929 3686 4982; x_wconf 82' lang='grc' dir='ltr'>τοιούτων</span> <span class='ocrx_word' id='word_1_817' title='bbox 3723 4930 4016 5001; x_wconf 73' lang='grc' dir='ltr'>ἐξηγηταὶ,</span> 
     </span>
    </p>
   </div>
   <div class='ocr_carea' id='block_1_114' title="bbox 2433 5021 4018 5095">
    <p class='ocr_par' dir='ltr' id='par_1_114' title="bbox 2433 5021 4018 5095">
     <span class='ocr_line' id='line_1_114' title="bbox 2433 5021 4018 5095; baseline 0.004 -24"><span class='ocrx_word' id='word_1_818' title='bbox 2433 5021 2592 5089; x_wconf 75' lang='grc' dir='ltr'>μόνον</span> <span class='ocrx_word' id='word_1_819' title='bbox 2630 5021 2718 5073; x_wconf 78' lang='grc' dir='ltr'>ἵνα</span> <span class='ocrx_word' id='word_1_820' title='bbox 2745 5021 3017 5090; x_wconf 76' lang='grc' dir='ltr'>δυνηθῶσι</span> <span class='ocrx_word' id='word_1_821' title='bbox 3047 5025 3232 5076; x_wconf 72' lang='grc' dir='ltr'>πεῖσαι</span> <span class='ocrx_word' id='word_1_822' title='bbox 3269 5025 3394 5086; x_wconf 75' lang='grc' dir='ltr'>τοῦς</span> <span class='ocrx_word' id='word_1_823' title='bbox 3425 5024 3620 5086; x_wconf 76' lang='grc' dir='ltr'>ἄλλους</span> <span class='ocrx_word' id='word_1_824' title='bbox 3660 5025 3793 5078; x_wconf 86' lang='grc' dir='ltr'>εῖσω</span> <span class='ocrx_word' id='word_1_825' title='bbox 3834 5027 4018 5095; x_wconf 80' lang='grc' dir='ltr'>μένειν</span> 
     </span>
    </p>
   </div>
   <div class='ocr_carea' id='block_1_115' title="bbox 2430 5115 4017 5187">
    <p class='ocr_par' dir='ltr' id='par_1_115' title="bbox 2430 5115 4017 5187">
     <span class='ocr_line' id='line_1_115' title="bbox 2430 5115 4017 5187; baseline 0.014 -23"><span class='ocrx_word' id='word_1_826' title='bbox 2430 5115 2538 5164; x_wconf 78' lang='grc' dir='ltr'><strong>τῶν</strong></span> <span class='ocrx_word' id='word_1_827' title='bbox 2578 5115 2742 5183; x_wconf 81' lang='grc' dir='ltr'>ὅρων,</span> <span class='ocrx_word' id='word_1_828' title='bbox 2778 5115 2872 5167; x_wconf 81' lang='grc' dir='ltr'>καὶ</span> <span class='ocrx_word' id='word_1_829' title='bbox 2899 5117 3010 5166; x_wconf 74' lang='grc' dir='ltr'><strong>τῶν</strong></span> <span class='ocrx_word' id='word_1_830' title='bbox 3055 5118 3118 5168; x_wconf 70' lang='grc' dir='ltr'>ὲκ</span> <span class='ocrx_word' id='word_1_831' title='bbox 3164 5118 3263 5185; x_wconf 75' lang='grc' dir='ltr'>τῆς</span> <span class='ocrx_word' id='word_1_832' title='bbox 3295 5119 3632 5185; x_wconf 78' lang='grc' dir='ltr'>προπετείας</span> <span class='ocrx_word' id='word_1_833' title='bbox 3666 5118 4017 5187; x_wconf 68' lang='grc' dir='ltr'><strong>ἀπηλλάχθαι</strong></span> 
     </span>
    </p>
   </div>
   <div class='ocr_carea' id='block_1_116' title="bbox 2433 5203 4017 5279">
    <p class='ocr_par' dir='ltr' id='par_1_116' title="bbox 2433 5203 4017 5279">
     <span class='ocr_line' id='line_1_116' title="bbox 2433 5203 4017 5279; baseline 0.003 -24"><span class='ocrx_word' id='word_1_834' title='bbox 2433 5203 2696 5257; x_wconf 74' lang='grc' dir='ltr'>κινδύνων</span> <span class='ocrx_word' id='word_1_835' title='bbox 2725 5223 2738 5236; x_wconf 88' lang='grc'><strong>·</strong></span> <span class='ocrx_word' id='word_1_836' title='bbox 2790 5205 2842 5257; x_wconf 83' lang='grc' dir='ltr'><strong>τί</strong></span> <span class='ocrx_word' id='word_1_837' title='bbox 2878 5204 3216 5276; x_wconf 76' lang='grc' dir='ltr'>θαυμαστὸν,</span> <span class='ocrx_word' id='word_1_838' title='bbox 3250 5209 3298 5259; x_wconf 79' lang='grc' dir='ltr'>εἰ</span> <span class='ocrx_word' id='word_1_839' title='bbox 3334 5209 3546 5270; x_wconf 79' lang='grc' dir='ltr'>τούτοις</span> <span class='ocrx_word' id='word_1_840' title='bbox 3599 5210 3859 5279; x_wconf 78' lang='grc' dir='ltr'>ἑπόμενοι</span> <span class='ocrx_word' id='word_1_841' title='bbox 3908 5211 4017 5271; x_wconf 84' lang='grc' dir='ltr'>τοῖς</span> 
     </span>
    </p>
   </div>
   <div class='ocr_carea' id='block_1_117' title="bbox 2433 5297 4014 5373">
    <p class='ocr_par' dir='ltr' id='par_1_117' title="bbox 2433 5297 4014 5373">
     <span class='ocr_line' id='line_1_117' title="bbox 2433 5297 4014 5373; baseline 0.004 -24"><span class='ocrx_word' id='word_1_842' title='bbox 2433 5297 2714 5366; x_wconf 79' lang='grc' dir='ltr'>λογισμοῖς</span> <span class='ocrx_word' id='word_1_843' title='bbox 2743 5301 2840 5352; x_wconf 67' lang='grc' dir='ltr'><strong>καὶ</strong></span> <span class='ocrx_word' id='word_1_844' title='bbox 2865 5300 3037 5354; x_wconf 86' lang='grc' dir='ltr'>ταῦτα</span> <span class='ocrx_word' id='word_1_845' title='bbox 3086 5302 3374 5370; x_wconf 77' lang='grc' dir='ltr'>ἐσίγησαν,</span> <span class='ocrx_word' id='word_1_846' title='bbox 3407 5301 3598 5371; x_wconf 75' lang='grc' dir='ltr'>ὦσπῖρ</span> <span class='ocrx_word' id='word_1_847' title='bbox 3643 5301 3794 5373; x_wconf 78' lang='grc' dir='ltr'>εὖροι</span> <span class='ocrx_word' id='word_1_848' title='bbox 3833 5320 3914 5364; x_wconf 90' lang='grc' dir='ltr'><strong>τις</strong></span> <span class='ocrx_word' id='word_1_849' title='bbox 3947 5303 4014 5355; x_wconf 75' lang='grc' dir='ltr'><strong>ἂν</strong></span> 
     </span>
    </p>
   </div>
   <div class='ocr_carea' id='block_1_118' title="bbox 2435 5390 4015 5463">
    <p class='ocr_par' dir='ltr' id='par_1_118' title="bbox 2435 5390 4015 5463">
     <span class='ocr_line' id='line_1_118' title="bbox 2435 5390 4015 5463; baseline 0.003 -23"><span class='ocrx_word' id='word_1_850' title='bbox 2435 5390 2635 5452; x_wconf 69' lang='grc' dir='ltr'>αὐτοὺς</span> <span class='ocrx_word' id='word_1_851' title='bbox 2680 5394 2771 5444; x_wconf 72' lang='grc' dir='ltr'><strong>καὶ</strong></span> <span class='ocrx_word' id='word_1_852' title='bbox 2817 5393 2991 5444; x_wconf 75' lang='grc' dir='ltr'>πολλὰ</span> <span class='ocrx_word' id='word_1_853' title='bbox 3024 5392 3157 5446; x_wconf 81' lang='grc' dir='ltr'>ἄλλα</span> <span class='ocrx_word' id='word_1_854' title='bbox 3193 5393 3303 5445; x_wconf 79' lang='grc' dir='ltr'><strong>τῶν</strong></span> <span class='ocrx_word' id='word_1_855' title='bbox 3335 5394 3635 5456; x_wconf 74' lang='grc' dir='ltr'>ἀκινδύνως</span> <span class='ocrx_word' id='word_1_856' title='bbox 3669 5395 3733 5446; x_wconf 75' lang='grc' dir='ltr'><strong>ἂν</strong></span> <span class='ocrx_word' id='word_1_857' title='bbox 3782 5396 4015 5463; x_wconf 69' lang='grc' dir='ltr'>είρηςλέ-</span> 
     </span>
    </p>
   </div>
   <div class='ocr_carea' id='block_1_119' title="bbox 2435 5486 4017 5557">
    <p class='ocr_par' dir='ltr' id='par_1_119' title="bbox 2435 5486 4017 5557">
     <span class='ocr_line' id='line_1_119' title="bbox 2435 5486 4017 5557; baseline 0.002 -24"><span class='ocrx_word' id='word_1_858' title='bbox 2435 5499 2540 5534; x_wconf 88' lang='grc' dir='ltr'><strong>νων</strong></span> <span class='ocrx_word' id='word_1_859' title='bbox 2573 5487 2964 5553; x_wconf 74' lang='grc' dir='ltr'>σεσιγηκόταςς</span> <span class='ocrx_word' id='word_1_860' title='bbox 3009 5487 3116 5540; x_wconf 77' lang='grc' dir='ltr'>ἔδει</span> <span class='ocrx_word' id='word_1_861' title='bbox 3170 5487 3273 5557; x_wconf 63' lang='grc' dir='ltr'>γᾶρ</span> <span class='ocrx_word' id='word_1_862' title='bbox 3313 5486 3386 5556; x_wconf 82' lang='grc' dir='ltr'>μὴ</span> <span class='ocrx_word' id='word_1_863' title='bbox 3420 5486 3563 5554; x_wconf 78' lang='grc' dir='ltr'>λόγῳ</span> <span class='ocrx_word' id='word_1_864' title='bbox 3603 5486 3764 5552; x_wconf 74' lang='grc' dir='ltr'>μόνον</span> <span class='ocrx_word' id='word_1_865' title='bbox 3811 5487 3869 5538; x_wconf 77' lang='grc' dir='ltr'><strong>τὸ</strong></span> <span class='ocrx_word' id='word_1_866' title='bbox 3897 5487 4017 5537; x_wconf 79' lang='grc' dir='ltr'>δέον</span> 
     </span>
    </p>
   </div>
   <div class='ocr_carea' id='block_1_120' title="bbox 2435 5576 4018 5648">
    <p class='ocr_par' dir='ltr' id='par_1_120' title="bbox 2435 5576 4018 5648">
     <span class='ocr_line' id='line_1_120' title="bbox 2435 5576 4018 5648; baseline 0.002 -22"><span class='ocrx_word' id='word_1_867' title='bbox 2435 5576 2823 5641; x_wconf 72' lang='grc' dir='ltr'>ὑπαγορεύειν,</span> <span class='ocrx_word' id='word_1_868' title='bbox 2874 5577 3012 5630; x_wconf 72' lang='grc' dir='ltr'>ἀλλὰ</span> <span class='ocrx_word' id='word_1_869' title='bbox 3062 5579 3154 5629; x_wconf 88' lang='grc' dir='ltr'><strong>καί</strong></span> <span class='ocrx_word' id='word_1_870' title='bbox 3213 5580 3357 5648; x_wconf 74' lang='grc' dir='ltr'>ἔργῳ</span> <span class='ocrx_word' id='word_1_871' title='bbox 3406 5578 3676 5647; x_wconf 83' lang='grc' dir='ltr'>φανεροῦν</span> <span class='ocrx_word' id='word_1_872' title='bbox 3724 5579 3878 5643; x_wconf 66' lang='grc' dir='ltr'>αῦτδ,</span> <span class='ocrx_word' id='word_1_873' title='bbox 3923 5578 4018 5631; x_wconf 67' lang='grc' dir='ltr'><strong>καὶ</strong></span> 
     </span>
    </p>
   </div>
   <div class='ocr_carea' id='block_1_121' title="bbox 2437 5671 4016 5736">
    <p class='ocr_par' dir='ltr' id='par_1_121' title="bbox 2437 5671 4016 5736">
     <span class='ocr_line' id='line_1_121' title="bbox 2437 5671 4016 5736; baseline 0.001 -18"><span class='ocrx_word' id='word_1_874' title='bbox 2437 5671 2786 5736; x_wconf 64' lang='grc' dir='ltr'>παράδειγμα</span> <span class='ocrx_word' id='word_1_875' title='bbox 2843 5673 2983 5736; x_wconf 75' lang='grc' dir='ltr'>σφᾶς</span> <span class='ocrx_word' id='word_1_876' title='bbox 3037 5672 3235 5734; x_wconf 73' lang='grc' dir='ltr'>αὐτοὺς</span> <span class='ocrx_word' id='word_1_877' title='bbox 3282 5671 3485 5724; x_wconf 85' lang='grc' dir='ltr'>διδόναι</span> <span class='ocrx_word' id='word_1_878' title='bbox 3527 5671 3628 5736; x_wconf 68' lang='grc' dir='ltr'>τῆς</span> <span class='ocrx_word' id='word_1_879' title='bbox 3682 5672 3969 5732; x_wconf 68' lang='grc' dir='ltr'>εὐλαϐείας</span> <span class='ocrx_word' id='word_1_880' title='bbox 4001 5687 4016 5702; x_wconf 66' lang='grc' dir='ltr'><strong>ι</strong></span> 
     </span>
    </p>
   </div>
   <div class='ocr_carea' id='block_1_122' title="bbox 2436 5758 4018 5831">
    <p class='ocr_par' dir='ltr' id='par_1_122' title="bbox 2436 5758 4018 5831">
     <span class='ocr_line' id='line_1_122' title="bbox 2436 5758 4018 5831; baseline 0.003 -23"><span class='ocrx_word' id='word_1_881' title='bbox 2436 5758 2595 5810; x_wconf 85' lang='grc' dir='ltr'>τοῦτο</span> <span class='ocrx_word' id='word_1_882' title='bbox 2649 5761 2754 5829; x_wconf 80' lang='grc' dir='ltr'><strong>γὰρ</strong></span> <span class='ocrx_word' id='word_1_883' title='bbox 2805 5761 3077 5830; x_wconf 76' lang='grc' dir='ltr'>ἀληθινῶν</span> <span class='ocrx_word' id='word_1_884' title='bbox 3131 5762 3468 5813; x_wconf 74' lang='grc' dir='ltr'>διδασκάλων</span> <span class='ocrx_word' id='word_1_885' title='bbox 3507 5761 3702 5831; x_wconf 74' lang='grc' dir='ltr'>ᾔδεσαν</span> <span class='ocrx_word' id='word_1_886' title='bbox 3738 5762 3816 5814; x_wconf 81' lang='grc' dir='ltr'>δν.</span> <span class='ocrx_word' id='word_1_887' title='bbox 3864 5760 4018 5813; x_wconf 66' lang='grc' dir='ltr'>Ἐπιι</span> 
     </span>
    </p>
   </div>
   <div class='ocr_carea' id='block_1_123' title="bbox 2439 5851 4020 5924">
    <p class='ocr_par' dir='ltr' id='par_1_123' title="bbox 2439 5851 4020 5924">
     <span class='ocr_line' id='line_1_123' title="bbox 2439 5851 4020 5924; baseline -0.001 -20"><span class='ocrx_word' id='word_1_888' title='bbox 2439 5851 2492 5904; x_wconf 76' lang='grc' dir='ltr'><strong>δὲ</strong></span> <span class='ocrx_word' id='word_1_889' title='bbox 2545 5868 2613 5904; x_wconf 79' lang='grc' dir='ltr'><strong>κα</strong></span> <span class='ocrx_word' id='word_1_890' title='bbox 2688 5854 2786 5924; x_wconf 66' lang='grc' dir='ltr'>τὴν</span> <span class='ocrx_word' id='word_1_891' title='bbox 2815 5852 3074 5922; x_wconf 73' lang='grc' dir='ltr'>ἀῖιήθειαν</span> <span class='ocrx_word' id='word_1_892' title='bbox 3122 5852 3230 5907; x_wconf 79' lang='grc' dir='ltr'><strong>ἀπό</strong></span> <span class='ocrx_word' id='word_1_893' title='bbox 3264 5868 3324 5919; x_wconf 85' lang='grc' dir='ltr'><strong>γε</strong></span> <span class='ocrx_word' id='word_1_894' title='bbox 3380 5852 3486 5904; x_wconf 86' lang='grc' dir='ltr'><strong>τῶν</strong></span> <span class='ocrx_word' id='word_1_895' title='bbox 3526 5855 3851 5921; x_wconf 74' lang='grc' dir='ltr'>σοφωτέρων</span> <span class='ocrx_word' id='word_1_896' title='bbox 3884 5851 4020 5921; x_wconf 72' lang='grc' dir='ltr'>κιρ-3-</span> 
     </span>
    </p>
   </div>
  </div>
