4452 6450
762 381 870 444 523

1815 384 2193 444 GENNADII
2257 386 2366 446 (ΣΡ.
2416 385 2926 445 PATRIABCH/E

3919 376 4021 438 5‘2":

765 494 915 544 ribus
941 506 1262 560 congruere,
1292 503 1342 545 ct
1377 506 1496 546 esse
1547 493 1786 563 qualibet
1817 509 1879 548 cx
1934 505 2086 563 parte
2142 495 2368 565 conjun-
2399 511 2442 559 Α
2476 519 2523 554 σι

2269 511 2368 547 lm-
2399 511 2442 559 Α
2476 517 2627 570 σητε,
2662 499 2748 551 ῑνα
2772 500 2860 551 καὶ
2893 500 3004 561 τοῖς
3061 495 3166 562 ἔξω
3214 495 3390 560 λόγοις
3441 489 3664 559 δύνησθε
3713 489 4021 554 συμφωνεῖν

758 586 852 640 cti.
898 583 990 637 Sin
1030 584 1227 650 minus,
1266 587 1564 652 optandum
1616 597 1758 640 certe
1791 589 1894 640 erit
1938 598 1992 640 nt
2018 603 2179 642 sensu
2212 603 2342 641 eon-

758 678 1006 729 vcniatis:
1063 677 1164 728 hoc
1197 677 1339 729 enim
1401 680 1502 732 etsi
1532 693 1636 731 non
1667 687 1915 731 exactam
1957 679 2080 733 lidei
2127 680 2339 734 conl'cs-

756 770 991 828 sionem,
1050 768 1353 821 continebit
1381 780 1560 823 tamen
1592 781 1839 823 mutuam
1882 771 2023 823 inter
2089 770 2341 824 doctores

755 861 1215 926 convenientiam,
1276 871 1595 929 rectumque
1622 863 1674 917 in
1714 864 1873 916 nobis
1903 863 2031 916 fidei
2084 878 2328 916 sensum.

752 951 904 1016 Quod
929 952 972 1005 si
1023 953 1183 1006 etiam
1208 953 1346 1006 aliud
1372 956 1648 1024 quidpiam
1667 955 1922 1024 Symbolo
1946 956 2177 1018 addatis,
2199 954 2340 1022 quod

753 1060 778 1093 a
813 1045 1015 1096 sanctis
1037 1045 1290 1097 omnibus
1317 1047 1680 1100 communiter
1701 1048 1966 1114 prolatum
1999 1046 2341 1102 allirmationi

751 1134 970 1200 quidem
1005 1135 1197 1199 laveal,
1228 1140 1570 1204 negationem
1603 1153 1732 1192 vero
1759 1153 1865 1191 non
1927 1137 2169 1193 inducat:
2209 1138 2340 1191 illud

758 1238 936 1278 autem
974 1229 1022 1278 hi
1058 1229 1277 1296 quidem
1314 1231 1488 1284 saneti
1522 1231 1807 1284 videantur
1830 1246 2125 1300 usurpasse
2155 1245 2250 1299 pro
2276 1231 2341 1284 iis

751 1336 875 1386 quat:
909 1329 1131 1373 tacuere
1173 1339 1186 1374 :
1238 1322 1313 1375 illi
1343 1337 1491 1387 vero,
1527 1326 1668 1385 quod
1723 1323 1945 1391 perinde
1981 1325 2153 1376 valeat
2183 1333 2343 1391 atque

753 1428 814 1462 ea
843 1426 964 1478 quae
995 1427 1312 1479 expressere
1339 1428 1351 1465 :
1378 1415 1567 1466 modus
1591 1429 1722 1468 sane
1757 1415 1844 1468 hic
1869 1414 1968 1468 erit
1991 1417 2206 1467 unionis
2241 1425 2352 1468 tera

757 1503 829 1551 tio
852 1503 969 1554 loco
1003 1503 1410 1556 numerandus:
1441 1518 1630 1572 quare,
1661 1519 1838 1573 neque
1863 1520 1892 1557 a
1911 1509 2194 1559 doctorum
2215 1520 2346 1557 con-

757 1602 943 1652 St'nsu,
981 1604 1158 1656 neque
1188 1603 1216 1641 a
1249 1591 1458 1643 uestris
1523 1594 1588 1644 de
1622 1607 1686 1644 co
1747 1594 2090 1646 sermonibus
2141 1594 2247 1646 erit
2291 1601 2343 1645 et

757 1680 845 1732 ille
886 1680 1119 1734 aiienus.
1153 1683 1337 1748 Itaque
1380 1682 1502 1734 linis
1533 1682 1672 1736 idem
1709 1684 1865 1736 nobis
1896 1685 2088 1751 quavis
2133 1683 2344 1736 ratione

754 1779 988 1837 constet,
1064 1773 1361 1840 Scriptura:
1387 1773 1597 1827 scilicet
1622 1788 1686 1827 ac
1723 1774 2008 1828 doctorum
2031 1774 2339 1828 consensio.

829 1944 933 1998 Sed
960 1946 1082 2013 quia
1115 1947 1222 2015 jam
1245 1946 1528 2000 tacendum
1560 1948 1691 2000 mihi
1724 1963 1941 2010 censeo,
1965 1965 2150 2003 vereor
2177 1951 2342 2017 enim,

757 2052 823 2088 ne
889 2052 1200 2089 sermonum
1233 2053 1474 2091 meorum
1507 2039 1787 2105 prolixitas
1813 2040 1970 2093 ιιυιὶὶο
1995 2057 2085 2094 vos
2115 2041 2342 2107 alliciat,

758 2129 879 2179 volo
954 2129 1172 2182 consilii
1226 2133 1368 2198 quod
1411 2146 1438 2183 a
1487 2147 1570 2183 me
1630 2132 1814 2184 datum
1875 2143 1978 2196 est,
2023 2148 2345 2187 enumerare

755 2221 954 2286 capita,
989 2229 1039 2272 ct
1079 2236 1334 2274 revocare
1373 2239 1466 2276 vos
1494 2223 1558 2275 ad
1591 2239 1775 2275 eorum
1821 2225 2162 2276 memoriam.
2217 2224 2343 2277 Dedi

754 2313 1068 2373 consilium,
1132 2323 1186 2363 ut
1239 2325 1585 2382 apparentem
1641 2315 1784 2367 illam
1852 2317 2098 2383 prmsenli
2160 2330 2341 2368 rerum

755 2400 918 2453 statui
965 2401 1304 2466 profuturam
1347 2404 1632 2467 unitatem,
1687 2419 1848 2471 quam
1911 2404 2079 2472 aliqui
2143 2406 2343 2457 habent

755 2497 806 2546 in
845 2496 1053 2558 animo,
1099 2512 1162 2547 ne
1194 2495 1528 2564 cogitatione
1569 2495 1791 2564 quidem
1823 2498 2019 2550 vestris
2069 2499 2342 2551 mentibus

753 2589 1094 2655 concipiatis.
1149 2588 1241 2640 scd
1301 2589 1554 2641 unionem
1617 2604 1797 2642 veram
1849 2599 1899 2642 et
1950 2593 2340 2645 sententiarum

756 2680 1192 2746 coniunctionem
1221 2680 1509 2747 peragatis,
1533 2695 1693 2748 quam
1721 2682 1772 2732 in
1800 2696 1863 2733 eo
1890 2681 1996 2733 dixi
2022 2685 2340 2747 consistere,

761 2773 804 2824 si
873 2772 940 2825 de
1008 2772 1171 2824 rebus
1233 2775 1603 2825 controversis
1665 2771 1808 2824 idem
1867 2789 2056 2825 omnes
2111 2776 2343 2827 senseri-

757 2863 850 2922 tis,
896 2870 948 2912 ct
981 2862 1080 2914 hoc
1114 2862 1164 2913 in
1203 2859 1329 2912 fidei
1366 2876 1582 2928 quoque
1629 2861 1891 2930 Symbolo
1941 2864 2336 2930 expresseritis,

755 2957 869 3005 sive
893 2953 1163 3017 addendo,
1198 2954 1311 3004 sive
1336 2953 1538 3020 aliquid
1566 2951 1851 3018 demendo,
1907 2955 2174 3009 utrumvis
2203 2956 2342 3008 divi-

755 3060 824 3095 na
865 3043 1036 3111 gratia
1067 3043 1374 3095 dictaverit.
1418 3044 1497 3094 Ad
1538 3046 1651 3094 haec
1686 3043 1926 3107 ostendi,
1983 3044 2337 3100 difficultates

767 3135 967 3200 quibus
1021 3134 1219 3187 turbati
1251 3134 1498 3187 nonnulli
1525 3149 1710 3202 pacem
1744 3135 1882 3187 hanc
1908 3146 2063 3190 erant
2089 3138 2340 3206 despera-

759 3229 889 3289 turi,
928 3241 1047 3281 esse
1082 3229 1298 3296 penitus
1325 3229 1596 3295 infirmas,
1638 3241 1691 3282 et
1718 3230 1939 3298 quidvis
1985 3231 2132 3284 aliud
2179 3247 2337 3299 posse
2365 3205 2408 3263 (ἶ
2444 3209 2586 3277 ὑμᾶς

758 3319 950 3387 magis,
977 3334 1136 3386 quam
1174 3333 1296 3372 esse
1330 3318 1481 3372 vobis
1529 3319 1651 3387 jure
1681 3319 2096 3388 impedimento.
2129 3322 2333 3378 Deinde

763 3427 853 3476 per
882 3426 1001 3478 qua:
1039 3427 1139 3478 pav
1175 3410 1369 3463 confici
1398 3410 1609 3474 debeat,
1644 3428 1745 3464 non
1780 3412 2059 3476 insistens,
2088 3415 2181 3468 sed
2216 3417 2334 3484 plu-

764 3505 897 3554 rima
971 3518 1319 3570 percurrens,
1392 3504 1624 3556 breviter
1672 3508 1921 3573 apposui,
1964 3523 2106 3574 quae,
2139 3520 2194 3561 ut
2231 3525 2335 3563 uno

758 3596 926 3648 verbo
977 3596 1174 3657 dicam,
1230 3595 1365 3647 nihil
1410 3597 1552 3648 aliud
1611 3607 1763 3662 sunt,
1819 3616 1982 3668 quam
2054 3617 2331 3655 sacrarum

759 3687 1164 3754 Scripturaru'u
1185 3695 1235 3739 et
1258 3687 1510 3741 Ecclesia:
1529 3688 1811 3741 doctorum
1842 3691 2236 3744 convenientia.
2257 3692 2335 3746 Ad

760 3780 868 3832 lucc
920 3781 1098 3832 (nnnia
1141 3795 1259 3832 sum
1299 3795 1391 3832 vos
1419 3781 1764 3845 adhortatus,
1802 3781 1844 3833 si
1874 3797 1978 3834 non
2003 3799 2125 3835 cum
2155 3783 2334 3836 debita

759 3873 1083 3932 reverentia,
1125 3881 1173 3922 at
1216 3883 1360 3924 et-rte
1396 3881 1566 3932 tanta,
1598 3881 1801 3940 quanta
1834 3883 2004 3940 potest
2043 3875 2093 3926 in
2142 3875 2332 3944 hujus—

760 3964 902 4017 modi
963 3963 1309 4016 svi-monibus
1340 3965 1607 4017 adhiberi.
1675 3965 1795 4018 llaec
1829 3966 2046 4033 quidem
2099 3983 2241 4034 ego:
2277 3969 2328 4020 in

757 4057 974 4123 quibus,
1012 4055 1054 4107 si
1092 4056 1228 4108 bene
1261 4054 1405 4107 dii-ta
1455 4065 1604 4120 sunt;
1635 4055 1864 4110 fortuna:
1902 4057 2071 4126 magis
2097 4072 2335 4126 agnosco

760 4146 1101 4206 hcnelicium,
1128 4160 1287 4212 quam
1307 4146 1994 4215 scientiieauteloquentim
2023 4167 2214 4204 nervos
2253 4151 2335 4203 τιεί

757 4252 883 4288 vero
912 4237 1072 4298 male,
1113 4235 1238 4288 illud
1285 4236 1457 4299 video,
1496 4239 1718 4289 multam
1761 4239 1843 4290 illa
1884 4240 2092 4292 veniam
2164 4255 2337 4292 merc-

758 4330 824 4392 ri,
864 4328 1003 4396 quod
1035 4327 1157 4378 boni
1210 4327 1528 4393 honestique
1563 4343 1721 4379 (ausa
1754 4328 1980 4380 libenter
2012 4333 2152 4381 hunc
2190 4330 2337 4381 labo-

2453 599 2547 649 καὶ
2567 595 2654 647 διὰ
2680 597 2895 647 πάντων
2925 588 3163 657 ἡνῶσθαι
3197 601 3208 614 ·
3240 586 3288 638 εἰ
3322 584 3364 635 δ’
3403 582 3514 644 οὖν,
3544 583 3708 648 εὐχῆς
3762 580 3920 643 ἔργον
3958 575 4021 627 ἀν

2451 692 2534 758 εἴη
2557 691 2620 757 τῇ
2655 705 2716 755 γε
2743 686 2934 753 γνώμῃ
2968 678 3335 733 συνάπτεσθαι
3376 693 3386 704 ·
3426 674 3584 725 τοῦτο
3616 672 3721 738 γὰρ
3750 672 3796 720 εἰ
3832 670 3922 719 καὶ
3949 666 4023 735 μὴ

2451 785 2546 852 τῆς
2572 781 2805 840 πίστεως
2838 779 2937 844 τὴν
2956 774 3263 843 ἀκρίϐειαν,
3295 771 3391 837 τὴν
3429 769 3561 833 γοῦν
3589 766 3723 832 πρὸς
3759 759 4023 828 ἀλλήλους

2450 876 2560 926 τῶν
2603 869 2935 924 διδασκάλων
2991 866 3215 933 εἰρήνην
3283 861 3375 912 καὶ
3425 858 3486 909 τὸ
3549 855 3754 923 τάληθῆ
3803 853 4022 920 φρονεῖν

2451 971 2596 1039 ἡμᾶς
2637 965 2900 1036 περιέξει.
2942 961 3075 1014 Εξδὲ
3107 960 3196 1009 καὶ
3220 955 3347 1009 ἄλλο
3376 969 3426 1003 τι
3460 951 3536 1018 τῷ
3566 948 3822 1013 συμϐόλῳ
3855 960 4024 1013 προσ-

2454 1036 2672 1131 θήσετε,
2730 1057 2757 1108 ὃ
2790 1060 2900 1118 τοῖς
2940 1055 3114 1121 ἁγίοις
3153 1050 3320 1101 ἅπασι
3351 1044 3542 1112 κοινῲς
3573 1040 3912 1105 ἀξιούμενον,
3957 1036 4022 1101 τῇ

2455 1158 2552 1226 μὲν
2589 1155 2892 1220 καταφάσει
2919 1142 3368 1211 συναγωνίζεται,
3393 1138 3487 1204 τήν
3519 1134 3561 1186 δ’
3596 1133 3871 1199 ἀπόφασιν
3925 1125 4023 1177 οὐκ

2451 1250 2682 1316 εἰσάγει,
2713 1247 2805 1298 καὶ
2828 1246 2939 1302 τοῖς
2969 1241 3065 1308 μὲν
3093 1238 3196 1288 τῶν
3246 1234 3413 1299 ἁγίων
3457 1228 3569 1281 ἀνθ’
3627 1219 3700 1278 ὧν
3757 1221 4021 1286 ἐσίγησαν

2449 1340 2538 1414 ἦν,
2575 1344 2623 1393 οἱ
2650 1341 2692 1392 δ’
2719 1340 2792 1399 ὡς
2825 1337 2922 1404 τὴν
2955 1333 3075 1401 ἴσην
3119 1325 3200 1390 οἷς
3246 1323 3396 1379 εἷπον
3428 1323 3602 1390 ἔχοντι
3632 1318 3858 1381 δύναμιν
3895 1311 4022 1377 φαί-

2453 1405 2635 1489 νόνται
2665 1430 2958 1501 χρώμενοι,
2987 1427 3232 1482 ὲνώσεως
3260 1420 3358 1487 μὲν
3386 1415 3543 1467 τοῦτο
3602 1410 3782 1478 σχῆμα
3841 1405 4022 1455 λοιπὴν

2451 1525 2594 1581 κατὰ
2632 1523 2833 1590 τρίτον,
2869 1515 2940 1578 ὼς
2962 1515 3026 1567 ἂν
3065 1514 3208 1565 εἴποι
3240 1528 3344 1572 τις,
3400 1505 3564 1557 πλοῦν
3606 1518 3619 1533 ⁸
3682 1501 3878 1552 οὐκοῦν
3936 1501 4022 1547 οὺ-

2482 1621 2506 1672 ὲ
2538 1616 2690 1669 τοῦτο
2717 1615 2814 1680 τῆς
2842 1610 2948 1661 τῶν
2984 1604 3323 1658 διδασκάλων
3380 1595 3701 1665 συμφωνίας
3759 1591 3852 1642 καὶ
3913 1605 4021 1638 των

2450 1709 2740 1778 ἡμετέρων
2770 1702 2899 1768 περὶ
2950 1697 3150 1762 ταύτης
3201 1694 3371 1757 λόγων
3421 1687 3794 1756 ἀπήλλακται.
3857 1680 4019 1729 Ὥστε

2453 1774 2790 1867 πανταχόθεν
2819 1796 2948 1862 ἡμῖν
2971 1789 3133 1842 ταυτδ
3170 1786 3384 1853 περιείη
3431 1782 3528 1848 τῆς
3573 1796 3630 1829 τε
3673 1774 3890 1844 Γραφῆς
3929 1787 4023 1821 και

2448 1897 2553 1947 τῶν
2578 1888 2913 1945 διδασκάλων
2944 1887 2975 1951 ή
3006 1877 3310 1948 συμφωνία.

2522 1987 2662 2041 Ἀλλ’
2692 1985 2811 2038 ἐπεὶ
2840 1981 2932 2034 καὶ
2955 1979 3017 2047 δὴ
3051 1977 3209 2044 σιγᾷν
3241 1973 3457 2037 ἔγνωκα
3483 1967 3556 2034 μὴ
3603 1964 3679 2031 τῷ
3711 1961 3875 2028 μήγει
3912 1958 4019 2009 τῶν

2450 2085 2626 2151 λόγων
2665 2079 2832 2147 ἀηδὴς
2865 2076 2992 2142 ὑμῖν
3023 2072 3271 2138 γένωμαι
3296 2061 3504 2123 δεδιὼς,
3538 2058 3604 2110 τὰ
3637 2057 3729 2120 τῆς
3762 2055 3902 2152 ὲμης
3935 2066 4020 2100 κε-

2449 2178 2650 2232 φάλαια
2719 2167 3028 2239 συμϐουλῆς
3079 2153 3596 2228 ἐξαριθμήσασθαι,
3671 2146 3763 2197 καὶ
3818 2157 4019 2192 τουτων

2453 2277 2593 2344 ὑμᾶς
2628 2270 2938 2336 ἀναμνῆσαι
2982 2261 3263 2330 βούλομαι.
3299 2254 3400 2304 ’Ἡν
3437 2252 3533 2319 μὲν
3565 2248 3692 2298 ἔνιοι
3726 2255 4019 2295 σκοπουσιν

2448 2334 2782 2438 οἰκονομίαν,
2812 2365 3015 2428 ταύτην
3046 2356 3167 2424 μηδ’
3202 2351 3294 2403 ἐπὶ
3350 2348 3474 2399 νοῦν
3522 2343 3705 2395 λαϐεῖν
3767 2334 4020 2439 συνεϐούὸ

2450 2430 2856 2520 λευσαξὲνωσιν
2911 2452 2953 2504 δ’
2989 2448 3162 2514 ἁληθῆ
3198 2442 3290 2496 καὶ
3323 2438 3489 2503 δοξῶν
3529 2430 3811 2486 κοινωνίαν
3850 2430 4020 2493 πρατο

2449 2579 2559 2614 τειν
2585 2558 2780 2624 εἴρηκα
2812 2552 2942 2611 δεῖν,
2975 2548 3038 2615 ἣν
3069 2544 3127 2593 τὸ
3159 2539 3286 2608 μίαν
3319 2533 3448 2602 περὶ
3494 2531 3602 2582 τῶν
3639 2524 4016 2593 ἀμφισϐητουο

2451 2655 2625 2724 μένων
2653 2646 2878 2714 γνώμην
2931 2627 3451 2692 λαϐεῖνεῖπονεῖναι
3488 2643 3499 2656 ·
3555 2623 3760 2687 ταύτην
3811 2618 3865 2669 δὲ
3916 2615 4017 2666 κάν

2447 2712 2522 2799 τῶ
2555 2740 2810 2813 συμϐόλῳ
2841 2737 2936 2804 τῆς
2967 2723 3204 2789 πίστεως
3231 2723 3517 2793 ὁμολογεῖν
3553 2717 3585 2782 ἢ
3624 2712 4017 2784 προστιθέντας

2448 2841 2479 2909 ἦ
2515 2834 2905 2904 ἀφαιροῦντας,
2942 2825 3202 2890 ὁπότερον
3231 2819 3352 2886 ἆνὴ
3385 2813 3476 2865 τοῦ
3503 2811 3636 2863 Θεοῦ
3663 2808 3822 2878 χάρις
3881 2804 4016 2854 ὕπα-

2660 2887 2670 2902 ι
3375 2911 3381 2912 γ
3443 2908 3453 2912 -
3494 2899 3517 2912 ο
3587 2904 3606 2912 ,ι
3973 2896 3982 2912 Ι

2445 2899 2783 2999 γορεύσειεν.
2819 2922 2941 2972 Ἐπὶ
2965 2919 3020 2969 δὲ
3068 2914 3299 2974 τούτοις,
3365 2908 3454 2975 ὑφ’
3487 2899 3558 2957 ὧν
3587 2904 3713 2954 ἔνιοι
3751 2899 4017 2966 ταραττό-

2447 2989 2596 3093 μενοι
2627 3021 2722 3089 τὴν
2749 3018 2973 3086 εἰρήνην
2988 3012 3188 3079 ταύτην
3211 3006 3432 3076 ἔμελλον
3456 2989 4016 3056 ἀπελπίζειν,ἁσοενῆ

2445 3087 2788 3170 παντάπασιν
2845 3109 3040 3172 ἔδειξα,
3095 3104 3187 3155 καὶ
3231 3101 3406 3152 πάντα
3467 3092 3727 3166 μᾶλλονῆ
3783 3087 4014 3141 κωλύειν

2639 3203 2878 3269 εὐλόγως
2937 3197 3236 3263 δυνάμενα.
3297 3188 3429 3243 Eho.
3474 3190 3567 3240 καὶ
3605 3188 3671 3238 τὰ
3719 3184 4016 3250 ποιήσοντα

2444 3276 2646 3367 ταύτην
2673 3298 2772 3349 οὒκ
2804 3292 3099 3361 ἐπιμένων,
3135 3286 3248 3339 ἀλλ’
3281 3285 3479 3336 οὑτωσὶ
3502 3279 3714 3348 παριὼν
3743 3278 3812 3328 τὰ
3867 3276 4017 3327 πλεῖ-

2446 3412 2547 3454 στα
2591 3391 2905 3460 προσέθηκα
2939 3402 2951 3414 ·
2987 3383 3182 3448 ἆπερή
3210 3379 3318 3431 τῶν
3338 3379 3498 3430 θείων
3526 3373 3758 3441 Γραφῶν
3788 3368 4014 3420 καὶτῶν

2442 3484 2776 3540 διδασκάλων
2807 3479 2906 3546 τῆς
2940 3473 3262 3539 Ἐκκλησίας
3299 3471 3492 3528 ’ἐνωσις
3557 3462 3624 3533 ἦν
3676 3464 3735 3513 τὴ
3788 3458 4014 3525 σύμπαν

2444 3582 2636 3633 εἰπεῖν.
2666 3575 2783 3643 Ἐφ’
2815 3574 2850 3627 ἂ
2873 3574 2934 3640 δή
2960 3572 3137 3622 πάντα
3173 3566 3289 3634 μετ’
3324 3560 3609 3618 εὐλαϐείας
3639 3557 3781 3623 ὑμᾶς
3833 3571 4012 3622 παρα-

2445 3673 2710 3741 κέκληκα,
2742 3670 2789 3721 εἱ
2817 3668 2910 3720 καὶ
2937 3666 3009 3734 μὴ
3033 3665 3131 3730 τῆς
3172 3657 3550 3728 ὀφειλομένης,
3587 3652 3700 3703 ἀλλ’
3769 3646 3860 3701 οὖν
3919 3648 4015 3714 τῆς

2443 3781 2506 3832 γε
2535 3763 2761 3830 δυνατῆς
2780 3763 2834 3812 ἐν
2868 3761 2977 3817 τοῖς
3005 3754 3268 3812 τοιούτοις
3301 3753 3407 3803 τῶν
3439 3748 3633 3811 λόγων.
3694 3743 3877 3795 Ταῦτα
3917 3742 4013 3807 μὲν

2441 3858 2569 3926 ἐγὼ,
2605 3857 2679 3926 τῷ
2714 3857 2812 3925 μὲν
2844 3848 3143 3920 κατορθοῦν
3161 3847 3330 3915 τύχην
3363 3841 3572 3909 ἀγαθὴν
3606 3837 3863 3905 μᾶλλονῆ
3899 3836 4014 3888 δει-

2441 3955 2636 4018 νότητα
2671 3951 2764 4002 καὶ¹
2799 3947 3012 4015 σοφίαν,
3048 3944 3125 4011 τῷ
3152 3943 3207 3994 δὲ
3234 3939 3554 4006 διαμαρτεῖν
3583 3933 3786 4001 πολλὴν
3822 3932 4014 3998 ἔχοντα

2445 4046 2775 4113 συγγνώμην
2800 4039 2961 4091 ἕνεκα
2995 4054 3055 4104 γε
3083 4035 3174 4085 τοῦ
3206 4025 3668 4100 προθυμήσασθαί
3696 4043 3746 4076 τι
3779 4025 3872 4074 καὶ
3910 4037 4009 4070 πα-

2442 4143 2554 4194 θεῖν
2582 4139 2720 4206 ὑπὲρ
2754 4133 2844 4186 τοῦ
2868 4129 3032 4183 καλοῦ
3063 4144 3075 4157 °
3117 4125 3268 4196 ὑμῶν
3301 4125 3344 4176 δ’
3387 4123 3471 4188 εἴη
3524 4119 3712 4171 λοιπὸν
3765 4117 3825 4167 οὐ
3886 4113 4012 4181 μὲλ-

2444 4234 2574 4296 λειν,
2605 4229 2718 4283 ἀλλ’
2749 4227 2779 4295 ἢ
2805 4223 2974 4277 ταῦτα
3006 4219 3285 4287 πράττειν,
3313 4215 3375 4266 ἂν
3399 4211 3645 4279 δοκῶμεν
3676 4225 3726 4259 τι
3755 4206 3952 4270 λέγειν,
3978 4206 4010 4271 ἦ

2449 4324 2638 4395 βελτίω
2665 4320 2869 4389 ζητεῖν,
2902 4315 3162 4381 ἑκατέρου
3193 4312 3326 4363 Θ-ὺν
3362 4306 3605 4376 ἡγεμόνα
3637 4299 3919 4359 λαϐόντας.

758 4437 868 4474 rem
901 4420 1182 4474 subierim.
1237 4417 1524 4486 lteiiqunm
1584 4434 1687 4483 csr,
1723 4430 1779 4473 ut
1820 4438 1912 4474 vos
1941 4423 2052 4489 jam
2119 4426 2357 4491 segniter
2399 4437 2506 4474 non
2542 4419 2738 4489 agatis,
2777 4417 2872 4470 sed
2916 4413 2996 4466 vel
3031 4411 3142 4464 haec
3181 4410 3315 4475 ipsa,
3343 4406 3386 4458 si
3424 4402 3550 4472 quid
3583 4414 3682 4469 ego
3714 4398 3893 4450 dicere
3931 4409 4012 4444 νι-

754 4518 909 4580 deor,
945 4515 1212 4586 praestelis
1236 4533 1250 4580 ;
1273 4515 1351 4569 vel
1380 4523 1524 4570 certe
1557 4518 1774 4572 meliora
1809 4522 2087 4588 qureratis,
2120 4522 2225 4574 Deo
2256 4521 2408 4576 vobis
2433 4519 2497 4572 θα
2524 4528 2814 4586 utrumque
2850 4515 2984 4568 duce
3016 4505 3316 4582 proposito.
