4452 6450
715 371 813 429 527

1774 365 2152 424 GENNADII
2195 365 2302 424 Cl‘.
2357 364 2871 422 l‘A'l‘ltli‘JlCIIiE

3889 363 4000 424 5‘28

714 491 829 531 ttnn
857 483 1058 532 ilonum
1082 480 1195 529 est!
1228 475 1270 530 0
1294 490 1467 526 meam
1509 475 1875 529 humilitatem
1910 477 1921 527 !
1951 473 1994 528 0
2025 485 2170 526 tuam
2212 475 2308 526 bo-
2341 479 2381 531 Λ
2417 492 2472 542 με

2236 488 2308 524 ιο·
2341 479 2381 531 Λ
2417 492 2480 542 με
2515 477 2885 543 ευχαριστείν,
2924 475 3152 542 πηλίκον
3199 476 3371 544 δῶρόν
3413 478 3594 534 ἐστινς
3639 479 3700 529 Ὤ
3738 479 3828 544 τῆς
3860 479 3994 544 ἐμῆς

711 570 976 626 nitatem!
1015 570 1271 635 quoniam
1301 567 1450 635 quod
1480 569 1656 620 Solum
1699 569 1869 620 habeo
1910 582 2008 635 pro
2045 568 2303 619 omnibus

711 663 906 716 alTerre
963 662 1058 715 libi
1103 662 1402 727 gratiarum
1442 662 1715 713 actionem
1742 671 1795 712 et
1828 659 2144 724 lauilein,et
2204 660 2305 712 hoc
2357 652 2360 653 ν

711 767 866 810 tuum
901 764 984 808 est
1019 769 1239 808 munus.
1273 751 1316 806 Ο
1349 752 1608 828 invictum
1668 766 1910 804 amorem
1945 761 2097 805 tuum
2124 793 2138 812 ,
2169 767 2307 820 quin

711 852 857 901 niam
889 861 1080 901 omnes
1118 842 1737 898 mihiell‘mlistidivitias
1759 844 2026 898 bonorum
2048 844 2300 897 tuorum!

616 950 640 991 _'
712 939 881 992 solam
911 937 1033 990 ltnvi
1061 935 1354 1005 legitimam
1381 936 1676 1002 gratiarum
1712 934 2000 998 actionem,
2030 935 2301 1001 impletio-

713 1045 834 1083 llClIl
876 1029 1214 1080 voluntatum
1268 1036 1508 1078 tuarum.
1549 1025 1652 1077 Sed
1687 1025 1731 1079 si
1765 1028 1835 1078 sit
1869 1026 2094 1094 spiritus
2122 1041 2305 1093 prom-

713 1133 858 1191 ptus,
887 1136 1016 1174 caro
1048 1119 1263 1172 inlirma
1304 1127 1404 1171 est.
1427 1118 1504 1171 Tu
1535 1121 1658 1180 hoc,
1686 1118 1934 1177 Domine,
1967 1119 2174 1182 dixisti,
2208 1118 2302 1172 scd

711 1212 1089 1280 promptitudo
1125 1212 1356 1279 spiritus
1401 1209 1869 1277 extemporalibus
1928 1212 2304 1279 exstinguitur

709 1309 1157 1376 cogitationibus.
1188 1306 1290 1360 Sed
1321 1321 1400 1368 tu,
1440 1305 1692 1370 Domine,
1728 1315 1924 1374 potens
1955 1319 2012 1358 es
2050 1304 2222 1365 Solus,
2251 1309 2305 1355 ct

710 1402 1048 1455 voluntatem
1089 1401 1387 1452 accendere
1441 1409 1494 1452 et
1540 1413 1764 1450 carnem
1829 1394 2145 1450 lortilicare.
2210 1392 2302 1445 Sic

709 1492 916 1558 gratias
939 1506 1096 1559 agam
1133 1490 1392 1558 legitime,
1456 1491 1500 1544 si
1567 1487 1730 1543 simul
1786 1487 2124 1556 adjungatnr
2184 1497 2300 1535 mea

710 1586 965 1637 voluntas
989 1599 1113 1638 cum
1151 1583 1427 1636 voluntate
1466 1591 1578 1645 tua,
1610 1581 1731 1634 etsi
1768 1589 1944 1633 totum
1983 1593 2164 1632 meum
2208 1590 2302 1629 cor

710 1674 1182 1744 conglutinabitnr
1231 1673 1404 1726 amori
1445 1682 1560 1736 tuo,
1594 1680 1648 1724 et
1676 1671 1758 1726 sic
1791 1670 2018 1738 dignare
2047 1682 2131 1721 me
2179 1681 2301 1734 gra—

711 1768 816 1820 tias
849 1780 1011 1835 agere
1041 1765 1157 1827 tibi,
1192 1761 1404 1817 Christe
1439 1777 1554 1824 rex,
1589 1761 1687 1816 Fili
1710 1759 1915 1815 amoris
1945 1758 2132 1820 Dei.et
2160 1754 2303 1810 Deus

711 1861 865 1914 valde
896 1861 1056 1913 bone.
1083 1858 1189 1912 Sed
1216 1856 1346 1925 quid
1393 1855 1587 1924 loquar
1617 1853 1682 1908 ad
1743 1865 1795 1906 tc
1847 1866 1948 1920 pro
2039 1849 2306 1903 hodierna

711 1953 839 2008 die?
876 1953 1016 2021 Quid
1053 1961 1238 2006 autem
1279 1964 1381 2018 pro
1408 1943 1850 2009 crastina?Quid
1889 1943 2093 1996 bonum
2126 1941 2302 1993 volant

713 2051 846 2106 mihi
882 2045 1029 2118 quod
1063 2060 1173 2099 non
1196 2053 1249 2096 tu
1289 2043 1371 2096 vis
1408 2040 1647 2094 velante
1691 2037 1814 2092 me?
1871 2035 1938 2090 Et
1993 2035 2117 2105 quis
2172 2035 2304 2088 viilit

719 2161 902 2198 llll'UlII
939 2143 1144 2194 bonum
1178 2138 1353 2207 magis
1383 2150 1547 2205 quam
1584 2133 1679 2188 tu?
1709 2131 1789 2186 Tu
1835 2131 1987 2186 solus
2012 2130 2306 2198 cognoscis

704 2251 758 2293 et
791 2239 871 2290 vis
905 2250 1030 2289 vere
1069 2246 1249 2286 meum
1286 2231 1515 2291 bonum,
1551 2227 1694 2297 quod
1728 2227 1893 2281 etiam
1925 2225 2076 2280 solus
2121 2225 2304 2293 ipsum

721 2331 905 2384 facere
940 2325 1117 2397 potes.
1184 2324 1248 2377 Et
1291 2331 1506 2376 tacente
1535 2321 1703 2389 igitur
1754 2334 1841 2374 me
1898 2319 2066 2372 facies
2124 2331 2304 2370 meum

709 2426 956 2478 bonum:
998 2419 1042 2473 si
1082 2431 1212 2471 vero
1244 2423 1298 2470 ct
1339 2428 1502 2484 prece
1534 2427 1676 2483 opus
1715 2421 1819 2480 est,
1855 2411 1921 2466 ad
1954 2423 2103 2465 tuam
2148 2410 2306 2465 boni-

709 2523 876 2568 tatem
910 2520 1170 2581 precatur
1207 2521 1304 2580 pro
1341 2518 1427 2558 me
1461 2501 1783 2574 mysterium
1805 2499 2305 2560 administrationis

709 2618 836 2670 tum,
867 2617 919 2661 et
954 2619 1080 2675 qua:
1112 2599 1360 2669 suscepit
1393 2606 1446 2651 te
1490 2596 1660 2650 clavis
1705 2598 1872 2650 lixum
1909 2609 2070 2656 crux,
2103 2605 2306 2664 eLqum

704 2695 1204 2769 Supernaturaliter
1231 2690 1457 2748 servivit
1492 2691 1755 2760 mysterio
1805 2689 2147 2743 sanctissima
2186 2703 2309 2758 per-

707 2791 1061 2845 immaculata
1133 2786 1290 2854 virgo
1330 2793 1386 2839 et
1448 2792 1625 2837 mater
1658 2791 1774 2846 tua,
1808 2791 1862 2836 ct
1895 2781 2140 2836 cmlestis
2193 2781 2306 2834 dis-

707 2885 928 2955 ciplinae
960 2893 1017 2938 et
1060 2881 1182 2935 vitae
1218 2890 1322 2934 tua:
1349 2877 1703 2933 aemulatores
1727 2873 2097 2945 legitimil‘acti
2131 2888 2307 2944 usque

705 2980 773 3036 ad
808 2984 1066 3054 mortem.

2413 566 2797 632 ταπεινότητος
2823 581 2835 594 ·
2869 564 2913 616 ὣ
2942 567 3040 633 τῆς
3075 567 3173 634 σῆς
3208 566 3572 636 ἁγαθότητος,
3623 568 3704 620 ὅτι
3757 567 3784 620 δ
3832 570 3995 637 μόνον

2426 657 2557 723 ἔχω,
2594 658 2714 709 ἀντὶ
2766 658 2988 710 πάντων
3033 658 3368 726 προσφέρειν
3403 675 3484 710 σοι
3517 660 3872 728 εὐχαριστίαν
3906 663 4002 713 καὶ

2415 747 2607 818 ὕμνον,
2655 750 2750 801 καὶ
2781 747 2940 802 τοῦτο
2973 750 3066 800 σόν
3112 750 3226 801 ἐστι
3258 748 3452 816 δῶρον.
3491 750 3556 802 Ὢ
3587 751 3688 818 τῆς
3725 752 4002 822 ὑπερϐαλ-

2412 839 2609 908 λούσης
2659 839 2879 906 ἀγάπης
2932 856 3049 903 σου,
3110 839 3194 892 ὅτι
3248 842 3422 892 πάντα
3483 860 3570 906 μοι
3636 843 3858 912 ἐξέχεας
3903 849 3996 896 τὸν

2415 929 2651 984 πλοῦτον
2682 930 2793 982 τῶν
2830 931 3053 996 ἀγαθῶν
3088 948 3206 987 σου.
3243 933 3388 985 Μίαν
3420 931 3537 987 οἶδα
3569 936 3794 1004 γνησίαν
3827 939 3994 1005 εὐχα-

2415 1023 2630 1091 ριστίαν
2661 1025 2757 1091 τὴν
2805 1023 3159 1093 ἐκπλήρωσιν
3191 1025 3298 1076 τῶν
3328 1025 3655 1094 θελημάτων
3707 1044 3837 1080 σουο
3878 1030 3998 1080 ἀλλ’

2413 1113 2509 1166 ἐὰν
2552 1113 2651 1183 μὲν
2747 1115 2807 1167 τὸ
2861 1116 3078 1183 πνεῦμα
3128 1116 3432 1184 πρόθυμον,
3496 1118 3524 1186 ἡ
3575 1117 3712 1186 σὰρξ
3765 1119 3998 1186 ἀσθενής

2412 1209 2553 1260 ἐστι.
2588 1207 2660 1260 Σὺ
2689 1203 2870 1271 τοῦτο,
2903 1208 3099 1278 Κύριε,
3137 1207 3300 1273 εἴπας
3326 1228 3338 1240 ·
3388 1212 3420 1280 ἡ
3472 1211 3528 1264 δὲ
3574 1211 3855 1282 προθυμία
3899 1214 3995 1266 τοῦ

2413 1299 2725 1364 πνεύματος
2755 1301 2818 1352 ἐκ
2847 1300 2960 1352 τῶν
2985 1301 3338 1368 προσκαίρων
3372 1301 3658 1355 σϐέννυται
3692 1304 3994 1374 λογισμῶν.

2429 1390 2588 1443 Ἀλλὰ
2627 1392 2713 1457 σὺ,
2743 1391 2938 1460 Κύριε,
2959 1391 3181 1452 δυνατὸς
3212 1387 3261 1444 εἷ
3300 1391 3576 1472 μόνοίκαὶ
3605 1393 3704 1464 τὴν
3737 1397 4001 1466 προαίρε-

2415 1499 2500 1534 σιν
2531 1483 2777 1549 ἀνάψαι,
2844 1483 2938 1534 καὶ
2991 1483 3090 1552 τὴν
3143 1484 3321 1552 σάρκα
3374 1484 3774 1554 ἐνδυναμῶσαι.
3813 1486 4000 1551 Οὕτως

2411 1573 2796 1644 εὖχαρίστήσω
2821 1575 3081 1643 γνησίως,
3117 1576 3212 1628 ἐὰν
3252 1579 3502 1645 συναφθῇ
3539 1595 3642 1646 μου
3673 1581 3705 1650 ἡ
3737 1579 3996 1650 βούλησις

2410 1665 2489 1735 τῷ
2521 1666 2791 1734 Θελήματί
2828 1683 2946 1728 σου,
2989 1667 3083 1718 καὶ
3111 1668 3208 1719 ἐὰν
3236 1669 3331 1738 ὅλη
3379 1685 3480 1735 μου
3527 1671 3560 1738 ὴ
3608 1671 3802 1738 καρδία
3833 1687 4004 1740 προσ-

2411 1756 2646 1827 κολληθῇ
2680 1760 2744 1828 τῇ
2783 1758 2973 1828 ἀγάπῃ
3015 1775 3133 1812 σου.
3175 1760 3280 1811 Καὶ
3318 1759 3492 1821 οὕτως
3524 1760 3759 1826 ὰξίωσόν
3808 1779 3876 1830 με
3912 1764 4000 1815 εὑ-

2411 1850 2694 1919 χαριστεῖν
2730 1866 2834 1911 σοι,
2872 1850 3073 1919 Χριστέ
3103 1849 3352 1920 βασιλεῦ,
3385 1851 3481 1904 Υίέ
3512 1853 3612 1921 τῆς
3657 1853 3878 1923 ἀγάπης
3905 1846 3999 1908 τόὖ

2412 1943 2574 2008 Θεοῦ,
2607 1942 2704 1996 καὶ
2736 1942 2837 1996 Θεὲ
2888 1943 3230 2014 ὑπεράγαθε.
3284 1945 3445 1998 Ἀλλὰ
3501 1947 3554 1998 τί
3605 1947 3828 2016 λαλήσω
3864 1950 4003 2020 πρθς

2415 2038 2474 2091 σὲ
2511 2038 2651 2106 ὑπὲρ
2680 2041 2781 2106 τῆς
2819 2038 3098 2108 σήμερον;
3128 2038 3179 2090 τί
3223 2038 3279 2092 δὲ
3331 2039 3473 2108 ὑπὲρ
3506 2040 3604 2106 τῆς
3654 2040 3878 2112 αὖριονς
3934 2045 4000 2098 Τί

2411 2127 2621 2196 ἀγαθὸν
2656 2126 2995 2208 βουλήσομαι
3048 2129 3271 2198 ἐμαυτῷ
3307 2131 3445 2202 ὅπερ
3478 2134 3538 2186 οὑ
3576 2134 3639 2187 σὺ
3679 2133 3858 2202 βούλει
3904 2137 4002 2190 καὶ

2414 2221 2522 2290 πρὸ
2558 2221 2693 2290 ἐμοῦ
2721 2238 2735 2284 ;
2767 2221 2859 2273 καὶ
2885 2221 2967 2282 τίς
2996 2216 3104 2274 οἵδε
3136 2224 3195 2274 τὸ
3229 2225 3363 2291 ἐμὸν
3395 2226 3599 2293 ἀγαθὸν
3622 2225 3682 2289 ὃς
3715 2232 3805 2279 καὶ
3839 2231 4003 2297 μόνος

2418 2313 2550 2366 αὐτὸ
2581 2316 2759 2366 ποιεῖν
2807 2313 3076 2379 δύνασαι;
3122 2315 3230 2367 Καὶ
3267 2317 3584 2381 σιωπῶντος
3636 2319 3816 2374 τοίνυν
3864 2319 4004 2390 ἐμοῦ

2415 2409 2671 2479 ποιήσεις
2703 2407 2765 2461 τὸ
2815 2407 2946 2478 ἐμὸν
2990 2408 3218 2476 ἀγαθόν.
3255 2411 3315 2463 Ei
3346 2412 3403 2466 δὲ
3455 2413 3548 2465 καὶ
3599 2416 4009 2484 παρακλήσεως

2413 2503 2574 2573 χρεία
2629 2502 2767 2572 πρὸς
2818 2503 2916 2571 τὴν
2967 2503 3074 2571 σὴν·
3101 2503 3460 2573 ἀγαοότητα,
3510 2507 3810 2575 πρεσϐεύει
3864 2509 4004 2576 ὑπὲρ

2413 2594 2548 2664 ἐμοῦ
2585 2594 2647 2647 τὸ
2679 2594 2977 2671 μυστήριον
3011 2594 3109 2662 τῆς
3157 2595 3470 2664 οἰκονομίας
3516 2611 3632 2657 σου,
3681 2599 3826 2650 καὶὸ
3854 2599 4009 2664 δεξάο

2417 2686 2579 2755 μενός
2610 2703 2670 2738 σε
2713 2687 3144 2756 προσηλωθέντα
3197 2687 3453 2757 σταυρὸς,
3496 2691 3655 2761 καὶή
3702 2691 4006 2761 ὑπερφυῶς

2414 2780 2816 2848 ὑπουργήσασα
2867 2778 2946 2848 τῷ
3002 2777 3294 2849 μυστηρίῳ
3324 2781 3574 2848 παναγία
3623 2785 4003 2854 ὑπεράμωμος

2416 2873 2696 2942 Παρθένος
2733 2871 2828 2924 καὶ
2867 2873 3049 2941 μήτηρ
3087 2889 3204 2935 σου,
3240 2875 3334 2926 καὶ
3366 2875 3412 2927 ol
3449 2875 3547 2944 τῆς
3579 2877 3832 2944 οὐρανίου
3863 2878 4013 2933 διδα-

2415 2970 2640 3033 σκαλίας
2677 2971 2772 3022 καὶ
2808 2969 3086 3033 πολιτείας
3119 2988 3212 3023 σου
3247 2970 3491 3041 ζηλωταὶ
3526 2975 3738 3045 γνήσιοι
3773 2993 4004 3049 γεγενηο

2415 3064 2567 3131 μένοι
2602 3064 2763 3132 μέχρι
2797 3063 3055 3120 θανάτου.

779 3160 887 3215 Tot
922 3157 1086 3228 igitur
1125 3151 1484 3222 precantibus
1515 3163 1614 3219 pro
1645 3162 1732 3203 me
1768 3147 1983 3218 aperies
2027 3156 2077 3200 et
2121 3145 2300 3207 hodie.
2345 3187 2388 3246 ε
2491 3154 2534 3207 Τ

2251 3161 2300 3207 e.
2345 3187 2388 3246 ε
2491 3154 2782 3208 Τοσούτων
2825 3154 3006 3208 τοίνυν
3038 3155 3455 3225 πρεσϐευόντων
3486 3159 3628 3227 ὑπὲρ
3664 3160 3822 3230 ἐμοῦ,
3862 3165 4009 3218 ἀνοί-

708 3266 768 3310 ut
803 3252 973 3314 soles,
1001 3266 1224 3302 manuni
1259 3256 1434 3310 tuam,
1461 3255 1516 3300 et
1552 3242 1804 3312 implebis
1829 3256 1916 3295 mc
1945 3241 2100 3294 bonce
2128 3239 2315 3292 volun-

706 3349 928 3413 tatis,et
956 3353 1199 3414 proteget
1226 3356 1309 3394 me
1332 3340 1519 3393 dextra
1549 3347 1658 3391 tua.
1689 3334 1743 3389 Si
1780 3348 1960 3390 autem
2010 3334 2316 3404 impediunt

707 3439 915 3493 loutem
943 3433 1305 3487 humanitatis
1339 3441 1444 3483 tum
1493 3436 1714 3498 peccata
1762 3441 1904 3488 mea,
1942 3434 2124 3477 tamen
2195 3422 2315 3475 dele

709 3533 845 3592 hinc,
882 3525 1125 3594 despiie,
1169 3536 1352 3592 parce,
1386 3521 1672 3574 Iniltanlttr
1699 3519 1748 3570 in
1775 3517 2070 3569 oblivionis
2091 3515 2316 3584 prolun-

708 3625 956 3677 .litateni.
1002 3618 1155 3687 Opus
1187 3614 1476 3669 assiduum
1519 3613 1638 3672 tibi,
1668 3609 1889 3664 Christe
1947 3623 2068 3670 rex,
2115 3609 2313 3661 remis-

705 3718 789 3773 sio
827 3724 1205 3785 peccatorum,
1235 3708 1496 3778 quoniam
1533 3707 1848 3760 intellectus
1884 3713 2070 3758 noster
2133 3702 2309 3755 homi-

712 3825 838 3861 num
881 3806 1106 3860 acutius
1159 3802 1369 3855 lumine
1433 3809 1515 3853 est
1564 3801 1905 3861 discurrens,
1965 3808 2020 3851 et
2087 3795 2310 3848 verbum

711 3900 988 3956 lmlicrum
1028 3906 1080 3953 et
1114 3911 1277 3963 opera
1321 3893 1528 3947 silvosa
1565 3903 1704 3946 etcx
1745 3894 1980 3945 obseura
2032 3889 2133 3943 hac
2188 3889 2311 3958 pin-

709 3994 984 4066 guedine:
1026 4000 1079 4044 et
1109 3999 1400 4059 prOpterca
1454 4002 1560 4040 non
1627 3984 1956 4052 gloriabitur
2025 3996 2211 4035 coram
2261 3989 2312 4035 te

707 4089 893 4145 onniis
923 4101 1075 4140 caro.
1109 4083 1188 4137 Tu
1225 4093 1414 4136 autem
1454 4081 1627 4144 solus,
1651 4077 1901 4142 Domine,
1931 4091 2101 4146 purus
2127 4087 2179 4129 et
2215 4075 2312 4127 iiii-

715 4181 1017 4254 peccabilis
1047 4180 1344 4238 exsistens,
1371 4185 1424 4229 et
1462 4174 1614 4228 solus
1636 4173 1912 4228 dimittere
1939 4178 2160 4242 peccata
2215 4183 2313 4222 no-

703 4287 818 4331 stra
856 4285 1033 4343 potes.
1067 4271 1321 4329 Custoli,
1356 4268 1588 4323 lesutni
1624 4259 1968 4331 dulcissime,
1996 4266 2159 4319 vitam
2187 4265 2309 4318 lon-

707 4385 830 4440 gain
859 4367 1088 4421 leliciter
1119 4378 1172 4418 et
1198 4363 1508 4417 indoleuter
1557 4359 1770 4429 piorum
1832 4356 2310 4420 Christianorum,

709 4475 1010 4518 servorum
1054 4474 1184 4511 vero
1219 4466 1325 4509 tuae
1362 4454 1622 4507 bonitatis
1655 4453 2026 4522 legitimorum
2056 4473 2070 4507 :
2101 4465 2156 4507 et
2189 4463 2312 4522 post

2425 3249 2535 3312 ξεις
2566 3249 2660 3299 καὶ
2700 3250 2941 3316 σήμερον
2983 3247 3231 3317 συ.ήθως
3279 3248 3378 3317 τὴν
3418 3251 3577 3318 χεῖρά
3609 3268 3725 3318 σου,
3775 3257 3865 3306 καὶ
3910 3257 4011 3326 ἐμ-

2425 3341 2654 3409 πλήσεις
2710 3357 2777 3408 με
2825 3338 3094 3402 εὐδοκίας,
3133 3343 3227 3393 καὶ
3259 3342 3618 3411 ἀντιλήψεταί
3650 3363 3752 3414 μου
3801 3348 4013 3416 ήδεξιά

2425 3448 2544 3486 σου.
2598 3432 2656 3484 Et
2704 3431 2759 3484 δὲ
2806 3429 3088 3498 ἐμποδίζει
3137 3433 3203 3501 τῇ
3255 3435 3405 3501 πηγῇ
3459 3432 3559 3501 τῆς
3594 3435 4013 3505 φιλανθρωπίας

2426 3542 2521 3578 σου
2573 3524 2641 3576 τὰ
2693 3524 3076 3593 ἁμαρτήματά
3133 3542 3258 3595 μου,
3318 3526 3452 3579 ἀλλὰ
3497 3527 3815 3596 άπάλειῲον·
3851 3532 4012 3594 αὐτὰ,

2425 3607 2640 3687 πάριδε,
2677 3617 2986 3685 σύγγνωθι·
3020 3616 3433 3687 πεμςοήτωσαν
3483 3621 3564 3681 εἰς
3615 3619 3784 3691 ληίης
3830 3621 4010 3690 βυθόν.

2427 3711 2628 3779 Ἔργον
2661 3710 3008 3764 άδιάλειπτὸν
3043 3728 3151 3773 σοι,
3187 3711 3392 3781 Χριστέ
3446 3713 3694 3784 βασιλεῦ,
3739 3718 4012 3786 ή-ἇφεσις

2422 3806 2530 3856 τῶν
2558 3804 3076 3874 πλημμελημάτων,
3120 3808 3201 3858 ὃτι
3250 3808 3282 3876 ὴ
3330 3808 3539 3860 διὰνιια
3590 3810 3746 3877 ἡμῶν
3776 3813 3884 3864 τῶν
3915 3813 4014 3866 ἀν-

2423 3899 2659 3970 Θρώπων
2705 3898 2962 3968 ὀξύτερον
3019 3903 3195 3969 φωτός
3248 3905 3364 3954 ἐστι
3417 3901 3803 3975 διατρέχουσα,
3849 3907 3941 3960 καὶ
3986 3909 4016 3960 ὁ

2422 3993 2578 4059 λόίος
2614 3992 2925 4061 ὀλισθηρὸς,
2969 3995 3064 4045 καὶ
3113 3996 3180 4045 τὰ
3213 3995 3352 4064 ἔργα
3387 3996 3588 4065 ὑλώδη,
3627 4000 3722 4050 καὶ
3753 4001 3852 4069 τῆς
3891 4018 4016 4054 σκο.

2422 4087 2601 4155 τεινῆς
2637 4085 2845 4153 ταύτης
2886 4086 3222 4155 παχύτητος.
3269 4088 3371 4139 Ιὶαὶ
3399 4087 3487 4140 διὰ
3519 4090 3677 4162 τοῦτο
3703 4091 3765 4144 οὺ
3801 4095 4016 4162 καυχή-

2423 4194 2573 4229 σεται
2606 4177 2831 4228 ἐνώπίον
2867 4193 2958 4227 σου
3009 4178 3155 4229 πᾶσα
3186 4177 3344 4247 σάρξ.
3384 4178 3454 4229 Σὺ
3487 4179 3541 4230 δὲ
3583 4181 3765 4247 μόνος,
3812 4183 4010 4249 Κὺριε,

2421 4268 2663 4338 καθαρδς
2717 4269 2814 4321 καὶ
2867 4269 3254 4337 ἀναμάρτητος
3308 4268 3404 4332 ὢν,
3441 4271 3531 4322 καὶ
3587 4272 3744 4340 μόνος
3794 4275 4018 4342 ἀφιέναι

2420 4362 2516 4424 τὰς
2556 4361 2835 4428 ἁμαρτίας
2893 4361 3050 4430 ἡμῶν
3103 4361 3644 4429 δύνασαι.Φὺλαξνιν,
3697 4365 3878 4434 Ἰησοῦ
3916 4385 4019 4434 μου

2419 4453 2757 4520 γλυκύτατε,
2785 4454 2885 4520 τὴν
2912 4453 3058 4522 (ζωὴν
3079 4455 3444 4523 ἐπιμὴκιστον
3473 4455 3715 4524 εὐτυχῶς
3743 4458 3836 4526 κα)
3865 4458 4022 4510 6.6m-

705 4564 1038 4626 prtrscntein
1069 4551 1233 4604 vitam
1268 4563 1431 4617 quam
1459 4544 1918 4600 dctcrniinaveris
1953 4548 2225 4602 mensuris
2261 4560 2314 4604 et
2350 4565 2391 4622 ι)
2425 4547 2463 4595 λι

2264 4560 2314 4604 ρι
2350 4565 2391 4622 ο
2425 4547 2612 4608 λύπως
2645 4546 2754 4596 τῶν
2784 4546 3025 4598 εὐσεϐῶν
3058 4546 3427 4615 Χριστιανῶν,
3459 4548 3663 4601 δούλων
3704 4548 3759 4602 δὲ
3790 4551 3889 4618 τῆς
3922 4552 4022 4620 σῆς

708 4647 964 4701 terminis
997 4645 1202 4714 quibus
1236 4642 1437 4695 novisti
1473 4641 1611 4708 ipse,
1649 4640 1701 4692 in
1729 4649 1992 4693 aeternam
2029 4641 2175 4693 illam
2213 4642 2311 4696 ad-

704 4741 813 4794 duc
851 4738 1131 4806 vitamque
1164 4746 1217 4789 et
1249 4749 1477 4802 regnum
1511 4732 2021 4801 emancipatosnon
2053 4749 2080 4787 a
2119 4745 2308 4789 nostra

704 4838 992 4904 dignitate,
1027 4831 1122 4885 sed
1156 4845 1186 4882 a
1224 4840 1315 4882 tua
1377 4827 1639 4879 bonitate.
1695 4823 1838 4891 Fiat,
1903 4825 2142 4881 Domine
2208 4843 2304 4882 rex

704 4930 970 4988 clemens,
997 4923 1262 4992 quoniam
1309 4932 1360 4974 te
1397 4920 1556 4973 decet
1593 4917 1774 4972 omnis
1805 4919 2001 4987 gloria,
2050 4919 2229 4974 honor
2258 4930 2309 4975 et

706 5019 984 5078 adoratio,
1018 5027 1066 5071 et
1099 5014 1489 5084 inoriginalein
1538 5023 1691 5066 tuum
1744 5011 1962 5067 Patrem
2006 5026 2132 5066 enin
2195 5029 2308 5084 quo

707 5115 760 5168 in
792 5115 1000 5167 unitate
1047 5113 1223 5166 sancti
1261 5110 1504 5178 Spiritus
1555 5107 1806 5178 vivisque
1868 5119 1919 5163 et
1983 5125 2180 5180 regnas
2213 5127 2310 5180 per

704 5208 889 5262 omnia
923 5207 1125 5262 Siecula
1155 5205 1512 5260 saeculorum.
1552 5202 1753 5256 Amen.

2422 4638 2760 4706 άγαΟότητος
2799 4639 3062 4707 γνησίων.
3095 4641 3203 4691 Καὶ
3239 4656 3304 4707 με
3320 4642 3378 4692 ια
3407 4641 3507 4710 τὴν
3561 4642 3843 4713 παροῦσαν
3875 4645 3973 4707 Cm.-
3997 4664 4024 4696 ν

2421 4732 2489 4803 ἢν
2523 4733 2588 4785 ἂν
2618 4732 2832 4803 ὁρίσαις
2864 4732 3087 4803 μέτροις
3123 4736 3218 4786 καὶ
3247 4735 3395 4802 ὅροις
3424 4732 3508 4798 οἷς
3538 4732 3685 4801 οἶδας
3719 4738 3905 4803 αὐτὸς,
3939 4740 4022 4802 είς

2421 4823 2521 4891 τὴν
2553 4823 2728 4876 ἀΐδιον
2776 4824 2994 4892 ἐκείνην
3024 4826 3287 4893 εἰσάγαγε
3320 4826 3467 4897 ζωήν
3497 4845 3556 4881 τε
3589 4829 3683 4881 καὶ
3717 4829 4020 4898 βασιλεία-ι,

2423 4921 2992 4986 χειραγωγουμένους
3027 4918 3127 4987 οὐχ
3170 4920 3274 4971 ὑπὸ
3324 4921 3425 4986 τῆς
3473 4922 3631 4991 ἡμῶν
3676 4923 3856 4987 ἀξίας,
3909 4924 4027 4975 ἅλμ’

2419 5009 2527 5063 ὑπὸ
2559 5009 2653 5078 τῆς
2693 5011 2789 5077 σῆς
2823 5010 3183 5081 άγαΟὸτητος.
3224 5012 3355 5078 Ναὶ,
3387 5013 3559 5083 Κύριε
3597 5013 3819 5084 βασιλεῦ
3850 5015 4031 5081 ἀνεξί-

2433 5119 2595 5166 κακε,
2625 5102 2707 5154 ὄτι
2743 5119 2826 5154 σοι
2857 5105 3061 5173 πρέπει
3096 5107 3246 5158 πᾶσα
3275 5105 3425 5173 δόξα,
3462 5109 3618 5177 τιμὴ,
3647 5110 3740 5160 καὶ
3785 5111 4027 5177 προσκύ-

2423 5211 2601 5263 νησις,
2652 5196 2745 5247 καὶ
2795 5195 2874 5264 τῷ
2917 5197 3140 5266 ἀνάρχῳ
3176 5214 3272 5250 σου
3319 5200 3532 5270 Ι]ατρί’
3594 5200 3719 5270 μεθ’
3749 5196 3810 5255 οὗ
3847 5201 3916 5254 ’ἐν
3960 5204 4026 5272 τῇ

2423 5289 2647 5358 ἐνότητι
2678 5289 2774 5342 τοῦ
2806 5290 2968 5358 ἁγίου
3005 5291 3324 5361 Πνεύματος
3359 5294 3458 5363 ζῇς
3490 5312 3550 5346 τε
3592 5295 3689 5349 καὶ
3720 5294 4032 5366 βασιλεύεις

2426 5383 2506 5446 είς
2537 5383 2664 5446 τοὺς
2697 5384 2902 5446 αἰῶνας
2936 5382 3044 5435 τῶν
3080 5385 3317 5441 αἰώνων.
3367 5387 3562 5460 Ἀμήν.
