  <div class='ocr_page' id='page_1' title='image "/cluster/home/n/w/nwhite01/storage/ocr_20150623/160/nnc1.0046980687/276.png"; bbox 0 0 4452 6450; ppageno 0'>
   <div class='ocr_carea' id='block_1_1' title="bbox 476 422 581 486">
    <p class='ocr_par' dir='ltr' id='par_1_1' title="bbox 476 422 581 486">
     <span class='ocr_line' id='line_1_1' title="bbox 476 422 581 486; baseline -0.029 -1"><span class='ocrx_word' id='word_1_1' title='bbox 476 422 581 486; x_wconf 82' lang='lat'><strong>533</strong></span> 
     </span>
    </p>
   </div>
   <div class='ocr_carea' id='block_1_2' title="bbox 1286 423 3721 489">
    <p class='ocr_par' dir='ltr' id='par_1_2' title="bbox 1286 423 3721 489">
     <span class='ocr_line' id='line_1_2' title="bbox 1286 423 3721 489; baseline 0 -6"><span class='ocrx_word' id='word_1_2' title='bbox 1286 424 1381 485; x_wconf 88' lang='lat' dir='ltr'><strong>ET</strong></span> <span class='ocrx_word' id='word_1_3' title='bbox 1425 426 1663 485; x_wconf 78' lang='lat' dir='ltr'><strong>MARCI</strong></span> <span class='ocrx_word' id='word_1_4' title='bbox 1716 425 2031 486; x_wconf 79' lang='lat' dir='ltr'><strong>EPIIESll</strong></span> <span class='ocrx_word' id='word_1_5' title='bbox 2074 425 2551 485; x_wconf 63' lang='lat' dir='ltr'><strong>TESTIMONEA</strong></span> <span class='ocrx_word' id='word_1_6' title='bbox 2595 426 2886 489; x_wconf 66' lang='lat' dir='ltr'><strong>MUTUA;</strong></span> <span class='ocrx_word' id='word_1_7' title='bbox 3621 423 3721 483; x_wconf 71' lang='lat' dir='ltr'><strong>stt</strong></span> 
     </span>
    </p>
   </div>
   <div class='ocr_carea' id='block_1_3' title="bbox 465 535 2223 607">
    <p class='ocr_par' dir='ltr' id='par_1_3' title="bbox 465 535 2223 605">
     <span class='ocr_line' id='line_1_3' title="bbox 465 535 2223 605; baseline -0.003 -15"><span class='ocrx_word' id='word_1_8' title='bbox 465 538 593 598; x_wconf 79' lang='grc' dir='ltr'>τοὺς</span> <span class='ocrx_word' id='word_1_9' title='bbox 633 535 824 597; x_wconf 88' lang='grc' dir='ltr'>λόγους</span> <span class='ocrx_word' id='word_1_10' title='bbox 876 553 976 604; x_wconf 81' lang='grc' dir='ltr'><strong>μου</strong></span> <span class='ocrx_word' id='word_1_11' title='bbox 1030 535 1249 598; x_wconf 83' lang='grc' dir='ltr'>τούτους</span> <span class='ocrx_word' id='word_1_12' title='bbox 1290 537 1431 605; x_wconf 76' lang='grc' dir='ltr'>ὑπὲρ</span> <span class='ocrx_word' id='word_1_13' title='bbox 1478 538 1544 590; x_wconf 75' lang='grc' dir='ltr'><strong>τὰ</strong></span> <span class='ocrx_word' id='word_1_14' title='bbox 1593 537 1809 601; x_wconf 78' lang='grc' dir='ltr'>ἑκατὸν,</span> <span class='ocrx_word' id='word_1_15' title='bbox 1852 536 1926 597; x_wconf 82' lang='grc' dir='ltr'>ὡς</span> <span class='ocrx_word' id='word_1_16' title='bbox 1954 538 2037 599; x_wconf 80' lang='grc' dir='ltr'>εἰς</span> <span class='ocrx_word' id='word_1_17' title='bbox 2076 545 2116 603; x_wconf 66' lang='grc' dir='ltr'><strong>Α</strong></span> <span class='ocrx_word' id='word_1_18' title='bbox 2151 556 2223 593; x_wconf 46' lang='lat' dir='ltr'><strong>mi</strong></span> 
     </span>
    </p>
   </div>
   <div class='ocr_carea' id='block_1_4' title="bbox 1964 535 3722 607">
    <p class='ocr_par' dir='ltr' id='par_1_4' title="bbox 1964 538 3722 607">
     <span class='ocr_line' id='line_1_4' title="bbox 1964 538 3722 607; baseline 0.001 -18"><span class='ocrx_word' id='word_1_19' title='bbox 1964 538 2037 599; x_wconf 80' lang='grc' dir='ltr'>εἰς</span> <span class='ocrx_word' id='word_1_20' title='bbox 2076 545 2116 603; x_wconf 73' lang='grc' dir='ltr'><strong>Α</strong></span> <span class='ocrx_word' id='word_1_21' title='bbox 2151 541 2368 603; x_wconf 88' lang='lat' dir='ltr'><strong>mendo,</strong></span> <span class='ocrx_word' id='word_1_22' title='bbox 2406 555 2631 607; x_wconf 78' lang='lat' dir='ltr'><strong>Sperans</strong></span> <span class='ocrx_word' id='word_1_23' title='bbox 2654 540 3068 593; x_wconf 74' lang='lat' dir='ltr'><strong>sermonesillos</strong></span> <span class='ocrx_word' id='word_1_24' title='bbox 3111 553 3260 592; x_wconf 85' lang='lat' dir='ltr'><strong>meos</strong></span> <span class='ocrx_word' id='word_1_25' title='bbox 3289 538 3407 607; x_wconf 90' lang='lat' dir='ltr'><strong>plus</strong></span> <span class='ocrx_word' id='word_1_26' title='bbox 3432 552 3570 597; x_wconf 25' lang='lat' dir='ltr'><strong>,uatn</strong></span> <span class='ocrx_word' id='word_1_27' title='bbox 3598 555 3722 591; x_wconf 79' lang='lat' dir='ltr'><strong>cen-</strong></span> 
     </span>
    </p>
   </div>
   <div class='ocr_carea' id='block_1_5' title="bbox 466 620 2048 695">
    <p class='ocr_par' dir='ltr' id='par_1_5' title="bbox 466 620 2048 695">
     <span class='ocr_line' id='line_1_5' title="bbox 466 620 2048 695; baseline -0.001 -16"><span class='ocrx_word' id='word_1_28' title='bbox 466 625 678 695; x_wconf 80' lang='grc' dir='ltr'>ἁγαθὴν</span> <span class='ocrx_word' id='word_1_29' title='bbox 704 626 811 693; x_wconf 83' lang='grc' dir='ltr'>γῆν</span> <span class='ocrx_word' id='word_1_30' title='bbox 852 626 1379 695; x_wconf 80' lang='grc' dir='ltr'>καταδαλλομένους.</span> <span class='ocrx_word' id='word_1_31' title='bbox 1427 627 1561 695; x_wconf 75' lang='grc' dir='ltr'>Περὶ</span> <span class='ocrx_word' id='word_1_32' title='bbox 1587 620 1648 680; x_wconf 75' lang='grc' dir='ltr'><strong>οὗ</strong></span> <span class='ocrx_word' id='word_1_33' title='bbox 1680 627 1773 678; x_wconf 73' lang='grc' dir='ltr'>καὶ</span> <span class='ocrx_word' id='word_1_34' title='bbox 1812 626 2048 695; x_wconf 84' lang='grc' dir='ltr'>ἁποκρι-</span> 
     </span>
    </p>
   </div>
   <div class='ocr_carea' id='block_1_6' title="bbox 468 717 2046 788">
    <p class='ocr_par' dir='ltr' id='par_1_6' title="bbox 468 717 2046 788">
     <span class='ocr_line' id='line_1_6' title="bbox 468 717 2046 788; baseline 0 -19"><span class='ocrx_word' id='word_1_35' title='bbox 468 717 618 786; x_wconf 75' lang='grc' dir='ltr'>θήτω</span> <span class='ocrx_word' id='word_1_36' title='bbox 652 736 765 788; x_wconf 89' lang='grc' dir='ltr'>μοι,</span> <span class='ocrx_word' id='word_1_37' title='bbox 798 718 883 770; x_wconf 75' lang='grc' dir='ltr'>ἵνα</span> <span class='ocrx_word' id='word_1_38' title='bbox 913 718 1063 772; x_wconf 74' lang='grc' dir='ltr'>λάϐω</span> <span class='ocrx_word' id='word_1_39' title='bbox 1109 718 1321 773; x_wconf 77' lang='grc' dir='ltr'>τέλειαν</span> <span class='ocrx_word' id='word_1_40' title='bbox 1373 719 1749 788; x_wconf 78' lang='grc' dir='ltr'><strong>πληροφορίαν</strong></span> <span class='ocrx_word' id='word_1_41' title='bbox 1778 720 1877 786; x_wconf 77' lang='grc' dir='ltr'>τῆς</span> <span class='ocrx_word' id='word_1_42' title='bbox 1910 735 2046 787; x_wconf 85' lang='grc' dir='ltr'>παρ-</span> 
     </span>
    </p>
   </div>
   <div class='ocr_carea' id='block_1_7' title="bbox 465 807 2039 878">
    <p class='ocr_par' dir='ltr' id='par_1_7' title="bbox 465 807 2039 878">
     <span class='ocr_line' id='line_1_7' title="bbox 465 807 2039 878; baseline 0.002 -19"><span class='ocrx_word' id='word_1_43' title='bbox 465 807 632 875; x_wconf 87' lang='grc' dir='ltr'>ούσης</span> <span class='ocrx_word' id='word_1_44' title='bbox 672 807 815 878; x_wconf 73' lang='grc' dir='ltr'>ζωῆς</span> <span class='ocrx_word' id='word_1_45' title='bbox 843 808 1196 877; x_wconf 78' lang='grc' dir='ltr'><strong>ἐξερχόμενος</strong></span> <span class='ocrx_word' id='word_1_46' title='bbox 1218 849 1234 874; x_wconf 91' lang='grc'><strong>,</strong></span> <span class='ocrx_word' id='word_1_47' title='bbox 1282 810 1377 863; x_wconf 77' lang='grc' dir='ltr'><strong>καὶ</strong></span> <span class='ocrx_word' id='word_1_48' title='bbox 1413 810 1487 878; x_wconf 79' lang='grc' dir='ltr'>μὴ</span> <span class='ocrx_word' id='word_1_49' title='bbox 1517 809 1694 878; x_wconf 81' lang='grc' dir='ltr'><strong>ἀηδῶς</strong></span> <span class='ocrx_word' id='word_1_50' title='bbox 1722 808 2039 875; x_wconf 75' lang='grc' dir='ltr'>ἀποδιώσω,</span> 
     </span>
    </p>
   </div>
   <div class='ocr_carea' id='block_1_8' title="bbox 468 897 1893 970">
    <p class='ocr_par' dir='ltr' id='par_1_8' title="bbox 468 897 1893 970">
     <span class='ocr_line' id='line_1_8' title="bbox 468 897 1893 970; baseline 0.003 -21"><span class='ocrx_word' id='word_1_51' title='bbox 468 897 542 959; x_wconf 81' lang='grc' dir='ltr'>ὡς</span> <span class='ocrx_word' id='word_1_52' title='bbox 588 899 926 969; x_wconf 85' lang='grc' dir='ltr'>ἀπεγνωκὼς</span> <span class='ocrx_word' id='word_1_53' title='bbox 959 898 1057 970; x_wconf 80' lang='grc' dir='ltr'>τὴν</span> <span class='ocrx_word' id='word_1_54' title='bbox 1087 901 1188 970; x_wconf 82' lang='grc' dir='ltr'>τῆς</span> <span class='ocrx_word' id='word_1_55' title='bbox 1228 900 1553 970; x_wconf 84' lang='grc' dir='ltr'>Ἐκκλησίας</span> <span class='ocrx_word' id='word_1_56' title='bbox 1586 899 1893 969; x_wconf 82' lang='grc' dir='ltr'><strong>διόρθωσιν.</strong></span> 
     </span>
    </p>
   </div>
   <div class='ocr_carea' id='block_1_9' title="bbox 521 1208 789 1235">
    <p class='ocr_par' dir='ltr' id='par_1_9' title="bbox 521 1208 789 1235">
     <span class='ocr_line' id='line_1_9' title="bbox 521 1208 789 1218; baseline -0.004 -2"><span class='ocrx_word' id='word_1_57' title='bbox 521 1208 789 1218; x_wconf 61' lang='grc' dir='ltr'><strong>--α</strong></span> 
     </span>
     <span class='ocr_line' id='line_1_10' title="bbox 521 1222 789 1235; baseline 0.004 -2"><span class='ocrx_word' id='word_1_58' title='bbox 521 1222 789 1235; x_wconf 63' lang='lat'><strong>_</strong></span> 
     </span>
    </p>
   </div>
   <div class='ocr_carea' id='block_1_10' title="bbox 1688 1204 2211 1219">
    <p class='ocr_par' dir='ltr' id='par_1_10' title="bbox 1688 1204 2211 1219">
     <span class='ocr_line' id='line_1_11' title="bbox 1688 1204 2211 1219; baseline -0.002 0"><span class='ocrx_word' id='word_1_59' title='bbox 1688 1204 2211 1219; x_wconf 40' lang='grc' dir='ltr'><strong>ἣν.ωὴ</strong></span> 
     </span>
    </p>
   </div>
   <div class='ocr_carea' id='block_1_11' title="bbox 774 1208 2204 1239">
    <p class='ocr_par' dir='ltr' id='par_1_11' title="bbox 774 1208 2204 1239">
     <span class='ocr_line' id='line_1_12' title="bbox 774 1208 2204 1239; baseline -0.003 0"><span class='ocrx_word' id='word_1_60' title='bbox 774 1208 2204 1239; x_wconf 55' lang='lat' dir='ltr'><strong>mm</strong></span> 
     </span>
    </p>
   </div>
   <div class='ocr_carea' id='block_1_12' title="bbox 2160 630 3724 699">
    <p class='ocr_par' dir='ltr' id='par_1_12' title="bbox 2160 630 3724 699">
     <span class='ocr_line' id='line_1_13' title="bbox 2160 630 3724 699; baseline -0.002 -15"><span class='ocrx_word' id='word_1_61' title='bbox 2160 630 2368 698; x_wconf 88' lang='lat' dir='ltr'><strong>tuplum</strong></span> <span class='ocrx_word' id='word_1_62' title='bbox 2404 630 2641 683; x_wconf 76' lang='lat' dir='ltr'><strong>fructum</strong></span> <span class='ocrx_word' id='word_1_63' title='bbox 2682 631 2989 684; x_wconf 76' lang='lat' dir='ltr'><strong>reddituros</strong></span> <span class='ocrx_word' id='word_1_64' title='bbox 3016 642 3273 699; x_wconf 85' lang='lat' dir='ltr'><strong>tanquam</strong></span> <span class='ocrx_word' id='word_1_65' title='bbox 3308 630 3360 683; x_wconf 93' lang='lat' dir='ltr'><strong>iu</strong></span> <span class='ocrx_word' id='word_1_66' title='bbox 3396 630 3586 683; x_wconf 86' lang='lat' dir='ltr'><strong>bonam</strong></span> <span class='ocrx_word' id='word_1_67' title='bbox 3617 640 3724 682; x_wconf 89' lang='lat' dir='ltr'><strong>ter-</strong></span> 
     </span>
    </p>
   </div>
   <div class='ocr_carea' id='block_1_13' title="bbox 2153 719 3717 789">
    <p class='ocr_par' dir='ltr' id='par_1_13' title="bbox 2153 719 3717 789">
     <span class='ocr_line' id='line_1_14' title="bbox 2153 719 3717 789; baseline -0.002 -17"><span class='ocrx_word' id='word_1_68' title='bbox 2153 735 2267 773; x_wconf 89' lang='lat' dir='ltr'><strong>ram</strong></span> <span class='ocrx_word' id='word_1_69' title='bbox 2297 719 2592 788; x_wconf 74' lang='lat' dir='ltr'><strong>coniectos.</strong></span> <span class='ocrx_word' id='word_1_70' title='bbox 2625 721 2697 774; x_wconf 86' lang='lat' dir='ltr'><strong>De</strong></span> <span class='ocrx_word' id='word_1_71' title='bbox 2718 736 2826 789; x_wconf 88' lang='lat' dir='ltr'><strong>quo</strong></span> <span class='ocrx_word' id='word_1_72' title='bbox 2852 722 2965 787; x_wconf 88' lang='lat' dir='ltr'><strong>ipse</strong></span> <span class='ocrx_word' id='word_1_73' title='bbox 2994 720 3124 773; x_wconf 74' lang='lat' dir='ltr'><strong>mihi</strong></span> <span class='ocrx_word' id='word_1_74' title='bbox 3170 720 3499 789; x_wconf 83' lang='lat' dir='ltr'><strong>respondeat.</strong></span> <span class='ocrx_word' id='word_1_75' title='bbox 3535 720 3717 777; x_wconf 84' lang='lat' dir='ltr'><strong>velim.</strong></span> 
     </span>
    </p>
   </div>
   <div class='ocr_carea' id='block_1_14' title="bbox 2149 807 3717 880">
    <p class='ocr_par' dir='ltr' id='par_1_14' title="bbox 2149 807 3717 880">
     <span class='ocr_line' id='line_1_15' title="bbox 2149 807 3717 880; baseline -0.004 -16"><span class='ocrx_word' id='word_1_76' title='bbox 2149 821 2206 864; x_wconf 91' lang='lat' dir='ltr'><strong>ut</strong></span> <span class='ocrx_word' id='word_1_77' title='bbox 2225 825 2545 880; x_wconf 81' lang='lat' dir='ltr'><strong>egressurus</strong></span> <span class='ocrx_word' id='word_1_78' title='bbox 2570 825 2633 863; x_wconf 78' lang='lat' dir='ltr'><strong>ex</strong></span> <span class='ocrx_word' id='word_1_79' title='bbox 2662 809 2909 877; x_wconf 75' lang='lat' dir='ltr'><strong>praesenti</strong></span> <span class='ocrx_word' id='word_1_80' title='bbox 2938 809 3069 871; x_wconf 89' lang='lat' dir='ltr'><strong>vita,</strong></span> <span class='ocrx_word' id='word_1_81' title='bbox 3092 809 3306 876; x_wconf 85' lang='lat' dir='ltr'><strong>plenam</strong></span> <span class='ocrx_word' id='word_1_82' title='bbox 3337 807 3717 863; x_wconf 79' lang='lat' dir='ltr'><strong>eertitudinent</strong></span> 
     </span>
    </p>
   </div>
   <div class='ocr_carea' id='block_1_15' title="bbox 2146 897 3718 967">
    <p class='ocr_par' dir='ltr' id='par_1_15' title="bbox 2146 897 3718 967">
     <span class='ocr_line' id='line_1_16' title="bbox 2146 897 3718 967; baseline -0.003 -14"><span class='ocrx_word' id='word_1_83' title='bbox 2146 900 2398 961; x_wconf 84' lang='lat' dir='ltr'><strong>habeam.</strong></span> <span class='ocrx_word' id='word_1_84' title='bbox 2425 914 2528 953; x_wconf 89' lang='lat' dir='ltr'><strong>nec</strong></span> <span class='ocrx_word' id='word_1_85' title='bbox 2559 898 2849 967; x_wconf 88' lang='lat' dir='ltr'><strong>injucunde</strong></span> <span class='ocrx_word' id='word_1_86' title='bbox 2876 915 2940 952; x_wconf 80' lang='lat' dir='ltr'><strong>ex</strong></span> <span class='ocrx_word' id='word_1_87' title='bbox 2988 898 3095 952; x_wconf 88' lang='lat' dir='ltr'><strong>vita</strong></span> <span class='ocrx_word' id='word_1_88' title='bbox 3149 898 3337 951; x_wconf 89' lang='lat' dir='ltr'><strong>abeam</strong></span> <span class='ocrx_word' id='word_1_89' title='bbox 3367 908 3618 967; x_wconf 85' lang='lat' dir='ltr'><strong>tanquam</strong></span> <span class='ocrx_word' id='word_1_90' title='bbox 3653 897 3718 949; x_wconf 87' lang='lat' dir='ltr'><strong>de</strong></span> 
     </span>
    </p>
   </div>
   <div class='ocr_carea' id='block_1_16' title="bbox 2151 986 3368 1057">
    <p class='ocr_par' dir='ltr' id='par_1_16' title="bbox 2151 986 3368 1057">
     <span class='ocr_line' id='line_1_17' title="bbox 2151 986 3368 1057; baseline -0.003 -13"><span class='ocrx_word' id='word_1_91' title='bbox 2151 990 2406 1045; x_wconf 70' lang='lat' dir='ltr'><strong>Ecclesia:</strong></span> <span class='ocrx_word' id='word_1_92' title='bbox 2447 987 2839 1044; x_wconf 78' lang='lat' dir='ltr'><strong>reformatione</strong></span> <span class='ocrx_word' id='word_1_93' title='bbox 2867 986 3022 1056; x_wconf 82' lang='lat' dir='ltr'><strong>plane</strong></span> <span class='ocrx_word' id='word_1_94' title='bbox 3052 989 3368 1057; x_wconf 85' lang='lat' dir='ltr'><strong>desperans.</strong></span> 
     </span>
    </p>
   </div>
   <div class='ocr_carea' id='block_1_17' title="bbox 1260 1360 2931 1513">
    <p class='ocr_par' dir='ltr' id='par_1_17' title="bbox 1260 1360 2931 1513">
     <span class='ocr_line' id='line_1_18' title="bbox 1260 1360 2931 1513; baseline -0.004 -26"><span class='ocrx_word' id='word_1_95' title='bbox 1260 1397 1855 1487; x_wconf 83' lang='grc' dir='ltr'><strong>ΑΠΟΚΡΙΣΙΣ</strong></span> <span class='ocrx_word' id='word_1_96' title='bbox 1942 1398 2175 1485; x_wconf 81' lang='grc' dir='ltr'><strong>ΤΟΥ</strong></span> <span class='ocrx_word' id='word_1_97' title='bbox 2266 1360 2931 1484; x_wconf 76' lang='grc' dir='ltr'><strong>ΣΧΟΑΑΡΙΟΥ.</strong></span> 
     </span>
    </p>
   </div>
   <div class='ocr_carea' id='block_1_18' title="bbox 1377 1767 2813 1861">
    <p class='ocr_par' dir='ltr' id='par_1_18' title="bbox 1377 1767 2813 1861">
     <span class='ocr_line' id='line_1_19' title="bbox 1377 1767 2813 1861; baseline 0 -4"><span class='ocrx_word' id='word_1_98' title='bbox 1377 1769 2039 1861; x_wconf 79' lang='lat' dir='ltr'><strong>RESPONSIO</strong></span> <span class='ocrx_word' id='word_1_99' title='bbox 2122 1767 2813 1860; x_wconf 70' lang='lat' dir='ltr'><strong>SCHOLARII.</strong></span> 
     </span>
    </p>
   </div>
   <div class='ocr_carea' id='block_1_19' title="bbox 556 2112 2113 2191">
    <p class='ocr_par' dir='ltr' id='par_1_19' title="bbox 556 2112 2113 2191">
     <span class='ocr_line' id='line_1_20' title="bbox 556 2112 2113 2191; baseline 0.003 -27"><span class='ocrx_word' id='word_1_100' title='bbox 556 2112 715 2179; x_wconf 84' lang='grc' dir='ltr'>Ἐγὼ,</span> <span class='ocrx_word' id='word_1_101' title='bbox 748 2113 982 2167; x_wconf 80' lang='grc' dir='ltr'>δέσποτά</span> <span class='ocrx_word' id='word_1_102' title='bbox 1014 2130 1114 2180; x_wconf 87' lang='grc' dir='ltr'><strong>μου</strong></span> <span class='ocrx_word' id='word_1_103' title='bbox 1162 2114 1308 2180; x_wconf 78' lang='grc' dir='ltr'>ἅγιε,</span> <span class='ocrx_word' id='word_1_104' title='bbox 1342 2116 1553 2185; x_wconf 76' lang='grc' dir='ltr'>πρῶτον</span> <span class='ocrx_word' id='word_1_105' title='bbox 1594 2118 1691 2187; x_wconf 77' lang='grc' dir='ltr'>μὲν</span> <span class='ocrx_word' id='word_1_106' title='bbox 1731 2116 2038 2191; x_wconf 74' lang='grc' dir='ltr'>εὐχαριστῶ</span> <span class='ocrx_word' id='word_1_107' title='bbox 2073 2120 2113 2179; x_wconf 87' lang='grc' dir='ltr'><strong>Β</strong></span> 
     </span>
    </p>
   </div>
   <div class='ocr_carea' id='block_1_20' title="bbox 470 2202 2037 2281">
    <p class='ocr_par' dir='ltr' id='par_1_20' title="bbox 470 2202 2037 2281">
     <span class='ocr_line' id='line_1_21' title="bbox 470 2202 2037 2281; baseline 0.003 -27"><span class='ocrx_word' id='word_1_108' title='bbox 470 2206 536 2272; x_wconf 82' lang='grc' dir='ltr'><strong>τῇ</strong></span> <span class='ocrx_word' id='word_1_109' title='bbox 594 2206 805 2273; x_wconf 63' lang='grc' dir='ltr'>μεγάλῃ</span> <span class='ocrx_word' id='word_1_110' title='bbox 855 2204 1131 2275; x_wconf 73' lang='grc' dir='ltr'><strong>ἁγιωσύνῃ</strong></span> <span class='ocrx_word' id='word_1_111' title='bbox 1193 2222 1286 2257; x_wconf 89' lang='grc' dir='ltr'><strong>σου</strong></span> <span class='ocrx_word' id='word_1_112' title='bbox 1346 2208 1438 2281; x_wconf 68' lang='grc' dir='ltr'><strong>ἐπὶ</strong></span> <span class='ocrx_word' id='word_1_113' title='bbox 1494 2210 1607 2269; x_wconf 78' lang='grc' dir='ltr'>τοῖς</span> <span class='ocrx_word' id='word_1_114' title='bbox 1659 2209 1901 2269; x_wconf 78' lang='grc' dir='ltr'>ἐπαίνοις</span> <span class='ocrx_word' id='word_1_115' title='bbox 1957 2202 2037 2269; x_wconf 74' lang='grc' dir='ltr'>οἷς</span> 
     </span>
    </p>
   </div>
   <div class='ocr_carea' id='block_1_21' title="bbox 472 2293 2038 2366">
    <p class='ocr_par' dir='ltr' id='par_1_21' title="bbox 472 2293 2038 2366">
     <span class='ocr_line' id='line_1_22' title="bbox 472 2293 2038 2366; baseline 0.005 -23"><span class='ocrx_word' id='word_1_116' title='bbox 472 2293 692 2361; x_wconf 59' lang='grc' dir='ltr'>ἐχρήσω</span> <span class='ocrx_word' id='word_1_117' title='bbox 753 2296 832 2355; x_wconf 80' lang='grc' dir='ltr'>εἰς</span> <span class='ocrx_word' id='word_1_118' title='bbox 881 2295 1002 2363; x_wconf 69' lang='grc' dir='ltr'>ἐμὲ,</span> <span class='ocrx_word' id='word_1_119' title='bbox 1061 2295 1143 2347; x_wconf 83' lang='grc' dir='ltr'>ὅτι</span> <span class='ocrx_word' id='word_1_120' title='bbox 1192 2295 1473 2364; x_wconf 69' lang='grc' dir='ltr'>βουληθεὶς</span> <span class='ocrx_word' id='word_1_121' title='bbox 1530 2298 1654 2366; x_wconf 71' lang='grc' dir='ltr'>ἐμοὶ</span> <span class='ocrx_word' id='word_1_122' title='bbox 1708 2298 2038 2366; x_wconf 83' lang='grc' dir='ltr'>χαρίσασθαι</span> 
     </span>
    </p>
   </div>
   <div class='ocr_carea' id='block_1_22' title="bbox 469 2384 2095 2458">
    <p class='ocr_par' dir='ltr' id='par_1_22' title="bbox 469 2384 2095 2458">
     <span class='ocr_line' id='line_1_23' title="bbox 469 2384 2095 2458; baseline 0.006 -25"><span class='ocrx_word' id='word_1_123' title='bbox 469 2384 1004 2453; x_wconf 75' lang='grc' dir='ltr'>προσεμαρτύρησὰς</span> <span class='ocrx_word' id='word_1_124' title='bbox 1048 2404 1157 2453; x_wconf 86' lang='grc' dir='ltr'>μοι,</span> <span class='ocrx_word' id='word_1_125' title='bbox 1185 2387 1282 2439; x_wconf 81' lang='grc' dir='ltr'>ὅσα</span> <span class='ocrx_word' id='word_1_126' title='bbox 1308 2388 1407 2439; x_wconf 82' lang='grc' dir='ltr'>οὐκ</span> <span class='ocrx_word' id='word_1_127' title='bbox 1441 2388 1550 2455; x_wconf 80' lang='grc' dir='ltr'><strong>ἔχω</strong></span> <span class='ocrx_word' id='word_1_128' title='bbox 1596 2389 1703 2441; x_wconf 74' lang='grc' dir='ltr'><strong>οὐδ’</strong></span> <span class='ocrx_word' id='word_1_129' title='bbox 1738 2390 2037 2458; x_wconf 76' lang='grc' dir='ltr'>ἐπίσταμαι</span> <span class='ocrx_word' id='word_1_130' title='bbox 2092 2396 2095 2399; x_wconf 40' lang='grc' dir='ltr'><strong>λ</strong></span> 
     </span>
    </p>
   </div>
   <div class='ocr_carea' id='block_1_23' title="bbox 468 2476 2077 2550">
    <p class='ocr_par' dir='ltr' id='par_1_23' title="bbox 468 2476 2077 2550">
     <span class='ocr_line' id='line_1_24' title="bbox 468 2476 2077 2550; baseline 0.006 -24"><span class='ocrx_word' id='word_1_131' title='bbox 468 2478 750 2543; x_wconf 78' lang='grc' dir='ltr'>προσεῖναί</span> <span class='ocrx_word' id='word_1_132' title='bbox 787 2495 899 2546; x_wconf 89' lang='grc' dir='ltr'>μοι.</span> <span class='ocrx_word' id='word_1_133' title='bbox 946 2478 1103 2531; x_wconf 77' lang='grc' dir='ltr'>Ἀλλὰ</span> <span class='ocrx_word' id='word_1_134' title='bbox 1132 2478 1291 2532; x_wconf 82' lang='grc' dir='ltr'>τοῦτό</span> <span class='ocrx_word' id='word_1_135' title='bbox 1324 2484 1437 2532; x_wconf 82' lang='grc' dir='ltr'>ἐστι</span> <span class='ocrx_word' id='word_1_136' title='bbox 1474 2481 1570 2549; x_wconf 73' lang='grc' dir='ltr'>τῆς</span> <span class='ocrx_word' id='word_1_137' title='bbox 1603 2481 1778 2550; x_wconf 82' lang='grc' dir='ltr'>ἄκρας</span> <span class='ocrx_word' id='word_1_138' title='bbox 1807 2482 2038 2535; x_wconf 84' lang='grc' dir='ltr'>καλοκα-</span> <span class='ocrx_word' id='word_1_139' title='bbox 2076 2476 2077 2479; x_wconf 29' lang='grc'><em>“</em></span> 
     </span>
    </p>
   </div>
   <div class='ocr_carea' id='block_1_24' title="bbox 468 2569 2038 2639">
    <p class='ocr_par' dir='ltr' id='par_1_24' title="bbox 468 2569 2038 2639">
     <span class='ocr_line' id='line_1_25' title="bbox 468 2569 2038 2639; baseline 0.005 -21"><span class='ocrx_word' id='word_1_140' title='bbox 468 2569 663 2633; x_wconf 80' lang='grc' dir='ltr'>γαθὶας</span> <span class='ocrx_word' id='word_1_141' title='bbox 689 2571 781 2621; x_wconf 70' lang='grc' dir='ltr'><strong>καὶ</strong></span> <span class='ocrx_word' id='word_1_142' title='bbox 813 2570 1014 2638; x_wconf 74' lang='grc' dir='ltr'>ἀρετῆς</span> <span class='ocrx_word' id='word_1_143' title='bbox 1050 2571 1143 2639; x_wconf 69' lang='grc' dir='ltr'><strong>καὶ</strong></span> <span class='ocrx_word' id='word_1_144' title='bbox 1168 2572 1358 2637; x_wconf 75' lang='grc' dir='ltr'>σοφίας</span> <span class='ocrx_word' id='word_1_145' title='bbox 1390 2571 1487 2639; x_wconf 78' lang='grc' dir='ltr'>τῆς</span> <span class='ocrx_word' id='word_1_146' title='bbox 1522 2572 1763 2639; x_wconf 72' lang='grc' dir='ltr'>μεγάλης</span> <span class='ocrx_word' id='word_1_147' title='bbox 1804 2573 2038 2639; x_wconf 80' lang='grc' dir='ltr'>ἁγιωσύ-</span> 
     </span>
    </p>
   </div>
   <div class='ocr_carea' id='block_1_25' title="bbox 466 2660 2037 2732">
    <p class='ocr_par' dir='ltr' id='par_1_25' title="bbox 466 2660 2037 2732">
     <span class='ocr_line' id='line_1_26' title="bbox 466 2660 2037 2732; baseline 0.006 -24"><span class='ocrx_word' id='word_1_148' title='bbox 466 2676 563 2725; x_wconf 85' lang='grc' dir='ltr'><strong>νης</strong></span> <span class='ocrx_word' id='word_1_149' title='bbox 594 2676 708 2721; x_wconf 88' lang='grc' dir='ltr'>σου,</span> <span class='ocrx_word' id='word_1_150' title='bbox 738 2660 803 2729; x_wconf 83' lang='grc' dir='ltr'>ἢν</span> <span class='ocrx_word' id='word_1_151' title='bbox 832 2662 922 2712; x_wconf 67' lang='grc' dir='ltr'><strong>καὶ</strong></span> <span class='ocrx_word' id='word_1_152' title='bbox 951 2661 1110 2722; x_wconf 72' lang='grc' dir='ltr'>αὐτὸς</span> <span class='ocrx_word' id='word_1_153' title='bbox 1140 2663 1293 2723; x_wconf 75' lang='grc' dir='ltr'>εἰδὼς</span> <span class='ocrx_word' id='word_1_154' title='bbox 1324 2662 1382 2727; x_wconf 75' lang='grc' dir='ltr'><strong>ἐξ</strong></span> <span class='ocrx_word' id='word_1_155' title='bbox 1408 2664 1580 2732; x_wconf 80' lang='grc' dir='ltr'>ἀρχῆς</span> <span class='ocrx_word' id='word_1_156' title='bbox 1603 2665 1695 2715; x_wconf 79' lang='grc' dir='ltr'>καὶ</span> <span class='ocrx_word' id='word_1_157' title='bbox 1718 2664 2037 2732; x_wconf 74' lang='grc' dir='ltr'>θαυμάζων,</span> 
     </span>
    </p>
   </div>
   <div class='ocr_carea' id='block_1_26' title="bbox 464 2746 2055 2823">
    <p class='ocr_par' dir='ltr' id='par_1_26' title="bbox 464 2746 2055 2823">
     <span class='ocr_line' id='line_1_27' title="bbox 464 2746 2055 2823; baseline 0.004 -21"><span class='ocrx_word' id='word_1_158' title='bbox 464 2752 526 2802; x_wconf 84' lang='grc' dir='ltr'>οὑ</span> <span class='ocrx_word' id='word_1_159' title='bbox 555 2750 792 2803; x_wconf 77' lang='grc' dir='ltr'>διέλιπον</span> <span class='ocrx_word' id='word_1_160' title='bbox 844 2754 899 2814; x_wconf 81' lang='grc' dir='ltr'>ἐς</span> <span class='ocrx_word' id='word_1_161' title='bbox 936 2752 1093 2821; x_wconf 77' lang='grc' dir='ltr'>δεῦρο</span> <span class='ocrx_word' id='word_1_162' title='bbox 1121 2753 1223 2805; x_wconf 83' lang='grc' dir='ltr'>ὅσα</span> <span class='ocrx_word' id='word_1_163' title='bbox 1260 2756 1425 2823; x_wconf 78' lang='grc' dir='ltr'>πατρὶ</span> <span class='ocrx_word' id='word_1_164' title='bbox 1472 2754 1561 2820; x_wconf 71' lang='grc' dir='ltr'>καὶ</span> <span class='ocrx_word' id='word_1_165' title='bbox 1605 2754 1907 2821; x_wconf 71' lang='grc' dir='ltr'>διδασκάλῳ</span> <span class='ocrx_word' id='word_1_166' title='bbox 1944 2746 2055 2808; x_wconf 72' lang='grc' dir='ltr'><strong>καὶ¹</strong></span> 
     </span>
    </p>
   </div>
   <div class='ocr_carea' id='block_1_27' title="bbox 464 2828 2035 2915">
    <p class='ocr_par' dir='ltr' id='par_1_27' title="bbox 464 2828 2035 2915">
     <span class='ocr_line' id='line_1_28' title="bbox 464 2828 2035 2915; baseline 0.004 -25"><span class='ocrx_word' id='word_1_167' title='bbox 464 2842 802 2911; x_wconf 73' lang='grc' dir='ltr'><strong>παιδαγωγῷ</strong></span> <span class='ocrx_word' id='word_1_168' title='bbox 863 2828 1157 2910; x_wconf 77' lang='grc' dir='ltr'>ὀφείλεται,</span> <span class='ocrx_word' id='word_1_169' title='bbox 1205 2844 1438 2897; x_wconf 79' lang='grc' dir='ltr'><strong>ἐκτελῶν</strong></span> <span class='ocrx_word' id='word_1_170' title='bbox 1500 2832 1578 2904; x_wconf 85' lang='grc' dir='ltr'><strong>είς</strong></span> <span class='ocrx_word' id='word_1_171' title='bbox 1640 2847 1736 2915; x_wconf 80' lang='grc' dir='ltr'>τὴν</span> <span class='ocrx_word' id='word_1_172' title='bbox 1794 2847 2035 2914; x_wconf 77' lang='grc' dir='ltr'><strong>μεγάλην</strong></span> 
     </span>
    </p>
   </div>
   <div class='ocr_carea' id='block_1_28' title="bbox 464 2933 2032 3008">
    <p class='ocr_par' dir='ltr' id='par_1_28' title="bbox 464 2933 2032 3008">
     <span class='ocr_line' id='line_1_29' title="bbox 464 2933 2032 3008; baseline 0.003 -24"><span class='ocrx_word' id='word_1_173' title='bbox 464 2933 774 2999; x_wconf 76' lang='grc' dir='ltr'><strong>ἁγιωσύνην</strong></span> <span class='ocrx_word' id='word_1_174' title='bbox 837 2950 951 2997; x_wconf 86' lang='grc' dir='ltr'>σου,</span> <span class='ocrx_word' id='word_1_175' title='bbox 1007 2934 1101 2986; x_wconf 70' lang='grc' dir='ltr'>καὶ</span> <span class='ocrx_word' id='word_1_176' title='bbox 1154 2936 1230 2996; x_wconf 80' lang='grc' dir='ltr'>ὡς</span> <span class='ocrx_word' id='word_1_177' title='bbox 1289 2936 1471 2987; x_wconf 73' lang='grc' dir='ltr'>κανόνι</span> <span class='ocrx_word' id='word_1_178' title='bbox 1519 2935 1799 3005; x_wconf 83' lang='grc' dir='ltr'>χρώμενος</span> <span class='ocrx_word' id='word_1_179' title='bbox 1846 2939 1909 3007; x_wconf 78' lang='grc' dir='ltr'>τῇ</span> <span class='ocrx_word' id='word_1_180' title='bbox 1968 2940 2032 3008; x_wconf 81' lang='grc' dir='ltr'>σῇ</span> 
     </span>
    </p>
   </div>
   <div class='ocr_carea' id='block_1_29' title="bbox 462 3024 2035 3097">
    <p class='ocr_par' dir='ltr' id='par_1_29' title="bbox 462 3024 2035 3097">
     <span class='ocr_line' id='line_1_30' title="bbox 462 3024 2035 3097; baseline 0.004 -24"><span class='ocrx_word' id='word_1_181' title='bbox 462 3024 679 3094; x_wconf 81' lang='grc' dir='ltr'>γνώμῃ,</span> <span class='ocrx_word' id='word_1_182' title='bbox 710 3029 807 3091; x_wconf 74' lang='grc' dir='ltr'>τῆς</span> <span class='ocrx_word' id='word_1_183' title='bbox 835 3043 891 3077; x_wconf 87' lang='grc' dir='ltr'><strong>τε</strong></span> <span class='ocrx_word' id='word_1_184' title='bbox 922 3029 980 3079; x_wconf 84' lang='grc' dir='ltr'>ἐν</span> <span class='ocrx_word' id='word_1_185' title='bbox 1025 3027 1291 3093; x_wconf 76' lang='grc' dir='ltr'><strong>δόγμασιν</strong></span> <span class='ocrx_word' id='word_1_186' title='bbox 1321 3027 1629 3094; x_wconf 80' lang='grc' dir='ltr'>ἀκριϐείας,</span> <span class='ocrx_word' id='word_1_187' title='bbox 1660 3028 1752 3080; x_wconf 71' lang='grc' dir='ltr'>καὶ</span> <span class='ocrx_word' id='word_1_188' title='bbox 1789 3029 1885 3097; x_wconf 82' lang='grc' dir='ltr'>τῆς</span> <span class='ocrx_word' id='word_1_189' title='bbox 1927 3029 2035 3081; x_wconf 83' lang='grc' dir='ltr'><strong>τῶν</strong></span> 
     </span>
    </p>
   </div>
   <div class='ocr_carea' id='block_1_30' title="bbox 461 3113 2035 3190">
    <p class='ocr_par' dir='ltr' id='par_1_30' title="bbox 461 3113 2035 3190">
     <span class='ocr_line' id='line_1_31' title="bbox 461 3113 2035 3190; baseline 0.004 -22"><span class='ocrx_word' id='word_1_190' title='bbox 461 3118 634 3183; x_wconf 83' lang='grc' dir='ltr'>λόγων</span> <span class='ocrx_word' id='word_1_191' title='bbox 661 3116 974 3187; x_wconf 83' lang='grc' dir='ltr'>ὀρθότητος,</span> <span class='ocrx_word' id='word_1_192' title='bbox 1023 3113 1105 3177; x_wconf 75' lang='grc' dir='ltr'>οἷς</span> <span class='ocrx_word' id='word_1_193' title='bbox 1156 3119 1222 3171; x_wconf 80' lang='grc' dir='ltr'>ἂν</span> <span class='ocrx_word' id='word_1_194' title='bbox 1273 3122 1687 3190; x_wconf 80' lang='grc' dir='ltr'>ἔνασμενὶσειας</span> <span class='ocrx_word' id='word_1_195' title='bbox 1734 3122 1826 3173; x_wconf 74' lang='grc' dir='ltr'>καὶ</span> <span class='ocrx_word' id='word_1_196' title='bbox 1874 3122 2035 3186; x_wconf 76' lang='grc' dir='ltr'>αὐτὸς</span> 
     </span>
    </p>
   </div>
   <div class='ocr_carea' id='block_1_31' title="bbox 466 3210 2038 3283">
    <p class='ocr_par' dir='ltr' id='par_1_31' title="bbox 466 3210 2038 3283">
     <span class='ocr_line' id='line_1_32' title="bbox 466 3210 2038 3283; baseline 0.004 -22"><span class='ocrx_word' id='word_1_197' title='bbox 466 3210 868 3279; x_wconf 74' lang='grc' dir='ltr'><strong>συντιθέμενος.</strong></span> <span class='ocrx_word' id='word_1_198' title='bbox 901 3211 1006 3265; x_wconf 79' lang='grc' dir='ltr'><strong>Καὶ</strong></span> <span class='ocrx_word' id='word_1_199' title='bbox 1033 3213 1131 3264; x_wconf 84' lang='grc' dir='ltr'>ὅσα</span> <span class='ocrx_word' id='word_1_200' title='bbox 1165 3211 1239 3281; x_wconf 80' lang='grc' dir='ltr'>μὴ</span> <span class='ocrx_word' id='word_1_201' title='bbox 1270 3213 1411 3265; x_wconf 88' lang='grc' dir='ltr'><strong>κατὰ</strong></span> <span class='ocrx_word' id='word_1_202' title='bbox 1445 3212 1672 3283; x_wconf 82' lang='grc' dir='ltr'>γνώμην</span> <span class='ocrx_word' id='word_1_203' title='bbox 1719 3214 1772 3266; x_wconf 83' lang='grc' dir='ltr'><strong>δὲ</strong></span> <span class='ocrx_word' id='word_1_204' title='bbox 1802 3214 1901 3281; x_wconf 73' lang='grc' dir='ltr'>σὴν</span> <span class='ocrx_word' id='word_1_205' title='bbox 1946 3216 2038 3268; x_wconf 76' lang='grc' dir='ltr'>ἁν·</span> 
     </span>
    </p>
   </div>
   <div class='ocr_carea' id='block_1_32' title="bbox 461 3301 2035 3373">
    <p class='ocr_par' dir='ltr' id='par_1_32' title="bbox 461 3301 2035 3373">
     <span class='ocr_line' id='line_1_33' title="bbox 461 3301 2035 3373; baseline 0.004 -21"><span class='ocrx_word' id='word_1_206' title='bbox 461 3301 782 3363; x_wconf 79' lang='grc' dir='ltr'>ενδοιάστως</span> <span class='ocrx_word' id='word_1_207' title='bbox 812 3305 1015 3357; x_wconf 88' lang='grc' dir='ltr'>τούτων</span> <span class='ocrx_word' id='word_1_208' title='bbox 1040 3303 1460 3372; x_wconf 70' lang='grc' dir='ltr'><strong>ἐκτρεπόμενος,</strong></span> <span class='ocrx_word' id='word_1_209' title='bbox 1486 3303 1585 3373; x_wconf 82' lang='grc' dir='ltr'>τὴν</span> <span class='ocrx_word' id='word_1_210' title='bbox 1608 3304 1698 3355; x_wconf 80' lang='grc' dir='ltr'>τοῦ</span> <span class='ocrx_word' id='word_1_211' title='bbox 1724 3305 1911 3368; x_wconf 83' lang='grc' dir='ltr'>παιδὸς</span> <span class='ocrx_word' id='word_1_212' title='bbox 1943 3308 2035 3359; x_wconf 63' lang='grc' dir='ltr'><strong>καὶ¹</strong></span> 
     </span>
    </p>
   </div>
   <div class='ocr_carea' id='block_1_33' title="bbox 466 3393 2033 3467">
    <p class='ocr_par' dir='ltr' id='par_1_33' title="bbox 466 3393 2033 3467">
     <span class='ocr_line' id='line_1_34' title="bbox 466 3393 2033 3467; baseline 0.006 -24"><span class='ocrx_word' id='word_1_213' title='bbox 466 3393 711 3461; x_wconf 86' lang='grc' dir='ltr'>μαθητοῦ</span> <span class='ocrx_word' id='word_1_214' title='bbox 744 3394 895 3458; x_wconf 81' lang='grc' dir='ltr'>τὰΞιν</span> <span class='ocrx_word' id='word_1_215' title='bbox 921 3398 1107 3464; x_wconf 78' lang='grc' dir='ltr'>τηρεῖν</span> <span class='ocrx_word' id='word_1_216' title='bbox 1145 3396 1280 3464; x_wconf 73' lang='grc' dir='ltr'>πρὸς</span> <span class='ocrx_word' id='word_1_217' title='bbox 1316 3397 1415 3466; x_wconf 83' lang='grc' dir='ltr'>τὴν</span> <span class='ocrx_word' id='word_1_218' title='bbox 1450 3398 1692 3467; x_wconf 77' lang='grc' dir='ltr'>μεγάλην</span> <span class='ocrx_word' id='word_1_219' title='bbox 1724 3400 2033 3467; x_wconf 77' lang='grc' dir='ltr'>ἁγιωσύνην</span> 
     </span>
    </p>
   </div>
   <div class='ocr_carea' id='block_1_34' title="bbox 461 3470 2103 3561">
    <p class='ocr_par' dir='ltr' id='par_1_34' title="bbox 461 3470 2103 3561">
     <span class='ocr_line' id='line_1_35' title="bbox 461 3470 2103 3561; baseline 0.005 -26"><span class='ocrx_word' id='word_1_220' title='bbox 461 3502 554 3535; x_wconf 80' lang='grc' dir='ltr'><strong>σου</strong></span> <span class='ocrx_word' id='word_1_221' title='bbox 588 3485 687 3536; x_wconf 81' lang='grc' dir='ltr'>οὐκ</span> <span class='ocrx_word' id='word_1_222' title='bbox 723 3486 1007 3553; x_wconf 81' lang='grc' dir='ltr'>ἀπηξίωσα</span> <span class='ocrx_word' id='word_1_223' title='bbox 1036 3487 1278 3550; x_wconf 78' lang='grc' dir='ltr'>πώποτε,</span> <span class='ocrx_word' id='word_1_224' title='bbox 1310 3488 1546 3558; x_wconf 77' lang='grc' dir='ltr'>μάρτυρι</span> <span class='ocrx_word' id='word_1_225' title='bbox 1588 3487 1867 3557; x_wconf 74' lang='grc' dir='ltr'>χρώμενος</span> <span class='ocrx_word' id='word_1_226' title='bbox 1896 3490 2031 3561; x_wconf 85' lang='grc' dir='ltr'>πρὸς</span> <span class='ocrx_word' id='word_1_227' title='bbox 2060 3470 2103 3528; x_wconf 74' lang='lat' dir='ltr'><strong>C</strong></span> 
     </span>
    </p>
   </div>
   <div class='ocr_carea' id='block_1_35' title="bbox 459 3576 2034 3652">
    <p class='ocr_par' dir='ltr' id='par_1_35' title="bbox 459 3576 2034 3652">
     <span class='ocr_line' id='line_1_36' title="bbox 459 3576 2034 3652; baseline 0.006 -25"><span class='ocrx_word' id='word_1_228' title='bbox 459 3576 633 3630; x_wconf 78' lang='grc' dir='ltr'>ταῦτα</span> <span class='ocrx_word' id='word_1_229' title='bbox 680 3580 746 3647; x_wconf 76' lang='grc' dir='ltr'>τῇ</span> <span class='ocrx_word' id='word_1_230' title='bbox 788 3578 1000 3648; x_wconf 80' lang='grc' dir='ltr'>μεγάλῃ</span> <span class='ocrx_word' id='word_1_231' title='bbox 1048 3580 1329 3652; x_wconf 79' lang='grc' dir='ltr'>ἁγιωσύνῃ</span> <span class='ocrx_word' id='word_1_232' title='bbox 1360 3598 1479 3635; x_wconf 90' lang='grc' dir='ltr'>σου.</span> <span class='ocrx_word' id='word_1_233' title='bbox 1517 3577 1677 3644; x_wconf 78' lang='grc' dir='ltr'>Οἶδας</span> <span class='ocrx_word' id='word_1_234' title='bbox 1711 3581 1785 3643; x_wconf 82' lang='grc' dir='ltr'><strong>ὡς</strong></span> <span class='ocrx_word' id='word_1_235' title='bbox 1818 3583 1904 3635; x_wconf 80' lang='grc' dir='ltr'>ἀεὶ</span> <span class='ocrx_word' id='word_1_236' title='bbox 1944 3586 2034 3638; x_wconf 83' lang='grc' dir='ltr'>τὸν</span> 
     </span>
    </p>
   </div>
   <div class='ocr_carea' id='block_1_36' title="bbox 458 3672 2033 3745">
    <p class='ocr_par' dir='ltr' id='par_1_36' title="bbox 458 3672 2033 3745">
     <span class='ocr_line' id='line_1_37' title="bbox 458 3672 2033 3745; baseline 0.006 -24"><span class='ocrx_word' id='word_1_237' title='bbox 458 3672 662 3739; x_wconf 75' lang='grc' dir='ltr'>τρόπον</span> <span class='ocrx_word' id='word_1_238' title='bbox 702 3672 893 3723; x_wconf 81' lang='grc' dir='ltr'>τοῦτόν</span> <span class='ocrx_word' id='word_1_239' title='bbox 934 3689 1012 3725; x_wconf 81' lang='grc' dir='ltr'><strong>σοι</strong></span> <span class='ocrx_word' id='word_1_240' title='bbox 1055 3674 1472 3744; x_wconf 87' lang='grc' dir='ltr'>προσηρχόμην,</span> <span class='ocrx_word' id='word_1_241' title='bbox 1507 3675 1599 3726; x_wconf 73' lang='grc' dir='ltr'>καὶ</span> <span class='ocrx_word' id='word_1_242' title='bbox 1633 3675 1905 3744; x_wconf 83' lang='grc' dir='ltr'>βαθύτερα</span> <span class='ocrx_word' id='word_1_243' title='bbox 1937 3676 2033 3745; x_wconf 83' lang='grc' dir='ltr'>τῆς</span> 
     </span>
    </p>
   </div>
   <div class='ocr_carea' id='block_1_37' title="bbox 458 3761 2034 3833">
    <p class='ocr_par' dir='ltr' id='par_1_37' title="bbox 458 3761 2034 3833">
     <span class='ocr_line' id='line_1_38' title="bbox 458 3761 2034 3833; baseline 0.004 -20"><span class='ocrx_word' id='word_1_244' title='bbox 458 3762 602 3829; x_wconf 72' lang='grc' dir='ltr'><strong>ἐμῆς</strong></span> <span class='ocrx_word' id='word_1_245' title='bbox 649 3762 888 3825; x_wconf 79' lang='grc' dir='ltr'>διανοίας</span> <span class='ocrx_word' id='word_1_246' title='bbox 920 3761 1339 3830; x_wconf 82' lang='grc' dir='ltr'>ἀνακαλύπτων,</span> <span class='ocrx_word' id='word_1_247' title='bbox 1389 3765 1644 3827; x_wconf 79' lang='grc' dir='ltr'>τοιαύτας</span> <span class='ocrx_word' id='word_1_248' title='bbox 1697 3766 1902 3833; x_wconf 77' lang='grc' dir='ltr'>ἐγγύας</span> <span class='ocrx_word' id='word_1_249' title='bbox 1953 3785 2034 3819; x_wconf 92' lang='grc' dir='ltr'><strong>σοι</strong></span> 
     </span>
    </p>
   </div>
   <div class='ocr_carea' id='block_1_38' title="bbox 462 3852 2032 3927">
    <p class='ocr_par' dir='ltr' id='par_1_38' title="bbox 462 3852 2032 3927">
     <span class='ocr_line' id='line_1_39' title="bbox 462 3852 2032 3927; baseline 0.005 -25"><span class='ocrx_word' id='word_1_250' title='bbox 462 3852 835 3921; x_wconf 83' lang='grc' dir='ltr'>παρετιθέμην</span> <span class='ocrx_word' id='word_1_251' title='bbox 862 3866 874 3880; x_wconf 87' lang='grc'><em>’</em></span> <span class='ocrx_word' id='word_1_252' title='bbox 908 3853 1002 3905; x_wconf 72' lang='grc' dir='ltr'>καὶ</span> <span class='ocrx_word' id='word_1_253' title='bbox 1056 3854 1148 3907; x_wconf 78' lang='grc' dir='ltr'>τοῦ</span> <span class='ocrx_word' id='word_1_254' title='bbox 1202 3855 1283 3907; x_wconf 86' lang='grc' dir='ltr'>ὅτι</span> <span class='ocrx_word' id='word_1_255' title='bbox 1342 3854 1398 3907; x_wconf 79' lang='grc' dir='ltr'>ἐν</span> <span class='ocrx_word' id='word_1_256' title='bbox 1441 3873 1549 3908; x_wconf 84' lang='grc' dir='ltr'>τισι</span> <span class='ocrx_word' id='word_1_257' title='bbox 1590 3856 1699 3909; x_wconf 85' lang='grc' dir='ltr'><strong>τῶν</strong></span> <span class='ocrx_word' id='word_1_258' title='bbox 1726 3857 1935 3927; x_wconf 72' lang='grc' dir='ltr'>καιρῶν</span> <span class='ocrx_word' id='word_1_259' title='bbox 1973 3858 2032 3910; x_wconf 83' lang='grc' dir='ltr'>οὐ</span> 
     </span>
    </p>
   </div>
   <div class='ocr_carea' id='block_1_39' title="bbox 463 3942 2035 4017">
    <p class='ocr_par' dir='ltr' id='par_1_39' title="bbox 463 3942 2035 4017">
     <span class='ocr_line' id='line_1_40' title="bbox 463 3942 2035 4017; baseline 0.004 -24"><span class='ocrx_word' id='word_1_260' title='bbox 463 3942 715 4011; x_wconf 80' lang='grc' dir='ltr'>φανερῶς</span> <span class='ocrx_word' id='word_1_261' title='bbox 742 3943 1058 4012; x_wconf 79' lang='grc' dir='ltr'>ἁπεόυόμην</span> <span class='ocrx_word' id='word_1_262' title='bbox 1093 3945 1228 4010; x_wconf 74' lang='grc' dir='ltr'>πρὸς</span> <span class='ocrx_word' id='word_1_263' title='bbox 1253 3944 1376 4007; x_wconf 79' lang='grc' dir='ltr'>τοὺς</span> <span class='ocrx_word' id='word_1_264' title='bbox 1410 3943 1628 4011; x_wconf 84' lang='grc' dir='ltr'>ἀγῶνας</span> <span class='ocrx_word' id='word_1_265' title='bbox 1652 3944 1744 4008; x_wconf 80' lang='grc' dir='ltr'>οὓς</span> <span class='ocrx_word' id='word_1_266' title='bbox 1778 3947 1809 4015; x_wconf 83' lang='grc' dir='ltr'>ἡ</span> <span class='ocrx_word' id='word_1_267' title='bbox 1838 3947 1903 4017; x_wconf 81' lang='grc' dir='ltr'>σὴ</span> <span class='ocrx_word' id='word_1_268' title='bbox 1940 3965 2035 4016; x_wconf 83' lang='grc' dir='ltr'>με·</span> 
     </span>
    </p>
   </div>
   <div class='ocr_carea' id='block_1_40' title="bbox 488 4033 2034 4107">
    <p class='ocr_par' dir='ltr' id='par_1_40' title="bbox 488 4033 2034 4107">
     <span class='ocr_line' id='line_1_41' title="bbox 488 4033 2034 4107; baseline 0.006 -24"><span class='ocrx_word' id='word_1_269' title='bbox 488 4034 618 4103; x_wconf 74' lang='grc' dir='ltr'>-εστη</span> <span class='ocrx_word' id='word_1_270' title='bbox 686 4033 969 4105; x_wconf 87' lang='grc' dir='ltr'>ἁγιωσύνη</span> <span class='ocrx_word' id='word_1_271' title='bbox 1020 4035 1334 4105; x_wconf 65' lang='grc' dir='ltr'>ἠγωνίζετο,</span> <span class='ocrx_word' id='word_1_272' title='bbox 1396 4036 1531 4089; x_wconf 76' lang='grc' dir='ltr'>ἀλλὰ</span> <span class='ocrx_word' id='word_1_273' title='bbox 1588 4040 1764 4107; x_wconf 80' lang='grc' dir='ltr'>σιωπῇ</span> <span class='ocrx_word' id='word_1_274' title='bbox 1812 4040 2034 4103; x_wconf 79' lang='grc' dir='ltr'>τούτους</span> 
     </span>
    </p>
   </div>
   <div class='ocr_carea' id='block_1_41' title="bbox 460 4127 2031 4199">
    <p class='ocr_par' dir='ltr' id='par_1_41' title="bbox 460 4127 2031 4199">
     <span class='ocr_line' id='line_1_42' title="bbox 460 4127 2031 4199; baseline 0.003 -19"><span class='ocrx_word' id='word_1_275' title='bbox 460 4127 815 4196; x_wconf 78' lang='grc' dir='ltr'>παρέρχομαι</span> <span class='ocrx_word' id='word_1_276' title='bbox 858 4127 982 4190; x_wconf 82' lang='grc' dir='ltr'>τοὺς</span> <span class='ocrx_word' id='word_1_277' title='bbox 1015 4128 1230 4196; x_wconf 76' lang='grc' dir='ltr'>λόγους,</span> <span class='ocrx_word' id='word_1_278' title='bbox 1264 4127 1419 4181; x_wconf 81' lang='grc' dir='ltr'>τοῦτο</span> <span class='ocrx_word' id='word_1_279' title='bbox 1463 4128 1640 4192; x_wconf 78' lang='grc' dir='ltr'>οὐδεὶς</span> <span class='ocrx_word' id='word_1_280' title='bbox 1672 4130 1881 4199; x_wconf 83' lang='grc' dir='ltr'>βέλτιον</span> <span class='ocrx_word' id='word_1_281' title='bbox 1926 4128 2031 4184; x_wconf 78' lang='grc' dir='ltr'>οἶδε</span> 
     </span>
    </p>
   </div>
   <div class='ocr_carea' id='block_1_42' title="bbox 461 4222 2036 4293">
    <p class='ocr_par' dir='ltr' id='par_1_42' title="bbox 461 4222 2036 4293">
     <span class='ocr_line' id='line_1_43' title="bbox 461 4222 2036 4293; baseline 0.002 -18"><span class='ocrx_word' id='word_1_282' title='bbox 461 4225 562 4287; x_wconf 74' lang='grc' dir='ltr'>τῆς</span> <span class='ocrx_word' id='word_1_283' title='bbox 595 4223 836 4293; x_wconf 76' lang='grc' dir='ltr'>μεγάλης</span> <span class='ocrx_word' id='word_1_284' title='bbox 866 4224 1177 4293; x_wconf 80' lang='grc' dir='ltr'>ἁγιωσύνης</span> <span class='ocrx_word' id='word_1_285' title='bbox 1205 4241 1321 4288; x_wconf 90' lang='grc' dir='ltr'>σου,</span> <span class='ocrx_word' id='word_1_286' title='bbox 1354 4222 1476 4276; x_wconf 75' lang='grc' dir='ltr'>ἐπεὶ</span> <span class='ocrx_word' id='word_1_287' title='bbox 1504 4224 1597 4276; x_wconf 77' lang='grc' dir='ltr'>καὶ</span> <span class='ocrx_word' id='word_1_288' title='bbox 1629 4224 1887 4288; x_wconf 81' lang='grc' dir='ltr'>πολλάκις</span> <span class='ocrx_word' id='word_1_289' title='bbox 1911 4228 2036 4289; x_wconf 68' lang='grc' dir='ltr'>τοὺς</span> 
     </span>
    </p>
   </div>
   <div class='ocr_carea' id='block_1_43' title="bbox 462 4316 2032 4387">
    <p class='ocr_par' dir='ltr' id='par_1_43' title="bbox 462 4316 2032 4387">
     <span class='ocr_line' id='line_1_44' title="bbox 462 4316 2032 4387; baseline 0.003 -21"><span class='ocrx_word' id='word_1_290' title='bbox 462 4316 755 4385; x_wconf 82' lang='grc' dir='ltr'>λογισμούς</span> <span class='ocrx_word' id='word_1_291' title='bbox 793 4316 893 4384; x_wconf 89' lang='grc' dir='ltr'><strong>μού</strong></span> <span class='ocrx_word' id='word_1_292' title='bbox 928 4334 1009 4369; x_wconf 84' lang='grc' dir='ltr'><strong>σοι</strong></span> <span class='ocrx_word' id='word_1_293' title='bbox 1034 4316 1335 4387; x_wconf 75' lang='grc' dir='ltr'>Θαρρήσας,</span> <span class='ocrx_word' id='word_1_294' title='bbox 1373 4317 1466 4370; x_wconf 75' lang='grc' dir='ltr'>καὶ</span> <span class='ocrx_word' id='word_1_295' title='bbox 1503 4316 1628 4379; x_wconf 75' lang='grc' dir='ltr'>τοὺς</span> <span class='ocrx_word' id='word_1_296' title='bbox 1678 4316 1809 4387; x_wconf 74' lang='grc' dir='ltr'>περὶ</span> <span class='ocrx_word' id='word_1_297' title='bbox 1839 4318 2032 4371; x_wconf 88' lang='grc' dir='ltr'>τούτου</span> 
     </span>
    </p>
   </div>
   <div class='ocr_carea' id='block_1_44' title="bbox 464 4407 2034 4477">
    <p class='ocr_par' dir='ltr' id='par_1_44' title="bbox 464 4407 2034 4477">
     <span class='ocr_line' id='line_1_45' title="bbox 464 4407 2034 4477; baseline 0.001 -17"><span class='ocrx_word' id='word_1_298' title='bbox 464 4425 548 4460; x_wconf 88' lang='grc' dir='ltr'><strong>σοι</strong></span> <span class='ocrx_word' id='word_1_299' title='bbox 588 4407 905 4477; x_wconf 66' lang='grc' dir='ltr'>ἁνεκὰλυψα</span> <span class='ocrx_word' id='word_1_300' title='bbox 951 4407 1226 4473; x_wconf 80' lang='grc' dir='ltr'>καθαρῶς,</span> <span class='ocrx_word' id='word_1_301' title='bbox 1269 4409 1363 4460; x_wconf 78' lang='grc' dir='ltr'><strong>καὶ</strong></span> <span class='ocrx_word' id='word_1_302' title='bbox 1410 4409 1894 4477; x_wconf 81' lang='grc' dir='ltr'>παραιτησάμενος</span> <span class='ocrx_word' id='word_1_303' title='bbox 1936 4410 2034 4474; x_wconf 80' lang='grc' dir='ltr'>τῆς</span> 
     </span>
    </p>
   </div>
   <div class='ocr_carea' id='block_1_45' title="bbox 462 4498 2033 4570">
    <p class='ocr_par' dir='ltr' id='par_1_45' title="bbox 462 4498 2033 4570">
     <span class='ocr_line' id='line_1_46' title="bbox 462 4498 2033 4570; baseline 0.001 -19"><span class='ocrx_word' id='word_1_304' title='bbox 462 4501 801 4569; x_wconf 83' lang='grc' dir='ltr'>συγγνώμης</span> <span class='ocrx_word' id='word_1_305' title='bbox 830 4501 929 4553; x_wconf 78' lang='grc' dir='ltr'>οὐκ</span> <span class='ocrx_word' id='word_1_306' title='bbox 961 4500 1256 4569; x_wconf 75' lang='grc' dir='ltr'>ἀπέτυχον.</span> <span class='ocrx_word' id='word_1_307' title='bbox 1296 4498 1455 4553; x_wconf 74' lang='grc' dir='ltr'>Ἀλλὰ</span> <span class='ocrx_word' id='word_1_308' title='bbox 1488 4499 1583 4553; x_wconf 84' lang='grc' dir='ltr'>νῦν</span> <span class='ocrx_word' id='word_1_309' title='bbox 1607 4500 1744 4553; x_wconf 82' lang='grc' dir='ltr'>Θεοῦ</span> <span class='ocrx_word' id='word_1_310' title='bbox 1774 4501 2033 4570; x_wconf 80' lang='grc' dir='ltr'>συνάρσει</span> 
     </span>
    </p>
   </div>
   <div class='ocr_carea' id='block_1_46' title="bbox 459 4592 2091 4663">
    <p class='ocr_par' dir='ltr' id='par_1_46' title="bbox 459 4592 2091 4663">
     <span class='ocr_line' id='line_1_47' title="bbox 459 4592 2091 4663; baseline -0.001 -16"><span class='ocrx_word' id='word_1_311' title='bbox 459 4596 666 4648; x_wconf 83' lang='grc' dir='ltr'>τούτων</span> <span class='ocrx_word' id='word_1_312' title='bbox 704 4595 921 4647; x_wconf 83' lang='grc' dir='ltr'>πάντων</span> <span class='ocrx_word' id='word_1_313' title='bbox 946 4594 1435 4662; x_wconf 82' lang='grc' dir='ltr'>καταπεφρόνηκα,</span> <span class='ocrx_word' id='word_1_314' title='bbox 1476 4592 1571 4646; x_wconf 79' lang='grc' dir='ltr'>καὶ</span> <span class='ocrx_word' id='word_1_315' title='bbox 1600 4595 1836 4663; x_wconf 79' lang='grc' dir='ltr'>ἐμαυτὸν</span> <span class='ocrx_word' id='word_1_316' title='bbox 1863 4594 2034 4646; x_wconf 64' lang='grc' dir='ltr'>καθα·</span> <span class='ocrx_word' id='word_1_317' title='bbox 2062 4620 2091 4649; x_wconf 77' lang='grc' dir='ltr'><strong>,ι</strong></span> 
     </span>
    </p>
   </div>
   <div class='ocr_carea' id='block_1_47' title="bbox 463 4685 2034 4757">
    <p class='ocr_par' dir='ltr' id='par_1_47' title="bbox 463 4685 2034 4757">
     <span class='ocr_line' id='line_1_48' title="bbox 463 4685 2034 4757; baseline 0 -19"><span class='ocrx_word' id='word_1_318' title='bbox 463 4688 704 4757; x_wconf 69' lang='grc' dir='ltr'>ρὼτατον</span> <span class='ocrx_word' id='word_1_319' title='bbox 737 4689 827 4739; x_wconf 78' lang='grc' dir='ltr'>καὶ</span> <span class='ocrx_word' id='word_1_320' title='bbox 863 4686 1250 4755; x_wconf 80' lang='grc' dir='ltr'>φανερώτατον</span> <span class='ocrx_word' id='word_1_321' title='bbox 1293 4686 1390 4754; x_wconf 78' lang='grc' dir='ltr'>τῆς</span> <span class='ocrx_word' id='word_1_322' title='bbox 1437 4685 1693 4755; x_wconf 77' lang='grc' dir='ltr'>ἀληθείας</span> <span class='ocrx_word' id='word_1_323' title='bbox 1731 4702 2034 4753; x_wconf 86' lang='grc' dir='ltr'>συναγωνι-</span> 
     </span>
    </p>
   </div>
   <div class='ocr_carea' id='block_1_48' title="bbox 2220 2122 3719 2195">
    <p class='ocr_par' dir='ltr' id='par_1_48' title="bbox 2220 2122 3719 2195">
     <span class='ocr_line' id='line_1_49' title="bbox 2220 2122 3719 2195; baseline 0.005 -22"><span class='ocrx_word' id='word_1_324' title='bbox 2220 2124 2348 2191; x_wconf 74' lang='lat' dir='ltr'><strong>Ego,</strong></span> <span class='ocrx_word' id='word_1_325' title='bbox 2384 2122 2707 2185; x_wconf 10' lang='lat' dir='ltr'><strong>domincrtni</strong></span> <span class='ocrx_word' id='word_1_326' title='bbox 2747 2129 2952 2188; x_wconf 82' lang='lat' dir='ltr'><strong>sancte,</strong></span> <span class='ocrx_word' id='word_1_327' title='bbox 2988 2125 3221 2192; x_wconf 87' lang='lat' dir='ltr'><strong>primum</strong></span> <span class='ocrx_word' id='word_1_328' title='bbox 3246 2124 3464 2194; x_wconf 82' lang='lat' dir='ltr'><strong>quidem</strong></span> <span class='ocrx_word' id='word_1_329' title='bbox 3513 2139 3719 2195; x_wconf 69' lang='lat' dir='ltr'><strong>magna:</strong></span> 
     </span>
    </p>
   </div>
   <div class='ocr_carea' id='block_1_49' title="bbox 2144 2202 3721 2288">
    <p class='ocr_par' dir='ltr' id='par_1_49' title="bbox 2144 2202 3721 2288">
     <span class='ocr_line' id='line_1_50' title="bbox 2144 2202 3721 2288; baseline 0.004 -20"><span class='ocrx_word' id='word_1_330' title='bbox 2144 2202 2431 2268; x_wconf 84' lang='lat' dir='ltr'><strong>sanctitati</strong></span> <span class='ocrx_word' id='word_1_331' title='bbox 2484 2226 2587 2270; x_wconf 67' lang='lat' dir='ltr'><strong>tum</strong></span> <span class='ocrx_word' id='word_1_332' title='bbox 2637 2218 2841 2285; x_wconf 84' lang='lat' dir='ltr'><strong>gratias</strong></span> <span class='ocrx_word' id='word_1_333' title='bbox 2873 2234 2975 2286; x_wconf 85' lang='lat' dir='ltr'><strong>ago</strong></span> <span class='ocrx_word' id='word_1_334' title='bbox 3008 2219 3070 2270; x_wconf 90' lang='lat' dir='ltr'><strong>de</strong></span> <span class='ocrx_word' id='word_1_335' title='bbox 3105 2218 3356 2275; x_wconf 79' lang='lat' dir='ltr'><strong>laudibus</strong></span> <span class='ocrx_word' id='word_1_336' title='bbox 3408 2221 3605 2288; x_wconf 88' lang='lat' dir='ltr'><strong>quibus</strong></span> <span class='ocrx_word' id='word_1_337' title='bbox 3634 2235 3721 2274; x_wconf 83' lang='lat' dir='ltr'><strong>me</strong></span> 
     </span>
    </p>
   </div>
   <div class='ocr_carea' id='block_1_50' title="bbox 2142 2291 3719 2378">
    <p class='ocr_par' dir='ltr' id='par_1_50' title="bbox 2142 2291 3719 2378">
     <span class='ocr_line' id='line_1_51' title="bbox 2142 2291 3719 2378; baseline 0.005 -19"><span class='ocrx_word' id='word_1_338' title='bbox 2142 2291 2455 2370; x_wconf 79' lang='lat' dir='ltr'><strong>cumulasti,</strong></span> <span class='ocrx_word' id='word_1_339' title='bbox 2483 2308 2755 2376; x_wconf 90' lang='lat' dir='ltr'><strong>simulque</strong></span> <span class='ocrx_word' id='word_1_340' title='bbox 2787 2309 2918 2361; x_wconf 89' lang='lat' dir='ltr'><strong>mibi</strong></span> <span class='ocrx_word' id='word_1_341' title='bbox 2947 2308 3251 2363; x_wconf 86' lang='lat' dir='ltr'><strong>abblandiri</strong></span> <span class='ocrx_word' id='word_1_342' title='bbox 3304 2314 3511 2378; x_wconf 84' lang='lat' dir='ltr'><strong>volens,</strong></span> <span class='ocrx_word' id='word_1_343' title='bbox 3546 2328 3608 2367; x_wconf 89' lang='lat' dir='ltr'><strong>ea</strong></span> <span class='ocrx_word' id='word_1_344' title='bbox 3651 2313 3719 2367; x_wconf 89' lang='lat' dir='ltr'><strong>de</strong></span> 
     </span>
    </p>
   </div>
   <div class='ocr_carea' id='block_1_51' title="bbox 2143 2400 3714 2466">
    <p class='ocr_par' dir='ltr' id='par_1_51' title="bbox 2143 2400 3714 2466">
     <span class='ocr_line' id='line_1_52' title="bbox 2143 2400 3714 2466; baseline 0.004 -17"><span class='ocrx_word' id='word_1_345' title='bbox 2143 2407 2475 2451; x_wconf 77' lang='lat' dir='ltr'><strong>tnetestatns</strong></span> <span class='ocrx_word' id='word_1_346' title='bbox 2511 2414 2568 2451; x_wconf 88' lang='lat' dir='ltr'><strong>es</strong></span> <span class='ocrx_word' id='word_1_347' title='bbox 2615 2400 2734 2466; x_wconf 68' lang='lat' dir='ltr'><strong>qnu&#39;:</strong></span> <span class='ocrx_word' id='word_1_348' title='bbox 2786 2414 2892 2451; x_wconf 90' lang='lat' dir='ltr'><strong>non</strong></span> <span class='ocrx_word' id='word_1_349' title='bbox 2958 2400 3149 2464; x_wconf 82' lang='lat' dir='ltr'><strong>balteo,</strong></span> <span class='ocrx_word' id='word_1_350' title='bbox 3184 2416 3281 2455; x_wconf 84' lang='lat' dir='ltr'><strong>nec</strong></span> <span class='ocrx_word' id='word_1_351' title='bbox 3350 2403 3523 2456; x_wconf 86' lang='lat' dir='ltr'><strong>inesse</strong></span> <span class='ocrx_word' id='word_1_352' title='bbox 3582 2403 3714 2455; x_wconf 79' lang='lat' dir='ltr'><strong>milii</strong></span> 
     </span>
    </p>
   </div>
   <div class='ocr_carea' id='block_1_52' title="bbox 2118 2480 3719 2548">
    <p class='ocr_par' dir='ltr' id='par_1_52' title="bbox 2118 2480 3719 2548">
     <span class='ocr_line' id='line_1_53' title="bbox 2118 2480 3719 2548; baseline 0.003 -5"><span class='ocrx_word' id='word_1_353' title='bbox 2118 2480 2450 2543; x_wconf 9' lang='lat' dir='ltr'><strong>ico-ttoseio.</strong></span> <span class='ocrx_word' id='word_1_354' title='bbox 2498 2487 2694 2543; x_wconf 86' lang='lat' dir='ltr'><strong>Verun</strong></span> <span class='ocrx_word' id='word_1_355' title='bbox 2747 2489 2850 2545; x_wconf 84' lang='lat' dir='ltr'><strong>hoc</strong></span> <span class='ocrx_word' id='word_1_356' title='bbox 2884 2507 2913 2544; x_wconf 88' lang='lat' dir='ltr'><strong>a</strong></span> <span class='ocrx_word' id='word_1_357' title='bbox 2965 2506 3180 2545; x_wconf 89' lang='lat' dir='ltr'><strong>summa</strong></span> <span class='ocrx_word' id='word_1_358' title='bbox 3248 2494 3554 2548; x_wconf 76' lang='lat' dir='ltr'><strong>sanctitatis</strong></span> <span class='ocrx_word' id='word_1_359' title='bbox 3617 2504 3719 2548; x_wconf 69' lang='lat' dir='ltr'><strong>tum</strong></span> 
     </span>
    </p>
   </div>
   <div class='ocr_carea' id='block_1_53' title="bbox 2141 2582 3715 2656">
    <p class='ocr_par' dir='ltr' id='par_1_53' title="bbox 2141 2582 3715 2656">
     <span class='ocr_line' id='line_1_54' title="bbox 2141 2582 3715 2656; baseline 0.004 -22"><span class='ocrx_word' id='word_1_360' title='bbox 2141 2582 2401 2642; x_wconf 84' lang='lat' dir='ltr'><strong>bonitate,</strong></span> <span class='ocrx_word' id='word_1_361' title='bbox 2444 2583 2709 2651; x_wconf 87' lang='lat' dir='ltr'><strong>sapientia</strong></span> <span class='ocrx_word' id='word_1_362' title='bbox 2763 2593 2815 2636; x_wconf 91' lang='lat' dir='ltr'><strong>et</strong></span> <span class='ocrx_word' id='word_1_363' title='bbox 2850 2585 3051 2638; x_wconf 87' lang='lat' dir='ltr'><strong>virtute</strong></span> <span class='ocrx_word' id='word_1_364' title='bbox 3081 2585 3379 2649; x_wconf 78' lang='lat' dir='ltr'><strong>profectum</strong></span> <span class='ocrx_word' id='word_1_365' title='bbox 3408 2596 3515 2650; x_wconf 82' lang='lat' dir='ltr'><strong>est,</strong></span> <span class='ocrx_word' id='word_1_366' title='bbox 3550 2604 3715 2656; x_wconf 87' lang='lat' dir='ltr'><strong>quam</strong></span> 
     </span>
    </p>
   </div>
   <div class='ocr_carea' id='block_1_54' title="bbox 2141 2673 3720 2745">
    <p class='ocr_par' dir='ltr' id='par_1_54' title="bbox 2141 2673 3720 2745">
     <span class='ocr_line' id='line_1_55' title="bbox 2141 2673 3720 2745; baseline 0.005 -22"><span class='ocrx_word' id='word_1_367' title='bbox 2141 2673 2267 2725; x_wconf 76' lang='lat' dir='ltr'><strong>olim</strong></span> <span class='ocrx_word' id='word_1_368' title='bbox 2309 2674 2475 2742; x_wconf 87' lang='lat' dir='ltr'><strong>probe</strong></span> <span class='ocrx_word' id='word_1_369' title='bbox 2508 2675 2781 2743; x_wconf 84' lang='lat' dir='ltr'><strong>cognitam</strong></span> <span class='ocrx_word' id='word_1_370' title='bbox 2816 2676 3144 2737; x_wconf 88' lang='lat' dir='ltr'><strong>admiratus,</strong></span> <span class='ocrx_word' id='word_1_371' title='bbox 3180 2678 3283 2731; x_wconf 84' lang='lat' dir='ltr'><strong>ltue</strong></span> <span class='ocrx_word' id='word_1_372' title='bbox 3345 2694 3518 2745; x_wconf 85' lang='lat' dir='ltr'><strong>usque</strong></span> <span class='ocrx_word' id='word_1_373' title='bbox 3579 2694 3720 2731; x_wconf 89' lang='lat' dir='ltr'><strong>nun-</strong></span> 
     </span>
    </p>
   </div>
   <div class='ocr_carea' id='block_1_55' title="bbox 2139 2765 3720 2838">
    <p class='ocr_par' dir='ltr' id='par_1_55' title="bbox 2139 2765 3720 2838">
     <span class='ocr_line' id='line_1_56' title="bbox 2139 2765 3720 2838; baseline 0.008 -25"><span class='ocrx_word' id='word_1_374' title='bbox 2139 2778 2302 2831; x_wconf 84' lang='lat' dir='ltr'><strong>quam</strong></span> <span class='ocrx_word' id='word_1_375' title='bbox 2338 2765 2569 2827; x_wconf 85' lang='lat' dir='ltr'><strong>cessavi,</strong></span> <span class='ocrx_word' id='word_1_376' title='bbox 2604 2766 2881 2821; x_wconf 74' lang='lat' dir='ltr'><strong>sanctitati</strong></span> <span class='ocrx_word' id='word_1_377' title='bbox 2920 2770 3023 2819; x_wconf 78' lang='lat' dir='ltr'><strong>ture</strong></span> <span class='ocrx_word' id='word_1_378' title='bbox 3079 2768 3351 2831; x_wconf 80' lang='lat' dir='ltr'><strong>deferens,</strong></span> <span class='ocrx_word' id='word_1_379' title='bbox 3382 2785 3720 2838; x_wconf 68' lang='lat' dir='ltr'><strong>qumcunque</strong></span> 
     </span>
    </p>
   </div>
   <div class='ocr_carea' id='block_1_56' title="bbox 2139 2855 3722 2927">
    <p class='ocr_par' dir='ltr' id='par_1_56' title="bbox 2139 2855 3722 2927">
     <span class='ocr_line' id='line_1_57' title="bbox 2139 2855 3722 2927; baseline 0.006 -20"><span class='ocrx_word' id='word_1_380' title='bbox 2139 2857 2300 2923; x_wconf 85' lang='lat' dir='ltr'><strong>patri,</strong></span> <span class='ocrx_word' id='word_1_381' title='bbox 2339 2855 2600 2925; x_wconf 81' lang='lat' dir='ltr'><strong>magistro</strong></span> <span class='ocrx_word' id='word_1_382' title='bbox 2632 2866 2683 2911; x_wconf 89' lang='lat' dir='ltr'><strong>et</strong></span> <span class='ocrx_word' id='word_1_383' title='bbox 2708 2859 3027 2927; x_wconf 68' lang='lat' dir='ltr'><strong>praeceptori</strong></span> <span class='ocrx_word' id='word_1_384' title='bbox 3062 2859 3227 2913; x_wconf 86' lang='lat' dir='ltr'><strong>tribui</strong></span> <span class='ocrx_word' id='word_1_385' title='bbox 3253 2860 3474 2927; x_wconf 88' lang='lat' dir='ltr'><strong>debent,</strong></span> <span class='ocrx_word' id='word_1_386' title='bbox 3498 2874 3722 2917; x_wconf 81' lang='lat' dir='ltr'><strong>senten-</strong></span> 
     </span>
    </p>
   </div>
   <div class='ocr_carea' id='block_1_57' title="bbox 2142 2938 3714 3022">
    <p class='ocr_par' dir='ltr' id='par_1_57' title="bbox 2142 2938 3714 3022">
     <span class='ocr_line' id='line_1_58' title="bbox 2142 2938 3714 3022; baseline 0.006 -21"><span class='ocrx_word' id='word_1_387' title='bbox 2142 2950 2212 3002; x_wconf 89' lang='lat' dir='ltr'><strong>tia</strong></span> <span class='ocrx_word' id='word_1_388' title='bbox 2252 2938 2345 3003; x_wconf 88' lang='lat' dir='ltr'><strong>tua</strong></span> <span class='ocrx_word' id='word_1_389' title='bbox 2379 2957 2639 3020; x_wconf 88' lang='lat' dir='ltr'><strong>tanquam</strong></span> <span class='ocrx_word' id='word_1_390' title='bbox 2672 2951 2857 3015; x_wconf 74' lang='lat' dir='ltr'><strong>regula</strong></span> <span class='ocrx_word' id='word_1_391' title='bbox 2897 2963 3073 3018; x_wconf 87' lang='lat' dir='ltr'><strong>utens,</strong></span> <span class='ocrx_word' id='word_1_392' title='bbox 3106 2963 3159 3008; x_wconf 89' lang='lat' dir='ltr'><strong>et</strong></span> <span class='ocrx_word' id='word_1_393' title='bbox 3199 2955 3344 3008; x_wconf 90' lang='lat' dir='ltr'><strong>circa</strong></span> <span class='ocrx_word' id='word_1_394' title='bbox 3401 2956 3714 3022; x_wconf 85' lang='lat' dir='ltr'><strong>dogmatum</strong></span> 
     </span>
    </p>
   </div>
   <div class='ocr_carea' id='block_1_58' title="bbox 2140 3045 3716 3118">
    <p class='ocr_par' dir='ltr' id='par_1_58' title="bbox 2140 3045 3716 3118">
     <span class='ocr_line' id='line_1_59' title="bbox 2140 3045 3716 3118; baseline 0.006 -24"><span class='ocrx_word' id='word_1_395' title='bbox 2140 3053 2446 3096; x_wconf 86' lang='lat' dir='ltr'><strong>accuratam</strong></span> <span class='ocrx_word' id='word_1_396' title='bbox 2512 3045 2935 3113; x_wconf 75' lang='lat' dir='ltr'><strong>expositionem,</strong></span> <span class='ocrx_word' id='word_1_397' title='bbox 2971 3056 3281 3116; x_wconf 83' lang='lat' dir='ltr'><strong>rectamque</strong></span> <span class='ocrx_word' id='word_1_398' title='bbox 3313 3048 3597 3118; x_wconf 75' lang='lat' dir='ltr'><strong>theologia:</strong></span> <span class='ocrx_word' id='word_1_399' title='bbox 3630 3066 3716 3103; x_wconf 80' lang='lat' dir='ltr'><strong>ra—</strong></span> 
     </span>
    </p>
   </div>
   <div class='ocr_carea' id='block_1_59' title="bbox 2139 3134 3712 3207">
    <p class='ocr_par' dir='ltr' id='par_1_59' title="bbox 2139 3134 3712 3207">
     <span class='ocr_line' id='line_1_60' title="bbox 2139 3134 3712 3207; baseline 0.008 -21"><span class='ocrx_word' id='word_1_400' title='bbox 2139 3136 2361 3197; x_wconf 86' lang='lat' dir='ltr'><strong>tionem,</strong></span> <span class='ocrx_word' id='word_1_401' title='bbox 2399 3134 2464 3188; x_wconf 89' lang='lat' dir='ltr'><strong>iis</strong></span> <span class='ocrx_word' id='word_1_402' title='bbox 2490 3150 2609 3203; x_wconf 74' lang='lat' dir='ltr'><strong>qua:</strong></span> <span class='ocrx_word' id='word_1_403' title='bbox 2646 3136 2739 3189; x_wconf 87' lang='lat' dir='ltr'><strong>tibi</strong></span> <span class='ocrx_word' id='word_1_404' title='bbox 2766 3138 3139 3206; x_wconf 89' lang='lat' dir='ltr'><strong>probabantur</strong></span> <span class='ocrx_word' id='word_1_405' title='bbox 3167 3140 3321 3207; x_wconf 89' lang='lat' dir='ltr'><strong>plane</strong></span> <span class='ocrx_word' id='word_1_406' title='bbox 3344 3144 3712 3199; x_wconf 82' lang='lat' dir='ltr'><strong>consentiens.</strong></span> 
     </span>
    </p>
   </div>
   <div class='ocr_carea' id='block_1_60' title="bbox 2135 3221 3712 3296">
    <p class='ocr_par' dir='ltr' id='par_1_60' title="bbox 2135 3221 3712 3296">
     <span class='ocr_line' id='line_1_61' title="bbox 2135 3221 3712 3296; baseline 0.008 -22"><span class='ocrx_word' id='word_1_407' title='bbox 2135 3221 2480 3294; x_wconf 75' lang='lat' dir='ltr'><strong>Quaecunque</strong></span> <span class='ocrx_word' id='word_1_408' title='bbox 2505 3226 2666 3279; x_wconf 89' lang='lat' dir='ltr'><strong>etiam</strong></span> <span class='ocrx_word' id='word_1_409' title='bbox 2692 3242 2797 3281; x_wconf 89' lang='lat' dir='ltr'><strong>non</strong></span> <span class='ocrx_word' id='word_1_410' title='bbox 2828 3237 3074 3284; x_wconf 77' lang='lat' dir='ltr'><strong>erantex</strong></span> <span class='ocrx_word' id='word_1_411' title='bbox 3106 3232 3271 3285; x_wconf 92' lang='lat' dir='ltr'><strong>animi</strong></span> <span class='ocrx_word' id='word_1_412' title='bbox 3304 3234 3375 3286; x_wconf 91' lang='lat' dir='ltr'><strong>tui</strong></span> <span class='ocrx_word' id='word_1_413' title='bbox 3413 3238 3712 3296; x_wconf 89' lang='lat' dir='ltr'><strong>sententia,</strong></span> 
     </span>
    </p>
   </div>
   <div class='ocr_carea' id='block_1_61' title="bbox 2136 3313 3718 3392">
    <p class='ocr_par' dir='ltr' id='par_1_61' title="bbox 2136 3313 3718 3392">
     <span class='ocr_line' id='line_1_62' title="bbox 2136 3313 3718 3392; baseline 0.007 -25"><span class='ocrx_word' id='word_1_414' title='bbox 2136 3313 2224 3367; x_wconf 86' lang='lat' dir='ltr'><strong>illa</strong></span> <span class='ocrx_word' id='word_1_415' title='bbox 2260 3314 2465 3383; x_wconf 88' lang='lat' dir='ltr'><strong>absque</strong></span> <span class='ocrx_word' id='word_1_416' title='bbox 2511 3316 2853 3372; x_wconf 87' lang='lat' dir='ltr'><strong>dubitatione</strong></span> <span class='ocrx_word' id='word_1_417' title='bbox 2898 3333 3204 3385; x_wconf 76' lang='lat' dir='ltr'><strong>aversatus,</strong></span> <span class='ocrx_word' id='word_1_418' title='bbox 3235 3338 3514 3392; x_wconf 86' lang='lat' dir='ltr'><strong>nunquam</strong></span> <span class='ocrx_word' id='word_1_419' title='bbox 3561 3326 3718 3379; x_wconf 87' lang='lat' dir='ltr'><strong>aliter</strong></span> 
     </span>
    </p>
   </div>
   <div class='ocr_carea' id='block_1_62' title="bbox 2135 3404 3713 3477">
    <p class='ocr_par' dir='ltr' id='par_1_62' title="bbox 2135 3404 3713 3477">
     <span class='ocr_line' id='line_1_63' title="bbox 2135 3404 3713 3477; baseline 0.004 -19"><span class='ocrx_word' id='word_1_420' title='bbox 2135 3419 2298 3474; x_wconf 89' lang='lat' dir='ltr'><strong>quam</strong></span> <span class='ocrx_word' id='word_1_421' title='bbox 2330 3414 2387 3459; x_wconf 81' lang='grc' dir='ltr'><strong>ιιι</strong></span> <span class='ocrx_word' id='word_1_422' title='bbox 2417 3404 2557 3460; x_wconf 82' lang='lat' dir='ltr'><strong>ﬁlius</strong></span> <span class='ocrx_word' id='word_1_423' title='bbox 2584 3406 2991 3477; x_wconf 77' lang='lat' dir='ltr'><strong>discipulusque</strong></span> <span class='ocrx_word' id='word_1_424' title='bbox 3015 3424 3141 3477; x_wconf 83' lang='lat' dir='ltr'><strong>erga</strong></span> <span class='ocrx_word' id='word_1_425' title='bbox 3173 3412 3518 3465; x_wconf 87' lang='lat' dir='ltr'><strong>sanctitatem</strong></span> <span class='ocrx_word' id='word_1_426' title='bbox 3565 3422 3713 3465; x_wconf 81' lang='lat' dir='ltr'><strong>tuam</strong></span> 
     </span>
    </p>
   </div>
   <div class='ocr_carea' id='block_1_63' title="bbox 2138 3494 3716 3565">
    <p class='ocr_par' dir='ltr' id='par_1_63' title="bbox 2138 3494 3716 3565">
     <span class='ocr_line' id='line_1_64' title="bbox 2138 3494 3716 3565; baseline 0.004 -18"><span class='ocrx_word' id='word_1_427' title='bbox 2138 3508 2224 3547; x_wconf 89' lang='lat' dir='ltr'><strong>me</strong></span> <span class='ocrx_word' id='word_1_428' title='bbox 2256 3494 2418 3563; x_wconf 80' lang='lat' dir='ltr'><strong>gessi,</strong></span> <span class='ocrx_word' id='word_1_429' title='bbox 2454 3510 2574 3562; x_wconf 61' lang='lat' dir='ltr'><strong>qua!</strong></span> <span class='ocrx_word' id='word_1_430' title='bbox 2602 3496 2821 3562; x_wconf 87' lang='lat' dir='ltr'><strong>quidem</strong></span> <span class='ocrx_word' id='word_1_431' title='bbox 2859 3506 2951 3550; x_wconf 92' lang='lat' dir='ltr'><strong>tuo</strong></span> <span class='ocrx_word' id='word_1_432' title='bbox 2986 3496 3159 3565; x_wconf 89' lang='lat' dir='ltr'><strong>ipsius</strong></span> <span class='ocrx_word' id='word_1_433' title='bbox 3214 3500 3529 3553; x_wconf 87' lang='lat' dir='ltr'><strong>testimonio</strong></span> <span class='ocrx_word' id='word_1_434' title='bbox 3580 3502 3716 3553; x_wconf 89' lang='lat' dir='ltr'><strong>satis</strong></span> 
     </span>
    </p>
   </div>
   <div class='ocr_carea' id='block_1_64' title="bbox 2136 3586 3712 3657">
    <p class='ocr_par' dir='ltr' id='par_1_64' title="bbox 2136 3586 3712 3657">
     <span class='ocr_line' id='line_1_65' title="bbox 2136 3586 3712 3657; baseline 0 -16"><span class='ocrx_word' id='word_1_435' title='bbox 2136 3588 2281 3655; x_wconf 81' lang='lat' dir='ltr'><strong>apud</strong></span> <span class='ocrx_word' id='word_1_436' title='bbox 2320 3596 2368 3642; x_wconf 88' lang='lat' dir='ltr'><strong>te</strong></span> <span class='ocrx_word' id='word_1_437' title='bbox 2397 3597 2652 3642; x_wconf 90' lang='lat' dir='ltr'><strong>constare</strong></span> <span class='ocrx_word' id='word_1_438' title='bbox 2686 3598 2835 3657; x_wconf 86' lang='lat' dir='ltr'><strong>puto.</strong></span> <span class='ocrx_word' id='word_1_439' title='bbox 2871 3586 3021 3641; x_wconf 87' lang='lat' dir='ltr'><strong>Nosti</strong></span> <span class='ocrx_word' id='word_1_440' title='bbox 3056 3587 3199 3641; x_wconf 84' lang='lat' dir='ltr'><strong>enim</strong></span> <span class='ocrx_word' id='word_1_441' title='bbox 3234 3604 3318 3642; x_wconf 93' lang='lat' dir='ltr'><strong>me</strong></span> <span class='ocrx_word' id='word_1_442' title='bbox 3354 3589 3425 3643; x_wconf 88' lang='lat' dir='ltr'><strong>ita</strong></span> <span class='ocrx_word' id='word_1_443' title='bbox 3458 3588 3712 3643; x_wconf 79' lang='lat' dir='ltr'><strong>affectum</strong></span> 
     </span>
    </p>
   </div>
   <div class='ocr_carea' id='block_1_65' title="bbox 2136 3679 3705 3747">
    <p class='ocr_par' dir='ltr' id='par_1_65' title="bbox 2136 3679 3705 3747">
     <span class='ocr_line' id='line_1_66' title="bbox 2136 3679 3705 3747; baseline -0.001 -12"><span class='ocrx_word' id='word_1_444' title='bbox 2136 3681 2202 3735; x_wconf 87' lang='lat' dir='ltr'><strong>ad</strong></span> <span class='ocrx_word' id='word_1_445' title='bbox 2235 3689 2285 3734; x_wconf 86' lang='lat' dir='ltr'><strong>te</strong></span> <span class='ocrx_word' id='word_1_446' title='bbox 2321 3682 2637 3742; x_wconf 87' lang='lat' dir='ltr'><strong>accessisse,</strong></span> <span class='ocrx_word' id='word_1_447' title='bbox 2672 3689 2723 3733; x_wconf 90' lang='lat' dir='ltr'><strong>et</strong></span> <span class='ocrx_word' id='word_1_448' title='bbox 2755 3679 2943 3734; x_wconf 86' lang='lat' dir='ltr'><strong>intima</strong></span> <span class='ocrx_word' id='word_1_449' title='bbox 2974 3680 3143 3733; x_wconf 88' lang='lat' dir='ltr'><strong>animi</strong></span> <span class='ocrx_word' id='word_1_450' title='bbox 3182 3680 3285 3733; x_wconf 87' lang='lat' dir='ltr'><strong>mei</strong></span> <span class='ocrx_word' id='word_1_451' title='bbox 3329 3693 3539 3734; x_wconf 84' lang='lat' dir='ltr'><strong>secreta</strong></span> <span class='ocrx_word' id='word_1_452' title='bbox 3575 3696 3705 3747; x_wconf 88' lang='lat' dir='ltr'><strong>ape-</strong></span> 
     </span>
    </p>
   </div>
   <div class='ocr_carea' id='block_1_66' title="bbox 2136 3771 3713 3841">
    <p class='ocr_par' dir='ltr' id='par_1_66' title="bbox 2136 3771 3713 3841">
     <span class='ocr_line' id='line_1_67' title="bbox 2136 3771 3713 3841; baseline 0 -16"><span class='ocrx_word' id='word_1_453' title='bbox 2136 3771 2391 3835; x_wconf 87' lang='lat' dir='ltr'><strong>rientem,</strong></span> <span class='ocrx_word' id='word_1_454' title='bbox 2443 3773 2602 3825; x_wconf 90' lang='lat' dir='ltr'><strong>talem</strong></span> <span class='ocrx_word' id='word_1_455' title='bbox 2646 3772 2741 3826; x_wconf 90' lang='lat' dir='ltr'><strong>tibi</strong></span> <span class='ocrx_word' id='word_1_456' title='bbox 2803 3773 3153 3841; x_wconf 85' lang='lat' dir='ltr'><strong>sponsionem</strong></span> <span class='ocrx_word' id='word_1_457' title='bbox 3202 3772 3413 3827; x_wconf 80' lang='lat' dir='ltr'><strong>fecisse.</strong></span> <span class='ocrx_word' id='word_1_458' title='bbox 3466 3772 3617 3838; x_wconf 84' lang='lat' dir='ltr'><strong>Quod</strong></span> <span class='ocrx_word' id='word_1_459' title='bbox 3668 3773 3713 3825; x_wconf 73' lang='lat' dir='ltr'><strong>si</strong></span> 
     </span>
    </p>
   </div>
   <div class='ocr_carea' id='block_1_67' title="bbox 2138 3862 3714 3934">
    <p class='ocr_par' dir='ltr' id='par_1_67' title="bbox 2138 3862 3714 3934">
     <span class='ocr_line' id='line_1_68' title="bbox 2138 3862 3714 3934; baseline 0.002 -19"><span class='ocrx_word' id='word_1_460' title='bbox 2138 3862 2429 3931; x_wconf 84' lang='lat' dir='ltr'><strong>aliquando</strong></span> <span class='ocrx_word' id='word_1_461' title='bbox 2462 3865 2525 3916; x_wconf 88' lang='lat' dir='ltr'><strong>ad</strong></span> <span class='ocrx_word' id='word_1_462' title='bbox 2558 3880 2617 3916; x_wconf 89' lang='lat' dir='ltr'><strong>ea</strong></span> <span class='ocrx_word' id='word_1_463' title='bbox 2655 3870 2979 3927; x_wconf 87' lang='lat' dir='ltr'><strong>certamlna,</strong></span> <span class='ocrx_word' id='word_1_464' title='bbox 3013 3880 3134 3934; x_wconf 67' lang='lat' dir='ltr'><strong>quae</strong></span> <span class='ocrx_word' id='word_1_465' title='bbox 3165 3866 3427 3919; x_wconf 85' lang='lat' dir='ltr'><strong>sanctitas</strong></span> <span class='ocrx_word' id='word_1_466' title='bbox 3477 3865 3714 3918; x_wconf 76' lang='lat' dir='ltr'><strong>maxima</strong></span> 
     </span>
    </p>
   </div>
   <div class='ocr_carea' id='block_1_68' title="bbox 2139 3950 3715 4019">
    <p class='ocr_par' dir='ltr' id='par_1_68' title="bbox 2139 3950 3715 4019">
     <span class='ocr_line' id='line_1_69' title="bbox 2139 3950 3715 4019; baseline 0.001 -15"><span class='ocrx_word' id='word_1_467' title='bbox 2139 3961 2231 4004; x_wconf 91' lang='lat' dir='ltr'><strong>tua</strong></span> <span class='ocrx_word' id='word_1_468' title='bbox 2290 3950 2551 4018; x_wconf 83' lang='lat' dir='ltr'><strong>suscepit,</strong></span> <span class='ocrx_word' id='word_1_469' title='bbox 2592 3951 2766 4018; x_wconf 84' lang='lat' dir='ltr'><strong>palam</strong></span> <span class='ocrx_word' id='word_1_470' title='bbox 2831 3966 2941 4005; x_wconf 89' lang='lat' dir='ltr'><strong>non</strong></span> <span class='ocrx_word' id='word_1_471' title='bbox 3015 3953 3243 4014; x_wconf 85' lang='lat' dir='ltr'><strong>accessi,</strong></span> <span class='ocrx_word' id='word_1_472' title='bbox 3289 3954 3525 4006; x_wconf 82' lang='lat' dir='ltr'><strong>rationes</strong></span> <span class='ocrx_word' id='word_1_473' title='bbox 3581 3968 3715 4019; x_wconf 80' lang='lat' dir='ltr'><strong>quas</strong></span> 
     </span>
    </p>
   </div>
   <div class='ocr_carea' id='block_1_69' title="bbox 2136 4043 3712 4111">
    <p class='ocr_par' dir='ltr' id='par_1_69' title="bbox 2136 4043 3712 4111">
     <span class='ocr_line' id='line_1_70' title="bbox 2136 4043 3712 4111; baseline 0 -15"><span class='ocrx_word' id='word_1_474' title='bbox 2136 4044 2354 4111; x_wconf 88' lang='lat' dir='ltr'><strong>quidem</strong></span> <span class='ocrx_word' id='word_1_475' title='bbox 2406 4043 2621 4095; x_wconf 86' lang='lat' dir='ltr'><strong>silentio</strong></span> <span class='ocrx_word' id='word_1_476' title='bbox 2683 4054 2965 4111; x_wconf 57' lang='lat' dir='ltr'><strong>praetereo,</strong></span> <span class='ocrx_word' id='word_1_477' title='bbox 2998 4060 3157 4098; x_wconf 90' lang='lat' dir='ltr'><strong>nemo</strong></span> <span class='ocrx_word' id='word_1_478' title='bbox 3192 4054 3242 4098; x_wconf 88' lang='lat' dir='ltr'><strong>te</strong></span> <span class='ocrx_word' id='word_1_479' title='bbox 3304 4046 3497 4100; x_wconf 87' lang='lat' dir='ltr'><strong>melius</strong></span> <span class='ocrx_word' id='word_1_480' title='bbox 3545 4046 3712 4107; x_wconf 75' lang='lat' dir='ltr'><strong>Itotil,</strong></span> 
     </span>
    </p>
   </div>
   <div class='ocr_carea' id='block_1_70' title="bbox 2135 4133 3715 4204">
    <p class='ocr_par' dir='ltr' id='par_1_70' title="bbox 2135 4133 3715 4204">
     <span class='ocr_line' id='line_1_71' title="bbox 2135 4133 3715 4204; baseline 0.001 -16"><span class='ocrx_word' id='word_1_481' title='bbox 2135 4133 2570 4204; x_wconf 84' lang='lat' dir='ltr'><strong>quandoquidem</strong></span> <span class='ocrx_word' id='word_1_482' title='bbox 2606 4150 2725 4203; x_wconf 68' lang='lat' dir='ltr'><strong>qua?</strong></span> <span class='ocrx_word' id='word_1_483' title='bbox 2776 4146 2903 4189; x_wconf 90' lang='lat' dir='ltr'><strong>tunc</strong></span> <span class='ocrx_word' id='word_1_484' title='bbox 2932 4137 2984 4190; x_wconf 92' lang='lat' dir='ltr'><strong>in</strong></span> <span class='ocrx_word' id='word_1_485' title='bbox 3011 4136 3195 4190; x_wconf 87' lang='lat' dir='ltr'><strong>animo</strong></span> <span class='ocrx_word' id='word_1_486' title='bbox 3236 4137 3512 4195; x_wconf 80' lang='lat' dir='ltr'><strong>haberem.</strong></span> <span class='ocrx_word' id='word_1_487' title='bbox 3544 4138 3715 4190; x_wconf 80' lang='lat' dir='ltr'><strong>conli-</strong></span> 
     </span>
    </p>
   </div>
   <div class='ocr_carea' id='block_1_71' title="bbox 2135 4227 3717 4292">
    <p class='ocr_par' dir='ltr' id='par_1_71' title="bbox 2135 4227 3717 4292">
     <span class='ocr_line' id='line_1_72' title="bbox 2135 4227 3717 4292; baseline -0.001 -12"><span class='ocrx_word' id='word_1_488' title='bbox 2135 4227 2326 4281; x_wconf 87' lang='lat' dir='ltr'><strong>denter</strong></span> <span class='ocrx_word' id='word_1_489' title='bbox 2377 4227 2719 4281; x_wconf 77' lang='lat' dir='ltr'><strong>inanifestavi</strong></span> <span class='ocrx_word' id='word_1_490' title='bbox 2783 4228 2983 4292; x_wconf 89' lang='lat' dir='ltr'><strong>tibi,et</strong></span> <span class='ocrx_word' id='word_1_491' title='bbox 3036 4229 3384 4282; x_wconf 79' lang='lat' dir='ltr'><strong>excusatione</strong></span> <span class='ocrx_word' id='word_1_492' title='bbox 3437 4230 3597 4289; x_wconf 77' lang='lat' dir='ltr'><strong>facta,</strong></span> <span class='ocrx_word' id='word_1_493' title='bbox 3629 4246 3717 4282; x_wconf 72' lang='lat' dir='ltr'><strong>ve-</strong></span> 
     </span>
    </p>
   </div>
   <div class='ocr_carea' id='block_1_72' title="bbox 2137 4318 3715 4375">
    <p class='ocr_par' dir='ltr' id='par_1_72' title="bbox 2137 4318 3715 4375">
     <span class='ocr_line' id='line_1_73' title="bbox 2137 4318 3715 4375; baseline 0.004 -6"><span class='ocrx_word' id='word_1_494' title='bbox 2137 4318 2280 4371; x_wconf 88' lang='lat' dir='ltr'><strong>niam</strong></span> <span class='ocrx_word' id='word_1_495' title='bbox 2317 4334 2345 4371; x_wconf 88' lang='lat' dir='ltr'><strong>a</strong></span> <span class='ocrx_word' id='word_1_496' title='bbox 2379 4326 2427 4371; x_wconf 91' lang='lat' dir='ltr'><strong>te</strong></span> <span class='ocrx_word' id='word_1_497' title='bbox 2457 4329 2780 4372; x_wconf 80' lang='lat' dir='ltr'><strong>consecutus</strong></span> <span class='ocrx_word' id='word_1_498' title='bbox 2833 4335 2975 4374; x_wconf 89' lang='lat' dir='ltr'><strong>sum.</strong></span> <span class='ocrx_word' id='word_1_499' title='bbox 3010 4319 3204 4373; x_wconf 85' lang='lat' dir='ltr'><strong>Verum</strong></span> <span class='ocrx_word' id='word_1_500' title='bbox 3241 4320 3329 4373; x_wconf 89' lang='lat' dir='ltr'><strong>Dei</strong></span> <span class='ocrx_word' id='word_1_501' title='bbox 3366 4321 3569 4373; x_wconf 76' lang='lat' dir='ltr'><strong>auxilio</strong></span> <span class='ocrx_word' id='word_1_502' title='bbox 3602 4322 3715 4375; x_wconf 72' lang='lat' dir='ltr'><strong>brec</strong></span> 
     </span>
    </p>
   </div>
   <div class='ocr_carea' id='block_1_73' title="bbox 2135 4410 3713 4481">
    <p class='ocr_par' dir='ltr' id='par_1_73' title="bbox 2135 4410 3713 4481">
     <span class='ocr_line' id='line_1_74' title="bbox 2135 4410 3713 4481; baseline -0.001 -16"><span class='ocrx_word' id='word_1_503' title='bbox 2135 4410 2317 4465; x_wconf 88' lang='lat' dir='ltr'><strong>omnia</strong></span> <span class='ocrx_word' id='word_1_504' title='bbox 2352 4411 2459 4475; x_wconf 78' lang='lat' dir='ltr'><strong>iant</strong></span> <span class='ocrx_word' id='word_1_505' title='bbox 2494 4412 2816 4477; x_wconf 70' lang='lat' dir='ltr'><strong>contempsi,</strong></span> <span class='ocrx_word' id='word_1_506' title='bbox 2846 4426 3039 4479; x_wconf 87' lang='lat' dir='ltr'><strong>meque</strong></span> <span class='ocrx_word' id='word_1_507' title='bbox 3074 4412 3419 4465; x_wconf 79' lang='lat' dir='ltr'><strong>manifestum</strong></span> <span class='ocrx_word' id='word_1_508' title='bbox 3454 4421 3507 4465; x_wconf 86' lang='lat' dir='ltr'><strong>et</strong></span> <span class='ocrx_word' id='word_1_509' title='bbox 3535 4412 3713 4481; x_wconf 87' lang='lat' dir='ltr'><strong>publi-</strong></span> 
     </span>
    </p>
   </div>
   <div class='ocr_carea' id='block_1_74' title="bbox 2136 4502 3716 4569">
    <p class='ocr_par' dir='ltr' id='par_1_74' title="bbox 2136 4502 3716 4569">
     <span class='ocr_line' id='line_1_75' title="bbox 2136 4502 3716 4569; baseline 0.001 -14"><span class='ocrx_word' id='word_1_510' title='bbox 2136 4516 2259 4555; x_wconf 92' lang='lat' dir='ltr'><strong>cum</strong></span> <span class='ocrx_word' id='word_1_511' title='bbox 2299 4502 2541 4556; x_wconf 81' lang='lat' dir='ltr'><strong>veritatis</strong></span> <span class='ocrx_word' id='word_1_512' title='bbox 2586 4502 2926 4556; x_wconf 74' lang='lat' dir='ltr'><strong>defensorem</strong></span> <span class='ocrx_word' id='word_1_513' title='bbox 2984 4503 3264 4565; x_wconf 85' lang='lat' dir='ltr'><strong>constitui,</strong></span> <span class='ocrx_word' id='word_1_514' title='bbox 3296 4514 3511 4569; x_wconf 81' lang='lat' dir='ltr'><strong>patrum</strong></span> <span class='ocrx_word' id='word_1_515' title='bbox 3568 4519 3716 4557; x_wconf 87' lang='lat' dir='ltr'><strong>meo-</strong></span> 
     </span>
    </p>
   </div>
   <div class='ocr_carea' id='block_1_75' title="bbox 2137 4594 3712 4662">
    <p class='ocr_par' dir='ltr' id='par_1_75' title="bbox 2137 4594 3712 4662">
     <span class='ocr_line' id='line_1_76' title="bbox 2137 4594 3712 4662; baseline 0.003 -16"><span class='ocrx_word' id='word_1_516' title='bbox 2137 4610 2255 4646; x_wconf 87' lang='lat' dir='ltr'><strong>rum</strong></span> <span class='ocrx_word' id='word_1_517' title='bbox 2308 4594 2558 4662; x_wconf 79' lang='lat' dir='ltr'><strong>dogmata</strong></span> <span class='ocrx_word' id='word_1_518' title='bbox 2618 4594 3045 4662; x_wconf 68' lang='lat' dir='ltr'><strong>ortltodoxaaque</strong></span> <span class='ocrx_word' id='word_1_519' title='bbox 3103 4594 3221 4648; x_wconf 80' lang='lat' dir='ltr'><strong>ﬁdei</strong></span> <span class='ocrx_word' id='word_1_520' title='bbox 3272 4596 3552 4648; x_wconf 79' lang='lat' dir='ltr'><strong>veritatem</strong></span> <span class='ocrx_word' id='word_1_521' title='bbox 3585 4598 3712 4651; x_wconf 84' lang='lat' dir='ltr'><strong>al-s-</strong></span> 
     </span>
    </p>
   </div>
   <div class='ocr_carea' id='block_1_76' title="bbox 2137 4685 3714 4755">
    <p class='ocr_par' dir='ltr' id='par_1_76' title="bbox 2137 4685 3714 4755">
     <span class='ocr_line' id='line_1_77' title="bbox 2137 4685 3714 4755; baseline 0.002 -19"><span class='ocrx_word' id='word_1_522' title='bbox 2137 4702 2243 4755; x_wconf 88' lang='lat' dir='ltr'><strong>que</strong></span> <span class='ocrx_word' id='word_1_523' title='bbox 2297 4685 2403 4737; x_wconf 84' lang='lat' dir='ltr'><strong>ulla</strong></span> <span class='ocrx_word' id='word_1_524' title='bbox 2435 4685 2869 4739; x_wconf 85' lang='lat' dir='ltr'><strong>dissimulatione</strong></span> <span class='ocrx_word' id='word_1_525' title='bbox 2900 4687 3201 4739; x_wconf 86' lang='lat' dir='ltr'><strong>secundum</strong></span> <span class='ocrx_word' id='word_1_526' title='bbox 3243 4689 3548 4741; x_wconf 66' lang='lat' dir='ltr'><strong>sanctitatis</strong></span> <span class='ocrx_word' id='word_1_527' title='bbox 3607 4695 3714 4741; x_wconf 80' lang='lat' dir='ltr'><strong>lue</strong></span> 
     </span>
    </p>
   </div>
   <div class='ocr_carea' id='block_1_77' title="bbox 462 4776 2220 4860">
    <p class='ocr_par' dir='ltr' id='par_1_77' title="bbox 462 4777 2220 4860">
     <span class='ocr_line' id='line_1_78' title="bbox 462 4777 2220 4860; baseline -0.002 -27"><span class='ocrx_word' id='word_1_528' title='bbox 462 4780 595 4851; x_wconf 77' lang='grc' dir='ltr'>στην</span> <span class='ocrx_word' id='word_1_529' title='bbox 622 4778 806 4843; x_wconf 77' lang='grc' dir='ltr'>ἔταξα,</span> <span class='ocrx_word' id='word_1_530' title='bbox 836 4779 979 4831; x_wconf 69' lang='grc' dir='ltr'>ὥστε</span> <span class='ocrx_word' id='word_1_531' title='bbox 1006 4778 1072 4831; x_wconf 88' lang='grc' dir='ltr'><strong>τὰ</strong></span> <span class='ocrx_word' id='word_1_532' title='bbox 1107 4779 1216 4829; x_wconf 87' lang='grc' dir='ltr'>τῶν</span> <span class='ocrx_word' id='word_1_533' title='bbox 1246 4778 1467 4847; x_wconf 83' lang='grc' dir='ltr'>πατρῶν</span> <span class='ocrx_word' id='word_1_534' title='bbox 1502 4794 1603 4846; x_wconf 89' lang='grc' dir='ltr'><strong>μου</strong></span> <span class='ocrx_word' id='word_1_535' title='bbox 1632 4777 1901 4847; x_wconf 77' lang='grc' dir='ltr'>δόγματα,</span> <span class='ocrx_word' id='word_1_536' title='bbox 1938 4779 2032 4831; x_wconf 77' lang='grc' dir='ltr'>καὶ</span> <span class='ocrx_word' id='word_1_537' title='bbox 2065 4806 2106 4860; x_wconf 80' lang='lat' dir='ltr'><strong>D</strong></span> <span class='ocrx_word' id='word_1_538' title='bbox 2136 4792 2220 4847; x_wconf 77' lang='grc' dir='ltr'>ρι’(</span> 
     </span>
    </p>
   </div>
   <div class='ocr_carea' id='block_1_78' title="bbox 1956 4776 3714 4860">
    <p class='ocr_par' dir='ltr' id='par_1_78' title="bbox 1956 4776 3714 4860">
     <span class='ocr_line' id='line_1_79' title="bbox 1956 4776 3714 4860; baseline 0.001 -29"><span class='ocrx_word' id='word_1_539' title='bbox 1956 4779 2032 4831; x_wconf 65' lang='lat' dir='ltr'><strong>cat</strong></span> <span class='ocrx_word' id='word_1_540' title='bbox 2065 4776 2475 4860; x_wconf 79' lang='lat' dir='ltr'><strong>Dpropositttm</strong></span> <span class='ocrx_word' id='word_1_541' title='bbox 2534 4779 2977 4832; x_wconf 88' lang='lat' dir='ltr'><strong>annnutiaturus.</strong></span> <span class='ocrx_word' id='word_1_542' title='bbox 3029 4778 3213 4847; x_wconf 87' lang='lat' dir='ltr'><strong>Neque</strong></span> <span class='ocrx_word' id='word_1_543' title='bbox 3266 4781 3378 4832; x_wconf 57' lang='lat' dir='ltr'><strong>hac</strong></span> <span class='ocrx_word' id='word_1_544' title='bbox 3419 4781 3540 4833; x_wconf 82' lang='lat' dir='ltr'><strong>dico</strong></span> <span class='ocrx_word' id='word_1_545' title='bbox 3596 4788 3714 4833; x_wconf 83' lang='lat' dir='ltr'><strong>tan-</strong></span> 
     </span>
    </p>
   </div>
   <div class='ocr_carea' id='block_1_79' title="bbox 459 4869 2030 4941">
    <p class='ocr_par' dir='ltr' id='par_1_79' title="bbox 459 4869 2030 4941">
     <span class='ocr_line' id='line_1_80' title="bbox 459 4869 2030 4941; baseline -0.001 -18"><span class='ocrx_word' id='word_1_546' title='bbox 459 4874 556 4941; x_wconf 71' lang='grc' dir='ltr'>τὴν</span> <span class='ocrx_word' id='word_1_547' title='bbox 582 4872 681 4939; x_wconf 85' lang='grc' dir='ltr'>τῆς</span> <span class='ocrx_word' id='word_1_548' title='bbox 708 4870 1018 4938; x_wconf 77' lang='grc' dir='ltr'>ὀρθοδοξίας</span> <span class='ocrx_word' id='word_1_549' title='bbox 1047 4870 1333 4939; x_wconf 78' lang='grc' dir='ltr'>ἀκρίϐειαν</span> <span class='ocrx_word' id='word_1_550' title='bbox 1363 4869 1738 4928; x_wconf 77' lang='grc' dir='ltr'>ἀνυποστόλως</span> <span class='ocrx_word' id='word_1_551' title='bbox 1778 4870 2030 4935; x_wconf 86' lang='grc' dir='ltr'>διαγγέλ-</span> 
     </span>
    </p>
   </div>
   <div class='ocr_carea' id='block_1_80' title="bbox 458 4960 2029 5031">
    <p class='ocr_par' dir='ltr' id='par_1_80' title="bbox 458 4960 2029 5031">
     <span class='ocr_line' id='line_1_81' title="bbox 458 4960 2029 5031; baseline -0.002 -18"><span class='ocrx_word' id='word_1_552' title='bbox 458 4963 572 5016; x_wconf 85' lang='grc' dir='ltr'>λειν</span> <span class='ocrx_word' id='word_1_553' title='bbox 597 4963 735 5015; x_wconf 75' lang='grc' dir='ltr'>κατὰ</span> <span class='ocrx_word' id='word_1_554' title='bbox 763 4962 854 5014; x_wconf 77' lang='grc' dir='ltr'><strong>τὸν</strong></span> <span class='ocrx_word' id='word_1_555' title='bbox 888 4962 1089 5014; x_wconf 77' lang='grc' dir='ltr'>σκοπὸν</span> <span class='ocrx_word' id='word_1_556' title='bbox 1118 4961 1218 5027; x_wconf 77' lang='grc' dir='ltr'>τῆς</span> <span class='ocrx_word' id='word_1_557' title='bbox 1255 4961 1352 5027; x_wconf 78' lang='grc' dir='ltr'>σῆς</span> <span class='ocrx_word' id='word_1_558' title='bbox 1390 4961 1649 5030; x_wconf 74' lang='grc' dir='ltr'>μεγέστης</span> <span class='ocrx_word' id='word_1_559' title='bbox 1696 4960 2029 5031; x_wconf 80' lang='grc' dir='ltr'>ἁγιωσύνης.</span> 
     </span>
    </p>
   </div>
   <div class='ocr_carea' id='block_1_81' title="bbox 462 5051 2031 5122">
    <p class='ocr_par' dir='ltr' id='par_1_81' title="bbox 462 5051 2031 5122">
     <span class='ocr_line' id='line_1_82' title="bbox 462 5051 2031 5122; baseline -0.002 -14"><span class='ocrx_word' id='word_1_560' title='bbox 462 5056 619 5122; x_wconf 86' lang='grc' dir='ltr'>Λέγω</span> <span class='ocrx_word' id='word_1_561' title='bbox 645 5054 702 5106; x_wconf 75' lang='grc' dir='ltr'><strong>δὲ</strong></span> <span class='ocrx_word' id='word_1_562' title='bbox 726 5053 897 5106; x_wconf 79' lang='grc' dir='ltr'>ταῦτα</span> <span class='ocrx_word' id='word_1_563' title='bbox 917 5054 1014 5121; x_wconf 80' lang='grc' dir='ltr'><strong>οὐχ</strong></span> <span class='ocrx_word' id='word_1_564' title='bbox 1045 5052 1120 5113; x_wconf 79' lang='grc' dir='ltr'>ὡς</span> <span class='ocrx_word' id='word_1_565' title='bbox 1147 5054 1287 5122; x_wconf 82' lang='grc' dir='ltr'>ὁρῶν</span> <span class='ocrx_word' id='word_1_566' title='bbox 1315 5053 1414 5121; x_wconf 83' lang='grc' dir='ltr'>τὴν</span> <span class='ocrx_word' id='word_1_567' title='bbox 1445 5051 1689 5120; x_wconf 78' lang='grc' dir='ltr'>μεγάλην</span> <span class='ocrx_word' id='word_1_568' title='bbox 1715 5052 2031 5121; x_wconf 80' lang='grc' dir='ltr'>ἁγιωσύνην</span> 
     </span>
    </p>
   </div>
   <div class='ocr_carea' id='block_1_82' title="bbox 460 5141 2031 5209">
    <p class='ocr_par' dir='ltr' id='par_1_82' title="bbox 460 5141 2031 5209">
     <span class='ocr_line' id='line_1_83' title="bbox 460 5141 2031 5209; baseline -0.002 -12"><span class='ocrx_word' id='word_1_569' title='bbox 460 5162 556 5198; x_wconf 85' lang='grc' dir='ltr'><strong>σου</strong></span> <span class='ocrx_word' id='word_1_570' title='bbox 617 5142 865 5196; x_wconf 77' lang='grc' dir='ltr'>ἐντεῦθεν</span> <span class='ocrx_word' id='word_1_571' title='bbox 926 5141 1263 5195; x_wconf 75' lang='grc' dir='ltr'><strong>ἀπελθόντα⁹</strong></span> <span class='ocrx_word' id='word_1_572' title='bbox 1306 5143 1403 5195; x_wconf 78' lang='grc' dir='ltr'>οὐκ</span> <span class='ocrx_word' id='word_1_573' title='bbox 1451 5143 1532 5193; x_wconf 76' lang='grc' dir='ltr'>ἔτι</span> <span class='ocrx_word' id='word_1_574' title='bbox 1569 5142 1674 5209; x_wconf 77' lang='grc' dir='ltr'>γὰρ</span> <span class='ocrx_word' id='word_1_575' title='bbox 1705 5143 1802 5202; x_wconf 79' lang='grc' dir='ltr'>τὰς</span> <span class='ocrx_word' id='word_1_576' title='bbox 1846 5143 2031 5195; x_wconf 67' lang='grc' dir='ltr'>τελευ-</span> 
     </span>
    </p>
   </div>
   <div class='ocr_carea' id='block_1_83' title="bbox 456 5233 2029 5305">
    <p class='ocr_par' dir='ltr' id='par_1_83' title="bbox 456 5233 2029 5305">
     <span class='ocr_line' id='line_1_84' title="bbox 456 5233 2029 5305; baseline -0.002 -18"><span class='ocrx_word' id='word_1_577' title='bbox 456 5235 616 5295; x_wconf 86' lang='grc' dir='ltr'>ταίας</span> <span class='ocrx_word' id='word_1_578' title='bbox 672 5233 890 5295; x_wconf 76' lang='grc' dir='ltr'>ἐλπίδας</span> <span class='ocrx_word' id='word_1_579' title='bbox 951 5233 1297 5303; x_wconf 66' lang='grc' dir='ltr'>ἀπεϐάλομεν</span> <span class='ocrx_word' id='word_1_580' title='bbox 1323 5250 1335 5263; x_wconf 81' lang='grc'><em>’</em></span> <span class='ocrx_word' id='word_1_581' title='bbox 1387 5234 1697 5305; x_wconf 72' lang='grc' dir='ltr'>θαρροῦμεν</span> <span class='ocrx_word' id='word_1_582' title='bbox 1740 5234 1795 5286; x_wconf 82' lang='grc' dir='ltr'><strong>δὲ</strong></span> <span class='ocrx_word' id='word_1_583' title='bbox 1830 5234 1921 5286; x_wconf 75' lang='grc' dir='ltr'><strong>ἐπὶ</strong></span> <span class='ocrx_word' id='word_1_584' title='bbox 1952 5234 2029 5302; x_wconf 84' lang='grc' dir='ltr'>τῷ</span> 
     </span>
    </p>
   </div>
   <div class='ocr_carea' id='block_1_84' title="bbox 457 5328 2029 5397">
    <p class='ocr_par' dir='ltr' id='par_1_84' title="bbox 457 5328 2029 5397">
     <span class='ocr_line' id='line_1_85' title="bbox 457 5328 2029 5397; baseline -0.001 -18"><span class='ocrx_word' id='word_1_585' title='bbox 457 5328 580 5397; x_wconf 79' lang='grc' dir='ltr'><strong>Θεῷ</strong></span> <span class='ocrx_word' id='word_1_586' title='bbox 630 5328 1087 5396; x_wconf 75' lang='grc' dir='ltr'>περιγενήσεσθαξ</span> <span class='ocrx_word' id='word_1_587' title='bbox 1139 5345 1194 5379; x_wconf 85' lang='grc' dir='ltr'><strong>σε</strong></span> <span class='ocrx_word' id='word_1_588' title='bbox 1251 5329 1351 5396; x_wconf 83' lang='grc' dir='ltr'>τῆς</span> <span class='ocrx_word' id='word_1_589' title='bbox 1382 5328 1563 5391; x_wconf 82' lang='grc' dir='ltr'>νόσου,</span> <span class='ocrx_word' id='word_1_590' title='bbox 1602 5329 1693 5380; x_wconf 87' lang='grc' dir='ltr'><strong>καί</strong></span> <span class='ocrx_word' id='word_1_591' title='bbox 1743 5330 1841 5381; x_wconf 79' lang='grc' dir='ltr'><strong>σὺν</strong></span> <span class='ocrx_word' id='word_1_592' title='bbox 1897 5328 2029 5396; x_wconf 65' lang='grc' dir='ltr'>ἡμῖν</span> 
     </span>
    </p>
   </div>
   <div class='ocr_carea' id='block_1_85' title="bbox 457 5418 2031 5489">
    <p class='ocr_par' dir='ltr' id='par_1_85' title="bbox 457 5418 2031 5489">
     <span class='ocr_line' id='line_1_86' title="bbox 457 5418 2031 5489; baseline -0.001 -17"><span class='ocrx_word' id='word_1_593' title='bbox 457 5418 696 5483; x_wconf 75' lang='grc' dir='ltr'>ἔσεσθαι,</span> <span class='ocrx_word' id='word_1_594' title='bbox 736 5420 829 5471; x_wconf 73' lang='grc' dir='ltr'>καὶ</span> <span class='ocrx_word' id='word_1_595' title='bbox 860 5418 976 5488; x_wconf 77' lang='grc' dir='ltr'>ἅμα</span> <span class='ocrx_word' id='word_1_596' title='bbox 1007 5420 1073 5471; x_wconf 84' lang='grc' dir='ltr'><strong>τὰ</strong></span> <span class='ocrx_word' id='word_1_597' title='bbox 1109 5419 1331 5472; x_wconf 75' lang='grc' dir='ltr'>τοιαῦτα</span> <span class='ocrx_word' id='word_1_598' title='bbox 1362 5419 1859 5489; x_wconf 78' lang='grc' dir='ltr'>ἑπεξεργάσασθαι.</span> <span class='ocrx_word' id='word_1_599' title='bbox 1884 5420 1945 5471; x_wconf 84' lang='grc' dir='ltr'><strong>Εἰ</strong></span> <span class='ocrx_word' id='word_1_600' title='bbox 1977 5418 2031 5470; x_wconf 82' lang='grc' dir='ltr'><strong>δέ</strong></span> 
     </span>
    </p>
   </div>
   <div class='ocr_carea' id='block_1_86' title="bbox 456 5507 2032 5582">
    <p class='ocr_par' dir='ltr' id='par_1_86' title="bbox 456 5507 2032 5582">
     <span class='ocr_line' id='line_1_87' title="bbox 456 5507 2032 5582; baseline -0.001 -19"><span class='ocrx_word' id='word_1_601' title='bbox 456 5530 517 5579; x_wconf 78' lang='grc' dir='ltr'><strong>γε</strong></span> <span class='ocrx_word' id='word_1_602' title='bbox 543 5513 805 5581; x_wconf 81' lang='grc' dir='ltr'>κρῖμασιν</span> <span class='ocrx_word' id='word_1_603' title='bbox 828 5507 906 5575; x_wconf 75' lang='grc' dir='ltr'>οἷς</span> <span class='ocrx_word' id='word_1_604' title='bbox 931 5507 1037 5565; x_wconf 77' lang='grc' dir='ltr'>οἶδε</span> <span class='ocrx_word' id='word_1_605' title='bbox 1054 5512 1186 5575; x_wconf 62' lang='grc' dir='ltr'>Θεδς</span> <span class='ocrx_word' id='word_1_606' title='bbox 1211 5512 1457 5565; x_wconf 79' lang='grc' dir='ltr'>ἐντεῦθεν</span> <span class='ocrx_word' id='word_1_607' title='bbox 1474 5512 1871 5582; x_wconf 75' lang='grc' dir='ltr'>ἀποδημήσεις,</span> <span class='ocrx_word' id='word_1_608' title='bbox 1898 5512 2032 5581; x_wconf 84' lang='grc' dir='ltr'>πρὸς</span> 
     </span>
    </p>
   </div>
   <div class='ocr_carea' id='block_1_87' title="bbox 453 5604 2033 5673">
    <p class='ocr_par' dir='ltr' id='par_1_87' title="bbox 453 5604 2033 5673">
     <span class='ocr_line' id='line_1_88' title="bbox 453 5604 2033 5673; baseline 0 -18"><span class='ocrx_word' id='word_1_609' title='bbox 453 5605 512 5655; x_wconf 72' lang='grc' dir='ltr'>ὃν</span> <span class='ocrx_word' id='word_1_610' title='bbox 541 5604 845 5672; x_wconf 77' lang='grc' dir='ltr'>ἡτοίμασας</span> <span class='ocrx_word' id='word_1_611' title='bbox 876 5604 1025 5671; x_wconf 74' lang='grc' dir='ltr'>αὐτῷ</span> <span class='ocrx_word' id='word_1_612' title='bbox 1053 5605 1214 5657; x_wconf 84' lang='grc' dir='ltr'>τόπον</span> <span class='ocrx_word' id='word_1_613' title='bbox 1244 5609 1340 5673; x_wconf 77' lang='grc' dir='ltr'>τῆς</span> <span class='ocrx_word' id='word_1_614' title='bbox 1375 5604 1733 5666; x_wconf 82' lang='grc' dir='ltr'>ἀναπαύσεως</span> <span class='ocrx_word' id='word_1_615' title='bbox 1759 5605 2033 5672; x_wconf 81' lang='grc' dir='ltr'>πληροφο-</span> 
     </span>
    </p>
   </div>
   <div class='ocr_carea' id='block_1_88' title="bbox 456 5696 2027 5764">
    <p class='ocr_par' dir='ltr' id='par_1_88' title="bbox 456 5696 2027 5764">
     <span class='ocr_line' id='line_1_89' title="bbox 456 5696 2027 5764; baseline 0.001 -18"><span class='ocrx_word' id='word_1_616' title='bbox 456 5696 591 5764; x_wconf 82' lang='grc' dir='ltr'>ρῶν,</span> <span class='ocrx_word' id='word_1_617' title='bbox 623 5696 769 5762; x_wconf 86' lang='grc' dir='ltr'>λέγω</span> <span class='ocrx_word' id='word_1_618' title='bbox 795 5712 877 5747; x_wconf 74' lang='grc' dir='ltr'><strong>σοι</strong></span> <span class='ocrx_word' id='word_1_619' title='bbox 908 5697 1140 5749; x_wconf 73' lang='grc' dir='ltr'>ἐνώπιον</span> <span class='ocrx_word' id='word_1_620' title='bbox 1172 5698 1265 5749; x_wconf 85' lang='grc' dir='ltr'>τοῦ</span> <span class='ocrx_word' id='word_1_621' title='bbox 1292 5697 1426 5750; x_wconf 78' lang='grc' dir='ltr'>Θεοῦ</span> <span class='ocrx_word' id='word_1_622' title='bbox 1458 5700 1550 5750; x_wconf 71' lang='grc' dir='ltr'>καὶ</span> <span class='ocrx_word' id='word_1_623' title='bbox 1586 5698 1694 5749; x_wconf 77' lang='grc' dir='ltr'><strong>τῶν</strong></span> <span class='ocrx_word' id='word_1_624' title='bbox 1724 5697 1894 5764; x_wconf 88' lang='grc' dir='ltr'>ἁγίων</span> <span class='ocrx_word' id='word_1_625' title='bbox 1925 5698 2027 5763; x_wconf 86' lang='grc' dir='ltr'>ἁγ-</span> 
     </span>
    </p>
   </div>
   <div class='ocr_carea' id='block_1_89' title="bbox 454 5785 2026 5857">
    <p class='ocr_par' dir='ltr' id='par_1_89' title="bbox 454 5785 2026 5857">
     <span class='ocr_line' id='line_1_90' title="bbox 454 5785 2026 5857; baseline 0.001 -22"><span class='ocrx_word' id='word_1_626' title='bbox 454 5787 630 5850; x_wconf 72' lang='grc' dir='ltr'>γελων</span> <span class='ocrx_word' id='word_1_627' title='bbox 656 5801 761 5836; x_wconf 87' lang='grc' dir='ltr'><strong>των</strong></span> <span class='ocrx_word' id='word_1_628' title='bbox 781 5787 1024 5855; x_wconf 72' lang='grc' dir='ltr'>ἀοράτως</span> <span class='ocrx_word' id='word_1_629' title='bbox 1062 5789 1486 5857; x_wconf 80' lang='grc' dir='ltr'>παρισταμένων</span> <span class='ocrx_word' id='word_1_630' title='bbox 1512 5788 1603 5839; x_wconf 75' lang='grc' dir='ltr'>νῦν</span> <span class='ocrx_word' id='word_1_631' title='bbox 1625 5790 1779 5855; x_wconf 78' lang='grc' dir='ltr'>ἡμῖν,</span> <span class='ocrx_word' id='word_1_632' title='bbox 1805 5788 1898 5839; x_wconf 69' lang='grc' dir='ltr'><strong>καὶ</strong></span> <span class='ocrx_word' id='word_1_633' title='bbox 1920 5785 2026 5837; x_wconf 84' lang='grc' dir='ltr'>τῶν</span> 
     </span>
    </p>
   </div>
   <div class='ocr_carea' id='block_1_90' title="bbox 456 5878 2024 5948">
    <p class='ocr_par' dir='ltr' id='par_1_90' title="bbox 456 5878 2024 5948">
     <span class='ocr_line' id='line_1_91' title="bbox 456 5878 2024 5948; baseline 0 -18"><span class='ocrx_word' id='word_1_634' title='bbox 456 5880 590 5931; x_wconf 76' lang='grc' dir='ltr'>καθε</span> <span class='ocrx_word' id='word_1_635' title='bbox 635 5878 900 5948; x_wconf 62' lang='grc' dir='ltr'>ρεθέντων</span> <span class='ocrx_word' id='word_1_636' title='bbox 948 5880 1178 5937; x_wconf 72' lang='grc' dir='ltr'>ἐνταῦοα</span> <span class='ocrx_word' id='word_1_637' title='bbox 1209 5882 1415 5935; x_wconf 74' lang='grc' dir='ltr'>πολλῶν</span> <span class='ocrx_word' id='word_1_638' title='bbox 1464 5881 1553 5935; x_wconf 69' lang='grc' dir='ltr'>καὶ</span> <span class='ocrx_word' id='word_1_639' title='bbox 1606 5880 1897 5947; x_wconf 73' lang='grc' dir='ltr'>ἀξιολόγων</span> <span class='ocrx_word' id='word_1_640' title='bbox 1930 5881 2024 5933; x_wconf 82' lang='grc' dir='ltr'>ἁν-</span> 
     </span>
    </p>
   </div>
   <div class='ocr_carea' id='block_1_91' title="bbox 2135 4868 3710 4941">
    <p class='ocr_par' dir='ltr' id='par_1_91' title="bbox 2135 4868 3710 4941">
     <span class='ocr_line' id='line_1_92' title="bbox 2135 4868 3710 4941; baseline -0.001 -20"><span class='ocrx_word' id='word_1_641' title='bbox 2135 4884 2297 4941; x_wconf 87' lang='lat' dir='ltr'><strong>qnant</strong></span> <span class='ocrx_word' id='word_1_642' title='bbox 2331 4876 2381 4919; x_wconf 89' lang='lat' dir='ltr'><strong>te</strong></span> <span class='ocrx_word' id='word_1_643' title='bbox 2410 4882 2473 4921; x_wconf 79' lang='lat' dir='ltr'><strong>ex</strong></span> <span class='ocrx_word' id='word_1_644' title='bbox 2518 4868 2618 4922; x_wconf 88' lang='lat' dir='ltr'><strong>hoc</strong></span> <span class='ocrx_word' id='word_1_645' title='bbox 2652 4871 2854 4923; x_wconf 86' lang='lat' dir='ltr'><strong>mundo</strong></span> <span class='ocrx_word' id='word_1_646' title='bbox 2876 4870 3166 4923; x_wconf 88' lang='lat' dir='ltr'><strong>abeuntem</strong></span> <span class='ocrx_word' id='word_1_647' title='bbox 3197 4869 3408 4931; x_wconf 87' lang='lat' dir='ltr'><strong>videns,</strong></span> <span class='ocrx_word' id='word_1_648' title='bbox 3442 4884 3540 4921; x_wconf 84' lang='lat' dir='ltr'><strong>nec</strong></span> <span class='ocrx_word' id='word_1_649' title='bbox 3563 4870 3710 4922; x_wconf 87' lang='lat' dir='ltr'><strong>enim</strong></span> 
     </span>
    </p>
   </div>
   <div class='ocr_carea' id='block_1_92' title="bbox 2135 4961 3709 5034">
    <p class='ocr_par' dir='ltr' id='par_1_92' title="bbox 2135 4961 3709 5034">
     <span class='ocr_line' id='line_1_93' title="bbox 2135 4961 3709 5034; baseline -0.004 -14"><span class='ocrx_word' id='word_1_650' title='bbox 2135 4981 2283 5034; x_wconf 85' lang='lat' dir='ltr'><strong>spent</strong></span> <span class='ocrx_word' id='word_1_651' title='bbox 2322 4965 2566 5020; x_wconf 88' lang='lat' dir='ltr'><strong>ultimam</strong></span> <span class='ocrx_word' id='word_1_652' title='bbox 2621 4963 2919 5031; x_wconf 85' lang='lat' dir='ltr'><strong>abjecitnus</strong></span> <span class='ocrx_word' id='word_1_653' title='bbox 2950 4980 2970 5026; x_wconf 84' lang='grc'>,·</span> <span class='ocrx_word' id='word_1_654' title='bbox 2998 4962 3107 5014; x_wconf 91' lang='lat' dir='ltr'><strong>imo</strong></span> <span class='ocrx_word' id='word_1_655' title='bbox 3170 4961 3490 5015; x_wconf 81' lang='lat' dir='ltr'><strong>confidimus</strong></span> <span class='ocrx_word' id='word_1_656' title='bbox 3544 4969 3595 5013; x_wconf 86' lang='lat' dir='ltr'><strong>te</strong></span> <span class='ocrx_word' id='word_1_657' title='bbox 3646 4975 3709 5013; x_wconf 75' lang='lat' dir='ltr'><strong>ex</strong></span> 
     </span>
    </p>
   </div>
   <div class='ocr_carea' id='block_1_93' title="bbox 2135 5051 3711 5113">
    <p class='ocr_par' dir='ltr' id='par_1_93' title="bbox 2135 5051 3711 5113">
     <span class='ocr_line' id='line_1_94' title="bbox 2135 5051 3711 5113; baseline -0.004 -2"><span class='ocrx_word' id='word_1_658' title='bbox 2135 5058 2239 5111; x_wconf 84' lang='lat' dir='ltr'><strong>ltoc</strong></span> <span class='ocrx_word' id='word_1_659' title='bbox 2266 5058 2453 5109; x_wconf 86' lang='lat' dir='ltr'><strong>morbo</strong></span> <span class='ocrx_word' id='word_1_660' title='bbox 2483 5054 2973 5113; x_wconf 84' lang='lat' dir='ltr'><strong>convalescentem,</strong></span> <span class='ocrx_word' id='word_1_661' title='bbox 3010 5054 3251 5106; x_wconf 78' lang='lat' dir='ltr'><strong>futurum</strong></span> <span class='ocrx_word' id='word_1_662' title='bbox 3299 5053 3475 5105; x_wconf 84' lang='lat' dir='ltr'><strong>adhuc</strong></span> <span class='ocrx_word' id='word_1_663' title='bbox 3530 5051 3711 5106; x_wconf 72' lang='lat' dir='ltr'><strong>nobis-</strong></span> 
     </span>
    </p>
   </div>
   <div class='ocr_carea' id='block_1_94' title="bbox 2132 5144 3711 5210">
    <p class='ocr_par' dir='ltr' id='par_1_94' title="bbox 2132 5144 3711 5210">
     <span class='ocr_line' id='line_1_95' title="bbox 2132 5144 3711 5210; baseline -0.005 -7"><span class='ocrx_word' id='word_1_664' title='bbox 2132 5164 2277 5210; x_wconf 87' lang='lat' dir='ltr'><strong>cum,</strong></span> <span class='ocrx_word' id='word_1_665' title='bbox 2312 5157 2365 5201; x_wconf 88' lang='lat' dir='ltr'><strong>et</strong></span> <span class='ocrx_word' id='word_1_666' title='bbox 2390 5147 2551 5201; x_wconf 85' lang='lat' dir='ltr'><strong>simul</strong></span> <span class='ocrx_word' id='word_1_667' title='bbox 2586 5148 2699 5199; x_wconf 73' lang='lat' dir='ltr'><strong>lucc</strong></span> <span class='ocrx_word' id='word_1_668' title='bbox 2721 5147 2899 5199; x_wconf 90' lang='lat' dir='ltr'><strong>omnia</strong></span> <span class='ocrx_word' id='word_1_669' title='bbox 2922 5153 3325 5199; x_wconf 78' lang='lat' dir='ltr'><strong>exsecuturum.</strong></span> <span class='ocrx_word' id='word_1_670' title='bbox 3357 5144 3510 5209; x_wconf 87' lang='lat' dir='ltr'><strong>Quod</strong></span> <span class='ocrx_word' id='word_1_671' title='bbox 3544 5146 3587 5199; x_wconf 88' lang='lat' dir='ltr'><strong>si</strong></span> <span class='ocrx_word' id='word_1_672' title='bbox 3620 5161 3711 5195; x_wconf 81' lang='lat' dir='ltr'><strong>oe-</strong></span> 
     </span>
    </p>
   </div>
   <div class='ocr_carea' id='block_1_95' title="bbox 2136 5231 3710 5304">
    <p class='ocr_par' dir='ltr' id='par_1_95' title="bbox 2136 5231 3710 5304">
     <span class='ocr_line' id='line_1_96' title="bbox 2136 5231 3710 5304; baseline -0.008 -13"><span class='ocrx_word' id='word_1_673' title='bbox 2136 5238 2297 5291; x_wconf 90' lang='lat' dir='ltr'><strong>cultis</strong></span> <span class='ocrx_word' id='word_1_674' title='bbox 2328 5236 2547 5303; x_wconf 88' lang='lat' dir='ltr'><strong>judiciis</strong></span> <span class='ocrx_word' id='word_1_675' title='bbox 2573 5250 2693 5304; x_wconf 65' lang='lat' dir='ltr'><strong>qua:</strong></span> <span class='ocrx_word' id='word_1_676' title='bbox 2723 5234 2862 5287; x_wconf 87' lang='lat' dir='ltr'><strong>Dens</strong></span> <span class='ocrx_word' id='word_1_677' title='bbox 2891 5234 3059 5296; x_wconf 88' lang='lat' dir='ltr'><strong>novit,</strong></span> <span class='ocrx_word' id='word_1_678' title='bbox 3093 5234 3219 5287; x_wconf 86' lang='lat' dir='ltr'><strong>hinc</strong></span> <span class='ocrx_word' id='word_1_679' title='bbox 3261 5232 3326 5284; x_wconf 90' lang='lat' dir='ltr'><strong>ad</strong></span> <span class='ocrx_word' id='word_1_680' title='bbox 3376 5231 3577 5300; x_wconf 86' lang='lat' dir='ltr'><strong>quietis</strong></span> <span class='ocrx_word' id='word_1_681' title='bbox 3634 5233 3710 5281; x_wconf 85' lang='lat' dir='ltr'><strong>Io-</strong></span> 
     </span>
    </p>
   </div>
   <div class='ocr_carea' id='block_1_96' title="bbox 2137 5321 3706 5396">
    <p class='ocr_par' dir='ltr' id='par_1_96' title="bbox 2137 5321 3706 5396">
     <span class='ocr_line' id='line_1_97' title="bbox 2137 5321 3706 5396; baseline -0.005 -15"><span class='ocrx_word' id='word_1_682' title='bbox 2137 5343 2258 5381; x_wconf 87' lang='lat' dir='ltr'><strong>cum</strong></span> <span class='ocrx_word' id='word_1_683' title='bbox 2294 5340 2453 5396; x_wconf 82' lang='lat' dir='ltr'><strong>quem</strong></span> <span class='ocrx_word' id='word_1_684' title='bbox 2496 5325 2694 5393; x_wconf 86' lang='lat' dir='ltr'><strong>parasti</strong></span> <span class='ocrx_word' id='word_1_685' title='bbox 2753 5324 2869 5388; x_wconf 89' lang='lat' dir='ltr'><strong>tibi,</strong></span> <span class='ocrx_word' id='word_1_686' title='bbox 2902 5333 2953 5377; x_wconf 91' lang='lat' dir='ltr'><strong>te</strong></span> <span class='ocrx_word' id='word_1_687' title='bbox 2982 5324 3229 5393; x_wconf 76' lang='lat' dir='ltr'><strong>migrare-</strong></span> <span class='ocrx_word' id='word_1_688' title='bbox 3274 5323 3575 5389; x_wconf 72' lang='lat' dir='ltr'><strong>contingnt,</strong></span> <span class='ocrx_word' id='word_1_689' title='bbox 3612 5321 3706 5373; x_wconf 76' lang='lat' dir='ltr'><strong>til.i</strong></span> 
     </span>
    </p>
   </div>
   <div class='ocr_carea' id='block_1_97' title="bbox 2136 5412 3707 5479">
    <p class='ocr_par' dir='ltr' id='par_1_97' title="bbox 2136 5412 3707 5479">
     <span class='ocr_line' id='line_1_98' title="bbox 2136 5412 3707 5479; baseline -0.008 -5"><span class='ocrx_word' id='word_1_690' title='bbox 2136 5418 2438 5474; x_wconf 85' lang='lat' dir='ltr'><strong>certissime</strong></span> <span class='ocrx_word' id='word_1_691' title='bbox 2473 5417 2679 5469; x_wconf 75' lang='lat' dir='ltr'><strong>allirmo</strong></span> <span class='ocrx_word' id='word_1_692' title='bbox 2711 5428 2895 5468; x_wconf 89' lang='lat' dir='ltr'><strong>coram</strong></span> <span class='ocrx_word' id='word_1_693' title='bbox 2956 5416 3063 5467; x_wconf 89' lang='lat' dir='ltr'><strong>Deo</strong></span> <span class='ocrx_word' id='word_1_694' title='bbox 3113 5424 3171 5467; x_wconf 83' lang='lat' dir='ltr'><strong>et</strong></span> <span class='ocrx_word' id='word_1_695' title='bbox 3221 5413 3422 5466; x_wconf 82' lang='lat' dir='ltr'><strong>sanctis</strong></span> <span class='ocrx_word' id='word_1_696' title='bbox 3480 5412 3707 5479; x_wconf 74' lang='lat' dir='ltr'><strong>angelis,</strong></span> 
     </span>
    </p>
   </div>
   <div class='ocr_carea' id='block_1_98' title="bbox 2136 5502 3708 5579">
    <p class='ocr_par' dir='ltr' id='par_1_98' title="bbox 2136 5502 3708 5579">
     <span class='ocr_line' id='line_1_99' title="bbox 2136 5502 3708 5579; baseline -0.008 -15"><span class='ocrx_word' id='word_1_697' title='bbox 2136 5512 2226 5579; x_wconf 90' lang='lat' dir='ltr'><strong>qui</strong></span> <span class='ocrx_word' id='word_1_698' title='bbox 2256 5524 2399 5563; x_wconf 91' lang='lat' dir='ltr'><strong>nunc</strong></span> <span class='ocrx_word' id='word_1_699' title='bbox 2433 5508 2590 5561; x_wconf 88' lang='lat' dir='ltr'><strong>nobis</strong></span> <span class='ocrx_word' id='word_1_700' title='bbox 2615 5505 3265 5564; x_wconf 77' lang='lat' dir='ltr'><strong>invisibiliterassistunt,</strong></span> <span class='ocrx_word' id='word_1_701' title='bbox 3298 5513 3354 5555; x_wconf 91' lang='lat' dir='ltr'><strong>et</strong></span> <span class='ocrx_word' id='word_1_702' title='bbox 3377 5502 3562 5554; x_wconf 81' lang='lat' dir='ltr'><strong>multis</strong></span> <span class='ocrx_word' id='word_1_703' title='bbox 3597 5503 3708 5553; x_wconf 74' lang='lat' dir='ltr'><strong>ela-</strong></span> 
     </span>
    </p>
   </div>
   <div class='ocr_carea' id='block_1_99' title="bbox 2135 5591 3709 5669">
    <p class='ocr_par' dir='ltr' id='par_1_99' title="bbox 2135 5591 3709 5669">
     <span class='ocr_line' id='line_1_100' title="bbox 2135 5591 3709 5669; baseline -0.008 -15"><span class='ocrx_word' id='word_1_704' title='bbox 2135 5600 2474 5669; x_wconf 83' lang='lat' dir='ltr'><strong>rissimisque</strong></span> <span class='ocrx_word' id='word_1_705' title='bbox 2503 5601 2651 5663; x_wconf 80' lang='lat' dir='ltr'><strong>viris,</strong></span> <span class='ocrx_word' id='word_1_706' title='bbox 2682 5599 2772 5666; x_wconf 90' lang='lat' dir='ltr'><strong>qui</strong></span> <span class='ocrx_word' id='word_1_707' title='bbox 2814 5598 2899 5650; x_wconf 86' lang='lat' dir='ltr'><strong>ltic</strong></span> <span class='ocrx_word' id='word_1_708' title='bbox 2926 5603 3128 5657; x_wconf 75' lang='lat' dir='ltr'><strong>astant,</strong></span> <span class='ocrx_word' id='word_1_709' title='bbox 3168 5610 3254 5647; x_wconf 85' lang='lat' dir='ltr'><strong>me</strong></span> <span class='ocrx_word' id='word_1_710' title='bbox 3290 5606 3380 5645; x_wconf 87' lang='lat' dir='ltr'><strong>ttto</strong></span> <span class='ocrx_word' id='word_1_711' title='bbox 3406 5593 3527 5644; x_wconf 72' lang='lat' dir='ltr'><strong>loco</strong></span> <span class='ocrx_word' id='word_1_712' title='bbox 3567 5591 3709 5643; x_wconf 76' lang='lat' dir='ltr'><strong>iutu-</strong></span> 
     </span>
    </p>
   </div>
   <div class='ocr_carea' id='block_1_100' title="bbox 2137 5683 3709 5759">
    <p class='ocr_par' dir='ltr' id='par_1_100' title="bbox 2137 5683 3709 5759">
     <span class='ocr_line' id='line_1_101' title="bbox 2137 5683 3709 5759; baseline -0.009 -12"><span class='ocrx_word' id='word_1_713' title='bbox 2137 5709 2279 5752; x_wconf 88' lang='lat' dir='ltr'><strong>runt,</strong></span> <span class='ocrx_word' id='word_1_714' title='bbox 2310 5704 2361 5745; x_wconf 89' lang='lat' dir='ltr'><strong>et</strong></span> <span class='ocrx_word' id='word_1_715' title='bbox 2390 5702 2645 5759; x_wconf 88' lang='lat' dir='ltr'><strong>tanquam</strong></span> <span class='ocrx_word' id='word_1_716' title='bbox 2692 5705 2784 5742; x_wconf 89' lang='lat' dir='ltr'><strong>ore</strong></span> <span class='ocrx_word' id='word_1_717' title='bbox 2822 5699 2934 5751; x_wconf 82' lang='lat' dir='ltr'><strong>tuo,</strong></span> <span class='ocrx_word' id='word_1_718' title='bbox 2970 5702 3309 5755; x_wconf 64' lang='lat' dir='ltr'><strong>qttu&#39;cunqne</strong></span> <span class='ocrx_word' id='word_1_719' title='bbox 3344 5683 3709 5750; x_wconf 69' lang='lat' dir='ltr'><strong>amplecteba-</strong></span> 
     </span>
    </p>
   </div>
   <div class='ocr_carea' id='block_1_101' title="bbox 2135 5778 3704 5849">
    <p class='ocr_par' dir='ltr' id='par_1_101' title="bbox 2135 5778 3704 5849">
     <span class='ocr_line' id='line_1_102' title="bbox 2135 5778 3704 5849; baseline -0.009 -12"><span class='ocrx_word' id='word_1_720' title='bbox 2135 5785 2210 5838; x_wconf 84' lang='lat' dir='ltr'><strong>ris</strong></span> <span class='ocrx_word' id='word_1_721' title='bbox 2239 5794 2289 5838; x_wconf 86' lang='lat' dir='ltr'><strong>et</strong></span> <span class='ocrx_word' id='word_1_722' title='bbox 2313 5783 2563 5846; x_wconf 75' lang='lat' dir='ltr'><strong>doeebas,</strong></span> <span class='ocrx_word' id='word_1_723' title='bbox 2596 5782 2968 5849; x_wconf 78' lang='lat' dir='ltr'><strong>amplexurtnn</strong></span> <span class='ocrx_word' id='word_1_724' title='bbox 3015 5788 3069 5833; x_wconf 88' lang='lat' dir='ltr'><strong>et</strong></span> <span class='ocrx_word' id='word_1_725' title='bbox 3123 5778 3497 5836; x_wconf 58' lang='lat' dir='ltr'><strong>ili-tensurum,</strong></span> <span class='ocrx_word' id='word_1_726' title='bbox 3529 5788 3704 5825; x_wconf 84' lang='lat' dir='ltr'><strong>omin-</strong></span> 
     </span>
    </p>
   </div>
   <div class='ocr_carea' id='block_1_102' title="bbox 2134 5872 3703 5949">
    <p class='ocr_par' dir='ltr' id='par_1_102' title="bbox 2134 5872 3703 5949">
     <span class='ocr_line' id='line_1_103' title="bbox 2134 5872 3703 5949; baseline -0.012 -14"><span class='ocrx_word' id='word_1_727' title='bbox 2134 5882 2339 5949; x_wconf 83' lang='lat' dir='ltr'><strong>busqne</strong></span> <span class='ocrx_word' id='word_1_728' title='bbox 2406 5878 2847 5932; x_wconf 60' lang='lat' dir='ltr'><strong>attnurotialuruzn</strong></span> <span class='ocrx_word' id='word_1_729' title='bbox 2914 5893 2925 5928; x_wconf 88' lang='lat'><strong>:</strong></span> <span class='ocrx_word' id='word_1_730' title='bbox 2984 5873 3116 5927; x_wconf 86' lang='lat' dir='ltr'><strong>n.ltd</strong></span> <span class='ocrx_word' id='word_1_731' title='bbox 3203 5872 3422 5925; x_wconf 85' lang='lat' dir='ltr'><strong>omnino</strong></span> <span class='ocrx_word' id='word_1_732' title='bbox 3515 5882 3703 5921; x_wconf 70' lang='lat' dir='ltr'><strong>Culum</strong></span> 
     </span>
    </p>
   </div>
  </div>
