4452 6450
440 388 534 449 Ml

443 597 618 663 γραφῇ
650 595 708 647 τὸ
734 598 831 667 τῆς
854 603 1069 667 εὐνοίας
1091 608 1246 675 χρέος
1278 609 1539 679 πληροῦν.
1585 615 1641 668 '0
1670 617 1779 687 γὰρ
1805 595 2003 689 ήμέτε-

434 697 524 746 ρος
562 685 751 752 καιρὸς
781 687 871 739 καὶ
911 691 1020 743 τῶν
1049 696 1332 768 ἡμετέρων
1375 698 1547 770 ᾤχετο
1575 685 1770 771 λόγων,
1802 685 2004 777 μαλλον

433 768 488 821 δὲ
546 775 745 838 παντὸς
778 779 1005 848 ἀγαθοῦ,
1041 786 1132 838 καὶ
1175 788 1255 840 δεῖ
1284 768 1397 859 τὴν
1440 768 1681 865 ἐσχάτη-ν
1724 768 2003 868 ἀμορφίαν

432 862 522 913 τοῦ
557 865 748 930 γένους
777 870 834 921 ὲν
860 870 1061 927 ἅπαντι
1089 880 1375 948 πράγματι
1424 862 1777 955 καθημένους.
1801 862 1859 943 ὲν

431 952 517 1020 vi;
574 970 676 1006 που
736 956 951 1029 θρηνεῖν
1003 970 1202 1036 σιωπῇ,
1256 972 1350 1023 καὶ
1398 972 1496 1043 τὴν
1551 952 1855 1046 ἀπαγωγὴν

429 1045 680 1114 τοιαύτης
709 1046 1037 1112 ἐξαιτεῖσθαι
1062 1056 1227 1126 ζωῆς,
1253 1062 1452 1117 ὁπόταν
1478 1067 1705 1139 ἐπινεύῃ
1734 1071 1793 1122 τὸ
1820 1072 1994 1128 Θείον.

443 1134 582 1188 Ἀλλ’
611 1140 643 1207 ή
670 1141 802 1209 πρὸς
831 1145 921 1197 τὸν
951 1147 1123 1215 μέγαν
1149 1151 1428 1207 Βασίλειον
1450 1157 1611 1221 αἰδὼς
1645 1134 1997 1231 κατηνάγκα-

428 1240 538 1277 σεν.
591 1227 812 1301 Ἐκεὶνῳ
862 1235 1043 1289 τοίνυν
1075 1239 1217 1309 ἔχοις
1252 1244 1319 1296 ἂν
1364 1245 1461 1315 τὴν
1495 1249 1671 1318 χάριν,
1704 1227 1802 1323 οὐχ
1844 1227 1995 1325 ὑμῖν,

424 1322 651 1387 ταυτησὶ
686 1321 782 1390 τῆς
812 1325 1130 1395 ἀπολογίας.

502 1586 561 1641 Ὀ
613 1590 713 1658 μὲν
764 1593 875 1663 γὰρ
915 1601 1089 1665 μέγας
1144 1605 1244 1671 τῆς
1286 1605 1614 1677 Ἐκκλησίας
1672 1613 1992 1681 διδάσκαλος

418 1680 555 1749 φησί
588 1696 712 1751 που,
766 1705 783 1737 ι
829 1687 1056 1743 Θάνατοι
1089 1693 1145 1745 δὲ
1182 1696 1506 1764 ἀπάγονται,
1559 1703 1670 1756 τῶν
1703 1706 1843 1775 ὅρων
1891 1709 1991 1777 τῆς

416 1768 563 1838 ζωῆς
604 1774 1023 1845 πληρωθέντων,
1054 1782 1149 1846 οὓς
1179 1788 1307 1856 περὶ
1338 1789 1571 1845 ἕκαστον
1617 1768 1815 1863 ἔπηξεν
1842 1799 1872 1867 ή

414 1862 548 1914 καία
578 1866 671 1917 τοῦ
699 1867 833 1920 Θ-οῢ
872 1873 1074 1940 κρίσις,
1108 1876 1391 1946 πόῤῥωθεν
1415 1882 1480 1933 τὸ
1510 1887 1634 1953 περὶ
1848 1858 1982 1957 συμ-
2019 1858 2058 1915 Β

413 1954 580 2022 φέρον
602 1958 1097 2028 προϐλεπομένου.»
1141 1967 1210 2019 Σὺ
1229 1969 1307 2031 δὲ,
1332 1973 1591 2027 ὁσιώτατε
1614 1978 1708 2029 καὶ
1735 1979 1979 2045 φίλτατε,

408 2040 633 2097 ἀκούειν
684 2048 865 2114 λέγεις
921 2052 1151 2121 πολλῶν,
1199 2060 1413 2124 πολλοῖς
1457 2040 1845 2136 ἐπιχειρήμασι
1907 2040 1982 2140 μή

410 2136 677 2191 θελόντων
734 2141 913 2207 τοῦτο,
943 2146 1077 2213 μηδὲ
1124 2148 1450 2220 δεχομένων.
1485 2157 1646 2211 Ὅθεν
1695 2162 1785 2212 καί
1830 2180 1980 2225 τινας

408 2234 591 2286 αὐτῶν
622 2236 713 2287 τὸν
761 2240 934 2307 μέγαν
981 2243 1405 2317 ὲξαιτιωμένους
1458 2253 1550 2304 ἐπὶ
1595 2255 1767 2323 τούτῳ
1821 2256 1979 2308 Βασί-

407 2326 571 2392 λειον,
628 2330 829 2398 λέγειν,
872 2334 946 2397 ὡς
986 2338 1051 2390 ἐκ
1098 2339 1190 2391 τοῦ
1233 2345 1576 2410 παρήκοντος
1628 2345 1779 2400 εἶπεν
1810 2349 1975 2413 οὕτω,

410 2419 503 2468 καὶ
531 2418 600 2470 δι’
629 2421 897 2486 ὠφέλειαν
929 2426 1035 2478 τῶν
1062 2430 1180 2482 τότε
1216 2434 1424 2487 ἐκείνου
1459 2438 1783 2493 ἀκουόντων.
1824 2436 1977 2493 Εἶναι

410 2508 510 2574 μὲν
539 2510 766 2574 πολλοὺς
800 2515 927 2578 τοὺς
952 2518 1122 2570 ταῦτα
1154 2521 1405 2588 λέγοντας
1452 2528 1604 2579 οὐδὲν
1642 2530 1976 2599 θαυμαστόν.

406 2599 489 2651 Τά
542 2602 646 2670 γὰρ
682 2604 800 2657 θεῖα
854 2608 947 2659 καὶ
1000 2610 1177 2678 ὑψηλά
1219 2619 1311 2666 καὶ
1369 2617 1684 2685 φιλοσοφίας
1735 2624 1978 2693 γέμοντα

404 2694 531 2755 τοὺς
567 2694 796 2757 πολλοὺς
842 2699 1221 2772 (διαπέφευγεν.
1286 2706 1422 2760 υθεν
1482 2712 1599 2763 οὐδὲ
1656 2712 1761 2782 χρὴ
1807 2719 1977 2768 πιεῖ-

405 2784 530 2838 σθαι
561 2790 693 2857 πρὸς
722 2793 960 2857 ἐκείνους
987 2796 1144 2864 λόγον
1170 2799 1377 2855 οὐδένα.
1407 2806 1470 2856 Σὲ
1495 2806 1547 2857 δὲ
1573 2806 1788 2870 εὐνοίας
1812 2811 1975 2861 ἕνεκα

403 2882 482 2947 τῷ
522 2884 741 2952 μεγάλῳ
796 2890 1134 2959 συνιστῶμεν
1185 2896 1377 2961 Πατρὶ,
1432 2901 1526 2950 καὶ
1570 2901 1645 2967 τῷ
1694 2902 1790 2969 τὴν
1827 2904 1975 2972 ἱερὰν

405 2974 618 3027 ἐκείνου
664 2976 845 3046 ψυχὴν
881 2983 1177 3046 φωτίσαντι
1216 2988 1515 3057 Πνεύματι.
1554 2992 1735 3044 Ἔστω
1781 2993 1856 3058 δὲ,
1901 2996 1976 3056 ὡς

401 3068 555 3118 αὐτοί
582 3084 764 3135 φασιν,
805 3074 866 3123 ὲκ
900 3073 993 3125 τοῦ
1032 3079 1373 3144 παρήκοντος
1401 3081 1670 3149 θεολογεῖν
1712 3101 1830 3137 τινα
1864 3086 1975 3136 τῶν

399 3161 619 3227 ἀληθῶν
656 3162 945 3231 θεολόγων,
972 3166 1106 3220 ἀλλὰ
1131 3167 1302 3238 ψευδῆ
1335 3170 1602 3240 θεολογείν
1631 3175 1728 3244 οὐχ
1755 3172 1865 3227 οἷον
1895 3193 1975 3239 τε,

400 3250 525 3304 οὔτε
559 3254 861 3322 προῦργου,
882 3255 995 3331 οθτ’
1018 3260 1080 3310 ὲκ
1100 3259 1195 3311 τοῦ
1229 3263 1570 3331 παρήκοντος
1593 3265 1973 3334 θεολογοῦντα.

403 3346 639 3413 Ἔμελλε
690 3348 745 3399 δὲ
786 3352 849 3401 ἐκ
898 3351 989 3403 τοῦ
1042 3354 1383 3421 παρήκοντος
1435 3356 1705 3422 θεολογεῖν
1754 3375 1883 3411 ποτε
1948 3361 1974 3410 ὁ

399 3435 580 3503 πάσης
621 3442 891 3509 προσοχῆς
951 3443 1044 3494 καὶ
1088 3444 1375 3513 ἀκριϐείας
1426 3445 1625 3507 κανὼν,
1679 3447 1973 3501 καὶταῦτα

398 3528 530 3595 περὶ
579 3532 840 3596 μεγίστου
888 3532 1177 3602 δόγματος,
1225 3537 1319 3587 καὶ
1373 3538 1453 3598 εἰς
1503 3537 1561 3589 τὸ
1592 3538 1844 3608 δεύτερον
1876 3540 1972 3608 τῆς

398 3619 637 3682 πίστεως
697 3623 993 3690 ἀνήκοντος
1041 3626 1264 3695 ἄρθρον,
1302 3630 1396 3681 καὶ
1449 3629 1517 3681 δι’
1550 3629 1819 3698 ὠφέλειαν
1864 3633 1971 3684 τῶν

396 3708 704 3763 ἀκουόντων
740 3712 932 3779 ἔμελλε
967 3713 1136 3783 ψευδῆ
1192 3717 1506 3784 προτιθέναι
1543 3720 1826 3789 δόγματας
1878 3723 1970 3775 καὶ

396 3801 634 3867 ὠφέλεια
684 3804 792 3855 τῶν
820 3804 1125 3858 ἀκουόντων
1164 3807 1229 3860 ἂν
1266 3804 1355 3878 ἦν,
1390 3810 1475 3863 ἵνα
1513 3815 1640 3881 περὶ
1664 3815 1720 3865 τὸ
1755 3812 1885 3883 ἦθός
1917 3832 1968 3868 τι

397 3894 637 3963 βελτίους
666 3897 958 3964 γινόμενοι,
992 3898 1350 3966 ψευδοδοξῶσι
1400 3905 1529 3974 περὶ
1561 3905 1695 3958 θεοῦ
1730 3908 1824 3959 καὶ
1859 3909 1967 3961 τῶν

394 3986 594 4049 θείων;
645 3988 737 4039 καὶ
790 3988 1012 4055 ὠφελῶν
1061 3990 1253 4052 ἄλλους
1296 3996 1353 4045 ὲν
1406 3998 1644 4063 μικροῖς,
1701 3999 1967 4053 ἔϐλαπτεν

393 4079 584 4131 ἑαυτὸν
616 4084 670 4130 ἐν
696 4082 809 4142 τοῖς
838 4082 1115 4148 μεγίστοις
1144 4084 1285 4135 ἑκὼν
1327 4087 1456 4156 περὶ
1498 4088 1607 4141 τῶν
1641 4092 1801 4144 θείων
1831 4092 1966 4161 ψευ-

392 4169 637 4237 δόμενις,
676 4173 767 4223 καὶ
799 4171 969 4224 ταῦτα
1001 4174 1136 4241 μηδὲ
1170 4177 1305 4244 πρὸς
1333 4177 1505 4247 δῆμον
1538 4181 1629 4233 τὸν
1665 4181 1819 4250 λόγον
1848 4202 1965 4237 ποι-

391 4262 643 4330 ούμενος,
678 4265 792 4317 ἀλλ’
826 4266 930 4337 ἰδίᾳ
959 4268 1071 4320 τισὶ
1106 4271 1558 4341 πεπαιδευμένοις
1592 4292 1648 4326 τε
1692 4278 1788 4330 καὶ
1820 4294 1964 4349 παρ-

389 4356 709 4409 ακολουθεῖν
742 4357 1082 4425 δυναμένοις,
1118 4364 1211 4413 καὶ
1266 4363 1372 4432 μὴν
1430 4367 1594 4419 παντὶ
1646 4368 1963 4437 συλλογιζο-

1756 4460 1834 4482 ’.εν

392 4449 560 4516 μένῳ,
596 4448 643 4499 εἰ
680 4450 773 4501 καὶ
803 4452 1004 4514 σκοπός
1036 4455 1152 4506 ὲστι
1184 4453 1245 4507 τὸ
1291 4457 1686 4526 συμπέρασμα,
1717 4460 1834 4513 ἀλλ’
1863 4464 1961 4515 οὐκ

388 4539 454 4587 ὲκ
479 4538 574 4588 τοῦ
604 4538 949 4607 παρήκοντος
977 4543 1032 4594 αἱ
1063 4524 1371 4612 προτάσεις
1396 4524 1783 4614 λαμϐάνονται.
1819 4551 1961 4619 Πρὸς
1997 4524 2037 4578 D

385 4627 443 4679 δὲ
473 4627 562 4678 τὸν
613 4629 793 4695 λόγον,
838 4632 932 4682 καὶ
984 4634 1083 4701 τὴν
1128 4636 1249 4685 κατ’
1279 4635 1442 4688 αὑτὸν
1490 4636 1746 4708 ἀλήθειαν
1776 4641 1961 4705 ἁπλῶς

385 4720 651 4788 δηλονότι,
680 4721 841 4775 αὗται
874 4725 969 4777 καὶ
1000 4725 1200 4793 μᾶλλόν
1227 4728 1332 4779 εἱσι
1390 4728 1692 4800 προῦργου,
1725 4732 1799 4795 ὡς
1829 4735 1958 4788 ἄνευ

385 4813 566 4864 αὐτῶν
604 4814 865 4866 ἀδύνατον
913 4818 1329 4885 συμπεραίνειν.
1378 4818 1435 4873 Ὀ
1470 4820 1525 4873 δὲ
1570 4825 1665 4891 τῆς
1705 4824 1959 4894 ἀληθείας

384 4905 706 4967 διδάσκαλος
731 4909 793 4958 ἐκ
818 4906 912 4959 τοῦ
941 4910 1284 4977 παρήκοντος
1318 4913 1606 4980 ποιήσεται
1637 4917 1730 4967 καὶ
1756 4921 1960 4988 παρέρ-

385 5013 497 5061 γως
532 4996 631 5064 τὴν
666 4999 727 5048 ὲκ
756 4997 863 5049 τῶν
906 4998 1063 5050 θείων
1110 5001 1306 5067 λογίων
1338 5003 1654 5069 ἁπόδειξιν;
1703 5009 1749 5059 εἰ
1778 5010 1831 5059 δὲ
1868 5012 1959 5062 καὶ

384 5088 449 5137 ἐκ
496 5087 570 5153 μὴ
629 5087 863 5155 ἀληθῶν,
921 5088 980 5139 τὸ
1024 5094 1207 5143 πεῖσαι
1258 5095 1419 5160 μόνον
1475 5099 1716 5161 σκοπῶν,
1752 5101 1830 5151 ἔτι
1862 5102 1958 5170 τῆς

383 5178 641 5243 α>.-ι,θ-ία;
684 5178 837 5230 ἔσται
890 5180 1228 5249 διδάσκαλος,
1320 5190 1599 5252 coptam:
1633 5192 1954 5259 ἐναρίθμιος

383 5269 629 5337 μᾶλί·.ον;
672 5269 735 5322 Εἰ
792 5273 969 5321 τοίνυν
1000 5274 1062 5324 ἐκ
1118 5275 1212 5341 τῆς
1246 5277 1499 5344 οὐρανίου
1555 5281 1956 5347 προδιατέιξεως

383 5360 514 5427 περὶ
548 5360 645 5427 τῆς
698 5360 1040 5433 ἀνθρωπίνης
1072 5363 1210 5433 ζωῆς
1261 5383 1319 5417 τε
1354 5372 1445 5418 καὶ
1497 5369 1769 5440 τελευτῆς,
1807 5376 1946 5426 κατα

382 5467 441 5502 τε
478 5454 670 5520 χρῦνον
702 5458 794 5505 καὶ
838 5456 1037 5524 τρόπον
1077 5464 1103 5508 ο
1138 5461 1311 5527 μέγας
1359 5461 1517 5529 ἤθελε
1568 5466 1797 5527 πείθειν,
1840 5470 1958 5537 μεθ’

381 5547 660 5613 ὑπομονῆς
695 5548 1019 5617 εὔχαρὶστου
1066 5555 1253 5620 φέρειν
1289 5555 1385 5624 τὴν
1429 5557 1705 5626 τελευτὴν.
1756 5564 1956 5627 μᾶλλον

380 5639 432 5689 δὲ
484 5641 837 5704 ἀναγκάζπν,
883 5642 954 5702 ὡς
1007 5645 1178 5705 ἄλλως
1228 5653 1517 5715 μςκλοντας
1574 5655 1952 5724 ασεδητειν,ἤ

381 5734 467 5782 τ’,ν
503 5731 645 5782 θεῖον
673 5733 1003 5798 ἀγνοοῦντας
1052 5742 1409 5807 προορισμὶν,
1444 5743 1474 5811 ἢ
1515 5744 1720 5805 εἱδότας
1760 5750 1850 5800 καὶ
1893 5751 1951 5801 οὐ

379 5826 766 5888 ιερυνῑίζοντας
804 5828 860 5878 ἐκ
922 5827 1214 5895 ’ρελοζινιῖςς
1270 5835 1471 5890 iusto";
1510 5854 1560 5888 t;
1604 5840 1694 5892 καὶ
1738 5858 1837 5894 τίκ-ι
1873 5843 1947 5895 οἱ-

1428 404 1791 468 EPISTOLA
1851 413 1948 472 DE
2000 415 2731 487 PR/EDESTINATIUNE

438 501 605 568 μηδὲν
637 503 1031 576 ἀποκρίνεσθαι
1070 516 1197 584 περὶ
1227 510 1303 571 ὧν
1339 520 1664 591 ὲπυνθάνου,
1698 529 1923 598 συνήθει
1955 530 2011 583 δὲ

3578 447 3679 510 542

2041 537 2085 595 Α
2117 540 2343 609 quidem
2380 545 2509 599 nihil
2542 547 2607 601 ad
2639 563 2701 602 ea
2733 554 3084 621 respondere,
3113 557 3179 613 de
3227 560 3424 629 quibus
3458 578 3687 633 percun-

2108 640 2289 687 uattts
2338 633 2539 703 fueras,
2577 640 2672 693 sed
2709 654 2966 700 consueta
3001 647 3362 723 familiarique
3386 656 3684 723 scriptione

2106 725 2511 784 benevolentiae
2570 732 2809 789 debitum
2869 740 3255 808 persolvendo,
3314 746 3411 801 tibi
3466 748 3682 802 satisfa-

2106 834 2249 874 cere.
2287 820 2496 876 Etenim
2526 836 2889 892 opportunum
2942 840 3151 900 tempus
3199 840 3253 887 et
3301 841 3502 892 nostris
3551 856 3683 894 eou-

2106 928 2318 969 cessum
2358 920 2699 975 sermonibus
2741 926 3017 992 prmteriit,
3072 929 3181 981 into
3227 931 3403 997 potius
3439 935 3679 997 cujusvis

2105 1007 2489 1078 bonLoecasio
2528 1029 2541 1065 :
2573 1012 2700 1080 quin
2731 1022 3033 1069 extremam
3069 1022 3244 1090 gentis
3279 1021 3676 1079 deformitatem

2105 1099 2160 1153 in
2205 1101 2351 1153 omni
2386 1106 2599 1170 negotio
2623 1106 2973 1162 eonsidentes
3004 1110 3056 1161 in
3083 1113 3280 1180 angulo
3305 1114 3489 1183 lugere
3521 1118 3680 1170 tacite

2102 1191 2299 1245 alicubi
2332 1204 2572 1259 prmstat,
2618 1205 2671 1250 et
2732 1201 3106 1254 avocationem
3150 1203 3216 1255 ah
3259 1205 3529 1272 ejusmodi
3568 1208 3676 1260 vita

2100 1294 2414 1350 exposcere,
2459 1287 2679 1353 quando
2708 1285 2917 1343 Numen
2951 1294 3166 1347 annuit.
3197 1296 3299 1349 Sed
3335 1301 3633 1353 reverentia
3661 1338 3676 1360 ,

2098 1386 2200 1438 qua
2256 1372 2513 1429 Basilium
2570 1378 2820 1446 Magnum
2870 1397 3194 1452 prosequor,
3232 1387 3296 1439 ad
3338 1391 3678 1457 responden-

2097 1461 2226 1537 dum
2263 1467 2461 1533 coegit.
2492 1467 2759 1532 Quocirca
2795 1473 3024 1541 gratiam
3063 1476 3137 1529 illi
3168 1478 3364 1535 habere
3394 1491 3543 1549 potes
3571 1481 3676 1536 hu-

2091 1551 2182 1621 jus
2216 1556 2505 1625 Apologiaa,
2542 1573 2647 1612 non
2678 1572 2855 1616 autem
2896 1565 3075 1619 nobis.

2170 1642 2461 1700 Enimvero
2510 1664 2742 1719 magnus
2796 1657 3049 1713 Ecclesiae
3096 1661 3287 1715 doctor
3320 1663 3396 1715 ait
3425 1665 3620 1719 alicubi
3657 1686 3671 1720 :

2103 1754 2121 1786 ι
2163 1734 2361 1791 Mortes
2413 1750 2589 1795 autem
2642 1745 3014 1815 inducuntur,
3073 1752 3323 1807 terminis
3359 1754 3482 1809 vine.
3516 1757 3679 1810 abso-

2094 1824 2240 1889 Iutis,
2274 1840 2408 1894 quos
2439 1831 2581 1885 circa
2611 1849 3055 1909 unumquemque
3087 1842 3201 1895 fixit
3228 1844 3431 1912 justum
3472 1846 3560 1899 Dei
3590 1846 3678 1915 ju-

2087 1915 2308 1983 dicium,
2337 1923 2543 1975 eminus
2572 1927 2715 1993 quod
2770 1931 2923 1985 nobis
2952 1934 3207 1989 conducit
3235 1939 3669 2006 prospicientis»

2087 2002 2165 2058 Tu
2198 2022 2346 2074 vero,
2376 2013 2719 2069 sanctissime
2753 2027 2807 2071 et
2839 2022 3192 2088 amicissime,
3237 2029 3427 2081 audire
3473 2033 3674 2086 multos

2085 2096 2246 2165 dicis,
2290 2103 2381 2169 qui
2423 2104 2670 2172 pluribus
2698 2110 2799 2162 hoc
2840 2118 3177 2181 argumentis
3212 2118 3543 2188 improbant,
3583 2138 3668 2175 re-

2086 2188 2261 2243 futant
2292 2207 2354 2245 ac
2388 2197 2670 2262 repudiattt
2706 2217 2718 2252 :
2749 2203 2879 2268 quin
2922 2207 3084 2259 etiam
3116 2222 3305 2262 eorum
3376 2214 3671 2269 nonnullos

2084 2281 2164 2336 ais
2196 2282 2265 2336 de
2310 2282 2509 2342 Basilio
2540 2305 2735 2358 magno
2765 2293 2833 2346 ob
2867 2294 2916 2347 id
2966 2301 3402 2367 exposmlantes,
3439 2320 3672 2371 queren-

2086 2384 2287 2443 tesque”
2317 2376 2497 2434 dicere
2527 2382 2703 2449 illum,
2743 2386 2896 2454 quasi
2930 2389 3073 2444 aliud
3111 2395 3338 2462 agendo.
3373 2407 3423 2449 et
3452 2408 3671 2466 propter

2082 2469 2509 2526 emolumentum
2538 2489 2726 2529 eorum
2760 2481 2851 2547 qui
2890 2490 3017 2535 tunc
3045 2485 3220 2552 ipsunt
3246 2488 3559 2553 audiebant,
3593 2490 3668 2543 ita

2082 2560 2182 2613 ltoc
2204 2562 2535 2620 ettutttiasse.
2569 2566 2721 2631 Quod
2754 2572 2904 2624 multi
2938 2575 3045 2627 sint
3072 2578 3161 2644 qui
3209 2578 3323 2633 haec
3362 2581 3667 2655 proferunt,

2079 2651 2214 2704 nihil
2243 2652 2437 2706 mirum
2475 2663 2555 2709 est
2588 2674 2602 2710 :
2638 2674 2762 2711 nam
2804 2660 2984 2714 divina
3015 2672 3067 2717 et
3100 2669 3354 2722 sublimia
3386 2680 3439 2724 et
3492 2673 3670 2740 philo-

2081 2743 2323 2808 soplticis
2398 2747 2704 2803 rationibus
2773 2755 3042 2807 cumulata
3114 2759 3353 2826 plebeios
3423 2762 3663 2832 fugiunt.

2086 2832 2268 2897 Quare
2299 2849 2363 2886 ne
2406 2837 2568 2889 verba
2615 2841 2833 2907 quidem
2863 2846 2978 2897 ulla
3011 2862 3132 2900 cum
3182 2850 3247 2903 iis
3281 2856 3663 2908 commutanda

2080 2931 2227 2975 sunt.
2256 2923 2329 2977 Te
2370 2940 2501 2980 vero
2551 2930 2939 2987 benevolentia:
2974 2952 3138 2992 causa
3178 2957 3375 3009 magno
3407 2936 3681 2997 concilia;

2083 3028 2203 3067 mus
2235 3016 2399 3080 Patri,
2427 3027 2482 3071 et
2515 3022 2609 3087 qui
2640 3037 2853 3077 sacram
2882 3027 3029 3081 illius
3057 3032 3295 3084 animam
3342 3034 3659 3100 illustravit,

2083 3104 2329 3174 Spiritui.
2373 3109 2503 3164 Esto
2534 3128 2685 3176 sane,
2721 3128 2777 3170 ttt
2806 3118 2893 3172 isti
2932 3122 3139 3186 dicunt,
3178 3126 3415 3194 aliquem
3452 3143 3482 3182 e
3518 3130 3663 3185 veris

2005 3185 2046 3241 C
2077 3206 2129 3250 et
2162 3207 2310 3250 tanto
2344 3203 2562 3256 nomine
2592 3205 2772 3272 dignis
2800 3211 3068 3279 theologis
3111 3214 3177 3267 de
3238 3216 3346 3269 Deo
3397 3226 3450 3271 et
3502 3222 3663 3273 rebus

2080 3288 2301 3355 divinis,
2338 3307 2459 3345 cunt
2493 3296 2705 3352 licentia
2732 3302 2926 3362 supina
2958 3306 3244 3361 disserere.
3275 3308 3471 3363 Verum
3507 3313 3662 3368 nefas

2077 3388 2161 3432 est
2201 3380 2266 3432 de
2324 3382 2434 3435 Deo
2476 3387 2637 3440 verba
2688 3390 3019 3460 facientem,
3075 3396 3207 3451 falsa
3257 3401 3307 3453 in
3356 3401 3660 3473 theologica

2077 3480 2328 3521 sermone
2358 3474 2669 3538 enuntiare,
2699 3479 2814 3533 sive
2850 3482 2963 3535 id-e
2993 3500 3048 3537 re
3074 3497 3125 3538 et
3147 3501 3210 3539 ex
3244 3490 3506 3555 professo,
3544 3496 3658 3547 sive

2077 3558 2303 3615 remisse
2341 3563 2555 3633 sibique
2608 3568 2940 3637 indulgendo
2969 3584 3111 3644 agat.
3143 3578 3223 3631 Att
3259 3596 3389 3636 vero
3414 3583 3657 3638 futurum

2073 3662 2207 3714 erat,
2246 3663 2300 3706 ut
2327 3656 2419 3722 qui
2462 3660 2643 3713 omnis
2689 3664 3007 3720 attentionis
3039 3676 3093 3722 et
3128 3680 3330 3726 exactae
3363 3674 3659 3744 diligentiae

2074 3744 2257 3811 regula
2295 3755 2412 3812 est,
2449 3749 2513 3803 de
2550 3750 2657 3805 Deo
2692 3769 2930 3823 unquam
2983 3759 3307 3818 dissertaret
3357 3781 3552 3834 przeter
3604 3771 3656 3824 id

2070 3838 2213 3904 quod
2256 3855 2353 3907 par
2382 3851 2464 3895 est
2498 3861 2511 3900 :
2546 3844 2709 3914 idque
2761 3848 2828 3903 de
2866 3854 3045 3921 magni
3085 3860 3344 3911 momenti
3395 3862 3652 3928 decreto,

2069 3937 2124 3983 et
2158 3934 2302 3998 quod
2334 3936 2399 3985 ad
2429 3939 2727 3992 secundum
2766 3940 2888 3995 fidei
2926 3946 3217 3999 articulum
3266 3949 3503 4004 refertur
3545 3969 3559 4005 :
3593 3970 3656 4009 ac

2072 4033 2288 4090 propter
2340 4026 2682 4082 audientium
2731 4037 3077 4089 commodum
3124 4040 3258 4093 scita
3294 4040 3427 4096 falsa
3460 4059 3654 4113 propo-

2068 4116 2258 4168 neret?
2281 4132 2347 4169 att
2382 4119 2544 4171 etiam
2575 4123 3005 4178 emolumentum
3038 4126 3176 4182 foret
3199 4134 3649 4200 auscultantium,

2069 4215 2125 4258 ut
2166 4221 2288 4260 cum
2310 4209 2518 4265 ratione
2554 4227 2761 4266 morum
2791 4214 3105 4286 ingeniique
3141 4223 3391 4279 meliores
3421 4225 3649 4292 fierent,

2068 4297 2203 4351 falsa
2233 4300 2300 4354 de
2331 4302 2437 4355 Deo
2477 4318 2542 4355 at:
2604 4306 2765 4359 rebus
2806 4306 3005 4365 divinis
3038 4314 3513 4381 opinarentur?'et
3550 4322 3651 4375 «Ιο-

2065 4395 2209 4452 ctor,
2246 4390 2379 4465 alios
2409 4392 2461 4445 in
2492 4393 2706 4463 exiguis
2730 4394 2994 4462 iuvando,
3034 4403 3275 4472 seipsum
3310 4405 3366 4459 in
3398 4410 3650 4465 maximis

2068 4479 2212 4533 ultro
2247 4464 2484 4543 laederet,
2517 4483 2583 4537 de
2609 4484 2815 4541 divinis
2866 4491 3223 4548 mentiendo?
3253 4510 3374 4549 cum
3422 4513 3651 4565 praeser-

2068 4569 2166 4622 tim
2219 4571 2284 4623 ad
2341 4572 2797 4643 populuutvcrba
2860 4595 2969 4633 non
3016 4581 3236 4647 faceret,
3266 4586 3358 4639 sed
3395 4588 3648 4655 privatim

2066 4659 2206 4727 apud
2231 4664 2475 4718 eruditos
2496 4667 2777 4735 quosdam,
2798 4679 2851 4723 et
2872 4686 2963 4724 eos
2987 4673 3077 4740 qui
3102 4676 3359 4744 subsequi
3390 4690 3647 4746 possent:

2065 4766 2126 4805 ac
2163 4750 2409 4819 proferto
2442 4758 2589 4809 omni
2623 4771 3067 4828 argumentorum
3108 4766 3410 4823 rationibus
3442 4772 3650 4835 utenti,

2065 4844 2316 4907 quamvis
2351 4859 2549 4912 scopus
2582 4848 2651 4899 sit
2678 4851 2981 4917 conclusio,
3015 4869 3121 4907 non
3156 4856 3362 4911 idcirco
3396 4861 3651 4926 proposi-

2065 4918 2239 4986 tiones
2281 4932 2654 5001 perfunctorie
2686 4947 2740 4990 et
2773 4941 3057 5009 neglectim
3086 4956 3375 5000 sumuntur
3412 4968 3425 5003 :
3464 4952 3556 5004 sed
3583 4952 3649 5004 ad

2064 5022 2327 5075 rationem
2386 5033 2439 5077 et
2475 5028 2753 5082 veritatem
2787 5047 2905 5099 quae
2952 5035 3249 5088 secundum
3301 5039 3469 5106 ipsam
3524 5050 3650 5112 est,

2065 5113 2288 5165 Omnino
2320 5118 2660 5185 sumptiones
2690 5121 2769 5175 hac
2800 5124 3011 5178 scilicet
3048 5127 3217 5195 magis
3257 5144 3284 5180 e
3326 5145 3381 5182 re
3428 5142 3559 5185 sunt
3595 5138 3650 5187 et

2064 5204 2376 5269 conferunt,
2404 5213 2623 5275 quando
2659 5213 2776 5266 sine
2803 5214 2929 5281 ipsis
2964 5216 3298 5283 impossibile
3319 5231 3401 5274 est
3425 5223 3647 5275 conclu-

2063 5294 2212 5350 dere.
2249 5298 2313 5349 At
2346 5299 2589 5357 veritatis
2621 5307 2845 5359 antistes
2875 5305 3148 5362 faceretne
3180 5312 3421 5379 segniter
3452 5328 3512 5365 ac
3554 5330 3644 5365 su-

2064 5403 2399 5455 pervacaneo
2423 5407 2451 5445 e
2479 5394 2679 5449 divinis
2706 5398 2942 5451 oraculis
2969 5401 3269 5454 inStilulattt
3307 5405 3645 5456 demonstra-

2066 5480 2303 5534 tionem?
2342 5486 2485 5552 quod
2549 5488 2593 5540 si
2649 5489 2811 5542 etiam
2867 5507 2928 5543 ex
2984 5507 3087 5545 ttou
3142 5496 3307 5557 teris,
3365 5496 3413 5547 id
3465 5498 3636 5548 solum

2066 5589 2180 5640 spe«
2203 5586 2342 5640 laus,
2374 5586 2428 5628 ιιι
2461 5582 2804 5645 prt'suatient,
2841 5585 3043 5636 siceine
3072 5586 3247 5639 adhuc
3279 5589 3523 5640 veritatis
3548 5590 3643 5639 do-

2062 5674 2179 5717 ctut'
2201 5667 2323 5731 erit,
2357 5684 2420 5721 au
2459 5672 2634 5738 potius
2673 5677 2722 5727 itt
2747 5677 3111 5743 sophistarum
3138 5680 3316 5731 alltqu
3349 5679 3645 5733 referetur?

2064 5756 2328 5820 Quocirca
2358 5762 2403 5813 si
2427 5779 2454 5812 ιι
2491 5764 2702 5817 cipit-sti
2732 5769 3231 5832 prtucuustitutionc
3258 5769 3323 5823 de
3358 5762 3637 5823 hominum

2068 5849 2168 5903 vita
2196 5861 2246 5905 et
2281 5853 2452 5916 υιηιμ,
2489 5856 2642 5921 juxta
2668 5866 2880 5926 tempus
2912 5850 2962 5916 et
2996 5867 3239 5929 modum,
3277 5877 3504 5933 magnus
3549 5871 3630 5921 vir
