4452 6450
749 416 856 480 543

1805 414 2192 476 GENNADII
2238 414 2355 479 (ΣΡ.
2389 412 2908 475 ΡΔΤΜΛΒΟΗᾸΞ

3943 401 4042 472 5H

751 527 990 584 suadere
1026 526 1222 593 voluit,
1262 542 1386 583 eum
1420 527 1678 598 patientia
1726 543 1997 597 gratoque
2043 529 2228 582 animo
2272 528 2347 582 le-
2383 539 2422 590 Α
2456 541 2509 575 κε

2286 528 2347 582 ἰε-
2383 539 2422 590 Α
2456 523 2622 578 κείων
2666 525 2895 590 ἀλόγου·
2946 523 3048 576 οὐκ
3100 518 3169 592 ἦν
3219 522 3368 589 αὐτῷ
3418 524 3652 593 μάλιστα
3706 523 3984 592 προῦργου
4018 523 4044 572 ὁ

751 622 980 676 rendam
1020 635 1143 675 esse
1187 629 1442 682 mortem,
1488 623 1599 675 imo
1625 621 1790 674 etiam
1827 636 2022 690 cogere
2059 634 2350 691 aggressus

751 721 839 763 est
878 725 973 763 eos
1013 712 1109 779 qui
1151 712 1310 764 aliter
1345 712 1510 779 impie
1543 713 1719 766 acturi
1752 721 1957 774 essent,
1992 725 2084 765 aut
2113 711 2241 781 quia
2267 711 2350 764 di-

751 799 934 854 vinam
967 800 1281 872 ignorarent
1306 801 1848 870 praedestinationem
1891 816 1903 850 :
1950 800 2034 854 vel
2067 815 2190 855 cum
2227 815 2347 853 eam

750 902 1181 962 cognoscerent,
1211 893 1332 962 ejus
1367 903 1547 948 tamen
1581 909 1772 949 curam
1805 894 2074 948 haberent
2109 891 2346 958 nullam,

755 997 866 1052 prae
911 983 1207 1037 temeraria
1259 983 1342 1038 sui
1393 999 1735 1052 suorumque
1792 985 1918 1037 vitae
1977 983 2274 1052 cupiditate
2332 1001 2346 1036 :

753 1089 937 1130 nonne
975 1089 1157 1129 set-mo
1194 1076 1263 1128 de
1319 1075 1504 1129 divina
1558 1076 2015 1146 pra-ordinatione
2062 1085 2351 1142 susceptus

752 1165 992 1219 maxime
1040 1164 1412 1220 conducibilis
1450 1165 1551 1232 ipst
1605 1175 1722 1219 erat
1750 1203 1764 1226 ,
1807 1165 1900 1234 qui
1939 1180 2064 1218 cum
2118 1166 2351 1217 veritate

751 1257 985 1310 suadere
1015 1256 1272 1311 tolebat?
1299 1271 1368 1310 an
1409 1271 1518 1310 non
1551 1257 1716 1310 etiam
1753 1258 2117 1320 discentibus,
2144 1259 2186 1309 si
2225 1256 2348 1324 qui-

750 1347 875 1400 dem
905 1348 1289 1418 obtemperare
1323 1350 1675 1413 statuissent,
1717 1349 2070 1403 utilissimum
2115 1350 2304 1402 l'uisset
2331 1388 2345 1412 ,

749 1452 872 1490 cum
900 1439 970 1492 ob
1005 1439 1058 1492 id
1097 1439 1335 1493 maxime
1360 1441 1828 1506 persuaderentur
1848 1441 1869 1492 ?
1889 1437 2160 1504 Quocirca
2191 1438 2350 1509 plane

752 1531 995 1602 ineptum
1035 1542 1118 1587 est
1165 1534 1239 1586 ita
1277 1537 1629 1604 expostulare
1664 1533 1733 1587 de
1779 1549 1843 1587 eo
1879 1533 1970 1602 qui
2007 1532 2156 1586 omni
2191 1534 2347 1599 culpa

748 1633 928 1677 vacat.
966 1623 1164 1679 Verum
1200 1626 1526 1694 prudentius
1573 1634 2064 1695 conquererentur,
2112 1623 2156 1678 si
2202 1621 2348 1676 dice-

749 1728 871 1772 rent
918 1733 932 1772 :
969 1716 1086 1771 Non
1118 1726 1176 1772 ut
1212 1717 1429 1783 doctus,
1464 1720 1683 1788 sapiens
1723 1734 1786 1771 ac
1841 1717 2083 1781 divinus,
2140 1715 2234 1769 sed
2290 1724 2347 1768 ιιι

749 1807 914 1863 homo
946 1809 1048 1863 hac
1089 1810 1141 1862 in
1171 1821 1327 1877 parte
1359 1810 1628 1864 duntaxat
1670 1808 1962 1878 ignoravit,
2015 1820 2115 1860 nec
2169 1805 2346 1876 potuit

2456 616 2584 682 περὶ
2617 615 2716 682 τῆς
2772 615 2924 678 θείας
2979 615 3384 682 προδιατάξεως
3433 616 3613 681 λόγος,
3642 613 3720 681 τῷ
3773 615 3913 683 μετά
3945 614 4042 680 τῆς

2453 709 2717 776 ἀληθείας
2747 711 2962 761 πείθειν
2989 708 3250 771 ἐθέλοντι,
3285 709 3317 778 ἦ
3368 709 3490 775 οὐχὶ
3517 710 3614 761 καὶ
3644 711 3757 770 τοῖς
3793 708 4041 760 διδασκο⁹

2457 804 2639 873 μένοις
2675 803 2833 870 εἴπερ
2890 801 3190 870 ἠβούλοντο
3221 800 3530 866 πείθεσθαι,
3577 800 4043 868 προὺργιαίτατον

2453 894 2520 947 ἂν
2551 889 2643 962 ἦν,
2667 894 2740 955 ὡς
2769 893 2857 946 διὰ
2883 893 3044 946 τοῦτο
3071 893 3307 961 μάλιστα
3335 891 3705 959 πειθομένοις,
3726 890 3866 942 ὥστε
3901 892 4040 941 πάνυ

2453 987 2673 1054 χυδαῖον
2719 985 2895 1047 οὕτως
2942 983 3290 1049 ὲξαιτιᾶσθαι
3325 983 3418 1036 τὸν
3467 981 3734 1046 καθάπαξ
3777 984 4040 1034 ἀναίτιον.

2467 1079 2628 1132 Ἀλλὰ
2680 1077 3097 1147 φρονιμώτερον
3129 1075 3195 1129 ἂν
3227 1074 3524 1147 ἐξῃτιῶντο
3571 1075 3848 1142 λέγοντες,
3884 1073 3956 1132 ὡς
3995 1077 4041 1124 εί

2455 1172 2617 1238 σοφὸς
2655 1167 2722 1240 ἦν
2757 1173 2850 1222 καὶ
2881 1169 3046 1231 θεῖος,
3083 1167 3198 1220 ἀλλ’
3231 1167 3306 1228 ὡς
3353 1167 3642 1234 ἄνθρωπος
3675 1167 3948 1234 ἠγνόησεν
3985 1167 4044 1216 ἐν

2451 1265 2630 1334 τούτῳ
2658 1265 2733 1333 τῷ
2772 1265 2950 1333 μέρει,
2987 1265 3080 1314 καὶ
3115 1263 3215 1314 οὐκ
3249 1261 3490 1331 ἠδυνήθη
3534 1260 3714 1321 καλῶς
3757 1261 3856 1325 τῆς
3909 1259 4043 1325 ἀλη-

2453 1357 2577 1417 θοῦς
2613 1359 2706 1409 καὶ
2766 1357 2941 1424 σοφῆς
2971 1355 3264 1419 ἐφικέσθαι
3294 1354 3520 1422 γνώμης
3571 1354 3665 1404 καὶ
3695 1352 4042 1420 διακρίσεως.

2463 1450 2605 1502 "UO?
2625 1450 2743 1500 οὐδὲ
2771 1448 2931 1500 τοῦτο
2964 1448 3124 1514 λόγον
3157 1447 3278 1515 ἕχον
3303 1447 3471 1498 ἐστίν.
3512 1444 3701 1514 Ἡμεῖς
3731 1445 3838 1510 γὰρ
3867 1446 4043 1495 καίτοι

2451 1542 2542 1595 τὸν
2598 1541 2775 1609 μέγαν
2833 1540 3038 1600 εἰδότες
3071 1540 3131 1591 οὐ
3186 1537 3348 1608 σοφία
3407 1538 3570 1604 μόνον
3618 1536 4043 1606 παρεληλακὸτα

2453 1635 2682 1696 πάντας,
2718 1633 2856 1685 ἀλλὰ
2912 1633 3007 1686 καὶ
3044 1635 3155 1694 τοῖς
3187 1636 3248 1684 ὲκ
3293 1631 3430 1682 Θεοῦ
3465 1631 3772 1698 φωτισμοῇ
3815 1629 4046 1697 διαπρέ-

2449 1726 2646 1794 ψαντα,
2687 1727 2837 1793 ὅμως
2869 1725 2969 1777 οὐκ
3006 1724 3156 1792 αὑτῷ
3200 1724 3465 1791 τιθέμεθα
3514 1723 3715 1791 μᾶλλον
3746 1724 3778 1791 ἢ
3816 1721 4046 1774 ’Δθαια-

2454 1818 2577 1885 σίῳ,
2638 1817 2731 1869 καὶ
2784 1816 3070 1885 Γρηγορίῳ
3105 1816 3181 1885 τῷ
3230 1817 3505 1884 Θεολόγῳ,
3539 1816 3636 1868 καὶ
3689 1815 3764 1882 τῷ
3826 1815 4044 1880 Νύσσης

748 1901 975 1967 pulchre
1017 1916 1203 1955 veram
1237 1902 1567 1970 doctamque
1599 1902 1930 1956 Scltlt'lllialli
1960 1875 2420 1964 discernendi-_B
2451 1911 2506 1962 αξ

2295 1875 2420 1964 Ῐ·,Β
2451 1909 2622 1976 αὐτῷ,
2656 1910 2750 1960 καὶ
2795 1909 3176 1976 Αὐγουστίνῳ,
3213 1903 3293 1970 οἷς
3329 1912 3495 1959 πᾶσιν
3541 1909 3568 1958 ὁ
3604 1908 3777 1974 μέγας
3810 1905 4045 1958 ἐνταῦθα

747 2010 857 2063 que
891 1995 999 2048 vim
1055 1993 1310 2064 adipisci.
1344 1996 1509 2062 Atqui
1567 2010 1633 2048 ne
1685 1993 1828 2048 istud
1874 1993 2094 2062 quidem
2143 1989 2340 2043 rationi

743 2101 1179 2141 Consentaneum
1214 2099 1318 2142 est.
1359 2088 1570 2142 Etenim
1606 2090 1822 2142 tametsi
1851 2087 2188 2156 exploratum
2225 2100 2342 2153 per-

741 2189 1103 2251 Spectumque
1141 2181 1442 2248 habeamus
1491 2197 1748 2249 magnum
1795 2181 2056 2236 liasiliuni
2097 2197 2203 2235 non
2241 2181 2341 2233 do-

740 2274 919 2327 ctrina
975 2284 1188 2328 tantum
1241 2276 1364 2329 aliis
1420 2276 1720 2330 anteivisse
1771 2275 2060 2339 omnibus,
2139 2291 2331 2328 veiunt

738 2367 906 2421 etiam
960 2364 1466 2424 illuminationibus
1525 2383 1552 2421 a
1612 2368 1722 2422 Deo
1782 2369 2020 2438 acceptis
2069 2369 2338 2438 insignem

745 2457 1069 2515 exstitisse:
1130 2475 1238 2512 non
1284 2460 1408 2528 plus
1444 2469 1622 2514 tamen
1682 2461 1760 2514 illi
1807 2462 2120 2519 tribuimus.
2175 2476 2338 2529 quam

736 2551 1063 2617 Athanasio,
1107 2550 1372 2618 Gregorio
1421 2552 1725 2621 Tlteologo,
1771 2563 1824 2606 et
1877 2551 2128 2619 Nysseno
2176 2565 2342 2620 atque

738 2643 1070 2712 Augustino,
1109 2644 1313 2713 quibus
1343 2644 1604 2700 omnibus
1645 2660 1879 2712 magnus
1925 2645 2012 2698 hic
2059 2647 2298 2698 concinit
2325 2685 2339 2708 ,

737 2745 792 2789 et
827 2733 882 2789 hi
918 2750 1112 2791 omnes
1141 2736 1215 2790 illi
1247 2737 1620 2790 consentiunt.
1658 2737 1762 2802 Qui
1792 2744 1973 2789 autem
2013 2736 2129 2789 lieri
2168 2743 2346 2804 potest

741 2839 802 2881 ut
831 2829 970 2883 tanti
1003 2829 1263 2882 doctores
1318 2829 1372 2881 in
1422 2828 1524 2882 hac
1574 2828 1882 2882 assertione
1933 2827 2097 2880 simul
2151 2842 2340 2881 errore

738 2917 959 2972 abducti
995 2917 1245 2972 fuerint?
1281 2918 1438 2982 Quod
1487 2927 1669 2970 autem
1716 2917 1904 2970 multis
1956 2917 2008 2969 in
2060 2916 2193 2970 locis
2227 2917 2342 2968 ltzec

738 3008 928 3064 eadem
956 3017 1186 3074 asserat,
1215 3020 1418 3063 etcum
1451 3024 1584 3063 cura
1611 3019 1663 3062 et
1687 3009 2119 3077 exaggeratione
2149 3007 2340 3068 multa,

737 3115 799 3158 ut
831 3103 878 3157 si
913 3104 1012 3158 hac
1041 3103 1107 3156 de
1143 3119 1200 3157 re
1227 3104 1528 3157 orationem
1569 3103 1634 3156 ad
1674 3104 1964 3156 utilitatem
2003 3102 2338 3170 susciperet,

738 3212 803 3251 ac
838 3198 1081 3252 luturum
1123 3209 1272 3252 esset
1304 3207 1361 3250 ut
1391 3213 1486 3250 eos
1515 3197 1764 3252 veritatis
1792 3196 2063 3250 sententia
2101 3194 2345 3264 jut'aret.

737 3288 832 3357 qui
882 3289 1140 3359 subsequi
1185 3305 1250 3344 ac
1303 3291 1586 3359 percipere
1619 3299 1845 3356 possent
1891 3305 1904 3342 :
1946 3289 2168 3342 attende
2215 3288 2347 3357 qttid

739 3380 848 3435 alio
874 3381 994 3436 loco
1017 3381 1199 3446 dicat;
1247 3391 1302 3436 et
1347 3385 1449 3436 liae
1499 3382 1749 3438 studiosa
1782 3382 2077 3436 sedulitate
2112 3395 2342 3448 compe—

738 3475 869 3540 ries,
905 3475 1330 3544 haudquaquam
1357 3474 1642 3530 fortuitum
1672 3478 1965 3544 quemdam
2007 3489 2343 3529 concursum

738 3585 930 3624 eorum
979 3585 1101 3638 qua:
1154 3569 1473 3623 hominibus
1525 3568 1661 3623 fiunt
1714 3568 2117 3623 enuntiandum
2163 3584 2334 3621 esse:

742 3676 1003 3732 tanquam
1062 3664 1107 3717 si
1160 3665 1344 3718 nullus
1391 3663 1709 3717 moderator
1773 3672 1827 3716 et
1883 3678 2141 3733 princeps
2191 3663 2338 3714 hunc

740 3755 1010 3810 mundum
1037 3766 1270 3826 regeret,
1294 3770 1492 3824 pravas
1527 3755 1624 3808 tibi
1655 3755 1946 3823 opiniones
1975 3755 2344 3823 suggerendo;

739 3851 1004 3902 duntaxat
1031 3863 1059 3902 a
1089 3848 1355 3902 limitibus
1389 3847 1606 3917 pietatis
1641 3847 1897 3902 excidere
1927 3861 2180 3901 caveas.t
2209 3846 2344 3899 Nam

739 3941 832 4012 qui
875 3956 976 3996 nos
1013 3941 1171 3994 ﬁnxit
1198 3952 1248 3995 et
1283 3941 1553 3994 animavit
1587 3938 1751 4003 Deus,
1792 3941 2078 4010 proprium
2116 3955 2344 3994 conces-

739 4043 810 4094 sit
841 4039 1043 4110 cuique
1071 4039 1267 4093 animm
1292 4037 1556 4108 degenda:
1591 4038 1719 4093 vita:
1745 4047 1974 4100 statum,
2001 4048 2168 4108 atque
2209 4037 2346 4092 alios

739 4134 864 4187 aliis
899 4133 1102 4188 limites
1141 4134 1320 4188 exitus
1357 4132 1495 4186 lixit.
1541 4131 1754 4186 Etenim
1788 4132 1932 4186 hunc
1969 4132 2188 4200 quidem
2228 4133 2345 4200 plu-

736 4243 825 4285 res
861 4227 919 4287 in
958 4229 1102 4283 mole
1133 4227 1384 4296 corporis
1422 4237 1475 4282 et
1499 4228 1620 4282 luce
1658 4241 1839 4280 moras
1876 4225 2056 4280 facere.
2087 4223 2345 4280 Numinis

734 4323 1077 4392 dispensatio
1117 4325 1312 4377 statuit
1351 4338 1366 4375 :
1399 4321 1553 4374 illum
1601 4334 1731 4373 vero
1758 4320 1924 4373 citius
1955 4317 2188 4372 vinculis
2221 4334 2346 4371 eor-

742 4416 926 4485 poreis
982 4415 1118 4470 solvi
1150 4413 1460 4478 constituit,
1500 4414 1658 4482 juxta
1695 4411 2084 4465 inenarrabilis
2128 4393 2344 4481 sapien-

732 4513 822 4566 tiai
849 4526 914 4564 ac
952 4509 1180 4580 justitiae
1213 4525 1325 4564 suae
1363 4508 1624 4563 rationes.
1665 4506 2139 4574 Quemadmodum
2172 4507 2340 4562 exiis

730 4703 808 4755 tis
835 4701 1016 4768 spatio
1040 4699 1308 4754 custodim
1331 4713 1621 4752 carcerum
1650 4696 1900 4750 molestia
1928 4707 2218 4761 vexantur,
2248 4695 2338 4749 alii

729 4790 1128 4860 promptiorem
1164 4789 1454 4842 inveniunt
1483 4802 1746 4842 aerumna:
1789 4786 2172 4842 liberationem
2217 4806 2227 4840 :
2264 4785 2343 4840 sic

726 4888 890 4937 etiam
934 4900 998 4938 ex
1031 4884 1325 4937 animal-us
1356 4883 1476 4936 alia:
1526 4881 1718 4952 perdiu
1777 4885 1902 4935 vita:
1954 4880 2122 4951 hujus
2171 4895 2338 4933 usura

729 4980 978 5032 [ruentes
1013 4976 1346 5041 detinentur,
1379 4976 1499 5030 alia:
1545 4977 1784 5031 breviori
1837 4975 2103 5044 temporis
2167 4975 2340 5030 inter-

727 5075 894 5138 vallo,
932 5088 1032 5143 pro
1065 5072 1245 5126 meriti
1301 5071 1578 5140 cujusque
1615 5070 1828 5124 rati0ne
1861 5079 1916 5124 et
1957 5069 2338 5139 proportione,

723 5182 852 5220 cuin
896 5178 1004 5220 tatu
1054 5165 1162 5219 alte
1210 5175 1264 5219 et
1307 5165 1584 5234 sapienter
1619 5165 1781 5231 (adeo
1820 5173 1876 5218 ut
1909 5178 2065 5217 mens
2098 5164 2338 5216 humana

728 5277 796 5315 eo
827 5263 1116 5332 pervenire
1151 5262 1412 5330 nequeat)
1442 5261 1535 5330 qui
1568 5261 1774 5316 creavit
1814 5275 1914 5315 nos
1954 5260 2251 5329 prospiciat
2276 5275 2337 5312 ea

723 5373 852 5423 qum
883 5356 948 5409 ad
987 5356 1236 5425 singulos
1267 5358 1530 5410 mortales
1563 5357 1864 5425 pertinent.
1889 5351 2008 5415 Non
2045 5354 2204 5408 audis
2237 5353 2342 5406 Da-

727 5450 908 5504 videm
942 5461 1251 5514 canentem,
1283 5447 1465 5502 «Educ
1487 5449 1555 5502 de
1581 5463 1801 5502 carcere
1827 5447 2067 5501 animam
2097 5445 2334 5503 meam?»

729 5541 848 5596 Non
893 5544 1240 5606 auscultasti,
1293 5543 1362 5598 de
1395 5550 1589 5596 sancto
1623 5541 1858 5606 dictum,
1901 5540 2136 5596 solutam
2171 5539 2341 5594 fuisse

731 5639 902 5706 ipsius
935 5638 1215 5691 animam?
1247 5637 1388 5704 Quid
1425 5652 1554 5692 vero
1583 5635 1842 5706 Symv-on,
1879 5635 2104 5704 quando
2132 5635 2341 5703 ample-

730 5741 892 5788 xatus
914 5743 998 5786 est
1030 5731 1318 5786 Dominum
1347 5729 1858 5798 nostrutzi?qualem
1892 5729 2078 5784 emisit
2114 5728 2340 5783 vocem?

724 5841 911 5881 nonne
945 5828 1103 5890 lianc,
1135 5848 1151 5877 ι
1170 5827 1322 5880 Nunc
1341 5825 1573 5878 dimittis
1597 5839 1818 5879 servum
1845 5833 2024 5887 tuum,
2053 5821 2334 5876 Domine?»

728 5920 866 5978 Nam
901 5923 967 5979 ad
1008 5923 1170 5979 vitam
1207 5938 1327 5994 qua:
1380 5922 1432 5978 in
1482 5921 1700 5991 Superis
1739 5919 1878 5976 locis
1920 5918 2181 5989 agitanda
2216 5926 2294 5974 est
2321 5957 2335 5985 ,

2393 3243 2416 3261 η

2456 2005 2676 2072 συνᾴδει
2707 2001 3013 2063 Βασίλειος,
3043 2003 3137 2052 καὶ
3170 1996 3317 2053 οὗτοι
3355 2003 3556 2060 πάντες
3579 1999 3750 2067 αὐτῷ.
3787 2000 3896 2051 Καὶ
3931 1999 4046 2058 πῶς

2453 2091 2565 2148 οἷον
2617 2113 2670 2147 τε
2727 2095 3085 2162 τηλικούτους
3123 2094 3478 2154 διδασκάλους
3527 2092 3665 2159 ἐμοῦ
3699 2093 3829 2160 περὶ
3888 2093 4048 2143 τοῦτο

2452 2185 2798 2253 πλανηθῆναι
2823 2185 2882 2236 τὸ
2908 2185 3076 2253 μέρος
3104 2203 3116 2247 ;
3143 2184 3595 2251 5tt5é1:o).).7.y_05
3625 2185 3691 2235 τὰ
3716 2183 3853 2235 αὐτὰ
3878 2182 4050 2235 ταῦτα

2455 2293 2613 2344 φησι,
2640 2277 2735 2328 καὶ
2769 2277 2907 2342 μετὰ
2931 2275 3134 2344 πολλῆς
3158 2277 3254 2344 τῆς
3285 2274 3708 2342 ἐπεξεργασίας,
3741 2276 3814 2334 ὡς
3846 2273 4048 2343 7:90-39-

2454 2385 2552 2435 γου
2583 2372 2672 2421 τ’,ν
2704 2370 2833 2437 περὶ
2869 2367 3077 2420 τούτων
3107 2367 3264 2433 λόγον
3305 2369 3652 2433 ποιούμενος,
3690 2368 3782 2420 καὶ
3814 2366 4050 2434 ὡρελείν

2457 2461 2668 2527 μέλλων
2701 2463 2766 2529 τῇ
2806 2458 2932 2527 δόξῃ
2980 2457 3080 2526 τῆς
3129 2458 3391 2526 ἀληθείας
3424 2460 3550 2522 τοὶς
3607 2459 4051 2526 παρακολουθεῖν

2452 2555 2791 2622 δυναμένους
2819 2571 2832 2584 ο
2861 2555 3024 2608 ἄκουε
3053 2554 3104 2605 τί
3135 2570 3302 2622 φησιν
3329 2553 3587 2621 ἀλλαχοῦ,
3626 2555 3716 2605 καὶ
3743 2553 4051 2612 σπουδάσας

2455 2649 2734 2717 εὑρήσεις,
2770 2646 2844 2717 μὴ
2887 2647 3199 2714 αὐτόματόν
3237 2663 3355 2698 τινα
3392 2645 3556 2715 εἴπης
3611 2645 3905 2713 συντυχία-,ι
3940 2645 4052 2694 τῶν

2457 2740 2759 2808 γινομένων
2806 2738 3144 2807 ἀνθρώποις,
3189 2739 3266 2801 ὡς
3324 2739 3552 2808 μηδενὸς
3597 2741 3906 2807 προστάτου
3961 2738 4053 2788 τὶν

2454 2833 2660 2900 κόσμον
2690 2829 3136 2898 οἰκονομοῦντος,
3176 2831 3392 2898 πονηρὰ
3437 2831 3684 2898 δόγματα
3723 2829 4047 2896 ὑποτιθέμε-

2455 2941 2545 2985 νος
2583 2925 2819 2992 σεαυτῷ,
2863 2923 2998 2993 μηδὲ
3029 2922 3409 2993 ἐκπέσῃςατῶν
3434 2924 3578 2991 ὅρων
3609 2924 3706 2990 τῆς
3739 2923 4047 2983 εὗσεόείας.

2462 3037 2480 3070 ι
2508 3019 2566 3071 Ὀ
2598 3019 2705 3087 γαρ
2743 3018 2956 3079 πλάσας
2987 3018 3134 3086 ἡμᾶς
3170 3020 3264 3068 καὶ
3283 3015 3547 3085 ψυχώσας
3568 3016 3725 3080 Θεὸς,
3759 3017 3895 3069 ίδίαν
3926 3016 4054 3068 ἔδω-

2457 3127 2553 3163 κεν
2581 3111 2790 3178 ἑκαστῃ
2823 3107 2970 3177 ψυχῇ
3001 3108 3099 3176 τὴν
3134 3106 3227 3159 τοῦ
3266 3106 3381 3175 βίου
3412 3106 3715 3178 διαγωγὴν,
3748 3109 3840 3159 καὶ
3873 3108 3967 3159 ἄλλ
3991 3126 4055 3165 .·.;

2453 3200 2645 3260 ἄλλους
2679 3199 2840 3267 ὅρους
2900 3197 3071 3268 ἔπηξε
3113 3197 3211 3268 τῆξ
3255 3197 3462 3261 ἐξόδου.
3515 3198 3619 3249 Τὸν
3655 3199 3759 3266 μὲν
3811 3200 3920 3266 γὰρ
3966 3201 4054 3248 επὶ

2455 3292 2642 3343 πλεῖον
2678 3293 2996 3361 περιμεῖναι
3034 3294 3100 3361 τῇ
3143 3291 3420 3361 παρουσίᾳ
3468 3291 3569 3359 τῆς
3613 3290 3818 3359 σαρκὸς
3853 3291 4053 3361 ᾠκονὸ-

2459 3401 2636 3454 μησε·
2675 3385 2769 3436 τὶν
2798 3385 2854 3436 δὲ
2907 3385 3106 3437 θᾶττον
3161 3383 3504 3452 ἀπολυθῆναι
3553 3384 3662 3436 τῶν
3707 3384 3926 3452 δεσμῶν
3957 3383 4053 3436 τοῦ

2457 3478 2712 3548 σώματος
2741 3479 3048 3544 δ;ετάξατο,
3099 3479 3238 3532 κατὰ
3269 3480 3395 3541 τους
3427 3481 3527 3548 τῆς
3569 3482 3818 3551 ἀρρήτου
3862 3482 4055 3550 σοφίας

2455 3571 2652 3622 ἑαυτοῦ
2686 3572 2782 3624 καὶ
2813 3571 3164 3640 δικαιοσύνης
3209 3573 3425 3640 λόγους.
3467 3574 3682 3643 Ὠσπερ
3729 3570 3820 3627 οὖν
3852 3575 3901 3626 οἱ
3939 3577 4055 3635 ταῖς

2454 3657 2703 3734 εἱρκταῖς
2734 3665 3130 3734 ἐμπίπτοντες,
3168 3666 3218 3717 οἱ
3256 3667 3354 3733 μὲν
3383 3667 3476 3718 ἐπὶ
3507 3668 3731 3719 πλείονα
3767 3668 3959 3736 χρόνον
3989 3673 4053 3735 τῇ

2454 3758 2702 3808 κακώσει
2754 3755 2864 3807 τῶν
2911 3755 3308 3824 δεσμωτηρίων
3359 3757 3806 3811 ἐναποκλείονται
3837 3798 3850 3821 ,
3899 3759 3946 3809 οἱ
3999 3759 4054 3809 δὲ

2450 3849 2760 3919 ταχυτέραν
2809 3848 3134 3918 εὑρίσκουσι
3167 3851 3268 3918 τὴν
3302 3852 3398 3918 τῆς
3443 3851 3824 3912 κακοπαθείας
3877 3854 4054 3902 ἁπαλ-

2451 3943 2628 4010 λαγήν
2655 3960 2667 3972 °
2707 3941 2849 3994 οὕτω
2877 3943 2969 3993 καὶ
3004 3942 3060 3993 αί
3111 3943 3304 4011 ψυχαῖ,
3343 3945 3398 3994 αἱ
3437 3945 3536 4011 μὲν
3570 3945 3663 3994 ἐπὶ
3709 3947 3845 3997 πολὺ
3881 3963 4053 4014 προς-

2453 4029 2781 4104 κατέχονται
2823 4038 2888 4106 τῇ
2923 4036 3038 4105 ζωῇ
3069 4036 3266 4106 ταύτῃ,
3299 4037 3356 4087 αἱ
3397 4038 3452 4088 δὲ
3498 4038 3584 4088 ἐπ’
3632 4038 3879 4101 ἔλαττον,
3913 4042 4055 4089 κατα

2448 4129 2549 4198 τὴν
2596 4127 2756 4192 ἀξίαν
2790 4130 2883 4196 τῆς
2933 4128 3228 4196 ἀναλογίας
3283 4131 3541 4192 ἑκάστου,
3598 4131 3780 4199 σοφῶς
3815 4133 3910 4184 καὶ
3961 4131 4056 4200 βα·

2449 4224 2609 4287 θέως,
2643 4221 2718 4284 ὡς
2748 4221 2849 4274 οὐκ
2902 4220 2969 4274 ἂν
3007 4222 3256 4289 ἐφίκοιτο
3291 4221 3416 4285 νοῦς
3459 4220 3792 4292 ἀνθρώπων,
3827 4224 3894 4280 τὰ
3928 4227 4055 4295 περὶ

2448 4316 2684 4368 ’ἑκαστον
2722 4316 2884 4383 ἡμῶν
2929 4314 3024 4368 τοῦ
3063 4316 3354 4379 κτίσαντος
3408 4315 3888 4386 προὸλεπομένου.
3943 4321 4055 4371 Οὐκ

2446 4409 2668 4470 ἀκούεις
2703 4407 2952 4477 λέγοντος
2988 4409 3077 4461 τοῦ
3103 4408 3302 4460 Δαϐίδο
3343 4428 3360 4460 ι
3401 4409 3668 4478 Ἑξάγαγε
3701 4412 3764 4462 ἑκ
3802 4411 4054 4478 φυλακῆς

2398 4520 2400 4523 ·
2444 4505 2544 4572 τὴν
2578 4503 2763 4574 ψυχήν
2801 4519 2903 4571 μου
2939 4520 2952 4569 ;
2993 4521 3012 4554 ι
3042 4503 3145 4556 οὐκ
3196 4504 3440 4573 ἠκουσας
3470 4506 3600 4574 περὶ
3635 4505 3728 4557 τοῦ
3765 4506 3942 4570 ἁγίου,
3975 4508 4056 4560 ὅτι

729 4607 823 4674 qui
859 4607 910 4658 in
937 4619 1216 4660 carcerein
1256 4605 1575 4669 trmluntur,
1605 4603 1697 4656 alti
1720 4603 2080 4657 ‘diuturniore
2119 4613 2332 4670 tempo-
2364 4602 2411 4660 D
2440 4601 2487 4652 dt

2295 4619 2332 4650 l-
2364 4602 2411 4660 1)
2440 4597 2688 4669 ἀπελύθη
2719 4596 2886 4650 αὑτοῦ
2925 4599 2958 4667 ἡ
2993 4597 3140 4667 ψυχή
3167 4614 3181 4660 ;
3221 4598 3270 4649 τί
3299 4597 3354 4650 δε
3406 4598 3653 4668 Συμεὼν.
3689 4601 3784 4653 ὅτε
3815 4603 4053 4666 ὲνηγκα-

2445 4692 2633 4745 λίσατο
2664 4693 2758 4744 τὸν
2785 4692 2992 4762 Κύριον
3022 4691 3206 4762 ἡμῶν.
3242 4691 3404 4743 ποίαν
3435 4695 3622 4761 φωνὴν
3649 4694 3869 4764 ἀφῆκεν
3895 4711 3910 4759 ς
3937 4694 4057 4764 οὐχ,

2445 4787 2525 4838 ὅτι
2558 4805 2575 4836 ι
2605 4785 2721 4837 Νῦν
2746 4785 3005 4847 ἀπολύεις
3031 4786 3121 4836 τὸν
3145 4783 3335 4838 δοῦλόν
3359 4801 3475 4850 σου,
3495 4786 3744 4838 Δέσποτα
3769 4804 3782 4850 ;
3813 4807 3828 4838 ι
3847 4785 3925 4856 τῷ
3950 4788 4057 4855 γάρ

2445 4883 2792 4951 ἐπειγομένῳ
2822 4881 2957 4949 πρὸς
2985 4879 3083 4948 τὴν
3105 4878 3223 4931 ἄνω
3243 4878 3528 4946 διαγωγὴν
3556 4878 3841 4948 βαρυτέρα
3873 4881 4056 4947 πάσης

2445 4972 2745 5034 κολάσεως,
2780 4974 2876 5024 καὶ
2910 4970 3300 5038 δεσμωτηρίου
3335 4968 3562 5034 παντὸς,
3597 4971 3628 5039 η
3660 4973 3799 5039 μετὰ
3827 4971 3922 5022 τοῦ
3955 4971 4049 5022 crdi-

2449 5067 2617 5138 ματός
2650 5068 2763 5118 ἐστι
2787 5065 3065 5133 διατριϐή.
3096 5082 3113 5114 ι
3144 5061 3332 5115 Ταῦτα
3362 5065 3462 5128 μὲν
3486 5064 3542 5114 ἐν
3571 5064 3653 5114 ἑνὶ
3687 5063 3832 5132 λόγῳ
3862 5065 4051 5133 φησίν.

2457 5161 2556 5213 Ἐκ
2603 5158 2698 5212 τοῦ
2747 5161 3094 5227 παρήκοντος
3143 5155 3237 5210 οὖν
3266 5154 3588 5225 δογματίζει
3634 5157 3733 5228 τὴν
3775 5159 4056 5227 πατρικὴν

2404 5305 2412 5311 ,
2443 5245 2582 5324 ὁμου
2613 5254 2708 5307 καὶ
2736 5251 3072 5321 δεσποτικὴν
3105 5252 3236 5322 περὶ
3270 5249 3373 5321 τῆς
3404 5250 3761 5320 ἀνθρωπίνης
3788 5251 3934 5320 ζωῆς
3959 5253 4057 5303 καὶ

2449 5352 2842 5421 μεταστάσεως
2883 5348 3150 5418 πρόνοιαν
3177 5363 3191 5376 ·
3230 5349 3325 5399 καὶ
3364 5345 3503 5406 ὅλως
3535 5347 3630 5398 τὸν
3663 5344 3807 5398 θεῖον
3855 5348 3913 5398 ὲν
3942 5349 4056 5409 τοῖς

2444 5443 2762 5511 ἀνθρώποις
2799 5439 3139 5509 προορισμδν
3172 5439 3268 5491 καὶ
3306 5437 3677 5506 ὑποδείγμασι
3713 5437 3809 5489 καὶ
3844 5455 4054 5507 γραφι-

2445 5540 2571 5599 καῖς
2624 5533 2940 5598 ἀποδείξεσι
2994 5533 3136 5603 μετὰ
3192 5531 3393 5599 πολλῆς
3444 5531 3714 5584 δεικνύων
3769 5531 4053 5598 σπουδῆς,

2447 5633 2641 5687 Καίτοι
2675 5648 2763 5699 γε,
2789 5633 2836 5682 εἰ
2863 5633 3000 5698 πρὸς
3050 5627 3442 5694 ἀντιλέγοντας
3471 5627 3717 5679 ἐποιεῖτο
3746 5625 3838 5678 τὸν
3866 5625 4054 5694 λόγον,

2446 5723 2587 5788 εἶδες
2625 5724 2692 5776 ἂν
2727 5724 2912 5775 πᾶσαν
2944 5718 3042 5790 τὴν
3066 5717 3219 5788 ίεράν
3243 5718 3472 5789 Γραφὴν
3495 5719 3661 5772 αὑτὸν
3691 5720 4050 5789 ἐπιφέροντα.

2457 5819 2622 5876 ’Λλλα
2673 5820 2766 5870 καὶ
2806 5812 3089 5883 πανταχοῦ
3136 5812 3247 5866 τῶν
3296 5811 3464 5864 αὑτοῦ
3517 5813 3716 5878 λόγων,
3759 5812 4054 5882 προδιατε-

2445 5914 2719 5984 ταγμένον
2756 5913 2811 5964 ὲν
2835 5909 3090 5971 ἑκάστοις
3123 5905 3221 5975 τῆς
3247 5905 3391 5976 ζωῆς
3417 5905 3477 5960 τὸ
3504 5905 3656 5972 τέλος
3693 5906 3884 5960 καλεῖ·
3925 5907 4050 5961 κάν-
