4452 6450
399 391 505 455 545

1392 387 1759 450 EPISTOLA
1805 388 1911 449 DE.
1962 389 2720 452 PIUBDESTINATII‘WE.

3578 402 3682 467 546

389 507 581 561 τεῦθεν
611 508 775 562 ἄνισα
817 508 910 561 καὶ
943 509 1179 577 ἀνόμοια
1217 508 1469 575 γίνεσθαι
1521 508 1635 569 τοῖς
1665 506 1978 577 ἀνθρώποις
2006 528 2056 591 Α
2084 526 2146 581 pr

1930 524 1978 570 ις
2006 528 2056 591 Α
2084 511 2421 581 properanti,
2466 513 2680 579 gravior
2728 520 2810 565 est
2863 513 3010 565 omni
3057 512 3327 580 supp'ieio
3392 522 3445 566 et
3488 530 3683 582 (lllthlS

387 600 486 654 τοῦ
524 600 644 670 βίου
678 601 748 653 τὰ
792 601 1032 671 πέρατα,
1065 601 1207 653 κατὰ
1234 600 1334 662 τὰς
1364 600 1495 670 περὶ
1527 599 1763 652 ἕκαστον
1793 598 1981 666 διαφό-

390 707 519 761 ρους
555 695 648 747 καὶ
698 696 828 764 ἡμῖν
871 690 1375 763 ἀνεννοήτους,,τοῦ
1425 690 1572 744 θείου
1627 690 1977 760 οἰκονομίας,

388 783 552 840 ἄνισα
582 787 681 855 μὲν
701 786 845 840 κατὰ
870 786 963 840 τὸν
994 786 1188 856 χρόνον
1209 784 1479 856 δηλονότι,
1509 784 1742 854 ἀνόμοια
1763 783 1819 837 δὲ
1844 782 1984 836 κατὰ.

388 882 482 933 τὸν
511 881 738 950 τρόπον.
772 872 946 934 Λῦται
971 879 1149 946 λέξεις
1185 878 1423 933 ἐκείνου.

2089 616 2309 657 carcere
2348 603 2712 657 commoratio
2743 605 2795 657 in
2853 619 3104 672 corpore.
3140 624 3157 654 ι
3194 605 3314 659 ΙΙευο
3346 616 3494 661 certe
3527 624 3687 661 enar-

2091 707 2170 747 ra!
2214 700 2266 746 in
2299 694 2535 761 quodam
2567 705 2821 747 trartatu.
2864 699 2944 747 An
2993 698 3089 749 alis
3123 713 3178 749 re
3212 697 3377 765 igitur
3411 700 3686 768 negligen-

2095 795 2288 854 terque
2316 784 2478 841 docet
2540 786 2940 855 providentiam
2981 799 3258 857 paternam
3303 789 3462 843 simul
3495 806 3556 844 ac
3587 792 3686 843 i30-

2095 875 2377 936 minicam,
2404 875 2472 929 de
2520 878 2630 931 vita
2664 877 2903 931 humana
2936 887 2989 931 et
3019 879 3414 951 demigratione
3446 882 3513 935 ab
3547 883 3641 936 illa
3669 925 3683 947 ,

387 988 514 1027 cum
542 975 768 1029 omnino
797 974 1042 1028 divinam
1078 973 1131 1026 in
1179 971 1496 1028 hominibus
1557 969 2098 1041 praedestinationem
2161 976 2277 1023 tum
2331 969 2621 1039 exemplis,
2667 980 2780 1024 tum
2843 970 3183 1038 eloquiorum
3248 988 3529 1030 sacrorum
3585 990 3687 1030 an-

388 1069 643 1122 ctoritate
696 1083 892 1139 magna
937 1068 1221 1137 diligentia
1273 1067 1568 1135 studioque
1612 1064 1977 1135 comprobet?
2024 1064 2172 1128 Quin
2206 1064 2374 1119 etiam
2408 1065 2451 1117 si
2477 1066 2543 1118 ad
2576 1076 2939 1137 repugnantes
2969 1084 3034 1124 ac
3099 1068 3456 1128 refractarios
3516 1076 3683 1129 verba

390 1163 615 1226 faceret,
654 1161 873 1217 videres
914 1163 1096 1232 ipsum
1156 1172 1327 1217 totam
1379 1162 1722 1232 Sc‘ripturam
1768 1176 1982 1216 sacram
2010 1159 2306 1216 adducere.
2332 1159 2453 1215 Jam
2513 1177 2640 1216 vero
2702 1163 2906 1233 ubique
2934 1166 3263 1234 scriptorum
3295 1184 3520 1224 suorum
3552 1188 3687 1238 pra:-

386 1257 639 1311 stitutum
673 1256 727 1311 in
758 1258 991 1328 singulis
1028 1257 1149 1311 vitm
1179 1258 1392 1312 exitum
1423 1259 1697 1327 appellat;
1726 1256 2072 1326 proindeque
2135 1254 2439 1325 inaequales
2489 1272 2552 1311 ac
2630 1258 2928 1314 dissimiles
2991 1264 3287 1318 usuvenire
3370 1264 3688 1322 hominibus

388 1349 511 1401 vitm
540 1349 763 1412 limites,
796 1349 1099 1405 secundum
1132 1349 1446 1405 (titlereutes
1496 1366 1599 1407 nec
1630 1352 1734 1406 sub
1782 1346 2201 1419 iuteHigentiam
2278 1362 2527 1402 nostram
2577 1351 2838 1405 cadentes
2888 1352 3052 1407 divini
3107 1356 3350 1409 numinis
3404 1357 3690 1426 dispensa-

391 1442 599 1503 tiones,
636 1441 934 1510 iniequales
991 1442 1235 1511 quidem,
1275 1446 1487 1497 ratione
1536 1444 1801 1499 nimirum
1857 1432 2145 1511 temporis,
2201 1439 2501 1496 dissimiles
2565 1451 2753 1496 autem
2818 1442 3000 1499 modo.
3065 1448 3243 1515 Atque
3304 1449 3417 1504 haec
3482 1448 3689 1519 ipsissi-

387 1551 474 1588 ma
508 1534 751 1589 auctoris
781 1534 925 1590 dicta
964 1520 1237 1604 sensaque
1263 1547 1415 1591 sunt.

456 1625 583 1679 Ὀτι
615 1627 716 1695 μὲν
746 1622 838 1681 οὖν
863 1627 961 1680 οὐκ
987 1629 1051 1681 ἐκ
1073 1628 1167 1681 τοῦ
1191 1630 1539 1696 παρήκοντος
1566 1629 1755 1697 ἔλεγεν
1786 1629 1974 1682 ἐκεῖνα

380 1718 453 1771 τὰ
487 1716 703 1786 πρῶτα,
754 1717 890 1770 ἀλλὰ
926 1718 1226 1788 προῦργου,
1265 1723 1357 1773 καὶ
1406 1722 1485 1783 ὡς
1527 1721 1671 1775 οῦτω
1730 1723 1969 1791 φρονῶν,

2158 1620 2285 1676 Hoc
2322 1621 2589 1677 duntaxat
2629 1622 2722 1678 tibi
2760 1622 3055 1687 subiciant,
3083 1623 3282 1694 quibus
3319 1624 3528 1696 l’qnida
3560 1641 3692 1681 con-

2085 1723 2191 1770 stat
2226 1712 2486 1768 Basilium
2525 1714 2780 1782 superius
2816 1715 2947 1769 illud
2978 1716 3317 1786 prapositum
3350 1732 3459 1771 nun
3497 1719 3596 1772 abs
3631 1734 3689 1773 re

380 1810 629 1877 ἀρκείτω
663 1825 748 1862 σοι
781 1809 979 1864 ταῦτα.
1025 1810 1185 1863 Ἀλλὰ
1237 1814 1342 1881 μὴν
1373 1814 1467 1863 καὶ
1516 1813 1684 1877 ἀξίως
1709 1815 1810 1881 τῆς
1843 1830 1981 1866 παν-
2016 1823 2060 1881 Β
2090 1822 2138 1859 at

1927 1830 1981 1865 ν.-
2016 1823 2060 1881 B
2090 1806 2327 1859 animive
2359 1813 2567 1859 tantum
2596 1820 2783 1868 causa,
2815 1807 2909 1861 sed
2942 1807 3199 1862 consulto
3240 1816 3293 1861 et
3326 1822 3388 1861 ex
3425 1823 3525 1862 usu
3561 1821 3685 1874 pro-

380 1901 537 1963 τοίας
572 1900 768 1968 σοφίας
795 1901 965 1954 αὐτοῦ
1002 1902 1094 1954 καὶ
1135 1904 1518 1972 μεγαλονοίας,
1555 1905 1769 1957 καὶτοῦ
1804 1904 1974 1972 φωτί-

381 1990 570 2055 ζοντος
600 1993 763 2045 αὑτὸν
800 1992 1140 2063 ΙΙνεύματος,
1169 1994 1346 2059 οὕτως
1382 1997 1602 2066 ἐφρόνει
1650 2013 1710 2049 τε
1743 1997 1835 2049 καὶ
1863 1995 1987 2049 έδί-ι

379 2084 584 2138 δασκεν
622 2088 649 2139 ὁ
682 2086 863 2149 ἔνθεος
888 2088 987 2157 τῆς
1029 2089 1359 2158 οἰκουμένης
1398 2091 1649 2160 φωστήρ.
1680 2090 1837 2161 ’ῌδει
1876 2090 1977 2159 μὲν

379 2178 490 2248 γὰρ
531 2181 591 2232 ὲν
625 2182 735 2242 τοῖς
770 2180 1135 2249 ἀνθρωπίνοις
1172 2184 1463 2251 πράγμασι
1500 2185 1591 2236 τδιν
1632 2182 1773 2237 Θεῑον
1839 2201 1976 2238 παν-

381 2272 564 2340 σόφω,ς
594 2272 686 2325 καί⁵
718 2272 1088 2341 πανταγάθως
1142 2276 1471 2345 ἐνεργοῦντα
1508 2275 1881 2345 προορισμὸν,
1913 2277 1973 2336 ὃς

378 2366 532 2419 ἐστιν
560 2367 593 2435 ἡ
634 2366 805 2429 ἀΐδιος
847 2369 903 2419 ὲν
934 2366 1010 2435 τῷ
1042 2368 1161 2437 θεῴ
1187 2368 1341 2434 τάξις
1373 2370 1472 2439 τῆς
1523 2370 1618 2422 ἐπὶ
1660 2367 1760 2439 τὴν
1798 2386 1976 2438 μακα-

383 2459 509 2527 ρίαν
542 2458 688 2529 ζωὴν
716 2459 942 2527 ὁδηγίας
974 2458 1069 2512 τοῦ
1111 2461 1429 2529 ἀνθρώπου,
1467 2464 1646 2514 καίτοι
1677 2461 1975 2530 γινομένης

379 2552 440 2600 ὲν
491 2552 691 2619 χρόνῳ,
725 2550 820 2603 τοῦ
854 2551 990 2604 Θεοῦ
1025 2554 1341 2621 πέμποντος
1386 2552 1549 2606 αὑτὸν
1587 2555 1678 2606 ἐπὶ
1725 2553 1817 2607 τὸν
1852 2555 1977 2621 ὅρον

381 2642 613 2703 ἐκεῖνον,
652 2643 724 2706 ὡς
758 2642 853 2696 τοῦ
902 2644 1120 2708 τοξότου
1156 2644 1217 2697 τὸ
1268 2645 1420 2714 βέλος
1455 2645 1591 2714 πρὸς
1621 2636 1716 2698 τὸν
1749 2633 1999 2712 σκοπδν,’

380 2739 478 2789 καὶ
531 2738 865 2805 πέμποντος,
913 2738 989 2797 ὡς
1040 2737 1255 2792 οἴκοθεν
1292 2739 1453 2808 μόνον
1509 2737 1899 2800 ἀδυνατοῦντα,
1929 2741 1977 2793 εἰ

383 2832 479 2884 καὶ
518 2831 652 2899 πρὸς
683 2832 841 2884 τοῦτο
868 2833 1182 2903 γεγένηται.
1233 2835 1339 2887 Καὶ
1371 2834 1458 2886 δια
1490 2832 1652 2885 τοῦτο
1681 2834 1779 2896 τὰς
1813 2832 1976 2886 ἀσθε-

383 2924 533 2978 νείας
573 2925 666 2976 καὶ
705 2924 804 2988 τὰς
849 2924 1118 2995 ἐλλείψεις
1149 2931 1270 2987 ταῖς
1302 2928 1431 2997 περὶ
1470 2928 1569 2996 τὴν
1616 2926 1765 2997 ζωὴν
1800 2926 1980 2979 ποικί-

381 3017 506 3079 λαις
535 3019 877 3087 οἰκονομίαις
929 3017 1120 3084 αὑτοῦ,
1172 3020 1268 3073 καὶ
1298 3019 1399 3089 τὴν
1447 3018 1710 3090 τελευτὴν
1741 3020 1977 3087 ἰωμένου

382 3110 478 3162 καὶ
511 3108 908 3180 θεραπεύοντος
940 3109 1006 3162 δι’
1041 3109 1223 3174 ἐλέους
1253 3110 1581 3183 ὑπερϐολήν.
1616 3130 1633 3163 ι
1678 3112 1753 3164 Οὐ
1784 3111 1892 3179 γὰρ
1920 3110 1980 3174 ἐξ

2097 1899 2316 1961 tulisse,
2346 1898 2607 1968 quodque
2638 1900 2708 1951 ita
2743 1898 2903 1966 plane
2940 1898 3192 1953 sentiret.
3243 1898 3510 1955 Praeterea
3560 1916 3689 1955 vero

2084 2006 2183 2060 pro
2216 1990 2480 2058 dignitate
2508 1990 2677 2045 etiam
2704 1989 2886 2047 omnis
2918 1992 3131 2061 generis
3160 1992 3445 2056 doctrinae,
3478 2008 3541 2047 ac
3571 2011 3684 2048 ma-

2089 2084 2394 2155 gnitudinis
2425 2084 2592 2139 animi
2632 2085 2844 2139 ratione
2874 2100 2979 2153 qua
3015 2087 3278 2156 praeditus
3320 2088 3421 2142 fuit
3459 2089 3541 2143 vir
3565 2100 3690 2143 tan-

2088 2186 2203 2240 tus,
2234 2187 2287 2231 et
2318 2191 2416 2246 pro
2452 2177 2734 2246 majestate
2764 2176 3005 2245 Spiritus
3034 2194 3145 2248 quo
3189 2179 3588 2247 illustrabatnr,
3617 2182 3688 2237 ita

2094 2280 2147 2324 et
2176 2270 2351 2325 sensit
2385 2276 2439 2323 et
2464 2270 2672 2335 docuit,
2710 2269 2945 2325 Numine
2976 2273 3218 2326 aﬂlatum
3256 2273 3358 2328 boe
3396 2276 3547 2329 orbis
3575 2281 3688 2330 ter-

2083 2378 2263 2417 rarum
2296 2363 2500 2418 lumen.
2546 2362 2839 2420 Enimvero
2885 2366 2935 2418 in
2971 2366 3228 2420 Immanis
3256 2368 3418 2423 rebus
3446 2369 3687 2424 divinam

2084 2456 2625 2526 prmdestinationem
2658 2459 3066 2526 sapientissime
3097 2460 3411 2530 optimeque
3453 2476 3691 2528 operan-

2093 2558 2200 2603 tem
2236 2562 2500 2616 noverat;
2552 2566 2676 2621 qua:
2703 2553 3077 2623 sempiternus
3105 2563 3188 2609 est
3222 2555 3357 2609 ordo
3394 2555 3446 2609 in
3484 2556 3591 2609 Deo
3624 2555 3689 2609 ad

2085 2643 2468 2699 deducendum
2521 2644 2801 2699 hominem
2838 2646 2903 2726 ad
2944 2647 3157 2701 beatam
3193 2648 3359 2703 vitam
3412 2668 3424 2703 :
3473 2650 3691 2705 tametsi

2083 2750 2144 2790 ca
2180 2736 2437 2791 deductio
2469 2736 2559 2791 tiat
2588 2736 2641 2791 in
2666 2746 2928 2806 tempore,
2971 2754 3095 2793 cum
3128 2738 3273 2795 Deus
3319 2741 3485 2796 mittit
3518 2741 3694 2796 bomi-

2083 2842 2208 2882 nem
2239 2827 2306 2881 ad
2338 2842 2460 2882 eum
2498 2828 2747 2895 limitem,
2782 2841 2840 2884 ut
2887 2832 3204 2901 sagittarius
3256 2833 3418 2887 telum
3459 2835 3524 2889 ad
3581 2852 3692 2891 me-

2085 2932 2221 2976 tam.
2254 2919 2492 2991 Ideoque
2540 2922 2731 2987 mittit,
2784 2923 2929 2992 quod
2981 2924 3192 2978 viribus
3228 2933 3438 2980 tantum
3469 2927 3587 2983 suis
3623 2943 3694 2985 eo

2084 3014 2373 3083 pervenire
2426 3023 2679 3083 nequeat,
2725 3013 2943 3070 etiamsi
2991 3016 3055 3070 ail
3107 3017 3158 3071 id
3212 3029 3372 3072 natus
3416 3020 3503 3073 sit.
3546 3019 3692 3077 Hem

2086 3117 2370 3179 propterea
2404 3106 2753 3164 inﬁrmitates
2784 3119 2837 3163 et
2861 3109 3109 3166 ili-fectus
3136 3114 3302 3168 variis
3332 3115 3474 3169 circa
3520 3120 3689 3169 vitam

381 3203 564 3270 ἔργων
617 3203 987 3273 δικαιοσύνης,
1026 3199 1101 3259 ὦν
1153 3206 1316 3276 ἡμεῖς
1364 3207 1729 3277 ἐποιήσαμεν,
1758 3208 1785 3259 ὁ
1838 3204 1980 3268 θεῖός
2010 3192 2052 3251 C
2090 3212 2139 3258 et

1935 3204 1980 3268 ςς
2010 3192 2052 3251 C
2090 3212 2142 3258 et
2192 3202 2403 3258 obitum
2458 3202 2959 3271 dispensationibus
3000 3215 3159 3261 sanat
3195 3218 3244 3261 et
3293 3219 3448 3263 curat
3480 3211 3693 3266 miseri-

383 3310 553 3363 φησιν
576 3294 924 3359 Ἀπὸστολος,
951 3295 1083 3348 ἀλλὰ
1112 3300 1251 3351 κατὰ
1284 3297 1373 3350 τὸν
1404 3296 1568 3351 αὑτοῦ
1598 3296 1747 3348 ἔλεον
1772 3297 1975 3350 ἔσωσεν

381 3388 553 3457 ἡμᾶς.
594 3406 612 3437 ι
653 3387 883 3441 Ἐκτοτε
923 3389 1015 3440 καὶ
1048 3387 1166 3449 νῦν,
1198 3390 1289 3442 καὶ
1318 3389 1421 3452 ἕως
1466 3389 1532 3442 ἂν
1563 3391 1595 3459 ἡ
1629 3390 1736 3441 τῶν
1764 3388 1977 3460 ἀνθρώ·
2022 3442 2025 3445 .

382 3498 503 3534 πων
528 3482 743 3549 γένεσις
768 3478 826 3553 ᾖ,
851 3482 924 3543 ὡς
955 3482 1104 3547 ἅπαξ
1130 3485 1297 3553 οἴκτῳ
1329 3485 1477 3553 μόνῳ
1507 3481 1716 3552 οἰκείῳ,
1746 3481 1843 3551 τὴν
1877 3482 1977 3551 τῆς

381 3573 529 3641 ζωῆς
565 3570 686 3625 ὁδὸν
717 3573 936 3637 ἀνοίξας
969 3576 1127 3642 ἡμῖν.
1172 3575 1230 3627 '0
1263 3576 1371 3642 γὰρ
1419 3574 1638 3628 πάντων
1673 3574 1783 3627 τῶν
1817 3591 1976 3642 ποιη-

382 3668 571 3733 μάτων
614 3663 780 3718 αὺτοῦ
818 3665 1218 3735 προνοούμενος
1252 3667 1489 3732 εὐλὸγως
1516 3666 1675 3731 θεὸς,
1710 3666 1850 3718 κατὰ
1878 3667 1977 3735 τὴν

380 3760 633 3814 ἑκάστων
667 3759 826 3824 ἀξίαν
863 3761 955 3812 καὶ
989 3760 1143 3825 τάξιν
1172 3761 1228 3812 ἐν
1255 3760 1335 3829 τῷ
1377 3765 1538 3813 παντὶ
1575 3763 1879 3832 ἰδιαιτάτην
1908 3764 1975 3831 τῇ

379 3852 579 3923 λογικῇ
610 3851 769 3921 φύσει
805 3852 1168 3921 χαριζόμενος
1195 3852 1476 3923 πρόνοιαν,
1504 3857 1613 3915 τοῖς
1644 3853 1861 3921 δώροις,
1896 3850 1976 3916 οἷς

377 3948 553 4019 αὐτὴν
582 3949 857 4017 ἐκόσμησε
888 3947 1231 4017 πρέπουσαν,
1274 3949 1365 4001 καὶ
1400 3948 1555 4011 τέλος
1594 3949 1732 4018 αὐτῇ
1765 3949 1859 4001 τοῦ
1889 3965 1978 4017 γε·

376 4044 596 4111 γονέναι
634 4048 728 4094 καὶ
760 4036 927 4104 εἶναι,
963 4040 1063 4112 τὴν
1106 4042 1388 4113 μακαρίαν
1419 4041 1589 4105 τάξας
1619 4042 1785 4109 ζωὴν,
1825 4044 1880 4094 ὲν
1910 4044 1974 4111 τῇ

378 4137 670 4205 εἰλικρινεῖ
697 4138 791 4189 καὶ
822 4136 1015 4209 ἁμὲσῳ
1044 4135 1138 4189 τοῦ
1188 4135 1327 4190 Θεοῦ
1362 4138 1457 4190 καὶ
1505 4138 1613 4189 τῶν
1646 4136 1807 4189 Οείων
1836 4136 1979 4203 γνὼ-

382 4248 469 4284 σει
497 4227 916 4299 συνισταμένην.
952 4248 969 4280 ι
1006 4228 1152 4299 Αὕτη
1180 4229 1288 4299 γάρ
1311 4230 1448 4294 ἐστι,
1476 4232 1663 4298 φησὶν,
1690 4230 1723 4300 ὴ
1760 4228 1979 4293 αἰώνιος

378 4324 517 4393 ζωὴ,
553 4322 639 4376 ἵνα
664 4323 982 4391 γινώσκωσι
1012 4321 1071 4374 σὲ
1102 4322 1189 4374 τὸν
1217 4322 1379 4392 μόνον
1405 4321 1662 4393 ἀληθινὸν
1692 4322 1847 4389 Θεὸν,
1883 4324 1980 4377 καὶ

376 4418 439 4471 ὃν
472 4416 804 4477 ἀπέστειλας
844 4414 1053 4485 Ἰησοῦν
1091 4416 1347 4484 Χριστὸν,
1389 4434 1407 4467 ›
1437 4417 1708 4481 τουτέστι,
1760 4418 1827 4470 τὰ
1880 4421 1978 4487 τῆς

363 4510 664 4578 ,θεολογίας
708 4510 804 4563 καὶ
837 4510 1155 4579 οἰκονομίας
1183 4510 1497 4581 ἀπόρρητα,
1541 4510 1575 4564 ἆ
1605 4511 1697 4563 νῦν
1728 4513 1785 4563 ἐν
1818 4513 1976 4564 ἐσόπ-

2091 3296 2293 3350 rordia:
2328 3308 2442 3348 sua:
2498 3295 2894 3350 immensitate.
2949 3314 2966 3347 ι
3006 3296 3122 3352 Non
3152 3300 3294 3352 enirn
3334 3318 3396 3355 ex
3432 3305 3692 3372 operibus

2081 3389 2323 3469 iustitiae,
2346 3403 2466 3457 qum:
2490 3403 2591 3443 nos
2616 3388 2865 3455 fecimus,
2884 3390 3085 3461 (inquit
3111 3394 3326 3449 divinus
3352 3396 3694 3465 Apostolnsl,

2087 3481 2183 3535 sed
2216 3481 2517 3535 secundum
2558 3482 2994 3539 misericordiam
3045 3501 3199 3541 suam
3247 3490 3427 3544 salst
3461 3506 3558 3545 nos
3611 3490 3693 3545 fe-

2086 3573 2180 3626 Cit.
2224 3591 2241 3624 ι
2297 3572 2381 3627 Ab
2423 3575 2571 3628 omni
2608 3590 2744 3643 aevo,
2778 3578 2942 3631 etiam
2996 3594 3162 3644 nunc,
3219 3590 3271 3636 et
3312 3584 3552 3652 qnandiu
3597 3585 3695 3640 Ιιο-

2087 3663 2296 3718 minum
2327 3667 2606 3735 generatio
2631 3670 2946 3723 constiterit
2980 3686 2993 3721 :
3037 3682 3093 3724 ut
3137 3673 3229 3737 qui
3263 3674 3430 3726 semel
3465 3678 3698 3729 aanimi-

2088 3757 2367 3813 scratione
2405 3759 2521 3813 sola
2552 3760 2886 3831 propriaque
2923 3765 3045 3817 vit-.e
3087 3764 3230 3817 viam
3262 3766 3423 3822 nobis
3456 3771 3695 3837 aperiet.

2085 3848 2300 3904 Etenim
2328 3850 2419 3920 qui
2443 3851 2703 3907 omnibus
2731 3853 2846 3908 suis
2875 3855 3135 3921 cperibus
3162 3857 3360 3912 rationi
3388 3874 3699 3928 congruen-

2085 3956 2168 3999 ter
2199 3946 2467 4015 providet,
2511 3961 2608 4016 pro
2637 3947 2979 4020 singulorum
3017 3948 3284 4020 dignitate
3308 3960 3361 4005 et
3387 3954 3605 4018 ordine,
3636 3954 3692 4010 iu

2083 4039 2232 4093 muni
2278 4040 2465 4107 utique
2494 4041 2842 4108 ‘peculiarem
2902 4044 3143 4098 maxime
3188 4045 3443 4099 rationali
3481 4055 3695 4104 naturae

2083 4132 2488 4202 providentiam
2526 4134 2806 4203 largiendo
2842 4134 3171 4191 muneribus
3209 4137 3415 4207 quibus
3443 4154 3565 4194 eam
3600 4139 3697 4195 de-

2084 4228 2303 4281 coravit
2337 4226 2632 4297 insignem,
2669 4227 2885 4298 ipsique
2937 4229 3243 4285 constituto
3292 4231 3395 4285 line
3430 4234 3698 4288 nascendi

2083 4329 2138 4373 et
2168 4319 2471 4375 exsistendi
2498 4321 2550 4373 in
2578 4319 2736 4374 beata
2766 4320 2896 4387 vita,
2925 4336 3045 4388 qua!
3078 4324 3315 4386 sincera,
3335 4340 3468 4393 pura
3506 4325 3701 4379 imme-

2084 4411 2341 4480 diataque
2380 4410 2474 4465 Dei
2507 4419 2561 4465 et
2602 4425 2785 4466 rerum
2819 4412 3131 4468 divinarum
3170 4416 3487 4485 cognitione
3518 4416 3700 4472 consi-

2084 4503 2201 4557 stit.
2241 4521 2259 4557 ι
2306 4500 2432 4558 Haec
2461 4504 2608 4559 enim
2646 4513 2753 4570 est,
2817 4506 3018 4576 inquit,
3060 4516 3262 4562 :eterna
3314 4511 3460 4576 vita,
3511 4520 3570 4565 ut
3605 4526 3702 4567 co-

377 4621 494 4675 τρῳ
552 4605 648 4658 καὶ
705 4603 993 4671 αἰνίγματι
1039 4602 1332 4672 βλέπουσιν
1365 4606 1413 4657 οἰ
1456 4606 1834 4667 πιστεύοντες·
1884 4607 1980 4658 αὑ·
2014 4590 2059 4649 ί)
2087 4612 2135 4666 8|

1938 4608 1980 4658 δ-
2014 4590 2059 4649 D
2087 4606 2359 4666 gnoscaut
2390 4608 2440 4652 te
2474 4599 2653 4653 solum
2704 4614 2894 4654 verum
2950 4601 3144 4667 Deum,
3188 4611 3241 4657 et
3283 4619 3446 4674 quem
3499 4604 3696 4661 misisti

374 4698 473 4761 τὸς
497 4697 635 4768 αὐτῇ
675 4697 769 4751 τὸν
802 4697 929 4767 ὅρον
964 4697 1171 4749 ἐκεῖνον
1202 4696 1411 4767 τίθησι,
1450 4700 1544 4751 καὶ
1578 4699 1638 4751 τὸ
1670 4700 1843 4766 τέλος,
1883 4701 1980 4753 καὶ

372 4792 469 4844 τὸν
514 4790 740 4856 σκοπὸν,
771 4791 987 4853 οὐδενὸς
1017 4791 1128 4842 τῶν
1164 4791 1357 4858 ὄντων,
1391 4793 1513 4845 οῦδὲ
1564 4792 1785 4847 πάντων
1845 4794 1980 4863 ὁμοῦ

377 4884 543 4939 τοῦτό
571 4902 636 4953 γε
661 4884 1004 4954 δυναμένων,
1042 4884 1204 4947 αὐτὸς
1238 4890 1334 4937 καὶ
1368 4884 1507 4953 πρὸς
1537 4887 1746 4940 ἐκεῖνον
1780 4886 1979 4957 ὁρίζει.

377 4978 445 5033 Εἰ
473 4979 583 5049 γὰρ
623 4977 718 5031 καὶ
749 4978 874 5046 ὅρος
899 4977 1072 5043 αὐτῆς
1117 4978 1289 5044 ἐστιν,
1334 4976 1480 5030 οὕτω
1512 4978 1591 5048 τῷ
1643 4977 1763 5048 Θεῴ
1795 4979 1979 5045 δόξαν,

377 5072 498 5128 ἀλλ’
550 5070 992 5141 ὑπερερυὴ;,,καὶ
1040 5070 1217 5140 ὁρίζει
1277 5071 1578 5139 συγκινῶν,
1616 5072 1710 5124 καὶ
1765 5071 1980 5124 οῐκοθεν

375 5165 731 5237 κινουμένην.
789 5164 902 5234 Τὴν
956 5165 1066 5235 γὰρ
1116 5167 1517 5235 προαιρετικὴν
1553 5166 1698 5237 αὐτῇ⁹
1745 5165 1980 5235 δύναμιν

410 5261 635 5325 ἔδωκεν,
666 5257 743 5321 ὡς
785 5257 1052 5311 δύνασθαι
1084 5258 1175 5311 καὶ
1221 5258 1433 5311 οἴκοθεν
1467 5257 1604 5327 πρδς
1650 5258 1859 5311 ἐκεῖνον
1889 5276 1978 5311 κι-

374 5356 587 5408 νεῖσθαι
621 5351 761 5423 μετὰ
786 5352 884 5422 τῆς
910 5351 1118 5405 ἄνωθεν
1145 5350 1392 5420 ὁδηγίας,
1426 5351 1638 5421 ὁδηγῶν
1668 5352 1760 5405 ἐπὶ
1796 5350 1974 5417 τοῦτο,

376 5443 736 5505 συνεπωοῶν,
768 5443 911 5496 λύων
944 5445 1041 5505 τας
1087 5443 1434 5513 δυσχερείας,
1470 5443 1752 5513 ἐπιφέρων
1785 5435 1989 5510 ἄλλας,

372 5535 482 5587 κᾶν
531 5534 631 5604 δέη
690 5534 829 5605 πρὸς
883 5534 1214 5604 γυμνασίαν,
1267 5534 1624 5605 παραχωρῶν
1660 5535 1977 5589 ὑπονοστεῖν

372 5626 468 5679 ἐπὶ
515 5624 590 5695 τῷ
628 5625 988 5696 συμφέροντι,
1048 5628 1497 5699 ὑποστρέφοντας
1554 5628 1717 5694 εὐθὺς
1773 5631 1977 5684 ἐπανά-

370 5738 510 5788 γων,
542 5720 901 5791 παρακαλῶν,
935 5719 1135 5775 Θλίδων
1166 5718 1257 5787 αὖ,
1285 5723 1490 5777 ὁπόταν
1524 5724 1620 5777 καὶ
1646 5723 1804 5777 τοῦτο
1840 5743 1977 5796 συμ-

372 5816 539 5885 φέρῃ,
568 5817 636 5866 τὶ
670 5816 773 5883 μὲν
813 5815 1055 5884 ἀφανῶς,
1082 5817 1152 5869 τὰ
1180 5817 1233 5870 δὲ
1265 5819 1359 5871 καὶ
1391 5818 1675 5889 προδήλως
1706 5821 1815 5884 τοῖς
1847 5822 1973 5891 περὶ

374 5904 549 5961 ταῦτα
605 5907 976 5980 προσέχουσι·
1011 5910 1104 5966 καὶ
1130 5911 1216 5987 τὰ
1260 5912 1361 5982 μὲν
1401 5910 1623 5983 ἀμέσως
1660 5913 1723 5965 ii‘
1775 5912 1971 5969 ἑαυτοῦ

2090 4688 2277 4744 Jesum
2305 4689 2643 4747 Christum.»
2686 4691 2811 4764 Haec
2837 4705 2965 4749 sunt
3002 4696 3289 4766 tlieol0gi2e
3323 4709 3375 4752 ct
3405 4698 3700 4769 dispensa-

2092 4784 2261 4839 tionis
2303 4800 2681 4855 arcana,quae
2718 4803 2859 4843 nunc
2913 4788 2965 4843 in
3021 4792 3245 4860 speculo
3305 4802 3359 4847 et
3412 4796 3703 4864 aenigmate

2091 4878 2378 4933 credentes
2414 4881 2633 4947 vident;
2684 4880 2792 4949 ille,
2849 4882 3095 4951 inquam,
3134 4886 3254 4955 ipse
3312 4886 3457 4941 Izune
3505 4889 3703 4942 statuit

2097 4973 2397 5025 terminum
2434 4982 2487 5028 et
2546 4972 2708 5028 tinem
2748 4984 2801 5029 et
2851 4989 3105 5045 scopum,
3142 4993 3267 5033 cum
3327 4980 3460 5034 nilnil
3509 4998 3703 5037 eorum

2092 5080 2217 5134 qua
2252 5073 2401 5132 sunt,
2436 5080 2537 5121 nec
2570 5068 2756 5121 omnia
2797 5067 2961 5123 simul
3007 5069 3112 5126 hoc
3158 5084 3422 5141 prmstare
3454 5061 3703 5146 queant;

2091 5159 2210 5229 ipse
2237 5160 2403 5213 etiam
2440 5161 2507 5214 ad
2540 5160 2693 5215 illum
2733 5160 2937 5216 difﬁnit
2961 5178 2974 5216 :
3000 5178 3124 5217 nam
3149 5168 3403 5235 quamvis
3432 5171 3705 5228 terminus

2088 5252 2209 5323 ejus
2237 5252 2328 5315 sit,
2361 5254 2585 5323 quando
2619 5254 2696 5308 ita
2737 5253 2846 5310 Deo
2876 5256 3058 5311 visum
3113 5267 3220 5321 est,
3277 5260 3584 5319 immensus
3624 5274 3707 5319 ta—

2090 5362 2214 5401 men
2247 5336 2734 5419 exsuperansque,
2790 5359 2843 5405 et
2893 5350 3248 5417 determinat,
3306 5360 3709 5413 commovendo

2088 5440 2255 5495 etiam
2306 5441 2373 5495 ab
2405 5441 2624 5505 origine
2670 5453 3004 5499 commotam
3045 5445 3181 5502 :sed
3216 5448 3384 5503 etiam
3418 5449 3707 5507 electivam

2088 5535 2190 5606 ipsi
2222 5534 2523 5606 potentiam
2555 5537 2859 5603 concessit,
2897 5548 2958 5593 ut
2996 5540 3171 5610 possit
3200 5550 3459 5612 tanquam
3485 5559 3516 5600 e
3544 5536 3711 5601 domo

2088 5627 2156 5681 ad
2196 5625 2352 5681 illum
2391 5626 2525 5681 cieri
2564 5642 2688 5682 cum
2727 5628 3159 5686 maunductioue
3187 5632 3259 5687 ab
3291 5635 3423 5702 alto,
3466 5634 3607 5690 viam
3643 5639 3709 5694 ad

2089 5723 2193 5777 lioc
2246 5722 2545 5790 muniens,
2595 5725 2979 5795 compellens,
3044 5726 3397 5784 d;llicultates
3453 5732 3710 5801 solvens,

2088 5814 2334 5885 aliasque
2360 5814 2667 5884 inducens;
2712 5818 2877 5872 etiam
2904 5819 2951 5874 si
2982 5834 3124 5887 opus
3156 5821 3249 5885 sit,
3278 5821 3344 5877 ad
3378 5825 3711 5880 exercitium

2089 5910 2401 5969 decedendo
2444 5914 2663 5984 reverti,
2705 5914 3065 5971 emolumenti
3094 5918 3309 5987 gratia;
3351 5917 3711 5984 diverti-nes,
