4452 6450
395 413 509 472 549
1363 395 1722 456 EPISTULA
1763 393 1860 453 DE
1915 392 2661 455 PR/EDESTiNA'i'IttNE.
3552 391 3657 453 550

389 535 554 576 omne
603 531 775 572 arvum
827 511 1218 586 reptabundus,
1268 523 1594 577 omnemque
1639 521 1763 574 erga
1814 505 1961 573 ipsos
2016 504 2108 557 Dei
2140 504 2317 561 Patris
2343 515 2396 559 et
2436 505 2744 562 Servatoris
2806 506 3199 574 providentiam
3260 505 3467 560 irritam
3527 506 3656 561 oue-

394 626 582 669 cturus
609 629 671 668 ac
706 613 948 666 studium
993 610 1058 664 ad
1110 610 1268 662 finem
1303 605 1725 674 assequendum.
1765 599 1962 656 Verum
2023 600 2134 654 inter.
2185 603 2444 669 peculiari
2524 617 2853 672 magnoque.
2881 604 3123 672 indigent
3185 609 3422 656 tractatu
3459 616 3471 650 ε
3513 615 3660 653 nunc

395 710 461 761 ad
497 707 832 776 propositum
876 702 1242 758 arctsdcndum
1282 710 1385 755 est.
1419 699 1629 754 Etenim
1663 712 1769 749 noa
1801 696 1867 749 de
1892 695 2072 748 divina
2105 696 2581 764 prmdestinatione
2609 697 3038 766 disputationem
3074 696 3383 760 instituere,
3409 694 3502 751 sed
3526 695 3661 764 quid

396 813 652 863 maguum
693 797 875 847 lumen
913 792 1154 846 incitarit
1183 788 1472 842 ostendere
1511 786 1784 839 volumus.

478 888 604 938 Ἐπὶ
634 885 844 945 τούτοις
872 882 973 950 ἥδη
1006 880 1206 941 καλῶς,
1237 878 1546 930 σκοπείσθω
1582 876 1690 944 γὰρ
1736 876 1852 944 ἅμα
1877 870 1972 926 καὶ
2007 873 2045 930 Α

395 977 727 1038 τούναντίον,
762 977 842 1036 εἰς
886 972 1059 1041 μείζω
1097 971 1195 1038 τῆς
1247 969 1502 1038 ἀληθείας
1544 967 1858 1035 βεϐαίωσιν,
1898 964 1976 1025 ὡς

396 1072 508 1139 ἄρα
537 1069 636 1133 τῖ’,ς
683 1065 1031 1136 ἀνθρωπίνης
1060 1065 1202 1129 ζωῆς
1241 1078 1301 1113 τε
1331 1061 1426 1111 καὶ
1470 1059 1749 1126 τελευτῆς,
1783 1073 1974 1126 προαι-

401 1163 549 1233 ρέσει
576 1177 634 1212 τε
673 1159 854 1211 αὐτῶν
877 1157 974 1210 καὶ
1006 1156 1166 1224 φύσει
1200 1156 1293 1207 καὶ
1324 1152 1462 1223 τύχῃ
1487 1151 1973 1219 καταλειπομένων

397 1253 463 1304 ἂν
499 1249 770 1314 καθάπαξ,
817 1248 849 1317 ἢ
890 1248 984 1299 καὶ
1019 1248 1157 1317 μόνῃ
1211 1249 1276 1314 τῇ
1314 1247 1467 1315 κοινῇ
1521 1244 1614 1297 καὶ
1650 1241 1975 1311 προσκαίρῳ

401 1343 624 1413 περὶτὰ
655 1341 834 1406 ζῶντα
870 1341 1051 1392 πάντα
1093 1340 1342 1410 προνοίᾳ,
1377 1338 1657 1408 οἰχήσεται
1691 1336 1790 1404 μὲν
1817 1337 1849 1404 ὴ
1881 1331 1976 1386 τοῦ

397 1437 512 1494 τοῖς
547 1432 856 1501 ἀνθρώποις
887 1431 1144 1499 κειμένου
1171 1431 1356 1490 τέλους
1384 1427 1677 1493 έπίτευξις.
1705 1423 1779 1479 Οῦ
1809 1425 1978 1478 καθά-

401 1527 514 1588 παξ
542 1526 692 1586 ὄντος
726 1525 1062 1594 ὑπερφυοῦς,
1103 1525 1276 1586 οὐδεὶς
1306 1521 1450 1588 αύτῷ
1489 1519 1858 1589 προσαχθῆναι
1889 1516 1976 1569 δύ-

400 1634 584 1682 ναται,
615 1618 688 1686 μὴ
715 1617 808 1668 τοῦ
835 1615 1063 1684 θεμένου
1093 1631 1150 1666 τε
1180 1616 1275 1666 καὶ
1303 1614 1584 1677 ὁρίσαντος
1608 1611 1784 1678 τούτῳ
1812 1624 1979 1678 προσ-

400 1710 649 1775 ἀγοντος,
690 1708 770 1777 τῷ
813 1709 959 1760 λύειν
987 1707 1085 1768 τὰς
1131 1707 1330 1768 πολλὰς
1364 1705 1598 1756 ἐνταῦθα
1634 1703 1975 1771 δυσχερείας,

401 1803 500 1854 καὶ
532 1798 821 1859 τοσαύταις
851 1800 968 1859 ταῖς
1003 1797 1320 1866 εἰρημέναις
1355 1795 1618 1863 μεθίδοις.
1662 1793 1770 1844 Καὶ
1800 1792 1978 1860 μάτην

405 1894 506 1962 μὲν
538 1892 796 1954 Μωῦσῆς,
836 1892 929 1942 καὶ
957 1893 984 1941 ὁ
1021 1889 1088 1942 δι’
1120 1887 1285 1941 αὐτοῦ
1337 1886 1744 1953 παιδαγωγικὸς
1790 1884 1974 1952 νόμος,

403 1981 540 2050 πρὸς
579 1979 749 2046 μείζω
776 1977 1110 2046 τεταγμένος
1148 1976 1307 2045 νόμον
1343 1977 1436 2030 καὶ
1469 1973 1800 2043 τελεώτερον
1825 1988 1838 2001 ⁶
1880 1971 1978 2040 μά-

401 2089 504 2140 την
563 2071 618 2124 δὲ
649 2073 796 2123 πᾶσα
830 2071 862 2139 ἡ
897 2070 1024 2139 περὶ
1077 2068 1174 2134 τῆς
1208 2068 1317 2120 τῶν
1362 2065 1668 2134 ἀνθρώπων
1701 2065 1978 2132 σωτηρίας

403 2163 636 2232 σπουδὴ,
672 2161 972 2230 συλλήϐδην
1022 2163 1216 2217 εἰπεῖν.
1249 2161 1324 2212 Οὐ
1369 2159 1478 2228 γὰρ
1507 2158 1589 2210 δεῖ
1627 2157 1749 2210 καθ’
1775 2158 1977 2210 ἕκαστα

402 2257 608 2325 λέγειν.
655 2257 713 2310 Ὀ
758 2257 813 2308 δὲ
844 2256 985 2319 θεῖος
1038 2255 1374 2325 προορισμὸς
1420 2254 1520 2304 ούκ
1568 2252 1720 2304 ἔσται
1768 2250 1975 2313 λοιπὸν,

402 2347 480 2411 ὡς
511 2349 633 2400 οῦτε
667 2347 850 2410 αὐτοῖς
881 2346 1249 2416 προσάγοντος
1281 2344 1421 2396 κατὰ
1467 2339 1881 2420 καιρδνναύτοὺς
1908 2337 1981 2404 τῷ

403 2439 521 2508 ὅρῳ
553 2438 643 2491 καὶ
673 2438 750 2508 τῷ
785 2437 971 2505 σκοπῴ
1001 2455 1011 2464 ·
1045 2435 1157 2489 οὔθ’
1189 2433 1366 2500 ἑαυτῷ
1398 2432 1699 2501 πόρρωθεν,
1733 2431 1826 2482 καὶ
1853 2429 1982 2496 πρὶν

404 2529 660 2597 γενέσθαι
692 2529 888 2592 αὐτοὺς
935 2527 1395 2599 προσαγηοχότος.
1443 2525 1502 2576 Ἡ
1540 2523 1594 2575 δὲ
1617 2522 1736 2574 θεία
1783 2537 1977 2572 συναν-

403 2620 755 2689 αιρεθήσεται
833 2619 1062 2689 πρόνοια
1137 2617 1195 2668 ού
1251 2613 1359 2667 τῶν
1411 2613 1767 2681 ἀνθρωπίνων
1822 2613 1982 2677 μόνον

407 2710 773 2778 πραγμάτων,
803 2709 938 2760 ἀλλα
969 2713 1061 2761 καὶ
1095 2708 1312 2760 πάντων
1338 2704 1542 2772 σχεδον.
1578 2702 1689 2769 Τὴν
1719 2701 1828 2768 γὰρ
1860 2715 1983 2750 ποι-

411 2799 722 2866 κιλωτάτην
751 2801 845 2851 καὶ
875 2797 1196 2866 σοφωτάτην
1226 2796 1335 2848 τῶν
1385 2791 1740 2862 ἀνθρωπίνων
1774 2790 1982 2859 διοίκη-

407 2910 498 2944 σιν
527 2891 674 2954 τέλος
698 2893 730 2961 ὴ
756 2891 999 2961 ἡμετέρα
1029 2889 1211 2950 πίστις
1255 2891 1347 2941 καὶ
1375 2887 1584 2956 καρπὸν
1617 2885 1854 2936 ποιεῖται
1884 2883 1981 2952 τῆς

408 2981 788 3051 ἁπλουστέρας
816 2979 912 3033 τοῦ
947 2981 1144 3041 παντὸς
1168 2980 1511 3047 διοικήσεως.
1554 2977 1708 3028 Ἐπεὶ
1737 2976 1832 3028 καὶ
1856 2974 1985 3025 ὑπο-

407 3073 698 3142 τεταχέναι
733 3074 761 3124 ὁ
801 3071 930 3133 Θεὸς
983 3072 1202 3138 λέγεται
1246 3071 1322 3138 τῷ
1363 3067 1639 3138 ἀνθρώπῳ
1674 3068 1852 3119 πάντα
1881 3065 1984 3118 ὑπὸ

409 3165 541 3226 τοὺς
582 3164 745 3225 πόδας
777 3162 962 3228 αὑτοῦ,
1015 3163 1091 3224 ὡς
1119 3163 1210 3215 ἐπὶ
1257 3163 1366 3223 τοῖς
1420 3159 1602 3230 ἔργοις
1638 3159 1744 3210 τῶν
1783 3157 1982 3227 χειρῶν

410 3255 576 3308 αὐτοῦ
597 3256 950 3319 καταστάντι,
980 3255 1068 3307 καὶ
1099 3253 1270 3323 βραχύ
1301 3271 1350 3304 τι
1372 3251 1504 3321 παρ’
1530 3252 1792 3319 ἀγγέλους
1823 3251 1983 3319 ἠλατ-

408 3346 666 3415 τωμένῳ.
698 3346 792 3397 Διὸ
821 3347 913 3398 καὶ
937 3344 1034 3412 τῆς
1068 3344 1176 3396 τῶν
1210 3342 1511 3413 ἀνθρώπων
1546 3342 1812 3410 γενέσεως
1846 3357 1987 3392 παυ-

413 3439 675 3507 σομένης,
708 3440 801 3490 καὶ
828 3439 860 3506 ἡ
888 3436 994 3490 τῶν
1039 3436 1308 3504 οὐρανίων
1371 3435 1846 3486 συναναπαύσεται
1901 3433 1984 3485 κί-

2143 871 2259 927 Jam
2301 888 2464 941 super
2496 874 2578 927 his
2633 875 2858 941 pulchre
2899 889 2957 929 se
3003 889 3086 927 res
3121 871 3298 925 habet.
3337 868 3508 923 Simul
3560 871 3662 923 uti-

2077 978 2180 1033 que
2231 973 2512 1030 spectetur
2539 965 2703 1017 etiam
2737 965 3102 1027 contrarium,
3146 971 3205 1015 ut
3251 961 3458 1015 veritas
3489 962 3661 1030 magis

2079 1057 2384 1109 stabiliatur
2425 1074 2436 1108 :
2474 1067 2730 1123 tanquam
2767 1056 2812 1109 si
2849 1056 3084 1108 humana
3120 1057 3225 1108 vita
3260 1065 3424 1123 atque
3475 1053 3659 1107 obitus

2077 1147 2307 1201 consilio
2339 1155 2392 1200 et
2429 1157 2637 1200 natura:
2667 1154 2722 1200 et
2756 1145 2988 1199 fortuna!
3020 1145 3186 1199 semel
3214 1145 3662 1212 derelinquat-en-

2079 1249 2182 1302 tur,
2223 1239 2303 1291 vel
2365 1239 2466 1292 Soli
2517 1239 2790 1291 communi
2837 1245 2889 1292 et
2938 1245 3258 1305 opportunae.
3305 1235 3664 1304 providentiae

2077 1345 2199 1399 quae
2233 1329 2490 1383 omnilms
2524 1328 2834 1383 viventibus
2888 1327 3163 1389 consulit;
3201 1327 3273 1379 ita
3315 1333 3661 1393 evanesceret

2080 1421 2336 1490 ιιι-οι)οεὶιί
2391 1421 2512 1476 finis
2564 1420 2876 1473 hominibus
2905 1418 3196 1472 assecutio.
3225 1417 3326 1483 Qui
3360 1432 3482 1472 cum
3515 1431 3668 1484 pror-

2079 1528 2174 1567 sus
2199 1521 2449 1566 naturam
2479 1510 2921 1576 scperet,nullus
2945 1508 3009 1561 ad
3037 1509 3212 1576 ipsum
3241 1516 3417 1570 potest
3445 1494 3662 1571 alduei,

2080 1605 2185 1658 nisi
2228 1607 2275 1658 is
2303 1605 2393 1670 qui
2424 1603 2612 1656 statuit
2645 1613 2697 1655 et
2729 1601 2938 1665 definit,
2975 1603 3040 1653 a'd
3081 1614 3203 1652 eum
3237 1601 3492 1662 adducat,
3527 1598 3667 1650 mul-

2082 1704 2162 1749 tas
2203 1696 2293 1750 hic
2325 1695 2583 1748 solvendo
2633 1693 3002 1755 difﬁcultates,
3036 1700 3089 1744 et
3138 1699 3219 1742 tot
3253 1700 3470 1756 tamque
3506 1688 3669 1742 variis

2080 1790 2183 1842 viis
2218 1799 2272 1841 et
2316 1788 2619 1842 rationibus
2651 1800 2772 1853 quae
2820 1784 2978 1837 dieue
3009 1791 3154 1836 sunt.
3191 1783 3258 1834 At
3305 1780 3502 1833 frustra
3535 1794 3668 1833 sane

2079 1880 2257 1934 Mus-es
2283 1889 2336 1932 et
2364 1895 2457 1946 per
2481 1894 2606 1932 eum
2660 1877 2874 1930 condita
2918 1877 2999 1928 lex
3055 1873 3374 1927 instituendi
3412 1873 3517 1924 vim
3575 1873 3667 1925 ha-

2081 1972 2240 2034 bens,
2318 1971 2382 2023 ad
2422 1971 2726 2039 graviorem
2763 1978 2816 2020 et
2844 1965 3218 2033 perfectiorcm
3257 1965 3426 2029 legem
3459 1962 3669 2017 cohsti-

2085 2071 2198 2116 tuta
2233 2079 2246 2112 :
2283 2063 2556 2115 incassum
2604 2065 2767 2112 etiam
2818 2060 2997 2112 omnis
3040 2061 3102 2110 de
3158 2058 3332 2111 salute
3384 2056 3668 2109 hominum

2085 2170 2213 2209 cura
2246 2162 2298 2208 et
2331 2152 2661 2216 so'leitudo,
2691 2165 2744 2204 ut
2779 2151 2936 2203 simul
2966 2149 3146 2204 omnia
3179 2148 3410 2202 dicendo
3435 2147 3672 2214 comple-

2086 2262 2200 2301 c:ar
2237 2267 2248 2300 :
2289 2263 2384 2300 nec
2412 2247 2553 2297 enim
2589 2246 2860 2314 sigillatim
2896 2259 3122 2310 qumque
3144 2243 3488 2295 enuntianda
3520 2249 3669 2294 sunt.

2088 2338 2285 2405 Utique
2325 2339 2522 2390 divinae
2563 2335 3032 2403 pra‘dt-stinationi
3068 2335 3220 2388 locus
3255 2349 3363 2386 non
3394 2329 3675 2399 relinque-

2085 2445 2190 2496 tur,
2214 2448 2333 2485 cum
2366 2447 2462 2484 nec
2489 2431 2717 2483 exsistat
2755 2429 2844 2494 qui
2885 2428 3130 2482 homines
3158 2427 3443 2481 commode
3475 2442 3674 2496 oppor-

2084 2534 2210 2577 tune
2233 2538 2316 2590 pte
2349 2523 2633 2575 admoveat
2662 2521 2895 2572 termino
2921 2527 2972 2570 et
3005 2529 3180 2580 metae,
3208 2534 3380 2588 neque
3418 2533 3544 2572 vero
3577 2518 3670 2585 qui

2086 2617 2188 2672 sibi
2244 2616 2458 2669 eminus
2494 2613 2811 2681 priusquam
2862 2612 2972 2664 nati
3008 2612 3115 2665 sint
3161 2611 3469 2663 adduxerit.
3506 2611 3676 2664 P0rro

2085 2708 2266 2761 divina
2296 2705 2456 2760 simul
2488 2705 2706 2758 tolletur
2735 2703 3101 2770 providentia,
3150 2717 3255 2754 non
3307 2703 3673 2756 humanarum

2086 2800 2248 2854 modo
2291 2814 2496 2859 rerum,
2527 2798 2618 2850 sed
2649 2807 2697 2849 et
2733 2797 2979 2848 υηιιιίιιηι
3015 2796 3429 2864 ρτιηιηιιιοιίιιτιι.
3463 2796 3674 2849 Etenim

2085 2890 2513 2944 diversissimam
2547 2902 2608 2940 ac
2663 2887 3148 2954 prudentiSsimatn
3188 2885 3551 2939 humanarum
3592 2902 3677 2941 re-

2088 2995 2207 3034 rum
2237 2979 2786 3040 administrationem,
2837 2977 2969 3031 fides
3009 2985 3191 3030 nostra
3223 2979 3380 3030 linem
3418 2977 3678 3031 fructum-

2086 3088 2191 3143 que
2231 3072 2356 3125 facit
2407 3070 2759 3139 simplicioris
2810 3071 3189 3125 universorum
3243 3071 3680 3140 gubernationis.

2087 3165 2536 3234 Quandoquidem
2576 3162 2715 3217 Deus
2744 3162 2926 3216 omnia
2961 3164 3164 3217 homini
3194 3163 3504 3219 subdidisse
3547 3165 3679 3219 diei-

2089 3269 2196 3320 tur,
2224 3266 2277 3310 et
2306 3255 2461 3326 quasi
2493 3255 2724 3322 pedibus
2761 3255 3156 3320 substravisse,
3189 3264 3247 3309 ut
3275 3256 3320 3310 ei
3355 3257 3445 3324 qui
3487 3271 3682 3324 propo-

2089 3348 2229 3402 situs
2259 3357 2341 3401 est
2380 3347 2644 3416 operibus
2684 3361 2947 3399 manuum
2987 3360 3232 3407 suarum,
3266 3363 3284 3395 ι
3314 3356 3367 3398 et
3400 3347 3681 3414 paululum

2091 3438 2251 3491 dis'at
2304 3437 2375 3490 ab
2419 3437 2647 3506 angelis,
2692 3456 2710 3488 ι
2748 3447 2797 3491 et
2855 3437 3129 3492 mentibus
3165 3437 3480 3491 caelestibus
3516 3451 3683 3506 prope

418 3545 595 3598 νησις,
645 3529 713 3581 τὰ
771 3529 890 3581 θεῖά
935 3543 1067 3597 φασι
1126 3527 1313 3594 Γόγια,
1345 3526 1418 3587 ὡς
1473 3525 1657 3596 ἐκείνῃ
1708 3524 1984 3594 προθργου
2014 3548 2056 3606 C
2092 3545 2176 3582 ex:

1925 3541 1984 3576 ου
2014 3548 2056 3606 C
2092 3541 2430 3598 extrquatur.
2467 3529 2673 3582 Idcirco
2702 3545 2821 3583 cum
2857 3527 3098 3582 hominis
3130 3529 3416 3597 progenies
3447 3527 3680 3595 desinet,

415 3618 730 3689 τεταγμένη
785 3617 1045 3670 δουλεύιν.
1108 3618 1274 3670 Ἀλλὰ
1313 3618 1382 3670 τὰ
1437 3616 1537 3685 μὲν
1600 3616 1736 3670 ἄλλα
1783 3617 1980 3684 ἐιὶμεν.

416 3716 554 3785 Περὶ
584 3715 639 3767 δὲ
666 3715 774 3767 τῶν
819 3712 1122 3783 ἀνθρώπων
1160 3714 1238 3774 τίς
1288 3713 1439 3766 ἔσται
1471 3711 1656 3764 λοιπὸν
1688 3715 1733 3782 δή
1764 3711 1857 3764 τοῦ
1893 3711 1985 3763 ού-

417 3809 607 3878 ρανίου
644 3807 858 3874 [ἰατρὸς
890 3806 1116 3873 πρόνοια
1147 3823 1162 3872 ;
1193 3806 1239 3857 εί
1269 3804 1422 3868 τέλος
1452 3806 1549 3873 μὲν
1589 3804 1768 3855 αὐτῶν
1807 3805 1866 3856 τὸ
1896 3821 1987 3855 τυ-

413 3902 530 3970 χεῖν
557 3900 654 3968 τῆς
693 3900 966 3969 μακαρίας
998 3899 1162 3968 ζωῆς.
1191 3898 1308 3961 ὁδὸς
1341 3898 1394 3950 δὲ
1428 3899 1459 3967 ὴ
1492 3898 1724 3952 ἐνταῦθα
1753 3898 1886 3966 ζωὴ,
1921 3897 1988 3966 ἣν

412 3992 596 4054 καλῶς
643 3991 918 4052 ὁδεύοντες
969 3989 1318 4060 ἐφικνοῦνται
1352 3989 1444 4044 τοῦ
1491 3991 1700 4052 τέλους.
1749 3989 1886 4041 υῦτε
1933 3990 1987 4042 δὲ

413 4085 596 4146 καλῶς
611 4084 843 4148 ὁδεύειν,
865 4081 987 4136 οὔτε
1008 4083 1102 4134 τοῦ
1121 4082 1308 4144 τέλους
1325 4083 1611 4152 τυγχάνειν
1632 4082 1844 4150 ἔχουσιν
1861 4081 1990 4133 ἄνευ

413 4175 575 4229 Θεοῦ.
619 4175 677 4228 ’0
701 4173 758 4226 δὲ
779 4173 876 4241 τῆς
911 4173 1220 4240 ὁδοιπορίας
1241 4172 1438 4236 αὐτῶν,
1473 4174 1740 4236 τουτέστι,
1776 4171 1874 4240 τῆς
1902 4173 1992 4222 ὲν-

414 4267 588 4322 ταῦθα
605 4267 749 4335 ζωῆς
765 4266 837 4335 μὴ
857 4265 1151 4333 φροντίζει,
1174 4265 1478 4334 ἀρχομένης
1493 4280 1550 4315 τε
1567 4266 1659 4315 καὶ
1677 4263 1994 4331 -προὸαινούο

417 4376 518 4428 σης
544 4361 636 4412 καὶ
675 4357 1079 4425 τελειουμένης,
1117 4358 1262 4420 ὅπως
1302 4357 1370 4410 ἂν
1415 4357 1484 4410 δι’
1515 4357 1688 4425 αὐτῆς
1722 4356 1993 4408 εὐοδοῖντο

417 4452 554 4520 πρὸς
579 4451 638 4502 τὸ
657 4450 804 4513 τέλος
823 4449 1003 4511 καλῶς
1023 4449 1449 4518 ὑπερπηδώντες
1471 4449 1650 4502 πᾶσαν
1672 4450 1994 4520 δυσχέρειαν

417 4545 478 4609 ἐξ
503 4543 745 4612 ἀπείρων
773 4541 1118 4594 συναντῶσαν
1143 4541 1251 4592 τῶν
1271 4541 1510 4610 τρόπων,
1545 4541 1679 4610 μηδὲ
1713 4543 1996 4611 πατρικῶς

415 4637 730 4702 οἰκονομοίη
758 4635 825 4687 τὰ
868 4634 1055 4698 τέκνα,
1090 4631 1202 4685 ἀλλ’
1388 4633 1548 4701 μόνον
1588 4632 1728 4686 αὐτὰ
1779 4633 1996 4701 φύσεώς

415 4742 476 4776 τε
510 4723 763 4794 ἀσθενείᾳ
811 4725 904 4775 καὶ
955 4720 1330 4791 προαιρέσεως
1379 4721 1637 4792 ἀστασίᾳ,
1693 4726 1788 4775 καὶ
1824 4724 1996 4793 τύχης

419 4816 611 4884 ἀλογίᾳ
658 4815 939 4884 φέρεσθαι,
972 4813 1040 4865 δι’
1075 4806 1148 4866 ὧν
1197 4813 1458 4866 ἀδύνατόν
1511 4817 1659 4866 ἐστιν
1690 4814 1783 4866 τοῦ
1825 4815 1995 4885 ὑπερ-

2091 3637 2199 3674 una
2251 3622 2415 3674 etiam
2469 3623 2777 3676 cmlestitttn
2829 3621 3044 3676 orbium
3097 3621 3263 3674 motio
3310 3621 3595 3686 consistet,
3627 3632 3684 3678 ut

2088 3715 2270 3768 divina
2298 3714 2453 3768 aiunt
2498 3715 2740 3777 oracula,
2798 3725 3058 3783 tanquam
3094 3713 3164 3768 ad
3217 3713 3362 3769 hunc
3411 3715 3569 3770 finem
3629 3723 3685 3770 ut

2091 3807 2414 3862 serviat-illi
2476 3811 2791 3864 eonstituta.
2840 3808 3035 3862 Verum
3077 3809 3190 3862 haec
3246 3818 3300 3862 et
3357 3809 3458 3862 alia
3516 3811 3684 3864 missa

2093 3899 2382 3953 faciamus.
2453 3899 2558 3952 Pro
2617 3900 2930 3955 hominibus
3003 3909 3184 3954 autem
3267 3916 3518 3970 quamam
3580 3901 3687 3954 erit

2095 3991 2351 4058 deinceps
2394 3989 2570 4046 Patris
2630 3989 2848 4044 aetherei
2893 3991 3272 4060 providentia?
3316 3991 3582 4060 siquidem
3619 3990 3684 4043 fi-

2098 4082 2185 4135 nis
2231 4081 2621 4149 praemiumque
2655 4083 2902 4150 ipsorum
2938 4093 3025 4138 est
3069 4083 3235 4136 vitam
3276 4083 3490 4136 beatam
3531 4099 3684 4139 asse-

2095 4173 2208 4244 qui.
2253 4172 2370 4228 Vita
2420 4190 2547 4228 vero
2599 4189 2720 4242 quae
2749 4175 2836 4229 hic
2865 4175 3104 4244 degitur,
3137 4175 3222 4229 via
3257 4183 3361 4236 est,
3395 4189 3558 4243 quam
3594 4178 3685 4244 qui

2096 4264 2322 4333 pulchre
2384 4264 2717 4326 conficiunt,
2773 4264 2837 4317 ad
2907 4273 3108 4318 metam
3180 4263 3522 4330 perveniunt.
3580 4263 3686 4319 Sed

2097 4372 2272 4426 neque
2305 4358 2397 4411 ulli
2451 4356 2673 4424 pulchre
2715 4359 2816 4409 iter
2866 4356 2995 4408 ilhul
3029 4355 3268 4422 ingredi,
3306 4371 3481 4424 neque
3525 4358 3685 4412 linem

2101 4450 2350 4505 obtinere
2387 4465 2627 4518 unquam
2675 4448 2880 4518 absque
2935 4447 3042 4503 Deo
3077 4457 3323 4517 possunt.
3371 4448 3469 4504 l-lic
3501 4461 3686 4504 autem

2099 4544 2201 4596 viae
2273 4543 2342 4596 ab
2407 4543 2514 4596 illis
2575 4553 2805 4610 ereptm,
2867 4541 3210 4610 procedentis
3279 4551 3332 4595 et
3391 4531 3664 4612 perfecta},

2114 4637 2214 4688 hoc
2281 4642 2361 4686 est
2428 4635 2550 4687 vine
2593 4649 2754 4702 quam
2809 4633 2898 4688 hic
2953 4635 3196 4703 exigunt,
3257 4649 3441 4686 curam
3515 4638 3688 4690 ratio-

2102 4739 2336 4793 nemque
2407 4724 2632 4778 baberet
2689 4724 2934 4790 nullam,
2997 4735 3048 4779 ut
3109 4742 3203 4796 per
3247 4742 3366 4780 eam
3427 4742 3688 4796 prospere

2105 4819 2422 4872 accederent
2448 4818 2512 4870 ad
2544 4817 2794 4870 ttltintunt
2829 4818 3049 4878 bonum,
3077 4834 3292 4872 onmem
3314 4817 3686 4872 difﬁcultatem

419 4905 588 4970 φυοῦ;
621 4905 828 4956 ἐκείνου
859 4903 1042 4964 τέλους
1065 4906 1270 4972 τυχεῖν,
1305 4903 1400 4952 καὶ
1420 4901 1672 4954 τοσοῦτον
1706 4903 1993 4970 προνοοῖτο
2030 4885 2073 4941 Ῑ)
2101 4927 2162 4966 εκ

1928 4905 1993 4954 ῗτο
2030 4885 2073 4941 D
2101 4927 2162 4966 ex
2193 4911 2491 4964 innumeris
2519 4910 2694 4964 modis
2726 4920 3102 4963 occurrentem
3137 4909 3292 4966 facile
3348 4912 3686 4981 pulchreque

420 4996 530 5049 τῶν
564 4996 792 5057 τέκνων,
843 4994 967 5047 ὅσον
999 4994 1094 5046 καὶ
1146 4993 1253 5045 τῶν
1300 4993 1460 5060 βοῶν,
1497 4995 1597 5045 οὐκ
1646 4991 1995 5044 εἰδικώτατον

423 5107 544 5142 τινα
583 5089 803 5153 τρόπον.
853 5087 993 5138 Ἀλλ’
1023 5087 1052 5139 ὁ
1093 5084 1364 5154 μακάριος
1415 5084 1623 5146 Παῦλος
1665 5087 1721 5136 ἐν
1754 5087 1820 5154 τῇ
1859 5085 1996 5153 πρὸς

425 5183 744 5252 Κορινθίους
777 5181 836 5234 οὑ
875 5180 1061 5248 μέλειν
1092 5179 1168 5247 τῷ
1202 5178 1318 5246 Θεῷ
1349 5195 1480 5245 φησι
1526 5180 1652 5246 περὶ
1679 5180 1787 5230 τῶν
1819 5177 1955 5248 βοῶν
1982 5191 1993 5203 ⁸

421 5280 520 5346 ούχ
569 5275 643 5337 ὡς
694 5272 818 5342 μηδ’
872 5272 1007 5334 ὅλως
1065 5271 1228 5341 μέλον
1258 5271 1407 5338 αύτῴ
1459 5269 1596 5338 βοῶν
1645 5287 1700 5322 τε
1755 5272 1846 5322 καὶ
1889 5270 1998 5322 τῶν

420 5370 645 5440 ὁμοίων,
695 5367 810 5420 ἀλλ’
842 5367 916 5427 ὼς
947 5364 1048 5432 τῆς
1094 5364 1222 5433 περὶ
1263 5365 1472 5416 τούτων
1521 5365 1778 5434 προνοίας
1830 5365 1998 5433 μηδε-

426 5467 557 5534 μίαν
593 5462 776 5531 σκεδδν
815 5461 951 5528 πρὸς
981 5460 1080 5528 τὴν
1109 5457 1239 5526 περὶ
1264 5456 1372 5508 τῶν
1404 5454 1709 5523 ἀνθρώπων
1736 5455 1997 5524 πρό-,οιαν

421 5554 650 5626 ἐχούσης
682 5553 1007 5622 παράθεσιν.
1048 5550 1135 5612 Ὠς
1167 5549 1371 5617 ταύτην
1409 5547 1570 5617 μόνον
1611 5547 1872 5600 δύνασθαι
1903 5547 1996 5599 καὶ

423 5651 625 5721 χρῆναι
651 5646 932 5701 καλεῖσθαι
965 5645 1220 5713 πρόνοιαν
1251 5641 1464 5711 ἀληθῶς
1492 5643 1584 5694 καὶ
1613 5642 1870 5710 φροντίδα
1902 5639 1996 5692 τοῦ

425 5745 569 5795 ἓεΐου
618 5741 816 5802 παντδς
855 5739 1042 5791 ’ἐνεκεν
1075 5737 1283 5790 δικαίου
1322 5737 1414 5788 καὶ
1463 5736 1644 5803 λόγου.
1689 5735 1908 5789 Τοίτων
1940 5735 1998 5787 δὲ

423 5835 859 5906 ἀναιρουμένων,
893 5831 966 5895 ὡς
1017 5830 1251 5902 εἴρηται,
1290 5829 1408 5898 εἰκῆ
1446 5833 1544 5899 μὲν
1587 5827 1707 5881 Ἰὼῧ
1759 5829 1998 5882 ἐπαινεῖς-

2102 5011 2426 5069 superantes
2456 5017 2469 5053 :
2504 5016 2678 5070 neque
2711 5000 2908 5055 liberos
2941 5001 3138 5057 affectu
3174 5016 3399 5070 paterno
3437 5005 3688 5058 modera-

2108 5105 2275 5157 retur,
2312 5095 2406 5148 sed
2438 5109 2534 5170 eos
2563 5101 2768 5146 tantum
2803 5103 2855 5148 et
2886 5095 3241 5149 imbecillitati
3277 5107 3484 5150 natura:
3513 5107 3564 5150 et
3596 5113 3688 5151 vo-

2105 5185 2329 5241 luntatis
2359 5186 2734 5241 inconstantia:
2771 5195 3132 5255 pernuttcret,
3167 5202 3229 5241 ac
3257 5188 3489 5242 fortuna:
3516 5198 3689 5244 teme-

2108 5281 2249 5333 ritati
2293 5279 2376 5348 agi
2437 5279 2562 5334 ferri
2597 5281 2803 5334 sineret
2843 5297 2856 5333 :
2892 5281 3091 5348 quibus
3134 5291 3281 5335 certe
3314 5281 3490 5335 modis
3537 5280 3689 5334 nefas

2106 5383 2187 5428 est
2221 5374 2379 5426 tinem
2421 5373 2571 5426 illum
2601 5373 2692 5440 qui
2737 5383 2988 5426 naturam
3035 5372 3250 5426 excedit
3279 5373 3564 5441 consequi,
3598 5387 3688 5426 co-

2107 5463 2337 5531 dcmqne
2381 5474 2538 5530 pacto
2571 5462 2903 5530 prospiceret
2950 5462 3161 5526 liberis,
3197 5477 3308 5530 quo
3342 5462 3512 5515 bobus
3553 5477 3688 5516 con-

2107 5554 2252 5615 Sulit,
2292 5569 2398 5605 non
2424 5554 2680 5622 peeul'ari
2716 5557 2954 5608 maxime
2981 5555 3153 5609 cura?
3180 5553 3527 5607 Verumeuim
3559 5568 3688 5606 vero

2109 5645 2294 5699 beatus
2333 5644 2554 5709 Paulus,
2585 5652 2634 5699 in
2666 5646 2902 5716 Epistola
2932 5648 2996 5700 ad
3022 5647 3356 5712 Corinthios,
3381 5647 3491 5700 Deo
3522 5643 3689 5698 hand-

2111 5753 2385 5808 quaquam
2413 5754 2556 5794 curm
2585 5739 2750 5793 boves
2774 5755 2892 5794 esse
2918 5738 3180 5794 ailirmat:
3204 5755 3310 5793 non
3339 5737 3484 5807 quod
3525 5736 3689 5790 boum

2109 5848 2170 5888 ac
2203 5833 2463 5888 sinulium
2499 5847 2682 5888 curam
2713 5848 2936 5902 prorsus
2975 5832 3256 5903 abiecerit,
3290 5833 3378 5890 sed
3405 5829 3532 5903 quia
3564 5843 3687 5900 pro-
