4452 6450
754 411 852 476 551

1815 410 2197 471 GENNADII
2229 414 2340 474 (ΞΡ.
2383 414 2898 476 PATRHRCII/E

3925 400 4030 476 5'52

751 522 1011 587 videntia,
1053 537 1159 590 qua
1194 521 1520 591 prOSpicitur
1571 523 1700 585 illis,
1730 523 1933 578 nullam
1969 526 2084 580 fere
2115 543 2331 596 compa-
2364 529 2407 587 Α
2435 549 2500 584 τα

2269 546 2331 583 ια·
2364 529 2407 587 Α
2435 549 2526 584 ται
2544 533 2742 598 λέγων,
2781 550 2796 580 ι
2821 532 2882 583 '0
2911 533 3114 600 Κύριος
3135 531 3353 592 ἔδωκεν,
3383 533 3410 584 δ
3433 532 3632 599 Κύριος
3655 531 3926 600 ἀφεὲλετο,
3952 535 4027 595 ὼς

752 615 1023 666 rationem
1077 612 1274 664 habeat
1361 627 1484 664 cum
1545 613 1885 681 providentia
1936 631 2041 682 qua
2106 619 2345 672 consulit

752 702 1070 756 hominibus
1101 717 1113 752 :
1148 712 1205 754 ut
1241 702 1378 755 hanc
1415 711 1624 755 tantum
1660 701 1742 756 fas
1777 719 1838 757 ac
1875 720 2097 760 necesse
2121 708 2191 760 sit
2224 724 2347 763 vere

754 794 1152 862 providentiam
1189 799 1242 846 et
1278 808 1465 845 curaui
1496 792 1734 845 divinam
1774 797 1986 864 optimo
2017 799 2138 864 jure
2167 799 2348 866 appel-

754 885 876 937 lari.
916 883 1010 937 llis
1039 891 1221 936 autem
1257 881 1508 944 sublatis,
1537 892 1594 934 ut
1623 883 1822 936 dictum
1870 896 1971 946 est,
2007 896 2211 940 temere
2246 887 2348 942 Job

689 1031 692 1034 ,
757 977 1089 1035 Iandarrtur,
1115 976 1242 1028 dum
1271 976 1367 1035 ait,
1400 993 1418 1025 «
1454 975 1716 1029 Dominus
1743 976 1912 1044 dedit,
1938 979 2200 1034 Dominus
2229 982 2350 1035 abs-

760 1070 883 1124 tulit
927 1087 940 1122 :
970 1080 1026 1122 ut
1065 1069 1294 1122 Domino
1327 1071 1499 1122 visum
1534 1078 1638 1132 est,
1673 1071 1746 1124 ita
1777 1072 1974 1127 factum
2009 1083 2110 1130 est.
2159 1095 2174 1125 ι
2209 1075 2347 1130 Fru-

757 1176 869 1217 stra
916 1164 1081 1216 etiam
1135 1161 1302 1216 David
1361 1164 1616 1217 laudibus
1647 1166 2000 1220 euollerctur
2027 1169 2268 1236 quotidie
2300 1170 2352 1222 in

757 1256 1025 1318 ccclesiis,
1049 1257 1142 1325 qui
1172 1255 1226 1309 in
1262 1257 1518 1311 omnibus
1540 1260 1708 1310 ferme
1738 1259 1957 1326 psalmis
1985 1261 2098 1314 suis
2116 1261 2353 1314 divinam

759 1350 999 1404 celebrat
1051 1359 1105 1407 ct
1145 1351 1405 1417 praedicat
1475 1352 2030 1420 praetleSIiuationem,
2063 1369 2184 1407 cum
2246 1371 2356 1409 non

763 1435 1058 1510 unicuique
1094 1453 1306 1497 tantum
1343 1445 1551 1498 homini
1584 1447 1735 1511 dicit,
1771 1464 1786 1496 «
1818 1446 2040 1512 Angelis
2066 1448 2180 1501 suis
2209 1463 2360 1501 man-

759 1536 908 1590 daiit
941 1537 1007 1590 de
1038 1546 1112 1601 te,
1135 1554 1152 1586 ι
1191 1545 1245 1590 ει
1275 1553 1393 1602 quae
1423 1535 1682 1607 deinceps
1711 1553 1723 1589 :
1765 1552 1950 1591 verum
1983 1539 2148 1592 etiam
2180 1539 2360 1592 natio-

763 1629 926 1682 nibus
961 1629 1087 1682 totis
1117 1627 1453 1698 familiisque
1501 1639 1554 1683 et
1611 1630 1862 1685 urbibus.
1895 1630 2027 1694 Qua:
2061 1633 2362 1685 coneinnnt

764 1719 919 1774 Isaire
946 1730 998 1772 et
1022 1721 1190 1774 Amos
1221 1721 1492 1776 vaticiniis
1525 1733 1539 1774 :
1580 1721 1862 1791 inquibus
1894 1721 1981 1774 ille
2019 1723 2242 1790 quidem
2280 1722 2359 1776 di-

763 1813 858 1878 cit,
884 1811 1014 1877 «Qui
1044 1827 1232 1879 pacem
1256 1812 1454 1866 facitet
1479 1823 1627 1867 creat
1653 1814 1791 1866 mala
1815 1831 1828 1876 ;
1855 1832 1872 1864 ι
1909 1814 1995 1868 hic
2017 1830 2166 1879 vero,
2202 1833 2220 1866 «
2244 1814 2360 1868 Non

2447 625 2528 693 τῷ
2565 625 2756 692 Κυρίῳ
2809 623 3008 688 ἔδοξεν,
3040 623 3182 676 οὕτω
3213 624 3306 676 καὶ
3356 625 3597 689 ἐγένετο⁹
3639 643 3656 674 ι
3685 625 3808 690 είκῆ
3853 626 3909 676 δὲ
3938 625 4033 676 καὶ

2453 717 2622 768 Δα6“ιδ
2648 719 2790 768 πάνυ
2823 717 3051 783 τιμᾶται
3084 715 3210 766 καθ’
3238 715 3454 784 ἡμέραν
3489 717 3547 765 ἐν
3578 714 3915 782 ἐκκλησίαις,
3945 716 4031 768 διὰ

2459 805 2677 856 πάντων
2702 803 2869 856 αὑτοῦ
2897 805 3001 855 τῶν
3023 803 3253 872 ψαλμῶν
3280 804 3463 873 σχεδὸν
3489 804 3580 854 τὸν
3605 804 3747 856 θεῖον
3774 805 3872 856 dvo
3883 805 4033 874 μνῶν

2451 898 2544 948 καὶ
2601 897 2884 964 κηρύττων
2944 897 3304 966 προσρισιδν,
3359 895 3460 950 οὐκ
3523 899 3611 964 ἐφ’
3667 899 3882 966 ἑκάστῳ
3937 899 4034 966 μό-

2454 1005 2542 1040 νον
2559 987 2832 1058 ἀνθρώπῳ
2852 989 3054 1055 λέγων’
3102 989 3258 1050 «Τοῖς
3277 990 3527 1056 ἀγγέλοις
3555 989 3717 1041 αὐτοῦ
3743 991 4038 1042 ἐντελεῖται

2456 1082 2584 1149 περὶ
2619 1083 2712 1134 σοῦ
2755 1101 2772 1134 ι
2811 1084 2904 1134 καὶ
2939 1085 3005 1134 τὰ
3039 1081 3186 1150 ἑξῆς,
3224 1083 3359 1134 ἀλλὰ
3387 1083 3480 1134 καὶ
3511 1081 3722 1134 ἔθνεσιν
3750 1083 3914 1149 ὅλοις,
3947 1087 4040 1134 καὶ

2466 1173 2792 1235 συνοικίαις,
2835 1175 2930 1226 καὶ
2981 1173 3224 1236 πόλεσιν,
3275 1172 3474 1243 Ἡσαΐᾳ
3506 1173 3812 1243 συμφώνως
3845 1176 3938 1226 καὶ
3963 1175 4041 1243 τῷ

2469 1263 2671 1330 Ἀμώς⁶
2691 1265 2766 1331 τῷ
2789 1264 2884 1332 μὲν
2903 1265 3169 1330 ).ἐγοντι.ι
3192 1267 3251 1318 '0
3275 1267 3442 1317 ποιῶν
3461 1268 3707 1336 εἰρήνην,
3725 1269 3818 1320 καὶ
3843 1267 4043 1330 κτίζων

2461 1356 2667 1406 κακάοι
2705 1355 2781 1420 τῷ
2812 1357 2887 1419 δὲ,
2940 1357 3084 1408 ιΟζκ
3110 1357 3226 1407 ἔστι
3255 1357 3424 1409 κακία
3459 1359 3514 1407 ὲν
3545 1358 3714 1412 πόλει.
3743 1357 3810 1426 ἢν
3844 1358 4043 1425 Κύριος

2461 1447 2821 1516 οὐκέποίησε.
2842 1466 2860 1498 ι
2904 1448 3012 1500 Καὶ
3047 1447 3198 1508 αὖθις
3218 1445 3458 1517 αὑτῷτῷ
3484 1448 3702 1516 Ἠσαίᾳ,
3739 1450 3950 1500 ιΠᾱιντα
3979 1451 4047 1502 τὰ

2462 1537 2709 1608 ἡμέτερα
2740 1539 2877 1607 ἔργα
2899 1540 3163 1608 είργάσω,
3193 1541 3386 1608 Κύριε,
3409 1541 3468 1593 ἐν
3503 1542 3690 1608 ἡμῖν.»
3730 1541 3864 1609 Είκῆ
3899 1542 3955 1593 δὲ
3991 1541 4048 1594 αἱ

2464 1628 2573 1681 τῶν
2604 1631 2914 1698 ἀγγελικῶν
2944 1631 3243 1698 ταγμάτων
3290 1633 3630 1695 ἐπιστασίαι,
3663 1630 3733 1683 δι’
3768 1627 3844 1686 ὧν
3875 1633 4050 1686 ταῦτα

2466 1720 2933 1790 ὑπηρετουμένων
2961 1724 3081 1783 ταῖς
3116 1721 3294 1785 θείαις
3341 1723 3542 1792 ψήφοις
3567 1723 3812 1778 ἀνύεται.
3843 1725 3948 1777 Τοῦ
3993 1725 4051 1778 δὲ

2469 1813 2674 1881 Κυρίου
2725 1813 2885 1883 ἡμῶν
2925 1813 3103 1882 Ἰησοῦ
3129 1814 3400 1881 λέγοντος,
3433 1817 3514 1867 ὅτι
3547 1835 3564 1866 ι
3589 1815 3741 1868 Ἀνευ
3775 1816 3870 1868 τοῦ
3903 1817 4052 1870 θείου

762 1913 846 1956 est.
885 1904 1087 1957 malum
1122 1904 1174 1957 in
1208 1905 1454 1970 civitate,
1495 1906 1640 1974 quod
1683 1905 1826 1960 Deus
1862 1923 1968 1962 non
2008 1908 2251 1962 fecerit.»
2289 1909 2363 1960 Ac
2397 1891 2438 1946 Β
2467 1903 2520 1954 θε

2296 1909 2363 1960 Ac
2397 1891 2438 1946 Β
2467 1903 2777 1977 θελήματος
2806 1904 2930 1955 οὐδὲ
2974 1903 3096 1974 θρὶξ
3132 1906 3194 1956 ἐκ
3223 1907 3316 1972 τῆς
3350 1905 3505 1972 ἡμῶν
3553 1905 3852 1958 ἀπόλλυται
3883 1924 4054 1975 κεφα-

765 2011 957 2050 rursus
995 1997 1137 2065 apud
1197 1997 1394 2052 Isaiam
1435 1999 1716 2063 scribitur,
1754 2016 1771 2050 «
1806 1997 1999 2054 Omnia
2054 2017 2217 2070 opera
2261 2016 2361 2054 no-

764 2101 876 2141 stra
913 2097 1171 2156 operatus
1201 2104 1280 2154 es,
1317 2091 1562 2156 Domine,
1599 2091 1773 2144 nubis.
1817 2110 1835 2143 ι
1875 2094 2115 2146 lnaniter
2150 2106 2367 2162 quoque

765 2183 1139 2251 angelicorum
1192 2183 1447 2236 ordinum
1485 2185 1824 2251 praefectum
1870 2193 2094 2247 essent,
2128 2189 2362 2253 quorum

765 2276 1068 2330 ministerio
1122 2276 1325 2330 divinis
1374 2278 1488 2330 lucc
1546 2276 1824 2347 suffragiis
1890 2290 2246 2348 peraguntur.
2303 2278 2368 2332 Et

760 2362 889 2420 Jcsu
929 2365 1157 2420 Domino
1185 2378 1376 2422 nostro
1407 2370 1626 2423 dicente
1652 2411 1666 2436 ,
1706 2389 1723 2420 «
1765 2371 1894 2424 Siue
1939 2371 2030 2424 Dei
2092 2373 2369 2426 voluntate

764 2473 829 2511 ne
860 2459 1090 2527 capillus
1121 2459 1341 2528 quidem
1393 2476 1421 2513 e
1455 2462 1632 2530 capite
1665 2470 1847 2516 vestro
1879 2465 2040 2530 perit,
2089 2483 2108 2516 ι
2166 2473 2219 2518 ει
2253 2480 2371 2533 ιιιι;ε

763 2558 1105 2614 Sequuntur;
1157 2563 1217 2603 ac
1269 2550 1335 2602 dc
1381 2564 1438 2603 se
1495 2551 1612 2619 ipso
1661 2551 1853 2605 iterum
1911 2554 2181 2623 loquente,
2221 2577 2238 2607 «
2289 2558 2365 2610 Ita

762 2641 1027 2709 scriptum
1060 2650 1141 2695 est
1169 2684 1182 2705 ,
1211 2653 1265 2696 et
1292 2644 1370 2698 sic
1409 2644 1650 2712 Oportuit
1681 2645 1957 2700 Christum
2005 2651 2110 2715 pati
2137 2689 2149 2711 ,
2192 2660 2295 2702 etc.
2347 2669 2362 2699 ι

762 2723 1006 2801 Itemque
1035 2735 1156 2799 hoc,
1192 2754 1209 2786 «
1249 2734 1354 2790 Sed
1382 2752 1484 2789 non
1515 2746 1570 2790 ut
1602 2752 1702 2806 ego
1739 2739 1894 2801 volu;
1930 2755 2114 2792 verum
2155 2752 2210 2794 ιιι
2239 2752 2314 2794 tu.
2349 2762 2364 2791 ι

766 2829 828 2880 Et
865 2828 1032 2892 istud,
1057 2849 1074 2880 «
1111 2831 1239 2883 Siue
1267 2846 1484 2885 nte-non
1521 2833 1748 2901 potestis
1786 2833 1965 2886 facere
1991 2835 2309 2902 quidquam.
2347 2857 2362 2887 ι

761 2933 815 2976 ει
848 2925 1017 2978 multa
1063 2924 1335 2991 ejusmodi
1376 2940 1494 2992 qua:
1538 2926 1777 2980 divinam
1833 2928 2051 2980 tirmaut
2092 2929 2370 2996 prtrtiesti~

765 3014 1040 3068 nationem
1075 3015 1140 3068 de
1171 3015 1440 3083 cujusque
1473 3017 1577 3070 vita
1636 3027 1689 3070 et
1725 3032 1860 3069 nece
1886 3033 1901 3070 :
1925 3020 2242 3088 qttattdoqui
2267 3022 2367 3073 lem

764 3107 930 3158 etiam
969 3106 1106 3175 ip'se,
1137 3115 1193 3159 ut
1221 3108 1287 3160 de
1329 3108 1572 3169 homine,
1612 3109 1679 3162 de
1711 3124 1769 3162 sc
1803 3110 1916 3163 hate
1951 3110 2277 3177 tlisst‘rcbat,
2318 3125 2371 3167 ‹-ι

765 3198 922 3266 quasi
966 3199 1267 3252 secundum
1328 3200 1733 3256 humanitatem
1778 3215 2052 3272 pateretur
2093 3208 2204 3259 lucc
2249 3222 2368 3258 oui-

2471 1993 2624 2063 λῆς.»
2658 1995 2752 2048 κει)⁸
2776 1995 2846 2048 τὰ
2875 1996 3001 2065 ἑξῆς
3023 2011 3037 2026 ⁸
3069 1997 3307 2066 καὶπερὶ
3341 1996 3538 2049 ἑαυτοῦ
3573 1997 3821 2064 λέγοντος
3852 1995 3939 2064 αὖ,
3973 2002 4054 2053 ὅτι

2477 2106 2496 2142 ι
2524 2089 2680 2143 Οὕτω
2703 2090 3039 2158 γέγραπται,
3085 2091 3177 2143 καὶ
3212 2090 3384 2150 οὔτως
3419 2091 3524 2142 ἔδει
3551 2091 3743 2143 παθεῖν
3783 2094 3875 2144 τὸν
3920 2095 4056 2162 Χρι-

2475 2183 2620 2247 στὸν,
2641 2200 2658 2232 ι
2690 2182 2782 2235 καὶ
2801 2184 2866 2234 τὰ
2898 2183 3026 2252 ἑξῆς
3059 2199 3071 2213 ·
3106 2183 3200 2235 καὶ
3225 2183 3306 2243 τὸ,
3331 2183 3507 2251 ιηὲὴν
3533 2183 3630 2251 οὐχ
3658 2183 3733 2246 ὼς
3764 2183 3874 2252 ἐγὼ
3896 2185 4054 2249 θέλω,

2478 2273 2596 2325 ἀλλ’
2621 2275 2696 2335 ὡς
2721 2273 2785 2324 σύ
2815 2291 2862 2324 ἰ
2892 2276 2984 2326 καὶ
3012 2275 3092 2339 τὸ,
3125 2275 3336 2343 «Χωρῒς
3371 2274 3507 2342 ἐμοῦ
3531 2275 3589 2325 οὐ
3625 2275 3853 2328 δύνασθε
3883 2279 4058 2329 ποιεῖν

2475 2367 2651 2428 οὐδὲν,
2686 2386 2703 2417 ι
2745 2366 2838 2418 καὶ
2871 2365 3042 2418 πολλὰ
3077 2365 3325 2428 τοιαῦτα,
3374 2369 3463 2417 τὸν
3510 2367 3653 2418 θεῖον
3687 2367 4059 2437 ἐπικυροῦντα

2475 2459 2811 2530 προορισμὸν
2824 2476 2892 2510 πε
2903 2462 2954 2528 pl.
2972 2461 3070 2527 τῆς
3089 2459 3320 2511 ἑκάστου
3340 2458 3482 2527 ζωῆς
3502 2459 3593 2510 καὶ
3609 2457 3724 2509 τελε
3736 2459 3886 2526 υτῆς.
3908 2460 4062 2512 Ἐπεὶ

2476 2552 2568 2604 καὶ
2599 2553 2784 2614 αὑτῆς,
2835 2551 2910 2613 ώς
2952 2552 3081 2622 περὶ
3121 2550 3416 2619 ἀνθρώπου
3471 2551 3661 2602 ἑαυτοῦ
3694 2553 3855 2603 ταυτὶ
3885 2553 4061 2604 διελὲ-
4105 2590 4112 2606 .

2475 2661 2626 2710 γετο,
2668 2646 2760 2696 καὶ
2795 2643 2869 2705 ὼς
2904 2645 3047 2695 κατὰ
3079 2644 3139 2694 τὸ
3177 2642 3519 2710 ἀνθρώπινον
3558 2644 3856 2712 πάσχοντος
3885 2643 4062 2695 ταῦτα

2475 2739 2653 2789 πάντα
2710 2737 3020 2797 σπουδαίως
3079 2736 3172 2787 καὶ
3223 2735 3545 2802 θεοπρεπῶς
3594 2734 3900 2806 ὡρισμένα,
3960 2735 4063 2787 ποῦ

2425 2896 2434 2912 Χ
2475 2829 2749 2895 τάξομενς
2793 2828 2929 2880 Ἀλλ’
2983 2827 3074 2878 ἐπὶ
3103 2829 3223 2888 τοὺς
3259 2825 3592 2886 ἀποστόλους
3638 2820 3951 2896 ἐρχώμεθα.
3999 2826 4057 2877 ’0

2480 2923 2681 2989 Πέτρος
2710 2920 3102 2987 συμϐουλεύων
3130 2922 3264 2972 πᾶσι
3287 2923 3400 2982 τοῖς
3425 2919 3695 2988 ἀδελφοῖς,
3728 2923 3873 2983 ὅπως
3901 2939 4065 2972 σπουο

2476 3016 2679 3076 δὰζωσι
2729 3015 2796 3066 δι’
2831 3015 3055 3081 ἀγαθῶν
3102 3013 3277 3083 ἔργων
3330 3013 3554 3081 βεϐαίαν
3602 3015 3701 3084 τὴν
3732 3014 3924 3082 κλῆσιν
3971 3016 4066 3067 καὶ

2477 3108 2708 3176 ἐκλογὴν
2746 3107 3038 3166 ποιεῖσθαι,
3087 3107 3152 3176 ἣν
3204 3105 3554 3176 ἐξελέγησαν·
3602 3108 3728 3176 περὶ
3769 3108 3825 3160 δὲ
3871 3107 4067 3160 ἑαυτοῦ

2477 3201 2650 3267 λέγων
2686 3200 2905 3258 εἰδέναι,
2939 3199 3010 3259 ὡς
3049 3199 3154 3268 ἄρα
3191 3201 3385 3267 ταχινή
3435 3202 3584 3252 ἐστιν
3615 3201 3646 3268 ἡ
3681 3200 3938 3262 ἀπόθεσις
3972 3201 4065 3254 τοῦ

766 3292 876 3355 nia,
915 3291 1063 3345 serio
1087 3304 1136 3344 et
1162 3303 1530 3360 congruenter
1564 3293 1674 3348 Deo
1711 3295 1956 3359 definita,
2013 3299 2236 3352 ubinam
2265 3310 2374 3353 sta-
2403 3291 2447 3350 C
2482 3307 2524 3342 σε

2317 3317 2374 3352 3-
2403 3291 2447 3350 C
2482 3291 2842 3358 σκηνώματος
2891 3289 3074 3352 αὶτοῦ,
3116 3292 3207 3340 καὶ
3243 3290 3270 3340 ὁ
3328 3289 3530 3358 Κύριος
3585 3291 3789 3361 Ἰησοῦς
3834 3293 4069 3362 Χριστὸς

770 3385 1025 3441 tuetntts?
1060 3385 1162 3438 Sed
1196 3387 1262 3438 ad
1293 3388 1574 3455 apostolos
1635 3388 1988 3442 accedamus.
2035 3389 2224 3443 I’ctrus
2259 3405 2376 3444 0m-

767 3481 926 3534 nibns
965 3478 1226 3532 fratribus
1266 3479 1559 3533 consnliuzn
1592 3481 1684 3534 dat
1738 3491 1794 3533 ut
1838 3482 2084 3550 impensc
2119 3484 2373 3539 studeant

769 3588 863 3640 per
897 3587 1060 3641 opera
1107 3573 1244 3626 bona
1303 3573 1512 3626 (inuam
1554 3576 1898 3629 vocationem
1949 3586 2002 3629 cl
2050 3577 2373 3632 electionem

770 3662 1020 3726 reddere,
1053 3679 1159 3732 qua
1190 3665 1347 3718 electi
1383 3664 1624 3719 fuerant.
1655 3665 1729 3721 Dc
1754 3682 1812 3721 se
1847 3683 1991 3733 vero,
2041 3670 2211 3724 «scire
2245 3671 2377 3726 dicit

769 3755 1020 3822 proxime
1100 3757 1306 3810 instare
1350 3757 1748 3826 depositioneni
1808 3759 2143 3815 tabernaculi
2197 3763 2302 3828 sui,
2353 3781 2370 3813 ›

770 3849 932 3918 idque
1002 3849 1292 3903 Dominum
1377 3848 1562 3904 Iesum
1625 3851 1903 3907 Christum
1966 3854 2068 3907 sibi
2120 3855 2376 3909 declara-

766 3944 944 4008 visse;
987 3943 1190 3997 Paulus
1224 3955 1401 3996 autem
1429 3959 1486 3997 se
1515 3945 1955 4011 praedestinatum
1989 3949 2276 4002 nominans
2309 3949 2375 4002 ad

773 4037 1128 4106 litangclium
1178 4037 1293 4100 Dei,
1330 4037 1474 4107 quod
1507 4039 1898 4107 pra-nuntiavit
1945 4056 2039 4108 per
2081 4043 2375 4108 prophetas

769 4133 820 4182 in
862 4130 1094 4199 eloquiis
1139 4131 1333 4194 sacris,
1369 4139 1420 4185 ει
1468 4147 1590 4201 qua:
1639 4132 1933 4201 deinceps;
1985 4133 2237 4202 idemque
2286 4150 2378 4202 per

763 4221 969 4276 Illosem
1017 4223 1304 4277 stabiliens
1353 4225 1455 4277 hoc
1507 4223 1754 4292 profert:
1816 4241 1832 4275 ι
1876 4223 2173 4279 Miserebur
2210 4241 2371 4294 quem

766 4322 1055 4379 misereor,
1077 4325 1130 4367 et
1158 4317 1644 4370 commiseratione
1693 4332 1997 4386 prosequar
2028 4333 2188 4386 quem
2219 4334 2377 4372 com-

766 4410 1065 4475 misereor;
1096 4427 1113 4458 ι
1151 4411 1224 4462 ita
1251 4409 1578 4475 perorando,
1606 4407 1810 4478 «Igitur
1846 4425 1955 4463 non
1995 4395 2243 4475 volentis,
2280 4426 2378 4465 nec

764 4511 1059 4566 currentis,
1093 4502 1187 4555 scd
1223 4501 1533 4556 miserantis
1563 4499 1653 4554 Dei
1679 4516 1729 4565 ;›
1773 4511 1846 4564 ει,
1881 4520 1897 4551 ι
1927 4501 2075 4568 Quos
2103 4503 2377 4571 [irarscivit

766 4604 819 4647 et
864 4593 1296 4661 prardestiuavit,
1328 4595 1426 4647 hos
1461 4602 1513 4646 et
1537 4593 1803 4647 vocavit.»
1841 4593 2085 4662 Itemque
2113 4595 2232 4648 illos
2256 4597 2380 4665 qui—

765 4684 886 4738 dem
944 4703 961 4733 «
1008 4701 1135 4737 vasa
1173 4686 1266 4737 ira:
1331 4692 1455 4752 apta
1519 4685 1570 4737 in
1638 4685 1975 4738 interitttmi
2029 4685 2235 4748 dicens,
2280 4690 2376 4740 lins

765 4792 896 4828 vero
919 4797 935 4827 «
968 4791 1094 4829 vasa
1124 4775 1515 4829 misericordize
1544 4786 1842 4845 praeparata
1868 4788 1920 4828 et
1949 4783 2139 4828 vocata
2166 4776 2230 4829 ad
2258 4778 2375 4845 glo-

771 4871 964 4923 riam.»
997 4870 1074 4923 Ac
1107 4884 1319 4932 rursus,
1356 4867 1559 4922 «Nemo
1586 4868 1813 4938 (inquit)
1847 4869 1950 4923 sibi
1995 4868 2096 4936 Ipsi
2132 4868 2285 4930 vivit,
2326 4881 2378 4923 et

763 4965 925 5013 nemo
958 4960 1058 5013 sibi
1103 4960 1357 5014 moritur.
1409 4977 1426 5010 ι
1469 4956 1614 5012 l-Jcm
1648 4973 1842 5012 rursus
1871 4959 1936 5012 ad
1971 4957 2237 5027 Ephesios
2272 4959 2369 5022 ait,

770 5071 787 5102 «
834 5053 1003 5122 liii-git
1037 5069 1134 5108 nos
1173 5054 1225 5106 in
1276 5069 1334 5108 se
1377 5051 1567 5123 (Deus)
1607 5062 1733 5105 ante
1777 5053 1962 5105 tnundi
2011 5052 2372 5106 constitutio-

763 5163 907 5212 nem,
945 5147 1034 5213 qui
1064 5147 1476 5215 pra-destinavit
1499 5163 1598 5202 nos
1630 5148 1684 5201 in
1718 5146 2071 5215 adoptionem
2106 5147 2367 5210 filiorum,

760 5252 866 5293 etc.
911 5259 927 5290 ι
959 5239 1279 5309 Eodemque
1303 5239 1467 5294 modo
1499 5241 1566 5295 de
1599 5242 1908 5311 reprobatis
1933 5240 2001 5293 ab
2027 5248 2230 5293 aeterna
2259 5239 2368 5291 vita

762 5337 895 5388 «lu-it
926 5337 976 5387 in
1017 5350 1078 5388 ea
1121 5351 1285 5403 quam
1325 5335 1390 5387 ad
1427 5334 1711 5388 Ilomanos
1761 5333 1984 5402 scripsit
2023 5349 2038 5388 ε
2079 5350 2097 5382 ι
2139 5331 2294 5397 Quod
2326 5331 2369 5385 si

763 5430 904 5483 Deus
960 5429 1152 5482 volens
1214 5427 1508 5481 ostendere
1566 5425 1702 5478 iram
1746 5444 1764 5477 ι
1820 5427 1947 5494 (hoc
1985 5409 2103 5486 est,
2145 5423 2373 5492 iustitia:

763 5522 1025 5573 mulctam
1086 5519 1355 5590 dicamve)
1398 5536 1414 5569 «
1453 5527 1507 5571 et
1564 5529 1748 5570 uOIam
1814 5515 1999 5570 facere
2065 5517 2369 5585 potentiam

758 5630 938 5677 suam,
967 5613 1232 5673 sustinuit
1268 5632 1285 5663 ι
1330 5613 1455 5680 (hoc
1487 5620 1569 5665 est
1611 5611 2021 5679 condemnavit)
2058 5628 2076 5660 «
2116 5608 2168 5662 in
2201 5611 2371 5664 multa

759 5708 1014 5778 patientia
1045 5723 1171 5760 vasa
1212 5707 1306 5760 ira:
1339 5717 1524 5775 aptata
1559 5707 1610 5758 in
1640 5706 1922 5758 interitum
1957 5723 1969 5756 :
2009 5714 2065 5756 ιιι
2105 5703 2370 5758 ostende-

760 5809 840 5853 ret
873 5800 1091 5852 «liiiiias
1125 5798 1312 5869 gini-.1:
1358 5814 1468 5852 sua:
1503 5797 1554 5850 in
1604 5812 1731 5850 vasa
1779 5794 2198 5861 tniscricordim,
2235 5813 2362 5866 qua:

2483 3381 2628 3452 αὐτῷ
2673 3381 2830 3434 τοῦτο
2882 3382 3186 3451 ἐδήλωσε-μ
3251 3385 3276 3434 ὁ
3327 3383 3384 3434 δὲ
3434 3384 3640 3445 Παῦλος
3685 3385 4072 3453 ἀφωρισμένον

2482 3477 2676 3528 huc};
2721 3476 2920 3540 καλῶν,
2974 3478 3052 3537 εἰς
3086 3477 3404 3543 εὐαγγέλιον
3457 3475 3591 3530 Θεοῦ
3623 3477 3650 3529 ὃ
3703 3481 4073 3546 προεπηγγεί-

2483 3570 2610 3619 λατο
2649 3569 2736 3620 διὰ
2775 3568 2885 3619 τῶν
2937 3570 3232 3640 προςητῶν
3268 3572 3324 3622 ὲν
3361 3570 3605 3638 Γραφαίς
3643 3571 3850 3637 ἁγίαις,
3885 3577 3978 3626 καὶ
4006 3575 4074 3626 τὰ

2483 3648 2630 3728 tea:-
2665 3662 2742 3712 ἔτι
2775 3661 2833 3714 τδ
2864 3662 2952 3712 διὰ
2978 3662 3070 3713 τοῦ
3107 3662 3349 3725 Μωσέως
3380 3664 3631 3732 βξόιινῗλν,
3675 3686 3691 3716 ι
3737 3665 3981 3735 Ἐλεήσω
4018 3652 4077 3720 εν

2484 3758 2549 3811 ἂν
2581 3757 2734 3820 ὲλεῶ,
2772 3761 2863 3811 καὶ
2909 3760 3239 3825 οἰκτειρήσω
3270 3759 3326 3810 ὃν
3364 3760 3428 3813 ἂν
3465 3760 3777 3831 οἰκτείρωοι
3817 3766 3908 3815 καὶ
3942 3781 4078 3834 συμ-

2490 3851 2791 3921 περαίνων,
2841 3852 2938 3904 ι”Λ
2955 3870 3012 3916 ρο
3039 3848 3130 3902 οὖν
3163 3857 3220 3902 οὐ
3255 3853 3344 3904 τοῦ
3371 3851 3636 3916 θέλοντος,
3677 3855 3795 3908 οὐδὲ
3824 3857 3917 3908 τιιῦ
3949 3860 4078 3926 τρέ-

2482 3959 2687 4009 χοντος,
2717 3943 2850 3994 ἀλλὰ
2881 3943 2972 3994 τοῦ
3010 3943 3297 4005 ἐλεοῦντος
3331 3944 3464 3996 Θεοῦ
3490 3962 3537 3994 ἰ
3580 3946 3674 3997 καὶ
3702 3947 3859 4000 πάλιν
3882 3964 3895 3978 ⁸
3940 3949 4081 4011 «Οὓς

2486 4038 2762 4103 προέγνω,
2793 4039 2887 4088 καὶ
2933 4038 3229 4106 προώρισε,
3267 4039 3492 4100 τούτους
3528 4041 3621 4093 καὶ
3652 4042 3882 4093 ἐκαὶεσε
3906 4060 3951 4094 ἰ
3986 4045 4081 4097 xa‘t

2486 4127 2662 4192 αὖθις,
2683 4130 2807 4190 τοὺς
2836 4129 2934 4196 μὲν
2954 4149 2971 4180 ι
3005 4129 3173 4199 σκεύη
3200 4130 3370 4200 ὀργῆς
3400 4134 3809 4201 κατηρτισμένα
3831 4137 3907 4198 είς
3932 4136 4082 4190 ἀπώ-

2483 4219 2657 4282 λειαν,
2701 4239 2717 4270 ι
2757 4221 2932 4287 λέγων
2954 4263 2967 4286 ,
2997 4224 3122 4282 τοὺς
3154 4221 3208 4274 δὲ
3241 4242 3256 4272 «
3301 4224 3468 4289 σκεύη
3509 4223 3714 4286 ἐλέους,
3746 4243 4083 4295 προητοιμα-

2485 4313 2657 4378 σμένα
2691 4313 2784 4362 καὶ
2820 4312 3130 4380 κεκλημέναι
3179 4315 3257 4374 είς
3292 4314 3483 4376 δόξαν
3523 4334 3539 4365 ι
3582 4319 3672 4366 καὶ
3695 4311 3848 4380 αὖθις
3881 4317 4078 4385 λέγων,

2495 4404 2711 4466 ιΟὺδεὶς
2741 4405 2920 4475 ἐαυτῴ
2939 4407 3029 4475 ζῇ.
3053 4408 3146 4459 καὶ
3177 4407 3347 4468 οὐδεὶς
3375 4407 3552 4476 ἑαυτῷ
3571 4408 3963 4478 ἀποθνήτκειη
3991 4413 4084 4466 καὶ

2486 4496 2623 4565 πρὸς
2641 4495 2924 4563 Ἐφεσίους
2950 4496 3107 4559 αὖθις
3128 4497 3324 4562 λέγων*
3349 4515 3367 4548 ι
3411 4497 3701 4563 Εξελέξατο
3723 4502 3937 4569 ἡμᾶςὲν
3957 4503 4085 4554 ἑαυ-

2485 4589 2560 4658 τῷ
2593 4592 2620 4641 ὁ
2653 4591 2784 4652 θεὸς
2816 4590 2921 4658 πρὸ
2968 4590 3276 4658 καταϐολῆς
3323 4593 3554 4660 κόσμου,
3590 4594 3883 4664 προορίσας
3935 4596 4084 4662 ἡμᾶς

2487 4686 2566 4744 είς
2600 4683 2900 4746 υἱοθεσίαν,
2943 4701 2960 4732 ι
2989 4685 3082 4734 καὶ
3112 4683 3182 4735 τὰ
3229 4684 3353 4751 ἑξῆς
3383 4700 3395 4712 ⁸
3437 4685 3640 4752 ὁμοίιος
3673 4689 3762 4736 καὶ
3816 4687 3943 4752 περὶ
3976 4687 4082 4736 τών

2487 4772 3090 4842 ἀιτοδεδοκιμασμένων
3121 4773 3228 4825 ἀπὸ
3258 4773 3356 4839 τῆς
3393 4773 3613 4825 αἰωνίου
3641 4773 3786 4840 ζωῆς
3819 4773 3994 4839 λέγων
4022 4776 4082 4826 ἐν

2487 4866 2553 4934 τῇ
2587 4864 2720 4932 πρὸς
2757 4865 3075 4933 Ῥωμαίους
3103 4880 3116 4896 ·
3156 4864 3247 4916 «Ei
3276 4864 3331 4915 δὲ
3372 4863 3539 4916 θέλων
3564 4865 3592 4916 ὁ
3621 4864 3751 4924 Θεὸς
3781 4863 3951 4927 δεῖξαι
3985 4865 4086 4933 τὴν

2487 4959 2680 5028 ὀργὴν,
2713 4959 2962 5010 τουτέστι
3005 4958 3105 5027 τὴν
3143 4961 3240 5028 τῆς
3279 4958 3632 5028 δικαιοσύνης
3681 4959 3958 5022 ἀπότισιν,
3990 4960 4087 5010 καὶ

2487 5051 2766 5121 γνωρίσας
2818 5051 2915 5121 τὴν
2969 5051 3205 5119 δύναμιν
3256 5051 3447 5116 αὑτοῦ,
3493 5053 3774 5120 ὑπέμεινε,
3815 5052 4082 5116 τουτέστι,

2486 5145 2896 5213 συνεχώρησεν,
2933 5146 2988 5196 ἐν
3037 5145 3207 5214 πολλῇ
3266 5143 3644 5214 μακροθυμίᾳ,
3700 5145 3868 5216 σκεύη
3915 5148 4086 5216 ὀργῆς

2484 5237 2908 5306 κατηρτισμένα
2942 5240 3024 5300 εὶς
3067 5237 3368 5300 ἀπώλειαν,
3409 5237 3495 5289 ἵνα
3540 5239 3690 5308 δείξῃ
3727 5238 3818 5290 τὸν
3861 5232 4092 5289 πλοῦτον

2482 5332 2578 5400 τῆς
2613 5332 2776 5398 δόξης
2810 5332 2977 5384 αὐτοῦ
3012 5332 3104 5384 ἐπὶ
3143 5332 3312 5400 σκεύη
3351 5331 3558 5397 ἐλέους,
3592 5333 3627 5385 ἀ
3678 5332 4090 5400 προητοίμασεν

2484 5427 2561 5485 εἰς
2590 5425 2773 5490 δόξαν·
2795 5443 2812 5474 ι
2847 5426 2939 5476 καὶ
2967 5423 3248 5493 πανταχοῦ
3277 5425 3385 5477 τῶν
3418 5426 3635 5477 οίκείων
3667 5425 3966 5476 ἐπιστολῶν
3999 5425 4090 5478 τὸν

2484 5519 2630 5570 θεῖον
2673 5517 2818 5570 οὕτω
2855 5523 3198 5588 προορισμδν
3237 5517 3498 5588 βεϐαιῶν,
3530 5518 3628 5587 τὴν
3663 5520 3792 5587 περὶ
3837 5519 3959 5578 τους
3997 5520 4093 5570 dv-

2483 5612 2742 5680 θρώπους
2782 5612 2991 5681 δηλαδὴ
3036 5612 3246 5681 εἰδικὴν
3303 5614 3586 5681 πρόνοιαν,
3627 5614 3721 5662 καὶ
3781 5611 3882 5663 ὅσα
3916 5611 4092 5680 ταύτῃ

2480 5705 2611 5775 περὶ
2656 5705 2765 5755 τῶν
2800 5705 3165 5773 ἀνθρωπίνων
3211 5706 3558 5774 πραγμάτων
3605 5705 3930 5755 συνέστεται·
3969 5707 4092 5772 εἰκῆ

2483 5796 2659 5849 ταῦτα
2704 5797 2874 5863 λέγει,
2909 5797 3110 5863 μᾶλλον
3141 5796 3195 5846 δὲ
3233 5797 3486 5862 λέγουσιν
3515 5812 3528 5859 ;
3568 5797 3733 5862 ἀπείη
3770 5810 3828 5858 ξε
3861 5795 4040 5847 τοῦτο.

757 5898 1080 5967 ιιι.ιιιι;ιι’;ινιι
1119 5897 1170 5948 iu
1205 5895 1457 5967 glm'ladl.
1502 5915 1518 5949 ι
1595 5893 1656 5950 Ει
1690 5893 1890 5965 ubique
1954 5906 2184 5948 suarum
2247 5891 2644 5964 Epistolarum,
2707 5892 2946 5946 divinam
2997 5901 3065 5944 ita
3118 5892 3660 5961 prmdestiuatioucui
3727 5892 4089 5946 rentiinians,
