4452 6450
438 383 541 447 553

1388 391 1752 452 EPISTOLA
1801 391 1895 450 DE
1935 390 2679 450 'PR‘EDESTINATlONE
3565 390 3667 456 5M

430 500 717 570 specialem
775 504 1030 558 nimirum
1069 505 1211 560 circa
1265 507 1510 561 homines
1558 507 1973 575 providentiam.
2007 515 2060 558 et
2100 519 2438 572 quaecunque
2475 505 2597 558 huic
2641 507 2692 558 in
2730 505 3004 560 hominum
3046 507 3271 577 negotiis
3297 515 3662 562 consentanea

429 605 554 650 sunt
599 613 609 647 :
643 610 708 647 an
750 596 1024 650 incassum
1078 601 1188 652 lucc
1225 600 1374 661 dicit,
1417 601 1498 652 vel
1535 602 1710 665 potius
1739 597 1964 652 dicunt?
1993 595 2132 649 absit
2164 597 2263 650 hoc
2301 597 2476 664 plane.
2674 593 2683 602 ’

511 687 674 755 Ὁρᾷς
709 687 805 751 τῆς
837 689 1083 750 ἐναντίας
1109 689 1546 757 δ’ίξηςτεθεὲσης
1578 690 1632 752 ἐξ
1677 689 1993 750 ᾆποθέσεως,
2026 691 2070 742 Α
2172 684 2269 738 Vid

1914 704 1993 750 υς,
2026 691 2070 742 Α
2172 684 2362 749 Viden,
2410 696 2466 738 ιιι
2517 687 2767 754 npininne
2798 688 3069 740 contraria
3104 693 3397 745 conmituta
3436 708 3499 745 ex
3540 705 3672 746 con-

428 777 528 828 ὅσα
560 777 666 827 τῶν
704 776 920 844 ἀληθῶν
952 778 1290 846 ἀναιρεῖται;
1327 779 1524 845 μᾶλλον
1545 777 1598 828 δὲ
1631 777 1781 829 οὐδὲν
1814 777 1997 843 σχεδίν

429 867 798 920 ὕπλείπεται.
851 869 930 920 Τά
986 869 1093 938 γάρ
1135 871 1198 921 ὲκ
1250 870 1346 937 τῆς
1382 872 1530 939 ίερᾶς
1579 868 1798 939 Γραφῆς
1850 883 1996 936 παρ·

425 964 640 1028 ηγμένα
694 962 788 1014 νῦν
841 963 968 1014 ἄλλο
1038 965 1136 1031 μὲν
1199 965 1360 1018 ἄλλου
1427 965 1724 1034 μυστηρίου
1793 962 1996 1029 πλῆρες

427 1055 544 1105 ἐστί
567 1072 579 1084 ⁸
614 1056 788 1107 πάντα
814 1056 868 1106 δὲ
909 1057 1044 1108 αὐτὰ
1082 1057 1177 1107 σὺν
1209 1058 1456 1118 ἐκείνοις,
1492 1059 1621 1123 μιᾶς
1654 1059 1745 1124 τῆς
1777 1070 1994 1121 προκει-

429 1148 594 1214 μένης
628 1149 757 1214 ἡμῖν
786 1147 917 1217 ὕλης
948 1150 1250 1218 εὐρυτάτης
1295 1149 1478 1218 οὔσης,
1510 1149 1656 1201 ἔνδον
1691 1148 1854 1200 ἐστίν.
1886 1140 1994 1208 Ἷῐς

427 1238 792 1307 σαλευομένης
832 1239 917 1303 ἂν,
950 1240 1103 1291 οὐδὲν
1151 1241 1373 1291 ἐκείνων
1411 1241 1560 1308 μένει
1605 1239 1806 1292 λοιπόν.
1846 1239 1904 1289 Εἰ
1935 1237 1992 1288 δὲ

427 1332 627 1387 πάσαις
665 1331 930 1396 ἀνάγκαις
961 1334 985 1383 ό
1018 1333 1159 1392 θεῖος
1183 1334 1394 1400 κρατεῖ
1439 1330 1791 1398 προορισμος,
1828 1328 1992 1397 μέρος

423 1417 497 1467 ὢν
531 1418 623 1484 τῆς
657 1417 804 1480 θείας
854 1420 1134 1488 Προνοίας,
1163 1422 1221 1470 τὸ
1270 1421 1523 1486 μέγιστον
1559 1420 1646 1470 καὶ
1686 1420 1860 1486 δόγμα
1891 1416 1990 1493 τῆς

425 1511 664 1572 πίστεως
704 1513 1097 1580 ἀναντίρρητον
1147 1515 1236 1564 καὶ
1285 1512 1531 1579 καθάπερ
1568 1512 1861 1578 σύνδεσμος
1895 1511 1992 1577 τῆς

427 1602 659 1664 πίστεως
722 1604 869 1668 ὅλης.
929 1606 1036 1656 Καὶ
1080 1605 1128 1654 οἱ
1189 1605 1285 1671 μὲν
1342 1605 1448 1654 τῶν
1496 1604 1798 1670 ἀνθρώπων
1858 1602 1990 1669 πρὸς

424 1694 524 1762 τὴν
548 1694 764 1745 αἰώνιόν
791 1696 896 1745 είσι
947 1693 1344 1761 προωρισμένοι
1377 1694 1541 1761 ζωὴν,
1569 1689 1647 1753 οἷς
1672 1693 1762 1744 καὶ
1795 1693 1842 1744 oi
1881 1692 1994 1743 ὲλε-

423 1785 644 1848 ούμενοι
697 1785 1238 1854 συναριθμείσθωσαν
1287 1785 1421 1838 νῦν·
1481 1787 1527 1836 οἱ
1579 1785 1632 1836 δὲ
1683 1785 1775 1837 ἀπ’
1824 1784 1992 1849 αὐτῆς

425 1877 985 1944 ἀποδεδοκιμασμένοι
1041 1878 1275 1943 εὐλόγως
1320 1878 1411 1928 καὶ
1445 1877 1509 1928 τά
1542 1877 1680 1928 κατὰ
1715 1876 1815 1942 τὴν
1850 1873 1993 1941 ζωὴν

426 1970 656 2021 ἑκάστου
706 1972 802 2022 καὶ
852 1969 1108 2037 τελευτὴν
1143 1972 1209 2038 τῇ
1263 1969 1532 2033 ὲπιτεύξει
1585 1967 1678 2020 τοῦ
1722 1966 1990 2034 τέλους,ἦ

425 2057 735 2120 ἀποτεύξει,
782 2058 996 2119 οἰκείως
1033 2057 1490 2110 συνδιατίοενται’
1532 2058 1604 2119 ὡς
1637 2059 1840 2108 ἐπίπαν
1875 2059 1992 2125 μὲν,

427 2152 644 2217 καὶτῆς
672 2154 898 2203 ἑκάστου
932 2152 1197 2219 πονηρίας
1230 2152 1260 2218 ἢ
1309 2152 1533 2219 ἀρετῆς,
1582 2151 1673 2202 καὶ
1713 2148 1997 2209 εὐϐουλίας

425 2246 458 2314 ἢ
486 2245 756 2308 ἀϐουλίας,
788 2247 853 2312 τῇ
888 2245 1113 2314 τοιαύτη
1147 2243 1512 2310 συνεργούσης
1539 2243 1732 2311 ὲφεξῆε
1759 2240 1998 2304 διατάξει

425 2340 519 2389 τοῦ
551 2320 719 2400 θέίου,
746 2337 858 2388 ἔστι
901 2337 951 2388 δὲ
983 2338 1068 2388 ὅτε
1122 2337 1212 2388 καὶ
1244 2337 1393 2402 παρά
1418 2337 1512 2405 τὴν
1538 2334 1809 2402 ἑκατέρων
1837 2335 1891 2386 ἐν
1922 2334 1998 2404 τῷ

427 2425 740 2494 παραυτίκα
775 2425 1003 2494 μελέτην
1035 2443 1092 2476 τε
1127 2426 1217 2476 καὶ
1244 2426 1503 2493 σπουδὴν,
1538 2424 1597 2476 τὸ
1626 2426 1835 2492 πρέπον
1869 2428 1990 2486 ταῖς

427 2517 606 2568 αὐτῶν
639 2517 784 2581 ἕξεσι
823 2517 916 2567 καὶ
952 2516 1148 2579 ἀξίαις,
1181 2519 1270 2566 καὶ
1303 2515 1436 2578 ζῶσι
1463 2517 1552 2568 καὶ
1580 2517 1900 2568 τελευτῶσιν
1926 2519 2000 2568 οξ-

426 2609 803 2675 κονομοὶντος,
842 2609 914 2669 ὡς
965 2608 1030 2658 ἂν
1087 2608 1356 2668 ποικίλαις
1406 2626 1462 2659 τε
1511 2610 1600 2660 καὶ
1639 2609 1998 2676 πολυτρόποις

431 2699 695 2762 μεθᾲδνις,
744 2699 835 2749 καὶ
871 2698 1055 2759 ἄλλαις
1113 2699 1197 2749 ἐπ’
1247 2699 1421 2750 ἄλλων
1457 2699 1824 2767 κρινομέναις,
1860 2699 1995 2750 κατὰ

427 2795 524 2858 τὴν
555 2791 859 2858 εὐρυτάτην
886 2793 978 2841 καὶ
1005 2792 1278 2859 πάνσοφον
1303 2792 1464 2842 αὑτοῦ
1490 2792 1774 2858 διοίκησιν,
1805 2793 1830 2840 ὁ
1858 2790 1998 2852 θεῖος

426 2884 558 2951 περὶ
607 2883 805 2944 αὐτοὺς
839 2883 1169 2952 προορισμός
1215 2882 1509 2948 ἐξανύοιτο,
1551 2884 1582 2951 ἡ
1627 2883 1721 2934 τοῦ
1755 2886 1877 2949 ὅρου
1908 2882 1996 2948 δη-

427 2973 602 3025 λονότι
639 2977 734 3026 καὶ
778 2974 963 3034 τέλους
1006 2973 1276 3036 ὲτιίτευξις
1323 2974 1353 3042 ῆ
1405 2974 1710 3036 ἀπότευξις.
1749 2972 1999 3040 Εὲλήφθω

429 3068 539 3130 γάρ
585 3063 678 3113 νῦν
709 3063 902 3125 κοινῶς
956 3064 1308 3132 προορισμὸς,
1340 3064 1410 3124 ὡς
1467 3063 1803 3130 προορισμοῦ
1848 3064 1998 3130 γένος

428 3157 523 3206 καὶ
554 3155 1006 3222 ἀπ’)δοκιμασίας,
1036 3156 1142 3223 Τῆς
1174 3156 1230 3206 δὲ
1272 3155 1376 3206 τῶν
1404 3153 1704 3224 ἀνθρώπων
1737 3155 1900 3222 ζωῆς,
1931 3154 1998 3223 ἢν

428 3248 494 3299 ἂν
524 3247 735 3298 οἴκοθεν
769 3249 1132 3315 προαιροῖντο,
1157 3247 1188 3316 ἢ
1228 3247 1721 3314 συμπροσαγούσης
1753 3245 1829 3312 τῷ
1856 3245 1998 3295 τέλει

433 3340 569 3402 μετὰ
605 3339 700 3406 τῆς
735 3337 941 3391 ἀνωθεν
993 3339 1332 3406 συνεργείας,
1367 3339 1398 3405 ἦ
1430 3336 1741 3404 ἁφιστώσης
1781 3337 1870 3386 τοῦ
1911 3336 1993 3386 τέ·
2027 3361 2070 3416 c

430 3430 556 3490 λους
617 3432 753 3497 μετά
807 3433 905 3498 τῆς
958 3429 1164 3482 ἐκεῖθεν
1232 3427 1668 3495 ὲγκαταλείῷεως
1701 3444 1713 3457 ·
1766 3427 2000 3492 εὐλόγως

432 3523 527 3572 καὶ
557 3523 588 3588 ἡ
627 3521 915 3588 μετάἺεσις
959 3521 1056 3588 μὲν
1089 3519 1194 3571 ἀπὸ
1217 3522 1312 3589 τῆς
1349 3520 1604 3586 τοιαύτης
1641 3520 1807 3584 ζωῆς,
1840 3521 1906 3584 τῇ
1941 3535 2001 3570 τε

432 3615 570 3681 πρὸς
601 3615 660 3664 τὸ
687 3613 839 3673 τέλος
868 3611 992 3679 ὀδῷ,
1022 3611 1168 3663 τοῦτθ
1212 3611 1326 3662 ἔστι
1359 3613 1423 3679 τῇ
1458 3610 1709 3679 παρούσῃ
1741 3611 1875 3678 ζωῇ,
1911 3610 2004 3662 καὶ

432 3709 498 3773 τῇ
542 3705 658 3772 μετ’
698 3704 866 3773 αὐτὴν
900 3703 1075 3772 οἰκείᾳ
1123 3701 1216 3754 τοῦ
1262 3702 1446 3763 τέλους
1486 3700 1754 3766 ἐπιτεύξῑι
1797 3703 1828 3769 ἢ
1869 3702 2004 3753 ἁπο-

432 3798 630 3860 τεύξει,
683 3796 1005 3864 σύμμορφός
1043 3799 1156 3846 ἐστι
1185 3794 1278 3847 καὶ
1306 3795 1623 3864 συνᾷδουσα,
1659 3794 1847 3862 ὥσπερ
1883 3793 2007 3861 μεθ-

433 3891 582 3958 όριον
609 3885 740 3942 οὖσα
769 3889 879 3940 τῶν
913 3887 1066 3948 ζωῶν
1108 3889 1454 3956 ἀμφοτέρων,
1486 3889 1580 3939 καὶ
1607 3887 1706 3955 τῆς
1734 3886 1872 3949 ὀδοῦ,
1912 3889 2005 3938 καὶ

436 3982 531 4034 τοῦ
561 3983 746 4044 τέλους
779 3981 964 4050 ὥσπερ
1015 3982 1278 4048 συνάφεια
1359 3981 1472 4033 ἔστι
1524 3981 1621 4049 μὲν
1658 3981 1746 4030 ὅτε
1783 3982 1874 4031 καὶ
1904 3995 2006 4047 φα-

436 4077 598 4142 νερᾶς
632 4074 795 4141 οὔσης
826 4075 958 4126 πᾶσι
992 4073 1089 4141 τῆς
1116 4073 1392 4140 τελευτῆς,
1425 4074 1570 4134 ὅπως
1601 4073 1714 4141 ἔχει
1747 4071 1881 4138 πρὸς
1910 4072 2008 4140 τὴν

435 4169 596 4231 εὐθὺς
650 4167 1031 4235 διαδεξομένην
1073 4165 1215 4235 ζωὴν
1265 4166 1476 4230 ἀθλίαν,
1528 4165 1560 4234 ἥ
1600 4165 1896 4234 μακαρίαν,
1935 4164 2009 4224 ὡς

435 4261 531 4310 ἐπὶ
559 4258 666 4310 τῶν
713 4257 1057 4324 δικαιοσύνης
1109 4256 1354 4323 Eva-4:1,?)
1404 4256 1709 4319 εὐσεϐείας,
1747 4255 2008 4323 αἱρουμέ-

435 4368 541 4403 νων
569 4350 824 4419 θνήσκειν
855 4347 1153 4417 προδήλως,
1183 4349 1278 4400 οἰικ
1307 4348 1432 4399 ἀνευ
1464 4346 1595 4399 Θεοῦ
1627 4347 1718 4398 καὶ
1747 4347 1842 4415 τῆς
1875 4347 2010 4398 ἀνω-

434 4443 527 4494 θεν
578 4441 886 4503 ἐπιπνοίας,
919 4440 946 4492 ὃ
996 4445 1268 4508 προσήκει
1312 4443 1422 4501 τοῖς
1462 4439 1716 4507 μάρτυσι,
1753 4439 1838 4490 κατ
1878 4439 2009 4491 πᾶσι

431 4536 545 4592 τοῖς
581 4533 698 4603 μετ’
735 4535 939 4604 ἀρετῆς
988 4536 1080 4586 καὶ
1111 4533 1179 4585 δι’
1218 4531 1384 4600 αὐτὴν
1433 4531 1746 4592 τελευτῶσι,
1796 4530 1900 4584 κᾶν
1937 4532 2010 4600 μὴ

435 4626 684 4697 φανερῶς
721 4625 798 4694 τῷ
847 4628 1130 4696 μαρτυρίῳ
1181 4626 1591 4694 προσάγωνται,
1639 4624 1752 4675 ἀλλ’
1786 4625 2011 4676 ἐπιδου-

2101 776 2494 846 ditione,-quot
2527 797 2647 832 Vera
2680 781 2892 834 decreta
2923 782 2987 833 de
3023 782 3200 834 medio
3230 784 3506 837 tollantur?
3535 786 3665 853 quin

2100 865 2204 920 imo
2238 869 2370 920 nihil
2421 871 2810 936 prepemotlum
2863 872 3053 940 reliqui
3103 883 3204 926 est.
3247 874 3452 926 Etenim
3488 890 3552 928 ex
3585 876 3670 930 his

2097 967 2216 1018 qnte
2248 969 2308 1006 ex
2343 969 2502 1008 sacra
2555 958 2833 1026 Scriptura
2871 960 3028 1014 modo
3062 971 3191 1015 sunt
3227 964 3483 1027 abducta,
3521 965 3666 1018 aliud

2096 1045 2313 1111 quidem
2346 1047 2453 1099 alio
2501 1050 2759 1118 mySIerio
2792 1049 3005 1118 plenum
3054 1063 3155 1106 est.
3208 1053 3309 1106 Sed
3347 1057 3461 1108 hinc
3485 1058 3668 1111 omnia

2098 1150 2218 1189 cum
2257 1139 2363 1192 illis
2392 1138 2532 1192 intra
2560 1156 2720 1193 unam
2753 1157 2782 1196 e
2814 1145 3084 1211 proposita
3117 1146 3268 1199 nobis
3298 1150 3520 1200 materia
3550 1164 3672 1216 quia:

2099 1226 2362 1283 latissime
2391 1241 2555 1297 patet,
2591 1235 2938 1287 continentur
2981 1251 2994 1287 :
3029 1252 3133 1304 qua
3178 1249 3420 1302 nutante,
3457 1241 3669 1292 illorum

2097 1319 2230 1371 nihil
2267 1322 2320 1373 in
2356 1333 2626 1388 posterum
2659 1336 2923 1380 remanet.
2953 1327 3104 1390 Quod
3137 1329 3178 1381 si
3212 1345 3364 1383 sacra
3399 1333 3674 1398 prredesti-

2042 1416 2045 1421 ’
2097 1413 2242 1462 natio
2269 1413 2521 1466 etnnibus
2546 1415 2819 1482 pt-repullet
2853 1420 3288 1483 necessitatibus,
3319 1439 3442 1476 cum
3477 1427 3672 1480 divinae

2096 1499 2449 1556 Providentia:
2483 1520 2605 1571 pars
2631 1507 2701 1558 sit
2740 1509 2996 1571 maxima,
3029 1522 3080 1563 et
3108 1512 3226 1565 ﬁdei
3263 1516 3538 1570 decretum
3579 1520 3667 1571 cui

2097 1595 2373 1647 adversari
2405 1612 2506 1648 non
2536 1597 2684 1660 licet,
2713 1614 2776 1654 ac
2802 1602 2962 1654 veluti
2997 1602 3119 1656 ﬂtlei
3147 1607 3310 1660 totius
3336 1610 3668 1662 convinctio:

2095 1690 2146 1734 et
2183 1683 2427 1739 homines
2459 1688 2654 1754 partim
2689 1691 2754 1742 ad
2803 1702 3061 1744 aternam
3100 1698 3260 1746 vitam
3297 1708 3421 1748 sunt
3468 1701 3673 1765 praede-

2097 1774 2303 1836 stinati,
2354 1792 2586 1842 quorum
2636 1795 2860 1836 numero
2899 1785 3059 1835 etiam
3110 1800 3255 1839 nunc
3305 1789 3671 1854 ascribaulur,

2095 1865 2292 1932 quibus
2329 1867 2644 1922 misericord
2672 1887 2698 1922 a
2736 1873 2792 1923 fit
2848 1889 2860 1924 :
2895 1875 3088 1940 partim
3143 1876 3209 1928 ab
3253 1877 3365 1942 ipsa
3404 1882 3672 1944 reprobati

2098 1962 2226 2006 sunt
2267 1970 2280 2005 :
2311 1953 2430 2021 jure
2457 1959 2649 2011 merito
2672 1960 2834 2013 etiam
2873 1978 2991 2030 qua:
3022 1964 3085 2016 ad
3119 1965 3280 2018 vitam
3327 1970 3589 2035 cujusque
3620 1981 3675 2021 et

2099 2044 2306 2097 obitum
2358 2058 2608 2114 spectant
2641 2088 2655 2110 ,
2733 2052 2856 2105 linis
2910 2056 3298 2110 consecutione
3337 2060 3418 2111 vel
3466 2062 3674 2126 repulsa

2107 2137 2449 2203 peculiariter
2477 2156 2582 2194 una
2608 2141 2976 2209 disponuntur
3015 2161 3028 2198 :
3063 2149 3218 2215 quasi
3249 2151 3472 2205 omnino
3511 2155 3671 2206 unius

2100 2228 2363 2300 cujusque
2396 2233 2751 2301 improbitate
2786 2246 2839 2288 et
2870 2241 3088 2303 virtute,
3117 2251 3168 2294 et
3213 2243 3356 2296 bono
3397 2247 3479 2297 vel
3526 2247 3669 2300 malo

2100 2322 2325 2375 consilio
2363 2324 2488 2378 huic
2514 2326 2603 2378 Dei
2636 2329 3011 2384 constitutioni
3040 2333 3294 2404 deinceps
3324 2349 3673 2405 cooperante.

2102 2413 2376 2466 Interdum
2433 2417 2595 2468 etiam
2639 2419 2791 2486 juxta
2844 2432 3201 2493 utrorumque
3249 2443 3433 2481 curam
3474 2441 3528 2483 et
3561 2442 3676 2485 stu-

2102 2505 2273 2560 dium.
2311 2519 2528 2574 repente
2573 2511 2817 2577 vestigio.
2847 2495 2994 2580 quod
3027 2517 3266 2584 ipsorum
3313 2521 3584 2574 habilibus
3623 2535 3679 2578 et.

2039 2617 2046 2625 “
2104 2596 2312 2648 meritis
2365 2599 2622 2650 decorum
2671 2610 2777 2662 est,
2812 2611 2864 2654 et
2902 2604 3209 2662 viventibus
3237 2618 3288 2661 et
3320 2614 3678 2668 morientibus

2101 2701 2300 2740 numen
2345 2689 2482 2756 regit
2517 2706 2579 2743 ac
2611 2695 2923 2747 moderatur
2950 2711 2963 2747 :
3000 2700 3140 2751 sicut
3167 2703 3332 2756 variis
3361 2720 3424 2757 ac
3446 2707 3679 2761 diversis

2102 2777 2392 2829 admodum
2425 2779 2600 2832 modis
2636 2790 2687 2833 et
2721 2785 3026 2840 rationibus
3055 2804 3174 2857 quae
3201 2792 3318 2845 alia:
3353 2793 3406 2845 in
3439 2796 3557 2850 aliis
3584 2799 3675 2862 ju-

2103 2867 2373 2934 dicantur,
2419 2872 2713 2923 secundum
2773 2875 3092 2930 latissimam
3131 2890 3181 2932 ιιι
3217 2885 3673 2951 sapientissimam

2103 2961 2271 3029 ipsius
2319 2961 2887 3030 administrationem,
2927 2968 3111 3023 divina
3143 2975 3287 3027 Cil’t‘a
3319 2992 3412 3030 eos
3469 2982 3676 3046 prandeo

2102 3053 2321 3104 stinatio
2352 3054 2609 3120 perlicere
2637 3065 2840 3123 posset.
2880 3059 3136 3114 nimirum
3166 3063 3349 3118 limitis
3372 3083 3432 3120 ac
3460 3073 3677 3126 termini

2102 3146 2416 3196 consecutio
2467 3145 2545 3198 vel
2586 3149 2818 3215 repulsa.
2851 3150 3107 3204 Sumatur
3133 3156 3276 3208 enim
3337 3174 3479 3213 nunc
3531 3177 3686 3216 com-

2103 3235 2338 3287 muniter
2367 3237 2769 3302 prazdestinatio
2792 3242 2971 3305 ;velnt
2995 3259 3164 3310 genus
3190 3250 3681 3314 prazdrstinutionis

2103 3331 2155 3376 et.
2218 3329 2610 3392 reprobationis
2661 3347 2673 3380 :
2724 3333 2941 3398 quando
2990 3334 3268 3391 hominum
3327 3342 3457 3406 vita,
3518 3362 3680 3410 quam

2106 3418 2246 3483 apud
2271 3432 2328 3470 se
2354 3420 2584 3488 quisque
2615 3422 2760 3476 domi
2795 3424 3052 3493 elegerit,
3085 3437 3177 3480 ant
3209 3431 3370 3484 simul
3412 3435 3477 3485 ad
3517 3435 3677 3490 .inem

2107 3509 2325 3563 adducit
2357 3528 2478 3564 cum
2526 3514 2838 3582 adjnmento
2875 3523 3273 3587 cooperalionis
3307 3526 3374 3576 ab
3406 3527 3511 3580 alto
3541 3544 3553 3592 ;
3585 3538 3680 3582 aut

2107 3615 2136 3653 a
2169 3601 2273 3653 ﬁne
2307 3603 2524 3655 abducit
2557 3618 2679 3656 cum
2720 3606 3095 3671 derelictione,
3136 3628 3253 3680 qua)
3302 3615 3536 3670 indidem
3579 3623 3677 3688 tit;

2108 3705 2471 3748 consentanea
2505 3700 2664 3750 etiam
2693 3700 2990 3755 demutatio
3027 3705 3094 3758 ab
3121 3705 3384 3770 ejusmodi
3420 3710 3524 3763 vita
3555 3727 3685 3765 con-

2109 3801 2313 3852 gruens
2336 3787 2434 3838 νὶιιέ
2460 3804 2576 3854 qore
2608 3790 2671 3842 ad
2707 3791 2866 3845 tinem
2899 3796 3136 3860 perducit
3163 3815 3177 3863 ;
3207 3800 3305 3851 hoc
3328 3811 3412 3853 est
3433 3807 3684 3870 praesenti

2110 3879 2251 3941 vita},
2288 3891 2339 3932 et
2370 3881 2626 3948 peculiari
2660 3893 2778 3951 post
2814 3901 2932 3940 eam
2981 3890 3102 3941 linis
3148 3893 3419 3959 adeptioni
3475 3905 3568 3950 aut
3602 3913 3698 3950 re--

2112 3970 2278 4038 pulsa:
2311 3971 2606 4027 conformis
2636 3985 2715 4029 est
2751 3985 2911 4044 atque
2946 3995 3274 4049 consonans;
3307 3987 3528 4052 perinde
3554 4004 3617 4043 ac
3639 3991 3684 4044 si

2114 4065 2164 4116 in
2202 4068 2437 4120 confinio
2481 4083 2620 4122 esset
2675 4072 2962 4142 utriusque
2994 4081 3138 4140 vit-.13,
3190 4091 3238 4132 et
3282 4091 3538 4150 tauquam
3583 4089 3684 4142 viae

2113 4169 2273 4226 atque
2305 4158 2425 4212 linis
2458 4163 2670 4230 copula.
2718 4164 3023 4233 Aliquando
3073 4171 3215 4223 enim
3265 4190 3385 4226 cum
3439 4177 3688 4232 interitus

2113 4248 2370 4302 omnibus
2388 4249 2456 4302 sit
2479 4253 2828 4320 conSpicuus,
2855 4264 2912 4307 ut
2940 4260 3096 4312 habet
3123 4277 3178 4314 se
3200 4263 3265 4314 ad
3295 4266 3457 4317 vitam
3489 4285 3690 4321 acrum-

2114 4353 2298 4393 nosam
2351 4350 2443 4393 aut
2494 4344 2701 4396 beatam
2760 4362 2880 4414 qum
2939 4349 3121 4403 statim
3183 4363 3473 4423 exceptura
3531 4369 3613 4410 est
3669 4377 3682 4414 :

2113 4433 2567 4501 quemadmodum
2611 4437 2662 4488 in
2693 4438 2758 4491 iis
2793 4441 2882 4508 qui
2906 4441 3131 4506 justititn
3164 4461 3328 4500 causa
3364 4451 3689 4518 autpietatis

2114 4529 2287 4596 palam
2334 4529 2469 4582 mori
2503 4530 2740 4605 voluere,
2774 4548 2879 4587 non
2928 4536 3133 4604 absque
3185 4537 3313 4605 Deo,
3348 4552 3401 4594 et
3447 4542 3686 4612 inspira-

2117 4620 2266 4673 tione
2294 4635 2413 4687 quae
2456 4621 2741 4676 desursum
2784 4636 2966 4692 ven.t;
2999 4631 3143 4696 quod
3192 4633 3520 4700 martyribus
3551 4651 3686 4691 con-

435 4696 716 4786 λευόμενσι
749 4717 935 4788 βιαίως
978 4718 1280 4785 ὲξάγωνται
1312 4717 1409 4785 τῆς
1442 4716 1588 4785 ζωῆς
1617 4719 1710 4768 καὶ
1740 4733 2010 4786 συκοφαν-
2043 4696 2088 4754 θ
2116 4727 2193 4766 vet

1927 4735 2010 4769 ιν-
2043 4696 2088 4754 θ
2116 4714 2284 4776 venit,
2333 4720 2495 4779 atque
2545 4715 2802 4770 omnibus
2854 4719 2945 4785 qui
2990 4735 3110 4773 cum
3155 4696 3350 4777 virtute
3379 4735 3433 4780 et
3465 4739 3685 4798 propter

435 4810 710 4877 τούμενοι,
760 4812 793 4881 ἦ
855 4811 945 4863 ἐπὶ
999 4811 1108 4863 τῶν
1163 4811 1444 4879 φυγόντων
1495 4813 1587 4862 τὶν
1639 4813 1862 4874 κόσμον,
1916 4813 2011 4863 καὶ

440 4901 660 4971 σταυρῷ
709 4900 1026 4970 πρέπουσαν
1074 4899 1356 4968 ζησάντων
1387 4898 1554 4967 ζωὴν,
1603 4899 1694 4951 καὶ
1725 4897 1915 4965 ὁμοίαν
1942 4900 2006 4968 τῇ

438 4989 551 5059 ζωῇ
604 4988 863 5056 τελευτὴν
914 4987 1331 5056 ἀπαράκλητον,
1383 4986 1539 5039 ὲνίων
1589 4985 1768 5039 δὲκαὶ
1825 4986 2007 5039 ἄδικον

438 5085 842 5151 ὑφισταμένων,
882 5079 915 5150 ἢ
950 5080 1256 5133 τούναντίον
1287 5080 1378 5132 ἐπὶ
1419 5080 1528 5131 τῶν
1557 5079 1642 5131 ἐπ’
1677 5079 1882 5142 ἀδίκοις
1916 5079 2009 5131 καὶ

439 5176 695 5246 πονηροῖς
725 5174 1062 5244 τολμήμασι,
1103 5175 1196 5227 καὶ
1225 5175 1289 5243 τῇ
1321 5173 1417 5242 ὅλῃ
1458 5173 1804 5242 συμμόρφοις
1834 5171 2008 5224 αὐτῶν

437 5271 552 5339 ζωῇ
581 5270 678 5336 τὴν
709 5269 1023 5339 πρέπουσαν
1048 5268 1425 5335 ὑφισταμένων
1452 5266 1640 5336 βιαίως
1670 5265 1866 5329 ἔξοδον.

2121 4805 2292 4872 ipsam
2339 4805 2679 4872 moriuntur;
2717 4809 2928 4861 tametsi
2965 4809 3248 4867 manifeste
3284 4815 3542 4883 martyrio
3578 4833 3687 4874 non

2116 4897 2544 4961 admoveantur;
2586 4897 2678 4951 sed
2716 4897 2931 4954 insidiis
2979 4911 3032 4955 et
3081 4904 3371 4959 calumniis
3423 4909 3689 4976 appetiti,

2119 4989 2228 5043 vita
2264 4989 2562 5057 spolientur
2596 5005 2609 5040 :
2640 5001 2734 5042 aut
2783 4990 2850 5044 iis
2895 4992 2986 5060 qui
3039 4992 3222 5063 fugere
3275 4998 3560 5064 mundum,
3608 5001 3695 5054 vel

2119 5081 2265 5135 cruci
2299 5091 2682 5150 congruentem
2705 5081 2978 5152 agitarunt
3003 5088 3189 5153 vitam,
3217 5103 3279 5142 ac
3309 5089 3536 5144 similem
3572 5091 3696 5148 vita:

2119 5174 2324 5226 obitum
2359 5173 2754 5228 consolationis
2798 5185 3075 5246 expertem
3110 5195 3123 5231 :
3160 5195 3282 5232 cum
3317 5181 3560 5236 nonnulli
3593 5183 3698 5236 ini-

2121 5280 2284 5335 quam
2316 5265 2437 5317 vitae
2467 5265 2724 5333 degenda:
2755 5269 3050 5338 mortisque
3094 5272 3388 5326 subeunda:
3426 5275 3695 5327 rationem

439 5365 700 5420 insistunt
739 5377 754 5413 :
791 5372 882 5415 aut
913 5369 1121 5424 contra,
1159 5359 1227 5413 iis
1257 5359 1671 5413 convenientem
1704 5361 1794 5429 qui
1838 5360 1907 5414 ob
1936 5359 2135 5429 injusta
2172 5370 2225 5414 et
2274 5359 2541 5414 scelerata
2588 5359 2834 5415 facinora
2905 5364 3000 5417 toti
3076 5365 3319 5434 ipsorum
3385 5366 3508 5421 vitae.
3559 5381 3696 5445 con-

436 5473 714 5523 seutauca,
759 5469 1151 5528 congruentem
1212 5459 1489 5514 interitum
1547 5459 1808 5513 violenter
1859 5458 2150 5513 sutferuut.

509 5560 584 5611 υύ
615 5558 774 5627 μόνον
803 5555 858 5608 δὲ
888 5557 954 5624 τῇ
987 5556 1165 5624 κρίσει
1197 5554 1304 5607 τῶν
1329 5553 1631 5622 ἀνθρώπων
1661 5554 1836 5623 σαφής
1866 5555 2014 5604 ἐστιν

439 5655 474 5722 ἠ
503 5651 728 5719 τοιαύτη
757 5649 982 5718 τελευτὴ
1010 5647 1112 5700 ποῦ
1131 5648 1306 5715 φέρει,
1335 5647 1471 5699 ἀλλὰ
1501 5648 1610 5708 τοῖς
1645 5645 1783 5714 ὑπὲρ
1813 5646 2013 5716 ἀρετῆς

441 5763 499 5797 τε
537 5744 632 5796 καὶ
662 5741 948 5803 εὐσεϐείας
992 5740 1249 5806 θνήσκειν
1283 5740 1740 5810 προαιρουμένοις
1789 5740 2018 5808 λαμπρά

443 5838 540 5892 καὶ
574 5835 792 5903 ποικίλη
827 5837 859 5903 ἡ
901 5834 1152 5902 οὐράνιος
1200 5833 1548 5900 ἐπιφαίνεται
1602 5831 1895 5903 μαρτυρία,
1929 5838 2018 5884 καὶ

798 5933 1067 5991 ramo!“
1116 5931 1228 5989 Gn.
1285 5929 1464 5989 (LX.

2196 5551 2397 5607 Verum
2433 5569 2538 5608 non
2572 5553 2782 5620 judicio
2820 5563 3026 5609 tantum
3068 5555 3350 5610 hominum
3400 5553 3700 5610 dilucidum

2124 5657 2222 5706 est.
2252 5663 2360 5717 quo
2390 5649 2575 5702 tendat
2611 5664 2757 5704 mors
2788 5649 3053 5717 ejusmodi
3101 5664 3113 5700 :
3159 5652 3250 5704 sed
3284 5663 3379 5718 pro
3410 5649 3606 5703 virtute
3645 5655 3701 5702 et

2129 5739 2324 5807 pietate
2346 5742 2492 5794 ~mori
2533 5741 2900 5809 cupientibus.
2928 5743 3136 5796 clarum
3161 5751 3211 5797 et
3238 5742 3443 5795 varium
3475 5748 3702 5810 apparet

2129 5829 2346 5884 cauleste
2415 5831 2814 5901 testimonium,
2877 5844 2929 5890 et
2992 5833 3346 5889 familiarium
3393 5836 3582 5889 oculos
3637 5844 3705 5893 ac

3224 5928 3300 5989 18
