4452 6450
731 405 836 466 559

1762 396 2134 457 GENNADH
2169 398 2278 458 (ΣΡ.
2316 397 2836 460 ΡΑΤΒῙΑΗΕἭΕ

3895 403 3998 463 MU

729 527 1111 585 roagruenter,
1164 515 1284 565 vitte
1321 511 1540 564 modulo
1574 509 1640 563 ad
1680 523 1869 562 eorum
1902 511 1993 578 qui
2027 511 2312 564 destinan-
2347 526 2383 575 Α
2421 513 2484 563 ἐκ

2249 527 2312 563 n-
2347 526 2383 575 Α
2421 513 2484 563 ἐκ
2514 510 2607 562 τοῦ
2661 511 2892 578 ἐσχάτου
2940 507 3099 579 μέχρι
3136 510 3228 561 καὶ
3277 507 3370 561 τοῦ
3416 509 3650 577 ἐσχάτου
3712 511 3947 581 ίσχυρτῒις
3979 519 4007 567 ὀ

730 625 816 665 {ur
849 610 1270 662 emolumentum
1306 605 1510 662 utitur;
1544 613 1598 656 et
1635 604 1798 655 vita'n
1835 605 2074 656 metitur.
2105 602 2197 669 qui
2229 615 2316 653 so-

731 704 813 754 lus
844 701 1016 752 metiri
1063 707 1236 767 potest
1271 714 1283 748 :
1318 707 1369 749 ιιι
1402 711 1522 764 qute
1559 705 1783 747 mortem
1818 694 2038 761 pariunt
2084 693 2202 760 ipso
2228 692 2317 759 ju-

731 795 912 850 ιοιτιιιιι,
956 787 1419 848 anteoneedente,
1457 785 1644 836 saltem
1685 799 1790 835 non
1826 795 2065 845 velante,
2119 784 2315 835 interi-

727 891 836 932 luttt
874 880 1130 932 (iiiCilllll.
1170 897 1185 927 ι
1228 876 1454 943 Attingit
1484 874 1626 926 enim
1659 890 1685 926 a
1720 874 1823 927 fine
1856 889 2029 941 usque
2058 875 2120 926 ad
2155 874 2313 926 linem

727 974 939 1023 fortiter
968 989 978 1022 :
1011 990 1026 1020 ›
1060 980 1115 1022 ιιι
1155 971 1203 1022 in
1236 967 1510 1034 Sapientia
1554 966 1772 1020 dicitur.
1814 985 1831 1016 ι
1863 964 1925 1018 Et
1961 967 2070 1018 duo
2100 980 2314 1033 passer-

729 1068 833 1118 tuli
865 1080 984 1118 asse
1019 1077 1185 1131 parvo
1216 1071 1505 1124 va~nennt;
1539 1069 1704 1129 atque
1743 1074 1884 1112 unus
1917 1074 1978 1111 ex
2030 1059 2163 1126 ipsis
2206 1073 2312 1110 non

728 1160 882 1209 eadm
912 1158 958 1208 in
996 1169 1133 1207 terra
1166 1155 1369 1216 absque
1397 1154 1551 1206 Patre
1578 1166 1730 1204 meo:
1763 1169 1781 1202 ι
1817 1154 1892 1218 (et
1915 1165 2033 1214 quae
2058 1150 2314 1219 deinceps

725 1248 1052 1316 sequuntur)
1081 1266 1092 1301 :
1126 1247 1386 1299 llotninus
1420 1246 1535 1313 ipse
1581 1255 1766 1298 noster
1801 1245 1899 1298 ait.
1943 1243 2097 1310 Quod
2131 1254 2310 1297 autem

725 1361 829 1395 nun
857 1357 1046 1394 (mines
1079 1350 1197 1391 sum
1229 1337 1480 1400 studiosi,
1514 1352 1688 1404 neque
1730 1337 1797 1390 ad
1830 1347 2085 1390 avternam
2131 1337 2296 1390 vitam

727 1435 1109 1500 prazdestinati,
1141 1434 1240 1483 hoc
1265 1431 1399 1483 nibil
1436 1429 1500 1482 ad
1531 1445 1663 1482 rem.
1692 1429 1900 1482 Etenim
1930 1429 2118 1481 sullicit
2148 1430 2308 1482 etiam

726 1544 847 1580 eum
891 1541 1085 1590 magno
1111 1526 1269 1578 Patre
1298 1523 1520 1585 Basilio,
1556 1523 1698 1590 quod
1735 1522 2131 1590 prazdestinatis
2169 1520 2309 1573 allixi

725 1631 850 1672 SIInl
886 1618 976 1670 Dei
1013 1631 1276 1670 concessu
1322 1616 1446 1668 vitae
1475 1613 1715 1675 limites;
1744 1623 1791 1664 et
1829 1612 1892 1664 ad
1920 1613 2308 1678 sempiternum

728 1714 927 1764 bonum
955 1711 1087 1778 ipsis
1121 1708 1492 1761 extenduntur
1522 1715 1614 1758 aut
1647 1704 2075 1765 contrahuntur,
2108 1705 2312 1771 pariter

726 1819 850 1856 cum
893 1803 1074 1854 aureis
1126 1809 1287 1866 atque
1331 1797 1604 1866 argenteis
1660 1811 1890 1864 qua-que
1941 1796 1993 1846 in
2047 1795 2307 1846 ltouorem

2421 603 2571 664 Θεὸς,
2605 621 2621 652 ι
2649 605 2706 654 ἐν
2731 606 2794 671 τῇ
2821 601 2990 672 Σοφία
3011 603 3230 669 λέγεται
3257 618 3270 630 '
3297 604 3391 656 ut
3423 621 3440 653 ‹
3477 602 3581 654 Δύο
3612 605 3870 671 στρουθία
3902 608 4001 659 άσ-

2423 697 2611 764 σαρίου
2639 697 2921 759 πωλεῖται,
2950 698 3039 748 καὶ
3060 695 3114 747 ἓν
3137 694 3196 760 ἐξ
3227 695 3406 748 αὑτῶν
3431 696 3490 748 οὑ
3525 698 3774 749 πεσεῖται
3797 699 3875 759 είς
3905 700 4005 768 τὴν

2420 788 2521 855 γῆν
2548 787 2676 838 ἄνευ
2701 786 2795 838 τοῦ
2820 788 3028 854 Πατρός
3055 804 3174 854 μου,
3207 804 3224 837 ι
3254 788 3348 838 καὶ
3384 786 3450 839 τὰ
3481 787 3627 855 ἑξῆς,
3654 788 3814 851 αὑτὸς
3838 791 3865 840 ὁ
3893 791 4006 842 Κύ-

2422 895 2535 948 ριος
2564 879 2721 948 ἡμῶν
2751 895 2906 946 φησι.
2944 878 3017 930 Τὸ
3051 879 3104 929 δὲ
3144 879 3218 947 μὴ
3245 879 3451 940 πάντας
3486 875 3626 931 εἶναι
3656 880 4001 944 σπουδαίους,

2422 971 2555 1038 μηδέ
2611 972 2748 1039 πρὸς
2800 972 2901 1042 τὴν
2941 973 3268 1041 προαιώνιον
3319 973 3771 1042 προωρισμένους
3817 973 3997 1042 ζωὴν,

2416 1063 2568 1114 οὐδὲν
2603 1063 2736 1131 πρὸς
2790 1063 2881 1113 τὸν
2933 1063 3110 1129 λόγον.
3157 1063 3344 1131 Ἀρκεῖ
3391 1065 3497 1131 γὰρ
3549 1065 3642 1116 καὶ
3692 1067 3824 1132 ἡμῖν
3864 1063 4001 1133 μετὰ

2415 1155 2509 1206 τοῦ
2549 1155 2786 1221 μεγάλου
2822 1156 3031 1225 Πατρὸς
3071 1156 3353 1208 Βασιλείου
3400 1157 3459 1208 τὸ
3498 1159 3610 1219 τοῖς
3647 1159 3998 1228 προωρισμέ-

2415 1265 2526 1309 νοις
2554 1248 2860 1317 πεπηγέναι
2891 1248 3075 1300 θεόθεν
3107 1250 3172 1301 τὰ
3202 1266 3303 1317 της
3335 1248 3479 1316 ζωῆς
3515 1251 3709 1316 μέτρα,
3738 1249 3832 1300 καὶ
3863 1248 3998 1314 πρὸς

2414 1341 2473 1391 τὸ
2527 1342 2698 1393 ἀΐδιον
2736 1343 3013 1411 συμφέρον
3062 1344 3246 1403 αὑτοῖς
3297 1343 3653 1400 ἐκτείνεσθαι,
3696 1343 3726 1410 ἢ
3775 1342 3998 1394 συστέλ-

2414 1433 2602 1486 λεσθαι
2639 1437 2749 1496 τοῖς
2797 1438 3016 1502 χρυσοῖς
3054 1451 3110 1485 τε
3158 1435 3251 1486 καὶ
3291 1437 3553 1502 ἀργυροῖς
3599 1436 3690 1486 καὶ
3720 1436 3799 1495 εἰς
3831 1434 3996 1502 τιμὴν

2417 1525 2657 1587 σκεύεσι,
2698 1525 2839 1576 κατὰ
2874 1525 2964 1576 τὸν
3013 1525 3242 1587 Παῦλον,
3284 1526 3444 1593 οίπςρ
3494 1525 3858 1593 ἀναρίθμητοι
3897 1527 3996 1592 μέν

2415 1614 2543 1677 είσι,
2577 1616 2669 1665 καὶ
2704 1614 2894 1666 τούτου
2936 1615 3096 1683 χάρις
3129 1617 3160 1684 ἡ
3215 1618 3456 1680 γένεσις,
3491 1617 3570 1676 είς
3605 1617 3994 1684 ἀναπλήρωσιν

2413 1704 2521 1754 τῶν
2558 1706 2835 1756 πεσόντων
2866 1706 3162 1774 οὐρανόθεν
3195 1707 3460 1774 ἀγγέλων.
3494 1707 3612 1775 Θεῷ
3640 1709 3694 1760 δὲ
3729 1711 3996 1775 γινωσκοο

2419 1811 2571 1862 μενοι
2624 1797 2791 1864 μόνῳ,
2839 1798 2933 1848 καὶ
2989 1798 3079 1864 ὑπ’
3137 1799 3300 1850 αὑτοῦ
3352 1800 3713 1867 φανεροῦντσί
3757 1816 3901 1861 τινες
3934 1799 3993 1861 ἐξ

728 1903 854 1946 sunt
891 1895 1058 1953 vasis,
1093 1907 1155 1943 ex
1194 1890 1252 1941 Β.
1285 1890 1484 1952 Paulo;
1527 1889 1617 1953 qui
1652 1888 1867 1951 quidem
1902 1896 2028 1939 sunt
2055 1890 2304 1939 innume-
2339 1884 2382 1942 Β
2413 1882 2479 1934 αὑ

2234 1901 2304 1938 ιθ-
2339 1884 2382 1942 Β
2413 1882 2614 1945 αὐτῶν,
2643 1884 2733 1945 οὓς
2761 1887 2825 1938 ἂν
2856 1887 3126 1955 βούλοιντο
3159 1890 3527 1956 φανεροῦσθαι
3573 1889 3870 1951 κάνταῦθα,
3903 1892 3992 1943 καὶ

726 1988 771 2038 ri
805 2005 816 2037 :
851 1996 1011 2054 atque
1042 1992 1324 2050 eapropter
1356 1981 1636 2050 generatio
1664 1989 1747 2032 est
1780 1980 1842 2031 ad
1869 1981 2303 2047 supplementum

727 2082 1046 2144 angelorum
1079 2077 1170 2144 qui
1216 2091 1245 2128 e
1267 2074 1421 2128 emlis
1451 2073 1792 2125 exciderunt.
1825 2069 1888 2122 lli
1916 2088 2036 2123 eum
2071 2071 2180 2125 Deo
2206 2073 2305 2126 soli

726 2179 1145 2239 mgnuseantur,
1194 2177 1245 2220 et
1286 2166 1354 2218 ab
1393 2179 1457 2217 eo
1505 2163 1919 2216 manifestentur
1970 2164 2188 2230 quidam
2240 2180 2305 2216 ex

729 2265 881 2332 ipsis,
920 2277 1057 2326 quos
1093 2260 1254 2313 etiam
1293 2258 1378 2310 ltic
1412 2254 1749 2308 manifestari
1788 2255 2037 2317 voluerit,
2070 2264 2124 2308 et
2167 2271 2306 2324 quos

730 2357 902 2407 latere
954 2351 1103 2404 nefas
1145 2359 1248 2402 est.
1300 2348 1520 2408 Ileinde,
1571 2344 2029 2412 quemadmodum
2062 2346 2308 2411 providet

724 2449 942 2517 quidem
974 2444 1226 2498 omnibus
1265 2443 1315 2494 in
1352 2442 1458 2492 vita
1489 2439 1824 2497 ltotninibus,
1859 2443 1947 2490 sed
1976 2438 2302 2501 differ-mter,

725 2551 781 2594 et
818 2552 913 2604 pro
945 2537 1137 2589 merito
1170 2549 1233 2587 ac
1264 2532 1527 2603 dignitate
1567 2531 1840 2598 cujusque
1884 2547 1895 2580 :
1940 2532 2016 2582 sic
2047 2532 2208 2583 etiam
2242 2533 2306 2584 de

725 2634 830 2686 fine
883 2631 1146 2696 ipsorum,
1185 2641 1280 2694 par
1323 2633 1403 2676 est
1443 2624 1650 2675 varium
1705 2622 1901 2676 habere
1955 2623 2202 2675 ordinem
2256 2635 2307 2675 et

725 2734 1030 2788 respectum
1064 2720 1202 2788 apud
1228 2717 1470 2770 divinum
1494 2715 1786 2784 judicium.
1820 2714 2030 2766 Etenim
2055 2717 2308 2768 omnibus

721 2816 939 2885 quidem
979 2811 1289 2865 hominibus
1336 2808 1562 2876 prtelieit
1617 2809 1887 2874 angelum.
1929 2807 2030 2858 Sed
2075 2824 2178 2860 non
2216 2823 2308 2860 ea-

723 2907 846 2959 dem
892 2902 1066 2970 angeli
1093 2899 1459 2953 sollicitudine
1488 2901 1695 2965 potitur
1718 2897 1951 2950 intidelis
1983 2907 2147 2964 atque
2182 2897 2308 2950 fide-

727 2999 792 3053 lis
832 3015 842 3048 :
878 3010 1050 3062 neque
1079 2993 1359 3060 improbus
1388 2991 1593 3058 pariter
1635 3005 1696 3041 ea
1732 2990 1931 3040 fruitur
1971 3004 2032 3041 ac
2082 2990 2304 3056 probus,

726 3088 942 3147 tametsi
971 3087 1130 3142 ambo
1165 3085 1272 3140 sint
1307 3083 1509 3137 fideles.
1553 3081 1739 3150 Itaque
1769 3082 1858 3136 hic
1889 3098 2109 3151 quoque
2143 3083 2306 3135 vitam

727 3193 970 3235 nostram
1020 3177 1287 3239 omnium,
1336 3183 1389 3228 et
1437 3174 1640 3227 exitum
1680 3174 1964 3227 delinitutn
2007 3190 2148 3238 esse,
2188 3191 2306 3228 om-

726 3276 856 3326 nino
898 3284 1179 3325 necessum
1211 3275 1311 3321 est.
1347 3266 1516 3318 Porro
1544 3264 1803 3318 differens
1834 3267 1981 3318 circa
2018 3268 2131 3319 haec
2159 3267 2307 3335 judi-

728 3370 874 3421 cium
906 3364 1055 3430 juxta
1088 3375 1276 3414 eorum
1327 3359 1419 3427 qui
1465 3360 1656 3410 vivunt
1701 3357 2038 3419 discrimina,
2073 3359 2178 3412 Deo
2207 3359 2305 3413 soli

728 3465 1076 3527 perspectum
1101 3461 1200 3515 est,
1230 3467 1352 3502 eum
1382 3465 1553 3519 pauca
1587 3451 1741 3502 nobis
1769 3451 1874 3503 sint
1909 3452 2162 3515 revelata,
2193 3463 2306 3503 tum

725 3567 787 3603 ex
820 3546 1021 3601 divinis
1061 3543 1278 3596 Litteris
1310 3553 1420 3594 tum
1448 3557 1511 3595 ex
1550 3541 1788 3595 historiis
1828 3545 2024 3608 sacris,
2065 3555 2119 3595 ut
2152 3553 2306 3596 antea

727 3642 1031 3694 luculenter
1057 3635 1408 3703 exposuimus
1444 3651 1456 3686 :
1501 3647 1677 3700 neque
1725 3649 1939 3699 aequum
1977 3645 2058 3686 est
2091 3650 2188 3687 nos
2215 3650 2307 3702 ag.

725 3737 874 3802 gredi
925 3746 985 3783 ea
1040 3744 1159 3798 qua:
1213 3742 1386 3793 neque
1437 3726 1823 3792 comprehendi
1873 3737 2081 3794 queunt
2136 3741 2307 3794 neque

726 3825 862 3879 tradi
896 3839 908 3874 :
939 3833 992 3876 et
1028 3823 1094 3874 ab
1131 3819 1197 3872 iis
1228 3833 1347 3885 qua:
1394 3817 1767 3869 conceduntur
1815 3826 1868 3869 et
1917 3822 2115 3869 dantur
2152 3818 2306 3870 nobis

724 3915 789 3967 ad
823 3911 1283 3981 cognoscendum,
1313 3907 1628 3960 dissidendo
1663 3907 1980 3960 abscedere.
2028 3910 2092 3960 Et
2127 3918 2303 3961 tamen

724 4022 846 4060 cum
878 4003 1287 4070 reprobatorum
1319 4010 1371 4052 et
1403 3996 1837 4050 misericordiam
1866 3999 2184 4065 adt-piorum
2223 4000 2304 4051 vi-

731 4108 838 4149 tam
877 4094 1064 4147 divino
1092 4091 1286 4158 Stlbjit'i
1337 4091 1502 4156 jugo;
1553 4098 1664 4142 tum
1713 4089 1810 4156 ipsi
1849 4092 2148 4156 platentem
2177 4095 2306 4143 edu-

726 4192 958 4242 etiouem
991 4202 1021 4238 e
1058 4185 1165 4236 vita
1193 4223 1206 4246 ,
1244 4184 1342 4236 bos
1375 4196 1587 4250 quoque
1619 4179 1890 4233 sustinere
1930 4182 2109 4233 divina
2144 4181 2304 4234 docet

727 4282 1028 4348 Scriptura.
1062 4276 1365 4331 Oswndunt
1396 4275 1558 4327 etiam
1588 4273 1834 4326 violentae
1863 4282 2061 4325 mortes
2091 4275 2304 4341 populis

732 4371 976 4424 inductae
1028 4377 1078 4421 et
1132 4363 1494 4435 principibus,
1534 4365 1744 4416 ardenti
1791 4365 1905 4416 zelo
1950 4364 2172 4431 justitize
2207 4380 2302 4416 an-

728 4465 974 4531 gelorum
1025 4455 1558 4513 SllblﬂllliSll'ﬂnlillnl
1607 4471 1668 4508 ac
1737 4455 2139 4522 proplntarum,
2194 4471 2300 4510 non

2410 1973 2504 2036 οῦς
2537 1975 2825 2028 λανθάνειν
2861 1978 3144 2030 ἀδύνατον.
3185 1980 3437 2042 Ἔπειτα,
3484 1980 3736 2049 καθάπερ
3771 1983 3991 2049 προνοεῖ

2413 2067 2512 2134 μὲν
2545 2069 2763 2119 πάντων
2798 2070 2853 2120 ἐν
2888 2073 2950 2139 τῇ
2989 2070 3100 2139 ζωῇ
3134 2071 3242 2122 τῶν
3279 2072 3601 2141 ἀνθρώπων,
3640 2073 3774 2123 ἀλλὰ
3807 2073 3991 2137 διαφε-

2414 2176 2518 2227 ρως
2549 2163 2643 2212 καὶ
2700 2163 2837 2214 κατά
2872 2163 2969 2231 τὴν
3022 2163 3177 2225 ἀξίαν
3232 2165 3512 2217 ἑκάστων·
3555 2165 3699 2216 οὕτω
3741 2168 3831 2216 καὶ
3863 2166 3990 2232 περὶ

2410 2252 2503 2303 τοῦ
2537 2253 2720 2315 τέλους
2758 2254 2938 2305 αὑτῶν
2968 2255 3220 2323 ποικίλην
3249 2257 3392 2315 είκος
3416 2257 3558 2325 ἔχειν
3587 2258 3738 2326 παρὰ
3771 2260 3834 2325 τῇ
3867 2257 3984 2328 θεία

2410 2344 2589 2411 κρίσει
2625 2346 2721 2412 τὴν
2758 2345 2909 2408 τάξιν
2943 2346 3034 2398 καὶ
3070 2346 3168 2416 τὴν
3210 2346 3533 2414 ἀπόϐλεψιν.
3578 2348 3685 2398 Καὶ
3715 2350 3847 2401 πᾶσι
3885 2349 3983 2416 μὲν

2409 2438 2515 2502 γὰρ
2546 2438 2853 2505 ἀνθρώποις
2886 2440 3170 2506 ἐφίστησιν
3199 2440 3470 2506 ζᾶγγελον,
3508 2440 3622 2492 ἀλλ’
3667 2441 3726 2492 οὑ
3763 2442 3862 2508 τῆς
3895 2441 3989 2491 αὑ-

2409 2530 2506 2598 τῆς
2546 2531 2809 2583 ἀπολαύει
2849 2531 2942 2583 τοῦ
2979 2533 3207 2598 ἀγγέλου
3261 2533 3590 2601 κηδεμονίας
3631 2535 3657 2585 ὁ
3691 2535 3880 2593 πιστὸς
3910 2531 3986 2598 τῷ

2410 2623 2643 2690 ἀπίστῳ,
2689 2625 2798 2674 οὶδ²
2830 2624 2857 2675 ὁ
2898 2624 3096 2689 φαῦλος
3132 2624 3206 2691 τῷ
3241 2625 3451 2693 ἀγαθῷ,
3507 2625 3608 2676 κᾶν
3655 2617 3787 2676 ὦσιν
3823 2624 3988 2690 ἄμφω

2417 2716 2596 2766 πιστοί
2627 2732 2638 2744 ⁶
2672 2715 2814 2768 οὕτω
2847 2716 3124 2768 κάνταῦθα
3173 2716 3269 2786 τὴν
3305 2718 3401 2779 μὲν
3443 2717 3588 2786 ζωὴν
3621 2717 3777 2783 ἡμῶν
3817 2717 3990 2767 ἀπάν-

2411 2823 2517 2858 των
2550 2807 2646 2858 καὶ
2679 2809 2740 2859 τὸ
2766 2808 2918 2870 τέλος
2967 2809 3199 2876 ὡρίσθαι
3242 2811 3390 2860 πᾶσα
3437 2809 3653 2876 ἀνάγκη
3679 2822 3691 2834 ·
3727 2808 3760 2874 ἡ
3790 2807 3844 2858 δὲ
3878 2807 3988 2858 διά-

2413 2916 2575 2966 φορος
2610 2901 2736 2968 περὶ
2766 2899 2937 2952 ταῦτα
2977 2901 3154 2970 κρίσις
3192 2901 3333 2952 κατὰ
3369 2901 3464 2959 τὰς
3493 2900 3598 2950 τῶν
3631 2897 3847 2962 ζώντων
3878 2897 3990 2949 61a-

2413 2995 2582 3058 φορὰς
2609 2993 2684 3059 τῷ
2719 2992 2836 3059 Θεῷ
2891 2992 3159 3057 ἔγνωσται
3200 2994 3363 3061 μόνῳ,
3389 2992 3586 3058 ὀλίγων
3622 2992 3753 3058 ἡμῖν
3783 2991 3989 3041 ἀποκα-

2411 3084 2718 3150 λυφθέντων
2747 3084 2806 3136 ἔκ
2831 3101 2887 3135 τε
2916 3085 3021 3135 τῶν
3047 3083 3205 3135 θείων
3237 3083 3491 3152 Γραφῶν,
3521 3083 3582 3135 ἐκ
3610 3100 3664 3133 τε
3692 3082 3798 3133 τῶν
3827 3084 3908 3150 ίερ
3932 3085 3986 3134 ῗιν

2416 3178 2683 3244 ἱστοριῶν,
2717 3176 2790 3238 ὡς
2831 3177 3130 3243 φθάσαντες
3165 3177 3536 3243 διεξήλθομεν.
3565 3177 3670 3226 Καὶ
3695 3178 3752 3228 οὔ
3781 3176 3986 3226 δίκαιον

2414 3270 2582 3336 ἡμᾶς,
2612 3269 2697 3320 διὰ
2729 3269 2786 3319 τὸ
2822 3269 2894 3337 μὴ
2929 3269 3191 3320 δύνασθαι
3237 3272 3344 3328 τοῖς
3377 3270 3784 3336 ἀκαταλήπτοις
3811 3285 3867 3320 τε
3896 3269 3987 3320 καὶ

2418 3359 2490 3428 μὴ
2524 3360 2828 3426 δεδομένοις
2882 3362 3200 3427 ἐπιχειρεῖν,
3251 3360 3344 3411 καὶ
3390 3360 3496 3412 τῶν
3541 3361 3987 3428 ὁμολογουμένων

2413 3453 2506 3502 καὶ
2536 3451 2841 3518 δ-δο;).ένων
2897 3454 3030 3520 ἡμῖν
3062 3453 3258 3504 εἰδέναι
3298 3452 3712 3515 διαπιστοῦντας
3751 3453 3986 3520 ἀφίστα-

2412 3542 2551 3594 σθαι.
2593 3543 2784 3593 Καίτοι
2824 3543 2883 3594 τὸ
2917 3545 3130 3605 καὶτὰς
3181 3545 3289 3595 τῶν
3338 3544 3980 3613 ἀποδεδοκιμισμένωνῆ

2407 3631 2722 3700 ὴλεημένων
2754 3635 2898 3695 ζωὰς
2931 3634 3004 3701 τῷ
3039 3633 3167 3702 θείῳ
3199 3631 3520 3686 ὑποκεῖσθαι
3554 3635 3731 3702 ζυγῷ,
3764 3636 3856 3687 καὶ
3883 3634 3982 3703 τὴν

2408 3724 2557 3792 αὑτῴ
2596 3725 2861 3777 δοκοῦσαν
2905 3727 3190 3796 ἐξαγωγὴν
3231 3730 3292 3777 ἐκ
3336 3727 3430 3780 τοῦ
3482 3728 3598 3794 βίον
3635 3729 3726 3780 καὶ
3760 3729 3984 3788 τούτους

2409 3816 2762 3881 ὑφίστασθαι,
2804 3820 2834 3886 ἡ
2893 3817 3013 3869 θεία
3064 3819 3306 3870 διδάσκει
3341 3819 3553 3888 Γραφή.
3605 3820 3713 3871 Καὶ
3765 3819 3984 3887 δηλοῦσι

2410 3911 2508 3978 μὲν
2544 3912 2590 3961 οί
2629 3910 2793 3978 βίαιοι
2840 3912 3061 3964 θάνατοι
3094 3912 3357 3981 πλήθεσιν
3409 3912 3736 3981 ἐπαχθέντες
3767 3914 3860 3964 καὶ
3885 3913 3984 3980 ἄρ·

2408 4018 2586 4069 χουσι,
2635 4002 2783 4070 ζήλῳ
2835 4002 3180 4071 δικαιοσύνης
3208 4004 3474 4070 -ἀγγέλων
3526 4005 3982 4073 ὑπηρετουμένων

2407 4097 2499 4144 καὶ
2533 4095 2848 4162 προφητῶν,
2882 4098 2979 4147 οὑκ
3001 4096 3127 4147 ἄνευ
3154 4095 3288 4148 Θεοῦ
3310 4113 3324 4126 ·
3351 4096 3575 4163 δηλοῦσι
3601 4096 3656 4149 δέ
3686 4097 3740 4149 αί
3768 4098 3852 4148 διὰ
3874 4096 3981 4147 τῶι

2409 4189 2705 4254 προφητῶν
2752 4189 3130 4256 άπειληθείσαι
3169 4190 3356 4240 πόλεσί
3403 4207 3460 4241 τε
3492 4190 3584 4241 καὶ
3626 4190 3831 4240 ἔθνεσιν
3862 4191 3980 4254 ἑξο-

2405 4279 2752 4346 λοθρεύσεις’
2797 4281 2889 4331 καὶ
2931 4281 2959 4348 ἢ
3003 4281 3260 4351 μετανοίᾳ
3306 4282 3734 4348 καταφυγόντων
3765 4283 3855 4334 ἐπὶ
3888 4282 3979 4334 τὸν

2404 4372 2538 4423 Θεὶν
2572 4374 2944 4439 πεπαυμέναι,
2981 4373 3012 4439 ἣ
3062 4373 3451 4440 ἁμετανοήτων
3493 4374 3793 4437 μεινάντων
3825 4373 3978 4438 γενό-

2409 4481 2566 4533 μεναι
2591 4479 2603 4493 ·
2640 4465 2695 4515 αἱ
2734 4464 3044 4532 προσθῆκαι
3089 4467 3182 4528 τῆς
3215 4464 3358 4530 ζωῆς
3391 4465 3552 4525 ἐνίοις
3584 4466 3975 4532 μετανοήσασι,

727 4559 844 4611 sine
885 4553 1128 4606 numine.
1163 4551 1218 4602 ld
1243 4561 1455 4616 quoque
1481 4548 1758 4600 declarant
1789 4547 1958 4599 ruina:
1987 4554 2038 4599 et
2062 4547 2299 4615 depOpu-
2328 4556 2380 4614 Ι)
2411 4575 2485 4624 μει

2221 4564 2299 4600 ηι-
2328 4556 2380 4614 D
2411 4558 2546 4624 μετὰ
2572 4556 2667 4625 τὴν
2695 4556 2790 4624 τῆς
2837 4555 2984 4625 ζωῆς
3017 4557 3404 4622 ἀπαγόρευσιν,
3452 4557 3515 4608 ὲκ
3556 4555 3690 4608 Θεοῦ
3723 4555 3979 4624 μηνυθεί-

727 4648 974 4707 lationes,
997 4657 1134 4712 quas
1165 4654 1314 4694 vates
1337 4639 1562 4691 urbibus
1584 4648 1630 4691 et
1653 4639 1904 4706 gentibus
1928 4640 2301 4690 comminatim

728 4746 961 4802 l'uerant,
1011 4736 1318 4801 eaedemque
1359 4732 1437 4783 vel
1488 4731 1805 4799 poenitentia
1857 4746 2044 4782 eorum
2095 4731 2186 4798 qui
2238 4731 2302 4783 ad

730 4834 897 4884 Deum
934 4828 1316 4893 confugerant,
1343 4830 1667 4887 cessarunt;
1701 4823 1781 4874 vel
1808 4823 1876 4874 ob
1909 4822 2300 4889 impmnitentia

726 4923 1024 4976 obduratos
1062 4923 1458 4970 remanserunt.
1485 4913 1818 4967 incrementa
1850 4919 1970 4966 vitm
1997 4915 2047 4966 in
2078 4916 2301 4982 quibus-

729 5017 851 5066 dam
885 5015 978 5080 qui
1019 5011 1392 5080 resipuerant,
1425 5018 1710 5073 postquam
1738 5008 1804 5059 de
1842 5012 1947 5059 vita
1978 5007 2300 5074 despondis-

730 5115 874 5164 sent,
909 5105 1130 5156 interitu
1164 5116 1190 5151 a
1224 5100 1331 5153 Deo
1373 5101 1644 5152 declarato
1679 5108 1730 5152 et
1762 5100 1930 5167 signis
1961 5102 2301 5168 ostentisque

730 5198 982 5248 omnibus
1014 5193 1308 5261 conspicuo
1347 5189 1512 5244 facto.
1538 5191 1772 5244 Ananias
1808 5206 1932 5243 vero
1961 5201 2013 5244 et
2037 5192 2297 5260 Sappbira

724 5288 1014 5341 exanimati
1046 5296 1190 5348 sunt,
1230 5299 1335 5336 non
1390 5283 1563 5346 l’etri,
1608 5283 1697 5335 sed
1734 5282 1826 5336 Dei
1874 5283 2090 5346 virtute,
2138 5299 2296 5351 quem

726 5384 1038 5440 invocarat;
1081 5392 1143 5429 ac
1189 5378 1352 5429 Petro
1397 5391 1503 5428 non
1541 5387 1802 5443 praesente
1847 5383 1899 5427 et
1951 5375 2294 5428 mendacium

722 5481 1001 5538 arguente,
1034 5467 1432 5534 etSpirassent,
1459 5467 1533 5519 ita
1563 5468 1772 5520 volente
1802 5466 1929 5520 Deo.
1952 5468 2014 5519 lit
2043 5479 2170 5534 quot
2205 5471 2300 5520 bo-

726 5568 895 5616 mines
927 5565 1116 5615 insane
1151 5561 1239 5628 jus
1267 5561 1551 5622 violantes,
1583 5559 1844 5611 violenter
1885 5575 1912 5612 e
1957 5560 2090 5612 vitis
2137 5576 2296 5613 exce-

723 5657 902 5709 dunt?
937 5660 1061 5708 dum
1096 5654 1238 5708 alius
1264 5654 1421 5703 aliam
1455 5652 1647 5704 suffert
1679 5653 2012 5717 violentiam,
2039 5667 2099 5704 ae
2130 5655 2295 5707 latent

728 5749 994 5813 bomiues,
1027 5749 1158 5800 dum
1189 5746 1456 5798 violentke
1487 5747 1736 5797 ellet-tum
1789 5756 2059 5812 patentem
2114 5747 2293 5799 (01ιεὶ-

721 5837 909 5890 derant
951 5854 963 5888 :
993 5852 1176 5889 verum
1215 5834 1431 5889 caeleste
1455 5836 1516 5886 ad
1544 5835 1596 5886 id
1622 5843 1954 5886 momentum
1976 5835 2291 5891 subducere

2410 4666 2506 4715 σης
2536 4651 2636 4714 τῆς
2663 4649 2942 4714 τελευτῆς,
2987 4650 3079 4701 καὶ
3117 4647 3367 4715 σημείοις
3396 4648 3528 4699 πᾶσι
3556 4649 3796 4714 φανερᾶς
3828 4663 3979 4711 γενο-

2409 4739 2600 4804 μένης.
2649 4737 2896 4798 Ἀνανίας
2941 4737 2994 4788 δὲ
3027 4739 3119 4788 καὶ
3149 4738 3434 4806 Σάπφειρα
3472 4737 3870 4804 ἀποψύξαντες,
3915 4737 3975 4787 ού

2405 4833 2471 4897 τῇ
2505 4829 2598 4881 τοῦ
2653 4830 2879 4898 Πέτρου,
2913 4831 2976 4897 τῇ
3012 4829 3066 4880 δὲ
3109 4828 3201 4881 τοῦ
3239 4829 3373 4880 Θεοῦ
3424 4829 3668 4895 δυνάμει,
3702 4830 3758 4880 ὃν
3803 4832 3829 4881 ὁ
3877 4829 3976 4880 Πέ-

2405 4935 2530 4985 τρος
2563 4917 2903 4978 ἐπεκαλεῖτο,
2940 4918 3030 4969 κῖὶ
3063 4917 3156 4968 τοῦ
3207 4918 3412 4986 Πέτρου
3451 4918 3523 4986 μὴ
3557 4917 3850 4987 παρόντος,
3884 4922 3975 4969 καὶ

2406 5011 2462 5061 τὸ
2495 5010 2685 5077 ψεῦδος
2722 5010 3058 5078 ἐλέγχοντος,
3091 5010 3373 5076 ἀπέῲυξαν
3421 5010 3486 5062 ἄν
3520 5027 3531 5039 ·
3556 5009 3697 5062 οὕτω
3724 5010 3816 5062 τοῦ
3842 5009 3976 5062 Θεοῦ

2407 5102 2754 5170 βουλομένου.
2795 5103 2904 5153 Καὶ
2952 5102 3109 5153 πόσοι
3158 5102 3266 5153 τῶν
3316 5100 3617 5170 ἀνθρώπων
3667 5103 3977 5169 ἀνηκέστως

2407 5193 2851 5260 παρανομοῦντες
2886 5191 3078 5259 βιαίως
3110 5192 3414 5258 ἐξάγονται,
3464 5192 3620 5254 ἄλλος
3651 5191 3817 5260 ἄλλην
3854 5194 3978 5259 ὑφι-

2408 5286 2669 5352 στάμενοι
2731 5285 2889 5352 βίαν,
2945 5286 3189 5346 καὶτοὺς
3245 5283 3567 5352 ἀνθρώπους
3629 5283 3975 5342 λανθάνουσι,

2405 5377 2815 5444 σκοπουμένους
2866 5379 2964 5445 μὲν
2996 5379 3053 5430 τὸ
3101 5380 3196 5446 τῆς
3247 5376 3366 5446 βίας
3399 5379 3745 5445 φαινόμενον,
3783 5374 3878 5443 τὴν
3909 5375 3975 5426 δ.“

2402 5471 2655 5537 οὐράνιον
2698 5470 2832 5540 πρὸς
2891 5471 3051 5522 τοῦτο
3103 5471 3274 5540 ῥοπὴν
3325 5470 3637 5536 λογίζεσθαι
3687 5469 3808 5538 μηδ’
3843 5470 3980 5529 ὅλως

2402 5564 2822 5631 ἐφικνουμένους
2843 5579 2857 5628 ;
2882 5565 2944 5615 Ai
2967 5565 3021 5630 δέ
3045 5565 3298 5634 πρόδηλοι
3320 5565 3426 5617 τῶν
3449 5563 3692 5618 θανάτων
3711 5565 3802 5616 καὶ
3827 5565 3978 5633 παρὰ

2403 5655 2930 5722 φύσινάπαλλαγαὶ,
2980 5657 3077 5725 τῆς
3127 5660 3189 5710 ἐκ
3243 5658 3450 5726 νεκρῶν
3499 5657 3852 5718 ἀναστάσεως
3893 5658 3963 5707 οὑ-

2401 5747 2486 5798 δέν
2531 5747 2908 5816 διαφέρουσαι,
2964 5749 3348 5817 παρείσθωσαν
3381 5750 3435 5800 ἐν
3480 5752 3654 5817 τιύτῳ
3689 5748 3766 5818 τῷ
3801 5749 3976 5816 μέρει,

2399 5838 2472 5901 ὼς
2501 5842 2560 5909 τῇ
2602 5841 2706 5891 τῶν
2737 5843 3172 5911 προωρισμένων
3219 5841 3369 5906 τάξει
3405 5843 3823 5912 συμόαίνουσλι,
3855 5842 3976 5894 τότε
