4452 6450
456 420 567 487 569

1523 416 1620 477 DE
1657 416 1805 479 ι)Εο
1862 416 1941 477 IN
1978 413 2411 476 TRINITATE
2446 415 2620 477 UNO.
3607 420 3711 481 570

461 542 750 599 στεύοντας
782 536 1011 603 πλάνην,
1043 533 1137 597 οὒς
1168 534 1235 587 ἀν
1276 534 1546 588 αἴσθοιντο
1587 536 1721 605 πρὸς
1748 535 1841 588 τὸν
1869 535 2031 587 αὑτὸν
2064 535 2107 592 Α
2138 540 2193 585 In

1955 535 2031 586 τὸν
2064 535 2107 592 Α
2138 540 2193 585 tn
2246 533 2385 587 idem
2442 533 2572 587 ferri
2614 534 3007 609 praecipitium,
3041 535 3182 605 apud
3228 550 3420 591 omnes
3457 536 3713 605 pietatem

455 633 638 691 αὐτοῖς
688 628 934 698 κρημνὸν
980 626 1269 695 φέρεσθαι,
1322 626 1461 695 πρὸς
1498 626 1743 687 ἃπαντας
1780 625 2025 679 εὐσεϐεῖν

455 718 921 789 προσποιοῦνται,
978 719 1071 769 καὶ
1127 716 1344 787 γλώττῃ
1398 718 1498 784 μὲν
1541 718 1865 786 ὁμολογοῦσι
1912 719 2026 779 τοῖς

454 811 637 873 ἄλλοις
678 812 815 861 πᾶσι
841 807 975 860 Θεὸν
1007 803 1146 860 εἶναι
1170 846 1185 867 ,
1237 810 1302 876 τῇ
1347 807 1404 861 δὲ
1456 807 1653 878 καρδίᾳ
1694 808 1789 860 τὸν
1817 807 1893 859 ίὸν
1926 808 2024 876 τῆς

453 902 770 971 ἀφροσύνης
802 898 1196 969 ὲγκρύπτουσι,
1226 899 1308 952 διδ
1338 900 1431 953 καὶ
1459 900 1711 968 μένουσιν
1742 902 2030 971 ἀνιάτρευ-

452 1009 567 1045 τοι·
611 991 720 1045 οὐδ’
753 992 811 1043 ἐν
845 992 910 1061 τῇ
950 989 1160 1058 διανοίᾳ
1207 990 1300 1041 τὸν
1341 990 1592 1043 τοιοῦτον
1639 990 1739 1060 τῆς
1769 991 2026 1055 ἀσεϐείας

452 1082 766 1153 ἀθροίζουσι
801 1081 1082 1148 λογισμὸν,
1133 1082 1321 1151 «apem
1356 1083 1465 1149 γὰρ
1498 1080 1738 1144 διανοίας
1785 1080 1962 1144 οὕτως
1999 1083 2028 1136 ὁ

453 1178 634 1239 τόκος,
667 1173 782 1251 ἀλλ’
814 1173 874 1226 ὲν
920 1175 985 1242 τῇ
1017 1172 1210 1244 καρδία
1247 1176 1347 1241 τὴν
1390 1172 1583 1227 ἀθεῖαν
1614 1172 1889 1235 ὠδίνουσι,
1934 1176 2029 1244 τῆς

457 1268 597 1338 πρὸς
628 1267 728 1336 τὴν
761 1265 1019 1335 αἴσθησιν
1053 1266 1147 1317 καὶ
1177 1264 1276 1335 τὴν
1310 1263 1441 1333 ὓλην
1474 1266 1822 1336 ἀλογωτάτης
1858 1266 2032 1336 ῥοπῆς

456 1357 627 1423 αὐτὴν
658 1355 1078 1425 ὲνσπειρούσης.
1123 1354 1186 1408 Εἰ
1212 1355 1320 1423 γὰρ
1344 1354 1558 1427 διανοίᾳ
1588 1357 1681 1407 καὶ
1708 1356 1850 1423 λόγῳ
1881 1356 2045 1431 χρῆ-ι

458 1448 584 1500 σθαι
607 1444 892 1515 ἠδύναντο,
925 1443 1245 1513 δυνηθέντες
1273 1444 1338 1498 ἂν
1385 1446 1568 1509 εὐθὺς,
1605 1446 1723 1515 είγε
1776 1448 1869 1501 καὶ
1904 1448 2033 1516 βου·

456 1538 707 1606 λομένοις
734 1531 804 1606 ἦν
831 1536 1022 1607 ἁπάσῃ
1051 1535 1254 1605 σπουδῇ
1285 1535 1346 1589 τὸ
1365 1535 1513 1609 ,Θεὸν
1540 1531 1702 1601 εῖναι,
1732 1540 1823 1591 καὶ
1856 1539 2035 1606 φωτὸς

456 1625 526 1699 ἦν
552 1629 618 1681 ἂν
642 1628 826 1691 αὐτοῖς
854 1626 1273 1695 ἐναργέστερον,
1319 1627 1416 1680 καὶ
1460 1628 1561 1681 ὅσα
1610 1628 1707 1697 τῆς
1746 1628 2035 1692 εὐσεϐείας

457 1717 713 1773 ἐντεῦθεν
746 1718 958 1786 ἀνίσχει
987 1717 1238 1784 δόγματα
1258 1729 1272 1747 ⁸
1326 1720 1423 1772 καὶ
1450 1716 1485 1770 ἃ
1538 1718 1637 1786 μὲν
1665 1719 1763 1781 τὰς
1802 1719 1911 1774 τῶν
1943 1736 2035 1773 σο-

460 1812 579 1878 φῶν
631 1808 873 1870 διανοίας
923 1807 1342 1876 καταλάμπουσι
1390 1807 1486 1861 τοῦ
1532 1808 1668 1862 Θεοῦ
1712 1808 1873 1878 ἔργα,
1922 1814 2038 1874 τοῖς

460 1902 676 1963 πολλοῖς
728 1898 999 1967 ἀνέφικτα
1051 1898 1412 1968 καθορᾶσθαι,
1462 1900 1745 1969 παρείσθω
1789 1901 1905 1969 νῦν,
1948 1904 2040 1971 ἑγ-

458 1996 693 2062 κείμενα
723 1992 779 2045 δὲ
810 1995 921 2054 τοῖς
948 1990 1126 2045 αὐτῶν
1154 1990 1402 2059 βιόλίοις,
1435 1990 1616 2055 ἔξεστι
1652 1993 1730 2063 τῷ
1754 1995 2040 2065 δυναμένῳ

460 2099 518 2134 τε
551 2082 646 2133 καὶ
676 2080 987 2149 βουλομένῳ
1017 2078 1224 2149 ζητεῖν,
1255 2078 1314 2143 ἐξ
1342 2073 1418 2133 ὧν
1449 2080 1530 2135 ὅτι
1559 2098 1618 2135 τε
1646 2082 1859 2154 ἀνάγκη
1892 2086 2043 2140 πᾶσα

459 2173 555 2226 τὸν
590 2173 722 2225 Θεὸν
755 2166 919 2233 εἶναι,
970 2172 1066 2223 καὶ
1118 2171 1193 2234 ὡς
1244 2170 1509 2225 ἀδύνατον
1549 2172 1617 2227 ἂν
1662 2171 1908 2245 μὴεῖναι
1947 2177 2042 2230 καὶ

465 2268 609 2337 πέρα
632 2264 835 2325 παντὸς
858 2265 1125 2318 ἀδυνάτου
1160 2302 1176 2328 ,
1210 2265 1507 2319 δείκνυται.
1552 2266 1827 2337 Παρίεμεν
1858 2267 1913 2320 δὲ
1950 2270 2046 2327 καὶ

464 2341 786 2430 τῆν’κοινὴν
818 2357 1076 2416 ἁπάντων
1112 2356 1420 2429 ἀνθρώπων
1452 2358 1633 2427 δόξαν,
1664 2360 1809 2431 μέγα
1835 2378 1886 2416 τι
1910 2364 2047 2434 πρὸς

465 2456 565 2521 τὴν
599 2453 863 2522 ἀλήθειαν
893 2451 1225 2523 δυναμένην,
1269 2454 1429 2523 είπερ
1466 2453 1620 2507 οὐδέν
1662 2457 1811 2507 ἐστιν
1854 2456 2050 2525 ἀληθέ-

470 2563 661 2613 στερον
688 2545 799 2597 τῶν
848 2545 1011 2613 φύσει
1058 2546 1226 2597 πᾶσιν
1257 2546 1618 2614 ἐγνωσμένων
1649 2546 1831 2616 ἀρχῶν
1852 2564 1865 2579 '
1907 2547 2050 2617 πλὴν

469 2640 578 2706 γὰρ
612 2636 912 2707 ἐλαχίστων
967 2636 1110 2687 πάνυ
1160 2636 1271 2687 τῶν
1325 2637 1446 2689 λίαν
1494 2638 1936 2705 ἀφρονεστάτων,
1974 2629 2053 2702 ὡς

473 2728 717 2797 εἴρηται,
753 2727 886 2779 Θεδν
919 2728 1121 2788 πάντες
1147 2726 1386 2779 ἑτίθεντό
1407 2744 1466 2781 τε
1490 2731 1586 2781 καὶ
1618 2728 1878 2794 τίθενται,
1910 2730 2050 2783 ὥστε

471 2820 566 2873 καὶ
598 2820 660 2872 τδ
690 2818 745 2871 τί
775 2813 845 2889 ἦν
878 2813 1015 2871 εἶναι
1056 2819 1152 2872 καὶ
1177 2818 1292 2881 πῶς
1326 2815 1467 2872 εἶναι
1498 2818 1684 2873 τοῦτον
1722 2819 2053 2889 ἐπιζητῆσαι

475 2912 805 2980 θελήσαντες
832 2908 922 2963 διὰ
960 2911 1060 2978 τὴν
1093 2912 1151 2962 ὲν
1187 2912 1395 2973 τούτοις
1423 2913 1769 2981 δυσχέρειαν,
1802 2912 1877 2974 ὡς
1905 2913 2047 2975 είκός

472 3003 591 3055 ἐστι
615 3002 746 3071 περὶ
774 3001 911 3054 Θεοῦ
941 3002 1360 3070 σκοπουμένοις,
1393 3004 1473 3066 είς
1502 3006 1794 3071 διαφόρους
1818 3021 2057 3073 κατεμε-

476 3093 746 3164 ρίσθησαν
776 3093 1054 3163 ἄνθρωποι
1102 3092 1263 3156 δόξας
1311 3096 1405 3148 καὶ
1453 3095 1554 3162 τῆς
1589 3096 1865 3164 προτέρας
1903 3095 2052 3163 ὅμως

2140 621 2400 676 simulant
2438 631 2494 678 et
2520 623 2701 693 lingua
2733 624 2952 692 quidem
2990 640 3095 679 una
3125 640 3249 678 cum
3293 627 3505 680 caneris
3537 628 3715 679 omni-

2141 712 2245 769 bus
2268 714 2436 767 Deum
2463 729 2586 769 esse
2618 712 2970 779 conﬁtentur,
3032 716 3085 769 in
3127 717 3294 770 corde
3326 730 3456 771 vero
3486 717 3717 771 insani-.2

2139 818 2410 859 venenum
2446 805 2757 861 abstrusum
2798 806 3071 872 retinent;
3119 816 3282 876 atque
3319 810 3442 863 ideo
3495 817 3718 863 manent
3788 818 3791 829 '

2150 896 2508 953 insanabiles.
2555 897 2624 952 At
2656 912 2830 965 neque
2858 908 3038 954 mente
3070 908 3227 955 tenus
3256 901 3385 955 illud
3421 901 3716 970 impietatis

2141 988 2436 1059 cogitatum
2492 990 2595 1044 sibi
2653 991 2966 1054 conferunt,
3027 992 3225 1061 quippe
3283 995 3373 1062 qui
3421 994 3631 1049 alienus
3685 1010 3714 1047 a

2152 1089 2337 1135 mente
2373 1079 2539 1137 fretus
2574 1081 2715 1150 iste;
2757 1083 2849 1137 sed
2901 1084 2953 1137 in
2999 1086 3162 1139 corde
3191 1086 3518 1141 atlteismum
3552 1101 3720 1154 gene-

2143 1178 2291 1232 rant,
2328 1181 2658 1243 conceptum
2709 1175 2920 1229 scilicet
2963 1192 3024 1229 ex
3080 1176 3459 1231 amentissime
3508 1178 3598 1230 illo
3649 1178 3717 1231 ad

2144 1262 2434 1319 sensibiles
2463 1272 2814 1335 terrenasque
2859 1281 2946 1320 res
2986 1267 3214 1337 impetu.
3252 1265 3386 1320 Nam
3455 1268 3499 1320 si
3536 1274 3720 1322 mente

2145 1354 2360 1424 possint
2400 1369 2464 1410 ac
2505 1358 2719 1411 ratione
2779 1359 2878 1422 uti,
2935 1360 3079 1429 quod
3115 1367 3262 1414 certe
3297 1359 3457 1413 facile
3499 1369 3724 1428 possent

2145 1442 2275 1497 dum
2318 1443 2467 1499 omni
2517 1445 2698 1500 studio
2728 1444 2897 1501 Deum
2928 1462 3047 1502 esse
3078 1448 3268 1511 velint,
3304 1449 3420 1517 ipsa
3451 1449 3573 1503 luce
3601 1449 3717 1501 cla-

2144 1535 2263 1592 rius
2312 1544 2366 1591 et
2413 1536 2598 1592 divina
2635 1538 2835 1593 veritas
2879 1548 2933 1593 et
2967 1547 3321 1608 quotcunque
3364 1542 3429 1593 ad
3464 1541 3721 1608 pietatem

2157 1629 2287 1683 inde
2331 1627 2601 1698 prodeunt
2630 1630 2880 1698 dogmata
2917 1630 3027 1685 illis
3073 1631 3420 1702 eﬂ‘nlgerent.
3457 1632 3628 1685 Porro
3659 1646 3723 1683 ea

2148 1718 2369 1789 quidem
2420 1719 2513 1775 Dei
2545 1734 2712 1789 Opera
2751 1734 2872 1789 quae
2906 1721 3215 1776 doctiorum
3278 1730 3492 1777 mentes
3523 1723 3727 1775 illumi-

2150 1822 2306 1876 nant,
2332 1812 2477 1881 vulgi
2512 1827 2639 1866 vero
2680 1813 2855 1867 oculis
2889 1821 3015 1867 sunt
3051 1813 3362 1879 inaccessa,
3389 1813 3534 1882 quod
3582 1828 3727 1865 nunc

2145 1912 2251 1966 est,
2307 1911 2728 1972 pratereamus;
2798 1904 3001 1958 atenim
3057 1919 3179 1972 quae
3235 1906 3287 1958 in
3343 1919 3530 1960 eorum
3574 1904 3725 1957 libris

2148 2003 2522 2046 memorantur
2546 1994 2723 2048 cuivis
2744 1994 2938 2049 idoneo
2964 2010 3027 2049 ac
3050 1995 3251 2049 volenti
3277 1997 3404 2050 licet
3426 1995 3726 2062 inquirere,

2151 2085 2295 2140 unde
2334 2084 2745 2143 demonstratur
2792 2095 2845 2139 et
2879 2102 3106 2142 necesse
3139 2088 3365 2141 omnino
3392 2102 3514 2141 esse
3560 2086 3729 2139 Deum

2153 2178 2421 2234 exsistere
2438 2188 2674 2250 etsupra
2707 2196 2866 2250 quam
2893 2179 2999 2235 dici
3033 2187 3211 2250 potest
3238 2180 3574 2250 impossibile
3606 2193 3728 2232 eum

2158 2283 2268 2323 non
2300 2285 2443 2325 esse.
2501 2269 2605 2325 Sed
2642 2282 2697 2324 et
2748 2272 2893 2325 illam
2978 2274 3335 2339 praetermitto
3385 2286 3730 2326 communem

2153 2360 2405 2416 omnibus
2484 2362 2798 2417 hominibus
2849 2365 3377 2433 sententiam,quze
3445 2380 3552 2415 non
3618 2379 3733 2417 mo-

2156 2452 2337 2507 dicum
2375 2469 2471 2523 pro
2503 2457 2732 2509 veritate
2766 2456 2930 2519 valet;
2957 2456 3225 2525 siquidem
3268 2457 3552 2525 principiis
3577 2465 3737 2510 natu-

2158 2546 2346 2600 raliter
2377 2546 2518 2613 apud
2555 2560 2749 2601 Omnes
2784 2548 3027 2615 acceptis
3082 2547 3216 2599 nihil
3257 2548 3557 2616 quidquam
3614 2563 3738 2599 eer-

2157 2636 2286 2689 tius.
2335 2634 2494 2700 Nam,
2545 2643 2604 2689 ut
2637 2634 2902 2701 diximus,
2942 2647 3135 2705 printer
3172 2653 3333 2703 quam
3380 2641 3740 2707 paucissimos

2157 2728 2449 2783 admodum
2482 2728 2821 2785 insanientes
2843 2773 2857 2795 ,
2898 2730 3064 2783 Deum
3097 2746 3290 2788 omnes
3322 2740 3659 2801 agnoverunt
3689 2743 3742 2785 et

2154 2834 2452 2890 agnoscunt
2472 2836 2486 2885 ;
2507 2818 2582 2874 ita
2607 2835 2798 2890 nempe
2821 2829 2877 2876 ut
2898 2835 3018 2876 cum
3039 2824 3156 2891 ejus
3169 2825 3461 2878 essentiam
3478 2835 3529 2877 et
3554 2824 3742 2877 modos

2156 2912 2440 2981 explorare
2464 2913 2812 2979 tentaveriut,
2828 2927 3010 2968 rerum
3031 2913 3343 2970 dillicultate
3362 2915 3555 2985 pressi,
3574 2925 3630 2970 ut
3648 2930 3744 2983 par

2153 3011 2239 3057 est
2264 3001 2333 3055 de
2357 2999 2466 3055 Deo
2499 3002 2938 3070 speculantibus,
2973 3004 3028 3058 in
3053 3019 3229 3061 varias
3261 3008 3399 3059 varii
3437 3006 3746 3061 divisisuut

2161 3094 2471 3161 Opiniones;
2506 3109 2605 3149 nec
2631 3103 2809 3150 tamen
2836 3109 2864 3149 a
2888 3098 3054 3165 priori
3079 3098 3551 3166 communiorique
3578 3112 3743 3151 sensu

474 3186 572 3238 καὶ
626 3186 944 3255 κοινοτέρας
994 3186 1096 3239 οὐκ
1144 3188 1473 3255 ἀφίστανται
1527 3187 1755 3249 θέσεως.
1803 3187 2126 3267 Θαύματιρ
2159 3185 2232 3239 Ιιιι

1988 3204 2053 3240 ιτι
2080 3205 2126 3267 c
2159 3185 2444 3252 hucusque
2480 3186 2761 3242 deliciunt.
2795 3188 2961 3257 Atqui
2996 3189 3345 3243 admirationi
3373 3189 3658 3256 indulgent
3690 3198 3746 3241 et

478 3277 579 3346 μὲν
626 3274 721 3331 οὖν
776 3278 1134 3346 ἀσμενίζουσι
1194 3279 1288 3331 καὶ
1354 3280 1683 3349 κατέχουσι·
1734 3280 1795 3331 τὸ
1828 3280 1938 3348 γὰρ
1982 3278 2057 3349 μὴ

475 3371 739 3424 δύνασθαι
789 3370 867 3440 τῷ
914 3371 1148 3440 ὲμφύτῳ
1199 3372 1343 3441 λόγῳ
1394 3374 1686 3425 κατανοεῖν
1720 3374 1891 3425 ταῦτα
1929 3373 2059 3441 περὶ

477 3460 636 3527 Θεοῦ,
692 3462 829 3533 μηδὲ
889 3464 1003 3527 τοῖς
1046 3463 1209 3530 φύσει
1266 3465 1690 3534 γινωσκομένοις
1741 3466 1836 3517 καὶ
1887 3463 2059 3518 ταῦτα

480 3555 744 3626 σύστοιχα
774 3553 934 3621 εἶναι,
968 3556 1063 3610 τοῦ
1104 3557 1237 3609 Θεὸν
1270 3553 1411 3611 εἶναι
1444 3558 1721 3611 ποιοῦνται
1763 3560 1903 3627 μέγα
1931 3575 2062 3611 τεκ-

481 3652 721 3720 μήριον,
778 3650 935 3721 εἴπερ
982 3654 1047 3719 τῇ
1100 3652 1195 3703 τοῦ
1243 3651 1376 3703 Θεὸν
1426 3647 1566 3705 εἶναι
1618 3651 1799 3721 ἐννοίᾳ
1851 3652 1912 3704 τὸ
1961 3649 2063 3721 τὴν

478 3744 672 3797 οὐσίαν
710 3745 879 3797 αὐτοῦ
929 3744 1003 3813 νῷ
1047 3762 1108 3797 τε
1139 3744 1379 3812 ἄληπτον
1411 3742 1549 3798 εἶναι
1591 3745 1685 3797 καὶ
1717 3743 1930 3813 γλώττῃ
1965 3746 2064 3814 ἄῤ-

483 3840 669 3908 ρητον,
700 3839 882 3907 σοφῶς
921 3837 1061 3891 πάνυ
1092 3839 1187 3891 καὶ
1214 3839 1429 3901 οίκείως
1465 3839 1786 3891 ἀκολουθεῖ’
1819 3838 1938 3892 οὐδὲ
1964 3838 2064 3901 τὰς

484 3931 668 3984 θεόθεν
700 3931 1078 4000 ἀποκαλύψεις
1124 3932 1224 4001 τῆς
1274 3938 1403 4001 περὶ
1433 3932 1599 3985 αὐτὸν
1631 3932 1891 4000 ἀληθείας
1922 3932 2069 3984 τίθε-

485 4040 588 4092 μεν
624 4022 744 4089 νῦν,
780 4040 918 4093 προς
948 4040 1012 4091 γε
1044 4024 1144 4094 τὴν
1186 4025 1379 4094 χρείαν
1411 4025 1506 4076 τοῦ
1547 4026 1658 4078 τῶν
1691 4025 2067 4094 ἀφρονευομέ-

482 4133 589 4169 νων
617 4117 866 4186 ἐλέγχου,
892 4116 1013 4168 λίαν
1038 4118 1254 4179 οἰκείως
1288 4117 1570 4185 προϊόντος
1598 4116 1693 4170 τοῦ
1720 4118 1902 4183 λόγου,
1930 4118 2068 4185 πρὸς

486 4208 681 4278 ἑτέραν
732 4208 922 4278 χρείαν
972 4207 1443 4278 παραληψόμενοι.
1488 4207 1630 4262 Ἀλλ’
1671 4210 1797 4261 ἐπεὶ
1839 4209 1972 4262 Θεὸν
2005 4209 2066 4261 ού

488 4300 802 4369 νομίζοντες
838 4286 1109 4371 εἶναιτὴν
1161 4318 1222 4354 τε
1256 4300 1366 4354 τῶν
1416 4301 1588 4353 ὄντων
1638 4300 1926 4370 ἀναιροῦσι
1978 4301 2073 4371 δη-

491 4394 784 4462 μιουργίαν
822 4395 923 4447 καὶ
963 4394 1065 4464 τὴν
1113 4395 1192 4456 είς
1224 4394 1403 4452 πάντα
1452 4393 1625 4447 ταῦτα
1675 4393 2067 4464 διατρέχουσαν

483 4484 582 4537 τοῦ
622 4485 976 4556 Δημιουργοῦ
1005 4489 1283 4556 πρὸνοιαν,
1316 4486 1627 4551 ἀκολούθως
1657 4490 1723 4557 τῇ
1757 4488 2069 4557 ὲνταθείσῃ,

2162 3276 2431 3331 ἰιιιιιιιτριιι
2475 3295 2490 3331 :
2555 3294 2678 3334 cum
2730 3281 2875 3335 enim
2926 3281 3039 3335 [nec
3094 3282 3161 3336 de
3207 3280 3318 3336 Deo
3375 3280 3598 3347 praefata
3648 3295 3745 3334 nec

2162 3372 2331 3427 indita
2367 3373 2578 3428 ratione
2607 3375 2818 3442 possint
2852 3375 3077 3445 intelligi
3104 3390 3280 3445 neque
3315 3377 3482 3430 rebus
3512 3383 3743 3428 natura-

2166 3464 2287 3518 liter
2321 3466 2467 3519 notis
2499 3466 2976 3536 sintcongenerze,
3034 3468 3160 3521 hinc
3209 3468 3379 3522 Deum
3426 3482 3550 3521 esse
3586 3482 3748 3535 algu-

2165 3564 2410 3610 mentum
2444 3571 2549 3610 non
2581 3558 2697 3610 lere
2730 3558 2829 3612 sibi
2871 3567 3191 3627 comparant
3226 3573 3239 3612 :
3273 3560 3540 3627 siquidem
3576 3562 3749 3623 positu

2167 3650 2320 3717 prius
2375 3649 2523 3702 illum
2561 3650 2847 3711 exsistere.
2903 3662 3011 3704 tum
3050 3652 3170 3721 ejus
3222 3652 3519 3707 essentiam
3576 3668 3753 3713 neque

2170 3739 2447 3793 intellectu
2478 3741 3010 3804 contprcbentli‘neo
3040 3758 3291 3796 sermone
3326 3744 3594 3795 declarari
3635 3758 3754 3809 pos-

2171 3847 2251 3895 Se,
2288 3846 2549 3901 perquam
2587 3833 2838 3903 apposite
2870 3849 2931 3888 ac
2984 3836 3218 3905 genuine
3262 3851 3606 3904 consequens
3650 3843 3755 3889 est.

2169 3923 2358 3996 Neque
2400 3926 2614 3981 divinas
2648 3927 2714 3980 tle
2747 3926 2991 3996 ejusdem
3047 3927 3141 3983 Dei
3174 3935 3401 3982 veritate
3456 3927 3750 3981 revelatio-

2171 4034 2269 4075 nes
2298 4020 2352 4074 in
2384 4022 2797 4089 praesentiarum
2842 4021 3109 4076 adducam
3138 4039 3151 4088 ;
3184 4038 3307 4075 cum
3336 4024 3399 4076 ad
3434 4038 3529 4077 eos
3563 4024 3761 4076 cuulu~

2173 4112 2388 4179 tandos,
2420 4114 2514 4183 qui
2543 4114 2616 4166 ita
2651 4097 2996 4169 dementiunt
3047 4114 3333 4184 aptissime
3392 4115 3535 4169 ratio
3566 4130 3662 4183 per
3703 4131 3761 4167 se.

2173 4206 2445 4276 proﬁciat,
2474 4216 2729 4262 cancrum
2766 4207 2887 4263 illas
2931 4207 3096 4262 aliunt
3140 4206 3206 4261 ad
3268 4207 3427 4262 linem
3469 4208 3757 4261 allatuins.

2178 4296 2290 4354 Sed
2328 4299 2592 4369 quoniam
2624 4298 2794 4355 semel
2827 4299 3043 4367 abjecto
3080 4299 3191 4353 Deo
3213 4300 3421 4354 entium
3456 4309 3761 4354 creatorem

2177 4391 2340 4446 simul
2396 4391 2656 4447 auferunt
2695 4401 2749 4447 et
2789 4391 3070 4447 Creatoris
3111 4408 3207 4463 per
3261 4394 3374 4449 haec
3419 4396 3602 4448 omnia
3637 4409 3763 4463 per—

2181 4489 2455 4536 meantem
2495 4482 2923 4547 Providentiam,
2968 4496 3403 4539 consentaneum
3443 4497 3548 4549 est,
3585 4502 3647 4539 ex
3687 4486 3768 4555 ip-

446 4569 456 4584 “
489 4552 767 4639 αὑτοῖς-έν
793 4552 870 4646 τῷ
889 4552 1068 4631 *παντί
1095 4578 1232 4646 τῷδε
1263 4578 1418 4644 τάξει
1444 4578 1538 4631 καὶ
1560 4552 1886 4649 αὐτομάτως
1918 4579 1988 4633 τά
2016 4552 2078 4631 τε
2111 4552 2152 4607 D
2182 4588 2204 4629 ε

2016 4596 2078 4631 τε
2111 4552 2152 4607 D
2182 4588 2369 4629 sorum
2398 4573 2464 4628 de
2499 4574 2585 4629 bis
2617 4574 2893 4629 universis
2931 4576 3160 4630 inducto
3191 4586 3510 4645 systematc,
3544 4586 3602 4630 ιιι
3633 4592 3764 4632 casn

487 4676 619 4729 δντα
659 4668 800 4725 εἶναι
851 4672 921 4725 τά
971 4687 1030 4722 τε
1083 4671 1350 4739 γινόμενα
1397 4670 1650 4740 γίνεσθαι
1699 4671 1926 4734 οἴονται,
1981 4673 2078 4726 καὶ

493 4767 641 4828 ἄπας
673 4762 831 4826 ἄλλος
872 4761 1045 4830 ἑσμὸς
1084 4760 1178 4814 τοῦ
1209 4761 1439 4830 ψεύδους
1486 4760 1740 4815 ἐντεῦθεν
1766 4761 2075 4829 ἀκολουθεῖ,

489 4861 653 4931 ἀρκεῖ
703 4856 841 4926 πρὸς
887 4856 987 4925 τὴν
1042 4855 1328 4926 παροῦσαν
1380 4854 1573 4924 χρείαν
1628 4856 1899 4909 πυθέσθαι
1932 4856 2074 4920 τινος

488 4951 672 5008 αὐτῶν
698 4950 847 5005 ἀπλᾶ
868 4966 990 5002 τινα
1013 4951 1107 5002 καὶ
1138 4947 1278 5002 πάνυ
1310 4947 1518 5019 βραχέα
1551 4950 1683 5019 περὶ
1712 4949 1882 5003 αὑτοῦ
1917 4949 2077 5017 μόνου

490 5045 587 5099 καὶ
648 5043 809 5113 μόνον
861 5042 1025 5095 αὐτὸν
1076 5040 1301 5111 ἔλεγχον
1350 5042 1448 5109 τῆς
1504 5042 1713 5105 οίκείας
1760 5041 2079 5112 ἀφροσύνης

492 5138 909 5211 προστήσασθαι
958 5136 1273 5204 ὲξ’ὀλίγων
1303 5153 1361 5189 τε
1402 5138 1495 5189 καὶ
1527 5136 1932 5209 φανερωτάτων
1970 5136 2080 5189 τῶν

491 5232 627 5304 περὶ
654 5229 822 5286 αὑτὸν
858 5228 1229 5299 φαινομένων.

570 5409 862 5480 Ἄνθρωπε
882 5448 898 5473 ,
930 5409 993 5463 σὺ
1026 5409 1134 5463 τῶν
1161 5410 1338 5465 ἄλλων
1365 5412 1423 5465 ἐι
1469 5413 1538 5482 γῇ
1574 5397 1920 5483 πραγμάτων
1950 5428 2082 5480 προ-

503 5506 648 5575 έχεις
684 5506 749 5574 τῇ
790 5502 955 5571 φύσει
988 5502 1273 5573 προδήλως
1308 5506 1402 5558 καὶ
1434 5506 1533 5575 τῆς
1571 5505 1674 5575 γῆς
1722 5506 1925 5574 αὖτῆς⁹
1978 5505 2083 5573 γῆς

502 5598 605 5668 μὲν
634 5598 962 5669 ύπέρκεισαι
999 5598 1096 5651 καὶ
1144 5596 1293 5650 λίθου
1323 5600 1436 5662 τοῖς
1481 5600 1541 5651 ὲν
1590 5598 1676 5651 σοὶ
1721 5600 1857 5652 πᾶσι
1898 5599 2084 5664 καλοῖς

495 5688 601 5757 τῆς
639 5686 877 5756 φύσεως,
915 5687 1267 5758 σωματότητι
1305 5689 1444 5761 μόνῃ
1492 5688 1704 5754 τούτοις
1751 5691 2040 5760 ένούμενος
2065 5705 2081 5721 ο

496 5779 594 5831 καὶ
635 5778 700 5831 σὺ
736 5778 846 5849 γάρ
882 5777 1047 5848 σῶμα
1080 5778 1422 5850 περίκεισαι,
1467 5780 1515 5831 εί
1544 5780 1597 5832 δὲ
1630 5778 1835 5850 βούλει,
1880 5778 1975 5831 καὶ
2006 5777 2085 5847 τῷ

500 5866 644 5925 εἶναι
671 5871 699 5924 ὃ
733 5872 913 5927 κοινόν
952 5873 1069 5928 ἐστι
1098 5875 1211 5937 τοῖς
1243 5873 1363 5927 οὖσι
1397 5876 1561 5928 πᾶσιν
1595 5873 1803 5938 ἁπλῶς.
1840 5871 1996 5944 Φυτῷ
2026 5872 2081 5927 δὲ

2181 4681 2304 4721 esse
2351 4680 2475 4736 qua:
2527 4677 2661 4721 sunt
2710 4677 2765 4722 et
2810 4668 2927 4723 fieri
2981 4683 3101 4737 qua:
3160 4668 3295 4722 ﬁunt
3378 4670 3766 4734 arbitrentur,

2182 4772 2249 4811 ac
2282 4755 2524 4813 indidem
2558 4759 2915 4829 omnigenum
2956 4760 3102 4813 aliud
3141 4760 3348 4815 erroris
3378 4775 3573 4831 agmen
3610 4778 3771 4815 exse-

2183 4849 2391 4917 quitur.
2426 4849 2639 4904 Idcirco
2672 4860 2757 4907 sat
2793 4851 2990 4918 eritgad
3025 4861 3352 4922 praesentem
3384 4868 3611 4923 scopum
3650 4856 3772 4910 cui-

2183 4941 2328 5009 piam
2361 4956 2556 4996 eorum
2618 4942 2982 4998 brevissimas
3012 4942 3287 5012 quasdam
3326 4953 3380 4998 et
3422 4954 3640 5011 apertas
3693 4947 3773 4998 iu-

2184 5036 2592 5105 terrogationes
2618 5036 2763 5091 circa
2801 5037 2980 5106 ipsum
3010 5038 3184 5091 solum
3214 5051 3522 5107 proponere
3571 5054 3771 5090 utrum-

2185 5142 2292 5198 que
2353 5129 2527 5196 ipsum
2606 5129 2713 5183 sibi
2771 5130 2823 5182 in
2882 5131 3136 5185 amentia:
3209 5148 3323 5187 sua:
3390 5142 3773 5201 argumentum

2188 5218 2460 5290 proferre.
2491 5218 2707 5274 scilicet
2733 5235 2797 5273 ex
2840 5222 3195 5287 paucissimis
3230 5222 3779 5294 evidentissimisque

2186 5328 2309 5385 quin
2341 5312 2408 5367 ad
2439 5314 2623 5383 ipsum
2661 5313 2900 5367 attinent
2932 5315 3329 5385 pltrenomcnis.

2260 5405 2329 5460 Mi
2373 5406 2558 5469 homo,
2606 5415 2662 5461 tu
2709 5406 3000 5463 manifeste
3051 5409 3265 5464 caeteris
3314 5412 3553 5467 terrenis
3615 5410 3782 5468 rebus

2187 5502 2404 5573 ipsique
2481 5510 2638 5557 terra:
2696 5514 2888 5557 natura
2950 5515 3236 5573 praestas:
3311 5516 3514 5561 terram
3589 5523 3785 5575 nempe

2187 5603 2242 5649 et
2272 5593 2502 5665 lapidein
2540 5593 2772 5647 internis
2802 5594 3061 5648 omnibus
3099 5605 3306 5649 naturae
3352 5596 3580 5650 dotibus
3617 5612 3783 5665 supc-

2191 5700 2304 5749 ras,
2345 5700 2577 5755 corpore
2602 5695 2812 5739 tantum
2847 5700 2974 5741 cum
3007 5687 3114 5743 illis
3144 5688 3421 5743 adunatus
3454 5689 3603 5758 (nam
3637 5698 3691 5744 et
3725 5702 3781 5745 tu

2192 5794 2426 5849 corpore
2452 5780 2943 5851 circumvestiris);
2975 5791 3069 5835 aut
3100 5782 3287 5845 etiam,
3328 5784 3370 5837 si
3406 5784 3605 5851 placet,
3635 5784 3785 5852 ipso-

2192 5882 2301 5929 tnel
2332 5888 2453 5930 esse
2485 5872 2631 5946 quod
2671 5874 2943 5932 universis
2981 5876 3205 5933 omnino
3253 5876 3470 5933 cutibus
3499 5878 3778 5934 convenit.
