4416 6456
417 414 521 482 578

1506 423 1607 483 DE
1650 423 1799 483 Ι)Εο
1845 422 1923 481 ΙΝ
1961 421 2394 486 TRINITATE
2433 428 2612 489 UNO.

3583 429 3686 494 574

414 538 551 607 αὑτὴ
581 538 645 593 ἂν
675 538 903 611 ζήτησις
936 542 1043 613 εἴη,
1078 544 1190 606 τοῖς
1232 542 1492 596 ὑποκάτω
1526 541 1741 606 τούτοις
1787 541 1991 611 ὁμοίως
2017 540 2067 598 Α
2096 541 2158 595 ist

1936 558 1991 605 ιις
2017 540 2067 598 Α
2096 541 2239 595 istud
2277 553 2331 597 et
2364 545 2677 609 fortuitum,
2711 546 2906 602 deinde
2948 557 3001 603 et
3056 548 3147 603 illa
3198 548 3336 617 ipsa,
3391 545 3578 602 eadem
3635 549 3680 602 si

414 635 573 701 φύσει
615 653 672 687 τε
718 636 811 687 καὶ
841 635 993 701 τάξει
1025 637 1160 706 πρὸς
1195 637 1402 706 ἄλληλα
1442 636 1833 705 διαφερόντων.
1868 634 1990 689 Οὐδ’

412 729 594 779 ἐκεῖνα
640 727 750 795 γὰρ
783 727 914 796 παρ’
958 728 1168 781 ἑαυτῶν
1215 728 1314 798 τὴν
1343 727 1438 780 τοῦ
1489 728 1663 779 ποιεῖν
1713 725 1857 779 οὕτω
1899 726 1993 778 καὶ

413 820 626 870 τάττειν
661 819 718 869 ἂν
765 820 877 881 τοῖς
922 818 1335 888 ὑποδεεστέροις
1371 818 1555 887 ἔχουσι
1590 817 1840 887 δύναμιν,
1867 815 1991 869 οὔτε

410 910 507 977 τὴν
540 910 678 977 πρὸς
723 909 929 979 ἄλληλα
960 911 1239 981 ὑπεροχήν
1287 930 1346 965 τε
1394 915 1487 966 καὶ
1526 914 1718 983 ὕφεσιν
1741 928 1755 943 ·
1792 910 1991 980 σελήνη

410 1005 538 1073 γὰρ,
570 1008 729 1078 εῖπερ
764 1008 893 1074 ὲξῆν
940 1011 1100 1079 αὐτῇ,
1139 1010 1300 1061 εἵλετ’
1330 1008 1396 1062 ἄν
1429 1011 1631 1077 μᾶλλον
1676 1009 1825 1078 ἥλιος
1852 1001 1992 1059 εἶναι

410 1100 502 1151 καὶ
557 1099 700 1168 ἅπερ
739 1100 891 1169 ἥλιος
946 1102 1002 1153 ὲν
1061 1104 1171 1163 τοῖς
1227 1101 1488 1155 ὑποκάτω
1543 1103 1756 1164 τούτοις
1805 1104 1990 1166 ποιεῖ,

408 1190 577 1244 ταῦτα
605 1195 775 1244 ποιεῖν
804 1194 1003 1259 μᾶλλον
1026 1194 1183 1262 αὑτὴ,
1217 1195 1388 1246 πλείω
1412 1213 1466 1247 τε
1499 1198 1592 1247 καὶ
1625 1194 1818 1265 βελτίω
1840 1196 1989 1260 ὄντα,

409 1277 482 1335 ὧν
519 1283 653 1349 αὑτὴ
682 1287 854 1337 ποιεῖν
880 1284 1139 1338 δύναται·
1179 1288 1270 1339 καὶ
1297 1286 1448 1354 ἣλιος
1474 1289 1611 1358 πρός
1650 1304 1711 1355 γε
1747 1288 1814 1340 τά
1851 1287 1991 1357 ὑπὲρ

408 1376 569 1427 αὑτὸν
608 1375 836 1444 σώματα
868 1377 1110 1441 τοιοῦτος
1155 1378 1221 1431 ἂν
1251 1375 1339 1448 ἦν,
1375 1382 1466 1431 καὶ
1518 1381 1663 1449 μάχη
1699 1397 1781 1443 τις
1815 1381 1879 1433 ἂν
1924 1377 1992 1450 ἦν

410 1469 529 1519 ἀντὶ
558 1468 785 1533 τάξεως.
826 1469 1038 1522 Οὑκοῦν
1084 1472 1175 1522 καὶ
1220 1472 1330 1532 τοῖς
1368 1472 1723 1542 ὑψηλοτέροις
1758 1474 1992 1535 ἐκείνοις

409 1560 800 1628 ἠναγκασμένη
832 1561 915 1623 τίς
950 1562 1099 1613 ἐστιν
1132 1564 1164 1631 ἡ
1209 1562 1432 1628 τοιαύτη
1475 1562 1662 1628 τάξις·
1697 1563 1987 1632 ὅθενναὺτῇ

411 1653 503 1702 καὶ
532 1652 591 1702 τὸ
620 1652 999 1721 ἀμετάϐλητον
1049 1654 1315 1723 διηνεκῶς
1348 1656 1522 1707 ἔνεστι
1546 1696 1560 1719 ,
1608 1659 1703 1710 καὶ
1755 1656 1991 1723 φυσικῆς

406 1743 572 1809 οὓσης
597 1745 696 1813 τῆς
723 1750 980 1815 τοιαύτης
1008 1748 1065 1799 ἐν
1099 1748 1283 1810 αὑτοῖς
1314 1747 1523 1812 τάξεως
1569 1750 1662 1802 καὶ
1699 1750 1799 1817 τὴν
1827 1749 1989 1815 φύσιν

2095 635 2408 703 disquisitio
2467 641 2637 703 fieret,
2687 651 2996 710 naturaque
3055 654 3108 697 et
3151 642 3361 706 ordine,
3406 643 3550 695 sicut
3597 653 3684 693 res

2096 728 2387 786 inferiores
2415 730 2733 786 abinvicem
2761 734 2953 789 dissita
2989 737 3316 804 comperias.
3352 732 3539 802 Neque
3577 731 3685 785 illis

2096 822 2239 876 enim
2268 820 2527 891 a'seipsis
2562 822 2793 879 facultas
2831 826 2974 880 inest
3012 826 3085 879 ita
3139 826 3430 895 peragendi
3486 826 3674 891 dispo-

2094 912 2328 966 nendive
2359 913 2504 986 eirea
2535 929 2624 968 res
2659 912 2888 967 inferius
2941 915 3174 984 positas,
3204 929 3304 970 nec
3332 915 3492 968 etiam
3541 916 3683 969 inter

2096 1016 2153 1055 se
2197 1003 2557 1070 praestandive
2580 1011 2674 1057 aut
2694 1003 3029 1072 subjacendi.
3050 1005 3261 1059 Etenim
3288 1004 3436 1067 luna,
3456 1005 3499 1057 si
3515 1020 3607 1072 per
3624 1020 3683 1058 se

2094 1093 2275 1157 liceat,
2308 1094 2389 1147 sol
2426 1110 2544 1149 esse
2578 1095 2758 1165 potius
2790 1095 3016 1149 baberet
3071 1106 3123 1149 et
3182 1098 3370 1150 eadem
3427 1109 3549 1165 quae
3600 1096 3681 1148 sol

2096 1188 2236 1256 apud
2265 1186 2522 1241 inferidra
2553 1189 2784 1258 ipsamet
2834 1203 3015 1257 agere,
3051 1197 3111 1241 ut
3139 1196 3266 1253 pote
3284 1189 3438 1256 plura
3468 1196 3523 1241 et
3543 1202 3681 1256 prae-

2094 1279 2359 1332 stantiora
2396 1294 2557 1347 quam
2593 1295 2713 1347 qua:
2743 1280 2857 1348 ipsa
2889 1288 3085 1348 potest.
3116 1280 3191 1332 Ita
3243 1290 3293 1331 et
3338 1279 3419 1333 sol
3485 1279 3680 1334 eodem

2096 1371 2255 1425 modo
2313 1386 2372 1425 se
2424 1372 2645 1426 baberet
2700 1387 2827 1441 erga
2890 1372 3209 1426 sublimiora
3265 1371 3363 1424 sibi
3426 1385 3677 1439 corpora,

2095 1464 2330 1533 indeque
2363 1481 2537 1533 pugna
2561 1465 2806 1534 quaedam
2832 1479 2931 1533 pro
2960 1466 3148 1519 ordine
3180 1464 3443 1534 prodiret.
3470 1462 3677 1530 Quam-

2093 1559 2277 1613 obrem
2352 1558 2457 1613 illis
2524 1559 2686 1611 etiam
2747 1558 3157 1612 sublimioribus
3231 1558 3396 1612 rebus
3472 1564 3677 1611 statuta

2094 1650 2337 1719 quaedam
2367 1652 2481 1705 haec
2510 1660 2593 1705 est
2619 1650 2912 1711 ordinatio,
2942 1649 3082 1703 unde
3112 1658 3161 1702 et
3195 1649 3309 1717 ipsa
3344 1649 3560 1717 quidem
3620 1648 3675 1701 in

2095 1753 2418 1811 perpetuum
2457 1751 2623 1798 staret
2681 1741 2971 1803 indefecta.
3026 1750 3079 1795 et
3126 1741 3179 1795 in
3240 1740 3346 1794 illis
3404 1739 3674 1809 ejusmodi

409 1836 466 1887 ὲν
490 1836 671 1898 αὑτοῖς
698 1838 928 1906 ἐχούσης
960 1839 1157 1909 ἀρχὴν,
1182 1840 1281 1908 τὴν
1312 1840 1483 1909 αὑτὴν
1517 1841 1584 1893 ἂν
1609 1840 1786 1907 ἔχοιεν
1810 1840 1990 1892 αἰτίαν
2019 1877 2064 1936 Β
2094 1850 2153 1889 0r

1930 1858 1990 1892 αν
2019 1877 2064 1936 Β
2094 1835 2439 1889 ordinatione
2474 1836 2638 1888 insita
2674 1851 2795 1904 qua:
2826 1835 2996 1903 ipsam
3033 1835 3191 1888 habet
3215 1842 3492 1887 auctorem
3518 1842 3674 1886 natu-

405 1927 601 1996 δήττου,
627 1930 717 1981 τοῦ
750 1947 805 1983 τε
839 1931 934 1983 ὡδὶ
965 1932 1267 1997 πεφυκέναι
1297 1930 1391 1984 τοῦ
1423 1949 1479 1983 τε
1506 1931 1703 1983 οὑτωσὶ
1731 1930 1985 1999 τετάχθαι

407 2022 499 2072 καὶ
553 2022 729 2074 τοιάδε
778 2023 911 2091 δρᾷν
969 2024 1024 2073 ὲν
1076 2024 1189 2083 τοῖς
1243 2023 1503 2074 ὑποκάτω
1549 2024 1778 2082 τούτοις.
1825 2022 1987 2074 Ἀλλά

406 2115 499 2166 καὶ
520 2112 675 2176 αὖθις
706 2114 1051 2181 πυνθάνομαὶ
1081 2131 1174 2167 σου
1197 2130 1210 2144 ο
1250 2114 1532 2181 οἰκοδόμος
1556 2107 1603 2164 εί
1632 2112 1695 2165 σύ
1717 2130 1777 2179 γε
1800 2114 1983 2183 τυχὸν,

403 2206 499 2258 καὶ
529 2206 645 2268 πῶς
674 2206 771 2274 οὑχ
805 2206 921 2273 ἅμα
951 2208 1047 2257 καὶ
1080 2207 1363 2273 ναυπηγὸς
1394 2202 1477 2271 si;
1514 2208 1562 2258 εί
1593 2206 1647 2258 δὲ
1682 2206 1773 2257 καὶ
1803 2204 1981 2264 τοῦτο,

403 2296 494 2349 διὰ
537 2300 590 2349 τί
620 2298 698 2368 μὴ
737 2300 830 2350 καλ¹
863 2298 1054 2367 τρίτην
1088 2297 1186 2368 τὴν
1219 2298 1622 2365 σκυτοτονλικὴν
1657 2298 1838 2366 ἔχειςς
1892 2298 1985 2349 καὶ

404 2389 481 2451 ὼς
512 2388 578 2442 ἂν
603 2389 841 2442 συνελὼν
869 2390 1057 2458 φαίην,
1088 2391 1175 2443 διὰ
1201 2391 1252 2441 τί
1279 2390 1355 2458 μὴ
1379 2390 1633 2458 καθάπερ
1664 2390 1815 2457 μιᾶς,
1841 2388 1984 2441 οὔτω

403 2484 499 2535 καὶ
527 2485 706 2551 πάσης
730 2484 926 2554 τέχνης
967 2485 1317 2552 προέστηκας
1344 2498 1357 2547 ;
1389 2483 1420 2552 ἢ
1457 2482 1639 2551 δῆλον,
1670 2484 1752 2534 ὅτι
1792 2482 1869 2551 τῷ
1908 2482 1981 2550 μὴ

401 2572 665 2626 δύνασθαι
701 2573 883 2635 πάσας
924 2571 1060 2641 ὁμοῦ
1102 2574 1366 2641 μετιέναι.
1407 2573 1497 2622 Δεῖ
1534 2571 1644 2637 γὰρ
1688 2570 1824 2638 πρὸς
1854 2568 1983 2620 ἑκά-

402 2683 534 2734 στην
566 2668 761 2735 τέχνην
800 2664 974 2719 πολλὰ
1010 2664 1109 2731 μὲν
1148 2664 1360 2731 μαθεῖν,
1394 2663 1565 2714 πλείω
1592 2662 1646 2713 δὲ
1678 2660 1979 2729 ἐνηργηκέ-

402 2776 487 2810 ναι
521 2759 616 2813 καὶ
646 2758 789 2809 οὑτω
817 2758 918 2826 τὴν
944 2757 1057 2821 ἕξιν
1083 2757 1251 2824 πείρᾳ
1275 2754 1459 2807 λαϐεῖν
1478 2770 1493 2785 ο
1520 2754 1690 2806 ταῦτα
1714 2755 1769 2806 δὲ
1801 2752 1979 2805 πλείο-

400 2868 486 2912 νος
521 2850 585 2902 ἂν
608 2850 781 2903 δέοιτο
825 2851 1045 2919 χρόνου,
1079 2848 1188 2900 οὐδ’
1220 2848 1285 2900 ἂν
1318 2849 1345 2900 ὁ
1389 2846 1619 2899 ἑκάστου
1666 2846 1780 2914 βίος
1815 2847 1979 2915 ἀρκε-

402 2960 512 2995 σειε
566 2943 704 3009 πρὸς
759 2942 821 2993 τὸ
868 2941 1087 3002 πλείους
1136 2938 1281 2991 οὕτω
1316 2940 1623 3007 κτήσασθαι
1658 2939 1839 3005 μόνον,
1886 2937 1981 2990 καὶ

401 3032 528 3103 πρίν
579 3049 697 3083 τινα
735 3032 926 3097 μαθεῖν
959 3030 1176 3091 ἁπάσας
1224 3030 1402 3090 καλῶς
1438 3029 1530 3081 τοῦ
1568 3029 1795 3080 Θανάτου
1847 3028 1981 3095 φθά-

401 3141 597 3186 σαντος
629 3126 728 3177 οὑκ
761 3122 828 3177 ἂν
876 3124 1105 3192 οὐδεμιᾷ
1154 3124 1445 3192 χρήσαιτο.
1493 3121 1601 3172 Τοῦ
1632 3121 1687 3173 δὲ
1720 3119 1978 3172 δύνασθαι

2094 1942 2232 1991 ram,
2263 1927 2447 1981 eadem
2487 1928 2741 1981 omnibus
2775 1942 2937 1981 causa
2970 1935 3115 1980 esset
3147 1940 3242 1979 cur
3278 1926 3346 1978 ita
3382 1926 3493 1979 sint
3546 1933 3671 1978 nata

2091 2020 2419 2089 definitaque
2450 2023 2513 2073 ad
2542 2020 2741 2073 similia
2788 2020 2891 2073 sibi
2952 2019 3217 2085 subjectis
3278 2017 3669 2087 impertienda.

2086 2113 2299 2165 Atenim
2330 2126 2356 2162 a
2395 2120 2445 2164 te
2477 2126 2690 2166 rursum
2717 2126 2933 2176 qumo:
2969 2112 3045 2163 'l'u
3079 2111 3214 2164 forte
3242 2111 3375 2163 artis
3412 2127 3468 2165 cs
3493 2126 3673 2165 came-

2090 2206 2287 2267 rititia),
2330 2205 2515 2274 quidni
2546 2220 2669 2258 vero
2695 2205 2857 2258 simul
2889 2212 2941 2257 et
2976 2205 3249 2274 naupcgize
3278 2204 3298 2257 ?
3329 2202 3499 2257 Porro
3522 2205 3564 2256 si
3588 2219 3673 2258 res

2090 2300 2162 2355 ita
2201 2315 2258 2355 se
2293 2300 2510 2365 babeat,
2539 2314 2637 2353 cur
2671 2315 2776 2353 non
2808 2306 2861 2353 et
2922 2300 3089 2352 filium
3146 2309 3297 2352 tenes
3351 2296 3671 2353 sutorium?

2088 2394 2328 2462 Denique
2356 2400 2412 2445 ut
2444 2393 2754 2446 summatim
2789 2392 3001 2459 loquar,
3032 2406 3198 2459 quare
3233 2403 3287 2445 ut
3312 2401 3480 2444 artem
3504 2406 3667 2445 unam

2088 2486 2165 2539 sic
2187 2500 2374 2539 omnes
2404 2485 2631 2552 adeptus
2659 2499 2766 2536 non
2800 2484 2900 2537 es?
2930 2483 3002 2536 Ex
3064 2497 3129 2537 eo
3180 2482 3473 2536 manifeste
3521 2482 3667 2551 quod

2088 2576 2424 2643 impossibile
2439 2577 2509 2630 sit
2532 2584 2762 2628 cunctas
2784 2575 2946 2628 simul
2971 2575 3211 2643 assequi.
3236 2574 3369 2628 Nam
3388 2576 3452 2627 ad
3474 2590 3669 2641 quam-

2088 2669 2215 2723 libet
2244 2677 2415 2721 artem
2453 2667 2616 2721 multa
2673 2666 2892 2736 quidem
2954 2666 3243 2720 ediscenda
3275 2681 3289 2731 ;
3328 2665 3481 2734 plura
3538 2676 3668 2720 sunt

2086 2760 2392 2815 exercenda
2422 2769 2480 2815 ut
2503 2760 2772 2828 quispiam
2806 2774 2907 2812 usu
2940 2759 3147 2826 peritus
3175 2758 3388 2812 evadat.
3422 2758 3501 2811 Ad
3555 2757 3668 2812 lnec

2088 2859 2266 2907 autem
2300 2853 2471 2906 multo
2497 2859 2740 2920 tempore
2768 2866 2906 2920 opus
2929 2861 3076 2905 esset
3132 2864 3234 2904 nec
3283 2850 3515 2919 singulis
3557 2850 3665 2903 vita

2084 2943 2353 2999 sutIiceret
2384 2945 2448 2997 ad
2479 2945 2659 3012 plures
2688 2952 2894 2997 tantum
2926 2942 3310 3012 acquirendas,
3372 2952 3427 2997 et
3478 2942 3665 3011 prius-

2085 3052 2249 3105 quam
2305 3034 2441 3091 scite
2464 3050 2659 3090 omnes
2689 3035 2888 3105 aliquis
2918 3036 3237 3102 attingeret,
3294 3044 3469 3088 morte
3521 3050 3663 3104 pra:-

2086 3134 2387 3193 occupatus
2420 3139 2488 3179 ne
2513 3139 2676 3179 unam
2722 3124 2941 3193 quidem
2993 3132 3293 3178 exerceret.
3344 3121 3450 3177 Sed
3503 3134 3660 3178 esto:

398 3217 634 3287 χρῆσθαι
665 3217 827 3286 χάριν
850 3216 1057 3277 ταύτας
1086 3216 1319 3268 κτᾶσθαι
1347 3212 1741 3274 σπουδάζουσιν
1762 3212 1973 3282 ἄνθρω-
2003 3228 2046 3287 c
2084 3217 2142 3270 hc

1919 3232 1973 3265 υ-
2003 3228 2046 3287 c
2084 3217 2334 3271 homines
2366 3216 2485 3271 illas
2515 3224 2571 3269 ut
2602 3230 2859 3270 exercere
2888 3216 3101 3269 valeant
3128 3214 3412 3284 acquirere
3440 3222 3663 3267 conten-

399 3326 525 3362 ποι·
562 3309 699 3361 ἀλλὰ
752 3309 849 3359 καὶ
899 3306 961 3359 τὸ
992 3305 1249 3359 δύνασθαι
1285 3305 1481 3374 τέχνην
1517 3304 1647 3372 μίαν
1676 3304 1708 3372 ἢ
1741 3303 1832 3355 δύο
1870 3320 1974 3371 μαι

400 3402 513 3455 θεῖν
547 3402 710 3453 πόθεν
762 3401 941 3468 ἔχεις;
994 3402 1145 3467 παρὰ
1198 3396 1429 3462 σαυτοῦ;
1467 3398 1559 3447 καὶ
1599 3396 1705 3463 μὴν
1736 3395 1896 3463 ἤρκει
1928 3393 1977 3461 γ’

399 3495 465 3546 ἂν
486 3494 547 3546 τὸ
575 3494 801 3562 θελῆσαι
830 3491 965 3561 πρὸς
993 3490 1053 3542 τὸ
1086 3489 1301 3559 μαθεῖν,
1323 3490 1418 3541 καὶ
1446 3487 1615 3550 οὕτως
1640 3487 1703 3540 ἂν
1734 3489 1786 3538 ἐν
1813 3487 1976 3554 ὀλίγῳ

398 3584 576 3654 χρόνῳ
606 3584 783 3645 πάσας
823 3582 887 3635 ἂν
920 3577 1066 3650 εἶχες
1103 3580 1337 3633 ειδέναι·
1369 3580 1505 3631 ἀλλὰ
1544 3580 1642 3646 τῆς
1675 3578 1977 3647 είρημένης

399 3678 807 3747 ⁴ιοροχωρήσεως
839 3676 931 3746 δέῃ
983 3678 1076 3728 καὶ
1108 3674 1303 3743 χρόνου
1336 3673 1473 3742 πρὸς
1522 3672 1764 3739 ἑκάστην
1804 3670 1981 3723 πλείο⁹

401 3787 511 3833 νος.
544 3768 754 3822 Οὐκοῦν
792 3766 1019 3821 ἄλλοθέν
1056 3781 1141 3817 σοι
1187 3764 1247 3816 τὸ
1291 3763 1554 3817 δύνασθαι
1591 3762 1785 3829 μαθεῖν
1833 3764 1979 3813 ἐστιν

402 3860 581 3914 ὁτιοῦν
628 3862 693 3929 τῇ
753 3857 915 3926 φύσει
969 3856 1267 3925 σπινθῆρος
1313 3855 1469 3924 δίκην
1505 3854 1855 3922 ἐγκείμενον·
1888 3854 1981 3906 καὶ

401 3955 590 4022 ὥσπερ
619 3952 720 4007 οὐκ
742 3950 933 4019 ὲγινου
963 3946 1041 4018 τῷ
1069 3948 1297 4018 θελῆσαι
1325 3946 1598 4013 γίνεσθαι,
1623 3947 1686 3997 οὐ
1710 3945 1817 4014 γὰρ
1838 3940 1983 4014 ἦσθα

402 4046 533 4115 πρὶν
583 4043 857 4111 γίνεσθαι,
910 4041 1087 4104 οὑτως
1140 4040 1259 4094 οὑδὲ
1315 4039 1408 4091 τὸν
1462 4039 1737 4108 σπινθῆρα
1794 4037 1981 4089 τοῦτον

404 4142 561 4208 ἔσχες
589 4138 667 4207 τῷ
707 4135 1059 4208 βουληθῆναι,
1113 4136 1207 4187 καὶ
1253 4132 1311 4183 τὸ
1349 4136 1423 4198 μὴ
1458 4133 1641 4191 πάσας
1688 4130 1802 4182 ἀλλ’
1835 4130 1980 4192 ἐνίας

401 4231 677 4295 δύνασθαι,
712 4232 807 4284 καὶ
853 4229 916 4284 τὸ
947 4230 1022 4297 μὴ
1057 4229 1191 4295 πρὸς
1225 4228 1405 4288 πάσας
1436 4224 1640 4293 ὁμοίως
1675 4222 1979 4276 ἀδυνατεῖν.

398 4322 541 4377 Οὕτε
576 4323 681 4392 μὴν
715 4322 1037 4387 αὐτομάτως
1089 4319 1277 4384 ἔσχες·
1309 4310 1455 4384 εἶχες
1500 4315 1609 4384 γὰρ
1646 4312 1712 4367 ἂν
1751 4313 1911 4381 μόνος
1946 4314 1978 4381 ἢ

412 4415 523 4481 μετ’
553 4413 749 4481 ὀλίγων
782 4412 965 4473 αὑτὸς,
1002 4409 1111 4461 τῶν
1143 4409 1316 4461 ἄλλων
1342 4408 1480 4477 πρὸς
1514 4406 1574 4459 τὸ
1614 4406 1804 4474 μαθεῖν
1835 4407 1974 4458 ἀπο-

410 4506 743 4575 πεφυκότων,
790 4504 979 4573 ὥσπερ
1030 4502 1164 4570 πρὸς
1209 4501 1276 4553 τά
1330 4499 1490 4568 φύσει
1534 4499 1795 4567 γινόμενα
1826 4496 1980 4548 οὐδέν

2080 3309 2213 3363 dant
2240 3310 2417 3376 ;atqui
2446 3309 2562 3377 ipsa
2583 3311 2695 3361 [nec
2724 3316 2897 3362 artem
2930 3323 3090 3361 unam
3123 3318 3216 3361 aut
3268 3307 3377 3361 duo
3427 3308 3662 3361 Cﬂllt‘ltdi

2079 3402 2309 3455 facultas
2340 3401 2610 3454 undenam
2646 3399 2738 3452 tibi
2771 3398 2793 3451 ?
2821 3397 3008 3451 Numa
3045 3399 3336 3467 temetipso
3361 3398 3382 3451 ?
3404 3396 3539 3450 Tnin
3564 3400 3660 3467 igi-

2079 3502 2165 3546 tur
2193 3491 2327 3545 velle
2364 3492 2496 3545 satis
2522 3489 2713 3544 fuisset
2742 3489 3021 3544 ediscendi
3058 3490 3251 3559 δεθείη,
3305 3489 3492 3560 sicque
3544 3506 3662 3543 om-

2079 3598 2179 3638 nes
2211 3583 2360 3636 brevi
2397 3582 2667 3651 potuisses
2688 3580 2927 3635 edoceri.
2955 3580 3059 3633 Sed
3096 3581 3318 3649 praefato
3359 3596 3493 3633 sane
3540 3597 3661 3648 pro-

2080 3691 2272 3744 gressu
2302 3684 2355 3729 et
2382 3675 2552 3728 multo
2582 3682 2823 3741 tempore
2849 3673 2943 3726 tibi
2977 3674 3041 3726 ad
3074 3673 3318 3740 singulas
3370 3688 3508 3741 opus
3558 3686 3660 3727 est.

2083 3768 2221 3836 Ergo
2254 3768 2469 3821 aliunde
2503 3768 2668 3820 babes
2696 3776 2753 3819 ut
2777 3766 2989 3820 discere
3019 3767 3197 3820 valeas
3217 3766 3663 3835 quidquidinstar

2082 3845 2332 3915 scintillae
2366 3858 2530 3911 estin
2561 3867 2755 3912 natura
2801 3858 3129 3924 depositum.
3186 3856 3251 3909 At
3309 3860 3662 3927 quemadmo-

2081 3955 2209 4009 dum
2248 3968 2351 4006 non
2379 3968 2442 4006 ex
2473 3966 2537 4005 eo
2564 3949 2738 4003 factus
2761 3965 2820 4004 es
2869 3950 3011 4018 quod
3073 3950 3186 4005 fieri
3244 3949 3482 4005 volueris
3541 3951 3664 4019 (nec

2081 4045 2224 4100 enim
2258 4045 2405 4112 prior
2450 4042 2595 4096 fuisti
2634 4057 2793 4111 quam
2821 4041 3021 4110 ﬁeres),
3060 4043 3131 4095 ita
3159 4057 3334 4112 neque
3369 4044 3662 4098 scintillam

2084 4140 2245 4193 istam
2278 4138 2511 4192 baberes
2540 4152 2602 4191 eo
2638 4137 2755 4205 ipso
2791 4135 2935 4205 quod
2971 4138 3155 4191 animo
3187 4142 3534 4207 proposueris
3550 4141 3664 4196 sive

2086 4245 2193 4285 nou
2229 4230 2405 4284 dicam
2437 4244 2629 4283 omnes
2659 4228 2751 4282 sed
2785 4229 2993 4296 aliquot
3034 4230 3349 4295 percallere,
3381 4231 3493 4285 sive
3554 4248 3662 4287 non

2082 4337 2202 4377 esse
2234 4322 2476 4374 omnium
2511 4320 2670 4374 simul
2699 4330 2998 4389 expertem.
3028 4321 3294 4374 Caeterum
3320 4336 3495 4390 neque
3519 4323 3663 4377 istud

2084 4429 2214 4467 casu
2263 4422 2456 4467 nactus
2504 4427 2675 4474 esses,
2724 4413 2952 4467 baberes
3001 4413 3146 4467 enim
3209 4428 3350 4467 unus
3401 4413 3518 4482 ipse
3570 4423 3665 4467 aut

2087 4514 2264 4556 tecum
2298 4503 2477 4571 pauci,
2509 4503 2716 4571 peritiae
2750 4504 2961 4556 caeteris
3018 4504 3329 4557 exsortibus
3362 4521 3376 4569 ;
3405 4505 3666 4571 quemad-

408 4615 513 4650 εστι
566 4597 755 4666 σχεδὸν
808 4596 877 4652 τά
921 4613 986 4665 γε
1018 4595 1343 4664 αὐτομάτως
1392 4593 1660 4659 λεγόμενα
1707 4588 1972 4656 γίνεσθαι.
2008 4582 2053 4640 D
2084 4611 2152 4648 ιη(

1918 4606 1972 4639 ιι-
2008 4582 2053 4640 Ι)
2084 4596 2299 4648 modum
2337 4610 2455 4662 qua:
2486 4593 2707 4647 fortuita
2733 4596 3014 4655 dicuntur,
3044 4609 3139 4662 pro
3186 4594 3508 4647 naturaliter
3530 4610 3662 4647 con-

402 4689 511 4741 N'w
541 4689 597 4742 δὲ
644 4678 842 4752 π’άντες
876 4688 1156 4757 ἄνθρωποι
1191 4687 1291 4754 τὴν
1337 4685 1433 4738 τοῦ
1471 4681 1768 4753 μανθάνειν
1794 4680 1976 4748 ἔχουσι

398 4781 661 4848 δύναμιν,
722 4779 991 4849 ἀορίστως
1048 4780 1147 4849 μὲν
1192 4778 1291 4847 τὴν
1349 4776 1525 4847 ἀρχὴν
1574 4774 1710 4843 πρὸς
1760 4774 1977 4835 ἁπάσας

399 4870 630 4938 ἔχουσαν
656 4868 850 4939 τέχνας
906 4871 1038 4937 πρὶν
1090 4866 1360 4935 ἄρξασθαι
1400 4864 1713 4933 μανθάνειν,
1756 4862 1893 4931 μετὰ
1921 4862 1976 4913 δὲ

398 4960 557 5012 τοῦτο
594 4961 730 5028 πρὸς
781 4959 909 5027 μίαν
953 4958 1148 5026 τέχνην
1193 4956 1539 5025 ὁριζομένην,
1585 4954 1650 5025 ἢν
1679 4956 1743 5007 ἄν
1770 4970 1851 5015 τις
1885 4954 1975 5004 καὶ

402 5052 696 5115 μακθάι-ειν
747 5050 996 5117 ἄρξαιτο,
1027 5051 1075 5100 εἰ
1108 5048 1153 5099 δ’
1190 5049 1551 5116 εὐφυέστερος
1590 5063 1671 5107 τις
1706 5046 1811 5113 εἴη,
1844 5044 1977 5112 πρὸς

399 5140 492 5190 δύο
542 5141 637 5189 καὶ
689 5141 859 5206 τρεῖς,
915 5137 1029 5188 ἀλλ’
1064 5135 1211 5188 οὗτοι
1266 5152 1329 5203 γε
1381 5136 1513 5203 πρὸς
1558 5136 1654 5195 τὰς
1696 5132 1975 5195 πλείστας,

402 5228 562 5296 σχολῇ
598 5245 662 5295 γε
697 5229 832 5294 πρὸς
861 5228 1041 5287 πάσας
1070 5228 1205 5298 ὁμοῦ
1231 5244 1243 5257 ·
1273 5227 1366 5278 καὶ
1388 5228 1486 5295 τὴν
1509 5224 1766 5292 τοιαύτην
1796 5224 1850 5275 δὲ
1879 5223 1975 5289 τῆς

401 5317 615 5383 φύσεως
649 5316 1071 5385 ἐπιτηδειότητα
1106 5317 1241 5386 πρὸς
1288 5320 1347 5367 τὸ
1380 5316 1597 5376 πλείους
1637 5317 1827 5383 μαθεῖν
1858 5314 1975 5365 ἐτέ-

404 5412 575 5475 ρωθεν
608 5410 772 5477 ἔχεις,
802 5407 925 5460 ὅθεν
948 5408 1011 5477 δὴ
1042 5409 1137 5460 καὶ
1165 5407 1225 5458 τὸ
1260 5407 1453 5475 μαθεῖν
1482 5406 1670 5467 ἁπλῶς
1698 5405 1975 5457 δύνασθαι·

401 5500 543 5552 ὥστε
582 5502 675 5551 καὶ
714 5502 915 5568 σημεῖα
966 5499 1066 5567 τῆς
1115 5499 1375 5565 τοιαύτης
1420 5498 1744 5565 δεινότητος,
1792 5496 1977 5563 ὥσπερ

402 5591 468 5647 αὖ
499 5594 810 5645 τούναντίον
840 5591 934 5645 τοῦ
991 5593 1067 5662 μὴ
1121 5591 1422 5658 πεφυκέναι
1467 5590 1603 5659 πρὸς
1645 5590 1882 5651 πλείους,
1923 5593 1980 5641 ἐν

403 5688 469 5755 τῇ
502 5683 598 5737 τοῦ
633 5684 885 5754 σώματος
920 5684 1155 5755 ὁρῶνται
1203 5685 1515 5752 κατασκευῇ
1568 5683 1664 5746 τὴν
1705 5680 1854 5734 ἔνδον
1887 5682 1981 5751 δη-

404 5778 599 5829 λοῦντα
629 5778 907 5844 διάθεσιν,
964 5777 1001 5833 ὃ.
1052 5780 1157 5840 toi;
1198 5778 1324 5846 περὶ
1362 5776 1531 5829 ταῦτα
1580 5775 1769 5837 δεινοῖς
1804 5775 1980 5837 καλῶς

406 5868 702 5940 ιξητάσοη.

2080 4686 2414 4755 tingentibus
2450 4685 2580 4738 nihil
2608 4685 2717 4740 fere
2745 4696 2892 4739 sunt.
2925 4686 3040 4740 Jain
3078 4702 3206 4741 vero
3229 4688 3481 4741 omnibus
3523 4688 3663 4741 inest

2082 4780 2395 4833 hominibus
2424 4779 2700 4832 ediscendi
2724 4778 2976 4839 facultas,
3005 4781 3283 4833 indefinite
3309 4780 3523 4848 quidem
3563 4781 3665 4834 iiii-

2081 4874 2155 4924 tio
2194 4871 2335 4925 circa
2366 4880 2507 4923 artes
2534 4885 2743 4935 omnes,
2774 4872 3090 4940 priusquam
3122 4870 3331 4925 discere
3361 4873 3657 4939 incipiant;

2080 4971 2262 5031 postea
2288 4968 2421 5013 vero
2450 4962 2537 5013 uni
2572 4970 2779 5013 tantum
2813 4962 3030 5015 addicta
3062 4978 3223 5029 quam
3257 4962 3437 5031 quivis
3462 4979 3652 5018 susce.

2080 5053 2822 5122 peritassequendamﬂuod
2858 5054 2902 5106 si
2930 5056 3292 5122 quisaptioris
3325 5055 3487 5109 fuerit
3510 5057 3661 5124 inge—

2081 5146 2178 5207 nii,
2212 5145 2275 5198 ad
2311 5145 2419 5198 duo
2456 5146 2536 5198 vel
2570 5152 2683 5199 tres
2718 5160 2817 5197 nec
2856 5146 2920 5199 ad
2955 5146 3135 5213 plures
3175 5147 3460 5215 per-tinget,
3489 5146 3659 5199 nullm

2083 5237 2262 5289 minus
2286 5238 2348 5289 ad
2385 5238 2687 5289 universas.
2719 5237 2919 5291 Verum
2952 5239 3063 5291 btec
3098 5239 3262 5292 etiam
3295 5240 3561 5293 naturalis
3590 5242 3657 5293 ad

2080 5328 2264 5397 plures
2294 5339 2439 5381 artes
2470 5329 2716 5396 aptitudo
2740 5328 2958 5381 aliunde
2992 5329 3087 5381 tibi
3121 5329 3200 5391 fit,
3232 5331 3373 5384 unde
3394 5331 3651 5385 nimirum

2082 5420 2193 5487 ipsa
2224 5418 2466 5472 discendi
2500 5419 2752 5474 facultas.
2780 5420 2925 5472 Adeo
2951 5420 3179 5487 utsigua
3200 5421 3361 5474 etiam
3385 5422 3655 5490 ejusmodi

2082 5510 2380 5564 babilitatis
2423 5512 2563 5565 sicut
2611 5522 2665 5564 et
2724 5510 2952 5571 inertim,
3007 5511 3062 5564 in
3104 5514 3351 5580 corporis
3390 5515 3657 5567 constitu-

2083 5606 2228 5657 tione
2258 5611 2553 5674 appareant
2589 5619 2651 5657 ex
2688 5603 2887 5673 quibus
2916 5603 3209 5657 innotescit
3244 5604 3409 5657 animi
3442 5614 3657 5672 captus,

2084 5705 2242 5765 prout
2264 5703 2514 5751 accurate
2547 5696 2611 5750 de
2642 5696 2725 5750 bis
2756 5695 2929 5765 perite
2984 5704 3318 5763 compertum
3361 5695 3584 5751 habent.
