4416 6456
703 374 727 407 Ιτ

696 577 935 630 materiae
961 574 1267 640 subjacent,
1297 574 1388 626 sed
1419 573 1509 627 alii
1542 573 1644 626 alia
1673 573 1935 641 qnzeritur
1960 573 1982 626 ?
2008 571 2277 624 Necenitn

695 670 942 738 profecto
993 668 1183 720 eadem
1235 682 1300 719 ex
1326 669 1550 719 materia
1581 668 1677 721 tibi
1739 668 2170 720 calceamentum
2228 673 2282 717 et

693 757 915 808 domum
947 771 1129 816 erues.
1157 767 1205 808 et
1234 755 1278 809 si
1312 771 1418 808 non
1446 755 1607 809 modo
1638 755 2018 810 caementitiatn
2077 754 2170 808 sed
2227 760 2281 806 et

694 845 959 900 sutor-iam
991 845 1201 897 coleres
1228 853 1397 897 artem
1435 861 1449 909 ;
1504 859 1679 912 neque
1708 844 1854 897 ultro
1903 843 2183 897 laborares
2233 843 2279 897 si

694 953 759 989 ex
811 936 1000 988 eadem
1054 949 1240 997 posses
1292 945 1588 1000 utrmnquc
1640 935 1932 988 conficere.
1994 933 2277 988 Undenam

696 1021 860 1086 igEtur
886 1019 1025 1088 apud
1055 1021 1294 1074 artifices
1329 1022 1414 1074 illa
1464 1024 1611 1076 circa
1667 1025 1922 1078 materias
1974 1022 2281 1076 discretio?

697 1110 810 1163 Non
844 1114 988 1164 enim
1022 1127 1118 1166 sua
1175 1124 1368 1181 sponte
1424 1116 1472 1167 id
1535 1118 1718 1184 operis
1773 1115 2032 1171 exhibent
2065 1131 2078 1182 ;
2114 1127 2280 1185 tuque

696 1206 809 1272 ipse
844 1205 967 1258 Iit-et
999 1207 1255 1261 omnibus
1283 1208 1532 1260 similiter
1558 1209 1621 1260 atl
1659 1218 1990 1262 structuram
2021 1220 2164 1263 tuam
2199 1209 2274 1262 uti

695 1297 902 1358 lict-ret,
937 1307 991 1349 at
1028 1313 1133 1350 non
1165 1297 1284 1350 ideo
1313 1314 1523 1366 posses.
1583 1298 1771 1364 Viden,
1809 1301 1953 1367 quod
2008 1300 2276 1368 ejusmodi

695 1388 989 1450 ordinatio.
1021 1391 1239 1443 tametsi
1295 1390 1348 1444 itt
1378 1391 1588 1444 artibus
1615 1399 1667 1444 et
1702 1393 1930 1460 Opiltciis
1965 1407 2060 1460 per
2091 1407 2148 1446 se
2197 1391 2276 1444 vi-

693 1481 890 1532 deatur
919 1482 1020 1534 arti
1053 1483 1316 1548 subjecta,
1375 1486 1491 1552 ipsa
1555 1498 1739 1536 revera
1800 1486 1978 1551 pra-s‘t
2025 1483 2277 1536 omnibus

694 1588 818 1638 qurc
848 1574 1172 1627 naturaliter
1203 1584 1477 1636 constant,
1509 1575 1602 1628 tibi
1636 1590 1765 1628 vero
1815 1584 2056 1642 potestas
2108 1576 2274 1628 indita

697 1664 769 1715 sit
811 1665 1120 1718 inveniendi
1154 1682 1402 1734 qua-nam
1439 1668 1666 1720 cuilibet
1695 1668 1795 1719 atti
1849 1684 1894 1718 Ill
1941 1669 2110 1719 a'ctia
2147 1683 2276 1718 eon-

695 1764 894 1824 gruat;
928 1755 1043 1823 ipsa
1098 1755 1331 1825 denique
1371 1757 1609 1824 ratiolest
1645 1758 1805 1810 etiam
1834 1757 1933 1810 sibi
1962 1757 2273 1812 famulantis

691 1846 959 1900 exercitii.
988 1847 1254 1902 Praeterea
1276 1862 1444 1914 quare
1463 1864 1584 1903 cum
1607 1849 1843 1903 mdilicas
1866 1865 1893 1904 a
1916 1849 2271 1905 fundamento

689 1936 911 2004 incipis,
945 1951 1134 1992 muros
1162 1939 1356 1993 deinde
1385 1949 1752 2007 coagmentas,
1785 1945 2026 2010 posthaec
2066 1943 2274 1997 tabula-

690 2039 872 2082 menta
904 2034 1272 2100 supersternis
1292 2047 1352 2086 ac
1381 2034 1613 2101 parietes
1647 2049 1864 2088 rursum
1917 2035 2101 2103 erigis,
2158 2048 2271 2090 tum

689 2121 946 2189 deinceps
980 2131 1184 2177 tectum
1224 2124 1485 2193 imponis,
1541 2140 1602 2181 ac
1654 2126 1865 2181 tandem
1925 2127 2272 2182 tlistribntam

689 2225 923 2264 exornas
945 2214 1258 2268 interiorem
1282 2215 1504 2270 domum
1535 2233 1549 2283 ;
1580 2219 1778 2272 etenim
1804 2234 2078 2288 nunquam
2108 2233 2274 2274 retro-

693 2319 885 2358 vrrsus
921 2298 1529 2376 iSIapcragis?Annoo
1571 2310 1797 2365 evidens
1857 2311 1998 2379 quod
2058 2313 2272 2366 etiamsi

693 2396 850 2450 aliter
876 2397 1027 2462 velis,
1053 2413 1157 2451 non
1177 2399 1294 2453 ideo
1317 2410 1574 2470 prastare
1597 2403 1811 2471 queas?
1837 2401 1928 2456 Vel
1964 2405 2125 2458 etiam
2154 2421 2276 2475 pro-

692 2486 834 2540 fecto
865 2488 1090 2556 ped.btts
1129 2500 1249 2544 tttttt
1279 2492 1441 2561 capiti
1479 2492 1683 2548 innixis
1710 2496 2008 2562 incetlcres,
2042 2498 2084 2552 si
2112 2498 2274 2550 modo

693 2580 896 2641 valcas,
932 2582 1074 2649 quod
1099 2592 1150 2636 et
1175 2583 1384 2638 losores
1439 2585 1659 2652 quidam
1693 2587 2002 2656 prodigiose
2032 2598 2273 2656 patrant;

695 2671 747 2722 hi
779 2687 906 2725 vero
941 2689 1006 2725 nc
1036 2689 1142 2727 una
1170 2676 1387 2743 quidem
1429 2678 1542 2731 vice
1566 2678 1730 2746 capiti
1766 2694 1861 2745 pro
1887 2680 2113 2746 pedibus
2140 2681 2276 2734 insi-

693 2773 868 2826 stunt,
905 2765 1243 2833 impossibile
1269 2768 1414 2821 enim
1450 2779 1566 2832 est;
1601 2771 1849 2824 manibus
1872 2780 2052 2824 autem
2086 2783 2277 2827 evccto

694 2858 873 2924 capite
899 2857 1045 2910 humi
1079 2858 1294 2923 ludunt,
1329 2863 1442 2913 vice
1473 2862 1669 2928 pedum
1719 2864 1974 2918 manibus
2033 2875 2274 2921 utentes.

697 2946 894 3016 thnid
933 2950 1155 3019 insuper
1182 2953 1232 3004 itt
1266 2953 1398 3005 mari
1431 2970 1534 3006 non
1567 2954 1826 3020 :cdificas,
1854 2968 1947 3008 aut
1973 2969 2140 3010 nauta
2169 2972 2274 3012 non

691 3041 824 3092 Sciet
867 3049 1009 3093 tcrta
1042 3047 1320 3110 navigare,
1376 3046 1478 3099 nisi
1524 3048 1666 3114 quod
1727 3064 1902 3114 neque
1964 3063 2059 3115 per
2113 3065 2274 3118 agros

705 371 810 433 575
1799 371 2057 430 GENNA
2073 372 2178 430 Dii
2227 371 2337 432 Cl’.
2382 372 2894 432 ΡΛΤΙΗΛΠΕΙΙΕ

668 506 674 536 ι
767 486 881 550 Qua
912 496 1040 537 vero
1069 482 1134 534 de
1165 496 1330 535 causa
1364 497 1468 535 non
1521 483 1722 535 caulem
1771 483 2028 535 omnibus
2074 482 2284 534 artibus
2314 486 2361 539 Α

3858 367 3962 436 576

2464 483 2630 534 ’Ύλαι
2668 483 2723 534 δὲ
2763 484 2876 543 πῶς
2930 483 3025 550 οὐχ
3079 488 3133 538 αἱ
3184 483 3346 536 αὑταὶ
3394 484 3597 543 πάσαις
3651 483 3964 533 ύπᾶκειντιι

2385 571 2640 640 τὲχναιςς
2698 572 2832 640 πρὸς
2869 573 2914 624 δ’
2949 574 3117 642 ἄλλην
3172 575 3368 642 τέχνην
3403 574 3537 640 ἄλλη
3595 575 3868 642 ζητεῖταν
3906 576 3964 622 οὐ

2384 665 2492 731 γάρ
2525 667 2589 730 τῇ
2645 664 2780 732 αὐτῇ
2833 681 2895 730 γε
2951 664 3052 736 ὕλῃ
3110 667 3362 734 ὑπόδημα
3416 665 3482 718 ἂν
3540 666 3829 732 τεχνάσαιο
3876 665 3967 713 καὶ

2382 753 2799 822 οίκίαν,.⁹είπερ
2844 756 2938 808 καὶ
2990 757 3354 824 σκυτοτομεῖν
3405 756 3630 824 εἰδείης,
3687 755 3747 804 οὐ
3805 755 3965 818 μόνον

2383 844 2717 913 οἰκοδομεῖν·
2753 847 2852 898 ούκ
2886 846 2952 899 ἂν
2980 847 3024 898 δ’
3076 842 3222 914 εἶχες
3258 847 3559 915 πράγματα
3605 843 3767 896 ἑκὼν,
3807 844 3968 907 εἴπερ

2383 933 2638 1002 ἡδύνασο,
2675 937 2740 1004 τῇ
2774 936 2911 1005 αύτῇ
2945 931 3093 988 οἶκόν
3122 953 3180 988 τε
3216 937 3311 988 καὶ
3351 935 3606 1003 ὑπόδημα
3639 935 3812 984 ποιεῖν
3844 931 3965 997 ὕλῃ.

2384 1024 2556 1078 Πόθεν
2595 1025 2700 1096 δ“ἠ
2743 1027 2883 1080 κατὰ
2939 1028 3036 1098 τὴν
3070 1028 3204 1096 ὓλην
3239 1027 3380 1096 αὕτη
3433 1025 3666 1094 διαφορᾶ
3721 1025 3857 1090 προς
3903 1041 3964 1088 γε

2383 1119 2482 1180 τᾶς
2517 1119 2711 1187 τέχνας
2746 1124 2854 1182 τοῖς
2888 1122 3198 1188 μετιοῦσιν;
3229 1121 3288 1171 οὐ
3322 1119 3429 1187 γάρ
3470 1117 3784 1187 βουλόμενοι
3814 1114 3971 1165 τοῦτο

2383 1211 2730 1279 πάσχουσιν,
2794 1215 2886 1266 καὶ
2950 1213 3013 1264 σὺ
3071 1212 3354 1281 βουληθεὶς
3415 1211 3716 1279 κεχρῆσθαι
3770 1209 3971 1265 πάσαις

2381 1304 2582 1370 ὁμοίως
2621 1306 2756 1374 πρὸς
2806 1305 2906 1374 τὴν
2961 1305 3059 1372 σὴν
3110 1303 3463 1372 οἰκοδομικὴν
3507 1303 3608 1354 οὐκ
3659 1302 3724 1352 ἂν
3763 1299 3968 1358 δύναιο,

2381 1396 2633 1463 καθάπερ
2689 1396 2864 1462 ἔφθην
2917 1397 3110 1450 εἰπών.
3181 1397 3347 1465 Ὀρᾷς
3381 1395 3482 1463 τὴν
3527 1392 3789 1458 τοιαύτην
3822 1389 3972 1452 τάξιν

2380 1489 2481 1540 κάν
2512 1489 2632 1549 ταῖς
2674 1487 2890 1555 τέχναις
2922 1505 2977 1538 τε
3009 1490 3099 1538 καὶ
3140 1490 3252 1549 τοῖς
3288 1502 3518 1556 τεχνητο
3534 1487 3585 1546 ἴς
3628 1481 3966 1552 φαινομένην

2377 1578 2455 1646 τῷ
2486 1578 2584 1648 τὴν
2620 1579 2720 1646 μὲν
2767 1578 2928 1645 φύσιν
2979 1580 3302 1631 ὑποκεῖσθαι
3346 1581 3413 1647 τῇ
3465 1577 3668 1645 τέχνῃ,
3714 1572 3971 1641 τετάχθαι

2379 1669 2433 1721 δὲ
2463 1669 2750 1738 προδήλως
2783 1669 2954 1737 αὑτὴν
2985 1673 3040 1722 ὲν
3071 1673 3184 1731 τοῖς
3223 1669 3385 1737 φύσει
3421 1667 3753 1720 συνεστῶσιν
3777 1666 3970 1725 ἅπασι,

2381 1760 2463 1810 σοὶ
2487 1758 2538 1810 δὲ
2558 1759 2787 1826 δύναμιν
2804 1759 3138 1811 ἐντεθεῖσθαι
3155 1759 3272 1822 τού,
3293 1757 3422 1810 ποία
3449 1758 3512 1810 ἂν
3535 1757 3635 1825 ὕλη
3659 1756 3785 1822 ποία
3806 1754 3971 1821 τέχνῃ

2377 1848 2696 1916 ἁρμόσειεν,
2721 1849 3012 1918 εὑρετικὴν
3034 1865 3047 1879 ”
3080 1849 3291 1918 ταύτην
3327 1848 3372 1901 δ’
3411 1844 3549 1899 εῖναι
3583 1851 3674 1897 τὸν
3695 1846 3851 1910 λόγον
3877 1842 3970 1894 καὶ

2376 1941 2575 2008 πείρας
2606 1941 2992 2010 ὑπουργούσης
3026 1942 3194 2009 αὐτῷ.
3232 1940 3394 1994 Ἀλλά
3431 1940 3536 2009 μὴν
3564 1939 3656 1988 καὶ
3688 1937 3774 1988 διὰ
3815 1936 3865 1986 τί
3907 1936 3969 1985 ὲκ

2380 2031 2634 2101 θεμελίου
2655 2032 2958 2101 οἰκοδομῶν
2978 2033 3145 2102 ἄρχῃ,
3169 2027 3287 2084 εἶτα
3309 2031 3526 2098 τοίχους
3554 2027 3844 2095 συνείρεις,
3867 2020 3968 2077 εἶτ’

2377 2123 2638 2191 ὲφαπλοῖς
2673 2126 3113 2195 καταστρώματα
3141 2125 3232 2176 καὶ
3267 2123 3477 2191 τοίχους
3530 2117 3596 2173 αὖ
3637 2118 3969 2185 ἐπεγείρεις,

2377 2213 2493 2269 εἶτα
2522 2215 2836 2268 τελευταῖον
2889 2215 3154 2277 ἐπιτιθείς
3186 2215 3411 2284 ὀρουὴν,
3463 2210 3584 2265 εἶτα
3621 2210 3857 2279 μερίζων
3886 2208 3970 2258 ἔν-

2375 2305 2467 2358 δον
2493 2310 2888 2375 κατακοσμεῖς,
2922 2308 3039 2359 ἁλλ’
3064 2309 3319 2361 οὐδέποτε
3347 2308 3438 2359 καὶ
3473 2303 3970 2371 ἀντεστραμμένως

2378 2399 2556 2452 ταῦτα
2599 2402 2812 2463 ποιεῖςς
2869 2401 3114 2468 ἢδῆλον,
3171 2403 3246 2463 ὡς
3296 2403 3395 2453 οὐκ
3434 2402 3499 2454 ἂν
3560 2401 3732 2460 ἄλλως
3789 2397 3973 2449 δύναιο

2383 2495 2555 2543 ποιεῖν
2589 2492 2708 2544 οὐδὲ
2748 2492 3075 2561 βουληθείς;
3112 2490 3188 2545 Ἦ
3222 2493 3325 2562 γὰρ
3363 2494 3429 2546 ἂν
3478 2493 3573 2546 καὶ
3617 2490 3972 2558 περιεπάτεις

2378 2584 2510 2635 ποτὲ
2538 2587 2604 2653 τῇ
2650 2587 2861 2654 κεφαλῇ
2906 2587 3032 2647 τοὺς
3085 2586 3247 2647 πόδας
3300 2585 3616 2652 ὲπερείδων,
3661 2583 3817 2650 εἴπερ
3848 2580 3972 2646 ἠδύ-

2379 2693 2531 2740 νασο,
2572 2677 2708 2745 ὅπερ
2741 2677 2872 2728 ἔνιοι
2907 2676 3194 2738 παίζοντες
3227 2674 3757 2744 παραδοξοποιοῦσιν
3783 2691 3796 2703 ·
3842 2672 3971 2722 κάθ-

2378 2786 2537 2838 ηνται
2570 2767 2622 2820 δὲ
2655 2769 2762 2820 οὐδ’
2812 2760 2959 2820 οὗτοι
2988 2771 3053 2837 τῇ
3085 2767 3295 2837 κεφαλῇ
3328 2767 3583 2830 καθάπαξ
3620 2767 3738 2818 ἀντὶ
3769 2765 3970 2824 ποθῶ-υ,

2380 2861 2662 2929 ἀμήχανον
2701 2861 2830 2930 γὰρ.
2863 2863 2984 2922 ταῖς
3020 2861 3075 2912 δὲ
3105 2862 3262 2932 χερσὶ
3287 2861 3384 2930 τὴν
3422 2858 3665 2928 κεφαλὴν
3705 2859 3970 2927 μετεωρί-

2380 2956 2569 3016 ζοντες
2617 2954 2709 3006 ἐπὶ
2767 2954 2870 3022 γῆς
2905 2955 3158 3019 παίζουσι
3209 2939 3329 3016 ταῖς
3382 2955 3571 3023 χερσὶν
3627 2952 3746 3006 ἀντὶ
3793 2950 3974 3002 ποδῶν

2381 3043 2681 3113 χρώμενοι.
2719 3044 2818 3096 Διὰ
2849 3047 2899 3095 τί
2933 3045 2990 3098 δὲ
3036 3046 3128 3097 καὶ
3164 3045 3238 3115 μὴ
3277 3045 3580 3112 οἰκοδομεῖς
3620 3044 3676 3094 ὲν
3703 3040 3972 3107 θαλάσσῃ.

695 3129 989 3199 navigatio,
1053 3149 1151 3186 nec
1206 3133 1258 3187 in
1312 3137 1444 3188 mari
1503 3139 2068 3207 unquamﬁtliﬁeatio
2120 3139 2271 3210 fungi
2308 3142 2351 3201 (ἶ
2385 3138 2439 3190 οὐ

2226 3141 2271 3210 gi
2308 3142 2351 3201 C
2385 3138 2494 3190 οὐδ’
2521 3140 2547 3190 ὁ
2586 3137 2912 3198 πλευστικὸς
2941 3136 3035 3188 ἐπὶ
3065 3137 3168 3206 γῆς
3210 3137 3367 3189 εῐωοε
3401 3137 3578 3195 πλεῖν,
3616 3136 3647 3205 ἢ
3676 3135 3756 3186 ὅτι
3810 3131 3970 3184 πλευ-

694 3231 860 3290 queat
890 3238 990 3278 suo
1037 3227 1313 3280 munere?
1381 3223 1500 3280 lluo
1549 3231 1732 3294 verbo,
1777 3247 1838 3285 cx
1895 3243 2010 3287 arte
2052 3235 2272 3303 quidem

692 3316 966 3371 :t‘ttilicare
1027 3318 1287 3383 didicisti,
1352 3331 1545 3373 natura
1593 3333 1773 3377 autem
1819 3325 2276 3394 naturalibusque

693 3412 856 3463 rebus
899 3415 1089 3464 uteris.
1130 3414 1233 3464 Aut
1275 3414 1318 3465 si
1373 3429 1526 3467 esses
1586 3415 1852 3480 medicus,
1914 3417 2116 3472 herbas
2168 3420 2276 3472 uti-

690 3518 795 3570 que
823 3517 884 3556 ae
918 3503 1123 3572 lapides
1151 3505 1201 3558 in
1236 3505 1374 3559 hanc
1403 3516 1570 3560 artem
1595 3508 1905 3563 adltibcrcs.
1955 3509 2122 3581 Atqui
2174 3513 2276 3566 alia

689 3595 908 3662 quidem
942 3595 1006 3648 ad
1045 3597 1189 3651 aliud
1225 3599 1392 3652 herba
1428 3612 1553 3654 nata
1585 3609 1691 3666 est,
1723 3618 1896 3670 neque
1931 3604 1998 3656 ad
2056 3605 2272 3660 morbos

691 3695 903 3738 ι.ιιιιιιιιι
926 3691 1220 3753 sanandos,
1247 3689 1340 3745 scd
1369 3701 1420 3744 et
1446 3691 1756 3746 inducenda
1777 3703 1887 3747 tum
1912 3694 2121 3749 scilicet
2146 3695 2277 3764 ipsis

695 3782 996 3847 utentibus,
1031 3792 1143 3837 tum
1173 3785 1239 3838 iis
1272 3785 1364 3854 qui
1401 3795 1543 3840 recte
1580 3789 1656 3841 uti
1682 3788 1939 3841 nesciunt
1966 3803 1982 3854 ;
2009 3790 2112 3841 alia
2148 3803 2277 3842 vero

689 3872 852 3924 etiam
889 3872 1045 3938 plane
1101 3876 1396 3943 perimunt,
1461 3878 1656 3932 nedum
1710 3878 1999 3934 sanitatem
2061 3887 2281 3934 servent

693 3975 782 4016 aut
825 3976 1102 4020 revocent.
1143 3967 1215 4020 Ita
1243 3978 1294 4021 et
1324 3969 1529 4037 lapides
1564 3981 1882 4038 operantur,
1934 3985 2035 4024 nec
2083 3985 2276 4024 eorum

692 4070 887 4112 natura
920 4061 1025 4113 ulla
1067 4077 1302 4131 unquam
1342 4074 1524 4130 posset
1559 4064 1827 4117 industria
1877 4065 2099 4117 mutari.
2165 4063 2281 4117 lloc

689 4161 899 4206 tantum
935 4153 1293 4222 prohibentur
1323 4170 1409 4221 ne,
1431 4156 1709 4226 preprium
1735 4155 2278 4224 assequendoﬁnem,

689 4247 823 4297 alias
850 4247 950 4300 sibi
995 4250 1301 4304 contrarias
1352 4249 1499 4303 vires
1552 4257 1644 4302 aut
1684 4248 2020 4303 cﬂicaciorcs
2073 4263 2279 4319 prmpe-

689 4342 840 4395 tliant
869 4351 1148 4395 necnonet
1174 4343 1416 4412 reliquas
1435 4341 1569 4395 artis
1590 4341 1906 4396 methodos.

2384 3230 2544 3296 στικὴ
2578 3228 2675 3297 μὲν
2708 3228 2800 3279 ἐπὶ
2832 3227 2959 3294 γῆς,
2991 3226 3312 3295 οίκοδομικὴ
3356 3225 3410 3277 δὲ
3443 3225 3537 3276 ἐπὶ
3571 3223 3843 3290 Θαλάττης
3876 3220 3975 3272 οὐκ

2383 3321 2723 3373 ἂνδῦναιντό
2761 3337 2891 3373 ποτε
2944 3319 3012 3371 τὰ
3050 3319 3231 3370 αὐτῶν
3284 3317 3587 3386 πράττεινς
3642 3314 3734 3366 καὶ
3791 3312 3977 3371 ἁπλῶς

2383 3417 2580 3478 εἰπεῖν,
2615 3415 2780 3484 τέχνῃ
2834 3415 2931 3482 μὲν
2977 3413 3150 3482 δήπου
3189 3413 3244 3463 τὸ
3279 3411 3584 3478 οἰκοδομεῖν
3634 3408 3779 3474 ἔχειν
3829 3405 3979 3472 εἴλη-

2385 3525 2514 3578 φας,
2550 3507 2819 3577 κέχρησαι
2851 3506 2906 3558 δὲ
2944 3507 3105 3574 φύσει
3133 3522 3190 3557 τε
3222 3505 3316 3557 καὶ
3346 3505 3460 3566 τοῖς
3509 3503 3607 3570 τῆς
3642 3501 3856 3569 φύσεως
3889 3497 3980 3566 ἔρ-

2385 3619 2531 3669 γοις.
2560 3601 2668 3653 Καὶ
2699 3602 2881 3673 ἰατρὸς
2905 3601 3065 3668 εἴπερ
3095 3596 3260 3670 ἦσθα,
3293 3597 3547 3667 βοτάναις
3577 3597 3643 3648 ἂν
3673 3596 3768 3646 καὶ
3807 3591 3979 3675 λίθοις

2385 3694 2524 3763 πρὸς
2554 3695 2655 3763 τὴν
2685 3694 2883 3762 τέχνην
2919 3693 3125 3762 ταύτην
3165 3693 3434 3762 ὲκέχρησο
3455 3707 3468 3722 ο
3520 3688 3720 3757 βοτάνη
3749 3687 3804 3737 δὲ
3835 3684 3973 3750 άλλη

2385 3785 2519 3856 δρᾷν
2548 3783 2676 3837 ἄλλο
2706 3802 2759 3836 τι
2791 3786 3064 3853 πέφυκεν,
3095 3784 3217 3836 οὐδὲ
3252 3781 3577 3850 νοσημάτων
3611 3778 3983 3831 ἀπαλλάττειν

2392 3878 2575 3947 μόνον,
2608 3876 2745 3929 ἀλλὰ
2780 3878 2871 3929 καὶ
2902 3880 3092 3938 νόσους
3143 3877 3318 3927 ποιεῖν
3366 3880 3478 3936 τοῖς
3512 3873 3647 3934 ὅλως
3678 3870 3983 3941 χρωμένοις

2389 3970 2421 4039 ἦ
2454 3972 2565 4033 τοῖς
2596 3971 2695 4022 οὐκ
2749 3970 2916 4022 εἰδόσι
2950 3969 3190 4040 χρῆσθαι
3238 3968 3440 4032 καλῶς,
3474 3966 3567 4018 xai.
3610 3966 3886 4018 κτείνουσι
3925 3961 3982 4013 δὲ

2389 4061 2548 4115 ἄλλαι
2586 4061 2807 4125 τελείως
2859 4062 2979 4113 ἀντὶ
3009 4061 3103 4112 τοῦ
3144 4059 3428 4129 τρέφεινῆ
3475 4058 3575 4125 τὴν
3628 4055 3818 4123 ὑγείαν
3850 4055 3985 4102 ὲπα·

2393 4154 2662 4219 νασώζειν
2690 4172 2701 4184 ·
2738 4157 2830 4207 καὶ
2865 4154 3002 4207 λίθοι
3034 4154 3092 4206 δὲ
3117 4152 3383 4212 ὡσαύτως
3412 4149 3586 4202 ταῦτα
3620 4144 3855 4205 ποιοῦσι,
3886 4141 3983 4193 καὶ

2385 4250 2486 4317 τὴν
2519 4249 2701 4300 αὐτῶν
2760 4247 2924 4318 φύσιν
2965 4246 3144 4308 οὐδεὶς
3206 4246 3271 4297 ἂν
3318 4243 3544 4312 οὐδεμιᾷ
3586 4237 3980 4308 μεταποιήσειε

2385 4344 2585 4415 τέχνῃ·
2643 4341 2917 4413 εἴργονται
2961 4341 3122 4411 μόνον
3170 4342 3239 4393 τὰ
3284 4337 3479 4406 αὐτῶν,
3509 4335 3754 4401 ὲξανύειν
3800 4331 3979 4394 ἄλλοις

688 4433 948 4487 τάναντία
983 4452 1040 4486 τε
1069 4433 1340 4503 πεφυκόσι
1370 4432 1498 4485 ’καὶ
1565 4430 2027 4502 δραστικωτέροις
2060 4433 2538 4505 ἀντιπραττόμενα
2570 4434 2663 4487 καὶ
2695 4433 2942 4503 μεθόδοις
2972 4434 3167 4502 τέχνης
3202 4431 3436 4501 ἑτέραις.

764 4531 951 4598 Itaque
978 4545 1042 4582 cx
1078 4528 1493 4584 sublimioribus
1527 4526 1620 4582 Dei
1671 4527 1932 4596 operibus
1985 4536 2148 4596 atque
2204 4544 2283 4583 re-
2314 4529 2366 4590 D

690 4638 809 4675 runt
847 4632 899 4674 et
924 4621 1120 4675 virium
1145 4620 1229 4674 his
1259 4619 1549 4674 insitarum
1612 4627 1720 4672 tam
1751 4619 2023 4672 concinna
2078 4619 2280 4673 distin-

687 4718 887 4776 eione.
919 4730 982 4769 ex
1011 4714 1462 4768 manifestissima
1504 4722 1558 4766 et
1595 4711 1864 4780 stupentia
1899 4712 2086 4764 mutuli
2121 4713 2281 4782 hujus

693 4809 934 4864 universi
969 4809 1445 4862 administratione
1494 4806 1581 4859 etti
1632 4815 1818 4859 tantus
1849 4807 2009 4875 ,οι-«10
2058 4815 2274 4874 praest,

688 4924 752 4959 ex
786 4908 966 4958 multis
995 4905 1115 4956 altis
1152 4902 1391 4970 denique
1431 4899 1480 4952 id
1510 4900 1730 4970 generis
1785 4899 1928 4953 unde
1977 4914 2169 4952 Omnes
2211 4898 2277 4951 ad

688 5000 778 5050 1)πί
813 5000 1064 5050 notitiam
1099 4996 1419 5050 necessario
1451 4994 1718 5062 compulsi
1784 5002 1935 5055 sunt,
1982 5005 2175 5059 posses
2224 5003 2278 5044 ct

686 5105 739 5146 tu
770 5093 1098 5158 comperirc,
1129 5091 1171 5144 si
1202 5089 1388 5152 libeat,
1411 5087 1685 5141 nihilessc
1720 5085 1798 5139 vel
1827 5084 1941 5139 ﬁeri
1971 5085 2112 5153 quod
2139 5100 2278 5153 pra:-

682 5195 766 5238 ter
800 5184 1051 5237 ordinem
1082 5182 1172 5236 ﬁat
1203 5191 1295 5234 aut
1325 5182 1419 5246 sit,
1452 5178 1817 5248 universaque
1844 5178 1988 5232 entia
2039 5178 2276 5247 quadam

683 5281 836 5349 quasi
874 5277 1207 5349 permirabili
1242 5285 1436 5330 catena
1472 5273 1723 5328 couttccti
1750 5272 1911 5326 simul
1946 5287 2008 5326 ac
2038 5272 2274 5338 secerni,

681 5372 843 5442 cujus
876 5386 984 5425 non
1018 5367 1254 5424 fuissent
1288 5367 1390 5437 ipsi
1425 5364 1646 5420 sibimet
1677 5373 1955 5418 auctores.
1985 5361 2170 5432 Neque
2199 5370 2278 5415 tot

682 5477 906 5536 tamque
934 5463 1234 5520 dissimiles
1264 5469 1473 5514 natura:
1500 5458 1551 5511 in
1585 5457 1746 5512 unius
1777 5457 1964 5511 mundi
2007 5457 2280 5511 constitu-

683 5564 885 5616 tionem
918 5561 1060 5612 inter
1092 5572 1150 5613 se
1174 5563 1364 5612 essent
1402 5553 1471 5608 ab
1507 5552 1666 5607 initio
1712 5560 2004 5618 conserttc,
2059 5551 2279 5604 nemine

675 5656 788 5726 jam
825 5666 939 5707 ttttn
965 5663 1290 5706 conscretttc
1333 5648 1551 5718 illisque
1598 5645 1678 5699 sic
1734 5653 1995 5712 perpetuo
2030 5643 2278 5697 coalcndi

681 5747 792 5799 vim
821 5743 1202 5815 suppeditante
1225 5756 1388 5809 quam
1424 5741 1751 5807 ipsepossct
1799 5737 1865 5790 ad
1916 5745 2106 5789 tnttum
2164 5735 2275 5788 sol-

680 5858 828 5898 vere.
862 5840 1033 5898 Porro
1065 5836 1359 5893 ordinatim
1397 5835 1501 5892 ista
1552 5846 1842 5890 censeterc
1897 5831 2035 5885 i-letn
2078 5838 2172 5891 est
2216 5844 2278 5885 ac

2477 4529 2574 4582 Ἐκ
2605 4528 2716 4582 τῶν
2752 4527 3104 4598 ὑψηλοτέρων
3148 4528 3328 4578 τοίνυν
3361 4524 3456 4576 τοῦ
3488 4523 3621 4576 Ε)εοῦ
3675 4525 3856 4590 ἔργων
3888 4524 3981 4576 καὶ

2388 4620 2487 4688 τῆς
2537 4619 2804 4672 εὐτάκτου
2841 4618 3109 4689 διαφορᾶς
3162 4617 3274 4670 τῶν
3308 4617 3364 4668 ὲν
3401 4616 3586 4678 αὐτοῖς
3633 4614 3851 4683 φύσεων
3887 4615 3981 4665 καί

2388 4711 2695 4781 δυνάμεων,
2751 4711 2845 4764 καὶ
2894 4711 2996 4779 τῆς
3054 4711 3452 4780 φανερωτάτης
3512 4707 3606 4760 καὶ
3664 4706 3980 4774 ξενιζούσης

2387 4801 2540 4855 τοῦδε
2572 4802 2666 4856 τοῦ
2715 4803 2912 4864 παντὸς
2957 4800 3277 4870 διοικήσεως
3327 4799 3472 4853 οὕτω
3520 4799 3640 4850 λίαν
3679 4796 3846 4865 οὔσης
3885 4797 3978 4849 εὑ-

2386 4894 2588 4946 τάκτου
2613 4895 2708 4946 καὶ
2725 4893 2937 4946 πολλῶν
2960 4892 3138 4946 ἄλλων
3159 4892 3443 4957 τοιούτων,
3475 4889 3544 4944 δι’
3569 4885 3644 4944 ὧν
3666 4889 3974 4955 ἀναγκαίως

2387 4987 2525 5056 πρὸς
2556 4985 2651 5058 τὴν
2684 4987 2816 5058 περὶ
2865 4984 2957 5038 τοῦ
2993 4984 3137 5038 θείου
3190 4985 3393 5045 πάντες
3434 4983 3682 5053 ἤχθησαν
3740 4980 3972 5044 ἔννοιαν,

2382 5072 2530 5147 εἶχες
2559 5079 2646 5145 ἂν,
2689 5082 2846 5147 εἰπερ
2877 5076 3099 5130 ἐϐούλου
3143 5076 3486 5146 καταμαθεῖν
3535 5075 3629 5129 καὶ
3682 5074 3867 5137 αὐτὸς,
3906 5073 3981 5132 ὡς

2382 5173 2538 5226 οὐδὲν
2571 5173 2720 5226 ἔστιν
2749 5175 2807 5225 ὲν
2836 5172 2947 5232 τοῖς
2976 5167 3097 5222 οὖσι
3128 5171 3226 5222 καὶ
3257 5170 3570 5237 γινομένοις
3605 5167 3734 5220 ἄνευ
3768 5164 3979 5227 τάξεως

2381 5264 2441 5317 ὂν
2480 5266 2573 5318 καὶ
2625 5265 2928 5335 γινόμενον,
2968 5262 3064 5316 καὶ
3115 5265 3196 5316 ὃτι
3226 5263 3479 5332 καθάπερ
3529 5252 3980 5330 ὑπερθαυμσάτῳ

2382 5363 2492 5412 τινὶ
2529 5359 2689 5428 σειρᾷ
2739 5358 2804 5410 τὰ
2839 5357 2966 5412 ὄντα
3002 5357 3180 5409 πάντα
3231 5353 3537 5408 συνδὶδεταί
3571 5370 3629 5405 τε
3664 5352 3754 5405 καὶ
3793 5351 3979 5402 διακέ-

2381 5470 2590 5523 κριται,
2627 5452 2747 5522 ἣτις
2775 5451 2875 5504 οὐκ
2922 5452 2988 5505 ἂν
3023 5452 3118 5506 ἀπ’
3150 5451 3334 5504 αὐτῶν
3382 5453 3440 5503 ὲν
3473 5448 3658 5509 αὐτοῖς
3705 5445 3792 5513 εἴη
3819 5461 3831 5474 ο
3869 5441 3983 5495 οὐδ’

2381 5548 2448 5602 ἂν
2508 5545 2928 5617 συνεπλάκησαν
2981 5545 3078 5616 τὴν
3127 5545 3308 5616 ἀρχὴν
3337 5542 3602 5595 τοσαῦται
3646 5539 3736 5609 τῷ,
3785 5536 3980 5605 πλήθει

2383 5644 2578 5714 φύσεις
2607 5643 2698 5694 καὶ
2725 5640 2868 5694 οὕτω
2902 5641 3155 5710 διάφοροι
3189 5641 3328 5709 πρὸς
3361 5640 3478 5699 ἑνὸς
3529 5636 3736 5704 κόσμου
3775 5631 3978 5684 σύστα-

2385 5753 2470 5788 σιν
2504 5737 2634 5789 ἄνευ
2666 5733 2761 5788 τοῦ
2791 5733 3200 5804 συμπλέξαντὸς
3223 5750 3279 5785 τε
3309 5733 3407 5804 τὴν
3435 5730 3610 5800 ἀρχὴν
3641 5728 3730 5779 καὶ
3761 5725 3858 5792 τὴν
3881 5720 3978 5777 τοῦ

2381 5831 2468 5885 διὰ
2503 5831 2704 5894 παντὸς
2755 5829 2898 5882 οὕτω
2932 5827 3358 5901 συμπεπλέχθαι
3392 5827 3624 5896 δύναμιν
3666 5823 3849 5882 αὐτοῖς
3882 5818 3979 5874 tv-
