4416 6456
396 427 499 490 577

1484 426 1583 485 DE
1624 424 1771 484 Ι)Εο
1810 423 1891 483 ῙΝ
1933 422 2351 482 TRIMTATE
2386 422 2564 487 UNO.

3525 429 3628 493 578

392 547 646 616 θεμένου,
678 545 747 616 ἢν
776 543 935 608 αὐτὸς
973 544 1132 615 μόνος
1164 545 1230 600 ἂν
1265 544 1493 616 ἠδύνατο
1520 545 1615 598 καὶ
1645 543 1813 609 λύειν,
1847 542 1964 608 είγε
1997 546 2041 601 Α
2073 544 2136 594 lat

1901 544 1964 608 γε
1997 546 2041 601 Α
2073 544 2275 606 lacere,
2304 542 2443 595 idem
2479 550 2531 596 ct
2560 540 2857 597 dissolvere
2915 551 3077 612 atque
3119 545 3320 601 delere.
3378 546 3458 601 Tu
3515 564 3645 606 vero

392 639 661 695 ἐϐούλετο.
694 634 768 690 Τὸ
800 638 855 690 δὲ
888 639 1223 708 συμπλέκειν
1254 636 1424 692 ταῦτα
1455 637 1735 697 εὐτάκτως
1766 636 1960 688 ταυτόν

391 732 510 785 ἔστι
542 730 620 798 τῷ
654 731 848 792 ποιεῖν,
891 730 987 782 καὶ
1032 730 1119 800 τῷ.
1139 729 1385 799 φθείρειν
1416 728 1474 782 τὸ
1514 725 1752 780 διαλύειν
1776 742 1790 757 ο
1828 727 1875 777 si
1903 725 1959 779 δὲ

392 821 727 889 συμπλέκεις
784 821 878 874 καὶ
931 821 994 872 σὺ
1053 821 1345 891 διαφόρους
1395 819 1583 888 φύσεις
1637 818 1955 884 οἰκοδομῶν,

389 910 506 965 ἀλλ’
531 911 626 980 οὐχ
658 910 732 974 ὼς
759 911 824 965 ἂν
865 911 1205 982 βουληθείης,
1235 911 1309 975 ὡς
1344 910 1410 965 ἂν
1441 909 1497 963 δὲ
1541 908 1957 978 συμπλέκοιντο,

391 1001 484 1053 καὶ
530 1002 561 1069 ή
606 1001 703 1068 τῆς
735 1002 831 1070 σῆς
861 1002 1055 1071 τέχνης
1086 1001 1377 1073 ἐφαρμογὴ
1426 1003 1491 1070 τῇ
1530 999 1815 1068 συμπλοκῇ
1855 998 1963 1051 τῶν

391 1091 605 1156 φύσεων
631 1093 824 1148 ἕπεται
844 1109 858 1124 ⁶
882 1094 1005 1147 ὅθεν
1034 1094 1371 1164 συμπλέκεις
1406 1094 1565 1164 μόνον
1585 1092 1678 1145 καὶ
1698 1091 1757 1143 ού
1788 1091 1961 1152 ποιεῖς

391 1182 580 1244 αὐτάς.
638 1184 695 1237 Ὀ
726 1186 781 1238 δὲ
810 1187 907 1246 τὰς
950 1189 1186 1255 φυσικὰς
1215 1185 1545 1256 συμπλέκων
1594 1183 1865 1250 ἰδιότητας
1902 1184 1960 1235 ἐν

390 1279 503 1338 τοῖς
534 1264 781 1331 οὖσιλκαὶ
813 1279 1040 1349 ποιητὴς
1079 1278 1258 1332 αὐτῶν
1299 1279 1414 1331 ἐστι
1444 1278 1615 1348 δήπου
1640 1292 1653 1307 °
1686 1276 1829 1327 ποιεῖ
1854 1272 1961 1341 γὰρ

393 1370 486 1420 καὶ
517 1369 805 1440 ύφίστησιν
844 1370 1038 1435 οὕτως,
1070 1369 1148 1434 ὡς
1195 1371 1260 1424 ἂν
1288 1371 1380 1424 καὶ
1426 1368 1841 1438 συμπλέκεσθαι
1870 1364 1964 1417 δυ-

2070 650 2193 688 cum
2232 635 2487 697 aediﬁcas,
2523 636 2628 689 etsi
2659 634 2838 690 varias
2873 639 3033 692 etiam
3073 640 3374 710 compingis
3398 652 3642 710 naturas,

2071 726 2118 780 id
2155 742 2259 779 non
2287 740 2385 795 pro
2415 734 2549 779 nutu
2584 726 2824 795 quidem,
2856 729 2949 782 sed
2983 740 3041 783 ut
3072 730 3212 786 forte
3259 732 3550 803 contigerit
3591 744 3647 789 et

2066 819 2200 871 artis
2236 824 2338 872 tua:
2364 815 2647 883 dispositio
2690 821 2903 873 naturis
2955 819 3230 878 subditur.
3278 821 3431 878 Unde
3480 839 3647 896 coag-

2072 917 2281 963 mentas
2314 908 2496 971 modo,
2532 924 2637 961 non
2670 924 2796 963 vero
2818 924 2994 965 creas.
3043 910 3142 975 Qui
3195 923 3372 966 autem
3424 924 3642 972 cotibus

2065 1001 2343 1054 naturales
2374 1008 2519 1068 aptat
2557 1002 2929 1068 proprietates,
2955 1003 3043 1057 illc
3063 1004 3251 1072 procul
3290 1005 3457 1057 duhio
3483 1014 3566 1060 est
3588 1016 3642 1061 et

2066 1100 2257 1146 eurum
2305 1090 2499 1147 factor.
2557 1090 2639 1145 Ita
2718 1107 2949 1161 namque
3028 1097 3201 1163 ipsam
3278 1096 3639 1153 subsrantiam

2067 1182 2226 1236 ellicit
2256 1192 2313 1235 ut
2339 1182 2551 1251 possint
2582 1182 2648 1236 ad
2677 1183 2905 1251 hujusce
2954 1185 3114 1240 totius
3142 1187 3327 1240 mundi
3366 1190 3643 1258 composi-

2070 1275 2269 1328 tionem
2304 1273 2572 1342 adaptari,
2594 1283 2751 1343 prout
2784 1275 2853 1328 illi
2880 1276 3177 1344 profuerit;
3205 1293 3365 1346 quem
3398 1281 3462 1333 ad
3481 1281 3642 1335 linem

2070 1376 2261 1416 omnes
2291 1363 2530 1416 universi
2560 1373 2740 1431 partes
2765 1364 3408 1423 confecitetconciliavit.

390 1462 600 1530 νηθεῖεν
633 1463 765 1532 πρὸς
806 1464 924 1527 ἐνὸς
956 1462 1049 1516 τού
1083 1462 1279 1525 παντὸς
1324 1461 1480 1516 τοῦδε
1512 1461 1789 1524 σύστασιν,
1825 1458 1946 1528 ἣτις
1971 1452 2039 1527 ἦν
2075 1453 2224 1523 αύτῷ
2264 1453 2539 1525 προῦργου
2569 1472 2583 1487 '
2625 1458 2719 1509 καὶ
2772 1457 2961 1509 τούτου
3012 1459 3172 1528 χάριν
3243 1461 3313 1513 τά
3347 1461 3440 1514 τοῦ
3504 1480 3643 1517 παν-

389 1553 478 1615 τὸς
508 1554 683 1607 ὲποίει
714 1572 771 1606 τε
801 1557 897 1608 καὶ
939 1556 1235 1609 συνέπλεκε
1266 1555 1426 1625 μέρη.

461 1646 522 1700 Εἰ
555 1648 599 1699 δ’
630 1647 694 1700 ἐκ
722 1646 951 1717 μηδενὸς
980 1646 1087 1700 τῶν
1126 1647 1406 1710 τοιούτων,
1447 1647 1552 1700 ἀπὸ
1594 1645 1793 1699 σαυτοῦ
1826 1642 1954 1714 γοῦν

394 1736 554 1804 μόνου
583 1738 676 1788 καὶ
707 1739 805 1807 τῆς
838 1737 937 1807 σῆς
972 1738 1185 1806 φύσεως
1231 1740 1324 1791 καὶ
1348 1737 1457 1791 τῶν
1506 1737 1613 1791 σῶν
1639 1739 1814 1805 ἔργων
1848 1737 1955 1790 ἔδει

392 1846 450 1881 σε
481 1832 572 1882 τὸν
605 1831 906 1898 ἐπιγνῶναι
938 1832 1287 1901 δημιουργὸν,
1333 1832 1392 1894 ὃς
1424 1848 1505 1884 σοι
1535 1832 1671 1897 μετά
1696 1831 1787 1883 τοῦ
1815 1825 1955 1883 εἶναι

2136 1633 2230 1688 Sin
2261 1646 2386 1687 vero
2411 1630 2677 1685 nihildum
2715 1632 2983 1689 movearis
3008 1634 3311 1700 hujusmodi
3345 1640 3637 1709 exemplis.

2063 1743 2127 1782 ex
2156 1726 2443 1792 temetipso
2464 1733 2607 1778 certe
2631 1724 2844 1793 quidem
2871 1735 3070 1795 tuaque
3092 1737 3281 1781 natura
3303 1740 3356 1784 et
3382 1732 3640 1799 operibus

2074 1820 2167 1873 tibi
2193 1825 2404 1872 creator
2441 1825 2556 1870 erat
2587 1817 2989 1884 agnoscendus,
3020 1834 3049 1870 a
3082 1834 3191 1885 quo
3236 1830 3343 1874 tum
3374 1836 3493 1876 esse
3529 1832 3639 1877 tum

389 1924 481 1974 καὶ
508 1924 607 1992 τὴν
641 1925 774 1994 πρός
809 1924 980 1978 τᾶλλα
1025 1924 1225 1978 δέδωκε
1256 1925 1409 1990 τάξιν
1434 1941 1446 1955 ⁸
1495 1926 1589 1978 καὶ
1628 1924 1833 1992 ταύτην
1869 1939 1950 1974 σοι
1981 1903 2025 1964 Β
2054 1912 2120 1966 ad

1895 1939 1950 1974 ὀι
1981 1903 2025 1964 Β
2054 1912 2120 1966 ad
2146 1911 2353 1979 reliqua
2373 1910 2616 1964 ordinari
2642 1918 2833 1964 nactus
2870 1925 2950 1963 es.
2977 1911 3124 1964 lianc
3145 1912 3305 1980 igitur
3326 1928 3444 1982 ego,
3463 1915 3639 1982 negle-

386 2013 484 2078 τὴν
512 2016 629 2068 ὁδὸν
682 2015 776 2068 νῦν
808 2018 968 2085 ἡμεῖς
1003 2018 1064 2069 ἐκ
1116 2017 1436 2086 περιουσίας
1485 2019 1603 2071 ἀντὶ
1638 2015 1850 2070 πολλῶν
1895 2033 1953 2068 τε

390 2106 565 2159 ἄλλων
596 2110 687 2160 καὶ
738 2111 1058 2177 σοφωτέρων
1105 2110 1239 2162 όδῶν
1270 2110 1679 2181 προύθήκαμεν,
1724 2109 1823 2162 ούκ
1867 2107 1953 2161 ἐπ’

390 2198 596 2267 ἐλέγχῳ
629 2200 790 2269 μόνον
822 2202 919 2270 τῆς
951 2204 1047 2269 σῆς
1080 2202 1413 2271 ἀφροσύνης,
1449 2203 1583 2255 ἀλλά
1616 2204 1709 2255 καὶ
1761 2218 1955 2270 συνερ-

390 2292 485 2361 γοῦ
503 2309 635 2356 ντες,
680 2294 864 2347 εἴποτε
898 2295 1219 2365 βουληθείης
1247 2296 1495 2350 ἐντεῦθεν
1525 2295 1653 2364 γοίν
1684 2295 1954 2364 ἠργμένος

383 2385 474 2437 τοῦ
510 2403 565 2437 σε
600 2389 690 2439 καὶ⁸
722 2387 898 2439 πάντα
930 2391 1257 2459 ποιήσαντος
1290 2389 1665 2442 συναποθέσθαι
1693 2389 1852 2443 Θεοῦ.
1881 2389 1951 2441 Σίι

384 2474 438 2526 δὲ
469 2475 566 2543 τῆς
598 2476 696 2543 μὲν
727 2477 901 2539 οἰκίας
933 2478 1266 2547 δημιουργὸν
1297 2480 1493 2532 σαυτὶν
1529 2475 1666 2532 εἶναι
1697 2480 1823 2548 φῂς,
1860 2478 1952 2530 καὶ

385 2564 525 2615 πάνυ
557 2564 751 2631 καλῶς,
801 2568 896 2619 καὶ
943 2569 1043 2631 τῆς
1075 2571 1131 2619 ἐν
1166 2570 1245 2621 σοι
1298 2569 1391 2620 τοῦ
1425 2569 1781 2639 δημιουργεῖν
1810 2566 1953 2619 οὕτω

384 2654 581 2723 τέχνης
616 2656 787 2709 αἴτιον
834 2658 927 2710 τὸν
964 2659 1250 2725 διδάξαντα
1287 2678 1343 2712 σε
1374 2664 1576 2730 ταύτην
1625 2663 1908 2731 ὁμολογεῖς
1935 2680 1949 2695 ο

387 2746 529 2815 ἅπερ
562 2750 671 2801 οὐδ’
702 2750 862 2813 εὐθὺς
913 2753 1249 2821 γεννηθέντι,
1289 2754 1424 2823 μετά
1454 2754 1510 2808 δὲ
1559 2755 1656 2824 τὴν
1690 2757 1951 2824 δευτέραν

382 2837 597 2904 ἡλικίαν
623 2841 825 2910 παρῆν,
872 2842 1075 2904 πάσαις
1112 2848 1485 2913 παρασκευαῖς
1520 2846 1581 2899 ὲκ
1609 2848 1706 2915 τῆς
1737 2849 1952 2916 φύσεως

384 2929 741 3000 ἐξηρτυμένῳ
789 2935 966 2996 καλῶς
996 2936 1131 3002 πρὸς
1162 2937 1222 2989 τὸ
1270 2937 1527 2991 δύνασθαι
1567 2940 1859 3006 μανθάνειν
1890 2959 1949 2995 τε

386 3023 478 3071 καὶ
506 3022 860 3089 ἐργάζεσθαι,
892 3026 999 3079 Καὶ
1023 3026 1146 3078 οὔτε
1176 3028 1350 3094 λέγεις
1384 3029 1481 3091 τὴν
1510 3031 1688 3082 οὶκίαν
1717 3032 1952 3100 αὐτόμα-

382 3126 474 3162 τον
503 3113 823 3182 ὑποστῆναι,
849 3110 882 3184 ἦ
914 3117 1021 3185 γὰρ
1050 3116 1116 3170 ἂν
1144 3118 1309 3188 αὐτῆς
1340 3121 1436 3171 οὐκ
1466 3120 1695 3190 ἀπῄτεις
1735 3124 1946 3190 μισθὸν,

381 3204 495 3257 οὔτ’
542 3206 866 3275 αὐτομάτως
898 3225 979 3261 σοι
1011 3208 1109 3278 τὴν
1159 3210 1356 3280 τέχνην
1387 3210 1565 3263 ἐλθεῖν
1593 3229 1607 3243 ·
1644 3216 1703 3265 ού
1750 3214 1854 3286 γὰρ
1883 3215 1949 3267 ἂν
1975 3244 2018 3302 c

382 3296 490 3349 ἔδει
524 3315 582 3349 σε
642 3299 1021 3368 προσεδρεύειν
1065 3302 1332 3366 φοιτῶντα
1364 3303 1480 3355 οὐδὲ
1523 3305 1747 3373 μισθοὺς
1783 3307 1945 3359 ὑπισ-

381 3388 625 3456 χνεῖσθαι
671 3406 730 3440 τε
783 3390 878 3442 καὶ
935 3392 1196 3462 παρέχειν
1237 3394 1313 3461 τῷ
1356 3394 1629 3448 δεικνύναι
1675 3414 1754 3448 σοι
1786 3397 1947 3449 δυνα-

385 3479 530 3547 μένῳ
556 3496 570 3509 ⁸
600 3479 693 3531 τοῦ
722 3480 765 3533 δ’
795 3483 858 3533 ὲκ
898 3482 1071 3550 ψυχῆς
1110 3499 1169 3534 σε
1202 3484 1526 3538 συνεστάναι
1562 3488 1651 3538 καὶ
1694 3487 1947 3552 σώματος

380 3572 475 3623 καὶ
503 3571 601 3641 τὴν
630 3573 727 3641 μὲν
749 3571 924 3640 ψυχὴν
955 3574 1243 3636 τοσαύταις
1278 3578 1513 3628 συνεῖναι
1541 3579 1635 3629 καὶ
1664 3580 1946 3641 τοιαύταις

378 3663 667 3732 δυνάμεσι,
703 3664 762 3716 τὺ
808 3666 863 3717 δὲ
896 3665 1054 3733 σῶμα
1087 3666 1361 3727 τοσούτοις
1398 3670 1764 3723 συντεθεῖσθαι
1807 3688 1944 3723 στοι-

379 3755 564 3823 χείοις,
599 3754 634 3807 ἀ
668 3756 779 3817 τοῖς
806 3756 896 3807 τοῦ
936 3757 1140 3817 κόσμου
1191 3759 1471 3826 στοιχείοις
1515 3760 1783 3831 ᾠκείωταί
1831 3780 1945 3827 πως

377 3845 529 3897 τοῦδε
579 3846 671 3897 τού
726 3847 860 3915 πρὸς
893 3848 1044 3915 ἡμῖν,
1098 3844 1215 3900 εἶτα
1249 3850 1522 3911 τοσούτοις
1577 3853 1707 3904 αὐτὸ
1751 3854 1940 3920 μέρεσι

377 3939 470 3989 καὶ
530 3938 740 4007 μορίοις
798 3937 1175 4007 διακεκρίσθαι
1229 3955 1286 3990 τε
1332 3940 1468 4007 ὁμοῦ
1514 3943 1606 3993 καὶ
1671 3944 1935 4012 ἡνῶσθαι,

377 4028 702 4097 ὁμοιομερές
732 4045 791 4079 τε
827 4029 917 4079 καὶ
951 4030 1363 4099 ἀνομοιομερὲς,
1398 4033 1490 4084 καὶ
1522 4034 1819 4104 ὲνδοτέροις
1847 4038 1938 4089 καὶ

377 4124 651 4190 φανεροῖς,
704 4122 795 4175 καὶ
839 4121 992 4187 τάξιν
1044 4124 1223 4176 αἰτίου
1274 4142 1331 4176 τε
1386 4126 1478 4177 καὶ
1523 4117 1766 4180 αἰτιατοῦ
1802 4130 1939 4198 πρὸς

377 4214 582 4283 ἄλληλα
611 4214 818 4282 ἔχουσι,
864 4216 957 4267 καὶ
984 4214 1078 4268 τοῦ
1111 4216 1207 4283 τὴν
1247 4215 1424 4285 ψυχὴν
1456 4218 1795 4271 τελειοῦσθαι
1841 4221 1941 4287 μὲν

375 4306 455 4367 είς
479 4306 680 4376 ἀρετὴν
710 4305 972 4359 δύνασθαι
1002 4307 1094 4359 καὶ
1126 4309 1315 4376 σοφίαν
1344 4311 1632 4381 χρωμένην
1654 4311 1831 4381 ὀρθῶς
1862 4313 1939 4383 τῷ

373 4396 612 4464 σώματι,
646 4395 865 4463 φαύλως
895 4395 951 4447 δὲ
985 4401 1333 4466 κεχρημένην
1356 4400 1681 4467 ἀμφοτέρων
1707 4402 1940 4471 διαμαρ-

371 4487 552 4539 τάνειν
582 4491 675 4539 καὶ
726 4487 863 4555 πρὸς
901 4488 1001 4558 τὴν
1044 4489 1294 4542 ἐναντίαν
1340 4490 1497 4557 ἥκειν
1546 4491 1812 4558 διάθεσιν,
1846 4497 1939 4549 καὶ

2055 2004 2157 2059 clis
2196 2003 2319 2057 aliis
2365 2001 2615 2070 pluribus
2662 2002 2835 2069 iisque
2860 2003 3343 2071 optimis,alteram
3377 2021 3441 2059 ex
3468 2008 3638 2059 abun-

2054 2098 2205 2153 danti
2230 2096 2368 2150 viam
2400 2111 2662 2165 propono,
2686 2111 2791 2149 non
2823 2105 2880 2148 ut
2901 2106 3043 2150 tuam
3077 2097 3233 2150 modo
3254 2099 3524 2153 confine-tu
3553 2100 3633 2152 in-

2056 2189 2287 2250 saniam,
2315 2188 2407 2243 sed
2432 2189 2594 2241 etiam
2630 2188 2898 2255 adjuvem,
2933 2188 2974 2241 si
3001 2204 3103 2257 qua
3133 2190 3344 2243 tandem
3381 2192 3504 2244 hinc
3531 2206 3638 2245 rce-

2056 2286 2197 2350 pisse
2232 2283 2363 2335 velis
2406 2280 2480 2332 tui
2531 2279 2878 2347 omniumque
2941 2280 3274 2335 conditorem
3330 2282 3633 2351 intelligere

2056 2372 2247 2428 Deum.
2269 2371 2347 2427 Tu
2371 2386 2499 2440 ergo
2531 2371 2723 2424 domus
2757 2370 3141 2425 :eiiiicatorem
3177 2372 3404 2440 teipsum
3438 2374 3543 2437 ais,
3581 2384 3634 2427 et

2056 2466 2212 2533 plane
2232 2464 2420 2518 merito
2440 2480 2454 2528 ;
2473 2471 2632 2530 atque
2658 2462 2817 2530 hujus
2841 2464 2976 2518 artis
2998 2477 3121 2517 eum
3149 2464 3243 2518 tibi
3268 2480 3487 2519 causam
3511 2481 3633 2521 esse

2055 2555 2243 2610 fateris
2268 2573 2296 2610 a
2323 2570 2432 2625 quo
2461 2555 2737 2621 didicisti;
2765 2557 2965 2625 quippe
2982 2558 3069 2624 qui
3096 2572 3192 2610 nec
3214 2558 3415 2611 dudum
3446 2568 3628 2625 natus,

2059 2648 2279 2703 nonnisi
2314 2650 2521 2702 [innata
2553 2649 2662 2717 jam
2694 2655 2869 2708 aetate,
2903 2648 2965 2701 ad
3009 2648 3108 2703 hoc
3134 2664 3229 2717 par
3266 2651 3528 2713 evaSeris,
3557 2651 3631 2703 in-

2066 2749 2310 2795 structus
2351 2741 2560 2794 scilicet
2588 2740 2840 2796 omnibus
2866 2748 3075 2796 natura:
3097 2741 3313 2795 dotibus
3334 2752 3390 2795 ut
3420 2746 3629 2799 discere

2056 2848 2243 2902 posses
2279 2842 2331 2886 ct
2354 2832 2624 2887 exerceri.
2669 2832 2921 2887 Attamen
2964 2848 3135 2902 neque
3169 2834 3389 2888 domum
3423 2838 3626 2890 asseris

2055 2943 2185 2983 casu
2218 2929 2502 2993 exsistere,
2538 2944 2659 2982 nam
2692 2929 2993 2982 mercedem
3033 2928 3278 2997 profecto
3314 2946 3376 2983 ex
3407 2947 3472 2984 ea
3518 2948 3625 2983 non

2052 3028 2368 3087 expeteres;
2395 3034 2570 3088 neque
2610 3018 2831 3072 fortuito
2862 3018 2957 3073 tibi
2993 3019 3233 3073 innatam
3260 3034 3454 3083 artem,
3513 3031 3626 3075 tum

2054 3110 2197 3163 enim
2232 3125 2335 3163 non
2366 3110 2652 3178 oportebat
2703 3111 3019 3180 magistrum
3061 3112 3197 3166 adeo
3252 3114 3621 3181 frequentare,

2056 3216 2416 3269 nummosque
2441 3201 2707 3270 spondere
2732 3213 2785 3257 et
2837 3204 3069 3256 solvere.
3104 3202 3259 3257 Nunc
3275 3215 3450 3260 autem
3480 3209 3622 3273 quod

2052 3290 2230 3343 anima
2266 3299 2483 3345 constes
2514 3300 2566 3343 et
2588 3302 3015 3359 corpore,atque
3045 3303 3120 3346 tot
3148 3294 3421 3363 tantisque
3442 3299 3623 3350 anima

2050 3384 2121 3438 sit
2158 3386 2421 3437 instrui-ta
2480 3387 2703 3447 viribus,
2737 3400 2933 3454 corpus
2978 3396 3159 3440 autem
3206 3395 3284 3442 tot
3341 3389 3624 3444 elementis

2050 3477 2576 3544 constitutum,qtta:
2608 3493 2729 3530 cum
2784 3478 3008 3546 hujusce
3072 3479 3215 3531 circa
3271 3494 3371 3534 nos
3432 3482 3618 3534 mundi

2048 3567 2328 3634 principiis
2360 3568 2472 3622 fere
2512 3571 2843 3633 coalescunt,
2871 3571 3014 3640 quod
3074 3583 3181 3624 tam
3226 3574 3411 3627 multis
3472 3575 3617 3630 istud

2047 3657 2293 3724 partibus
2341 3668 2391 3711 et
2433 3659 2711 3726 particulis
2742 3666 2813 3714 sit
2857 3662 3174 3716 distinctum
3207 3666 3365 3718 simul
3398 3674 3452 3720 et
3487 3667 3620 3722 adu-

2046 3759 2255 3812 uatum,
2289 3749 2561 3806 similibus
2621 3768 2682 3807 ac
2728 3752 3111 3820 dissimilibus,
3168 3757 3505 3827 internisque
3562 3771 3619 3817 et

2045 3842 2433 3908 apparentibus
2483 3845 2864 3912 compositum,
2901 3860 3021 3915 qua:
3077 3848 3219 3902 inter
3270 3864 3331 3903 se
3387 3850 3616 3909 invicem

2045 3932 2255 3986 ratione
2289 3947 2465 3988 causa:
2496 3945 2548 3988 et
2571 3935 2796 3991 eliectus
2841 3928 3184 4004 ordinantur,
3214 3943 3357 4009 quod
3396 3943 3618 4013 insuper

2044 4023 2225 4074 anima
2252 4024 2451 4079 virtute
2482 4028 2649 4094 possit
2681 4034 2735 4081 et
2755 4028 3016 4097 sapientia
3045 4032 3252 4100 perﬁci,
3282 4036 3443 4089 modo
3469 4048 3616 4092 recte

2043 4128 2270 4182 corpore
2302 4127 2503 4184 utatur,
2534 4119 2617 4171 sin
2656 4120 2836 4174 minus
2868 4124 2936 4175 ab
2980 4133 3215 4193 utroque
3261 4126 3470 4182 decidet
3502 4129 3613 4198 jam

2042 4203 2096 4257 in
2123 4209 2455 4262 contrariqu
2499 4209 2833 4277 decessura;
2869 4224 2922 4266 et
2963 4228 3029 4267 ne
3061 4215 3235 4283 plura,
3261 4218 3406 4286 quod
3456 4219 3507 4273 in
3566 4231 3618 4275 te

2041 4295 2113 4350 sit
2137 4311 2392 4369 perquam
2427 4302 2609 4355 varius
2629 4303 2717 4356 ille
2738 4318 2800 4357 ac
2829 4308 3285 4373 stuprndissimus
3316 4311 3610 4367 thesaurus

2041 4404 2216 4458 neque
2264 4391 2318 4443 in
2351 4401 2401 4444 te
2432 4406 2565 4457 uno,
2602 4393 2695 4447 sed
2746 4402 2801 4448 et
2855 4394 2997 4462 apud
3068 4398 3382 4453 innumeros
3416 4403 3617 4469 pariter

2039 4480 2281 4549 ejusdem
2314 4490 2523 4535 natura;
2550 4482 2643 4536 tibi
2676 4486 3113 4555 comparticipes,
3143 4498 3271 4542 tune
3305 4491 3384 4544 vis
3422 4502 3612 4548 aucto.

372 4577 556 4639 ἁπλῶς
588 4579 759 4630 εἰπεῖν
797 4578 891 4632 τοῦ
926 4581 983 4632 ἑν
1015 4580 1097 4631 σοὶ
1148 4579 1541 4633 ποικιλωτάτου
1577 4586 1670 4635 καὶ
1701 4587 1938 4654 παραδο-
1971 4583 2013 4638 D
2044 4588 2116 4625 re'

1863 4587 1938 4639 5°-
1971 4583 2013 4638 ι)
2044 4588 2155 4625 rem
2180 4588 2301 4627 esse
2326 4574 2555 4640 nullum,
2595 4584 2760 4643 atque
2796 4591 2933 4644 opus
2961 4586 3166 4632 tantum
3202 4582 3309 4636 tuis
3332 4581 3490 4638 factis
3519 4586 3607 4639 de-

375 4667 595 4731 ξοτάτου
637 4670 941 4737 χρήματος,
987 4669 1096 4722 οὐδ’
1137 4664 1197 4722 ὲν
1229 4671 1308 4721 σοὶ
1349 4672 1534 4738 μόνον,
1569 4673 1705 4726 ἀλλὰ
1739 4677 1831 4727 καὶ
1878 4677 1939 4729 ὲν

373 4760 767 4829 ἀναριθμήτοις
812 4760 1013 4830 ὁμοίως
1065 4763 1175 4823 τοῖς
1222 4762 1318 4831 τῆς
1346 4762 1519 4830 αὐτῆς
1574 4769 1937 4835 μετεσχηκόσι

372 4870 456 4905 σοι
486 4852 721 4921 φύσεως,
756 4854 816 4904 ού
865 4854 1040 4916 θέλεις
1084 4850 1224 4906 εἷναι
1254 4855 1586 4925 δημιουργὸν
1638 4859 1732 4909 καὶ
1771 4860 1938 4930 χείρω

372 4945 511 5001 εἶναι
539 4945 793 4998 τοσοῦτον
838 4944 1011 5009 θέλεις
1040 4947 1148 4999 τῶν
1181 4947 1288 4998 σῶν
1321 4949 1680 5017 ποιημάτωνι
1717 4950 1825 5002 Καὶ
1871 4953 1935 5004 σὺ

375 5038 473 5106 μὲν
498 5036 563 5088 ἂν
591 5035 870 5105 οἰκοδόμος
902 5032 968 5107 ἧς
1007 5038 1100 5090 καὶ
1132 5036 1397 5104 δεσπότης
1445 5037 1579 5107 ὁμοῦ
1610 5039 1709 5109 τῆς
1735 5039 1934 5107 οίκίαῗν

368 5132 465 5201 οὐχ
495 5131 640 5191 ὅπως
684 5130 846 5197 μόνον
874 5130 1082 5196 γένοιτο
1124 5129 1222 5199 τὴν
1250 5130 1447 5199 ἀρχὴν,
1496 5128 1633 5182 ἀλλὰ
1661 5131 1755 5184 καὶ
1786 5132 1935 5194 ὅπως

369 5222 435 5277 ἂν
477 5222 787 5275 συνίσταιτο
839 5224 1107 5291 προνοεῖς,
1150 5221 1260 5273 τῶν
1291 5222 1428 5290 πρὸς
1457 5221 1614 5274 τοῦτο
1657 5224 1934 5291 φερόντων

370 5316 586 5367 πάντων
619 5312 1040 5382 ὲπιμελόμενος’
1073 5312 1167 5365 σοῦ
1195 5313 1250 5364 δὲ
1280 5314 1373 5365 καὶ
1402 5314 1499 5382 τῆς
1532 5312 1630 5382 σῆς
1666 5311 1810 5383 ζωῆς
1838 5314 1932 5365 ού-

367 5407 490 5459 δένα
528 5405 705 5475 βούλει
734 5403 1057 5475 φροντιστὴν
1088 5403 1225 5457 εἶναι
1256 5407 1350 5457 καὶ
1376 5406 1649 5474 κηδεμόνα
1676 5420 1689 5434 ⁸
1723 5410 1815 5459 καί
1840 5410 1934 5459 ἀν-

366 5497 588 5567 Θρὼπου
626 5498 725 5566 μὲν
783 5498 878 5568 δέῃ
914 5499 1049 5567 πρὸς
1083 5496 1258 5549 ταῦτά
1309 5514 1460 5563 ποτε,
1503 5495 1561 5559 ὃς
1612 5497 1733 5550 οὐδὲ
1782 5498 1932 5567 αὐτῷ

371 5589 586 5642 5ύναται
618 5588 832 5658 βοηθεῖν
856 5604 867 5617 ·
901 5588 992 5641 τοῦ
1031 5588 1086 5640 δὲ
1128 5588 1292 5658 μόνου
1339 5586 1557 5657 βοηθεῖν
1592 5590 1808 5658 ἔχοντος
1839 5591 1932 5641 καὶ

366 5679 685 5752 βοηθοῦντος
712 5683 814 5732 οὐκ
857 5680 1067 5744 ἐπαϊεις
1092 5683 1184 5734 καὶ
1219 5680 1502 5750 βοηθοῦντι
1553 5682 1843 5752 προσέχειν
1869 5683 1929 5735 ού

364 5775 544 5844 βούλει
576 5772 707 5843 μηδὲ
733 5773 895 5843 χάριν
932 5774 1214 5842 ὁμολογεῖν
1241 5774 1253 5827 !
1294 5775 1401 5826 Καὶ
1428 5774 1607 5827 οἰκίαν
1639 5775 1735 5843 μὲν
1771 5778 1931 5828 ἐπαι-

364 5867 475 5927 νεῖς
502 5863 577 5928 ὠς
603 5860 660 5917 εὖ
693 5865 1066 5936 εἰργασμένην
1096 5865 1359 5928 συντόνως
1394 5867 1631 5921 ἐπαινῶν
1659 5866 1752 5920 τὸν
1778 5866 1929 5938 δεδη-

2049 4662 2215 4717 terius
2250 4665 2262 4717 l
2300 4663 2362 4716 Et
2413 4673 2466 4717 tu
2518 4664 2736 4732 quidem
2808 4666 2855 4720 si
2903 4666 3098 4721 domus
3153 4679 3392 4726 Structor
3448 4674 3613 4731 simul

2045 4754 2278 4809 exsistas
2308 4762 2362 4808 et
2394 4753 2672 4821 dominus,
2718 4772 2823 4811 non
2852 4757 3026 4813 solum
3056 4762 3327 4830 quomodo
3356 4766 3424 4818 sit
3454 4780 3615 4824 exse-

2044 4848 2256 4917 quenda
2286 4848 2537 4916 provides
2571 4852 2636 4903 ab
2670 4851 2849 4914 initio,
2873 4852 2968 4906 sed
3005 4854 3167 4906 etiam
3202 4859 3478 4923 quomodo
3502 4860 3614 4915 dis-

2044 4940 2311 5009 ponenda,
2342 4948 2395 4993 et
2423 4941 2688 5009 quidquid
2706 4942 2856 5010 operi
2882 4942 3127 4997 conferat
3159 4948 3402 5001 nonnihil
3426 4963 3589 5005 curas

2044 5028 2119 5084 De
2145 5040 2194 5085 te
2219 5045 2345 5084 vero
2367 5045 2430 5084 ac
2454 5032 2559 5085 vita
2589 5044 2678 5085 tua
2706 5032 2978 5088 neminem
3013 5050 3132 5089 esse
3161 5036 3318 5093 ducis
3339 5040 3436 5107 qui
3458 5047 3607 5095 cureQ

2044 5134 2136 5177 aut
2171 5123 2370 5192 cogitet
2399 5124 2411 5177 ι
2478 5124 2586 5177 imo
2626 5124 2729 5178 hoc
2756 5125 3050 5195 aliquando
3083 5127 3354 5183 hominem
3394 5131 3610 5198 rogabis

2043 5215 2133 5287 qui
2152 5228 2217 5269 ne
2229 5214 2570 5286 sesequidem
2589 5217 2720 5272 valet
2741 5217 3014 5287 adjuvare,
3029 5230 3187 5288 atque
3200 5220 3373 5276 solum
3396 5237 3514 5278 vero
3529 5223 3615 5295 ju-

2040 5321 2255 5366 vantem
2278 5311 2605 5380 iuvandique
2623 5326 2870 5379 capacem
2888 5326 2996 5365 non
3029 5313 3237 5378 laudas,
3256 5330 3427 5385 neque
3444 5319 3607 5373 etiam

2035 5404 2244 5474 juvanti
2277 5405 2356 5458 vis
2382 5404 2660 5459 attendere
2686 5414 2775 5457 aut
2803 5405 3002 5471 gratias
3022 5404 3221 5460 referre
3244 5409 3256 5460 ι
3283 5406 3361 5462 Ac
3389 5409 3606 5464 domum

2039 5498 2255 5566 quidem
2299 5484 2495 5551 laudas
2558 5504 2617 5551 ut
2667 5496 2869 5552 aﬁ‘abre
2921 5496 3116 5552 factam
3168 5509 3607 5571 structoremque

2040 5586 2374 5641 incessanter
2421 5586 2683 5655 praedicas
2715 5602 2729 5652 ;
2763 5602 2884 5656 qua:
2907 5599 3086 5642 autem
3117 5588 3170 5642 in
3202 5600 3252 5643 te
3278 5599 3362 5643 est
3384 5601 3608 5661 stupen-

2039 5678 2162 5732 dam
2195 5677 2337 5732 hanc
2385 5689 2438 5732 et
2479 5678 2733 5732 eximiam
2797 5680 3218 5734 architecturam
3272 5681 3604 5738 dehonestas

2037 5771 2193 5840 cujus
2230 5781 2335 5824 tam
2369 5781 2618 5840 proterve
2664 5779 2985 5826 structorcm
3037 5774 3313 5843 abnegas!
3374 5789 3606 5841 eumque

2041 5875 2369 5921 assereutcm
2407 5864 2704 5933 quamlibet
2729 5879 2858 5919 casu
2890 5874 3142 5923 constare
3184 5868 3402 5923 domum
3458 5876 3603 5921 tuam
