4416 6456
399 422 490 487 581
1496 432 1595 491 DE
1654 432 1799 495 ι)Εο
1846 432 1923 492 ΙΝ
1961 435 2143 494 TRIN

1496 432 1595 491 DE
1654 432 1799 495 ι)Εο
1846 432 1923 492 ΙΝ
1961 435 2382 496 TRINITATE
2436 435 2615 496 UNO.

3544 444 3647 506 582

392 540 563 607 νεοῖςν,
593 542 658 596 δι’
689 543 1013 612 ἀμϐλύτητα
1046 546 1144 616 μὲν
1179 548 1419 610 διινοιας
1466 548 1623 602 τοῦτο
1658 551 1752 602 καὶ
1797 549 1957 612 αὐτὸς
1992 553 2034 608 Α
2065 551 2136 605 sit

1902 549 1957 612 ὸς
1992 553 2034 608 Δ
2065 551 2197 614 sint,
2234 555 2325 620 qui
2362 555 2428 609 ad
2462 568 2631 610 unum
2664 554 2811 608 iltmu
2838 556 3179 623 accedentes,
3222 571 3318 627 prd
3343 558 3646 615 certissima

391 635 722 689 ἐπεπόνθει·
772 637 1109 708 ἀμϐλύτεροι
1159 639 1225 691 δι’
1280 620 1351 691 ἂν
1388 634 1520 700 εἷεν,
1584 641 1636 693 εί
1674 657 1713 692 π
1744 640 1773 691 ύ
1824 657 1965 702 τινες

394 726 585 797 ἐκείνῳ
638 727 1087 799 προστεθειμένοι
1115 730 1220 799 τὴν
1268 728 1546 798 ἐξόριστον
1601 731 1811 798 πλάνην
1846 733 1969 785 ἀντὶ

389 820 489 887 τῆς
540 819 913 888 ἀληθεστάτης
956 823 1051 873 καὶ
1096 821 1279 889 κοινῆς
1321 822 1431 874 τῶν
1479 821 1967 891 ἀνθρώπωνδέξης

392 913 649 980 αἱροῖντο.
684 914 790 965 Καὶ
811 915 971 982 ἡμεῖς
1002 915 1142 967 κατά
1167 919 1264 984 τῆς
1292 914 1547 976 ἀϐουλίας
1579 917 1786 967 ἐκείνου
1822 916 1966 969 πλεῖ-

394 1021 494 1056 στα
545 1005 1031 1075 συνεγραψάμεθα,
1082 1009 1181 1060 οὐκ
1231 1008 1451 1059 ἐκείνων
1480 1007 1535 1060 δὲ
1570 1001 1642 1061 ὧν
1689 1008 1965 1078 ὴδολέσχει

393 1091 533 1142 κατά
584 1093 680 1158 τῆς
734 1095 882 1163 ἱερᾶς
935 1096 1193 1166 ἀληθείας
1230 1097 1631 1166 φροντίζοντες,
1692 1097 1827 1150 ἀλλά
1867 1099 1965 1167 τῆς

390 1186 498 1239 τῶν
536 1188 808 1241 πλείστων
845 1189 900 1240 ἐν
930 1187 1005 1255 τῷ
1057 1188 1201 1256 γένει
1255 1189 1346 1241 νῦν
1380 1189 1621 1259 ἀμαθίας
1661 1190 1738 1259 τῷ
1795 1190 1963 1244 πάλαι

392 1281 485 1333 καὶ
531 1280 637 1349 πρὸ
676 1280 872 1351 μικροῦ
911 1283 1228 1350 σοφωτάτῳ,
1261 1281 1329 1335 δι’
1362 1283 1428 1351 ἢν
1452 1285 1543 1335 καὶ
1569 1282 1964 1337 κινδυνεύσειεν

392 1372 456 1425 ἀν
501 1390 584 1434 τις
616 1373 722 1425 τῶν
756 1376 1139 1445 ἁπλουστέρων
1172 1366 1237 1445 τῇ
1275 1375 1462 1443 ψευδεῖ
1494 1376 1620 1443 περὶ
1646 1375 1744 1443 τῆς
1774 1375 1963 1442 σοφίας

392 1466 603 1518 ἐκείνου
636 1467 790 1537 φήμη
825 1466 1167 1533 πειθόμενος.
1204 1465 1558 1533 ἷιῗαθημάτων
1595 1467 1692 1534 μὲν
1727 1467 1834 1535 γὰρ
1865 1467 1962 1535 τῆς

397 1554 721 1624 ὑπτιότητος
784 1557 949 1627 μόνης
998 1557 1280 1626 μετέσχεν,
1328 1557 1454 1611 ἀλλο
1514 1557 1558 1610 δ’
1607 1556 1757 1609 οὐδὲν
1814 1556 1963 1621 ἄξιον

395 1647 543 1715 αὖτῷ
580 1664 635 1699 τε
670 1648 926 1701 ἀπώνατο
958 1650 1050 1700 καὶ
1086 1650 1183 1716 τῆς
1223 1649 1631 1716 ἐπικοσμούσης
1675 1647 1846 1700 ταῦτα
1876 1665 1966 1700 σο-

395 1737 544 1803 φίας.
582 1737 927 1805 Εὑφραδείας
955 1738 1011 1791 δὲ
1045 1736 1357 1805 ἐπεμελήθη
1392 1737 1491 1807 μὲν
1524 1738 1701 1799 καλῶς
1739 1738 1832 1808 τῆς
1864 1739 1961 1807 ἀρ-

395 1828 574 1894 χαίας,
624 1827 738 1879 ἀλλ’
787 1830 843 1879 ἐν
875 1827 1221 1895 ἀσεϐεστάτῳ
1264 1828 1359 1881 καὶ
1403 1828 1794 1899 ἀφρονεστάτῳ
1828 1846 1960 1897 συγ-

393 1917 708 1987 γράμματι,
748 1918 813 1987 ἢν
840 1920 871 1987 ἡ
915 1918 1157 1971 Λατίνων
1188 1920 1455 1987 παροιμία
1485 1920 1574 1973 διὰ
1602 1920 1760 1974 τοῦτο
1787 1938 1958 1989 προσ-

393 2008 635 2076 ηκόντως
668 2009 803 2078 τιμᾷ
849 2011 905 2060 ἐν
939 2011 1047 2071 τοῖς
1096 2008 1403 2078 εἰλικρινῶς
1436 2012 1530 2063 καὶ
1568 2010 1735 2079 μόνης
1786 2012 1955 2082 αὐτῆς

396 2098 834 2165 ἐπιμεληθεῖσιν·
887 2100 944 2151 ἐν
990 2105 1199 2162 τούτοις
1255 2100 1353 2169 μὲν
1409 2096 1502 2153 οὖν
1549 2101 1649 2154 κᾶν
1706 2100 1818 2172 εἶχέ
1874 2121 1957 2167 τις

392 2191 552 2244 αὐτὸν
583 2192 842 2244 ἐπαινεῖν.
888 2190 1043 2243 Οὕτω
1083 2191 1129 2244 δ’
1166 2190 1370 2254 ἁπλοῦς
1409 2193 1548 2245 πάνυ
1587 2196 1681 2246 καὶ
1725 2194 1831 2246 τῶν
1863 2211 1961 2265 xu.

392 2282 556 2337 δαίων
607 2284 759 2337 οὐδὲν
808 2285 992 2354 σχεδὸν
1029 2284 1300 2353 διαφέρων
1331 2281 1398 2353 ἦν
1442 2287 1568 2353 περὶ
1595 2286 1655 2338 τὸ
1680 2286 1958 2353 ,δύνασθαι

397 2376 602 2445 κρίνειν
636 2374 892 2443 ἀληθείας
936 2374 1060 2443 πέρι
1112 2373 1207 2426 καὶ
1236 2373 1484 2443 ψεύδους,
1528 2374 1667 2426 ὥστε
1703 2374 1798 2427 καὶ
1829 2377 1959 2436 παῖς

399 2470 561 2523 αὐτὸν
593 2468 879 2537 ἐξήλεγχεν
904 2465 968 2519 ἂν
999 2466 1090 2519 καὶ
1120 2465 1266 2518 παιδὶ
1290 2465 1591 2532 ἀντιλέγειν
1624 2464 1722 2518 οὐκ
1754 2463 1821 2518 ἂν
1849 2460 1959 2528 οἷός

399 2580 456 2613 τε
499 2558 565 2628 ἦν
595 2558 961 2627 πειραστικῶς
995 2557 1313 2627 ψευδομένῳ
1339 2574 1351 2588 ·
1385 2558 1463 2611 διὸ
1498 2558 1590 2611 καὶ
1623 2557 1722 2627 τὴν
1749 2558 1958 2626 πλάνην

395 2652 606 2717 ὑπέστη
644 2651 869 2717 ταύτην,
902 2650 994 2703 καὶ
1034 2651 1194 2720 ἡμεῖς
1222 2650 1318 2718 τῆς
1347 2650 1577 2719 ἀρίστης
1616 2650 1822 2703 ἐκείνου
1860 2650 1960 2704 Νο-

402 2740 655 2809 μοθεσίας
692 2740 789 2810 (1),
843 2738 985 2792 οὕτω
1021 2742 1129 2810 γὰρ
1188 2740 1465 2806 ἐπέγραφε
1512 2741 1570 2791 το
1612 2738 1834 2808 βιϐλίον,
1881 2740 1960 2791 oi-

393 2836 566 2897 κείαις
599 2832 756 2903 χερσὶ
791 2830 1192 2900 γεγραμμένον,
1223 2830 1486 2898 δημοτίαν
1524 2833 1623 2899 τήν
1654 2847 1711 2883 τε
1752 2832 1960 2884 ἀντιλο-

392 2927 514 2994 γίαν
548 2925 944 2994 ἐποιησάμεθα,
977 2925 1066 2976 καὶ
1097 2926 1195 2989 τὴν
1225 2922 1413 2993 ποινὴν
1442 2924 1571 2990 πυρὶ
1604 2923 1956 2991 παραδόντες.

402 3018 707 3088 Ἠνάγκαζε
742 3017 796 3069 δὲ
829 3018 977 3085 ἡμᾶς
1026 3018 1053 3068 6
1099 3015 1193 3066 τοῦ
1240 3015 1306 3066 δι’
1342 3016 1484 3083 ἡμᾶς
1526 3016 1626 3083 τὴν
1678 3015 1958 3084 ἡμετέραν

391 3114 554 3180 φύσιν
579 3110 1002 3180 προσειληφότος
1034 3108 1165 3163 Υίοῦ
1196 3109 1286 3161 τοῦ
1319 3109 1450 3161 Θεοῦ
1489 3111 1582 3161 καὶ
1604 3110 1702 3179 τῆς
1731 3111 1960 3179 ἀρίστης

389 3202 595 3256 ἐκείνου
643 3200 961 3271 νομοθεσίας
1009 3200 1175 3261 πόθος
1206 3202 1301 3252 καὶ
1340 3200 1526 3266 φόϐος,
1571 3193 1650 3262 οἷς
1686 3201 1959 3254 ἱκανοποι-

388 3297 582 3359 οὓντας
605 3295 704 3348 οὐκ
732 3294 798 3347 ἂν
830 3292 1107 3364 προσῆκεν
1139 3292 1315 3355 ἄλλως
1342 3293 1539 3345 ποιεῖν.

459 3390 581 3441 Τῶν
606 3388 708 3457 μὲν
737 3386 831 3440 οὖν
860 3386 1131 3439 πολυθέων
1167 3384 1470 3454 ἐξελέγχειν
1502 3386 1599 3453 τὴν
1634 3384 1842 3455 πλάνην
1871 3385 1958 3437 διὰ

388 3483 558 3535 ταῦτα
599 3481 694 3535 νῦν
718 3481 779 3535 οὐ
811 3480 1021 3548 καιρὸς,
1040 3478 1349 3550 ἀρκούντως
1379 3495 1436 3530 τε
1466 3478 1834 3549 ἐληλεγμένης
1865 3478 1958 3531 ὑπ’

389 3569 551 3625 αὺτοῦ
578 3570 713 3623 Θεοῦ
762 3574 854 3625 καὶ
879 3570 987 3622 τῶν
1030 3570 1098 3621 τὰ
1150 3568 1271 3621 θεῖα
1325 3568 1683 3637 φρονούντων,
1725 3568 1820 3620 καὶ
1864 3570 1958 3620 νῦν

388 3665 491 3717 ὑπὸ
538 3664 711 3734 γωνίᾳ
769 3664 930 3730 μόνον
980 3664 1074 3714 καὶ
1137 3661 1322 3714 σκότει
1360 3660 1761 3713 πολυθεούντων
1825 3663 1957 3723 ἴσως

387 3757 604 3823 ὀλίγων,
657 3756 737 3807 ὅτι
795 3754 868 3823 μὴ
902 3754 1174 3821 τολμῶσιν
1226 3751 1604 3806 ἀναιδεύεσθαι
1657 3751 1797 3803 κατά
1855 3753 1955 3820 τῆς

389 3846 664 3917 πανταχοῦ
702 3846 1008 3915 κρατούσης
1050 3844 1302 3913 ἀληθείας
1326 3859 1342 3875 ·
1377 3846 1403 3896 6
1450 3846 1556 3904 πᾶς
1589 3845 1695 3913 γὰρ
1726 3844 1841 3906 νῦν,
1880 3842 1955 3907 ὡς

388 3942 625 4012 εἴρηται,
658 3941 861 4008 κόσμος
890 3940 980 3991 καὶ
1024 3934 1161 3991 εἶναι
1193 3937 1325 3989 Θεὸν
1358 3938 1451 3989 καὶ
1474 3935 1663 3989 τοῦτον
1694 3937 1787 3989 ἕνα
1820 3934 1954 3989 εἶναι

389 4032 597 4099 φρονεῖ.
643 4028 797 4083 Ἐπεὶ
823 4028 879 4081 δέ
899 4029 988 4081 τὸν
1023 4029 1117 4081 ἕνα
1150 4028 1281 4080 Θεὸν
1316 4027 1587 4096 διαφόρως
1609 4026 1850 4088 τιθέντες
1875 4028 1955 4089 είς

388 4121 607 4183 πλείους
655 4121 893 4190 αἱρέσεις
942 4117 1421 4187 καταμερίζονται,
1467 4120 1603 4187 ἡμῖν
1657 4119 1754 4185 μὲν
1794 4120 1953 4187 ἀρκεῖ

386 4214 480 4267 καὶ
514 4216 623 4275 τοῖς
668 4212 867 4278 ἄλλοις,
901 4211 1091 4264 ὀπόσοι
1125 4213 1238 4271 τοῖς
1294 4211 1459 4270 θείοις
1512 4209 1607 4262 τοῦ
1651 4210 1823 4279 Ἰησοῦ
1862 4210 1953 4261 καὶ

386 4302 640 4372 Σωτῆρος
673 4302 832 4371 ἡμῶν
862 4302 1045 4368 νόμοις
1075 4299 1342 4368 ἀγόμεθα,
1369 4301 1530 4353 αὑτὸν
1558 4303 1761 4353 ἐκεῖνον
1791 4302 1952 4371 xpet-

389 4396 614 4448 στασθαι
642 4396 736 4446 καὶ
765 4394 892 4455 τοὺς
922 4391 1085 4444 αὑτοῦ
1136 4391 1387 4459 μαθητὰς
1433 4394 1528 4444 καὶ
1560 4393 1684 4455 τοὺς
1728 4396 1950 4446 ἐκείνων

386 4480 451 4537 αὖ
507 4483 805 4553 διαδόχους,
861 4484 954 4534 καὶ
985 4482 1077 4533 τὸν
1126 4480 1220 4533 ἕνα
1250 4480 1401 4545 Θεὸν,
1439 4482 1512 4543 ὡς
1564 4482 1769 4534 ἐκεῖθεν
1815 4482 1950 4535 δεδι-

2076 651 2128 697 et
2191 649 2459 701 communi
2524 648 2999 713 hominuntiide,
3065 658 3337 704 extorrem
3397 647 3644 703 fraudem

2074 737 2554 807 amplecterentur.
2604 738 2771 807 Atqui
2825 754 2925 809 ego
2957 739 3321 807 quidem,etsi
3370 750 3561 795 contra
3590 738 3650 792 il-

2076 826 2178 883 lius
2214 829 2583 898 insipientiam
2650 833 2804 901 plura
2848 833 3173 900 conscripsi,
3208 834 3340 887 nihil
3406 844 3644 889 attamen

2074 922 2257 974 curavi
2312 921 2378 975 de
2434 921 2517 974 his
2557 938 2678 991 quae
2738 932 2978 976 sanetam
3038 923 3305 978 adversus
3361 927 3642 981 veritatem

2073 1012 2358 1082 garriebat,
2400 1011 2491 1065 se'd
2542 1021 2745 1067 tantum
2778 1015 2843 1068 de
2874 1015 2973 1069 hac
3006 1015 3361 1081 plurimorum
3415 1018 3643 1085 hujusce

2077 1104 2252 1174 gentis
2288 1105 2559 1173 quondam
2593 1112 2646 1160 et
2678 1120 2785 1159 non
2833 1105 2906 1159 ita
2966 1108 3170 1175 pridem
3230 1108 3643 1176 sapientissimae

2073 1197 2308 1258 inseitia,
2342 1212 2462 1265 quae
2497 1212 2656 1250 causa
2694 1208 2838 1251 esset
2877 1212 2975 1251 cur
3025 1199 3272 1253 incautus
3325 1199 3541 1269 aliquis,
3573 1215 3641 1253 ex

2080 1290 2341 1343 ementita
2394 1288 2540 1343 illius
2614 1290 2891 1357 sapientiae
2947 1290 3091 1345 fama
3124 1328 3138 1355 ,
3200 1290 3252 1343 in
3307 1291 3642 1347 seductionis

2072 1381 2316 1450 periculo
2346 1389 2675 1436 versaretur.
2713 1381 2841 1435 Nam
2899 1398 2961 1436 cx
3012 1380 3412 1436 mathematicis
3467 1383 3640 1437 solam

2072 1472 2418 1541 supinitatem
2455 1474 2659 1537 callnit,
2690 1474 2823 1527 nihil
2855 1489 3037 1527 verum
3070 1474 3213 1528 aliud
3246 1474 3319 1529 illi
3359 1475 3459 1528 fuit
3515 1490 3644 1544 ope-

2072 1578 2143 1616 rze
2163 1564 2416 1632 pretium,
2458 1565 2591 1617 nihil
2623 1580 2686 1617 cx
2731 1565 2845 1633 ipsa
2869 1565 3132 1632 sapientia
3160 1580 3278 1633 qua:
3302 1564 3641 1619 mathesibus

2070 1666 2150 1708 est
2191 1664 2509 1708 ornamento
2546 1656 2793 1724 profecit.
2820 1656 3089 1710 Caeterum
3126 1657 3288 1709 veteri
3345 1658 3508 1711 etiam
3561 1656 3641 1709 fa-

2072 1746 2279 1801 cundiae
2310 1748 2503 1801 sedulo
2529 1748 2759 1811 studuit,
2792 1750 2883 1802 sed
2924 1764 2985 1802 ex
3050 1748 3281 1815 quodam
3344 1749 3637 1803 admodum

2071 1838 2236 1908 impio
2267 1856 2330 1893 ac
2361 1840 2686 1895 stultissimo
2736 1841 2938 1907 scripto
2971 1858 2984 1903 ;
3016 1855 3176 1909 quam
3236 1841 3357 1895 ideo
3390 1841 3637 1895 Latinum

2068 1932 2408 2001 proverbium
2451 1934 2693 2001 apposite
2716 1932 2854 2001 apud
2896 1947 2991 1987 eos
3038 1934 3272 1987 celebrat
3335 1936 3425 2003 qui
3488 1934 3635 1988 illam

2066 2020 2356 2088 diligenter
2373 2030 2424 2076 et
2442 2023 2598 2077 unice
2628 2023 2935 2079 coluerunt.
2958 2022 3232 2078 lnterillos
3250 2026 3470 2094 proinde
3493 2026 3637 2080 hunc

2066 2115 2287 2171 laudare
2304 2115 2440 2171 forte
2460 2116 2636 2171 liceat.
2658 2115 2869 2169 Atenim
2890 2115 3030 2183 quod
3050 2123 3135 2171 est
3170 2115 3236 2169 de
3284 2131 3412 2169 vero
3436 2131 3463 2169 a
3501 2116 3636 2172 falso

2066 2206 2424 2263 discernendo
2455 2209 2530 2263 ita
2563 2208 2663 2262 fuit
2689 2222 2917 2278 prorsus
2961 2222 3152 2275 expers
3181 2214 3235 2262 et
3264 2220 3294 2261 a
3327 2206 3663 2277 gregalibus.

2074 2300 2150 2355 nil
2190 2303 2300 2358 fere
2328 2301 2560 2365 distans,
2596 2308 2653 2354 ut
2686 2301 2767 2355 vel
2796 2314 2931 2371 puer
2956 2301 3105 2355 illum
3138 2299 3497 2365 conl‘ntasset,
3532 2315 3633 2355 nec

2064 2392 2179 2463 ipse
2213 2409 2380 2463 puero
2445 2395 2501 2448 in
2554 2394 2981 2463 experimentum
3028 2391 3308 2446 mentienti
3369 2392 3635 2459 potuisset

2065 2486 2460 2542 contradicere.
2518 2484 2859 2555 QuaprOpter
2884 2493 2935 2540 et
2966 2485 3111 2540 hunc
3147 2499 3387 2539 errorem
3419 2484 3555 2554 apud
3576 2498 3634 2539 se

2067 2579 2267 2649 recepit
2300 2577 2498 2648 ;cujus
2520 2593 2618 2647 ego
2645 2578 2709 2631 de
2737 2578 2928 2646 optima
2948 2578 3281 2647 legislatione
3301 2576 3498 2631 librum
3532 2575 3633 2645 (sic

2066 2672 2206 2727 enim
2247 2679 2365 2725 erat
2398 2670 2695 2738 inscriptus
2751 2678 2803 2723 ct
2856 2670 3071 2739 propria
3128 2684 3292 2723 manu
3349 2670 3631 2736 exaratus)

2065 2761 2278 2831 publica
2310 2760 2672 2829 disputatione
2715 2760 3012 2827 confutavi,
3048 2774 3203 2827 paena
3255 2758 3476 2826 quidem
3517 2759 3632 2827 ipsa

2066 2850 2178 2919 igni
2215 2848 2801 2917 lradita.Compulet-at
2842 2857 3021 2903 autem
3079 2864 3163 2903 me
3216 2848 3336 2902 Filii
3392 2848 3486 2902 Dei
3538 2846 3632 2916 qui

2067 2953 2285 3012 prepter
2341 2957 2435 2996 nos
2466 2950 2717 2996 naturam
2758 2952 2999 2997 nostram
3045 2942 3360 3009 assumpsit,
3408 2942 3660 3011 ejusque"

2065 3036 2283 3105 optima:
2312 3033 2669 3102 legislationis
2711 3048 2863 3087 amor
2900 3042 2951 3087 et
2979 3034 3180 3098 timor;
3210 3033 3409 3103 quibus
3456 3041 3514 3087 ut
3547 3046 3633 3087 sa-

2067 3127 2391 3191 tislaceretn,
2427 3143 2511 3181 me
2542 3142 2646 3181 non
2671 3126 2955 3198 oportebat
2983 3140 3093 3181 rem
3140 3125 3297 3181 aliter
3320 3125 3560 3196 aggredi.

2132 3392 2208 3446 Ex
2255 3391 2413 3446 dictis
2441 3389 2609 3460 igitur
2647 3390 3089 3460 pulytlieistarum
3139 3406 3379 3447 errorem
3432 3407 3527 3463 per
3577 3395 3629 3448 id

2064 3484 2322 3551 temporis
2353 3484 2603 3537 evincere
2637 3498 2744 3536 non
2784 3492 2889 3545 est,
2920 3490 3105 3550 utpote
3140 3483 3248 3550 jam
3284 3484 3348 3537 ab
3380 3484 3499 3551 ipso
3525 3485 3631 3540 Deo

2061 3573 2331 3626 devictum
2364 3580 2417 3625 et
2444 3586 2473 3624 a
2496 3572 2911 3639 quibuscunqne
2933 3571 2998 3625 de
3026 3572 3224 3626 divinis
3244 3574 3627 3643 prudentibus;

2062 3666 2357 3735 praesertim
2389 3678 2509 3716 cum
2535 3664 2618 3715 vix
2648 3663 2782 3716 forte
2810 3664 3025 3732 pauculi
3061 3665 3114 3717 in
3141 3666 3339 3733 angulo
3362 3674 3413 3718 et
3447 3666 3629 3720 furtim

2062 3756 2243 3823 plures
2305 3756 2435 3807 deos
2496 3754 2832 3807 somnientur
2870 3768 2884 3817 ;
2921 3769 3019 3808 nec
3075 3755 3218 3807 enim
3272 3757 3537 3812 auderent
3576 3758 3631 3811 in

2059 3849 2338 3901 veritatem
2400 3847 2469 3899 ita
2519 3846 2755 3914 undique
2826 3848 3202 3916 preevalentem
3270 3849 3629 3911 insolescere.

2072 3938 2330 3992 universo
2392 3953 2537 3992 nunc
2594 3938 2745 4000 orbe,
2777 3948 2835 3991 ut
2885 3939 3089 3992 dictum
3154 3948 3254 4003 est,
3292 3939 3456 3993 Deum
3512 3954 3631 3995 esse

2062 4043 2296 4097 eumque
2331 4029 2549 4083 unicum
2582 4029 2867 4083 sentiente.
2913 4031 3175 4095 Quoniam
3226 4046 3352 4085 vero
3419 4032 3483 4084 de
3514 4030 3625 4086 Deo

2056 4121 2202 4172 varia
2236 4120 2368 4172 varii
2400 4131 2657 4189 ponentes
2686 4121 2738 4172 in
2770 4121 2963 4175 inultas
2992 4120 3306 4174 dividuntur
3368 4122 3625 4187 lizrreses,

2055 4223 2135 4267 sat
2191 4210 2345 4265 nobis
2396 4210 2559 4264 fuerit
2616 4219 2671 4265 et
2718 4210 2925 4265 caeteris
2984 4220 3335 4283 quotcunque
3390 4215 3629 4283 regimur

2053 4302 2251 4358 divinis
2286 4302 2585 4357 Salvatoris
2618 4304 2790 4356 nostri
2820 4302 2948 4357 .lesu
3011 4305 3216 4374 legibus
3272 4307 3416 4360 hunc
3452 4307 3626 4374 ipsum

2052 4394 2281 4461 ejusque
2341 4393 2637 4461 discipulos
2693 4407 2757 4446 ac
2817 4407 3001 4445 eormn
3052 4408 3415 4455 successores,
3499 4410 3624 4449 nec-

2056 4500 2160 4539 non
2214 4494 2269 4538 et
2315 4500 2478 4537 unum
2535 4484 2697 4537 Deum
2761 4498 3078 4552 proponere,
3173 4485 3624 4553 quemadmodum

386 4574 634 4642 δάγμεθα
671 4574 889 4641 φρονεῖν
921 4589 979 4624 τε
1012 4572 1107 4624 καὶ
1143 4573 1255 4634 τοῖς
1280 4573 1498 4633 οἰκείοις
1536 4574 1827 4641 κηρύττειν
1854 4576 1950 4641 τῆς
1988 4593 2028 4645 ι)
2056 4590 2122 4629 ex

1880 4576 1950 4641 ἧς
1988 4593 2028 4645 ι)
2056 4576 2254 4629 exhinc
2310 4575 2440 4643 quid
2489 4573 2555 4628 dc
2586 4574 2689 4656 lide
2746 4575 3058 4634 tenendum,
3092 4575 3220 4643 quid
3265 4575 3624 4631 ratiiiliaribus

386 4668 653 4727 πίστεωςο
688 4665 823 4717 ἀλλὰ
870 4664 977 4717 τῶν
1024 4664 1431 4732 διαφερομένων
1483 4665 1645 4716 ἕνεκα
1676 4668 1771 4716 καὶ
1827 4667 1956 4733 περὶ

385 4758 572 4810 τούτου
605 4774 657 4809 τι
698 4755 1045 4824 προσθετέον.
1082 4752 1206 4807 Ὅτι
1232 4756 1408 4807 τοίνυν
1442 4758 1467 4807 6
1497 4750 1574 4816 εἷς
1606 4755 1728 4807 κατ’
1768 4756 1955 4807 οὐσίαν

385 4850 512 4910 Θεὸς
550 4848 664 4916 ἆμα
694 4850 784 4899 καὶ
818 4847 973 4916 τριάς
1003 4847 1148 4897 ἐστιν
1188 4846 1469 4914 ίδιοτήτων
1502 4845 1646 4914 ἔργῳ
1676 4846 1956 4912 διακεκρι-

389 4938 589 5005 μένων,
626 4936 820 4989 ταυτὸν
866 4934 913 4988 δ’
952 4936 1125 4988 είπεῖν
1173 4936 1547 5000 ὑποστάσεων,
1599 4936 1814 4997 πλείους
1858 4936 1954 5004 μὲν

384 5031 685 5096 ἀποδείξεις
719 5030 893 5093 ἔξεστι
923 5030 1173 5095 κομίζειν
1213 5029 1276 5081 ἐκ
1308 5045 1364 5080 τε
1401 5030 1497 5096 τῆς
1532 5027 1766 5087 παλαιᾶς
1800 5027 1860 5078 ἐκ
1894 5043 1952 5079 τε

382 5127 480 5192 τῆς
519 5124 643 5185 νέας
692 5122 912 5189 Γραφῆς
940 5137 953 5150 ο
998 5121 1131 5173 ἀλλὰ
1162 5122 1270 5182 τοῖς
1315 5122 1412 5178 τὰς
1447 5122 1613 5182 αὐτὰς
1666 5121 1800 5187 ἡμῖν
1853 5119 1952 5171 οὐκ

384 5215 563 5283 ἔχουσι
601 5214 728 5281 περὶ
753 5212 860 5265 τῶν
902 5212 1062 5265 θείων
1110 5212 1279 5280 ἀρχὰς
1309 5210 1371 5263 ἔκ
1406 5228 1567 5263 τινων
1615 5210 1801 5279 ἀρχῶν
1834 5228 1952 5264 κοιο

383 5307 616 5374 νοτέρων
670 5304 750 5356 δεῖ
798 5305 921 5365 τοὺς
971 5303 1160 5369 λόγους
1213 5302 1504 5355 ποιεῖσθαι.
1565 5302 1719 5356 Ἐπεὶ
1769 5303 1951 5355 τοίνυν

396 5398 639 5453 Ἰουδαῖοί
687 5414 744 5449 τε
776 5399 871 5450 καὶ
924 5396 1019 5448 σὺν
1053 5397 1237 5458 αὐτοῖς
1268 5395 1443 5464 ἕτεροι
1486 5394 1583 5463 τὴν
1623 5398 1678 5449 ἐν
1704 5395 1779 5463 τῷ
1835 5394 1951 5463 Θεῷ

384 5491 588 5559 Τριάδα
627 5487 875 5557 φανερῶς
915 5485 978 5555 δὴ
1032 5485 1356 5555 ἀρνούμενοι
1409 5486 1507 5549 τὴν
1566 5483 1658 5537 τοῦ
1709 5485 1952 5546 Μωσέως

382 5577 731 5631 διδασκαλίαν
764 5577 813 5627 εἰ
844 5577 938 5627 καὶ
966 5574 1038 5643 μὴ
1068 5575 1185 5626 λίαν
1214 5573 1411 5641 ὁμοίως
1440 5572 1751 5640 προσίενται
1786 5570 1952 5638 (Ἰουα

2065 4665 2464 4735 praedicandum
2481 4665 2655 4718 edocti
2681 4679 2895 4719 sumus.
2921 4664 3024 4718 Sed
3051 4665 3429 4719 dissidentium
3455 4670 3624 4737 gratia

2061 4756 2259 4823 aliquid
2322 4756 2388 4808 de
2432 4756 2512 4808 his
2564 4755 2761 4808 addere
2808 4770 3031 4809 necesse
3062 4763 3164 4809 est.
3206 4755 3371 4810 Deum
3407 4757 3621 4812 scilicet

2064 4863 2230 4900 unum
2261 4861 2383 4901 esse
2416 4846 2713 4900 secundum
2760 4849 3121 4902 substantiam
3158 4858 3211 4903 et
3241 4851 3439 4903 trinum
3469 4852 3623 4918 juxta

2064 4937 2426 5004 preprietates'
2449 4935 2765 5003 operatione
2791 4934 3101 4998 distinctas,
3135 4937 3183 4988 id
3221 4945 3302 4989 est
3335 4951 3621 5003 personas,

2064 5028 2315 5098 plurimae
2344 5037 2571 5096 possunt
2600 5028 3101 5083 demonstrationes
3154 5028 3346 5083 adduci
3413 5038 3522 5084 tum
3556 5044 3622 5082 ex

2063 5120 2335 5173 veteribus
2364 5128 2474 5171 tum
2502 5134 2565 5171 ex
2610 5119 3011 5174 recentioribus
3052 5118 3366 5188 Scripturis.
3394 5122 3464 5175 At
3499 5136 3625 5190 pro-

2063 5219 2180 5276 pter
2207 5223 2301 5263 eos
2327 5208 2419 5276 qui
2452 5207 2640 5262 eadem
2676 5224 2739 5262 ac
2783 5223 2881 5262 nos
2912 5208 2978 5262 de
3035 5210 3237 5263 divinis
3272 5212 3434 5265 rebus
3472 5212 3623 5280 prin-

2060 5300 2206 5369 cipia
2232 5314 2335 5353 non
2371 5310 2578 5366 tenent,
2617 5314 2645 5352 a
2678 5300 3001 5368 quibusdam
3036 5303 3507 5357 communioribus
3541 5312 3625 5357 est

2062 5390 2456 5459 incipiendum.
2494 5390 2631 5444 (lum
2657 5390 2819 5459 igitur
2841 5389 3008 5445 Judaei
3038 5401 3089 5445 et
3114 5392 3200 5444 alii
3222 5407 3341 5445 cum
3375 5393 3479 5447 illis
3508 5392 3624 5447 Tri-

2061 5484 2286 5537 nitatem
2321 5483 2373 5535 in
2407 5480 2515 5535 Deo
2545 5481 2718 5551 palam
2768 5494 3030 5552 negantes
3067 5481 3319 5537 Mosaica:
3342 5485 3623 5548 doctrin-ua,

2061 5574 2165 5629 etsi
2186 5588 2290 5627 non
2315 5574 2605 5627 admodum
2629 5575 2854 5642 pariter,
2892 5577 3194 5629 assentiant
3220 5576 3439 5645 (quippe
3461 5592 3623 5645 quam

456 5787 531 5850 (l)
564 5785 737 5854 Hujus
775 5784 896 5838 libri
920 5783 1218 5854 fragmenta
1260 5795 1379 5850 quae
1415 5786 1715 5854 supersunt
1763 5772 1930 5854 edidit
2063 5772 2151 5854 Cl.
2176 5772 2511 5854 Alexander,
2543 5772 2721 5831 Paris.
2765 5776 2918 5833 1858.
2961 5775 3098 5834 Vide
3139 5777 3311 5848 ipsius
3347 5777 3622 5836 Praefatio-

388 5844 537 5912 ncm'.
568 5844 768 5911 Confer
807 5857 969 5911 etiam
1005 5844 1168 5924 Epist.
1213 5844 1581 5906 Gennadii‘nd
1616 5845 1921 5916 Joscphum
1965 5844 2269 5898 Exarcltum
2304 5845 2464 5898 infra.
