4416 6456
827 395 935 460 583

1923 383 2300 445 GENNADII
2333 384 2441 445 (ΣΡ.
2485 381 3003 444 ΡΑΤΙὶῐΑΙῖΟΗιΕ

3980 376 4044 437 58
4053 375 4083 437 4

816 511 981 584 judazi
1013 513 1198 578 utpote
1226 502 1484 560 divinitus
1535 497 1791 554 traditam
1861 497 2109 550 absolute
2170 495 2409 565 comple-
2437 502 2484 562 Α
2512 501 2560 552 δα

2335 495 2409 549 le—
2437 502 2484 562 Α
2512 501 2647 552 δαῖοι
2683 499 2792 569 γὰρ
2840 497 3096 561 καθάπαξ
3138 495 3306 562 αὐτῆς
3355 491 3703 563 περιέχονται
3737 488 3808 549 ὡς
3842 488 3904 541 ὲκ
3944 487 4079 540 Θεοῦ

822 613 1068 663 ctuntur,
1093 600 1216 651 licet
1233 611 1352 650 eam
1381 594 1447 648 de
1476 591 1656 645 divina
1680 588 2085 658 dispensatione
2106 595 2200 640 aut
2228 587 2398 638 simu-

824 696 934 750 late
965 690 1116 744 surdi
1147 697 1240 740 aut
1277 699 1531 755 perverse
1568 679 1907 749 interpretati
1942 676 2389 747 praetermittam,

825 787 983 841 nobis
1003 786 1066 838 ad
1102 797 1342 851 praesens
1376 779 1573 832 suﬂicit
1603 786 1660 830 ut
1687 791 1750 828 ex
1782 774 1948 828 Mosis
1969 774 2212 827 doctrina
2237 772 2395 840 quasi

736 916 738 918 τ
823 893 885 932 cx
910 876 1265 930 fundamento
1292 870 1547 925 omnibus
1579 866 2029 920 communissimo
2077 865 2176 917 Dei
2206 863 2394 916 Trini-

740 988 742 990 ·
823 979 991 1022 tatctn
1048 968 1156 1020 illis
1191 966 1639 1017 demonstremus
1694 959 1786 1028 qui
1824 965 2013 1012 contra
2075 970 2173 1008 nos
2211 953 2392 1007 deilla

824 1060 1127 1128 disputant.
1167 1057 1341 1106 Porro
1400 1066 1506 1104 non
1566 1049 1796 1119 publicis
1845 1055 2052 1099 tantum
2119 1045 2393 1110 discepta-

823 1152 1084 1211 tionibus,
1117 1147 1210 1201 sctl
1245 1156 1298 1198 et
1357 1145 1510 1198 libris
1561 1142 1786 1210 integris
1841 1141 1979 1191 lianc
2016 1139 2134 1191 lidei
2193 1147 2394 1189 nostra:

820 1242 1182 1296 clarissimam
1233 1238 1519 1291 veritatem
1584 1231 1890 1301 explanavi.
1949 1228 2124 1284 Unum
2186 1231 2390 1296 itaque,

824 1334 968 1404 quod
999 1348 1144 1386 nunc
1181 1341 1282 1392 est,
1321 1331 1484 1398 idque
1513 1344 1576 1382 ex
1611 1327 1724 1394 ipso
1757 1327 1920 1380 Musis
1973 1340 2066 1379 ore
2101 1325 2206 1378 illis
2234 1325 2390 1377 addi-

819 1438 932 1483 tum
989 1427 1130 1478 volo.
1174 1424 1419 1492 Superue
1477 1422 1684 1475 scilicet
1714 1417 1953 1482 afﬂatus,
2009 1417 2189 1471 Moses
2221 1417 2388 1470 Deum

818 1518 1045 1581 inducit,
1081 1529 1203 1566 cum
1235 1516 1550 1566 universum
1587 1512 1732 1563 hunc
1768 1509 2028 1561 mundum
2076 1509 2147 1560 ita
2201 1507 2389 1575 όὶενοο

819 1613 925 1664 sile
961 1616 1174 1662 crearet
1204 1622 1265 1659 ac
1297 1605 1671 1665 distribuerat,
1703 1603 1768 1655 ad
1817 1602 2171 1668 seuetipsum
2204 1601 2389 1654 dicen-

814 1713 952 1755 tem:
994 1699 1282 1752 Faciamus
1313 1698 1569 1749 hominem
1598 1700 1665 1748 ad
1717 1694 2006 1760 imaginem
2043 1702 2092 1744 et
2137 1693 2389 1744 similitu-

809 1793 987 1845 dinem
1021 1799 1275 1842 nostram.
1311 1787 1368 1839 Si
1416 1801 1569 1855 ergo,
1607 1785 1858 1853 ipsismet
1911 1783 2232 1844 fatentibus,
2288 1797 2382 1834 ve-

810 1901 908 1936 rax
948 1891 1030 1936 est
1066 1882 1266 1942 Moses,
1299 1880 1344 1932 si
1387 1880 1548 1942 Deus,
1573 1877 1816 1930 omnium
1853 1891 2144 1938 consensu,
2177 1875 2241 1927 ad
2273 1875 2380 1927 sei-

807 1992 965 2044 psutn
1000 1976 1068 2026 ita
1108 1974 1422 2027 Ιυειιιιιευει
1447 1980 1500 2023 et
1527 1971 1708 2022 divina
1738 1978 1868 2022 sunt
1897 1969 2009 2020 ltzec
2043 1967 2228 2030 verba,
2264 1976 2376 2019 tum

809 2068 1106 2121 manifesto
1133 2066 1289 2118 robis
1317 2081 1378 2116 et
1398 2064 1492 2116 illo
1523 2076 1774 2115 sermone
1801 2069 1941 2130 patet
1959 2069 2010 2111 et
2046 2075 2214 2112 unum
2246 2074 2366 2112 esse

809 2159 1014 2226 llettnt;
1049 2160 1123 2212 ait
1143 2158 1308 2220 enim,
1337 2155 1483 2208 Dixit
1509 2156 1646 2207 Dens
1671 2171 1688 2217 ;
1717 2163 1768 2205 ct
1788 2153 2151 2220 pluralitatem
2183 2167 2376 2219 quant-

804 2255 927 2308 dam
960 2268 1020 2306 ac
1045 2267 1330 2304 nttmcrun.
1361 2250 1411 2301 iu
1445 2249 1551 2302 Deo
1577 2248 1848 2316 diguosci,
1880 2262 2025 2311 nam,
2071 2244 2376 2307 Faciamus,

810 2344 989 2413 inquit
1040 2343 1263 2399 sibimet
1316 2340 1496 2405 Deus,
1534 2342 1689 2410 quasi
1747 2339 2055 2406 multiplex,
2095 2348 2215 2390 tttut
2287 2337 2378 2401 sit,

809 2443 860 2494 in
888 2442 1188 2508 semetipso
1225 2438 1499 2492 exsistens
1529 2453 1543 2497 ;
1575 2445 1628 2489 et
1654 2436 1806 2503 juxta
1842 2434 2134 2502 imaginem
2165 2432 2256 2486 Dei
2283 2434 2380 2485 lto-

805 2534 1004 2585 tuiuem
1031 2532 1230 2584 factum
1259 2545 1380 2583 esse
1410 2539 1462 2582 et
1487 2539 1760 2590 constare,
1797 2526 2067 2595 siquidem
2096 2525 2210 2576 :Ad
2241 2527 2378 2577 ima-

803 2628 973 2696 ginem
1003 2633 1258 2684 nostram,
1293 2622 1386 2675 ait.
1426 2621 1489 2673 Et
1522 2635 1706 2674 revera
1735 2635 1957 2688 prorsus
1985 2621 2228 2688 apposite
2255 2620 2343 2672 dic
2363 2646 2374 2658 ι

804 2730 918 2772 tum
959 2718 1126 2779 istud,
1156 2732 1262 2768 non
1297 2730 1360 2768 eo
1390 2715 1565 2769 solum
1600 2714 1744 2782 quod
1792 2714 1962 2766 libero
2003 2714 2233 2766 arbitrio
2264 2724 2378 2766 erat

804 2810 1156 2863 honorandus
1192 2810 1372 2871 homo,
1408 2809 1547 2860 un-le
1581 2815 1633 2859 et
1666 2821 1846 2859 rerum
1901 2808 2142 2859 omnium
2170 2805 2372 2860 condi-

806 2914 981 2957 tarum
1023 2904 1238 2955 futurus
1277 2910 1392 2954 erat
1427 2901 1681 2953 dominus
1709 2911 1760 2951 et
1795 2903 2056 2952 continuo
2091 2899 2375 2966 proximus

802 3011 829 3048 a
852 2993 981 3047 Deo.
1002 2993 1094 3047 scd
1130 2993 1292 3044 etiam
1319 2991 1462 3060 quod
1489 2990 1727 3043 divinam
1761 2991 2018 3043 unitatem
2062 3005 2125 3042 ac
2159 2991 2383 3059 plurali-

2500 591 2810 658 δεδομένης,
2843 592 2889 642 εί
2915 591 3005 642 καὶ
3030 590 3096 641 τὰ
3123 586 3370 656 περὶτῆς
3389 585 3538 647 θείας
3563 582 3874 650 οἰκονομίας
3899 580 4082 632 ἐθελο-

2499 680 2809 747 κωφοῧντες
2844 679 3013 748 αὐτὴν
3042 678 3482 746 παρατρέχουσιν
3508 675 3540 742 ἢ
3575 673 3915 739 διαστρόφοις
3943 687 4082 738 παρ-

2500 772 2942 842 ερμηνεὺοντες),
2975 772 3135 837 ἀρκεῖ
3170 772 3263 820 καὶ
3293 769 3423 837 ἡμῖν
3452 765 3547 818 νῦν
3577 766 3665 818 διὰ
3690 763 3858 815 ταῦτα
3889 764 3951 813 ὲκ
3983 763 4080 830 τῆς

2498 865 2739 924 Μωσέως
2772 861 3126 923 διδασκαλίας
3143 861 3216 922 ὡς
3242 859 3565 925 κοινοτάτης
3588 858 3754 908 πᾶσιν
3784 857 3958 924 ἀρχῆς
3981 857 4079 920 τὴν

2497 960 2555 1009 ὲν
2578 957 2652 1026 τῷ
2684 958 2802 1025 Θεῷ
2820 957 3010 1022 δείξαι,
3031 954 3240 1025 Τριὰδα
3264 956 3373 1015 τοῖς
3399 954 3525 1022 περὶ
3546 951 3748 1017 ταύτης
3772 952 3904 1017 πρὸς
3930 947 4076 1015 ἡμᾶς

2497 1049 3023 1117 διαμφισϐητοῦσινο
3060 1052 3150 1098 καὶ
3191 1046 3418 1115 βιϐλίοις
3471 1043 3569 1111 μὲν
3623 1044 3784 1101 ὅλοις,
3818 1042 3877 1091 οὐ
3919 1041 4077 1106 μόνον

2495 1144 2761 1209 διαλέξεσι
2785 1144 3074 1212 δημοσίαις
3108 1142 3242 1208 πρὸς
3282 1138 3576 1206 ἑκατέρους
3607 1135 3705 1203 τὴν
3752 1133 4076 1201 λαμπροτά-

2495 1255 2594 1305 την
2619 1237 2880 1304 ἀλήθειαν
2910 1238 3007 1302 τῆς
3043 1237 3173 1304 παρ’
3208 1238 3340 1303 ἡμῖν
3395 1234 3768 1305 ἱστορήκαμεν
3816 1231 4074 1285 πίστεως.

2495 1330 2608 1382 Νῦν
2636 1332 2680 1383 δ’
2709 1332 2766 1382 ἓν
2797 1348 2848 1382 τι
2882 1333 2977 1384 καὶ
3010 1333 3074 1382 ὲκ
3110 1334 3236 1399 μιᾶς
3264 1332 3355 1382 τοῦ
3392 1331 3639 1387 Μωσέως
3672 1327 3858 1393 φωνῆς
3893 1325 4075 1379 αὐτοῖς

2495 1427 2904 1496 προθησόμεθα.
2960 1427 3020 1477 'U
3053 1427 3232 1477 τοίνυν
3267 1425 3447 1486 ἔνθεος
3482 1424 3682 1491 Μωσῆς
3736 1422 3946 1485 εἰσάγει
3986 1420 4076 1469 τὸν

2491 1520 2623 1570 Θεὸν
2686 1520 2742 1570 ἐν
2792 1519 2869 1586 τῷ
2918 1519 2977 1569 τὸ
3027 1519 3251 1584 σύμπαν
3302 1524 3420 1570 τοδε
3483 1519 3959 1584 διανενεμημένως
4014 1529 4072 1563 τε

2489 1611 2877 1682 δημιοουργεῖν
2925 1612 3017 1663 καὶ
3071 1613 3345 1674 εὐτάκτως
3395 1613 3529 1680 πρὸς
3580 1610 3769 1661 ἑαυτὸν
3824 1608 4070 1670 λέγοντα,

2491 1702 2843 1768 Ποιήσωμεν
2876 1703 3193 1769 ἄνθρωπον
3232 1703 3360 1754 κατ’
3404 1705 3612 1754 εἰκόνα
3646 1699 3944 1767 ἡμετέραν
3975 1697 4076 1751 καὶ

2489 1797 2620 1849 καθ’
2660 1796 2968 1864 ὁμοίωσιν.
3008 1797 3069 1848 ΕΞ
3106 1797 3287 1848 τοίνυν
3338 1796 3546 1864 ἀληθής
3589 1801 3707 1848 ἐστι
3741 1794 3945 1862 Μωσῆς
3981 1794 4075 1846 καὶ

2487 1891 2610 1942 κατ’
2641 1893 2842 1953 αὐτοὺς
2895 1895 2985 1944 καὶ
3027 1895 3159 1955 Θεὸς
3191 1893 3362 1954 οὕτως
3411 1889 3563 1943 εἶπεν
3615 1892 3816 1956 ὁμολογ
3855 1891 4071 1957 υμένω,

2486 1983 2621 2052 πρὸς
2650 1984 2839 2036 ἑαυτὸν
2869 1986 2963 2037 καὶ
2999 1985 3140 2047 θεῖος
3171 1986 3344 2038 ταῦτα
3374 1985 3529 2050 λόγος
3565 1987 3735 2042 ἐστὶν,
3780 1984 3974 2050 ἔχ’-μεν
4011 1985 4072 2048 (ἰὴ

2483 2078 2547 2128 ὲκ
2580 2078 2860 2144 τοῦλόγου
2915 2079 3104 2130 τούτου
3156 2077 3459 2146 προδζλι-»ς⁹
3502 2079 3584 2129 ὅτι
3636 2093 3691 2128 τε
3733 2071 3811 2137 εἷς
3852 2077 4000 2128 ἐστιν
4045 2077 4070 2124 ο

2485 2168 2615 2230 Θεὸς
2652 2166 2821 2237 (Eine
2845 2171 2972 2240 γὰρ,
3011 2172 3199 2238 φησὶν,
3231 2174 3262 2224 0'
3291 2171 3480 2234 Θεὸς),
3523 2172 3613 2221 καὶ
3647 2171 3730 2222 ὅτι
3771 2169 3973 2228 πλῖθός
4019 2185 4069 2218 τι

2486 2263 2580 2314 καὶ
2609 2264 2845 2331 ἀριθμός
2879 2281 2958 2325 τις
2991 2265 3048 2316 ἐν
3082 2266 3160 2330 τῷ
3191 2265 3269 2316 ἑνὶ
3301 2266 3503 2315 νοεῖται
3529 2263 3650 2330 Θεῴ
3692 2261 4071 2330 (Ποιήσωμεν

2483 2355 2616 2423 γὰρ,
2649 2355 2753 2424 ἔφη
2786 2357 2924 2422 πρὸς
2964 2357 3154 2409 ἑαυτὸν
3185 2360 3210 2408 ό
3237 2356 3368 2418 Θεὸς
3400 2357 3474 2416 ὼς
3505 2357 3567 2424 δὴ
3614 2355 3794 2424 τρόπῳ
3835 2360 3941 2406 τινι
3975 2355 4068 2406 καὶ

2489 2446 2727 2515 πλήθους
2771 2449 2825 2497 ἐν
2876 2447 3057 2516 ἑαυτῷ
3094 2446 3440 2516 μετέχοντα),
3473 2447 3562 2498 καὶ
3606 2449 3683 2498 ὅτι
3718 2449 3839 2497 κατ’
3881 2444 4066 2498 εἰκόνα

2484 2537 2618 2589 Θεοῦ
2653 2537 2872 2606 γέγονεν
2903 2537 3190 2607 ἄνθρωπος
3217 2540 3306 2590 καὶ
3343 2539 3459 2590 ἔστι
3491 2537 3654 2609 (Κατ’
3697 2537 3902 2588 εἰκόνα
3935 2537 4062 2603 γὰρ,

2485 2632 2668 2698 φησὶν,
2703 2629 3040 2697 ἡμετέραν),
3087 2632 3180 2684 καὶ
3227 2632 3464 2696 εὐλόγως
3511 2631 3653 2684 πάνυ
3702 2629 3826 2681 κατ’
3874 2629 4062 2679 εἰκόνα

2484 2722 2636 2775 θείαν
2671 2722 2863 2789 ἔμελλε
2907 2724 3175 2790 γίνεσθαι,
3211 2722 3270 2774 οὐ
3326 2723 3485 2792 μόνον
3519 2721 3593 2783 ὡς
3626 2719 4066 2786 αὐτξουσιότητι

2483 2816 2942 2884 τιμηθηοόμενος,
2981 2817 3050 2868 δι’
3091 2817 3157 2885 ἢν
3212 2817 3308 2868 καὶ
3353 2817 3463 2868 τῶν
3517 2816 3792 2883 γεννητῶν
3848 2815 4066 2867 πάντων

2484 2908 2668 2976 ἄρχω)
2697 2909 2846 2962 ἔσται
2883 2912 2976 2960 καὶ
3025 2909 3180 2970 τέλος
3231 2909 3371 2971 μετὰ
3407 2910 3566 2972 Θεὸν,
3612 2908 3748 2960 ἀλλὰ
3773 2909 3837 2977 δὴ
3871 2911 3964 2960 καὶ
3993 2909 4068 2968 ὡς

2482 3001 2581 3068 τῆς
2614 3002 2764 3061 θείας
2792 3003 3040 3068 ἑνότητος
3070 3004 3162 3053 καὶ
3190 3002 3286 3053 τοῦ
3314 3005 3370 3054 ὲν
3402 3003 3542 3072 αὐτῇ
3581 3002 3792 3071 μέλλων
3825 3000 4065 3070 ἀριθμοῦ

815 3097 979 3140 tatem
1009 3094 1156 3139 (sset
1186 3084 1630 3152 participaturus.
1661 3082 1772 3133 luto
1799 3082 2170 3149 Itineqttodam
2208 3083 2376 3135 modo
2408 3067 2451 3127 Ο
2488 3109 2553 3158 με

2323 3083 2376 3135 Ιο
2408 3067 2451 3127 c
2488 3092 2758 3160 μετέχειν.
2811 3067 2974 3143 ’Ὅθεν
3017 3093 3081 3161 δὴ
3134 3094 3226 3144 καὶ
3271 3067 3541 3160 μετέσχεν.
3582 3067 3974 3163 αμηγέπηἽεῖς
4007 3111 4067 3145 τε

805 3179 1079 3246 particeps
1151 3175 1400 3237 eductus,
1464 3189 1583 3225 cum
1641 3183 1695 3225 et
1731 3187 1873 3225 unus
1915 3172 1986 3226 sit
2018 3182 2068 3224 et
2100 3170 2376 3240 pluribus,

802 3269 980 3338 quoad
1015 3272 1275 3332 animam,
1304 3267 1655 3319 facultatibus
1675 3265 1904 3319 Coaleat.
1935 3265 2090 3319 llnnc
2123 3266 2370 3318 divinum

803 3378 1088 3417 numerum
1126 3362 1214 3414 ille
1240 3361 1395 3413 nobis
1437 3360 1698 3411 reseravit
1743 3372 1903 3424 quem
1934 3367 2225 3411 venturum
2256 3357 2367 3408 Mo-

801 3466 888 3503 ses
921 3449 1344 3518 pt'Opltctth-rat
1411 3447 1593 3501 Jcsus.
1637 3446 2004 3511 Quamobrem
2056 3457 2108 3500 et
2155 3447 2217 3498 ad
2278 3462 2378 3498 n0-

802 3552 971 3593 stram
1007 3551 1256 3593 canoram
1295 3538 1677 3607 perfectionem
1717 3537 2010 3592 adveniens
2069 3538 2376 3602 iterumque

803 3641 1068 3686 venturus
1098 3631 1266 3683 multo
1297 3639 1419 3682 ante
1450 3629 1832 3697 pronuntiatus
1865 3630 2035 3683 edixit
2095 3630 2376 3696 baptizan-

801 3724 900 3777 dus
952 3739 1045 3778 eos
1075 3725 1162 3792 qui
1200 3723 1530 3775 crediderint
1562 3723 1613 3774 in
1647 3737 1868 3774 nomine
1904 3719 2097 3782 Patris.
2136 3733 2188 3775 et
2225 3720 2371 3783 Filii,

801 3825 855 3870 ct
885 3818 1120 3885 Spiritus
1155 3817 1350 3880 sancti,
1373 3815 1594 3884 quibus,
1629 3816 1728 3868 etsi
1763 3825 1873 3867 tres
1897 3816 2005 3868 sint
2029 3858 2042 3877 ,
2089 3830 2256 3866 utunn
2287 3828 2378 3865 no-

804 3926 925 3964 tnen
959 3920 1042 3963 est
1073 3919 1128 3963 et
1181 3911 1234 3963 in
1281 3909 1560 3963 communi
1625 3910 1886 3975 competit
1948 3923 2108 3959 uuam
2177 3906 2377 3960 habere

801 4004 1059 4057 deitatem
1100 4012 1153 4056 et
1188 4017 1355 4054 unum
1390 4000 1555 4053 Deum
1592 4001 1695 4051 tria
1728 4001 1828 4051 hoc
1847 4013 1989 4051 esse.
2027 3997 2167 4061 Quia
2203 3999 2367 4052 etiam

801 4099 1120 4164 prmsquam
1156 4095 1396 4147 venisset
1432 4091 1614 4153 Jesus,
1640 4089 1806 4143 David
1836 4092 1975 4143 hanc
2008 4090 2059 4141 iu
2098 4090 2206 4142 Deo
2253 4089 2378 4143 'l'ri—

801 4189 1022 4239 nitatem
1113 4185 1378 4254 pellucide
1425 4184 1801 4236 declaraverat
1854 4199 1866 4236 :
1939 4181 2103 4236 Verbo
2139 4183 2375 4247 Domini,

801 4281 1077 4347 inquiens,
1109 4279 1223 4331 caeli
1251 4277 1453 4344 ﬁrmati
1490 4285 1614 4329 sunt
1649 4287 1696 4328 et
1728 4274 1929 4339 Spiritu
1983 4278 2088 4328 oris
2120 4277 2234 4339 eius
2270 4292 2379 4327 om-

2484 3184 2560 3235 ὢν
2623 3187 2717 3236 καὶ
2776 3187 2840 3237 ἐκ
2890 3186 3154 3238 πλειόνων
3207 3189 3306 3256 τὴν
3371 3186 3553 3255 ψυχὴν
3617 3189 4067 3254 συνηρμοσμένος

2481 3277 2762 3344 δυνὰμεων
2790 3293 2801 3303 ·
2834 3276 3022 3328 τοῦτον
3062 3277 3153 3328 τὸν
3190 3277 3331 3328 θεῖον
3379 3278 3611 3345 ἀριθμὸν
3645 3278 3672 3328 ὁ
3717 3280 3778 3328 ἐκ
3821 3279 4066 3337 Ἀίωςέως

2480 3368 2630 3439 ἥξειν
2662 3368 3060 3437 προφητευθεὶς
3101 3366 3303 3435 Ἰησοῦς
3332 3368 3492 3436 ἡμῶν
3533 3369 3799 3433 ἁνέπτνξε
3824 3384 3836 3396 °
3872 3370 4064 3420 coita-ti

2482 3463 2641 3531 χάριν
2673 3464 2767 3515 καὶ
2817 3462 2914 3529 τῆς
2959 3461 3126 3529 ἄλλης
3175 3460 3336 3528 ἡμῶν
3370 3460 3708 3528 βελτιώσεως
3757 3465 4066 3528 ἀφιγμέιος

2481 3572 2538 3606 τε
2592 3555 2706 3607 ἀλλ’
2769 3554 2920 3622 ἥξειν
2998 3553 3281 3623 πόρρωθεν
3352 3555 3910 3622 προκατηγγελμένος
3971 3557 4064 3606 καὶ

2483 3644 2836 3713 βαπτίζεσθαι
2874 3646 2985 3696 δεῖν
3009 3644 3111 3712 ἔφη
3147 3645 3501 3705 πιστεύοντας
3537 3649 3614 3706 εἰς

2485 3737 2722 3803 Ματρὸς,
2751 3738 2842 3788 καὶ
2872 3736 2968 3787 τοῦ
2998 3735 3151 3800 Υἱοῦ,
3177 3738 3270 3788 καὶ¹
3297 3739 3389 3789 τοῦ
3416 3741 3573 3805 ἁγίου
3611 3741 3946 3806 ίινεύματοῖ,
3983 3737 4064 3801 οἷς

3671 3646 3730 3697 τὸ
3761 3646 3930 3713 ὄνομα
3966 3647 4064 3699 τοῦ

2481 3829 2661 3896 τρισὶν
2708 3822 2861 3880 οὖσιν
2909 3827 2968 3880 ἓν
2997 3829 3169 3897 ὄνομα
3217 3833 3311 3880 καὶ
3345 3832 3522 3883 κοινόν
3551 3834 3697 3884 ἐστιν
3731 3837 3760 3901 ἡ
3816 3837 3915 3899 μία
3948 3838 4066 3885 θεό⁴

2479 3938 2576 3990 της
2614 3921 2707 3971 καὶ
2736 3921 2796 3972 τὸ
2826 3920 2958 3972 Θεὸν
2983 3921 3077 3973 ἕνα
3108 3923 3175 3974 τὰ
3207 3923 3330 3991 τρία
3378 3923 3534 3976 ταῦτ’
3569 3921 3730 3976 εἶναι.
3775 3925 3932 3977 ’Λλλὰ
3969 3927 4063 3977 καὶ

2482 4013 2609 4079 πρ“.ν
2658 4012 2814 4080 ἥκειν
2869 4013 2963 4063 τὸν
3004 4013 3210 4080 Ἰησοῦν
3257 4015 3285 4064 ὁ
3330 4015 3496 4065 Δαϐιδ
3546 4017 3646 4082 τὴν
3700 4017 3758 4065 ὲν
3811 4018 3887 4082 τῷ
3940 4017 4059 4083 Θεῴ

2481 4105 2685 4174 Τριάδα
2739 4105 2943 4172 ταύτην
2992 4105 3180 4172 ἐδήλου
3235 4105 3431 4170 καλῶς,
3492 4105 3579 4169 Τῷ
3625 4108 3786 4171 λόγῳ
3838 4107 4061 4171 Rufioni

2481 4203 2533 4252 οὶ
2577 4199 2821 4266 οὐρανοὶ
2864 4198 3338 4265 ἐστερεώθησαν,
3389 4198 3585 4266 λέγων,
3622 4201 3718 4253 καί
3762 4199 3839 4263 τῷ
3873 4202 4062 4251 (Iret?-

2479 4309 2618 4361 ματι
2642 4291 2748 4343 τοῦ
2772 4291 3069 4359 στόματος
3090 4291 3278 4344 αὐτοῦ
3303 4291 3470 4345 πᾶσα
3499 4291 3535 4355 ἡ
3561 4292 3814 4359 δύναμις
3837 4294 4064 4354 αὐτῶν,

806 4375 888 4427 nis
920 4375 1085 4424 virtus
1133 4387 1338 4424 eorum.
1394 4368 1559 4437 Atqui
1613 4381 1712 4421 nec
1760 4368 1952 4421 Davidi
1999 4369 2380 4424 contradicere
2413 4409 2455 4463 ο
2485 4387 2550 4436 ἀν

2315 4384 2380 4424 τε
2413 4409 2455 4463 D
2485 4384 2791 4450 ἀντιλέγειν
2829 4384 2884 4436 δὲ
2917 4384 3039 4435 οὐδὲ
3079 4383 3155 4451 τῷ
3203 4384 3370 4436 Δαὸἰδ
3401 4385 3619 4452 ἔχουσιν
3654 4387 3702 4437 οί
3739 4387 3875 4454 πρὸς
3913 4388 4059 4454 ἡμᾶς

803 4469 1041 4520 audeant
1074 4462 1374 4517 adversarii
1413 4461 1610 4513 nostri.
1639 4459 1716 4512 lla
1751 4470 1804 4513 et
1843 4475 1909 4513 ex
1954 4460 2182 4528 reliquis
2244 4475 2371 4528 pro-

800 4560 980 4632 phetis
1014 4559 1178 4622 idem,
1202 4553 1270 4608 de
1307 4568 1415 4624 quo
1456 4567 1624 4616 nunc,
1655 4552 1848 4621 dogma
1895 4547 2191 4621 colligitur,
2221 4552 2374 4621 quod

797 4671 922 4711 cum
956 4655 1196 4722 ipsorum
1221 4648 1286 4702 de
1313 4645 1495 4701 divina
1545 4645 1953 4714 dispensatione
1985 4647 2259 4714 praedictis
2288 4662 2379 4716 ap—

797 4748 974 4818 prime
1027 4753 1323 4799 consonat.

868 4840 1144 4902 Attamen,
1187 4849 1502 4905 quanquam
1532 4834 1692 4888 modo
1723 4833 1960 4900 praemisi
2005 4832 2275 4887 hominem
2314 4834 2379 4887 ad

798 4930 1092 4999 imaginem
1125 4926 1217 4981 Dei
1255 4926 1480 4987 factum,
1504 4926 1554 4979 id
1585 4941 1690 4978 non
1723 4940 1786 4977 ex
1843 4925 1985 4979 Mose
2017 4925 2197 4994 potius
2229 4934 2282 4978 et
2314 4940 2382 4978 cx

798 5040 863 5079 co
893 5023 1039 5091 quod
1106 5022 1421 5089 loquentem
1481 5019 1643 5072 Deum
1705 5017 1935 5081 inducit,
1968 5033 2132 5086 quam
2169 5031 2232 5070 ex
2267 5018 2381 5086 ipsa

799 5116 946 5170 (irca
1009 5113 1284 5167 hominem
1331 5111 1571 5165 evidenti
1637 5111 1865 5165 veritate
1897 5127 1961 5166 ac
2015 5112 2130 5166 sola
2167 5111 2380 5165 ratione

800 5218 950 5263 stare
972 5219 1132 5274 posse
1163 5202 1501 5258 monstrabo.
1534 5201 2019 5272 Profectoquidem
2046 5218 2182 5273 Opus
2206 5205 2374 5275 quod-

801 5299 932 5353 libet
966 5295 1264 5350 intellectui
1298 5294 1546 5363 opcranti
1580 5294 1760 5364 aliqua
1787 5295 1962 5350 simile
1988 5304 2070 5351 est
2098 5313 2113 5362 ;
2145 5296 2201 5349 tit
2228 5297 2373 5350 enim

799 5388 949 5458 juxta
1016 5385 1255 5456 speciem
1315 5385 1369 5438 in
1405 5383 1679 5438 intellectu
1731 5383 1958 5441 factoris
2021 5388 2291 5453 incusam,
2324 5393 2378 5440 ct

799 5479 1182 5535 immaterialis
1203 5493 1324 5547 qua:
1368 5479 1494 5531 huic
1527 5477 1670 5532 inest
1707 5478 1892 5548 operis
1925 5478 2104 5549 imago
2136 5495 2381 5533 commu-

801 5570 1022 5623 nicatur
1083 5567 1324 5621 materia:
1377 5566 1539 5620 modo
1571 5569 1669 5637 ipsi
1722 5568 1982 5638 proprio;
2016 5569 2160 5624 unde
2200 5571 2382 5625 tenuis

803 5659 1108 5716 similitudo
1132 5669 1234 5712 est.
1259 5659 1395 5712 Nam
1420 5658 1566 5712 sicut
1587 5675 1649 5712 ex
1684 5661 1930 5731 vestigiis
1959 5663 2233 5716 hominem
2256 5678 2380 5717 esse

804 5751 1060 5808 novimus
1102 5750 1196 5820 qui
1233 5751 1481 5815 incessit,
1505 5751 1575 5804 ita
1617 5751 1837 5805 domum
1875 5753 2055 5806 intuiti
2093 5753 2235 5807 illam
2270 5755 2380 5809 sci-

805 5859 928 5901 mus
971 5858 1109 5915 opus
1143 5858 1264 5900 esse
1293 5842 1648 5910 cmmentarii,
1702 5858 1919 5916 unaque
1948 5847 2237 5917 structoris
2285 5847 2380 5901 tta-

2486 4475 2844 4543 διιστάμενοι.
2869 4475 2978 4527 Καὶ
3006 4477 3069 4526 ἐκ
3101 4474 3206 4527 τῶν
3234 4475 3410 4528 ἄλλων
3435 4478 3494 4529 δὲ
3527 4480 3824 4548 προφητῶν
3852 4480 3910 4531 τὸ
3934 4481 4062 4548 περὶ

2486 4567 2584 4636 τῆς
2633 4568 2690 4618 ὲν
2728 4566 2804 4635 τῷ
2846 4567 2965 4636 Θεῷ
3013 4567 3244 4637 Τριάδνς
3299 4568 3478 4630 καλῶς
3521 4569 3833 4638 ἀθροίζεται
3884 4573 4063 4640 δόγμα

2487 4661 2606 4721 ταῖς
2642 4660 2766 4727 περὶ
2797 4661 2895 4728 τῆς
2932 4659 3084 4718 θείας
3129 4661 3440 4729 οίκονομίας
3473 4664 3848 4733 προρρήσεσιν
3879 4667 4058 4717 αὑτςῖιν

2486 4752 2702 4814 οἰκείως
2732 4752 3183 4821 ὲναρμοζόμενον.

2574 4847 2732 4898 Ἀλλὰ
2780 4846 2875 4898 νῦν
2921 4847 2980 4897 τὸ
3021 4845 3365 4916 ἀνθρώπειον
3399 4851 3835 4917 προστησάμενοι
3871 4851 4061 4919 χρῆμα

2485 4940 2604 4991 κατ’
2640 4939 2823 4991 εἰκόνα
2871 4939 3023 4991 θείαν
3074 4942 3491 5008 γεγεννημένον,
3549 4943 3658 4994 οὐδ’
3693 4945 3759 4995 ὲκ
3810 4943 3905 4996 τοῦ
3938 4945 4062 4997 Μω-

2486 5034 2621 5095 σέως
2654 5033 2876 5102 μᾶλλον,
2914 5033 3008 5087 καὶ
3045 5033 3106 5086 ὃν
3155 5033 3344 5100 ὲσάγει
3376 5034 3602 5100 λέγοντα
3648 5035 3807 5088 τοῦτο
3837 5037 3992 5102 Θεὸν,
4027 5041 4061 5111 ἢ

2484 5127 2548 5179 ἐκ
2579 5127 2676 5195 τῆς
2726 5129 3058 5196 φαινομένης
3093 5128 3219 5196 περὶ
3249 5127 3340 5181 τὸν
3387 5126 3675 5197 ἄνθρωπον
3705 5129 3964 5200 ἀληθείας
3996 5133 4060 5184 τὸ

2484 5220 2657 5288 δόγμα
2688 5219 2847 5273 τοῦτο
2879 5222 2972 5275 καὶ
3004 5222 3147 5291 λόγῳ
3192 5223 3492 5292 δυνάμενον
3523 5226 3749 5292 κρατεῖν
3781 5224 4058 5297 ρείξομεν.

2486 5313 2667 5365 ’Ἀπλν
2705 5315 2804 5382 μὲν
2827 5314 2891 5383 δὴ
2924 5317 3133 5385 ποίημα
3164 5316 3350 5384 ὅμοιόν
3382 5317 3500 5378 πώς
3534 5319 3650 5370 ἐστι
3689 5318 3765 5386 τῷ
3803 5321 3941 5387 μετὰ
3970 5318 4064 5371 τοῦ

2490 5403 2732 5456 ποιοῦντι
2755 5420 2767 5434 ’
2801 5409 3032 5458 ποιεῖται
3061 5406 3169 5475 γὰρ
3196 5411 3337 5458 κατὰ
3371 5408 3433 5460 τὸ
3467 5409 3777 5461 ὲντυπωθὲν
3807 5410 3936 5479 περὶ
3969 5410 4070 5462 αὑ-

2487 5499 2582 5550 τοῦ
2631 5495 2767 5561 εἶδος
2819 5498 2895 5567 τῷ
2949 5498 3022 5568 νῷ
3074 5499 3167 5554 τοῦ
3215 5499 3536 5565 ποιοῦντος·
3591 5505 3683 5555 καὶ
3730 5504 3763 5572 ἠ
3811 5503 3974 5565 ἄῦλος
4009 5504 4071 5557 ὲν

2490 5590 2638 5660 αὐτῴ
2669 5590 2763 5644 τοῦ
2799 5593 3104 5660 ποιήματος
3147 5593 3405 5663 ὁμοιότης
3440 5596 3498 5646 ἐν
3538 5597 3604 5666 τῇ
3655 5596 3758 5667 ὕλῃ
3791 5600 4070 5650 κοινωνεῖ-

2488 5701 2577 5735 ται
2622 5685 2841 5746 οίκείως
2875 5687 3040 5756 αὐτῇ,
3082 5687 3162 5740 διὸ
3193 5688 3290 5740 καὶ
3337 5689 3574 5758 ἀσθενής
3606 5691 3756 5742 ἐστιν
3787 5690 4073 5758 ὁμοιότης.

2491 5774 2579 5839 Ὠς
2622 5779 2729 5847 γὰρ
2760 5777 2837 5849 τῷ
2877 5779 3016 5848 ἴχνει
3067 5780 3412 5851 γινώσκομεν
3457 5782 3750 5853 ἄνθρωπον
3786 5783 3879 5835 τὸν
3917 5799 4080 5850 περι-

2484 5871 2804 5945 πατήσαντα
2859 5871 3021 5939 εἶναι,
3055 5873 3203 5930 οὕτω
3237 5879 3331 5930 καὶ
3366 5878 3544 5933 οἰκίαν
3583 5877 3788 5941 ἰδόντες
3836 5875 4071 5947 νοοεῗιμὲν
