4416 6456
421 402 527 466 585

1488 410 1585 470 DE
1631 410 1774 473 DEO
1816 411 1898 472 ΙΝ
1937 411 2368 472 TRINITATE
2413 412 2592 473 UNO.

3569 413 3670 473 58ft

414 525 474 565 τε
505 509 666 579 ἔργον
699 511 979 581 οἰκοδόμου
1010 512 1182 584 αὐτὴν
1213 510 1350 570 εἶναι
1387 519 1481 571 καὶ
1512 521 1612 591 τὴν
1645 521 1740 573 τοῦ
1769 521 1973 592 ᾠκοδο-
2005 525 2053 584 Δ
2082 522 2157 576 bit

1925 542 1973 577 :—
2005 525 2053 584 Δ
2082 522 2250 576 bitum
2269 530 2325 578 et
2343 531 2512 578 artem
2541 521 2909 588 intelligimus.
2934 523 3010 576 Ex
3037 538 3261 593 operum
3297 523 3497 594 quippe
3519 525 3669 578 ditio-

418 604 649 672 μηκότος
688 604 803 670 ἕξιν
839 604 934 657 καὶ
961 604 1193 676 δύναμιν
1221 609 1553 680 συννοοῦμεν
1579 629 1594 643 ο
1637 616 1704 683 τῇ
1736 616 1841 686 γὰρ
1881 617 1991 672 τῶν

415 699 736 765 ποιημάτων
763 699 997 768 διαφορᾷ
1038 699 1145 770 τὴν
1172 701 1430 771 διάφορον
1462 704 1572 758 τῶν
1600 711 1987 778 πεποιηκότων

412 787 524 850 ἕξιν
571 788 1027 857 καταμετροῦμεν
1072 789 1151 859 τῷ
1201 791 1468 862 λογισμῷ,
1513 797 1607 848 καὶ
1650 798 1682 866 ἠ
1733 799 1992 871 ὁμοιότης

413 877 551 946 αὕτη
584 879 762 947 ἴχνους
804 881 1060 950 ὁμοιότης
1096 881 1211 934 ἔστι
1242 899 1300 934 τε
1347 885 1441 936 καὶ
1488 886 1752 942 καλεῖται.
1787 890 1848 941 ΕΞ
1880 892 1992 942 τοί-

412 988 503 1020 νυν
538 973 627 1023 ἐπὶ
657 971 765 1023 τῶν
797 974 936 1026 κατὰ
968 975 1135 1042 μέρος
1169 978 1467 1029 ποιούντων
1495 978 1642 1032 τοῦτ’
1677 983 1825 1034 ἐστὶν
1857 983 1991 1050 ἀλη-

413 1059 522 1121 θὲς,
578 1062 756 1131 πολλῷ
809 1063 1011 1132 μᾶλλον
1060 1067 1152 1118 ἐπὶ
1234 1069 1326 1120 τοῦ
1392 1072 1618 1125 καθόλου
1686 1075 1986 1140 ποιοῦντος.

427 1154 584 1206 Ἀλλὰ
629 1155 804 1210 ταῦτα
842 1156 940 1225 μὲν
989 1158 1245 1231 σύστοιχά
1297 1180 1413 1225 πως
1472 1166 1585 1227 τοῖς
1640 1172 1989 1239 ποιουμένοις

413 1247 550 1300 εἰσὶν
579 1247 654 1308 ώς
686 1250 878 1302 κτιστα
930 1250 1107 1305 πάντα
1139 1253 1218 1321 τῷ
1258 1253 1404 1318 γένει
1434 1271 1446 1285 ⁸
1475 1258 1506 1326 ή
1534 1259 1588 1310 δὲ
1625 1260 1815 1332 πρώτη
1854 1266 1990 1317 πάν-

412 1356 518 1389 των
552 1339 699 1393 αἰτία
729 1341 837 1392 τῶν
873 1345 1191 1412 ποιημάτων
1221 1347 1392 1417 αὐτῆς
1415 1350 1712 1417 ἀπειράκις
1743 1355 1990 1425 ἀπείρως

413 1430 750 1500 ὑπέρκειται.
786 1434 875 1485 Διὸ
910 1437 1002 1486 καὶ
1037 1437 1380 1508 ἀμυδροτάτη
1426 1443 1574 1495 ἐστὶν
1624 1447 1656 1514 ἡ
1709 1447 1767 1499 ὲν
1807 1449 1990 1510 αὐτοῖς

410 1527 685 1592 ὁμοιότης,
717 1527 819 1595 τῆς
861 1528 1309 1602 ὑπερϐαλλούσης
1342 1537 1397 1585 ὲν
1439 1536 1513 1605 τῷ
1549 1540 1790 1592 ποιοῦντι
1827 1541 1986 1594 δυνά-

416 1634 561 1684 μεως
592 1619 690 1687 τὴν
717 1623 814 1686 τῆς
841 1621 1160 1691 ὁμοιότητος
1199 1625 1488 1678 ἀσθένειαν
1521 1631 1575 1681 ἐν
1611 1635 1720 1694 τοῖς
1769 1635 1986 1702 γινομέ-

410 1725 520 1769 νοις
557 1708 697 1761 οῢτω
731 1712 989 1780 ποιούσης
1019 1730 1030 1741 ·
1079 1714 1212 1766 ἀλλὰ
1250 1720 1343 1767 καὶ
1387 1719 1618 1788 ἀσθενής
1666 1725 1812 1776 ἐστιν
1844 1726 1985 1779 οὕτω

410 1802 503 1852 καὶ
539 1800 776 1868 ἀμυδρὰ,
799 1801 1004 1869 ἀληθὴς
1049 1806 1229 1871 μέντοι
1265 1824 1352 1873 γε,
1389 1811 1465 1872 ώς
1510 1812 1770 1866 ἀδύνατον
1799 1816 1857 1870 ὃν
1888 1819 1984 1871 ἀ).-

410 1889 515 1950 λως
548 1889 710 1958 ἔχειν.
751 1892 904 1944 Ἐστι
942 1895 1040 1961 μὲν
1075 1892 1167 1948 οὖν
1203 1898 1379 1950 πάντα
1414 1902 1478 1953 τὰ
1511 1902 1604 1955 τοῦ
1650 1905 1783 1959 Θεοῦ
1825 1912 1979 1979 ποιή-

412 1999 559 2048 ματα
605 1984 764 2050 ὅμοιά
820 2003 935 2047 πως
978 1988 1127 2056 αὑτῷ
1167 1992 1305 2042 κατα
1345 1992 1532 2045 τοῦτον
1564 1997 1656 2048 τὸν
1698 1998 1875 2065 λόγον,
1903 2002 1978 2065 ώς

406 2073 503 2140 τὴν
541 2072 630 2124 τοῦ
679 2077 1039 2143 πεποιηκότος
1092 2083 1148 2131 ἐν
1187 2083 1370 2148 σφίσιν
1403 2085 1585 2148 αὐτοῖς
1641 2091 1975 2157 ἐμφαίνοντα

411 2166 602 2232 σοφίαν
651 2166 744 2218 κα)⁴
777 2168 1023 2236 δύναμιν.
1053 2171 1219 2223 Οὐδὲν
1273 2175 1379 2243 γάρ
1427 2178 1560 2240 ἐστι,
1591 2181 1694 2233 κᾶν
1740 2184 1801 2234 τὸ
1849 2201 1974 2252 σμι-

408 2258 669 2324 κρότατον
699 2255 754 2330 ᾖ,
786 2259 814 2311 ὃ
848 2260 921 2330 μὴ
960 2261 1291 2332 θαυμάσειεν
1321 2267 1386 2319 ἄν
1423 2286 1505 2329 τις
1549 2271 1816 2338 ἐκτόπως,
1853 2278 1974 2328 ἀντὶ

405 2349 513 2402 τῶν
545 2353 606 2403 ὲκ
645 2353 740 2405 τοῦ
793 2357 1058 2422 μεγέθους
1104 2358 1504 2431 ἐλαττωμάτων
1556 2365 1749 2430 σοφίας
1791 2367 1975 2431 αὐτοῖς

410 2444 503 2495 καὶ
528 2444 769 2513 μεθόδων
810 2447 977 2511 ξένων
1021 2450 1517 2523 ὲγκατῳκισμένων
1554 2458 1761 2515 θεόθεν.
1797 2463 1971 2530 Πρόσ-

403 2554 518 2590 εστι
577 2538 634 2590 δὲ
687 2541 871 2603 αὐτοῖς
907 2543 1000 2596 καὶ
1046 2545 1107 2596 τὸ
1153 2546 1441 2615 δραστικόν
1473 2569 1528 2604 τε
1571 2555 1666 2606 καὶ
1696 2555 1974 2625 ὠφέλιμον

405 2630 633 2697 πλείοσι,
664 2635 756 2685 καὶ
809 2635 982 2688 ταῦτα
1027 2637 1203 2692 πάντα
1252 2643 1387 2711 πρὸς
1437 2646 1536 2713 τὴν
1587 2647 1840 2715 πρόνοιαν
1874 2651 1972 2718 τῆς

403 2723 749 2796 ἀνθρωπίνης
783 2730 1058 2798 προύργου
1091 2737 1455 2804 καταστρέφει
1493 2739 1657 2803 ζωῆς.
1713 2740 1853 2794 Ἀλλ’
1880 2744 1973 2794 οὑ-

402 2813 490 2865 δὲν
543 2815 746 2871 τούτων
794 2821 955 2873 εἰκὼν
987 2822 1082 2875 τοῦ
1129 2824 1262 2879 Θεοῦ
1320 2827 1576 2896 λέγεται·
1609 2835 1836 2901 οὐρανδς
1871 2837 1968 2904 μὲν

405 2907 511 2977 γὰρ
540 2913 628 2961 καὶ
661 2913 726 2963 τὰ
748 2914 972 2982 οὐράνια
1001 2917 1230 2986 σώματα
1272 2920 1373 2973 οὐκ
1415 2923 1540 2974 ἄνευ
1569 2924 1697 2993 ὕλης
1730 2928 1846 2978 ἐστὶ
1876 2930 1969 2980 καὶ

405 3000 632 3069 σώματα
697 3004 854 3070 μόνον
909 3008 1046 3060 είσὶν
1099 3011 1224 3063 ἄνευ
1283 3013 1508 3081 ψυχῶν·
1573 3016 1859 3085 ἄνθρωπος
1913 3019 1971 3072 δὲ

405 3093 562 3159 μόνος
590 3094 749 3157 ἄῦλος
791 3097 883 3148 καὶ
916 3098 1203 3166 ἀσώματος
1238 3102 1313 3170 τῷ
1342 3105 1441 3170 τῆς
1482 3105 1677 3173 ψυχῆς,
1712 3107 1786 3167 ὡς
1817 3109 1972 3178 είρη-

401 3201 512 3248 ται,
552 3187 726 3256 μέρει,
755 3189 848 3240 καὶ
886 3190 1045 3256 μόνος
1077 3193 1258 3261 νοερὸς
1291 3195 1418 3262 ἄρα,
1453 3198 1501 3248 εί
1533 3199 1760 3250 κάκεῖνα
1796 3201 1973 3254 πάντα
2004 3228 2045 3286 C

405 3281 536 3344 μίαν
587 3279 884 3347 ὁμοιότητα
934 3284 1252 3351 κοινοτάτην
1305 3285 1402 3355 τὴν
1460 3289 1596 3340 κατά
1631 3305 1693 3352 γε
1736 3289 1794 3341 τὴ
1838 3287 1975 3343 εἶναι

402 3371 536 3439 πρὸς
587 3370 682 3440 τὴν
713 3373 848 3424 ἰδίαν
897 3375 1075 3426 αἰτίαν
1105 3377 1361 3445 ἔχουσιν·
1415 3380 1556 3431 αὑτά
1603 3397 1663 3432 τε
1719 3382 1825 3449 γάρ
1871 3384 1978 3435 είσι

402 3463 491 3513 καὶ
529 3461 661 3524 Θεός
693 3465 862 3526 ἐστιν,
893 3467 941 3517 εί
990 3468 1083 3518 καὶ
1114 3469 1172 3518 τὸ
1206 3468 1346 3520 θεῖον
1376 3468 1516 3523 εἶναι
1563 3472 1656 3524 τοῦ
1695 3474 1752 3524 ὲν
1794 3475 1980 3536 αὐτοῖς

401 3558 566 3608 πᾶσιν
611 3554 747 3610 εἷναι
783 3560 1073 3628 ἀπειράκις
1123 3563 1365 3633 ἀπείρως
1415 3567 1759 3634 ὑπέρκειται.
1813 3570 1975 3621 "Eua

400 3651 454 3702 δὲ
488 3650 595 3702 τῶν
625 3653 878 3704 ὑποκάτω
920 3653 1013 3705 καὶ
1058 3655 1227 3723 μείζω
1256 3657 1352 3726 τὴν
1384 3661 1522 3710 κατὰ
1557 3662 1613 3710 τὸ
1661 3660 1760 3729 ζῇν
1793 3661 1978 3730 ὁμοιό-

401 3761 537 3811 τητα
593 3743 744 3811 ἔχει’
797 3742 910 3796 ἀλλ’
963 3747 994 3813 ἡ
1049 3747 1185 3797 κατὰ
1236 3748 1298 3799 τὸ
1342 3753 1482 3801 νοεῖν
1527 3752 1782 3819 ὁμοιότης
1835 3753 1976 3822 ὑπὲρ

402 3839 581 3897 πασας
604 3837 808 3899 ταύτας
837 3837 980 3900 ίδίως
1012 3838 1180 3899 ἔστιν,
1214 3839 1288 3902 ώς
1318 3842 1428 3894 οὐδ’
1466 3843 1581 3896 ἔστι
1613 3847 1974 3912 παραϐαλεῖν,

407 3929 550 3992 ἰδίως
577 3930 851 3999 ἀνθρώπῳ
890 3935 1034 4000 μόνῳ
1078 3937 1428 4002 προσήκουσα
1460 3936 1514 3986 ἕν
1539 3953 1603 4003 γε
1636 3940 1743 3997 τοῖς
1788 3955 1976 4004 φαινο-

405 4024 582 4090 μένοις
629 4024 858 4086 τούτοις.
910 4027 1162 4093 Ἀγγελοι
1221 4027 1297 4089 δὲ,
1356 4031 1436 4079 νοῖ
1497 4031 1594 4097 μὲν
1652 4032 1801 4093 ὄντες
1847 4032 1978 4082 εἱλι-

402 4117 625 4185 κρινείς,
653 4117 812 4179 εὐθὺς
848 4119 942 4170 ἀπ’
985 4118 1161 4188 ἀρχῆς
1209 4120 1306 4188 τῆς
1357 4121 1613 4189 τοιαύτης
1664 4125 1977 4192 ὁμοιότητος

401 4209 557 4280 ἡμῶν
587 4210 899 4278 μετέχουσιν
930 4210 1153 4278 ἄμεινον
1181 4226 1193 4240 ο
1232 4211 1412 4273 ἄλλοις
1438 4212 1492 4264 δὲ
1525 4213 1703 4280 λόγοις
1735 4217 1825 4266 καὶ
1867 4216 1976 4264 τῶν

400 4301 644 4368 ἀγγέλων
679 4299 816 4370 αὕτη
852 4299 1052 4352 πλείων
1077 4303 1192 4361 τοῖς
1221 4303 1616 4353 ἐσπουδακόσιν
1661 4303 1715 4366 ἐξ
1757 4303 1974 4373 ἀνθρώ-

401 4409 515 4443 πων
545 4391 826 4460 ἁρμόττει.
879 4390 1052 4451 Μόνος
1109 4391 1288 4443 τοίνυν
1346 4393 1411 4443 ὲκ
1465 4391 1570 4444 τῶν
1627 4394 1973 4460 φαινομένων

403 4484 618 4535 πάντων
658 4484 685 4534 ὁ
731 4482 1016 4549 ἄνθρωπος
1066 4479 1227 4535 εἰκὼν
1261 4483 1354 4534 τοῦ
1401 4481 1534 4534 Θεοῦ
1583 4490 1674 4535 καὶ
1720 4485 1836 4534 ἔστι
1885 4503 1976 4538 και

2099 617 2269 669 rentia
2294 615 2474 671 varios
2493 616 2651 670 simul
2674 614 2930 684 opificum
2955 616 3168 671 habitus
3195 632 3293 686 per
3315 617 3660 671 ratiocinium

2095 708 2431 771 dimetimur,
2456 718 2510 762 et
2535 707 2837 762 similitudo
2871 707 2976 762 hoc
3013 710 3235 778 vestigio
3264 726 3359 779 par
3383 720 3465 764 est
3505 721 3556 763 et
3581 709 3664 763 di-

2095 796 2255 850 citur.
2294 796 2446 862 Qetod
2486 807 2634 851 certe
2687 798 2732 852 si
2763 798 2831 853 de
2873 800 2956 853 his
2991 813 3177 852 verum
3220 809 3301 853 est
3337 800 3427 868 qui
3460 804 3655 870 partim

2095 899 2411 954 aperantur,
2450 888 2618 940 multo
2653 889 2820 958 magis
2849 889 2914 942 de
2940 903 3003 942 eo
3027 887 3119 956 qui
3161 902 3224 940 ex
3261 889 3488 956 integro.
3549 887 3653 941 Sed

2094 992 2395 1046 congenera
2435 976 2544 1030 fere
2576 985 2700 1030 sunt
2735 978 2849 1030 haec
2880 993 2998 1031 cum
3051 977 3372 1040 factoribus,
3403 977 3540 1030 sicut
3571 993 3664 1044 ge-

2103 1073 2219 1123 neri
2249 1085 2347 1125 suo
2384 1078 2564 1122 creata
2595 1068 2813 1131 omnia;
2855 1068 3025 1136 prima
3060 1083 3185 1120 vero
3215 1068 3459 1120 omnium
3491 1081 3653 1120 caus:

2096 1163 2212 1215 suis
2257 1160 2517 1230 operibus
2551 1159 2760 1214 infinite
2797 1169 2851 1213 et
2891 1173 3052 1226 supra
3079 1158 3296 1211 modum
3329 1158 3664 1226 przeemiuet.

2111 1253 2345 1321 Ideoque
2387 1268 2478 1320 per
2506 1253 2736 1307 obscura
2773 1252 2824 1305 in
2865 1251 2970 1305 illis
3038 1261 3119 1304 est
3173 1251 3492 1313 similitudo,
3526 1265 3662 1320 prae-

2096 1346 2437 1399 stantissima
2467 1359 2657 1412 nempe
2689 1345 2928 1398 auctoris
2963 1342 3201 1407 polentia
3237 1345 3373 1393 hanc
3400 1341 3653 1393 similitu-

2095 1437 2240 1491 dinis
2270 1440 2586 1490 tenuitatem
2612 1437 2693 1490 sic
2719 1436 3005 1490 efficiente.
3056 1435 3266 1487 Etenim
3294 1433 3393 1486 etsi
3417 1433 3550 1485 adeo
3579 1441 3665 1485 te—

2097 1530 2221 1582 nuis
2243 1539 2325 1581 est
2349 1538 2402 1581 et
2435 1529 2690 1586 obscura,
2722 1528 2812 1580 sed
2853 1542 2973 1579 vera
3009 1535 3208 1589 tamen,
3236 1536 3506 1594 quatenus
3565 1524 3664 1577 ali-

2095 1633 2174 1676 ter
2195 1622 2310 1674 lieri
2341 1628 2591 1688 nequeat.
2618 1618 2673 1670 In
2699 1621 2911 1671 cunctis
2941 1618 3099 1686 igitur
3129 1617 3219 1669 Dei
3245 1618 3495 1685 operibus
3518 1631 3666 1682 qum.

2093 1714 2213 1766 dam
2245 1728 2365 1765 cmn
2404 1714 2522 1780 ipso
2551 1720 2632 1764 est
2657 1709 2971 1777 huiusmodi
3006 1709 3327 1766 similitudo.
3375 1709 3424 1759 in
3464 1708 3660 1774 scipsis

2091 1804 2305 1872 quidem
2339 1802 2560 1855 factoris
2587 1803 2670 1854 sui
2697 1801 3020 1868 sapientiam
3056 1800 3455 1852 declarantibus
3478 1812 3528 1850 et
3560 1814 3654 1865 po-

2021 1874 2062 1928 Β
2098 1904 2370 1950 testatem.
2427 1892 2575 1946 Nihil
2637 1906 2872 1960 namque
2920 1891 3001 1946 vel
3058 1891 3343 1944 minimum
3396 1898 3480 1944 est
3513 1892 3654 1958 quod

2094 1999 2374 2058 stuporem
2407 1987 2582 2041 cuivis
2620 1986 2764 2040 haud
2812 1985 3067 2049 incutiat,
3097 1998 3204 2036 non
3235 1995 3410 2035 autem
3443 1983 3658 2036 illorum

2089 2096 2188 2150 pro
2239 2080 2614 2148 magnitudine
2679 2094 2859 2132 rerum
2913 2076 3173 2130 deficiens
3234 2075 3501 2143 sapientia
3559 2083 3656 2126 aut

2091 2173 2280 2227 aliena:
2313 2171 2728 2241 disquisitiones
2767 2170 2949 2222 divino
2977 2177 3110 2220 nutu
3152 2165 3292 2234 apud
3331 2166 3452 2218 illos
3487 2165 3659 2215 intro-

2090 2269 2286 2320 ductaa.
2325 2264 2469 2318 Inest
2509 2267 2673 2317 etiam
2704 2264 2806 2316 illis
2829 2261 3043 2314 cutibus
3077 2257 3311 2313 efﬁcacia
3349 2267 3402 2312 et
3445 2257 3654 2311 utilitas

2091 2360 2279 2421 multa,
2311 2369 2363 2410 et
2397 2356 2578 2409 omnia
2618 2357 2729 2408 haec
2775 2355 2826 2407 in
2883 2351 3193 2420 prmsidium
3263 2352 3514 2404 humana:
3585 2352 3659 2404 vit

2088 2449 2370 2502 commode
2424 2457 2839 2503 convertuntur.
2911 2446 3165 2498 Attamen
3241 2444 3378 2496 nihil
3462 2444 3656 2495 horum

2086 2541 2261 2609 imago
2284 2541 2374 2594 Dei
2401 2541 2630 2595 dicitur:
2681 2539 2878 2592 caelum
2910 2538 3110 2607 quippe
3157 2548 3205 2591 ei
3273 2552 3500 2604 corpora
3546 2553 3654 2591 ρω-

2084 2633 2238 2689 lestia
2270 2650 2378 2688 non
2432 2636 2698 2690 exsistunt
2733 2635 2937 2702 absque
2965 2633 3210 2694 materia,
3242 2640 3294 2685 et
3323 2631 3457 2684 nihil
3509 2631 3655 2683 aliud

2086 2738 2399 2798 suntquam
2429 2727 2724 2782 inanimata
2754 2740 2997 2796 corpora.
3054 2721 3215 2776 Solus
3267 2725 3427 2776 homo
3455 2766 3468 2786 ,
3507 2723 3656 2791 quod

2085 2821 2322 2874 animam
2353 2831 2574 2890 spectat,
2609 2830 2668 2873 ut
2703 2825 3106 2890 proposuimus,
3145 2817 3520 2871 immaterialis
3571 2828 3656 2872 est

2084 2925 2137 2970 et
2167 2917 2540 2984 incorporeus,
2574 2916 2832 2981 solusque
2858 2911 3200 2979 intelligens;
3238 2911 3504 2978 siquidem
3559 2912 3650 2966 illa

2087 3010 2271 3064 omnia
2303 3022 2468 3061 unam
2523 3005 3029 3060 communissimam
3070 3003 3503 3067 similitudinem,
3539 3019 3649 3056 esse

2087 3105 2312 3167 scilicet,
2344 3117 2467 3157 cum
2500 3115 2598 3155 sua
2648 3116 2806 3154 causa
2843 3114 2951 3168 prae
2973 3113 3029 3152 se
3053 3096 3258 3153 ferunt.
3280 3097 3412 3150 Nam
3443 3106 3495 3150 et
3525 3096 3642 3165 ipsa

2081 3208 2208 3254 sunt
2236 3207 2287 3253 et
2319 3197 2461 3253 Deus
2491 3205 2592 3259 est,
2628 3194 2840 3248 tametsi
2868 3193 3110 3246 divinum
3167 3208 3276 3246 esse
3311 3205 3502 3246 eorum
3529 3207 3649 3244 om-

2085 3293 2232 3346 nium
2268 3290 2475 3344 infinite
2507 3299 2742 3354 superet.
2788 3284 3055 3339 Nonnulla
3085 3299 3214 3338 vero
3254 3300 3318 3338 ex
3367 3283 3645 3338 interiori-

2083 3387 2182 3441 bus
2213 3385 2403 3454 majori
2437 3382 2639 3452 pollent
2662 3380 3045 3443 similitudine,
3070 3394 3132 3434 eo
3160 3394 3352 3447 nempe
3378 3377 3523 3447 quod
3561 3378 3644 3430 vi-

2084 3485 2234 3530 vunt.
2277 3476 2382 3530 Sed
2412 3492 2474 3530 ea
2505 3491 2626 3546 quae
2656 3475 2719 3527 ad
2753 3475 3084 3528 intellectum
3118 3475 3310 3526 attinet
3342 3487 3532 3527 omnes
3566 3471 3647 3524 fa-

2081 3570 2184 3623 cile
2213 3569 2415 3633 vincit;
2450 3569 2582 3622 adeo
2616 3578 2674 3622 ut
2711 3569 2853 3620 nulla
2888 3569 2957 3622 sit
2983 3581 3105 3621 cum
3131 3568 3243 3634 ipsa
3268 3567 3643 3636 componenda

2082 3663 2321 3732 paritas;
2347 3678 2409 3715 ex
2447 3662 2513 3714 iis
2544 3663 2686 3714 cnim
2721 3661 3031 3715 visibilibus
3061 3659 3275 3712 cunctis
3307 3661 3399 3711 uni
3428 3659 3648 3728 proprie

2081 3756 2286 3807 homini
2315 3756 2595 3806 convenit:
2643 3752 2814 3821 angeli
2845 3751 2937 3820 qui
2963 3755 3063 3804 lem
3096 3758 3285 3818 utpote
3320 3751 3408 3818 qui
3443 3751 3652 3819 simpli-

2080 3861 2171 3899 ces
2205 3845 2528 3907 intellectus,
2559 3846 2670 3910 jam
2703 3844 2826 3896 inde
2859 3858 2886 3893 a
2914 3840 3182 3909 principio
3205 3842 3448 3893 eamdem
3473 3849 3526 3892 et
3559 3855 3654 3908 po-

2081 3936 2271 3988 tiorem
2307 3949 2370 3987 ac
2395 3949 2492 3986 nos
2515 3931 2922 3986 similitudinem
2958 3931 3311 3999 participant;
3339 3945 3446 3998 quo
3471 3941 3649 3983 tamen

2081 4027 2202 4078 aliis
2235 4029 2297 4078 de
2323 4025 2529 4086 causis,
2569 4026 2807 4076 strenuis
2870 4023 3177 4090 quibusque
3237 4037 3301 4074 ex
3332 4023 3645 4078 hominibus

2083 4131 2178 4185 pro
2215 4117 2417 4184 angelis
2451 4115 2720 4182 congruit.
2766 4115 2919 4168 Unus
2954 4115 3139 4182 itaque
3176 4117 3318 4166 inter
3355 4115 3467 4168 haec
3507 4114 3642 4169 visi-

2084 4209 2206 4262 bilia
2273 4217 2472 4261 cuncta
2537 4209 2714 4274 imago
2782 4208 2871 4259 Dei
2904 4216 2987 4258 est
3038 4217 3091 4259 et
3123 4207 3326 4259 dicitur
3366 4211 3564 4271 horno;
3599 4216 3652 4259 et

2082 4302 2299 4369 quidem
2365 4315 2470 4352 non
2509 4300 2807 4352 immerito.
2863 4297 2995 4350 Nam
3044 4313 3106 4352 ex
3137 4303 3313 4351 anima
3348 4302 3647 4367 praesertim

2082 4394 2245 4447 homo
2283 4401 2671 4457 nuncupatur;
2731 4394 2929 4458 quippe
2985 4393 3070 4443 cui
3125 4391 3241 4444 vice
3297 4391 3651 4446 instrumenti

2080 4496 2292 4556 aptatur
2315 4501 2532 4554 corpus.
2569 4482 2815 4538 Hominis
2847 4496 3026 4537 autem
3049 4487 3226 4536 anima
3257 4501 3350 4554 per
3379 4502 3438 4538 se
3471 4489 3651 4542 incor-

399 4573 654 4639 λέγεται·
691 4572 786 4624 καὶ
829 4572 949 4622 λίαν
980 4571 1239 4639 εὐλόγως.
1270 4573 1505 4636 Λέγεται
1544 4575 1642 4640 μὲν
1689 4578 1796 4644 γὰρ
1832 4576 1972 4627 κατὰ
2008 4578 2053 4634 D
2082 4596 2143 4649 pa

1903 4576 1972 4627 τὰ
2008 4578 2053 4634 D
2082 4595 2243 4649 porca
2303 4587 2405 4642 est,
2450 4578 2853 4641 immaterialis,
2901 4589 2955 4630 et
3007 4578 3335 4646 intelligens.
3387 4581 3482 4633 llla
3518 4598 3643 4634 vero

398 4667 495 4736 τὴν
539 4664 717 4734 ψυχὴν
746 4664 980 4733 μάλιστα
1025 4664 1333 4732 ἄνθρωπος,
1371 4664 1446 4727 ώς
1487 4665 1532 4718 δ’
1563 4667 1794 4733 ὄργανον
1829 4670 1964 4736 αὐτῇ

397 4762 457 4811 τὸ
507 4760 665 4827 σῶμα
717 4757 1016 4827 συνῆπται·
1048 4755 1336 4825 ἀνθρώπου
1368 4757 1424 4809 δὲ
1454 4756 1598 4827 ψυχὴ
1635 4759 1756 4810 καθ’
1793 4760 1966 4828 αὐτὴν

399 4849 685 4920 ἁσώματός
717 4851 830 4899 ἐστι
875 4848 966 4898 καὶ
1009 4847 1168 4906 ἇῦλος
1203 4849 1296 4898 καὶ
1336 4848 1515 4916 γοερά.
1555 4849 1720 4899 Ταυτὶ
1755 4848 1811 4900 δὲ
1846 4848 1963 4900 θεῖα

402 4943 849 5009 πλεονεκτήματα
889 4940 981 4991 καὶ
1030 4937 1122 4990 τοῦ
1173 4937 1308 4990 Θεοῦ
1361 4939 1720 5006 τελειότητες,
1776 4942 1824 4993 εί
1871 4941 1964 4991 καὶ

397 5035 609 5102 ἀπείρῳ
638 5036 702 5101 τῇ
735 5033 973 5100 ὑπεροχῇ
1004 5029 1389 5098 διενηνόχασιν,
1415 5031 1489 5092 ὡς
1531 5031 1697 5083 ἔνεισι
1727 5032 1807 5099 τῷ
1846 5032 1964 5100 Θεῷ

396 5138 426 5202 ἢ
467 5134 537 5196 ὼς
589 5135 645 5183 ὲν
681 5131 952 5198 ἀνθρώπῳ
985 5129 1120 5181 εἰσίν
1149 5144 1160 5157 °
1208 5129 1570 5196 ἀσωματότης
1606 5129 1704 5198 μὲν
1748 5125 1840 5182 οὖν
1873 5133 1966 5184 καὶ

395 5225 555 5277 ἁλία
599 5226 872 5290 ἀπόφασις
924 5221 1054 5290 ὕλης
1103 5221 1229 5274 ὄντα
1265 5221 1358 5272 καὶ
1402 5221 1649 5287 σώματος
1689 5222 1878 5283 ἁπλῶς
1906 5225 1962 5275 ὲν

395 5320 665 5388 ἀνθρώπῳ
717 5316 1064 5385 θεωροῦνται,
1111 5316 1364 5384 νοερότης
1405 5315 1460 5366 δὲ
1509 5315 1668 5380 φύσιν
1718 5318 1776 5368 ἐν
1825 5318 1959 5385 αὐτῇ

397 5416 596 5463 τιϋεῐσα
650 5413 742 5462 καὶ
776 5415 990 5476 φύσεως
1024 5409 1258 5476 δύναμιν
1298 5407 1359 5462 οὐ
1397 5407 1744 5459 παντάπασιν
1774 5409 1960 5470 ἁπλῶς

395 5506 698 5572 θεωρεῖται,
752 5503 865 5567 μετ’
919 5501 1223 5565 ἀναγκαίας
1270 5500 1326 5552 δέ
1401 5517 1544 5560 τινος
1611 5499 1956 5569 διακρίσεως.

393 5596 532 5655 Νοῦς
573 5595 751 5645 τοίνυν
802 5596 828 5644 ὁ
871 5593 1154 5660 ἄνθρωπος
1183 5591 1258 5644 ὢν
1291 5592 1432 5643 κατὰ
1462 5593 1560 5658 τὴν
1601 5591 1775 5659 ψυχὴν
1803 5593 1956 5661 ἐνέρ-

392 5705 543 5750 γειαν
581 5686 691 5754 ἕλει
738 5685 831 5752 τὴν
863 5684 1066 5752 νόησιν,
1099 5683 1188 5734 νοῦ
1239 5682 1345 5750 γὰρ
1404 5684 1653 5750 ἐνέργεια
1709 5685 1770 5733 τὸ
1817 5688 1958 5735 νοεῖν

391 5783 459 5831 ib;
494 5779 693 5844 θερμοί)
750 5780 809 5826 τὸ
858 5774 1192 5842 θερμαίνειν.
1229 5774 1292 5824 Ἡ
1339 5774 1394 5823 δὲ
1437 5773 1660 5844 τοιαύτη
1709 5774 1956 5842 ἐνέργεια

396 5872 522 5938 πρός
576 5886 622 5920 τι
659 5870 882 5934 φέρεται
933 5867 1076 5927 τίὶος
1109 5882 1122 5896 ι
1160 5865 1313 5916 τοῦτο
1343 5865 1384 5916 δ’
1436 5865 1498 5918 ἂν
1547 5865 1632 5934 εἴη
1679 5865 1738 5916 τὸ
1770 5867 1956 5935 νοητὸν

715 5968 980 6024 ιἰτιιυις.
1031 5969 1144 6023 (in.
1183 5964 1366 6022 CLX.

2083 4671 2178 4726 Dei
2215 4673 2522 4740 praestantia
2563 4681 2618 4724 et
2695 4672 3076 4739 perfectiones,
3147 4675 3499 4739 quantumvis
3547 4674 3652 4727 im-

2083 4781 2269 4820 mensa
2307 4767 2506 4819 distent
2539 4764 3080 4834 praecellentia,baud
3114 4766 3270 4817 aliter
3306 4767 3356 4818 in
3392 4767 3500 4820 Deo
3528 4777 3651 4822 sunt

2082 4858 2236 4911 aliter
2277 4857 2329 4910 in
2363 4858 2604 4911 homine.
2645 4857 2748 4911 Sed
2779 4860 3173 4924 illt‘Ol'pOl‘ellaS
3224 4868 3277 4911 et
3311 4863 3648 4914 immateria-

2084 4951 2228 5011 litas,
2265 4965 2385 5003 cum
2429 4951 2667 5004 materiae
2700 4961 2749 5003 et
2779 4953 3022 5019 corporis
3051 4953 3161 5005 sint
3207 4955 3444 5020 negatio,
3486 4954 3646 5010 facile

2080 5041 2134 5094 in
2170 5042 2385 5095 homine
2415 5049 2635 5110 patent;
2667 5043 3082 5111 intelligibibtas
3122 5059 3252 5098 vero
3287 5061 3408 5113 qua:
3474 5061 3638 5098 natu-

2081 5149 2194 5186 ram
2215 5143 2266 5185 et
2290 5141 2496 5187 natura:
2526 5133 2631 5186 vim
2662 5135 2714 5188 in
2741 5135 2921 5189 anima
2945 5137 3234 5191 constituit
3258 5153 3366 5191 non
3391 5139 3645 5193 omnibus

2079 5228 2153 5280 ita
2183 5226 2331 5280 ultro
2362 5226 2696 5292 declaratur,
2731 5227 2827 5281 sed
2861 5228 3195 5282 discretione
3230 5232 3465 5298 quadam
3497 5248 3637 5301 opus

2077 5328 2182 5373 est.
2217 5321 2404 5388 Itaque
2438 5318 2601 5372 homo
2634 5333 2756 5372 cum
2783 5321 3061 5376 intellectu
3090 5333 3302 5377 constet
3333 5325 3634 5379 secundum

2078 5414 2341 5473 animam,
2402 5421 2656 5479 tanquam
2716 5423 2896 5465 actum
2954 5415 3119 5468 habet
3183 5416 3642 5488 intelligentiam;

2075 5506 2387 5560 intellectus
2431 5507 2571 5558 enim
2618 5515 2773 5558 actus
2802 5514 2885 5558 est
2918 5505 3236 5576 intelligere,
3272 5511 3416 5563 sicut
3447 5514 3643 5571 caloris

2077 5596 2394 5649 calefacere.
2423 5597 2492 5648 At
2537 5595 2803 5663 ejusmodi
2839 5604 2994 5650 actus
3025 5600 3090 5651 ad
3140 5603 3426 5665 quemdam
3479 5605 3637 5661 finem

2077 5689 2288 5753 tendit;
2321 5689 2526 5741 scilicet
2560 5688 2909 5758 intelligibile
2936 5703 2991 5743 ut
3029 5693 3145 5743 linis
3169 5693 3484 5762 intelligenti
3507 5715 3636 5767 pro-

2073 5782 2328 5847 positum.
2351 5781 2704 5852 intelligentia
2737 5799 2917 5837 verum
2945 5785 3166 5838 interest
3209 5790 3361 5854 quasi
3393 5795 3636 5859 quaedam

2072 5875 2379 5928 communis
2422 5889 2555 5928 ansa
2614 5883 2912 5944 utrumque
2961 5877 3338 5945 Conjungcns;
3375 5898 3492 5949 inim
3520 5889 3640 5954 qui-

3224 5979 3289 6038 l‘J
