4416 6456
761 407 861 468 587

1819 405 2192 468 ΟΕΝΝΑΟῘΙ
2248 405 2356 465 CP.
2423 404 2936 466 PATRIARCHAS

3925 380 4032 470 εδδ

758 509 876 569 ⁴¹ιιηι
907 532 967 569 ex
998 516 1272 569 intellectu
1306 513 1578 584 procedit,
1605 515 2027 584 adintelligibile
2049 517 2327 584 pertinens
2371 525 2408 576 Α
2441 518 2502 568 ἀν

2287 530 2327 569 IS
2371 525 2408 576 Α
2441 517 2818 582 ἀντικείμενον
2874 516 2948 585 τῷ
3004 516 3211 569 νοοῦντι
3267 515 3342 578 ώς
3389 516 3564 569 τέλο·.
3621 517 3684 569 Ίι
3740 518 3794 570 δὲ
3849 518 4031 585 νόησις

753 620 806 661 et
851 612 901 661 iu
935 609 1024 660 illo
1059 608 1368 661 terminata.
1398 607 1472 659 Ita
1513 615 1572 660 ut
1609 607 1978 674 intelligentia:
2029 609 2141 660 sint
2171 608 2328 674 quasi

756 700 976 753 termini
1017 699 1328 750 intellectus
1366 707 1417 748 ct
1447 697 1805 763 intelligihile.
1860 696 2093 751 Necesse
2146 709 2325 751 autem

753 802 834 843 est
890 801 947 843 ut
1000 789 1337 856 iutelligiliilc
1376 790 1448 839 sit
1499 789 1709 855 species
1766 798 1822 841 et
1865 787 2171 841 similitudo
2247 787 2328 838 iti-

755 881 1052 950 telligcntis
1085 878 1398 931 intellectus
1424 887 1477 931 et
1508 879 1820 932 intellectus
1860 881 1930 932 sit
1966 879 2326 943 intelligiliile,

676 982 678 984 '
755 977 900 1026 sicut
925 971 1295 1040 intelligentim
1321 970 1655 1039 principium
1685 977 1764 1022 est
1791 969 2101 1023 intellectus
2126 972 2329 1023 intelli—

752 1081 897 1134 gens.
927 1066 1027 1117 Aio
1049 1065 1232 1132 igitur,
1265 1061 1706 1129 quandoquidem
1739 1061 2053 1114 intellectus
2088 1062 2326 1129 seipsum

754 1157 1030 1225 intelligit,
1069 1165 1182 1207 erat
1220 1155 1335 1220 ejus
1363 1167 1500 1221 Opus
1537 1153 1860 1220 priusquam
1900 1153 2070 1204 fieret.
2105 1152 2329 1219 Species

752 1252 894 1301 enim
931 1248 983 1300 in
1028 1247 1298 1298 abstracto
1335 1253 1548 1310 sumpta
1582 1251 1663 1295 est
1732 1244 2000 1311 prmeipue
2030 1245 2329 1296 similitudo

752 1338 963 1392 externi
999 1337 1080 1390 Sni
1112 1335 1292 1402 aperis
1322 1343 1598 1403 quatenus
1625 1349 1718 1400 per
1751 1333 1922 1400 ipsam
1951 1349 2086 1398 opus
2120 1333 2331 1385 innote-

753 1432 876 1484 srit.
909 1429 1000 1482 Est
1033 1431 1193 1481 ctiam
1229 1427 1534 1480 intellectus
1566 1426 1868 1478 similitudo
1926 1432 2108 1493 utpote
2161 1426 2328 1480 iulel.

753 1523 973 1590 ligibilis
1001 1531 1052 1575 et
1077 1520 1368 1572 intellectui
1413 1518 1607 1572 similis
1637 1517 1824 1570 effecta
1855 1536 1868 1581 ;
1919 1519 2213 1585 etquidem
2275 1521 2327 1570 in

754 1617 1029 1668 intellectu
1055 1613 1134 1665 sic
1182 1620 1265 1662 est
1319 1609 1671 1674 intelligihilis
1726 1610 1938 1676 Species
1977 1618 2034 1661 ut
2085 1611 2325 1676 quando-

753 1721 970 1775 eunque
994 1704 1222 1758 Vulttcrit
1258 1703 1561 1755 intellertus
1597 1705 1709 1753 hac
1737 1702 1787 1752 in
1813 1703 1993 1764 seipso
2019 1714 2250 1761 maneat,
2285 1703 2327 1755 si

756 1814 863 1853 non
896 1800 966 1850 sit
1019 1798 1357 1856 iinmanens;
1387 1794 1468 1844 sin
1503 1801 1701 1856 autem,
1742 1793 1886 1844 illam
1928 1793 1990 1842 ad
2043 1806 2191 1844 rx'ra
2237 1808 2332 1857 pro

2448 608 2649 678 μεταξύ
2708 612 2878 673 ἐστιν,
2925 610 3111 677 ὥσπερ
3171 608 3324 678 κοινὴ
3391 609 3577 676 σχέσις
3638 610 3807 676 ἄμφω
3861 611 4030 662 συνᾶ-

2445 717 2676 765 πτονσα,
2715 701 2779 752 ὲκ
2829 698 2923 752 τοῦ
2977 699 3068 752 νοῦ
3125 700 3223 768 μὲν
3277 699 3566 768 προϊοῦσα,
3599 700 3694 752 τοῦ
3743 700 3938 767 νοητοῦ
3973 701 4030 751 δὲ

2442 787 2574 842 οὖσα
2641 792 2736 842 καὶ
2799 792 2879 852 είς
2935 789 3093 842 τοῦτο
3149 790 3485 859 ὁριζομένη·
3536 789 3669 843 ὥστ’
3733 786 3871 842 εἶναι
3929 791 4028 856 τῆς

2450 879 2688 945 νοήσεως
2722 877 2912 946 ἅσπερ
2942 878 3122 944 ὅρους,
3149 878 3239 929 τόν
3273 893 3329 928 τε
3373 875 3495 928 νοῦν
3531 877 3624 928 καὶ
3653 875 3714 927 τὺ
3737 875 3948 944 νοητόν·
3974 875 4034 925 τὸ

2441 968 2495 1018 δὲ
2527 969 2714 1035 νοητὶν
2745 965 2882 1030 εἶδος
2914 962 3055 1019 εἶναι
3089 967 3172 1019 δεῖ
3203 967 3298 1020 καὶ
3322 967 3618 1034 ὁμοιότητα
3650 964 3743 1016 τοῦ
3779 963 4029 1022 νοοῦντος

2445 1061 2664 1129 κοῦρκαὶ
2717 1060 2842 1112 νοῦν
2877 1059 3088 1129 νοητὸν,
3133 1060 3323 1128 ὥσπερ
3371 1061 3404 1129 η
3454 1062 3552 1127 τῆς
3604 1059 3843 1124 νοήσεως
3885 1057 4030 1125 ἀρχὴ

2443 1155 2564 1214 νοῦς
2619 1154 2736 1202 ἐστι
2787 1150 2945 1205 νοῶν.
2999 1153 3146 1220 Φημὶ
3190 1152 3268 1216 Bt,
3300 1151 3517 1202 ἐπειδὰν
3567 1151 3595 1202 ό
3651 1149 3776 1211 νοῦς
3830 1148 4025 1201 ἑαυτὸν

2443 1239 2618 1314 νοῇ,ᾗ
2675 1244 2732 1295 τὸ
2786 1241 2950 1294 αὑτοῦ
3005 1245 3164 1310 ἔργον
3213 1243 3344 1311 πρὶν
3381 1241 3758 1309 γενέτθαι.Τὺ
3813 1242 3922 1307 γὰρ
3957 1239 4015 1300 ἐξ

2443 1335 2790 1403 ἀφαιρέσεως
2833 1331 2971 1394 εἶδος
3011 1334 3246 1402 μάλιστα
3306 1334 3407 1403 μὲν
3461 1333 3719 1400 ὁμοιότης
3767 1333 3884 1383 ἐστὶ
3935 1331 4029 1383 τοῦ

2444 1425 2548 1488 ἐξω
2591 1425 2938 1494 πράγματος,
2971 1426 3046 1485 ib;
3093 1425 3160 1478 ἂν
3212 1425 3279 1477 δι’
3329 1424 3497 1478 αὑτοῦ
3532 1425 3591 1476 τὸ
3619 1427 3857 1492 πρᾶγμα
3911 1425 4032 1490 νοῆ-

2440 1535 2530 1571 ut
2560 1533 2573 1546 °
2608 1518 2721 1570 ἐστι
2769 1517 2824 1570 δὲ
2861 1521 2953 1570 καὶ
3007 1518 3100 1570 τοῦ
3135 1517 3226 1570 νοῦ
3277 1517 3554 1587 ὁμοιότης,
3584 1517 3660 1579 ώς
3714 1517 3903 1584 νοητὸν
3939 1519 4030 1567 καὶ

2444 1608 2521 1675 τῷ
2567 1608 2644 1676 νῷ
2671 1609 2966 1676 γενόμενον
2999 1609 3186 1676 ὅμοιον
3216 1625 3228 1637 ·
3271 1609 3366 1660 καὶ
3401 1608 3518 1660 ἐστι
3547 1609 3646 1676 μὲν
3677 1609 3734 1658 ὲν
3767 1607 3843 1674 τῷ
3868 1607 3942 1674 νῷ
3971 1611 4029 1657 τδ

2444 1701 2632 1766 νοητὸν
2664 1696 2824 1762 εἶδος,
2852 1702 2984 1753 ὅταν
3013 1699 3144 1752 αὐτὸ
3178 1700 3361 1768 μένειν
3387 1702 3415 1753 ό
3441 1699 3564 1760 νοῦς
3606 1702 3663 1751 ἐν
3692 1697 3869 1766 ἐαυτῷ
3904 1700 4030 1766 βούι

2443 1790 2600 1857 ληται
2654 1792 2728 1859 μὴ
2765 1791 3003 1842 τοιοῦτον
3046 1789 3127 1851 ὃν,
3161 1790 3382 1842 ἐπειδὰν
3429 1789 3485 1841 δὲ
3518 1789 3757 1857 βουληθῇ
3794 1792 3885 1841 καὶ
3920 1790 4026 1854 ἔξω

755 1901 888 1944 nutu
921 1889 1184 1957 producat
1213 1887 1325 1937 sive
1357 1885 1568 1952 pro!ato
1609 1885 1772 1935 verbo
1827 1884 2180 1945 declaratain,
2215 1883 2330 1935 sive
2366 1879 2406 1934 Β
2438 1899 2499 1950 πε

2282 1898 2330 1934 ve
2366 1879 2406 1934 Β
2438 1884 2767 1950 προάγηται,
2796 1883 2826 1951 ἢ
2877 1882 3200 1952 προφορικῷ
3250 1882 3660 1950 φανερούμενον
3690 1882 3835 1950 λόγῳ
3865 1881 3896 1949 ἢ
3931 1882 4026 1933 καὶ

753 1985 806 2036 ἱιι
849 1981 1075 2034 materia
1108 1977 1350 2031 exterius
1372 1976 1696 2042 depositam.
1733 1975 1846 2026 Dixi
1873 1975 2328 2043 :quanducunque

751 2076 996 2137 voluerit,
1033 2087 1096 2126 eo
1119 2070 1260 2140 quod
1293 2070 1567 2123 humanus
1625 2068 1930 2119 intellectus
1969 2067 2169 2134 duplici
2204 2076 2326 2119 actu

750 2170 1037 2217 constatet
1074 2160 1208 2213 vivit
1244 2175 1257 2210 ε
1304 2156 1659 2224 intelligentia
1695 2155 1902 2209 scilicet
1934 2163 1983 2207 et
2017 2156 2323 2222 voluntate;

751 2255 1020 2325 siquidem
1049 2252 1356 2318 intelligens
1410 2258 1490 2300 est
1521 2248 1795 2308 voluntas,
1829 2247 1972 2299 sicut
2017 2257 2069 2300 et
2119 2248 2327 2300 intelle-

750 2358 894 2415 ctus,
923 2363 1043 2418 quae
1069 2361 1168 2416 pro
1209 2344 1426 2397 diverso
1457 2348 1704 2409 respectu
1738 2341 1802 2392 ad
1840 2340 2052 2393 diversa
2083 2343 2135 2393 in
2175 2341 2331 2393 ἰιιιιιι-

748 2442 890 2495 lectu
928 2440 1274 2493 ordinantur.
1309 2433 1443 2487 Nam
1521 2433 1866 2504 potissimum
1937 2435 2133 2487 rationi
2177 2437 2330 2503 prteit

748 2529 1130 2599 intelligentia,
1227 2527 1480 2580 voluntas
1590 2532 1772 2576 autem
1864 2522 2159 2590 sequitur;
2235 2527 2328 2576 Sed

746 2634 800 2677 et
880 2634 1271 2689 nonnunquam
1331 2615 1743 2686 intelligentiam
1814 2615 2075 2682 praecedit
2134 2614 2324 2665 volun-

745 2726 846 2768 tas.
877 2713 983 2767 Nec
1010 2712 1153 2766 enim
1188 2725 1249 2764 ea
1286 2722 1503 2776 semper
1539 2709 1650 2760 vult
1680 2720 1801 2775 qua:
1852 2706 2003 2758 novit
2057 2709 2328 2757 humanus

745 2807 1074 2868 intellectus,
1137 2810 1192 2855 at
1254 2799 1654 2870 quodaminodo
1707 2812 1828 2864 qua:
1880 2798 1995 2848 vult
2051 2797 2324 2866 intelligit.

745 2898 899 2962 Quod
952 2896 1199 2966 pluribus
1256 2894 1472 2963 quidem
1534 2899 1682 2944 esset
1747 2890 2166 2958 exponendum;
2230 2888 2324 2942 sed

743 2991 955 3058 potiora
997 3003 1141 3042 nunc
1164 2985 1406 3056 aggressi
1435 2983 1500 3037 ad
1533 2983 1877 3053 propositum
1949 2983 2326 3036 deveniamus.

744 3081 1026 3135 Huinanus
1079 3079 1242 3148 igitur
1289 3076 1600 3130 intellectus
1687 3089 1811 3144 qua:
1878 3088 2041 3142 super
2088 3089 2147 3128 se
2199 3082 2329 3127 sunt

740 3175 1016 3242 intelligit,
1080 3171 1315 3225 obscure
1345 3169 1556 3224 scilicet
1616 3167 1790 3221 donec
1843 3177 1925 3220 est
1971 3168 2024 3219 in
2077 3181 2326 3236 corpore,

743 3282 929 3320 revera
965 3278 1145 3318 tamen
1181 3273 1236 3318 et
1274 3263 1436 3333 quasi
1479 3263 1532 3316 in
1565 3263 1801 3328 quadam
1824 3275 2016 3316 eorum
2068 3263 2333 3316 realitatis

743 3361 999 3428 imagine,
1067 3359 1108 3410 si
1167 3356 1402 3426 prepriis
1462 3369 1525 3409 ac
1582 3354 1835 3424 genuinis
1886 3354 2111 3423 hujusce
2170 3354 2329 3406 intui-

742 3464 828 3508 tus
861 3449 1146 3521 principiis
1195 3449 1637 3517 obsequeretur;
1695 3447 1838 3515 quod
1892 3447 2066 3499 solum
2120 3447 2330 3513 piorum

739 3561 820 3602 t-st
857 3548 1000 3599 circa
1030 3545 1212 3599 divina
1269 3543 1580 3600 hominum,
1615 3543 1706 3609 qui
1776 3554 1898 3592 vera
1966 3541 2231 3608 sapientia
2280 3551 2332 3592 et

744 3639 1033 3707 piudentia
1068 3637 1466 3704 gubernantur.
1504 3631 1609 3686 Sed
1646 3633 1955 3686 humaniori
1999 3649 2142 3686 nunc
2177 3633 2328 3685 adhi-

746 3735 856 3785 hito
879 3745 1154 3795 sermone,
1190 3733 1442 3782 notiones
1467 3728 1608 3796 apud
1643 3738 1863 3781 sanctos
1882 3742 1945 3780 ex
1973 3727 2156 3778 divina
2185 3742 2327 3779 reve-

743 3826 948 3877 latione
977 3829 1326 3890 comparatos
1375 3821 1752 3889 pratermitto.
1780 3819 1912 3884 Qua:
1975 3831 2154 3874 autem
2229 3819 2330 3887 ipsi

739 3925 863 3970 sunt
897 3927 1205 3983 congenera
1238 3921 1486 3981 prompte
1513 3910 1662 3963 novit
1695 3912 1809 3964 sive
1879 3910 2164 3977 tliscipluia
2217 3912 2332 3963 sive

739 4012 1051 4064 inventione
1115 4007 1377 4076 pra:stita,
1447 4019 1675 4059 accensa
1741 4020 1932 4071 nempe
1997 4007 2330 4073 cognitionis

739 4104 907 4156 indita
939 4101 1041 4156 sibi
1075 4098 1336 4154 sclntilla.
1396 4098 1568 4151 Porro
1601 4095 1897 4165 perfectius
1925 4095 2042 4175 haec
2079 4097 2331 4165 intelligit

736 4205 924 4264 utpote
960 4208 1073 4247 sua:
1107 4191 1352 4245 facultati
1383 4189 1662 4253 consocia,
1696 4197 1748 4242 et
1772 4199 1980 4254 quanto
2002 4192 2327 4258 promptius,

737 4300 890 4342 tanto
921 4300 972 4341 et
1004 4285 1320 4355 perfectius.
1358 4285 1429 4337 At
1463 4282 1760 4352 perfectius
1820 4282 2017 4335 iterum
2074 4283 2328 4351 proprios

734 4394 891 4436 actus
926 4379 1196 4448 intelligit,
1235 4386 1427 4432 nonut
1480 4387 1698 4445 peracta
1754 4382 1964 4431 tantum
2001 4375 2328 4444 intelligens,

735 4477 828 4530 sed
872 4487 921 4527 et
972 4473 1292 4542 priusquam
1352 4473 1622 4525 exsistant
1665 4469 1847 4539 qualia
1871 4486 1925 4523 re
1957 4469 2140 4522 futura
2168 4470 2277 4523 sint
2308 4485 2322 4534 ;

734 4575 965 4635 ideoque
1026 4566 1256 4620 ulterius
1319 4579 1383 4620 ea
1441 4564 1668 4629 sistens,
1711 4563 1839 4632 quia
1909 4562 2061 4632 prius
2111 4562 2326 4615 noverit

737 4659 969 4729 qualiter
999 4658 1070 4710 ita
1103 4659 1394 4712 exstitera.
1431 4654 1630 4709 Verum
1677 4658 1730 4708 in
1780 4657 2018 4708 humano
2050 4654 2328 4708 intellectu

735 4754 1096 4822 iittulligibilis
1126 4751 1359 4820 species,
1388 4766 1508 4819 qua:
1537 4759 1620 4804 est
1650 4751 2019 4820 intelligentiae
2045 4764 2156 4803 sua:
2182 4749 2326 4817 prin-

736 4850 962 4917 cipium,
996 4862 1102 4900 non
1138 4861 1245 4914 qua
1271 4845 1490 4914 species
1527 4854 1628 4910 est,
1663 4845 1757 4900 sed
1782 4854 2052 4914 quatenus
2083 4859 2178 4913 per
2209 4857 2331 4912 spe-

733 4957 872 4994 ciem
905 4939 1177 5007 intelligit,
1208 4939 1323 4993 sive
1358 4939 1503 4991 intus
1537 4937 1886 4991 solummodo
1920 4937 2080 4990 sistat
2130 4934 2330 4991 intelli-

732 5035 911 5101 gentia
974 5046 1082 5100 qua
1144 5028 1476 5100 speculative
1526 5040 1737 5082 tantum
1796 5029 1854 5082 fit
1912 5028 2168 5096 sapiens,
2217 5026 2330 5079 sive

731 5130 895 5181 etiam
924 5128 989 5181 ad
1034 5136 1186 5181 extra
1235 5126 1461 5195 prodeat
1487 5125 1634 5180 unde
1687 5125 1962 5194 praetieus
2029 5123 2120 5178 fiat
2153 5134 2206 5177 et
2229 5124 2324 5190 sit,

732 5220 1068 5292 huiusmodi,
1107 5223 1353 5290 inquam,
1387 5219 1746 5286 iutelligihilis
1811 5219 2024 5288 species
2087 5219 2329 5274 hominis

728 5327 815 5371 est
841 5315 1196 5386 intelligibdis
1229 5315 1370 5369 ratio
1399 5329 1495 5383 per
1518 5329 1682 5384 quam
1704 5329 1917 5375 secum,
1947 5321 2002 5365 ut
2033 5312 2327 5378 itadieam,

731 5412 1057 5483 tolloquitur
1085 5410 1359 5463 humanus
1397 5409 1727 5472 intellectus,
1757 5416 1811 5461 et
1835 5408 1958 5476 qua:
2014 5407 2330 5462 intellectus

730 5505 953 5572 quidem
995 5514 1081 5558 est
1104 5502 1414 5573 progenies,
1443 5515 1538 5569 per
1573 5509 1756 5555 actum
1791 5501 2166 5571 intelligentiae
2197 5515 2330 5570 pro-

729 5604 932 5668 prium,
965 5599 1197 5668 ejusque
1223 5597 1454 5650 dixerim
1518 5595 1781 5664 perfectio
1837 5595 2216 5664 sapientiaque
2278 5603 2331 5648 et

728 5697 949 5748 veritas.
994 5691 1112 5745 Jani
1139 5707 1269 5746 vero
1329 5690 1642 5759 intelligens
1691 5690 1945 5742 voluntas
2001 5688 2247 5743 eroruiat
2279 5692 2330 5742 in

730 5786 946 5839 homine
975 5785 1254 5854 spiritum,
1289 5784 1356 5837 de
1395 5797 1505 5852 quo
1534 5781 1740 5836 dicitur
1789 5783 1933 5852 quod
1979 5798 2127 5836 ιιεηιο
2178 5784 2316 5836 novit

724 5896 783 5934 ea
821 5894 940 5933 anc:
970 5888 1090 5932 sunt
1122 5878 1347 5933 hominis
1379 5878 1485 5932 nisi
1507 5878 1722 5932 sviritus
1743 5876 1972 5931 hominis
2003 5877 2091 5943 qui
2125 5878 2176 5930 in
2201 5878 2313 5944 ipso

2439 1978 2516 2037 εἰς
2565 1975 2659 2045 τὴν
2693 1976 2824 2045 ῦλην
2869 1975 2974 2041 ἔξω
3021 1975 3331 2044 τιθέμενον,
3361 1976 3426 2028 ἂν
3457 1975 3701 2027 τοιοῦτον
3841 1975 4026 2042 Φαμὲν

2437 2069 2493 2120 δὲ
2543 2069 2648 2128 ἓως
2706 2067 2774 2120 ἂν
2825 2068 3109 2138 βούληται,
3143 2069 3231 2122 διὰ
3286 2070 3348 2121 τὸ
3378 2069 3468 2121 τὸν
3501 2069 3846 2138 ἀνθρώπινον
3900 2069 4026 2122 νοῦν

2438 2160 2589 2214 δυσὶν
2619 2161 2921 2229 ἐνεργείαις
2970 2157 3110 2214 εἷναί
3141 2179 3200 2214 τε
3249 2169 3344 2216 καὶ
3380 2163 3501 2230 ζῇν,
3534 2165 3600 2230 τῇ
3651 2179 3710 2213 τε
3749 2161 3845 2214 τοῦ
3882 2163 4026 2214 νοεῖν

2441 2254 2535 2305 καὶ
2589 2255 2652 2322 τῇ
2703 2253 2794 2305 τοῦ
2853 2253 3066 2305 θέλειν·
3103 2255 3251 2305 ἔνδον
3306 2256 3454 2322 αὐτῷ
3521 2257 3618 2308 καὶ
3670 2256 3864 2322 νοερᾶς
3925 2257 4026 2321 τῆς

2441 2346 2710 2410 θελήσεως
2745 2344 2912 2413 οὔσης
2945 2345 3136 2413 ὥσπερ
3169 2346 3344 2416 δήπου
3392 2346 3486 2399 καὶ
3518 2347 3616 2411 τῆς
3666 2347 3927 2417 νοήσεως,
3962 2347 4022 2398 αῖ

2443 2440 2584 2508 κατὰ
2635 2439 2894 2506 διάφορον
2953 2439 3252 2507 ἀπόδλεψιν
3286 2439 3543 2509 διάφορον
3599 2438 3755 2503 τάξιν
3806 2439 4025 2506 ἔχουσιν

2441 2531 2498 2580 ἐν
2532 2528 2608 2598 τῷ
2659 2530 2752 2597 νῷ.
2789 2531 3038 2583 Μάλιστα
3091 2531 3189 2599 μὲν
3240 2533 3349 2599 γὰρ
3404 2532 3647 2602 προτέρα
3707 2531 3783 2599 τῷ
3819 2531 3961 2599 λόγῳ
3993 2533 4026 2598 ἡ

2441 2623 2646 2690 νόησις,
2683 2624 2713 2691 ή
2746 2623 2802 2675 δὲ
2847 2622 3063 2691 θέλησις
3095 2623 3310 2676 ἕπεται.
3349 2625 3503 2676 Ἐστι
3540 2625 3584 2675 δ’
3638 2625 3729 2677 ὅτε
3778 2624 4026 2692 προτέρα

2437 2715 2536 2780 τῆς
2571 2715 2811 2784 νοήσεως
2844 2716 2874 2784 ἠ
2925 2714 3144 2778 θέλησις
3173 2732 3187 2747 ο
3225 2717 3285 2767 οὐ
3320 2717 3430 2783 γὰρ
3477 2716 3622 2768 θέλει
3664 2719 3823 2784 μόνον
3862 2717 3897 2769 ἀ
3927 2717 4025 2783 δή-

2443 2823 2570 2859 ποτε
2617 2810 2785 2859 νοεῖὸ
2825 2808 3166 2877 ἀνθρώπινος
3203 2809 3348 2873 νοῦς,
3385 2811 3516 2862 ἀλλά
3560 2814 3654 2864 καὶ
3698 2816 3807 2864 νοεῖ
3839 2830 3954 2874 πως
3991 2812 4026 2864 ἀ

2442 2898 2582 2950 θέλει
2609 2915 2621 2928 ·
2659 2901 2928 2953 καὶτοῦτο
2961 2901 3060 2970 μὲν
3103 2902 3372 2953 πλειόνων
3401 2901 3572 2955 δεῖται
3608 2904 3803 2970 λόγων,
3831 2906 3932 2972 τὴν
3971 2906 4024 2956 δὲ

2440 2991 2536 3044 νῦν
2569 2991 2994 3059 ὑπερϐαίνοντος
3047 2995 3236 3064 χρείαν
3286 2995 3383 3053 ἐπὶ
3423 2994 3484 3047 τὸ
3515 2997 3876 3066 προκείμενον
3927 2998 4028 3066 βα-

2439 3085 2720 3154 διούμεθα.
2777 3087 2834 3140 ’0
2887 3090 3067 3140 τοίνυν
3119 3089 3468 3158 ἀνθρώπινος
3517 3090 3640 3153 νοῦς
3685 3093 3798 3142 νοεῖ
3830 3091 3931 3158 μὲν
3962 3094 4030 3143 τὰ

2440 3179 2580 3250 ὑπὲρ
2637 3181 2822 3242 αὑτὸν,
2866 3180 2972 3244 ἕως
3016 3181 3082 3234 ἀν
3127 3183 3186 3234 ὲν
3235 3183 3314 3249 τῷ
3375 3182 3590 3251 σώματι
3627 3181 3683 3256 ᾖ,
3731 3183 4020 3252 ἀμυδρῶς,

2438 3271 2654 3336 ἀληθῶς
2694 3273 2878 3341 μέντοι
2917 3275 3010 3326 καὶ
3047 3274 3122 3336 ὡς
3166 3275 3223 3326 ἐν
3275 3290 3384 3327 τινι
3433 3275 3530 3344 τῆς
3572 3275 3694 3328 κατ’
3724 3277 3865 3329 αύτά
3893 3276 4026 3347 ἀλη-

2439 3366 2586 3428 θείας
2617 3367 2807 3430 εἰκόνι,
2834 3368 2882 3418 εί
2918 3369 3042 3429 ταῖς
3089 3369 3322 3430 οἰκείαις
3371 3368 3465 3420 καὶ
3502 3368 3796 3436 ἀληθεύειν
3825 3371 4024 3438 ἀρχαῖς

2434 3460 2532 3526 τῆς
2573 3459 2828 3527 τοιαύτης
2875 3461 3122 3528 σκέψεως
3175 3461 3382 3523 ἕποιτο,
3427 3460 3455 3513 ὃ
3503 3461 3609 3513 τῶν
3645 3461 4028 3516 εὐσεϐούντων

2438 3553 2566 3620 περὶ
2609 3553 2676 3603 τὰ
2728 3552 2842 3603 θεῖα
2903 3552 3082 3620 μόνων
3136 3554 3308 3615 ἐστὶν,
3353 3554 3513 3623 σοφίᾳ
3573 3572 3630 3607 τε
3689 3554 3881 3622 ἀληθεῖ
3931 3560 4026 3610 καὶ

2437 3647 2699 3713 φρονήσει
2746 3645 3187 3714 κυϐερνωμὲνων
3247 3648 3626 3714 Φυσικώτερον
3677 3649 3734 3702 δὲ
3778 3651 4024 3718 διαλεγό-

2441 3755 2592 3804 μενοι
2625 3737 2719 3789 νῦν
2749 3739 2810 3789 ού
2844 3739 3077 3808 λέγομεν
3127 3740 3256 3807 περὶ
3287 3739 3396 3791 τῶν
3440 3742 3580 3793 κατά
3620 3741 3773 3812 θείαν
3812 3745 4020 3796 ἀποκά-

2435 3832 2592 3898 λυψιν
2626 3833 2681 3883 ὲν
2710 3832 2821 3894 τοῖς
2857 3831 3035 3898 ἁγίοις
3073 3833 3317 3900 νοήσεων
3342 3848 3354 3860 ·
3391 3835 3500 3885 νοεί
3543 3835 3597 3886 δὲ
3631 3835 3724 3886 καὶ
3763 3835 3832 3887 τὰ
3868 3836 4022 3905 αὐτῷ

2438 3923 2699 3993 σύστοιχα
2741 3925 2944 3994 σπουδῇ
2990 3926 3084 3977 καὶ
3138 3925 3377 3994 μαθήσει
3417 3928 3511 3978 καὶ
3556 3927 3796 3998 εὑρέσει,
3828 3929 3922 3981 τὸν
3961 3931 4022 3981 ἑν

2435 4015 2584 4082 αὐτῷ
2629 4017 2729 4081 τῆς
2776 4016 3030 4082 γνώσεως
3075 4016 3325 4082 ἐξάπτων
3374 4018 3671 4088 σπινθῆρα,
3705 4020 3803 4071 καὶ
3847 4020 4021 4073 ταῦτα

2433 4108 2488 4158 δὲ
2525 4108 2873 4178 τελειοτέρως
2904 4111 3018 4160 νοεῖ
3040 4109 3112 4169 ib;
3147 4112 3214 4180 τῇ
3251 4109 3416 4163 αὐτοῦ
3449 4114 3713 4181 σύστοιχα
3757 4114 4021 4183 δυνάμει·

2433 4206 2542 4271 ὅσῳ
2585 4204 2639 4256 δὲ
2695 4205 3139 4274 σπουδιιότερον,
3190 4206 3435 4277 τοσούτῳ
3494 4210 3588 4260 καὶ
3649 4203 4019 4280 τελεώτερον·

2434 4297 2760 4365 τελεώτερον
2803 4298 2848 4348 δ’
2893 4297 2972 4348 ἔτι
3007 4301 3120 4350 νοεῖ
3147 4299 3216 4351 τὰ
3257 4301 3434 4352 οίκεῖα
3462 4301 3622 4368 ἔργα,
3659 4303 3734 4363 ὡς
3763 4302 3823 4354 ού
3861 4305 4026 4371 μόνον

2435 4391 2810 4458 γεγεννημένα
2836 4389 2996 4455 νοῶν,
3027 4390 3163 4444 ἀλλά
3199 4390 3294 4442 καὶ
3329 4391 3462 4460 πρὶν
3505 4392 3814 4461 ὑποστῆσαι
3845 4395 4024 4447 ταῦτα

2437 4482 2703 4551 νενοηκὼς
2737 4484 2812 4545 ώς
2843 4486 2936 4536 καὶ
2967 4484 3114 4552 ἔργῳ
3140 4483 3582 4553 ὐποστησόμενα,
3605 4485 3702 4535 καὶ
3733 4485 3822 4536 διὰ
3865 4487 4026 4537 τοῦτο

2361 4591 2408 4651 β
2440 4575 2640 4642 μᾶλλον
2668 4574 2893 4644 ὕστερον
2925 4576 3262 4643 ὑποστήσας,
3292 4575 3429 4627 διότι
3475 4577 3701 4644 νενόηκε
3757 4578 4027 4648 πρότερον

2436 4669 2508 4728 ὡς
2535 4667 2629 4719 ώδί
2678 4685 2793 4730 πως
2835 4668 3279 4736 ὑποστησόμενα.
3315 4666 3390 4719 Τὸ
3435 4667 3538 4736 μὲν
3570 4662 3663 4720 οῦν
3715 4671 3771 4720 ὲν
3817 4671 3894 4738 τῷ
3929 4673 4020 4722 ἀνι

2437 4760 2693 4829 Ορωπίνῳ
2736 4761 2810 4828 νῷ
2859 4761 3049 4829 νοητὸν
3095 4755 3255 4824 εἶδος,
3285 4760 3312 4812 ὃ
3344 4760 3438 4828 τῆς
3496 4760 3554 4812 ἑν
3605 4760 3754 4830 αὐτῷ
3786 4764 4027 4832 νοήσεὼς

2435 4858 2583 4907 ἐστιν
2617 4854 2780 4924 ἀρχὴ,
2811 4855 2908 4924 οὐχ
3035 4854 3096 4907 τὸ
3126 4849 3286 4919 εἶδος,
3323 4854 3442 4907 ἀλλ’
3576 4854 3655 4923 τῷ
3703 4855 3835 4908 εῖδει
3887 4859 4026 4921 νοεῖ,

2435 4947 2534 4998 εἴτ’
2577 4946 2725 4998 ἔνδον
2783 4946 2948 5016 μόνον
2978 4947 3077 5016 τῆς
3115 4945 3358 5015 νοήσεως
3408 4946 3597 5015 οὔσης,
3715 4946 3878 5014 σοφὸς
3931 4948 4030 4998 καὶ

2435 5039 2770 5106 θεωρητικδις
2805 5038 3014 5106 γίνεται
3048 5036 3230 5106 μόνον,
3265 5038 3376 5091 εἴτε
3421 5038 3521 5091 καὶ
3570 5039 3676 5104 ἔξω
3706 5038 4026 5108 προϊούσης,

2435 5131 2556 5183 καθ’
2585 5132 2652 5200 ἣν
2699 5136 2794 5184 καί
2820 5133 3126 5200 πρακτικός
3156 5134 3272 5184 ἐστι
3299 5133 3393 5185 καὶ
3428 5134 3661 5198 γίνεται,
3687 5133 3748 5185 τὸ
3779 5133 4027 5186 τοιοῦτον

2433 5225 2581 5278 ἆπαν
2619 5225 2811 5295 νοητὸν
2863 5221 3006 5288 εἶδος
3056 5227 3085 5280 ὁ
3136 5227 3330 5298 νοητὸς
3383 5226 3479 5281 τοῦ
3538 5227 4028 5298 ἀνθρώπουλόγος

2433 5321 2572 5382 ἐστὶ,
2621 5320 2689 5373 δι’
2736 5313 2797 5373 οὗ
2851 5321 2986 5392 πρὸς
3034 5321 3228 5374 ἑαυτὸν
3268 5322 3342 5384 ώς
3382 5325 3559 5376 εἰπεῖν
3603 5323 3634 5374 ό
3683 5321 4030 5393 ἀνθρώπινος

2433 5415 2745 5481 διαλέγεται
2790 5414 2937 5480 νοῦς,
2969 5416 3216 5485 γέννημα
3269 5416 3366 5484 μὲν
3415 5415 3490 5466 ὢν
3531 5413 3628 5468 τοῦ
3664 5415 3754 5468 νοῦ
3795 5417 3882 5468 διὰ
3925 5415 4028 5482 τῆς

2437 5510 2580 5562 κατὰ
2609 5509 2709 5578 τὴν
2744 5509 2931 5578 νόησιν
2977 5495 3281 5576 ἐνεργείας,
3314 5509 3598 5579 τελειότης
3629 5511 3684 5563 δὲ
3735 5509 3904 5563 αὑτοῦ
3935 5517 4032 5564 καὶ

2437 5606 2595 5669 σοφία
2630 5598 2742 5655 οἷον
2767 5605 2944 5655 είπείν
2980 5603 3071 5654 καὶ
3102 5601 3354 5672 ἀλήθεια.
3397 5602 3461 5655 'H
3507 5602 3562 5655 δὲ
3603 5603 3766 5672 νοερὰ
3796 5603 4020 5672 υέλησις

2435 5698 2494 5748 τὸ
2521 5699 2576 5748 ἐν
2605 5694 2882 5765 ἀνθρώπῳ
2910 5680 3128 5764 πνεῦμα
3171 5698 3392 5766 μορςροί,
3428 5696 3552 5764 περὶ
3586 5688 3646 5746 οὗ
3680 5695 3918 5762 λέγεται,
3954 5695 4033 5755 ὡς

2435 5790 2613 5852 οὐδεὶς
2648 5787 2754 5841 οἶδε
2789 5791 2854 5842 τὰ
2889 5787 2982 5842 τοῦ
3011 5788 3328 5858 ἀνθρώπου,
3374 5791 3423 5842 εἰ
3474 5791 3548 5860 μή
3581 5789 3641 5842 τὸ
3672 5789 3890 5856 πνεῦμα
3934 5785 4032 5839 τοῦ

2438 5881 2730 5946 ἀνθρώπου
2768 5881 2824 5934 τὸ
2845 5880 3136 5936 κστοικοῦν
3166 5883 3224 5933 ὲν
3268 5881 3418 5951 αὑτῷ
3448 5897 3460 5909 ·
3503 5882 3594 5935 καὶ
3625 5880 3773 5935 ἔστιν
3803 5881 3834 5950 ή
3868 5879 4034 5947 νοερᾶ
