4416 6456
424 395 529 461 589

1474 386 1574 448 DE
1619 385 1767 447 ι)Εο
1810 383 1891 443 ΙΝ
1933 381 2353 445 TRINITATE
2384 381 2569 459 ΗΝΘ.

3563 382 3674 452 590

416 507 636 576 θέλησις
678 501 815 573 αῦτη
850 502 1191 557 διατείνουσα
1238 496 1339 569 μὶν
1384 505 1482 553 καὶ
1534 500 1671 569 πρὸς
1698 496 1862 550 αὐτὸν
1894 495 1986 549 τὸν
2018 505 2057 558 Α
2088 492 2159 545 Ita

1931 495 1986 549 δν
2018 492 2341 559 ΑΙιαὺὶιαις
2401 493 2519 563 ipsa
2571 500 2751 547 autem
2804 494 3057 551 voluntas
3127 494 3438 566 intelligens
3496 499 3675 554 tetniit

416 600 564 653 νοῦν.
596 597 749 652 Θέλει
794 597 900 667 γὰρ
930 593 1123 650 ἑαυτὸν
1153 594 1181 648 6
1212 590 1357 658 νοῦς,
1392 592 1582 661 ὥσπερ
1629 590 1695 659 δὴ
1727 591 1822 643 καὶ
1851 591 1985 655 νοεῖ,

419 692 509 744 καὶ
546 690 606 743 τὸ
638 689 838 751 οἰκεῖον
864 685 1067 755 ἀγαθὸν
1095 685 1264 753 θέλει,
1291 683 1415 737 ἐπεὶ
1439 683 1575 753 πρὸς
1604 683 1665 736 τὸ
1698 682 1922 753 θελητὸν
1950 682 1984 753 ἠ

419 783 663 850 θέλησις,
696 779 771 842 ὡς
823 780 856 849 ἡ
899 778 1083 848 νόησις
1118 776 1254 846 πρὸς
1298 775 1360 827 τὸ
1382 775 1573 843 νοητὸν
1605 774 1861 842 φέρεται·
1894 773 1989 825 καὶ

419 870 495 931 ὡς
523 870 638 921 ἐκεῖ
663 868 849 938 νοητόν
878 868 994 919 ἐστι
1028 866 1279 934 τάληθὲς,
1316 864 1461 918 οῦτω
1501 864 1726 933 θελητδν
1752 862 1987 916 ἐνταῦθα

420 960 482 1012 τὸ
512 958 736 1026 ἀγαθόν.
776 958 868 1021 Ὠς
915 952 1008 1010 οὖν
1034 958 1094 1009 τὸ
1132 959 1332 1011 οἰκεῖον
1358 955 1562 1023 ἀγαθὸν
1611 957 1778 1009 θέλων
1806 957 1833 1009 6
1868 954 1992 1017 νοῦς

422 1047 531 1099 νοεῖ
564 1048 655 1104 καὶ
686 1046 874 1109 θέλων,
908 1050 983 1108 ὡς
1011 1047 1246 1117 εἴρηται,
1285 1046 1564 1100 τελείωσιν
1607 1046 1764 1109 εἰδὼς
1794 1045 1989 1099 ἑαυτοῦ

423 1140 520 1207 τὴν
556 1138 740 1207 νόησιν
769 1132 969 1191 οὖσαν
1019 1137 1275 1192 διατείνει
1332 1138 1431 1209 μὲν
1476 1129 1579 1192 ὀὖν
1627 1138 1853 1208 ήνοερὰ
1897 1136 1991 1191 τοῦ

426 1226 710 1297 ἀνθρώπου
740 1226 957 1298 θέλησις
987 1228 1080 1281 καὶ
1118 1228 1255 1297 πρὸς
1278 1228 1442 1282 αὐτὸν
1472 1228 1563 1281 τὸν
1596 1227 1819 1281 νοοῦντα
1842 1226 1990 1291 νοῦν,

426 1319 563 1373 ἀλλὰ
599 1320 834 1388 μάλιστα
880 1320 1018 1390 πρὸς
1064 1319 1133 1374 τὰ
1163 1320 1297 1390 ἔργα
1346 1320 1510 1374 αὐτοῦ
1566 1320 1661 1373 καὶ
1713 1320 1992 1390 ποιήματα

425 1409 702 1477 διατείνει,
730 1414 829 1466 κὰν
859 1410 1067 1476 τούτοις
1098 1413 1336 1482 μάλιστα
1383 1414 1618 1484 ἐνεργεῖ,
1651 1414 1754 1467 κάν
1784 1413 1995 1476 τούτοις

434 1503 672 1572 μάλιστα
700 1503 1060 1572 διαφαίνεται.

503 1595 578 1649 Τὸ
601 1597 698 1666 μὲν
732 1596 823 1648 οῦν
851 1597 1190 1666 ἀνθρώπειον
1213 1599 1402 1667 χρῆμα
1428 1596 1670 1651 τοιοῦτον
1699 1597 2001 1669 συλλήϐδην

434 1690 647 1741 εἰπεῖν’
709 1689 902 1742 πολλοῦ
962 1689 1070 1760 γὰρ
1129 1689 1298 1742 ταῦτα
1362 1693 1524 1757 γέμει
1593 1689 1687 1743 τοῦ
1764 1692 2005 1753 πλάτους

435 1779 713 1850 προῦργου
762 1779 1130 1848 σκοπούμενα,
1180 1783 1271 1835 καὶ
1308 1781 1547 1843 τοιοῦτος
1593 1783 1621 1834 6
1657 1783 2003 1851 ἀνθρώπινος

2093 585 2256 640 etiam
2317 584 2382 638 ad
2430 585 2680 639 eumdem
2735 585 3091 642 intellectum.
3126 584 3491 659 Semetipsum
3534 590 3679 645 enim

2094 676 2211 731 vult
2241 677 2549 733 intellectus
2581 678 2727 733 sicut
2775 687 2830 733 et
2875 680 3025 734 novit
3082 688 3137 735 et
3191 681 3498 752 proprium,
3566 682 3681 736 vult

2095 766 2334 835 bonum;
2363 767 2632 837 siquidem
2671 770 2922 824 voluntas
2972 770 3043 824 ad
3089 772 3455 826 voluntarium
3510 773 3683 829 fertur

2097 861 2240 915 sicut
2265 860 2583 914 intellectus
2611 864 2675 915 ad
2699 860 3064 931 intelligibile.
3099 861 3260 929 Atqui
3288 868 3344 914 ut
3391 862 3502 916 illic
3529 864 3686 917 intel-

2100 952 2309 1022 ligibile
2340 961 2425 1006 est
2466 967 2679 1015 verum,
2712 953 2781 1006 ita
2820 964 2875 1007 et
2909 953 2996 1006 hic
3060 953 3423 1007 voluntarium
3479 955 3679 1007 bonum

2101 1052 2208 1095 est.
2241 1040 2525 1111 Tanquam
2558 1042 2724 1111 igitur
2765 1044 3039 1111 preprium
3073 1042 3275 1097 bonum
3310 1042 3496 1097 volens
3531 1044 3688 1097 intel-

2098 1132 2271 1187 lectus
2289 1133 2486 1204 (sese?)
2510 1135 2654 1189 novit
2670 1147 2723 1189 et
2745 1134 2876 1197 vult,
2896 1135 3036 1189 sicut
3054 1136 3257 1189 dictum
3280 1146 3381 1198 est,
3401 1137 3548 1191 scius
3569 1150 3692 1205 per-

2102 1222 2559 1283 lectionemisuam
2573 1240 2691 1280 esse
2705 1226 3139 1294 intelligentiam.
3159 1227 3325 1280 Porro
3340 1227 3688 1281 tenditetiaut

2102 1316 2407 1388 intelligens
2437 1318 2670 1374 hominis
2704 1321 2956 1375 voluntas
3004 1318 3069 1372 ad
3126 1319 3302 1387 ipsum
3351 1334 3688 1389 cognoscen-

2104 1418 2208 1463 tem
2233 1411 2591 1475 intellectum,
2614 1411 2706 1465 sed
2729 1411 3026 1480 praesertim
3052 1410 3117 1463 ad
3144 1421 3296 1464 actus
3311 1420 3363 1463 et
3383 1425 3541 1480 opera
3564 1426 3685 1488 sua,

2104 1500 2335 1565 atquein
2354 1498 2456 1553 illis
2483 1499 2819 1565 potissimum
2844 1498 2951 1567 agit
2975 1509 3026 1552 et
3047 1500 3396 1567 potissimum
3434 1510 3683 1567 apparet.

2178 1589 2383 1643 Idcirco
2414 1590 2675 1659 quidquid
2709 1592 2776 1644 de
2836 1588 3058 1644 homine
3107 1600 3189 1643 est
3243 1591 3321 1644 sic
3370 1592 3685 1644 summatim

2107 1681 2412 1751 colligitur;
2444 1683 2546 1737 ista
2577 1685 2721 1738 enim
2770 1684 2906 1739 scite
2953 1684 3296 1738 considerata
3355 1684 3521 1737 multa
3573 1684 3688 1753 pol-

2112 1772 2222 1826 leut
2263 1775 2656 1843 amplitudine;
2712 1786 2766 1828 ct
2821 1776 3071 1829 humanae
3130 1777 3328 1830 mentis
3388 1777 3524 1829 ratio
3577 1777 3689 1830 haec

432 1874 575 1937 νοῦς,
613 1873 688 1943 νῷ
718 1876 813 1927 καὶ
840 1874 1015 1943 νοητῷ
1042 1875 1187 1945 λόγῳ
1214 1876 1306 1928 καὶ
1340 1878 1501 1945 νοερᾷ
1532 1876 1744 1946 θελήσει
1776 1880 1807 1950 ἢ
1836 1877 2010 1947 νοητῷ
2043 1861 2083 1915 Β
2111 1882 2175 1922 es

1942 1877 2010 1947 τῷ
2043 1861 2083 1915 Β
2111 1877 2198 1922 est
2238 1884 2252 1919 :
2292 1869 2591 1931 intellectu,
2638 1868 2958 1939 intelligibili
2994 1870 3203 1923 ratione
3260 1879 3313 1921 et
3368 1867 3686 1937 intelligenti

436 1969 637 2037 μᾶλλον
664 1968 827 2037 ἔρωτι
863 1968 961 2038 τὴν
997 1969 1135 2023 ἰδίαν
1164 1970 1481 2039 τελειότητα
1508 1971 1644 2042 ἔχων
1674 1973 1771 2027 καὶ
1796 1973 2009 2037 τούτοις

430 2058 898 2130 διαμορφούμενος
930 2061 1131 2129 νοητῶς
1157 2064 1271 2125 τοῖς
1310 2065 1489 2132 τρισὶν
1528 2064 1838 2133 ξδιώμασιν.
1870 2067 2011 2118 Ταυ-

435 2148 525 2200 τδν
553 2148 608 2200 δέ
651 2151 764 2202 ἐστι
796 2149 918 2201 νοῦν
966 2151 1308 2221 ἀνθρώπινον
1341 2155 1518 2206 εἰπεῖν
1570 2155 1667 2207 καὶ
1707 2154 1885 2225 ψυχὴν
1914 2156 2009 2208 άν-

436 2238 735 2309 θρωπίνην,
779 2241 1181 2311 ἐξηπλωμένως
1237 2243 1335 2313 μὲν
1392 2243 1484 2296 τοῦ
1541 2243 1656 2311 νοῦ,
1714 2248 2009 2300 συνεσταλ-

438 2332 611 2402 μένως
644 2332 699 2384 δὲ
731 2331 831 2397 τῆς
877 2332 1054 2402 ψυχῆς
1104 2334 1448 2403 νοουμένωνο
1501 2337 1699 2389 ταυτόν
1749 2338 1811 2390 τέ
1864 2340 2011 2392 ἐστιν

434 2424 782 2494 ἀνθρωπίνην
808 2426 987 2495 ψυχὴν
1033 2426 1126 2478 καὶ
1166 2426 1457 2496 ἄνθρωπον
1487 2430 1652 2497 φάναι
1680 2432 1904 2501 κυρίως,
1936 2434 2011 2495 ὡς

435 2516 648 2585 εἴρηται
676 2517 962 2585 πρότερον.
1001 2516 1159 2571 Ἀλλὰ
1193 2517 1299 2587 μὴν
1343 2518 1407 2570 ὲκ
1438 2519 1537 2585 τῆς
1568 2519 1792 2592 πρώτης
1829 2524 2010 2585 αίτὶας

434 2606 721 2676 ἄνθρωπος
771 2605 989 2660 ἅπαντα
1032 2607 1207 2661 ταῦτα
1238 2609 1335 2661 καὶ
1364 2611 1457 2663 τοῦ
1494 2614 1863 2681 πεποιηκότος
1894 2615 2010 2685 ἔχει

432 2696 592 2763 Θεοῦ,
623 2697 761 2750 ὥστε
808 2698 951 2751 κατὰ
980 2700 1046 2752 τὰ
1076 2697 1133 2764 ἐξ
1163 2701 1335 2770 ἀρχῆς
1384 2702 1776 2773 ὑποτεθειμέναι
1828 2709 2010 2777 πολλῷ

440 2790 636 2859 μᾶλλον
665 2809 692 2842 ο
721 2791 850 2854 Θεὸς
898 2791 1073 2845 ταῦτα
1120 2793 1303 2857 ἁῖδίως
1353 2794 1464 2863 ἔχει
1501 2800 1588 2849 καὶ
1637 2800 1900 2869 συμφυῶς
1932 2803 2011 2863 είς

435 2880 765 2949 ὑψηλότερον
819 2881 1111 2952 ἀπειράκις
1160 2885 1383 2953 τρόπον,
1420 2888 1496 2950 ὡς
1549 2888 1768 2959 εἴρηταί
1822 2908 1882 2942 τε
1917 2894 2012 2946 καὶ

435 2971 632 3023 αὐτίκα
666 2973 865 3041 μᾶλλον
908 2975 1276 3044 δειχθήσεται.
1324 2978 1635 3031 Κάντεῦθέν
1677 2982 1800 3033 ἐστι
1830 2981 1890 3034 τὸ
1920 2987 2010 3035 τὸν

435 3061 721 3130 ἄνθρωπον
760 3066 878 3117 κατ’
924 3066 1107 3119 εἰκόνα
1159 3067 1301 3120 Θεοῦ
1337 3070 1431 3120 καὶ
1469 3069 1732 3137 ὁμοίωσιν
1760 3072 2009 3140 λέγεσθαι

434 3156 815 3226 γεγεννῆσθαι,
847 3160 926 3211 ὅτι
972 3161 1037 3229 τῇ
1087 3161 1145 3212 ἐν
1175 3159 1325 3229 αὐτῷ
1362 3162 1552 3232 Τριάδι
1591 3164 1777 3218 τοῦτον
1815 3168 1844 3219 6
1876 3168 2009 3231 Θεὸς
2038 3195 2080 3253 c

436 3250 764 3319 ἀφωμοίωσε
790 3266 805 3281 ο
840 3251 932 3303 καὶ
976 3252 1065 3304 διὰ
1113 3251 1271 3306 τοῦτο
1308 3255 1484 3317 καλῶς
1522 3256 1628 3310 ἀπὸ
1672 3258 1770 3326 τῆς
1802 3260 2009 3323 εἰκόνος

433 3341 528 3395 ἐπὶ
560 3343 622 3395 τὸ
653 3343 1005 3414 παράδειγμα
1036 3346 1105 3399 τὰ
1136 3347 1402 3416 εἰρημένα
1436 3351 1563 3419 περὶ
1603 3350 1775 3420 αὐτῆς
1801 3354 1883 3406 δεῖ
1913 3371 2007 3423 με·

435 3435 715 3502 ταφέρειν,
756 3437 1149 3508 ἐναργέστερον
1207 3439 1323 3490 ἐκεῖ
1374 3440 1470 3493 καὶ
1519 3443 1849 3511 οἰκειότερον
1897 3446 2013 3514 ἅμα

435 3526 854 3595 θεολογούμενα,
883 3529 958 3592 ὡς
1013 3533 1126 3591 τοῖς
1158 3529 1499 3594 διδασκάλοις
1542 3535 1642 3602 τῆς
1687 3537 2012 3608 Ἐκκλησίας

434 3620 762 3689 κηρύττεται
827 3621 948 3674 καθ’
1008 3623 1248 3692 ἡμέραν.
1317 3623 1474 3677 Ἐστι
1529 3629 1637 3697 γὰρ
1690 3629 1718 3680 6
1769 3626 1849 3694 εἷς
1917 3636 2012 3687 καὶ

436 3713 809 3777 ἁπλοῦστατος
837 3716 977 3769 κατὰ
1004 3716 1167 3785 φύσιν
1206 3719 1336 3781 Θεὸς
1368 3721 1462 3773 καὶ
1492 3722 1587 3774 τοῦ
1623 3725 1822 3786 παντὸς
1856 3726 2006 3778 τοῦδε

439 3808 596 3873 μόνος
626 3807 951 3876 δημιουργὸς
993 3810 1135 3863 κατὰ
1164 3810 1261 3880 τὴν
1296 3812 1403 3863 τῶν
1439 3812 1598 3865 θείων
1646 3813 1842 3881 λογίων
1875 3817 2013 3885 ὑφή-

436 3914 597 3966 γησιν
648 3899 805 3967 τριὰς
857 3900 1136 3970 ίδιοτήτων
1191 3902 1286 3955 καὶ
1347 3903 1718 3969 ὑποστάσεων,
1751 3910 1913 3978 νοερὰ
1956 3910 2014 3962 δὲ

436 3991 594 4059 τριάς
620 3991 698 4060 τῷ
738 3990 936 4061 πρώτῳ
990 3994 1066 4061 νῷ
1101 3995 1198 4047 καὶ
1228 3995 1424 4058 παντὸς
1471 3998 1628 4063 αἰτίῳ
1664 4001 1886 4051 κτιστοῦ
1920 4001 2012 4054 νοῦ

440 4082 746 4149 πρέπουσα,
775 4084 803 4134 6
836 4084 977 4145 θεῖος
1012 4085 1135 4148 νοῦς
1179 4087 1442 4156 δηλονότι,
1477 4092 1570 4141 καὶ
1623 4093 1651 4143 6
1692 4094 1877 4159 νοητὸς
1914 4096 2014 4145 αὐο

439 4171 532 4225 τοῦ
565 4174 719 4241 λόγος
759 4177 969 4246 κιρπὸς
1019 4179 1258 4246 ἔμφυτος
1288 4181 1383 4249 τῆς
1430 4182 1525 4233 τοῦ
1560 4184 1857 4253 όιγεννήτου
1895 4188 2015 4254 νοή-

443 4277 579 4324 σεως
609 4265 722 4329 νοῦ,
758 4271 849 4317 καὶ
878 4268 905 4319 6
939 4268 1125 4336 νοητὸς
1157 4268 1298 4339 ἔρως
1329 4277 1540 4339 καρπὸς
1571 4275 1670 4339 τῆς
1699 4277 1888 4342 νοερᾶς
1920 4276 2014 4328 τοῦ

441 4369 657 4422 πρωτου
701 4357 791 4407 νοῦ
843 4357 937 4409 καὶ
978 4358 1261 4430 ὶνδοτέρας
1291 4360 1583 4431 θελήσεως.
1622 4364 1768 4429 Νοῦς
1800 4367 1906 4435 γὰρ
1938 4366 2015 4418 ὣν

440 4446 469 4496 6
500 4446 631 4509 Θεὸς
663 4447 969 4513 σοφώτατός
996 4467 1054 4502 τε
1085 4450 1177 4503 καὶ
1217 4450 1572 4518 ἁγαθώτατος
1596 4456 1704 4508 οὐδ’
1735 4458 1799 4510 ὲκ
1832 4460 1929 4526 τῆς
1960 4459 2017 4510 ὲν

2113 1960 2391 2013 voluntate
2426 1976 2521 2014 seu
2559 1962 2738 2030 potius
2780 1960 3107 2032 intelligibili
3172 1977 3357 2015 amore
3412 1961 3686 2031 propriam

2119 2053 2505 2123 perfectionem
2539 2055 2851 2123 assequitur
2878 2064 2933 2109 et
2972 2055 3151 2109 tribus
3195 2056 3302 2110 illis
3336 2056 3689 2124 proprietati-

2116 2146 2216 2198 bus
2247 2145 2655 2214 intelligihiltter
2717 2144 3058 2199 eﬂormatur.
3106 2145 3225 2200 1am
3268 2160 3398 2199 vero
3430 2146 3573 2199 idem
3604 2155 3690 2200 est

2115 2236 2296 2289 dicere
2328 2236 2626 2288 humanum
2667 2235 3001 2291 intellectum
3037 2249 3198 2307 atque
3229 2238 3520 2291 humanam
3573 2238 3691 2291 aui-

2114 2344 2278 2393 mam,
2309 2328 2566 2396 explicite
2594 2328 2814 2396 quidem
2834 2328 3108 2382 intellectu
3132 2331 3366 2399 cognito,
3416 2330 3687 2385 collectim

2116 2432 2297 2475 autem
2321 2422 2520 2474 anima.
2554 2420 2700 2475 idem
2735 2436 2931 2477 rursus
2978 2423 3155 2476 anima
3193 2423 3429 2478 humana
3474 2426 3692 2495 pr0prie

2117 2513 2314 2567 dicitur
2343 2522 2504 2582 atque
2550 2514 2730 2579 homo,
2785 2522 2844 2567 ttt
2907 2515 3019 2584 jam
3079 2517 3353 2584 superius.
3391 2516 3604 2572 Atenim
3661 2532 3692 2569 a

2121 2606 2292 2673 prima
2323 2621 2491 2661 eausa
2522 2615 2576 2661 et
2624 2607 2906 2661 conditore
2947 2606 3055 2662 Deo
3096 2609 3207 2662 haec
3238 2613 3417 2664 omnia
3456 2611 3693 2678 possidet

2118 2700 2314 2762 homo;
2370 2698 2508 2752 adeo
2566 2706 2645 2762 ut,
2701 2698 2854 2767 juxta
2888 2714 3008 2768 quae
3065 2700 3222 2754 initio
3277 2716 3688 2770 proposueram,

2117 2790 2285 2841 multo
2308 2791 2478 2859 magis
2512 2792 2562 2843 in
2592 2790 2696 2844 Deo
2728 2791 2838 2845 sint
2900 2792 3249 2847 invisibiliter
3282 2804 3336 2846 et
3363 2809 3690 2865 caugenere,

2118 2881 2278 2950 idque
2334 2882 2540 2936 inlinite
2607 2883 2913 2938 sublimiori
2957 2886 3139 2940 modo.
3202 2886 3358 2953 Quod
3407 2890 3695 2955 hucusque

2117 2968 2320 3023 dictum
2354 2979 2458 3037 est,
2486 2971 2659 3026 fusius
2692 2986 2953 3042 praeterea
3012 2977 3514 3035 demonstrandum.
3552 2981 3689 3035 Hinc

2119 3062 2300 3130 itaque
2321 3065 2564 3117 exeritur
2591 3065 2863 3121 hominem
2897 3069 2962 3121 ad
2997 3068 3284 3139 imaginem
3342 3082 3393 3125 et
3440 3073 3694 3129 similitu-

2115 3154 2297 3209 dinem
2330 3155 2420 3209 Dei
2448 3171 2568 3212 esse
2590 3157 2817 3225 factum,
2853 3162 2995 3228 quod
3034 3162 3182 3215 illum
3246 3163 3387 3221 Deus
3441 3163 3691 3219 Trinitati

2113 3261 2233 3314 quae
2261 3246 2316 3299 iu
2342 3247 2459 3316 ipso
2485 3258 2568 3303 est
2588 3250 2822 3304 similem
2853 3252 3180 3308 eﬂ'ormavit.
3208 3256 3443 3323 [deoque
3474 3274 3533 3311 ex
3559 3259 3697 3313 ima-

2115 3338 2237 3404 gine
2267 3354 2609 3409 quaecunque
2642 3342 2709 3396 de
2740 3358 2801 3397 ea
2833 3344 3092 3400 dicuntur
3129 3350 3193 3400 ad
3263 3353 3540 3419 exemplar
3564 3361 3693 3406 sunt

2116 3428 2418 3496 referenda,
2446 3432 2752 3487 evidentius
2784 3449 2847 3489 ac
2873 3439 3130 3508 praprius
3166 3440 3232 3493 de
3262 3440 3367 3493 Deo
3396 3443 3696 3513 theologice

2118 3528 2253 3581 rata,
2289 3529 2345 3570 ιιι
2378 3522 2621 3588 quotidie
2674 3522 2871 3578 docent
2923 3525 3179 3582 Ecclesiae
3230 3532 3494 3601 magistri.
3556 3532 3691 3589 Nam

2116 3625 2256 3663 unus
2284 3611 2374 3665 ille
2402 3624 2453 3665 et
2492 3614 2933 3681 simplicissimus
2961 3632 3155 3675 natura
3193 3623 3351 3688 Deus,
3420 3629 3695 3697 totiusque

2116 3700 2277 3769 hujus
2305 3705 2489 3757 mundi
2536 3708 2687 3760 solus
2746 3711 3034 3773 conditor,
3087 3714 3288 3767 divinis
3346 3724 3691 3781 mouentibus

2116 3794 2371 3854 oraculis.
2403 3794 2640 3852 Trinitas
2671 3810 2752 3854 cst
2779 3804 3174 3870 proprietatum
3208 3822 3257 3861 et
3309 3826 3691 3881 personarum,

2116 3885 2359 3943 Trinitas
2399 3890 2620 3958 quidem
2679 3892 2991 3964 intelligens
3048 3900 3227 3967 qualis
3282 3904 3437 3958 decet
3489 3907 3697 3963 intelle-

2116 3989 2263 4033 ctum
2296 3982 2528 4049 primum
2559 3984 2806 4052 cujusvis
2886 3991 3057 4043 creati
3139 3994 3445 4052 intellectus
3504 4010 3696 4055 aucto-

2117 4088 2253 4133 rem,
2285 4072 2501 4125 tlivinns
2533 4076 2780 4130 videlicet
2816 4079 3149 4147 intellectus,
3181 4082 3526 4158 Verliumque
3577 4094 3697 4162 ejus

2118 4164 2454 4234 intelligibile
2528 4167 2739 4223 fructus
2800 4172 2993 4227 insitus
3059 4175 3431 4244 intelligentiae
3515 4186 3689 4241 innati

2118 4257 2424 4312 intellectus
2448 4267 2501 4312 et
2527 4262 2879 4330 iutelligibilis
2916 4281 3069 4320 amor
3115 4268 3323 4327 lructus
3382 4277 3691 4349 intelligen-

2121 4348 2189 4402 tis
2213 4357 2265 4401 et
2299 4353 2522 4404 internae
2557 4355 2849 4409 voluntatis
2888 4359 3048 4425 primi
3097 4361 3429 4422 intellectus.
3478 4372 3689 4427 Etenim

2122 4439 2263 4493 Deus
2300 4457 2422 4495 cum
2454 4444 2523 4497 sit
2559 4446 2867 4503 intellectus
2897 4455 3334 4521 sapientissimus
3356 4473 3408 4514 et
3429 4464 3688 4531 optimus,

442 4539 573 4608 ἡμῖν
618 4541 930 4609 ὁμοιότητος
990 4542 1153 4595 αὐτοῦ
1217 4546 1399 4613 μόνον,
1464 4545 1601 4598 ἀλλὰ
1662 4548 1756 4600 καὶ
1809 4551 2012 4613 πάσαις
2048 4556 2091 4612 D
2125 4546 2175 4586 ¹¹ί

1948 4567 2012 4613 ης
2048 4556 2091 4612 ο
2125 4545 2341 4589 utcerta
2369 4537 2501 4592 ﬁdes
2532 4550 2615 4593 est
2650 4558 2753 4614 non
2778 4558 2844 4595 ex
2877 4547 2989 4597 sola
3041 4548 3158 4614 ejus
3217 4551 3372 4605 nobis
3426 4556 3692 4624 impressa

441 4633 707 4698 ἀνάγκαις
761 4632 904 4685 οὓτω
955 4638 1411 4705 πεπιστευμένος,
1476 4641 1609 4703 νοεῖ,
1653 4641 1752 4709 μὲν
1819 4642 2013 4695 ἑαυτὸν

442 4719 624 4782 ἁῑδίως
662 4722 840 4790 (αὐτὸς
890 4724 995 4793 γάρ
1038 4726 1153 4776 ἐστι
1206 4726 1435 4796 τάληθὲς
1470 4729 1497 4780 ὃ
1548 4730 1641 4782 νοῦ
1678 4749 1735 4783 τε
1774 4734 1865 4784 καὶ
1896 4738 2016 4803 νοή-

444 4827 582 4874 σεως
628 4813 822 4882 τέλος),
857 4816 956 4885 ἐρᾷ
1003 4817 1059 4869 δὲ
1110 4818 1205 4871 καὶ
1245 4820 1440 4873 ἑαυτοῦ
1469 4822 1655 4884 άῖδίως
1690 4824 1873 4892 (αὐτὸς
1907 4829 2014 4894 γάρ

444 4908 560 4959 ἐστι
592 4908 847 4973 τάγαθὸν,
874 4909 901 4961 ὃ
939 4909 1166 4980 θελητόν
1199 4912 1314 4964 ἐστι
1355 4914 1430 4981 τῷ
1455 4912 1530 4983 νῷ
1563 4915 1658 4967 καὶ
1697 4916 1795 4983 τῆς
1828 4919 2017 4985 νοερᾶς

444 4998 716 5067 θελήσεως
763 5002 957 5063 τέλος).
992 5003 1101 5055 Καὶ
1131 5005 1265 5056 νοῶν
1305 5005 1402 5072 μὲν
1454 5007 1643 5058 ἑαυτὸν
1686 5008 1856 5061 ἁῖδιον
1885 5010 2013 5062 συλ-

443 5086 708 5158 λαμϐάνει
751 5091 905 5156 λόγον
960 5095 1018 5144 ὲν
1076 5094 1275 5163 ἑαυτῷ,
1310 5095 1481 5148 θέλων
1518 5098 1573 5150 δὲ
1608 5097 1795 5150 ἑαυτὸν
1843 5100 2015 5152 ἀΐδιον

445 5180 665 5250 ἀγάπην
726 5183 956 5250 προάγει
983 5199 997 5214 ο
1033 5184 1149 5253 ἅμα
1200 5202 1259 5237 τε
1315 5186 1407 5239 οῦν
1438 5189 1666 5257 προάγει
1696 5189 1852 5257 λόγον
1880 5189 2016 5242 νοῶν

446 5273 538 5323 καὶ
580 5273 768 5324 ἑαυτὸν
802 5275 913 5325 νοεῖ
936 5274 1013 5344 τῷ
1049 5275 1213 5345 λόγῳ,
1252 5277 1347 5329 καὶ
1387 5276 1553 5332 θέλων
1590 5281 1812 5351 ἀγάπην
1842 5282 2017 5348 προά-

447 5380 531 5429 γει
577 5367 669 5415 καὶ
717 5367 906 5435 ἀγαπᾷ
951 5367 1123 5438 ταύτῃ
1166 5371 1259 5421 καὶ
1301 5369 1467 5433 θέλει,
1503 5372 1597 5423 καὶ
1645 5374 1692 5423 οἱ
1745 5378 2013 5443 συμφυεῖς

444 5457 588 5510 οὗτοι
622 5458 839 5528 βλαστοὶ
873 5460 965 5512 καὶ
996 5462 1140 5513 τόκοι
1166 5463 1263 5529 τῆς
1297 5466 1485 5527 νοερᾶς
1521 5466 1578 5516 ὲν
1610 5465 1683 5533 τῷ
1712 5466 1831 5535 Θεῴ
1868 5484 2016 5535 γονι-

451 5552 677 5619 μότητος
744 5553 842 5604 οὐκ
892 5552 1056 5605 αὑτοῦ
1111 5555 1271 5622 μόνον
1314 5557 1388 5618 ὡς
1435 5557 1651 5626 ἀληθῶς
1680 5560 2015 5628 προάγοντος

445 5643 657 5711 άληθῶς
693 5646 973 5712 προϊόντα,
1002 5646 1138 5697 ἀλλὰ
1187 5649 1279 5699 καὶ
1331 5650 1577 5716 ἀλλήλων
1640 5650 1715 5718 τῷ
1774 5652 2015 5721 διαφόρῳ

444 5734 539 5799 τῆς
594 5733 816 5801 προὸδιυ
853 5735 1215 5803 ὃιακρίνονται
1251 5740 1457 5809 τρόπῳ,
1496 5741 1655 5807 φύσει
1691 5741 1747 5794 δὲ
1777 5742 1838 5793 ἓν
1877 5745 2015 5793 εἰσιν

444 5826 691 5891 ἀλλήλοις
721 5843 776 5878 τε
810 5829 899 5881 καὶ
941 5827 1013 5897 τῷ
1050 5834 1335 5900 προάγοντι
1372 5831 1466 5901 νῷ.
1498 5833 1605 5886 Καὶ
1655 5835 1681 5885 ὁ
1736 5834 1833 5903 μὲν
1869 5835 2013 5897 θεῖος

2121 4626 2495 4693 similitudine,
2519 4633 2609 4683 sed
2667 4640 2721 4686 et
2752 4636 3079 4693 omnimodis
3126 4645 3459 4712 argumentis
3494 4660 3696 4702 aeterne

2121 4721 2629 4793 seipsumintclligit
2669 4727 2804 4796 (ipse
2829 4731 2973 4784 enim
3007 4743 3088 4786 est
3144 4737 3332 4788 verum
3387 4739 3694 4795 intellecuts

2120 4825 2171 4869 et
2200 4815 2568 4885 intelligentiae
2599 4818 2745 4889 linis)
2772 4838 2785 4886 ;
2811 4822 3051 4890 seipsum
3072 4827 3231 4878 etiam
3264 4840 3521 4883 aeternum
3547 4844 3695 4886 amat

2120 4907 2263 4978 (nam
2307 4916 2360 4961 et
2424 4910 2540 4977 ipse
2585 4911 2786 4965 bonum
2834 4926 2916 4967 est
2961 4916 3268 4973 intellectus
3317 4924 3612 4988 appetibile
3640 4934 3693 4977 et

2120 4999 2471 5068 intelligentis
2521 5003 2815 5058 voluntatis
2893 5009 3257 5079 terminus);
3317 5026 3435 5065 sese
3511 5023 3693 5068 autem

2122 5095 2473 5164 intelligendo
2508 5105 2771 5151 mternum
2836 5099 2889 5152 in
2923 5104 3213 5170 semetipso
3245 5104 3475 5158 Verbum
3508 5109 3695 5160 conci-

2122 5190 2219 5256 pit,
2254 5199 2307 5243 et
2333 5191 2570 5257 seipsum
2604 5191 2835 5245 volendo
2861 5203 3113 5247 retentam
3170 5196 3514 5251 dilectiOuem
3568 5216 3695 5268 pro-

2120 5286 2270 5339 ducit
2298 5302 2312 5350 ;
2344 5300 2557 5351 unaque
2582 5287 2747 5356 igitur
2784 5286 3021 5341 Verbqu
3059 5291 3309 5358 producit
3343 5293 3691 5361 intelligendo

2120 5382 2175 5428 et
2222 5375 2462 5443 seipsum
2497 5391 2592 5445 per
2628 5374 2862 5430 Verbum
2895 5379 3166 5447 intelligit,
3199 5391 3253 5433 et
3308 5382 3536 5435 voleudo
3566 5398 3695 5451 prn-

2121 5463 2535 5519 ducitamorem
2566 5476 2618 5517 et
2648 5481 2741 5534 per
2800 5468 2950 5520 illum
3007 5483 3159 5521 amat
3206 5480 3259 5521 et
3328 5472 3476 5535 vult;
3533 5480 3694 5537 atque

2121 5572 2422 5627 congcnera
2455 5558 2567 5611 haec
2599 5559 2844 5629 germina
2881 5571 2932 5615 et
2964 5563 3284 5631 prOp.igittes
3346 5563 3698 5633 intelligentis

2124 5650 2174 5702 in
2199 5650 2303 5703 Deo
2326 5650 2683 5720 genitalitatis
2708 5667 2815 5705 non
2844 5653 3017 5706 solum
3048 5653 3114 5706 ab
3142 5658 3253 5720 ipso
3270 5662 3326 5705 ut
3350 5669 3474 5707 rere
3494 5656 3695 5723 produ-

2124 5754 2278 5795 cente
2305 5758 2489 5796 revera
2512 5744 2910 5812 producuntur,
2943 5748 3033 5796 sed
3066 5746 3226 5796 etiam
3267 5760 3361 5812 pro
3390 5749 3537 5797 vario
3565 5759 3693 5813 pro-

2127 5830 2392 5886 cessionis
2416 5833 2577 5886 modo
2605 5831 2673 5886 ab
2736 5832 2965 5887 invicem
3032 5832 3470 5902 distinguuntur,
3502 5847 3694 5891 natura
