4416 6456
754 380 846 446 Ml

1822 382 2206 446 GENNADII
2248 383 2356 451 (ΣΡ.
2405 384 2923 452 PATRlAllCll/E

3920 361 4026 462 ονε

753 511 881 551 wro
922 510 1087 550 unum
1132 503 1259 551 sunt
1289 502 1342 550 et
1383 494 1600 552 sibimet
1659 494 1889 551 invicem
1929 505 1983 552 et
2038 497 2336 553 intellectui
2371 500 2415 562 Α
2446 501 2497 556 λέ

2285 498 2336 553 ιιί
2371 500 2415 562 Α
2446 501 2601 571 λόγος
2654 505 2745 559 νοῦ
2798 508 2889 562 καὶ
2923 508 3111 580 νοητοῦ
3165 512 3362 576 παντός
3412 512 3560 567 ἐστιν
3593 513 3764 577 αἴτιος
3808 515 3866 568 ιν
3913 517 4024 579 τοῖς

753 587 1099 656 producentt.
1157 587 1409 642 Divinutn
1473 597 1656 642 autem
1714 587 1940 642 veritum
2000 589 2120 657 (seu
2171 589 2331 658 ratio)

750 678 991 749 cujusvis
1042 677 1347 732 intellectus
1409 686 1463 731 et
1528 677 1882 748 intelligibilis
1936 692 2105 732 causa
2145 690 2222 733 est
2281 680 2334 732 in

750 771 986 830 cutibus,
1018 768 1308 834 omnisque
1331 767 1653 820 substantia:
1688 766 1848 819 simul
1881 778 1935 819 et
1963 776 2191 820 naturae.
2220 766 2334 819 Non

749 860 892 914 enim
920 859 1269 927 producentis
1304 867 1513 911 tantum
1542 856 1875 918 intellectus,
1908 857 2002 910 sed
2029 865 2083 910 et
2108 872 2334 926 operum

675 942 679 946 ’
748 966 869 1020 «pne
907 964 1001 1018 per
1054 953 1233 1019 ipsum
1297 957 1703 1017 cognoscuntur
1755 948 1821 1000 ad
1876 957 2029 1001 extra
2072 948 2337 1001 naturalis

748 1050 831 1095 est
892 1040 1220 1096 similitudo.
1283 1038 1438 1095 Unde
1497 1040 1683 1092 innata
1741 1037 2045 1092 similitudo
2109 1049 2336 1092 vocatur

748 1133 1108 1206 generatrieis
1141 1131 1449 1185 intellectus
1475 1139 1529 1183 et
1556 1143 1773 1197 semper
1825 1129 2161 1199 generantis,
2214 1129 2337 1182 ideo

752 1240 880 1279 vero
929 1233 1334 1278 creaturarum.
1387 1221 1525 1275 Hinc
1583 1219 1727 1289 apud
1781 1218 1950 1273 Deum
1996 1228 2051 1273 et
2103 1234 2169 1272 ex
2228 1217 2337 1273 Deo

751 1318 883 1372 illud
921 1317 1286 1381 dicituresse,
1332 1329 1428 1384 per
1468 1314 1645 1383 ipsum
1696 1320 1878 1365 autem
1932 1311 2073 1366 facta
2127 1312 2333 1365 omnia.

751 1411 826 1463 Ita
863 1420 918 1462 et
939 1408 1120 1463 omnis
1154 1408 1280 1461 boni
1309 1419 1476 1460 causa
1507 1403 1727 1458 entibus
1777 1402 1998 1456 divinus
2048 1410 2129 1455 est
2158 1415 2329 1465 amor,

750 1503 800 1553 id
830 1509 935 1565 est,
961 1499 1201 1568 Spiritus
1258 1506 1518 1563 sanctus;
1560 1496 1742 1549 omnia
1805 1508 2043 1561 namque
2094 1494 2336 1547 continet

746 1599 801 1643 et
832 1590 896 1643 ad
922 1590 1125 1644 bonum
1164 1588 1456 1641 convertit.
1495 1585 1805 1638 vPrteterea
1862 1600 1985 1636 cum
2043 1583 2147 1638 illis
2194 1598 2335 1637 unus

738 1693 831 1735 cst
865 1684 1003 1735 Deus
1029 1689 1081 1733 et
1107 1690 1430 1733 cunctorum
1458 1678 1665 1732 entium
1686 1686 1937 1739 creator;
1968 1676 2334 1740 universaque

747 1790 773 1824 a
805 1749 1085 1841 primariis
1114 1770 1431 1823 ultimorum
1462 1777 1619 1821 tenus
1647 1781 1809 1835 opera
1865 1774 1992 1818 sunt
2037 1774 2091 1818 ct
2126 1769 2331 1817 manci-

748 1862 831 1929 pia
864 1862 1028 1915 unius
1054 1859 1145 1913 Dei
1171 1874 1236 1911 ac
1269 1858 1323 1911 in
1358 1859 1476 1925 ipso
1506 1857 1810 1926 congenilze
1840 1854 2151 1909 Trinitatis.

822 1955 899 2007 lie
930 1954 1096 2022 igitur
1123 1952 1240 2022 ipsa
1272 1952 1427 2006 beata
1460 1960 1513 2004 et
1542 1950 1725 2003 divina
1775 1946 2019 2003 Trinitas
2083 1950 2335 2001 humana:

747 2048 1012 2102 trinitatis
1086 2060 1253 2099 causa
1338 2053 1470 2106 est;
1533 2051 1736 2096 nostrai-
1819 2052 2001 2095 autem
2088 2043 2337 2095 Lunam-ac

746 2136 1414 2209 cognilimtiquasicausa
1444 2143 1529 2189 est
1586 2135 1806 2188 trinitas
1876 2135 2034 2187 nobis
2108 2133 2327 2202 propria

749 2248 849 2287 cur
883 2242 937 2287 et
972 2233 1118 2285 illam
1162 2232 1344 2299 aliqua
1384 2242 1818 2299 cognoscamus;
1853 2236 1912 2280 ut
1958 2227 2070 2295 jam
2139 2227 2337 2279 exinde

744 2326 928 2380 divina
962 2341 1081 2395 qua:
1117 2325 1275 2379 nobis
1334 2325 1474 2379 inest
1506 2322 1741 2391 imagine
1784 2318 1891 2373 lrui
1942 2321 2220 2388 possimus
2283 2327 2335 2370 et

744 2436 838 2485 per
873 2420 1017 2471 illam
1052 2419 1295 2470 onmium
1329 2432 1553 2470 causam
1588 2428 1910 2484 agnoscere,
1968 2428 2149 2466 veram
2187 2430 2333 2467 nem-

745 2528 811 2581 pe
851 2523 905 2564 t-t
961 2509 1318 2581 principalem
1362 2508 1707 2563 Trinitatem.
1745 2506 1870 2561 llaec
1926 2507 1998 2559 ita
2061 2506 2338 2574 loquimur

744 2614 965 2674 propter
1000 2620 1094 2657 eos
1129 2605 1220 2672 qui
1252 2602 1572 2670 imperfecte.
1610 2601 1793 2654 adhuc
1824 2599 2071 2655 sentiunt
2110 2607 2164 2650 ct
2197 2614 2332 2667 qua-

744 2701 785 2751 si
829 2699 921 2765 qui
955 2698 1177 2750 vixdum
1215 2696 1529 2748 initiantur.
1574 2693 1682 2747 Illis
1724 2708 1855 2747 vero
1906 2693 1997 2760 qui
2037 2693 2335 2761 periei-tius

738 2794 964 2843 novisse
984 2788 1331 2843 contendunt
1361 2795 1454 2839 aut
1480 2787 1661 2839 divina
1686 2793 2053 2853 pereepcrunt
2082 2797 2331 2847 munera,

740 2885 885 2951 quod
922 2883 1151 2935 omnino
1188 2887 1433 2950 pra-stat,
1460 2879 1775 2933 accuratius
1814 2877 1943 2929 inde
1983 2890 2105 2945 qua:
2152 2876 2205 2927 in
2240 2889 2336 2926 no-

743 2976 826 3028 bis
853 2984 937 3027 est
964 2974 1115 3026 trinit
1139 2990 1178 3025 .s
1207 2972 1556 3026 innostescit.
1589 2971 1742 3025 Unde
1776 2971 1849 3023 ni!
1882 2970 2084 3023 mirum
2120 2969 2165 3021 si
2198 2968 2337 3021 mul-

740 3077 825 3118 tos
853 3066 1015 3118 lateat
1047 3064 1232 3117 divina
1268 3061 1661 3124 Trinitas,eum
1698 3076 1871 3130 neque
1898 3061 2176 3128 propriam
2234 3074 2334 3112 na-

2438 587 2559 645 οῦσι
2590 595 2684 648 καὶ
2720 596 2901 667 πάσης
2931 598 3119 663 ἅπλῶς
3168 599 3357 665 οὐσίας
3404 605 3497 655 καὶ
3532 602 3750 671 φύσεως
3775 617 3790 635 ο
3817 604 3879 657 οὺ
3917 602 4025 673 γάρ

2441 678 2532 731 τοῦ
2587 682 2919 750 προάγοντος
2962 686 3053 739 νοῦ
3107 689 3287 754 μόνον,
3322 690 3457 743 ἀλλὰ
3486 691 3579 745 καὶ
3620 692 3729 745 τῶν
3757 692 3826 745 δι’
3860 693 4027 746 αὐτοῦ

2441 770 2749 838 νοουμένων
2784 773 2963 842 ἔργων
3001 777 3107 841 ἔξω
3134 778 3298 831 αὑτοῦ
3328 781 3573 847 πέφυκεν
3595 781 3875 849 ὁμοιότης·
3901 781 4023 834 ὅθεν

2443 859 2609 912 εἰκὼν
2651 862 2750 931 μὲν
2788 864 3027 933 ἔμφυτος
3078 868 3297 934 λέγεται
3357 870 3453 924 τοῦ
3511 873 3880 941 γεννήσαντος
3934 870 4027 924 νοῦ

2440 952 2532 1003 καὶ
2558 952 2646 1003 ἀεὶ
2682 954 3000 1020 γεννῶντος,
3028 956 3139 1010 ἰδέα
3171 958 3226 1010 δὲ
3259 958 3367 1011 τῶν
3396 960 3735 1026 κτισμάτων,
3767 962 3860 1014 καὶ
3890 959 4028 1027 πρὸς

2440 1043 2534 1095 τὸν
2569 1044 2703 1097 Θεὸν
2746 1046 2845 1114 μὲν
2880 1049 3043 1112 αὐτὸς
3100 1047 3239 1104 εἶναι
3280 1052 3375 1104 καὶ
3422 1052 3517 1105 τοῦ
3552 1052 3712 1116 Θεοῦ,
3747 1053 3925 1106 πάντα
3971 1053 4029 1105 δὲ

2438 1135 2504 1187 δι’
2552 1136 2717 1190 αὑτοῦ
2750 1141 3065 1208 γεγονέναι·
3100 1143 3273 1196 αττιον
3319 1144 3375 1197 δὲ
3428 1144 3630 1208 παντὸς
3666 1144 3878 1213 ἀγαθοῦ
3914 1149 4027 1207 τοῖς

2440 1224 2595 1281 οῦσίν
2649 1232 2801 1284 ἐστιν
2840 1234 2872 1301 ἡ
2914 1232 3033 1287 θεία
3055 1219 3294 1304 ’ἀγάπη,
3318 1236 3379 1289 τὸ
3413 1236 3641 1307 Πνεῦμα
3685 1237 3937 1306 δηλονότι
3968 1238 4030 1291 τὸ

2439 1321 2614 1388 ἅγιον,
2647 1324 2858 1393 συνέχει
2894 1328 3003 1395 γὰρ
3044 1326 3222 1379 πάντα
3254 1332 3348 1380 καὶ
3396 1330 3714 1397 ἐπιστρέφει
3749 1330 3887 1399 πρὸς
3930 1331 4031 1383 τά·

2439 1414 2624 1481 γαθόν.
2663 1416 2770 1468 Καὶ
2816 1416 2904 1470 διὰ
2934 1416 3091 1470 τοῦτο
3137 1420 3257 1488 μετ’
3287 1420 3467 1473 αὐτῶν
3501 1416 3580 1483 εἷς
3616 1423 3732 1474 ἐστι
3763 1422 3897 1483 Θεὸς
3931 1423 4029 1474 καὶ

2438 1508 2769 1578 δημιουργὸς
2800 1512 2828 1562 6
2858 1512 3043 1579 πατὴρ
3077 1512 3335 1565 ἀπάντων
3364 1513 3473 1566 τῶν
3496 1512 3687 1579 ὄντων,
3720 1517 3813 1567 καὶ
3847 1515 4024 1568 πάντα

2440 1597 2503 1648 ἐκ
2542 1598 2650 1648 τῶν
2692 1599 2926 1664 πρώτων
2950 1600 3079 1669 ἀχρι
3111 1602 3205 1652 καὶ
3238 1602 3347 1655 τῶν
3378 1602 3625 1673 ἐσχάτων
3658 1602 3796 1672 ἔργα
3831 1621 3891 1655 τε
3928 1607 4020 1655 καὶ

2437 1687 2600 1741 δοῦλα
2633 1688 2728 1740 τοῦ
2754 1691 2871 1753 ἐνός
2897 1693 3005 1745 είσι
3033 1690 3171 1744 Θεοῦ
3205 1691 3302 1745 καὶ
3335 1692 3434 1763 τῆς
3468 1694 3525 1747 ἐν
3557 1693 3706 1764 αὐτῷ
3738 1695 4027 1764 συμφύτου

2439 1782 2688 1851 Τριάδος.

2517 1950 2605 2017 Τῷ
2639 1950 2737 2015 μὲν
2772 1949 2865 2003 οῦν
2898 1951 3182 2019 πράγματι
3213 1951 3362 2005 αέτία
3402 1951 3549 2004 ἐστὶν
3581 1954 3612 2023 ή
3648 1953 3892 2024 μακαρία
3930 1954 4027 2006 καὶ

2444 2036 2560 2091 Οεία
2596 2039 2760 2109 Τριά;
2785 2039 2884 2108 τῆς
2916 2040 2972 2091 ἐν
3002 2040 3278 2111 ἀνθρώπῳ
3302 2043 3517 2111 τριάδος
3549 2058 3561 2072 ·
3592 2045 3657 2112 τῇ
3709 2044 3753 2096 δ’
3784 2045 4028 2117 ἡμετέρᾳ

2441 2130 2549 2182 τῶν
2578 2130 2881 2197 ἀνθρώπων
2912 2130 3107 2198 γνώσει
3133 2134 3163 2200 ἡ
3190 2134 3318 2202 παρ’
3344 2136 3472 2202 ἡμῖν
3502 2138 3657 2204 τριάς
3703 2137 3876 2189 αἴτιόν
3909 2154 4027 2201 πως

2440 2223 2533 2276 τοῦ
2587 2223 2847 2287 κάκείνην
2893 2225 2966 2286 ώς
3028 2218 3139 2276 οἷόν
3198 2243 3255 2277 τε
3314 2226 3699 2291 γινώσκεσθαι,
3747 2229 3822 2290 ὡς
3869 2230 4030 2283 τοῦτο

2444 2317 2657 2386 πρῶτον
2687 2315 2985 2369 ἀπολαύειν
3022 2317 3167 2386 ἔχειν
3214 2320 3354 2388 ἡμᾶς
3392 2321 3490 2384 τῆς
3540 2320 3749 2372 ἐκεῖθεν
3786 2324 3840 2372 ἐν
3894 2326 4026 2391 ἡμῖν

2441 2410 2668 2470 εἰκόνος,
2692 2409 2752 2461 τδ
2780 2408 3044 2462 δύνασθαι
3068 2410 3135 2461 δι’
3174 2410 3344 2478 αὐτῆς
3378 2410 3477 2474 τὴν
3501 2412 3676 2481 άληθῆ
3732 2415 3824 2466 και
3878 2398 4029 2483 πρώ-

2440 2518 2541 2566 την
2572 2502 2661 2552 καὶ
2682 2500 2776 2551 τοῦ
2810 2501 3006 2561 παντὸς
3034 2500 3213 2555 αἰτίαν
3240 2503 3435 2555 εἰδέναι
3471 2504 3698 2571 Τριάδα.
3755 2506 3918 2558 Τουτὶ
3970 2509 4027 2559 δέ

2443 2608 2621 2659 φαμεν
2678 2594 2805 2659 περὶ
2848 2592 2956 2643 τῶν
3011 2592 3219 2654 ἀτελῶς
3279 2593 3357 2645 ἐτι
3408 2595 3676 2647 νοούντων
3712 2598 3891 2665 κάντῇ
3919 2599 4030 2650 τῶν

2440 2684 2814 2751 εἰσαγομένων
2838 2682 2991 2747 τάξει
3012 2701 3024 2715 ο
3053 2686 3160 2745 τοῖς
3192 2685 3248 2737 δὲ
3278 2686 3604 2759 τελεώτερον
3630 2693 4029 2745 ἐσπουδακόσιν

2441 2774 2637 2825 ειδέναι
2667 2774 2698 2843 ἢ
2735 2774 2881 2843 δῶρα
2912 2778 2977 2828 ἐκ
3004 2776 3139 2828 Θεοῦ
3172 2776 3471 2845 εἰληφόσιν,
3518 2778 3546 2831 ὃ
3578 2782 3669 2833 καὶ
3727 2783 3868 2836 πάνυ
3912 2786 4030 2852 μεῐο

2441 2868 2530 2930 ζόν
2570 2870 2735 2933 ἐστιν,
2771 2868 3037 2937 ἐκεῖθενή
3079 2871 3135 2920 ἐν
3163 2872 3295 2939 ἡμῖν
3325 2872 3718 2942 ἀκριϐέστερον
3746 2881 4031 2931 κατανοεῖ-

2438 2979 2527 3015 ται
2555 2964 2753 3031 τριάς·
2787 2964 2909 3016 ὃθεν
2966 2964 3119 3018 οὐδὲν
3169 2964 3509 3043 θαυμαστὸν,
3577 2969 3626 3019 εί
3689 2970 3873 3022 πολλοὶ
3929 2971 4029 3042 τὴν

2440 3053 2590 3107 θείαν
2622 3053 2878 3119 ἀγνοοῦσι
2906 3053 3134 3123 Τριάδα,
3169 3056 3283 3123 εἴγε
3334 3056 3471 3127 μηδὲ
3542 3062 3741 3122 πάντες
3793 3062 3891 3125 τὴν
3947 3066 4026 3115 οίι·

748 3170 930 3211 turam
957 3172 1149 3209 omnes
1172 3156 1355 3209 norint
1402 3164 1495 3207 aut
1542 3168 1706 3208 nosse
1752 3153 1988 3208 valeant.
2027 3152 2133 3206 Nec
2168 3151 2333 3205 etiam
2440 3162 2492 3198 κε

2284 3168 2333 3205 m
2440 3148 2595 3198 κείαν
2631 3147 2859 3217 οἶδασιῆ
2894 3148 3092 3201 εἰδέναι
3137 3147 3320 3218 ἔχουσι
3362 3150 3544 3217 φύσιν.
3587 3152 3661 3205 υὺ
3691 3154 3857 3207 δεῖδέ
3888 3153 4023 3214 θαρ-

749 3252 1062 3305 ntirandttm
1126 3250 1191 3301 de
1220 3248 1449 3317 reliquis
1471 3246 1797 3301 differentiis
1815 3246 2251 3315 exemplarinter
2285 3255 2337 3298 ct
2364 3218 2406 3277 (ἶ
2448 3255 2493 3306 ιιι

2285 3255 2337 3298 ei
2364 3218 2406 3277 C
2448 3238 2640 3306 μάζειν
2671 3238 2930 3309 περὶτῶν
2968 3239 3143 3293 ἄλλων
3174 3239 3451 3309 διαφόρων
3470 3242 3569 3311 τῆς
3615 3245 3672 3294 ἐν
3705 3242 3782 3312 τῷ
3845 3262 4026 3315 παρα-

740 3345 1041 3413 imaginetn
1073 3342 1359 3404 trinitatis.
1380 3340 1535 3406 Nam,
1562 3349 1620 3393 ut
1645 3342 1758 3409 jam
1793 3340 2214 3405 dixintus,quod
2239 3340 2338 3391 lto-

739 3455 827 3492 mo
855 3445 925 3492 sit
959 3437 1067 3489 Deo
1095 3436 1315 3498 similis,
1339 3436 1388 3487 id
1419 3435 1559 3487 ratio
1585 3433 1823 3503 postulat
1854 3441 1909 3485 et
1932 3430 2107 3486 Moses
2133 3434 2338 3484 contir-

739 3542 852 3585 mat
877 3544 931 3585 et
955 3530 1226 3599 quotlibet
1258 3530 1362 3583 alia
1399 3530 1449 3581 iit
1482 3528 1623 3582 idem
1652 3534 2021 3590 conveniunt;
2053 3539 2116 3579 ac
2144 3525 2338 3577 similis

733 3626 952 3694 quidem
989 3624 1218 3674 trinitati
1241 3622 1581 3675 internorum
1607 3630 1855 3682 actuum,
1889 3633 1985 3687 per
2013 3632 2150 3687 quos
2171 3617 2337 3670 immo

732 3727 899 3773 estet
969 3716 1100 3771 vivit
1155 3716 1459 3768 secundum
1521 3711 1783 3775 animam,
1843 3722 2182 3779 eaeterasque
2244 3711 2335 3764 Dei

735 3818 1017 3865 creaturas
1053 3814 1296 3875 soporat.
1344 3805 1515 3860 Porro
1543 3804 1599 3858 in
1632 3802 1740 3858 Deo
1760 3802 2003 3858 Trinitas
2022 3817 2144 3857 esse
2174 3802 2334 3856 debet

732 3903 1193 3971 supernaturalis,
1255 3904 1489 3955 creatori
1520 3913 1764 3955 consona
1820 3913 1884 3951 ac
1942 3911 2169 3968 prorsus
2227 3894 2335 3950 Deo

731 4000 932 4070 digna;
968 3998 1021 4051 itt
1061 3996 1284 4050 homine
1310 4009 1459 4059 vero,
1503 4001 1994 4062 proutcreaturatn
2032 3993 2208 4057 decet,
2233 3990 2329 4043 in-

733 4095 921 4148 ferior.
953 4090 1138 4147 Primo
1200 4091 1408 4144 etenim
1446 4089 1667 4143 divinus
1715 4088 2033 4143 intellectus
2068 4096 2150 4142 est
2185 4100 2334 4140 sem-

733 4204 827 4259 per
859 4188 910 4243 iu
939 4198 1089 4249 actu,
1123 4192 1399 4257 quatenus
1431 4192 1637 4237 aeterno
1674 4192 1728 4236 et
1778 4182 1992 4236 intinito
2042 4177 2331 4252 congruit;

2441 3330 2695 3399 δείγματι
2723 3331 2818 3384 καὶ
2854 3333 2919 3401 τῇ
2958 3333 3127 3386 εἰκόνι
3187 3333 3423 3403 τριάδος.
3477 3334 3707 3403 Εἴρηται
3758 3338 3885 3404 γὰρ,
3952 3339 4027 3401 ὡς

2440 3423 2757 3487 ώμοιῶσθαι
2820 3422 2920 3492 μὲν
2974 3423 3048 3494 τῷ
3109 3424 3227 3493 Θεῷ
3276 3425 3368 3476 τὸν
3409 3425 3695 3493 ἄνθρωπον
3722 3427 3750 3480 ὃ
3782 3445 3841 3480 τε
3870 3428 4027 3496 λόγος

2442 3519 2665 3571 ἀπαιτεῖ
2695 3517 2788 3569 καὶ
2820 3518 2852 3587 ὴ
2884 3520 2978 3571 τοῦ
3016 3518 3260 3580 Μωσέως
3302 3518 3546 3583 ἀξίωσις,
3593 3520 3686 3571 καὶ
3718 3504 3841 3572 νδσα
3892 3525 4030 3576 ἄλλα

2438 3610 2609 3679 ταύτῃ
2647 3611 2949 3680 συντρέχει,
2976 3613 3069 3663 καὶ
3093 3610 3413 3680 ώμοιῶσθαι
3465 3615 3530 3682 τῇ
3568 3612 3745 3682 τριάδι
3775 3614 3884 3667 τῶν
3946 3617 4031 3668 ἐν-

2438 3704 2671 3773 δοτέρων
2696 3703 3009 3773 ἐνεργειῶν,
3074 3698 3161 3768 αἷς
3205 3703 3493 3773 ἄνθρωπός
3542 3706 3658 3757 ἐστί
3712 3723 3771 3759 τε
3830 3709 3924 3761 καὶ
3956 3710 4025 3782 ζῇ

2440 3798 2582 3851 κατὰ
2611 3797 2710 3867 τὴν
2735 3796 2912 3868 ψυχὴν
2940 3798 3032 3850 καὶ
3062 3798 3171 3851 τῶν
3198 3798 3284 3851 ἀλ)
3297 3816 3373 3851 ων
3402 3798 3496 3851 τοῦ
3529 3798 3666 3853 Θεοῦ
3707 3804 4029 3873 κτισμάτων

2439 3889 2685 3959 προέχει,
2719 3890 2809 3941 Δεῖ
2839 3888 2894 3941 δέ
2926 3891 2983 3941 ἐν
3013 3888 3111 3958 μὲν
3144 3888 3221 3958 τῷ
3251 3887 3370 3959 Θεῷ
3397 3889 3494 3960 τὴν
3527 3889 3734 3961 Τριάδα
3769 3890 4029 3963 ὑπερφυᾶ

2438 3998 2496 4035 τε
2528 3982 2622 4035 καὶ
2652 3983 2849 4052 ποιητῇ
2888 3982 3206 4051 πρέπουσαν
3232 3977 3373 4036 εἶναι
3409 3982 3501 4034 καὶ
3528 3982 3665 4046 ὅλως
3713 3982 4025 4055 θεοπρεπῆ,

2438 4077 2495 4128 ἐν
2522 4073 2796 4146 ἀνθρώπῳ
2820 4075 2877 4128 δὲ
2907 4076 3048 4143 μετά
3084 4076 3181 4145 τῆς
3210 4074 3288 4147 τῷ
3326 4077 3584 4147 κτίσματι
3637 4080 4027 4151 προσηκούσης

2439 4168 2704 4238 ὑφέσεως.
2768 4167 2977 4221 Αὐτίκα
3013 4168 3122 4237 γὰρ
3175 4169 3203 4222 6
3267 4167 3367 4239 μιν
3428 4170 3569 4234 θεῖος
3621 4170 3747 4235 νοῦς
3773 4173 4027 4249 ἐνεργείᾳ

737 4285 1011 4336 humanus
1052 4293 1083 4335 e
1120 4285 1313 4334 contra
1344 4291 1373 4331 a
1410 4275 1518 4332 Deo
1546 4282 1766 4332 creatus
1807 4275 2123 4331 virtualiter
2152 4274 2333 4347 quoad
2438 4261 2481 4314 δε

2323 4274 2333 4331 ι
2438 4261 2588 4314 ἐστὶν
2647 4260 2754 4327 ἀεὶ,
2794 4259 2869 4326 ώς
2902 4260 3056 4334 ἀϊδίῳ
3074 4263 3169 4319 καὶ
3200 4263 3414 4338 ἀπείρῳ
3444 4265 3733 4338 προσήκει,
3780 4271 3807 4323 6
3856 4268 3911 4323 δέ
3961 4278 4067 4342 veg

738 4373 958 4428 initium
1003 4384 1162 4441 mque
1190 4378 1275 4425 est
1310 4368 1363 4424 in
1392 4367 1650 4424 omnibus
1687 4367 1753 4424 ad
1784 4382 1845 4425 ea
1881 4368 2169 4424 ordinatus
2214 4382 2335 4439 qua:
2435 4357 2482 4412 ἀ·

2280 4382 2335 4424 tm
2435 4354 2777 4427 ἀνθρώπινος
2806 4356 3233 4430 ὃημιουργηθεδς
3255 4360 3318 4413 ἐκ
3348 4357 3484 4414 Θεοῦ
3511 4359 3740 4431 δυνάμει
3774 4363 3874 4431 μιν
3904 4362 4024 4417 ἐστι

731 4474 966 4539 possunt
995 4464 1224 4536 intelligi
1254 4472 1308 4519 et
1337 4461 1403 4517 ad
1437 4460 1834 4532 intelligentem
1896 4475 1991 4531 per
2042 4472 2106 4516 ea
2169 4460 2333 4531 perti-
2434 4452 2475 4503 τί

2276 4460 2333 4513 η-
2434 4450 2535 4518 τὴν
2564 4448 2737 4521 ἀρχὴν
2760 4450 2818 4504 ἐν
2845 4450 3014 4504 πᾶσιν
3044 4448 3356 4520 ἀνθρώποις
3391 4452 3593 4523 ὁμοίως
3629 4452 3766 4524 πρὸς
3810 4454 3878 4509 τά
3930 4473 4020 4509 νο-

727 4561 1023 4627 ciendum;
1054 4574 1119 4613 ac
1167 4566 1359 4629 postea
1393 4555 1447 4611 in
1478 4564 1614 4635 actu
1644 4552 1705 4608 lit
1754 4567 1820 4608 ex
1870 4566 2061 4608 eorum
2107 4552 2323 4618 notitia,
2361 4581 2405 4640 υ
2436 4543 2471 4594 εἴ

2314 4594 2323 4616 ,
2361 4581 2405 4640 D
2436 4542 2611 4640 είσθαι
2639 4541 3033 4640 δυνάμενα-καὶ
3064 4542 3200 4640 πρὸς
3223 4542 3283 4597 τὸ
3304 4541 3375 4598 δι’
3404 4542 3633 4598 ἐκείνων
3676 4546 4022 4604 τελειοῦσθαι

729 4655 974 4711 collectis
1041 4652 1094 4705 itt
1131 4651 1255 4721 ipso
1312 4632 1614 4719 speciebus
1655 4644 1762 4701 alia
1804 4653 1929 4714 post
1986 4642 2171 4709 aliam,
2233 4659 2327 4713 per
2362 4632 2400 4640 ⁷
2435 4652 2473 4687 νε

2277 4659 2327 4697 μι-
2362 4632 2400 4640 ⁷
2435 4634 2680 4697 νοοῦντα,
2712 4634 2964 4706 ἐνεργείᾳ
2991 4633 3050 4688 6'
3084 4632 3314 4706 ὕστερον
3343 4634 3553 4704 γίνεται
3584 4639 3649 4708 τῇ
3680 4639 3809 4710 περὶ
3839 4640 4021 4697 αὐτῶν

730 4749 874 4804 viain
913 4746 1127 4801 scilzcet
1194 4740 1607 4799 abstractionis.
1660 4737 1863 4794 lterunt
1924 4738 2160 4791 humana
2192 4738 2329 4791 ratio
2433 4727 2474 4780 ἐπ

2279 4738 2329 4788 ξω
2433 4727 2738 4800 ἐπιστήμῃ,
2776 4726 3181 4799 ἁθροιζομένων
3218 4729 3275 4781 ἐν
3308 4729 3457 4812 αὐτῷ
3487 4730 3594 4784 τῶν
3640 4730 3798 4786 εἱδῶν
3854 4732 4019 4789 ἄλλον

722 4841 868 4913 apud
900 4840 1150 4910 singulos
1191 4837 1381 4892 multis
1415 4835 1708 4905 speciebus
1780 4831 2059 4887 eil‘urmata
2087 4830 2329 4901 comple~
2435 4838 2466 4891 μ

2278 4846 2329 4886 εκ
2435 4823 2551 4891 μετ’
2584 4821 2711 4877 ἀλλο
2742 4823 2809 4892 τῇ
2841 4820 2946 4893 ὁδῷ
2974 4837 3036 4890 γε
3066 4821 3167 4891 τῆς
3196 4823 3561 4893 ἀφαιρέσεως.
3616 4824 3725 4879 Καὶ
3754 4824 3909 4892 λόγος
3953 4820 4022 4882 αῦ

728 4949 839 5000 tur,
865 4952 1008 5006 quae,
1038 4942 1093 4987 ut
1123 4933 1327 4987 dictum
1356 4938 1459 4996 est,
1482 4929 1623 4999 apud
1652 4938 2100 4996 unumquemque
2128 4930 2329 4979 coeunt
2430 4918 2457 4970 6

2282 4930 2329 4977 tt
2430 4918 2457 4970 6
2487 4916 2587 4987 μὶν
2615 4914 2957 4987 ἀνθρώπινος
2984 4917 3041 4969 ἐν
3082 4914 3300 4986 ἑκάστῳ
3328 4913 3544 4980 πολλοῖς
3578 4916 3744 4971 εῐδεσι
3780 4918 4026 4989 popano-

727 5043 829 5102 pro
860 5024 1195 5082 itabitudinis
1221 5022 1403 5078 modo.
1432 5020 1625 5076 Divina
1656 5027 1837 5074 autem
1874 5018 2017 5073 ratio
2038 5030 2143 5071 una
2172 5022 2329 5070 estet
2433 5026 2471 5080 μ

2278 5022 2329 5070 et
2433 5026 2593 5080 μενος
2631 5006 3045 5080 συμπληροῦται
3065 5006 3477 5075 συναγομένοις,
3511 5006 3587 5071 ὡς
3615 5009 3854 5081 εἴρηται,
3881 5011 4022 5066 κατὰ

720 5099 1134 5195 simplicissima
1167 5117 1381 5189 species
1423 5112 1852 5185 simplicissime
1884 5110 1937 5167 in
1966 5111 2144 5181 primo
2170 5106 2326 5164 intel-
2435 5121 2464 5173 μ

2284 5106 2326 5162 ι.
2435 5102 2631 5175 μικρὸν
2655 5103 2711 5155 ἐν
2744 5100 2894 5172 αὐτῷ
2935 5101 3029 5155 καὶ
3059 5099 3279 5155 συνοῦσι
3306 5102 3491 5155 λοιπον
3539 5101 3617 5172 τῷ
3669 5104 3859 5175 τρόπῳ
3921 5102 4026 5175 τῆς

719 5218 912 5291 ligibili
943 5213 1341 5285 intelligentiae.
1378 5208 1512 5264 Nam
1544 5207 1765 5265 divinus
1804 5204 2142 5270 intellectus,
2168 5202 2329 5258 Pater

717 5315 948 5380 scilicet,
1010 5325 1119 5366 una
1161 5308 1471 5378 eademque
1513 5302 1876 5376 intelligentia
1907 5300 2093 5357 omnia
2120 5304 2333 5355 πίει-ηε

717 5409 889 5471 novit,
934 5413 987 5460 et
1022 5402 1271 5474 scipsttm
1304 5397 1664 5470 intelligendo
1710 5390 2107 5466 intellig’ibilem
2158 5405 2317 5448 suam

715 5513 955 5572 Specwm
989 5496 1210 5551 sibimet
1236 5490 1450 5561 objicit,
1513 5503 1711 5560 nempe
1751 5483 2020 5543 Verbum.
2075 5482 2314 5540 Verbum

712 5596 1167 5654 autetttnovitac
1232 5589 1476 5661 seipsum
1501 5584 1687 5642 simul.
1750 5583 1818 5638 At
1876 5590 2075 5638 caetera
2151 5580 2317 5635 etiam

713 5702 868 5747 extra
916 5704 974 5744 se
1012 5687 1188 5750 novit,
1248 5695 1513 5738 internum
1577 5679 1800 5752 quidem
1891 5676 2202 5747 intelligens
2261 5679 2321 5727 ut

715 5791 899 5844 fultura
979 5786 1026 5838 vi
1100 5782 1355 5854 putentia:
1437 5793 1592 5842 suae,
1669 5781 1721 5831 in
1799 5774 2041 5830 futurum
2132 5782 2189 5826 ut
2252 5768 2318 5824 ad

714 5894 957 5948 [Nicaeus
996 5876 1356 5947 intelligentia
1392 5888 1452 5932 se
1489 5876 1775 5936 movente;
1819 5883 2030 5925 necnon
2082 5874 2138 5922 et
2194 5879 2320 5933 pro-

2429 5195 2599 5259 Ξξεως
2629 5210 2644 5226 ο
2681 5196 2708 5248 6
2729 5193 2784 5247 δέ
2813 5193 2954 5258 θεῖος
2982 5193 3140 5264 λόγος
3172 5192 3230 5248 ιν
3266 5193 3381 5247 ἐστι
3416 5193 3510 5249 καὶ
3538 5192 3912 5249 ἁπλούστατον
3944 5190 4027 5250 εἶ-

2430 5287 2517 5352 δος
2547 5288 2647 5359 τῆς
2687 5287 3071 5359 ἀπλουστάτης
3103 5289 3160 5341 ἐν
3194 5288 3271 5358 τῷ
3306 5285 3510 5360 πρώτῳ
3541 5286 3715 5359 νοητῷ
3741 5290 3983 5360 νοήσεως
4004 5304 4025 5318 ’⁷

2429 5385 2457 5438 6
2480 5382 2589 5455 γὰρ
2621 5384 2762 5448 θεῖος
2790 5381 2938 5447 νοῦς,
2969 5382 2998 5435 ό
3028 5381 3220 5453 Πατὴρ
3244 5380 3511 5452 δηλονότι,
3533 5381 3633 5453 μιᾷ
3662 5381 3753 5434 καὶ
3777 5382 3844 5451 τῇ
3880 5381 4023 5453 αὐτῇ

2431 5476 2615 5546 νοήσει
2647 5474 2829 5529 πάντα
2852 5471 3040 5535 ἀϊδίως
3072 5474 3202 5540 νοεῖ,
3232 5474 3327 5525 καὶ
3378 5470 3571 5527 ἐαυτὸν
3620 5470 3719 5543 μὲν
3778 5471 3913 5526 νοῶν
3964 5472 4026 5525 τὸ

2429 5569 2619 5639 νοητὸν
2653 5566 2944 5638 ὑφίστησιν
2968 5562 3107 5630 εἶδος
3148 5564 3344 5619 ἑαυτοῦ
3370 5563 3427 5619 δι
3470 5562 3606 5637 πρὸς
3640 5563 3854 5632 ἑαυτὸν,
3898 5579 4026 5620 του-

2428 5666 2577 5719 τέστι
2606 5664 2697 5718 τὸν
2732 5663 2927 5731 Λόγον,
2954 5664 3066 5715 νοεῖ
3098 5660 3155 5716 δέ
3190 5662 3280 5716 τὸν
3309 5661 3481 5726 Λόγον
3520 5660 3610 5713 καὶ
3655 5658 3850 5735 ἑαυτὸν
3906 5658 4025 5730 ἃμα

2428 5762 2556 5817 νοεῖ.
2591 5758 2724 5813 Νοεῖ
2750 5757 2806 5812 δὲ
2845 5757 2936 5811 καὶ
2971 5756 3039 5811 τά
3070 5756 3205 5813 ἄλλα
3266 5756 3395 5827 παρ’
3440 5756 3633 5811 ἑαυτὸν
3682 5754 3865 5817 ἀϊδίως
3926 5758 4029 5824 μὲν

2431 5856 2566 5913 νοῶν
2600 5854 2676 5918 ὡς
2708 5852 2941 5922 ἐσόμενα
2976 5851 3266 5923 περιουσίᾳ
3292 5850 3597 5921 δυνάμεως,
3638 5848 3729 5900 ἐστι⁵
3792 5846 3852 5901 τὸ
3902 5848 4023 5900 ἐσός
