4416 6456
391 389 497 454 533

394 526 556 580 μενον
580 525 679 576 της
701 509 933 577 νοήσεως
986 512 1060 573 ab;
1109 513 1172 582 δὴ
1210 513 1385 583 παρὸν
1426 514 1731 585 φερομένης
1768 531 1779 543 ·

385 602 443 655 δὲ
475 605 559 655 ὅτε
594 603 823 673 ἠθέλησε
880 608 970 660 καὶ
1030 610 1421 679 γεγεννημένα,
1477 610 1613 680 ἔργα
1664 611 1762 679 τῆς
1810 610 1957 673 θείας

387 691 515 744 ὄντα
567 691 858 762 θελήςεως,
922 696 1058 748 καθό
1092 699 1205 775 εστι
1255 698 1350 750 καὶ
1384 699 1556 752 ἄλλων
1610 700 1955 767 εὐποιητική.

401 782 510 835 ’Ᾱεὶ
550 782 646 852 μὲν
694 786 803 855 γὰρ
845 786 1094 841 ἐϐούλετο
1142 788 1235 841 τὸν
1282 790 1488 859 κόσμον
1556 790 1795 856 ἔσεσθαι,
1862 791 1960 844 οὐκ

393 873 640 928 ἐϐούλετο
659 876 713 928 δὲ
748 876 840 930 καὶ
869 877 956 932 ἀεὶ
978 878 1138 932 αὐτὸν
1160 878 1395 941 ἔσεσθαι,
1432 881 1494 933 οὐ
1529 882 1639 950 γὰρ
1666 877 1777 936 οἷόν
1817 882 1865 935 τ’
1898 882 1962 936 ἂν

393 960 458 1034 ἦν
486 966 645 1019 αὐτὸν
678 969 763 1020 ἀεὶ
794 964 932 1021 εἶναι
956 970 1066 1023 οὔτ’
1100 971 1341 1034 ἔσεσθαι,
1369 967 1442 1025 ὧν
1469 974 1546 1043 τῷ
1575 975 1672 1043 μὲν
1697 975 1756 1028 τὸ
1798 974 1963 1045 μηδέ⁹

396 1055 512 1106 ποτ’
533 1056 897 1130 ἂννγενέσθαι,
926 1059 1003 1129 τῷ
1032 1060 1087 1111 δὲ
1141 1061 1200 1114 τὸ
1257 1059 1397 1114 εἶναι
1463 1067 1638 1115 καίτοι
1699 1063 1964 1131 μηδέποτε

396 1148 790 1217 γεγεννημένον
821 1149 1105 1203 ἀκολουθεῖ
1133 1167 1147 1182 ·
1182 1153 1214 1222 ἡ
1244 1153 1422 1206 τοίνυν
1448 1153 1614 1218 ἀΐδιος
1650 1153 1793 1226 αῦτη
1841 1155 1932 1224 νόη
1960 1185 1965 1191 -

398 1255 480 1302 at;
539 1241 635 1309 μία
688 1241 945 1307 καθάπαξ
998 1244 1147 1296 ἐστὶν
1176 1246 1232 1297 ἐν
1263 1245 1337 1316 τῷ
1361 1244 1557 1315 πρώτῳ
1609 1245 1683 1315 νῷ
1724 1244 1967 1314 σημείοις

403 1332 584 1400 μόνοις
615 1332 996 1404 διακρινομένη
1030 1336 1288 1403 νοήσεως.
1354 1336 1480 1391 Ἐπὶ
1513 1335 1720 1400 τούτοις
1752 1338 1810 1388 ἐν
1873 1335 1969 1406 μὲν

398 1423 476 1492 τῷ
531 1425 854 1494 ἀνθρωπίνῳ
910 1426 985 1495 νῷ
1017 1426 1144 1480 ἄλλο
1171 1429 1286 1481 ἐστὶ
1320 1429 1378 1481 τὸ
1403 1432 1542 1482 νοεῖν
1599 1430 1661 1481 τὸ
1713 1430 1967 1498 πρᾶγμα,

402 1515 495 1567 καλ⁸
524 1516 649 1570 ἄλλο
675 1517 735 1569 τὸ
781 1520 921 1570 νοεῖν
949 1519 1009 1571 τὺ
1038 1520 1327 1588 νοούμενον
1390 1521 1586 1589 νόημα,
1628 1520 1755 1572 ὅταν
1804 1522 1883 1582 είς
1912 1519 1971 1572 τὸ

403 1607 602 1660 οἰκεῖον
629 1607 787 1676 ἔργον
818 1612 844 1660 6
870 1608 994 1671 νοῦς
1037 1611 1360 1682 ἐπιστρέφῃ,
1398 1611 1519 1663 ὅθεν
1567 1611 1752 1679 ἕτεραι
1784 1611 1881 1680 μὲν
1916 1611 1974 1663 αί

403 1696 510 1749 τῶν
540 1698 906 1767 πραγμάτων,’
934 1698 1120 1767 ἕτεραι
1143 1700 1187 1752 δ’
1221 1702 1276 1752 αί
1308 1702 1417 1753 τῶν
1451 1701 1537 1753 ἐπ’
1563 1701 1742 1763 αὐτοῖς
1774 1703 1976 1773 νοημά-

404 1803 513 1839 των
543 1788 680 1839 είσὶν
708 1789 1012 1858 ἐπιστῆμαι
1040 1804 1052 1817 ’
1088 1792 1143 1841 ἐν
1165 1790 1220 1841 δὲ
1241 1790 1316 1858 τῷ
1348 1791 1466 1860 Θεῷ
1500 1790 1667 1844 ταῦτα
1713 1792 1772 1845 οὐ
1801 1793 1974 1860 διενή-

410 1897 547 1949 νοχε,
579 1882 671 1933 κοιλ⁸
695 1883 722 1934 6
754 1881 850 1948 μὲν
876 1884 931 1933 ὲν
960 1881 1230 1951 ἀνθρώπῳ
1257 1882 1411 1951 λόγος
1441 1859 1540 1938 καὶ
1584 1886 1616 1953 ὴ
1654 1884 1869 1950 θέλησις
1911 1859 1971 1937 οὐ
2005 1859 2048 1916 Β

410 1975 806 2043 πραγματικῶς
839 1975 975 2042 πρὸς
1004 1976 1094 2029 τὸν
1121 1975 1342 2029 νοοῦντα
1370 1977 1463 2029 καὶ
1493 1976 1713 2033 θέλοντα
1765 1977 1972 2045 διακρί-

411 2082 588 2117 νονται
622 2064 745 2118 νοῦν
779 2082 793 2096 °
826 2068 853 2119 6
900 2067 956 2119 δὲ
988 2067 1127 2128 θεῖος
1177 2069 1350 2135 Λόγος
1402 2071 1493 2121 καὶ
1538 2071 1597 2123 τὸ
1645 2069 1865 2139 Πνεῦμα
1914 2069 1976 2123 τὸ

411 2158 565 2222 ἅγιον
590 2159 984 2228 πραγματικῶς
1030 2160 1122 2213 τοῦ
1165 2161 1375 2229 Πατρὺς
1434 2161 1798 2232 διακρίνονται
1835 2178 1849 2192 ·
1898 2162 1977 2215 δεῖ

426 2251 521 2321 (ἀρ
553 2253 667 2304 ἐκεῖ
693 2254 784 2305 καὶ
811 2250 907 2322 τὴν
932 2250 1031 2321 τῆς
1063 2252 1276 2320 φύσεως
1305 2252 1499 2306 ἕνωσιν
1544 2254 1720 2323 ἄκραν
1750 2250 1909 2318 εἶναι,

419 2343 679 2413 προσήκει
703 2343 842 2413 Θεῷ,
876 2345 970 2397 καὶ
1008 2344 1105 2414 τὴν
1140 2346 1409 2414 διάκρισιν
1460 2341 1526 2398 αὖ
1571 2346 1742 2415 ἀληθῆ
1768 2364 1827 2399 τε
1884 2348 1978 2398 καὶ

413 2434 749 2504 ἔμπρακτον,
782 2438 846 2506 τῇ
880 2436 1060 2505 μέντοι
1090 2436 1229 2489 κατὰ
1259 2436 1355 2506 τὴν
1400 2436 1560 2505 φύσιν
1590 2438 1780 2490 ὲνώοει
1813 2438 1979 2507 μηδό-

414 2523 519 2586 λως
545 2527 1006 2596 προσισταμένην.
1067 2527 1131 2579 Ἦ
1183 2526 1288 2597 γὰρ
1332 2526 1564 2596 ἀτομικὴ
1627 2528 1721 2580 καὶ
1763 2544 1981 2598 προσω-

416 2616 550 2685 πικὴ
581 2616 849 2687 διάκρισις
878 2620 935 2670 έν
974 2619 1071 2687 μὲν
1113 2622 1223 2681 τοῖς
1251 2621 1516 2689 όμοφυέσι
1570 2618 1830 2689 κτίσμασι
1881 2620 1979 2689 τὴν

416 2705 547 2776 ὕλην
568 2708 746 2761 αἰτίαν
776 2708 971 2777 ἔχουσα
998 2709 1233 2777 εὐλόγως
1261 2711 1318 2763 δὲ
1346 2711 1444 2779 τὴν
1467 2711 1625 2779 φύσιν
1654 2712 1709 2763 ὲν
1747 2713 1859 2773 τοῖς
1892 2711 1983 2763 οὖα

416 2815 492 2849 τω
516 2797 865 2867 διῃρημένοις
893 2799 1144 2866 ἀριθμοῖς
1167 2799 1398 2869 διαιρείο
1448 2802 1505 2853 ὲν
1546 2800 1601 2852 δὲ
1652 2799 1729 2871 τῷ
1780 2800 1983 2853 ἁπλου-

421 2890 598 2958 στάτῳ
637 2890 731 2944 καὶ
767 2891 1084 2960 νοερωτάτῳ
1104 2890 1223 2960 Θεῷ
1248 2892 1345 2963 τὴν
1369 2893 1570 2963 νοητὴν
1597 2893 1871 2962 ἀναφορὰν
1901 2893 1985 2945 ati-

418 2978 537 3032 τίαν
562 2980 755 3048 ἔχουσα
790 2984 956 3051 μόνην
978 2981 1038 3033 οὐ
1066 2982 1261 3051 διαιρεῖ
1290 2982 1387 3052 τὴν
1419 2984 1558 3037 κατὰ
1608 2984 1768 3051 φύσιν
1804 2985 1986 3050 ἑνότη-

420 3086 511 3123 τα.
547 3071 656 3136 Καὶ
689 3072 883 3134 πολλὰς
931 3072 1093 3135 ἄλλας
1128 3075 1272 3135 εἰκὸς
1302 3070 1441 3128 εἶναι
1477 3075 1737 3145 διαφορὰς
1780 3075 1878 3142 τῆς
1928 3092 1986 3126 τε

422 3161 674 3215 ἀκτίστου
709 3162 935 3231 Τριάδος
968 3165 1024 3215 ἐν
1056 3164 1135 3234 τῷ
1166 3165 1284 3235 Θεῷ
1314 3168 1408 3218 καὶ
1450 3168 1547 3234 τῆς
1611 3169 1669 3219 ὲν
1719 3164 1987 3236 ἀνθρώπῳ

422 3254 646 3323 κτιστῆς
679 3270 693 3279 ·
728 3255 862 3307 ἀλλὰ
892 3255 947 3308 δὲ
983 3257 1121 3324 μετὰ
1151 3257 1420 3312 τοσούτων
1447 3258 1554 3312 τῶν
1583 3260 1851 3330 διαφόρων
1896 3260 1982 3311 οὐ·

420 3346 509 3399 δὲν
536 3340 697 3417 ἧττον
721 3349 754 3417 ή
790 3348 927 3402 κατὰ
956 3349 1055 3417 τὴν
1082 3350 1272 3419 τριάδα
1320 3351 1428 3403 τῶν
1463 3352 1765 3421 ἰδιωμάτων
1811 3353 1843 3422 ἢ
1876 3354 1986 3405 τῶν

425 3439 774 3493 ὐποστάσεων
804 3441 1059 3509 ὁμοίωσις
1092 3442 1241 3510 μένει
1265 3457 1279 3473 °
1303 3445 1394 3496 καὶ
1419 3443 1531 3499 ἔστι
1558 3445 1696 3499 κατὰ
1724 3446 1823 3515 τὴν
1855 3446 1986 3514 πρός

423 3529 541 3581 οδον
568 3529 746 3581 αὐτῶν
780 3531 872 3582 καὶ
903 3531 1001 3601 τὴν
1035 3531 1188 3598 τάξιν
1221 3534 1313 3585 καὶ
1342 3532 1433 3586 τὸν
1459 3535 1555 3604 τῆς
1576 3534 1804 3604 προόδου
1833 3534 1987 3602 λόγον

424 3636 485 3673 τε
512 3620 728 3687 καὶτῆς
755 3620 959 3685 τάξεως
976 3621 1070 3674 καὶ
1100 3622 1199 3691 τὴν
1231 3624 1287 3676 ὲν
1324 3624 1402 3695 τῷ
1427 3624 1621 3694 πλήθει
1672 3627 1831 3679 πάλιν
1877 3626 1988 3679 ὲνόα

430 3732 566 3784 τητα
590 3715 687 3783 τῆς
721 3715 906 3778 οὐσίας
944 3721 1039 3770 καὶ
1077 3716 1305 3769 καθόλου
1336 3719 1493 3784 φάνει
1545 3718 1641 3788 τὴν
1674 3721 1985 3788 νοερότητα.

434 3807 496 3861 Ei
526 3808 580 3860 δὲ
615 3807 750 3877 μετὰ
780 3807 1032 3877 πλείστης
1061 3809 1177 3861 ἐκεῖ
1209 3809 1307 3877 μὲν
1335 3809 1433 3877 τῆς
1466 3809 1755 3878 ὑπεροχῆς,
1807 3810 1993 3863 ενταῦ-

430 3900 498 3954 θα
521 3900 577 3952 δὲ
607 3901 706 3969 τῆς
744 3900 1204 3967 ὑφέσεως,καίτοι
1237 3902 1338 3955 κᾶν
1386 3900 1464 3970 τῷ
1518 3903 1773 3971 κτίσματι
1826 3903 1991 3969 πολλή

431 4011 513 4056 τις
557 3995 749 4062 ὁρᾶται
781 3992 1011 4062 διαφορὰ
1036 3992 1133 4061 τῆς
1154 3993 1357 4055 εἰκόνος
1383 4009 1397 4022 ο
1455 3994 1487 4062 η
1515 3992 1611 4060 μὲν
1634 3996 1738 4063 γὰρ
1768 3995 1876 4054 τοῖς
1906 3995 1993 4045 αν-

433 4083 671 4154 θρώποις
699 4084 854 4148 ἐδόθη
886 4085 1017 4138 πᾶσι
1041 4085 1209 4154 δῶρον
1232 4085 1410 4136 κοινὸν
1443 4084 1686 4153 μείζονος
1714 4085 1995 4148 κοινωνίας

432 4179 574 4249 ἀρχὴ
600 4176 739 4231 κατὰ
768 4177 858 4229 τὸν
893 4175 1153 4247 μέλλοντα
1194 4175 1307 4245 βίον
1345 4178 1456 4238 τοῖς
1498 4175 1750 4228 ἐνταυθοῖ
1815 4177 1994 4239 καλῶς

435 4268 797 4340 κεχρημένοις
833 4284 846 4299 ο
874 4268 973 4337 οὐχ
1006 4268 1203 4337 ὁμοίως
1231 4268 1287 4321 δὲ
1319 4269 1515 4330 πάντες
1544 4269 1713 4334 αὐτῆς
1759 4269 1997 4321 ἀπολαύ-

434 4379 607 4426 ουσιν,
636 4362 747 4416 ἀλλ’
772 4362 821 4413 οἱ
853 4360 951 4430 μὲν
986 4359 1253 4429 μορφοῦσι
1300 4363 1397 4429 τὴν
1428 4361 1817 4428 εὐγενεστάτην
1871 4378 1999 4413 ταυ-

435 4472 536 4523 την
564 4455 659 4522 τῆς
683 4455 897 4523 φύσεως
927 4452 1277 4523 παρασκευὴν
1328 4455 1420 4504 καλ⁸
1454 4454 1631 4521 οἰκείᾳ
1684 4454 1999 4521 προαιρέσει

436 4564 495 4601 τε
529 4549 622 4601 καὶ
650 4547 850 4616 σπουδῇ
885 4547 978 4598 καὶ
1006 4546 1064 4597 τὸ
1096 4545 1285 4606 κάλλος
1316 4544 1484 4613 αὐτῆς
1512 4543 1759 4607 ἐξάπτειν
1794 4545 2004 4598 ποιοῦσι

1456 395 1553 453 DE
1599 397 1744 455 DEL)
1787 394 1865 456 IN
1905 393 2324 497 TR’lNlTATE
2362 393 2541 457 ΗΝΘ.

3529 395 3629 455 θοι

1833 513 1967 567 νοῶν
2001 520 2040 574 Α
2073 515 2257 580 ducta,
2294 516 2516 584 quando
2547 513 2797 575 Volucril,
2836 500 3119 581 intelligit;
3157 524 3277 565 cmn
3305 507 3500 563 divina:
3546 524 3635 560 νυ·
3710 550 3713 555 .

2062 607 2285 658 luntatis
2313 606 2421 658 sint
2458 621 2644 675 opera,
2676 615 2946 673 quatenus
2980 615 3063 658 est
3102 611 3154 670 et
3204 603 3324 656 aliis
3362 601 3634 655 benetica.

2063 695 2197 750 Nam
2235 712 2449 764 semper
2502 698 2720 750 Volebat
2774 695 2974 749 fore-ut
3010 696 3243 747 mundus
3307 703 3469 757 esset,
3532 708 3638 745 nun

2062 800 2240 843 autem
2275 798 2329 839 ιιι.
2366 804 2580 856 semper
2612 788 2900 841 exsisteret
2936 803 2949 851 ;
2978 800 3075 839 nec
3102 786 3245 837 cnim
3292 794 3414 852 pote
3445 784 3638 839 l'uiSSct

2064 883 2212 935 illum
2238 895 2452 948 semper
2480 894 2603 933 esse
2625 887 2717 930 aut
2749 878 2888 941 fore,
2913 893 2977 931 ex
2999 891 3230 945 quorum
3261 876 3431 929 altero
3454 889 3641 929 conse—

2063 974 2249 1042 quitur
2270 982 2324 1024 ιιι
2350 986 2627 1041 nunquam
2650 970 2950 1033 exsisteret,
2971 984 3033 1023 ex
3065 968 3233 1021 altero
3258 975 3315 1020 ιιι
3337 967 3642 1030 exsisteret,

2065 1050 2279 1118 tametsi
2328 1078 2604 1132 nunquam
2663 1059 2915 1116 cﬂ‘ectus.
2975 1059 3099 1113 llaec
3142 1060 3303 1129 igitur
3332 1069 3533 1111 aeterna
3562 1057 3646 1110 in-

2068 1155 2371 1227 telligentia
2433 1170 2495 1208 ex
2543 1154 2752 1222 integro
2798 1168 2902 1206 una
2962 1160 3043 1205 est
3082 1152 3135 1204 in
3196 1151 3369 1218 primo
3435 1149 3645 1203 intelle-

2069 1258 2159 1301 ctu
2194 1247 2363 1317 signis
2391 1256 2599 1299 tantum
2632 1245 2698 1298 ab
2724 1243 3075 1314 intelligentia
3099 1244 3352 1296 discreta.
3376 1240 3641 1294 Praeterea

2071 1341 2125 1393 in
2151 1340 2390 1393 humano
2416 1338 2690 1393 intellectu
2720 1338 2865 1392 aliud
2898 1346 2979 1391 est
3008 1351 3119 1390 rem
3155 1335 3476 1402 intelligere,
3502 1332 3648 1387 aliud

2074 1431 2498 1486 intellectionem
2532 1430 2881 1493 intellectam,
2911 1444 3032 1482 cum
3061 1428 3125 1482 ad
3152 1427 3428 1497 proptiam
3454 1440 3649 1494 opera-
3725 1490 3739 1501 _

2074 1522 2274 1575 tionem
2297 1522 2599 1577 intellectus
2617 1520 2986 1590 convertitur;
3008 1520 3147 1573 unde
3167 1520 3283 1572 alim
3302 1530 3423 1572 sunt
3444 1532 3647 1579 rerum,

2074 1613 2191 1667 alite
2219 1613 2284 1667 de
2315 1614 2479 1668 rebus
2514 1613 2938 1667 intellectionutn
2966 1611 3191 1663 notitiae.
3226 1608 3420 1662 Verum
3446 1609 3551 1660 hoc
3586 1608 3641 1660 in

2078 1709 2183 1765 Deo
2212 1723 2318 1762 non
2350 1706 2633 1763 dill‘erunt.
2655 1707 2883 1759 Aliunde
2908 1706 3047 1757 ratio
3071 1712 3125 1758 ct
3156 1704 3407 1756 voluntas
3460 1702 3513 1754 in
3550 1701 3647 1754 ho-

2077 1804 2222 1859 mine
2239 1820 2346 1858 non
2375 1816 2559 1856 revera
2582 1801 2989 1871 distinguuntur
3015 1815 3138 1868 erga
3166 1807 3579 1868 cegnoscentem
3600 1807 3652 1849 et

2076 1896 2347 1967 volentem
2385 1893 2739 1947 intellectum.
2762 1891 3010 1943 Divinum
3039 1906 3167 1944 vero
3189 1890 3425 1944 Verbum
3454 1898 3507 1943 et
3531 1888 3653 1957 Spi-

2075 1991 2216 2044 ritus
2241 1994 2466 2043 sanctus
2496 1984 2711 2040 realiter
2733 2000 2761 2037 ιι
2786 1984 2943 2037 Patre
2977 1983 3405 2049 distinguuntur.
3427 1979 3559 2033 Nam
3584 1981 3654 2032 il-

2074 2081 2148 2135 lic
2183 2087 2397 2150 oportet
2428 2088 2485 2132 ut
2525 2078 2596 2131 sit
2626 2086 2832 2130 natura:
2864 2088 3075 2129 summa
3106 2073 3307 2138 unitas,
3337 2080 3395 2125 ut
3422 2073 3526 2126 Deo
3559 2086 3656 2139 par

2076 2184 2180 2238 est,
2212 2181 2266 2228 et
2293 2187 2415 2226 vera
2456 2171 2709 2226 similiter
2748 2178 2801 2222 et
2825 2168 3069 2223 cﬂ'ectiva
3105 2166 3415 2230 distinctio,
3458 2163 3652 2219 unitati

2078 2276 2253 2321 tamen
2312 2272 2521 2318 naturas
2576 2260 2801 2314 minime
2855 2260 3103 2313 obstans.
3139 2257 3351 2311 Etenim
3412 2254 3646 2307 indivisa

2076 2367 2128 2413 et
2157 2355 2463 2427 personalis
2486 2354 2772 2409 distinctio
2798 2369 2915 2420 qum
2947 2354 2999 2405 in
3049 2352 3315 2406 creaturis
3374 2347 3654 2401 materiam

2080 2450 2242 2503 habet
2276 2461 2523 2508 causam,
2584 2444 2823 2513 approbe
2869 2458 2963 2511 per
3015 2440 3330 2509 ltujusmodi
3400 2452 3657 2491 numeros

2080 2551 2329 2594 naturam
2362 2538 2573 2593 dividit.
2602 2535 2708 2589 Sed
2744 2536 2883 2605 apud
2915 2533 3378 2602 simplicissimum
3414 2539 3466 2583 et
3498 2529 3658 2583 intel-

2079 2633 2498 2699 ligentissimum
2537 2629 2727 2691 Deum,
2760 2642 2885 2680 cum
2918 2642 2983 2679 ex
3044 2624 3369 2692 intelligihili
3439 2629 3650 2675 tantum

2080 2724 2341 2778 relatione
2364 2736 2584 2777 causam
2621 2719 2841 2780 haheat,
2873 2726 3082 2770 naturae
3118 2731 3224 2769 non
3258 2713 3450 2767 dividit
3481 2713 3659 2767 unita—

2083 2827 2209 2873 tem.
2244 2817 2350 2869 Nec
2378 2814 2497 2869 aliis
2534 2812 2720 2882 paucis
2755 2798 3107 2881 probabiliter
3133 2811 3275 2862 inter
3310 2823 3369 2861 se
3393 2806 3655 2861 tiiﬂ‘erunt

2083 2910 2325 2963 increata
2363 2907 2600 2961 Trinitas
2625 2907 2764 2975 apud
2828 2904 3017 2969 Deum,
3072 2912 3125 2957 et
3182 2903 3326 2972 apud
3386 2900 3658 2954 hominem

2085 3010 2287 3057 creata.
2321 3002 2387 3052 At
2438 2999 2792 3067 quantumvis
2824 2998 3007 3050 multa:
3035 2996 3145 3051 sint
3176 2996 3290 3049 hate
3348 2992 3662 3048 diﬂerentiu:

2088 3107 2192 3147 non
2234 3101 2411 3147 cessat
2450 3090 2789 3144 inTrinitate
2822 3090 3212 3159 proprietatum
3249 3103 3343 3141 seu
3404 3099 3664 3153 persona-

2011 3208 2056 3269 ο
2092 3199 2212 3237 rum
2241 3182 2587 3237 assimilatio.
2640 3180 2929 3233 Permanet
2976 3194 3104 3233 vero
3146 3178 3303 3245 juxta
3354 3175 3657 3245 processio.

2096 3286 2216 3325 nem
2250 3286 2437 3325 earum
2468 3281 2519 3324 et.
2545 3271 2813 3334 ordinem,
2847 3269 3331 3338 processionisqne
3364 3275 3415 3320 et
3446 3264 3662 3319 ordinis

2088 3364 2307 3417 modum
2344 3373 2504 3430 atque
2526 3363 2685 3417 etiam
2724 3361 2877 3428 juxta
2917 3361 3242 3414 substantiae
3320 3358 3578 3411 unitatem
3609 3358 3663 3409 iu

2090 3455 2416 3525 pluralitate,
2450 3470 2511 3508 ac
2543 3469 2650 3508 uno
2684 3453 2904 3508 tandem
2939 3453 3103 3507 verbo
3136 3450 3661 3521 intelligibilitatem.

2091 3545 2245 3611 Quod
2276 3548 2319 3599 si
2363 3560 2486 3599 cum
2553 3545 2724 3598 multa
2763 3544 2872 3597 illic
2927 3544 3306 3611 praecellentia,
3342 3542 3432 3595 hic
3488 3548 3665 3594 autem

2092 3634 2488 3703 itnperfectius,
2530 3636 2701 3688 multa
2733 3634 2931 3687 iterum
2969 3636 3019 3687 in
3051 3643 3304 3689 creatura
3361 3630 3664 3684 tlill'erentia

2093 3725 2337 3777 cernitur
2370 3723 2435 3774 ah
2462 3723 2719 3791 imagine,
2742 3736 2866 3789 quae
2899 3721 3114 3789 quidem
3148 3722 3400 3775 omnibus
3428 3719 3552 3774 data
3586 3727 3669 3772 est

2093 3816 2782 3870 hominibusutcommnne
2813 3816 3014 3868 donum
3050 3814 3273 3881 majoris
3305 3812 3667 3868 communica-

2099 3907 2261 3963 tionis
2287 3906 2628 3975 principium,
2650 3921 2841 3975 nempe
2865 3908 2917 3960 iu
2948 3906 3127 3959 futura
3158 3905 3265 3959 vita
3300 3906 3383 3959 Itis
3409 3906 3497 3973 qui
3536 3920 3674 3973 pra?-

2098 4006 2234 4051 scntt
2258 4006 2399 4049 recte
2426 3995 2504 4047 usi
2534 3993 2770 4048 iuerint':
2793 4009 2899 4047 non
2927 4003 3108 4047 autem
3137 4008 3328 4047 omnes
3355 3993 3556 4062 pariter
3580 3992 3667 4045 illa

2099 4087 2395 4151 fruuntur;
2429 4086 2522 4140 sed
2566 4086 2655 4139 alii
2708 4087 3187 4153 generosissimum
3250 4086 3402 4139 illum
3465 4094 3674 4138 natura:

2100 4192 2415 4249 apparatum
2476 4179 2749 4233 voluntate
2780 4189 2831 4231 et
2868 4180 3228 4233 contentione
3264 4180 3487 4248 pr0pria
3514 4178 3676 4233 clior-

2102 4280 2271 4334 mant,
2322 4269 2551 4337 ejusque
2606 4267 2917 4321 accendunt
2978 4267 3441 4334 pulchritudinem
3499 4275 3552 4319 et
3606 4266 3672 4319 ad

2102 4364 2268 4417 cmlos
2298 4376 2469 4430 usque
2522 4360 2826 4425 extollunt;
2861 4360 2948 4412 alii
2987 4368 3174 4413 ccutra
3242 4360 3389 4413 velut
3451 4359 3598 4412 iners
3623 4365 3677 4409 et

2106 4458 2338 4511 informe
2371 4456 2648 4525 quidpiam
2685 4457 2832 4509 illum
2873 4456 3092 4510 inscitia
3128 4464 3220 4508 aut
3268 4455 3471 4508 malitia
3515 4455 3676 4507 obru-

2113 4558 2225 4603 tum
2262 4550 2487 4603 missum
2534 4549 2755 4603 faciunt.

436 4645 532 4698 καὶ
569 4646 759 4715 μέχρις
785 4642 1026 4712 οὐρανῶν
1055 4642 1282 4707 ἀνιέναι,
1308 4644 1416 4704 τοῖς
1446 4642 1499 4693 δὲ
1530 4640 1698 4712 ἀργόν
1730 4659 1782 4692 τι
1811 4644 1996 4712 χρῆμα
2038 4645 2128 4695 καὶ
2200 4644 2447 4713 ἄμορφον
2517 4642 2902 4696 καταλείπεται
2970 4641 3179 4712 ἀμαθία
3240 4639 3680 4709 συγκαλυπτόμε-

434 4757 522 4794 νον
555 4742 586 4812 ἢ
616 4741 865 4811 πονηρίᾳ.

511 4833 618 4887 Κιῆ
673 4836 845 4887 ταῦτα
881 4833 978 4900 μὲν
1034 4834 1210 4887 πάντα
1262 4832 1389 4902 περὶ
1420 4832 1518 4901 τῆς
1569 4832 1718 4896 θείας
1777 4833 2003 4900 Τριάδος
2037 4838 2080 4893 D

439 4930 575 4995 πρὸς
597 4927 723 4989 τοὺς
748 4925 850 4989 ἔξω
877 4925 969 4978 καὶ
1002 4924 1217 4993 εἴρηται
1250 4924 1344 4976 καὶ
1391 4925 1643 5002 λέγεσθαι
1696 4926 1793 4988 δεῖ,
1823 4925 1895 4987 ὡς
1940 4925 2003 4977 ἐκ

438 5036 580 5081 τινος
614 5016 788 5087 ἀρχῆς
820 5018 952 5086 ἡμῖν
984 5033 1041 5068 τε
1097 5018 1187 5068 καὶ
1246 5016 1471 5079 ἐκείνοις
1536 5017 1717 5085 κοινῆς
1759 5019 1853 5086 τῆς
1909 5017 2002 5069 τοῦ

438 5111 679 5171 Μωσέως
712 5108 1055 5171 διδασκαλίας
1085 5126 1098 5140 ο
1140 5109 1270 5176 ἡμῖν
1314 5109 1369 5160 δὲ
1420 5110 1576 5175 λόγου
1640 5110 1834 5171 παντὸς
1886 5110 2005 5161 ἐπέ-

438 5218 593 5253 κεινα
618 5199 715 5269 τὴν
744 5201 870 5266 περὶ
906 5198 1108 5251 τούτων
1136 5200 1314 5250 πίστιν
1354 5199 1513 5261 αὐτὸς
1541 5201 1568 5252 ὁ
1599 5200 1737 5261 ΟΞῖυς
1782 5200 2006 5269 ἐνέθηκε

441 5293 628 5358 Λόγος.
662 5290 863 5343 Τούτου
888 5290 1044 5358 χάριν
1069 5290 1165 5357 τὴν
1195 5291 1464 5360 ἡμετέραν
1496 5291 1709 5358 ἀληθῶς
1762 5290 1857 5358 μὲν
1888 5292 2007 5343 630--

440 5380 655 5451 πρεπῶ;
695 5381 750 5433 δὲ
779 5380 926 5447 ὅμως
954 5379 1387 5447 προσλαὸόμενος
1425 5381 1606 5446 φύσιν,
1628 5380 1719 5432 καὶ
1755 5380 1930 5443 δόξαις
1955 5398 2009 5433 τε

437 5476 556 5535 ταῖς
586 5472 808 5542 ἀληθέσι
834 5474 961 5540 περὶ
990 5471 1084 5523 τοῦ
1112 5473 1269 5540 μόνου
1299 5472 1431 5525 Θεοῦ
1467 5476 1560 5527 καὶ
1587 5475 1743 5543 μόνου
1778 5474 1887 5525 τῶν
1926 5472 2011 5525 ὅν-

436 5582 546 5616 των
579 5564 793 5615 πάντων
822 5563 995 5613 αἰτίου
1046 5564 1136 5613 καὶ
1186 5562 1369 5630 νόμοις
1396 5563 1521 5631 περὶ
1557 5561 1651 5613 τοῦ
1686 5562 1834 5632 βιοῦν
1866 5564 2010 5632 ἔχειν

438 5656 613 5725 ὀρθῶς
643 5656 946 5723 ἐκόσμησεν
978 5655 1125 5721 ἡμᾶς
1155 5656 1217 5706 ἐκ
1257 5658 1355 5723 τῆς
1404 5658 1533 5723 πρὶν
1566 5656 1855 5722 ἀκοσμίας,
1886 5658 1949 5723 ἢν
1982 5655 2009 5704 6

438 5748 532 5801 τοῦ
553 5747 778 5815 ψεύδους
800 5745 979 5815 πατὴρ
999 5747 1128 5814 ἡμῖν
1150 5745 1524 5815 ἐπεπώρευσεν
1545 5746 1647 5798 οὐκ
1676 5747 1741 5799 ἂν
1764 5747 2014 5814 δυνηθεὶς

442 5850 496 5912 ἱ..
526 5838 599 5890 ὧν
624 5840 680 5890 τὸ
715 5837 827 5891 δέον
878 5838 1022 5891 ἅπαν
1054 5837 1378 5907 τηρούιτων.
1413 5839 1545 5905 Δόξα
1578 5839 1751 5891 τοίνυν
1798 5838 1870 5907 τῷ
1913 5840 2016 5891 ,Χό-

2196 4832 2317 4887 llazc
2350 4831 2534 4885 omnia
2565 4832 2631 4885 de
2662 4830 2849 4884 divina
2883 4827 3153 4882 Trinitate
3183 4827 3249 4880 ad
3289 4840 3382 4881 eos
3421 4825 3511 4894 qui
3551 4824 3679 4879 foris

2119 4933 2246 4981 sunt
2294 4924 2501 4977 dictum
2550 4921 2950 4990 dicendumque
2993 4930 3098 4987 est,
3146 4933 3209 4972 ex
3249 4918 3486 4987 quodam
3522 4920 3679 4986 quasi

2112 5014 2383 5085 principio
2427 5013 2585 5067 nobis
2628 5021 2681 5066 et
2722 5012 2856 5080 ipsis
2889 5011 3199 5075 communi,
3258 5009 3425 5063 Mosis
3484 5023 3679 5077 nempe

2115 5107 2382 5161 doctrina.
2421 5103 2593 5160 Nobis
2649 5112 2829 5156 autem
2871 5114 3065 5172 praeter
3114 5117 3276 5155 omne
3326 5100 3675 5154 ratiocinium

2115 5198 2248 5252 ﬁdes
2280 5198 2347 5251 ab
2382 5197 2497 5266 ipso
2522 5195 2706 5250 divino
2739 5194 2915 5249 Verbo
2951 5195 3018 5248 de
3051 5194 3135 5247 his
3162 5194 3367 5247 inserta
3400 5199 3500 5246 cst.
3536 5190 3677 5255 Qua-

2118 5297 2338 5359 propter
2369 5296 2618 5340 naturatn
2656 5295 2893 5338 nostram
2930 5300 3053 5337 vere
3078 5327 3090 5347 ,
3130 5283 3238 5337 Deo
3276 5292 3454 5335 tamen
3489 5281 3676 5335 condi-

2116 5396 2217 5449 gne
2260 5379 2564 5447 suscipiens
2592 5388 2641 5430 et
2669 5379 2810 5431 veris
2849 5378 3142 5431 sententiis
3171 5378 3235 5429 de
3270 5393 3375 5429 uno
3411 5376 3517 5429 Deo
3557 5377 3674 5429 solo

2116 5482 2430 5525 cunctorum
2456 5469 2661 5522 entium
2701 5480 2923 5523 auctore
2954 5478 3008 5521 et
3035 5468 3239 5535 legibus
3264 5468 3328 5519 atl
3363 5467 3675 5535 dirigendos

2118 5578 2292 5617 mores
2326 5577 2423 5614 nos
2458 5561 2779 5624 exornavit,
2820 5560 2988 5628 priori
3023 5570 3203 5613 amoto
3236 5558 3502 5612 dedecore
3532 5557 3674 5626 quod

2118 5656 2168 5706 in
2220 5669 2317 5707 nos
2365 5652 2631 5707 mendacii
2678 5663 2833 5722 pater
2866 5660 3237 5721 congesserat,
3273 5666 3377 5704 non
3430 5652 3501 5703 ita
3530 5659 3676 5703 certe:

2120 5752 2350 5798 Itesurus
2385 5745 2429 5800 si
2458 5760 2555 5800 nos
2590 5744 2832 5812 approbo
2860 5754 3205 5796 stetissemus
3242 5741 3467 5809 legibus.
3494 5740 3675 5797 Gloria

2123 5839 2287 5908 igitur
2321 5836 2493 5893 Vt't'b')
2526 5837 2611 5892 Dei
2643 5846 2693 5891 ιι
2733 5837 2867 5890 Filio
2905 5837 2995 5901 qui
3030 5844 3175 5888 tanta
3209 5835 3362 5888 nobis
3395 5833 3526 5886 bona
3568 5832 3647 5885 lar
