4416 6456
761 351 866 414 595

1853 363 1896 420 G
1915 365 2234 425 ΕΝΝΑΟΙΙ
2277 368 2386 427 CP.
2431 370 2949 438 PATRIARCHE

3916 362 4020 457 δοες

756 463 902 528 gitus
938 469 1020 513 est
1051 461 1193 514 ΙΗυά
1225 465 1408 530 qualia
1462 476 1668 520 tantum
1725 473 1978 527 omnibus
2015 477 2240 530 cutibus
2286 481 2338 526 e’t
2369 481 2412 534 A
2444 497 2500 550 re

2286 481 2338 526 e'l
2369 481 2412 534 A
2444 497 2524 550 τῳ
2557 484 2648 535 τοῦ
2674 485 2808 538 Θεοῦ
2837 490 2929 540 καὶ
2985 488 3098 558 Υίῷ
3132 491 3404 546 τοσούτων
3438 496 3618 550 καλῶν
3667 502 3800 568 ἡμῖν
3847 502 4023 570 ὑπόρ-

694 575 703 582 -
755 549 1016 615 operibus
1053 552 1190 612 suis,
1221 553 1313 604 sed
1343 555 1506 606 etiam
1547 560 1760 611 eunetis
1809 566 2122 628 prastautia
2154 583 2332 635 eaque

756 649 1042 704 perpetuo,
1073 658 1246 709 neque,
1279 645 1454 696 solum
1486 650 1744 702 Omnibus
1772 668 1892 715 uua,
1933 657 2027 708 Sed
2062 668 2115 709 et
2144 660 2332 726 singu-

759 729 931 780 latim.
976 729 1094 796 Ipse
1128 734 1268 784 cnim
1307 737 1372 787 ab
1411 748 1615 791 :eterno
1648 757 1747 794 nos
1805 759 1859 796 et
1909 749 2171 802 mundum
2211 752 2332 804 titti-

756 835 973 872 versum
1006 838 1171 890 penes
1194 842 1251 878 se
1281 826 1472 878 habuit
1507 833 1939 901 intelligiliiliter,
1963 839 2026 890 ad
2057 850 2206 894 extra
2243 858 2337 894 au-

758 917 862 960 tem
893 916 1264 980 temporaliter
1297 919 1574 984 produxit.
1599 923 1757 975 simul
1785 937 1836 976 et
1877 937 2094 997 tempus
2131 930 2335 986 faciens

756 1016 894 1069 OpltS
921 1014 1160 1070 paternae
1183 1019 1235 1061 et
1269 1012 1530 1078 sapientis
1567 1015 1844 1070 booitatis.
1872 1020 1987 1086 Ipse
2027 1022 2334 1076 admirabili

759 1095 1172 1162 dispensatione
1226 1116 1324 1154 nos
1357 1105 1717 1170 spiritualiter
1753 1110 2077 1165 instauraxit
2122 1126 2174 1167 et
2226 1131 2334 1169 una

757 1191 1036 1243 curatione
1086 1208 1111 1242 a
1161 1195 1422 1249 diuturno
1448 1209 1498 1250 et
1551 1202 1839 1267 multiplici
1890 1207 2081 1259 morbo
2126 1211 2336 1261 sanavit

758 1281 831 1333 ob
860 1284 1106 1337 eamdem
1140 1286 1462 1350 bonitatem,
1495 1300 1752 1359 tanquam
1789 1298 2038 1365 egregius
2093 1302 2336 1355 medicus

761 1390 976 1438 unaque
1005 1388 1157 1443 pater
1180 1389 1232 1431 et
1265 1381 1547 1435 Dominus.
1580 1386 1695 1452 Ipse
1736 1390 1978 1444 ιιιυιίὺυε
2013 1406 2073 1443 ac
2104 1393 2205 1445 (ide
2238 1410 2336 1446 nos

759 1466 1014 1528 instituit,
1056 1469 1216 1522 fidem
1252 1474 1457 1526 scilicet
1489 1477 1724 1531 edocens
1773 1491 1825 1531 et
1859 1482 2098 1535 (:(I‘ICslis
2140 1497 2340 1554 myste-

757 1558 896 1608 rium
918 1558 1203 1613 Trinitatis
1239 1563 1468 1629 pulchre
1500 1567 1656 1618 nobis
1695 1585 1972 1631 reserans,
2009 1587 2121 1638 quo
2161 1577 2334 1627 solum

757 1650 941 1716 agnito
978 1665 1118 1701 unus
1155 1651 1294 1704 Deus
1324 1655 1425 1706 rite
1461 1671 1523 1707 ac
1558 1657 1795 1723 legitime
1834 1662 1939 1712 coli
1977 1671 2190 1728 potest;
2224 1681 2336 1716 mo-

761 1755 881 1790 rum
931 1749 1112 1793 autem
1169 1742 1279 1795 dux
1320 1744 1546 1799 effectus
1604 1764 1708 1800 ucn
1759 1754 2040 1820 praaceptis
2092 1765 2329 1807 mitum-

760 1832 940 1894 modo,
971 1832 1064 1885 sed
1096 1833 1210 1886 suis
1243 1835 1408 1888 etiam
1441 1840 1728 1907 exemplis.
1756 1841 1836 1894 Ad
1875 1855 2124 1896 neutrum
2155 1857 2331 1900 tamen

757 1921 1074 1989 liujusmodi
1114 1925 1378 1978 bonorum
1436 1945 1535 1981 nos
1590 1933 1769 1998 adegit
1809 1936 2134 2001 (cavendum
2189 1940 2332 1991 enim

757 2027 824 2063 ne
858 2013 1130 2079 perderet,
1165 2029 1289 2068 eum
1331 2018 1542 2074 salvare
1570 2022 1796 2089 vellet);
1849 2026 1942 2078 sed
1980 2027 2337 2095 impedimen-

757 2113 870 2154 tum
901 2117 1122 2159 ceterum
1147 2110 1268 2160 vitm
1296 2108 1577 2178 insperato
1609 2113 1791 2178 solvit,
1819 2116 1992 2170 labem
2025 2119 2235 2173 scilicet
2268 2135 2333 2174 ex

751 2195 1123 2262 generationis
1149 2198 1359 2254 semine
1389 2214 1739 2272 propagatam
1769 2220 1783 2269 ;
1821 2208 2178 2273 quamobrem
2210 2225 2331 2265 sese

763 2287 1039 2355 spoliavit,
1071 2299 1142 2350 et,
1175 2305 1403 2359 corpore
1431 2304 1711 2362 suscepto,
1749 2310 1962 2365 pmnam
1992 2301 2149 2355 nobis
2180 2301 2334 2356 debi-

764 2391 870 2433 tam
903 2380 956 2433 in
994 2397 1160 2436 carne
1199 2399 1297 2437 sua
1333 2385 1430 2437 luit
1461 2403 1580 2455 qure
1617 2391 1751 2444 uiliil
1793 2404 2146 2462 peccaverat;
2184 2397 2334 2449 lilio-

755 2488 875 2526 rum
911 2483 1091 2526 autem
1119 2476 1345 2530 arbitrio
1381 2478 1654 2548 iidemque
1689 2493 1744 2536 et
1770 2486 1907 2539 bona
1935 2501 2097 2555 Opera
2133 2504 2335 2558 propo-

753 2569 888 2630 suit,
926 2584 1065 2637 quos
1099 2571 1292 2633 etiam,
1322 2584 1544 2640 propter
1567 2577 1937 2630 omnimodam
1964 2577 2334 2633 diﬂ'ieultatem

755 2661 976 2729 utrique
1011 2673 1451 2731 repugnantem,
1499 2668 1616 2722 suis
1658 2683 1765 2721 non
1799 2670 2044 2722 destituit
2091 2671 2335 2726 auxiliis.

754 2754 870 2824 Ipse
910 2755 1068 2809 nobis
1113 2757 1280 2810 Deum
1316 2769 1373 2812 et
1404 2758 1620 2813 Patrem
1656 2761 2024 2815 manifest-.ivit
2047 2763 2116 2817 ab
2142 2765 2234 2817 illo
2263 2766 2338 2818 vi-

752 2849 941 2902 Cissim
969 2849 1227 2903 omnibus
1264 2850 1441 2904 modis
1475 2851 1876 2906 manifestatus.
1907 2852 2027 2923 Ipse
2070 2865 2124 2910 et
2159 2854 2337 2924 Spiri-

759 2951 873 2994 tum
903 2952 1152 2996 sanctum
1190 2943 1348 2997 nobis
1388 2943 1647 2998 revelavit
1701 2945 1764 2998 ad
1820 2945 2083 3014 majorem
2143 2961 2339 3014 nempe

760 3037 844 3089 sui
876 3037 1292 3101 revelationem,
1319 3037 1446 3091 licet
1479 3049 1637 3092 antea
1670 3055 1768 3108 pro
1798 3051 2106 3106 temporum
2139 3056 2336 3108 oppor-

2445 573 2596 636 ξαντι
2643 578 2752 639 τοῖς
2815 579 3145 648 ἀνθρώποις,
3190 585 3251 636 οὐ
3289 586 3426 652 μετὰ
3475 589 3697 642 πάντων
3731 592 3890 659 μόνον
3917 596 4024 646 τῶν

2439 666 2607 718 ὄντων
2639 685 2696 720 τε
2732 671 2827 721 καὶ
2857 671 3034 738 ἔργων
3078 675 3265 740 αὐτοῦ,
3321 677 3456 729 ἀλλὰ.
3515 679 3607 731 καὶ
3659 682 3797 752 ὑπὲρ
3847 685 4023 738 πάντα

2438 756 2533 807 καὶ
2567 759 2697 826 πρὸς
2757 759 2934 828 τούτῳ
2963 762 3251 829 διηνεκῶς,
3288 767 3408 819 οὐδὲ
3434 770 3569 819 πᾶσι
3629 771 3789 837 μόνον
3828 776 4021 837 κοινῶς

2438 851 2570 902 ἀλλὰ
2601 853 2695 904 καὶ
2718 854 2883 922 χωρὶς
2918 855 3152 924 ἑκάστῳ.
3187 858 3358 921 Αὐτὸς
3395 862 3502 928 γαρ
3525 863 3619 913 καὶ
3654 865 3841 926 ἀῖδίως
3874 868 4020 933 ἡμᾶς

2437 942 2528 994 τόν
2551 959 2610 993 τε
2641 942 2936 1009 σύμπαντα
2964 947 3167 1013 κόσμον
3210 945 3321 1017 εἶχε
3384 951 3519 1019 παρ’
3567 955 3748 1023 ἑαυτῷ
3812 959 4020 1025 νοητῶς

2439 1033 2529 1084 καὶ
2565 1034 2832 1100 χρονικῶς
2863 1036 2967 1099 ἕξω
2997 1039 3346 1106 παρήγαγεν,
3389 1042 3506 1107 ἅμα
3540 1045 3634 1095 καὶ
3681 1046 3770 1096 τὸν
3828 1047 4020 1114 χρόνον

2439 1123 2672 1190 ποιήσας
2708 1124 2869 1194 ἔργον
2905 1127 3004 1194 τῆς
3043 1131 3316 1196 πατρικῆς
3341 1132 3434 1182 καὶ
3464 1132 3633 1185 αὐτοῦ
3673 1135 3840 1201 σοςρῆς
3884 1137 4020 1200 ἁγα-

2441 1211 2662 1280 Θότητος
2693 1230 2705 1242 °
2747 1216 2907 1277 αὐτὸς
2942 1218 3033 1268 καὶ
3065 1219 3333 1270 ἀνέπλασε
3386 1225 3774 1288 πνευματικῶς
3809 1227 4018 1276 οίκονο-

2441 1301 2569 1369 μίας
2600 1303 2784 1372 τρόπῳ
2814 1304 3067 1367 ξενίζοντι
3099 1311 3192 1358 καὶ
3229 1308 3433 1376 μεθόδῳ
3472 1313 3570 1379 μιᾷ
3609 1312 3706 1380 τὴν
3758 1313 4019 1379 πολυχρό-

2440 1411 2549 1445 νιον
2574 1395 2729 1462 ἡμῶν
2767 1398 2858 1448 καὶ
2887 1397 3139 1466 ποικίλην
3168 1400 3466 1467 ὲξηκέσατο
3506 1403 3660 1453 νόσον
3693 1406 3755 1454 ἐκ
3789 1404 3885 1470 τῆς
3923 1405 4019 1456 αὐ-

2440 1485 2538 1551 τῆς
2560 1485 2899 1552 ἀγαθότητος
2929 1487 3004 1548 ὡς
3055 1489 3276 1553 ἄριστος
3309 1491 3492 1557 ἰατρὸς
3542 1491 3678 1559 ὁμοῦ
3713 1493 3807 1545 καὶ
3841 1498 4022 1561 πατὴρ

2440 1575 2535 1624 καὶ
2575 1576 2864 1641 δεσπότης.
2891 1576 3057 1627 Αὐτὸς
3091 1579 3240 1644 ἡμᾶς
3272 1578 3558 1646 ἐμόρφωσε
3615 1582 3708 1629 καὶ
3767 1579 3866 1646 βίῳ
3931 1581 4023 1631 καὶ⁵

2443 1664 2646 1727 πίστει,
2685 1665 2784 1730 τὴν
2819 1664 2915 1730 μὲν
2944 1664 3158 1728 διδάξας
3213 1665 3305 1716 καὶ
3332 1665 3394 1715 τὸ
3418 1668 3516 1732 τῆς
3550 1667 3800 1735 οὐρανίου
3851 1669 4019 1735 Τριά-

2441 1754 2527 1815 δος
2567 1756 2748 1816 καλῶς
2793 1758 2926 1823 ἡμῖν
2958 1755 3272 1820 ἀναπτύξας
3303 1759 3622 1826 μυστήριον,
3679 1752 3723 1824 ᾧ
3755 1759 3901 1828 μόνῳ
3931 1759 4022 1810 τὸν

2441 1844 2534 1896 ἕνα
2566 1844 2746 1898 σέϐειν
2785 1847 2918 1899 Θεον
2942 1848 3121 1908 καλῶς
3150 1847 3324 1903 ἔνεστι
3358 1852 3453 1902 καὶ
3479 1851 3739 1918 γνησίως,
3798 1850 3893 1903 τοῦ
3963 1850 4020 1902 δὲ

2442 1936 2760 2005 καθηγητὴς
2795 1940 2928 2007 ἡμῖν
2952 1942 3190 2007 γεγονὼς
3229 1943 3290 1994 οὐ
3317 1942 3614 2009 διδάγμασι
3656 1945 3860 2006 μόνοις,
3887 1942 4020 1993 ἀλλὰ

2441 2028 2534 2079 καὶ
2575 2027 2654 2095 τῷ
2682 2027 2807 2080 καθ’
2835 2029 2994 2082 αὐτὸν
3013 2031 3375 2099 ὑποδείγματι
3397 2048 3410 2061 °
3441 2033 3501 2084 οὐ
3535 2031 3861 2100 βιασάμενος
3885 2031 4020 2099 πρὸς

2441 2118 2724 2188 οὐδέτερον
2793 2116 2908 2172 τοῖν
2967 2121 3112 2175 δυοῖν
3172 2125 3381 2176 τούτοιν
3434 2123 3619 2176 καλοῖν
3651 2125 3731 2193 (οὐ
3776 2123 3885 2190 γὰρ
3916 2121 4022 2174 ἔδει

2440 2209 2682 2279 φθείρειν
2713 2213 2833 2264 ἀντὶ
2867 2210 2961 2265 τοῦ
2989 2214 3227 2280 σώζειν),
3269 2215 3405 2266 ἀλλὰ
3440 2215 3501 2266 τὸ
3539 2216 3636 2283 μὲν
3665 2214 3895 2281 κώλυμα
3925 2213 4022 2280 τῆς

2439 2302 2657 2354 αἰωνίου
2693 2301 2859 2364 λύσας
2896 2303 3232 2365 ἀνελπίστως
3263 2303 3410 2374 ζωῆς
3465 2308 3562 2375 τὴν
3590 2308 3650 2357 ὲκ
3704 2306 3810 2357 τῶν
3844 2320 4020 2370 σπερ-

2443 2394 2628 2462 μάτων
2653 2393 2750 2446 τού
2780 2396 2973 2462 γένους
3004 2396 3386 2450 διαϐαίνουσαν
3414 2398 3613 2466 λύμην,
3643 2393 3723 2460 οἷς
3755 2399 4022 2450 ἐκένωσεν

2439 2489 2630 2540 ἑαυτὸν
2693 2493 2784 2540 καὶ
2818 2489 2909 2552 οὓς
2938 2490 3144 2558 ὑπέστη
3171 2491 3265 2544 καὶ
3317 2490 3416 2558 τὴν
3474 2488 3832 2560 ὀφειλομένην
3885 2491 4020 2556 ἡμῖν

2439 2580 2597 2648 δίκην
2625 2579 2866 2644 ἐξέτισεν
2916 2583 2972 2633 ὲν
3005 2583 3166 2650 σαρκὶ
3221 2582 3389 2652 μηδὲν
3436 2582 3782 2652 ἁμαρτούσῃ,
3838 2585 3904 2650 τῇ
3960 2581 4018 2632 δὲ

2440 2673 2759 2741 προαιρέσει
2785 2673 2895 2726 τῶν
2917 2675 3123 2727 τέκνων
3161 2676 3222 2727 τό
3251 2692 3308 2726 τε
3339 2674 3616 2726 πιστεύειν
3650 2677 3711 2727 τό
3745 2691 3804 2724 τε
3867 2669 4021 2740 βιοῦν

2439 2763 2616 2834 ὀρθῶς
2648 2764 2970 2834 ἐπιτρέψας,
3002 2767 3102 2818 οὐκ
3133 2763 3262 2818 ἄνευ
3292 2767 3476 2836 μέντοι
3507 2763 3609 2832 τῆς
3657 2763 3791 2832 παρ’
3853 2760 4022 2815 αὐτοῦ

2441 2856 2759 2924 συμμαχίας
2784 2857 2870 2909 διὰ
2903 2856 3002 2928 τὴν
3029 2857 3277 2926 ἐκατέρῳ
3307 2856 3522 2919 πολλοῖς
3573 2857 3794 2926 τρόποις
3851 2857 4024 2907 ἀπαν-

2439 2946 2623 2999 τῶσαν
2651 2947 2999 3017 δυσχέρειαν,
3025 2949 3189 3012 αὐτὸς
3226 2949 3358 3023 ἡμῖν
3379 2950 3697 3019 ὲφανέρωσε
3741 2949 3833 2999 τὸν
3888 2945 4022 2998 Θεὸν

2441 3040 2534 3089 καὶ
2564 3039 2784 3107 Πατέρα
2807 3041 2941 3092 πᾶσι
2976 3041 3197 3109 τρόποις
3250 3042 3340 3093 ὐπ’
3397 3041 3606 3094 ἐκείνου
3659 3038 4021 3110 φανερωθείς.

762 3130 992 3182 tunitate
1031 3129 1098 3180 ab
1133 3129 1223 3184 illo
1261 3131 1574 3196 revelatus;
1630 3131 1776 3186 hunc
1804 3133 2037 3202 denique
2094 3133 2334 3201 sigillum
2368 3152 2418 3214 α
2444 3132 2506 3183 Αἰ

2286 3148 2334 3184 m
2368 3152 2418 3214 α
2444 3132 2614 3194 Αὐτὸς
2654 3133 2786 3200 ἡμῖν
2828 3134 2921 3184 καὶ
2950 3133 3010 3185 τὸ
3040 3133 3265 3202 Πνεῦμα
3292 3135 3351 3186 τὸ
3383 3131 3538 3201 ἆγιον
3565 3134 3912 3202 ἐφανέρωσεν
3941 3134 4023 3194 εἰς

761 3237 987 3277 suorum
1027 3223 1079 3275 in
1109 3238 1208 3277 nos
1245 3223 1659 3278 beneﬁciorum.
1695 3226 1816 3292 Ipse
1861 3226 2206 3294 singulorum
2250 3226 2338 3277 vi-

754 3327 861 3369 tam
895 3316 1130 3368 ﬁliorum
1167 3317 1258 3386 qui
1299 3317 1402 3372 fide
1433 3328 1487 3372 et
1527 3317 1758 3371 arbitrio
1785 3328 1914 3373 sunt
1944 3319 2218 3373 eIIurmati
2249 3320 2336 3372 di-

757 3408 903 3477 rigit.
929 3406 1142 3474 Optima
1173 3423 1409 3471 namque
1434 3425 1496 3462 ex
1519 3410 1702 3464 animo
1725 3425 1954 3477 prorsus
1981 3411 2153 3464 libero
2175 3425 2336 3479 opor-

754 3509 832 3553 tet
859 3500 1006 3568 eligi,
1039 3500 1335 3569 statimque
1366 3501 1537 3570 gratia
1573 3502 1640 3554 ita
1677 3502 2112 3570 proponentibus
2143 3516 2337 3555 occur-

755 3593 844 3644 rit.
881 3591 1085 3661 Ecquid
1121 3595 1556 3648 enumerandqu
1591 3603 1668 3647 tot
1695 3595 1998 3649 manifestae
2028 3593 2337 3648 beneficen-

757 3687 844 3739 tiae
891 3685 1032 3739 dona
1082 3701 1202 3755 qua!
1249 3702 1348 3756 pro
1399 3703 1628 3742 numero
1677 3696 1730 3741 et
1773 3690 2154 3757 magnitudine
2208 3701 2338 3745 sunt

751 3779 901 3831 omni
941 3793 1193 3833 sermone
1230 3780 1456 3848 majora,
1493 3781 1776 3849 soliusque
1805 3782 2096 3835 obezceatze
2134 3783 2332 3836 animae

749 3873 922 3926 oculis
954 3873 1125 3926 im‘iSa
1163 3884 1380 3926 manent
1409 3884 1460 3927 et
1491 3874 1715 3942 ignota?
1742 3875 2011 3940 Quoniam
2050 3891 2199 3940 vero,
2231 3880 2336 3932 etsi

753 3963 890 4017 forte
914 3965 1170 4032 proprius
1195 3967 1257 4015 ad
1289 3964 1534 4016 divinum
1571 3962 1830 4026 Verbum,
1863 3976 2114 4018 nostrum
2142 3981 2337 4036 nempe

750 4055 933 4109 Iesum
971 4057 1071 4110 hoc
1101 4057 1435 4114 referuntur.
1471 4075 1576 4111 uua
1613 4068 1791 4112 tamen
1831 4059 1993 4114 fuerit
2031 4076 2058 4112 a
2094 4058 2254 4114 Patre
2283 4069 2338 4115 ct

749 4147 887 4202 Filio
923 4149 975 4201 in
1010 4148 1216 4218 Spiritu
1249 4149 1448 4203 divinae
1481 4151 1914 4218 dispensationis
1945 4151 2334 4217 beneﬁcentia,

746 4259 812 4295 ex
849 4259 1065 4311 unaque
1110 4244 1386 4296 communi
1425 4244 1782 4314 benignitate,
1817 4260 1880 4299 ac
1916 4246 2146 4314 proinde
2179 4248 2336 4300 nobis

747 4350 962 4404 semper
996 4337 1222 4390 indivise
1260 4341 1565 4403 omnigeuaz
1592 4337 1868 4392 felicitatis
1902 4348 1951 4391 et
1981 4339 2172 4392 salutis
2207 4353 2336 4408 pro-

749 4430 944 4483 dierint
977 4431 1240 4492 remedia,
1273 4431 1418 4484 idem
1447 4440 1529 4484 est
1557 4431 1803 4485 divinum
1839 4431 2065 4486 laudare
2091 4430 2332 4486 Verbum

748 4532 811 4571 ac
846 4527 1012 4571 totam
1041 4520 1428 4575 concelebrare
1459 4520 1810 4584 Trinitatem,
1839 4537 1935 4576 seu
1960 4523 2140 4591 potius
2166 4539 2334 4575 unum

745 4608 799 4664 in
839 4625 1200 4676 personarum
1234 4611 1508 4670 Trinitate
1549 4616 1740 4673 Deum.
1781 4616 1889 4687 Ipsi
1941 4618 2115 4686 gloria
2153 4617 2203 4670 in
2235 4631 2335 4671 sa:-

743 4705 888 4757 cula.
929 4706 1123 4760 Amen.

2367 4483 2417 4543 D

2445 3223 2616 3293 μείζω
2651 3223 2754 3292 μὲν
2789 3225 3101 3293 φανέρωσιν
3144 3226 3364 3293 ἑαυτοῦ,
3414 3228 3594 3279 καίτοι
3645 3225 3882 3294 πρόσθεν
3932 3227 4026 3277 ὐπ’

2438 3319 2650 3370 ἐκείνου
2684 3319 3020 3387 φανερωθεὶς
3059 3319 3138 3388 τῷ
3166 3317 3344 3389 καιρῷ
3394 3321 3800 3390 προσηκόντως,
3855 3335 4028 3387 σφρα-

2438 3412 2562 3477 γῖδα
2593 3411 2648 3463 δὲ
2677 3412 2782 3464 τῶν
2831 3414 2909 3474 είς
2947 3413 3094 3482 ημᾶς
3156 3412 3506 3481 εὐεργεσιῶν.
3564 3412 3737 3474 Αὐτὸς
3784 3414 3876 3464 καὶ
3934 3412 4029 3462 τὸν

2439 3505 2674 3557 ἑκάστου
2700 3503 2808 3556 τῶν
2834 3505 3041 3557 τέκνων
3074 3504 3186 3573 βίον
3221 3506 3395 3558 ίθύνει
3425 3502 3536 3556 τῶν
3582 3505 3763 3557 πίστει
3814 3520 3874 3554 τε
3930 3504 4028 3553 καὶ

2442 3598 2759 3666 προαιρέσει
2802 3599 3277 3668 μεμορφωμένων,
3302 3598 3384 3651 δεῖ
3433 3598 3541 3669 γὰρ
3580 3597 3908 3667 προελέσθαι
3957 3596 4027 3648 τὰ

2440 3692 2676 3761 κρείττω
2700 3691 2892 3762 γνώμη
2925 3693 3021 3763 ὅλῃ
3054 3690 3193 3762 ῥοπῇ
3227 3709 3241 3723 ⁸
3268 3693 3300 3761 ἡ
3327 3692 3383 3745 δὲ
3405 3693 3566 3762 χάρις
3593 3693 3752 3751 εὐθὺς
3783 3691 4024 3758 συναντᾷ

2438 3784 2552 3846 τοῖς
2592 3783 2734 3835 οὕτω
2799 3783 3249 3853 προῃρημένοις’
3308 3783 3362 3835 τί
3407 3784 3487 3836 δεῖ
3540 3785 3904 3853 καταριθμεῖν
3957 3786 4029 3834 τὰ

2441 3877 2617 3929 πάντα
2641 3877 2875 3929 νικῶντα
2909 3877 3066 3942 λόγον
3098 3877 3175 3942 τῷ
3209 3875 3406 3945 πλήθει
3441 3894 3499 3929 τε
3525 3880 3620 3929 καὶ
3662 3877 3884 3945 μεγέθει
3921 3877 4022 3943 τῆς

2442 3970 2682 4038 φανερᾶς
2731 3969 2997 4033 εὐποιίας,
3031 3970 3063 4038 ἦ
3097 3969 3277 4037 μόνοις
3307 3973 3419 4030 τοῖς
3444 3971 3869 4038 πεπηρωμένοις
3894 3973 4024 4032 τοὺς

2439 4065 2538 4131 τῆς
2581 4062 2756 4131 ψυχῆς
2785 4061 3098 4129 ὀφθαλμοὺς
3133 4063 3346 4131 ἀφανὴς
3388 4061 3467 4114 ἔτι
3505 4064 3655 4130 μένει
3710 4065 3803 4114 καὶ
3841 4065 4024 4129 ἄγνω-

2441 4173 2565 4218 στος
2599 4173 2614 4221 ;
2662 4154 2815 4209 Ἐπεὶ
2839 4155 2882 4207 δ’
2907 4157 2954 4206 εί
2977 4157 3068 4207 καὶ
3110 4154 3395 4224 ἰδιαίτερόν
3429 4171 3542 4216 πως
3585 4157 3721 4222 πρδς
3757 4156 3849 4208 τὸν
3885 4155 4030 4207 θεῖον

2440 4249 2774 4318 ἀναφέρεται
2814 4248 2987 4313 Λόγον
3018 4247 3110 4299 τὸν
3157 4249 3425 4316 ἡμέτερον
3463 4247 3697 4316 Ἰησοῦν,
3748 4249 3882 4301 ἀλλὰ.
3930 4251 4029 4317 μία

2439 4339 2505 4414 ἦν
2529 4345 2590 4396 ἐκ
2628 4341 2838 4412 [ἰατρὸς
2868 4343 2961 4394 καὶ
2997 4340 3128 4394 Υἱοῦ
3157 4341 3214 4391 ὲν
3249 4339 3526 4411 Πνεύματι
3563 4343 3595 4410 ἡ
3628 4342 3728 4411 τῆς
3761 4343 3910 4404 Θείας
3947 4345 4032 4396 ol-

2442 4437 2706 4505 κονομίας
2742 4436 3030 4503 εὐεργεσία
3064 4437 3125 4486 ὲκ
3168 4436 3295 4502 μιᾶς
3326 4436 3565 4503 ὀμόπνου
3593 4434 4029 4504 φιλανθρωπίας,

2445 4531 2538 4581 καὶ
2569 4527 2890 4598 ἀχωρίστως
2921 4529 3051 4596 ἡμῖν
3079 4526 3289 4579 ἐκεῖθεν
3346 4527 3433 4580 ἀεὶ
3489 4531 3558 4579 τὰ
3625 4529 3722 4596 τῆς
3765 4529 4034 4591 παντοίας

2443 4621 2700 4688 εὐτυχίας
2737 4621 2832 4671 καὶ
2860 4620 3138 4688 σωτηρίας
3188 4621 3518 4688 ἐκεράννυτο
3564 4619 3854 4689 φάρμακα,
3900 4639 4034 4673 ταυ-

2443 4713 2535 4765 τόν
2589 4713 2708 4762 ἐστι
2757 4711 2846 4762 τὶν
2909 4711 3051 4763 θεῖον
3102 4712 3276 4776 Λόγον
3334 4711 3522 4780 ὑμνεῖν
3580 4712 3675 4763 καὶ
3734 4711 3833 4779 τὴν
3900 4712 4032 4782 ὃλην

2443 4798 2752 4858 ἑκθειάζειν
2787 4799 3016 4869 Τριὰδα,
3051 4799 3254 4868 μᾶλλον
3299 4798 3356 4850 δὲ
3390 4801 3481 4852 τὸν
3528 4805 3586 4853 ἐν
3639 4797 3830 4868 Τριάδι
3867 4817 4035 4870 προσ-

2445 4894 2612 4949 ώπων
2646 4891 2746 4947 ἕνα
2774 4892 2927 4946 Θεὸν.
2961 4892 3117 4961 Αὐτῷ
3139 4887 3264 4957 δόξα
3300 4895 3377 4956 είς
3406 4893 3532 4956 τοὺς
3563 4893 3787 4958 αἰῶνας.
3831 4892 4031 4962 ’Λμήν.
