4416 6456
403 422 506 487 601

1515 435 1883 497 EPISTULA
1937 438 2036 498 AD
2078 438 2563 507 PLETHONEM.

3565 455 3671 519 602

402 546 553 608 θείας
580 564 639 600 τε
686 546 817 614 πέρι
849 548 946 616 τῆς
997 547 1054 599 ἐν
1080 550 1190 610 τοῖς
1224 549 1505 638 τοιούτοις,
1557 551 1670 604 οὗθ’
1707 553 1867 620 ἡμεῖς
1893 567 1985 617 γε·
2009 548 2060 608 Δ
2090 551 2167 620 μὴ
2196 555 2328 620 ἡμῖν
2357 557 2608 627 ἐχαρίζου
2656 558 2960 638 προῦργου,
2996 565 3065 633 τῇ
3106 564 3151 616 δ’
3182 564 3432 636 ἀληθεία,
3472 570 3565 621 καὶ
3594 571 3670 638 τῷ

410 639 603 704 θοίμεθ’
635 639 702 692 ἂν
739 639 989 706 ἀλλήλοις
1022 641 1231 708 κριταὶ,
1293 639 1420 709 περὶ
1454 633 1529 694 ὧν
1584 641 1980 709 διενηνέγμεθα

401 730 523 798 ἤδη,
560 729 674 784 οὔτ’
703 732 884 792 ἄλλοις
915 731 1306 800 πιστεύσαιμεν
1341 732 1606 801 κρίνουσι,
1644 733 1721 802 τῷ
1746 732 1894 801 αύτῷ
1919 733 1981 802 δὴ

404 822 496 874 καὶ
537 823 756 876 πάντων
791 823 955 876 πάθει
1010 824 1412 891 ἐνεσχημένων,
1461 825 1554 877 καὶ
1603 823 1711 877 τῶν
1753 824 1854 892 μὲν
1903 823 1981 894 τῷ

403 913 577 984 ἑτέρῳ
609 915 1049 984 προσκειμένων,
1087 916 1196 969 τῶν
1224 916 1280 969 δὲ
1313 915 1391 984 τῷ
1422 916 1594 986 ἑτέρῳ
1626 917 1737 970 τοῖν
1769 917 1984 985 φιλοσό-

404 1022 548 1069 φοιν,
574 1000 650 1059 ὧν
683 1007 956 1074 οὐδέτεροι
1002 1009 1112 1072 τοῖς
1161 1008 1369 1078 θάτερα
1399 1009 1723 1077 τετιμηκόσι
1753 1008 1982 1074 γένοιντ’

401 1093 467 1148 ἀν
490 1096 757 1168 ἀξιόχρεῳ
787 1099 1060 1168 διαιτηταὶ
1092 1100 1220 1170 περὶ
1277 1101 1387 1154 τῶν
1429 1100 1651 1169 ἐτέρων.
1689 1100 1982 1169 Λοιδοριῶν

401 1186 458 1240 δὲ
481 1187 607 1256 πέρι
640 1190 732 1240 καὶ
767 1189 1025 1258 τοιαύτης
1055 1190 1443 1259 ἀσχημοσύνης
1469 1194 1551 1254 τίς
1571 1190 1635 1244 ἂν
1654 1191 1982 1262 άμιλληθείη

406 1277 498 1330 καὶ
528 1276 731 1346 ὁτῳοῦν
757 1298 770 1345 ;
808 1272 885 1333 ῶν
929 1297 991 1346 γε
1025 1281 1145 1332 οὐδὲ
1180 1283 1291 1343 τοῖς
1321 1281 1536 1350 ἐχθροῖς
1561 1280 1766 1345 εὔξαιτ’
1788 1282 1854 1336 ἄν
1897 1298 1984 1344 τις

405 1371 657 1436 τὺοπλέον
715 1373 881 1442 ἔχειν,
929 1373 1004 1442 μή
1039 1373 1092 1424 τί
1128 1389 1188 1440 γε
1247 1373 1448 1440 ἐαυτῷ,
1499 1373 1736 1442 σώφρων
1791 1390 1852 1426 τε
1887 1373 1984 1427 καὶ

406 1465 654 1532 ἐπιεικὴς
689 1464 786 1528 ῶν,
821 1465 957 1535 πλὴν
993 1466 1045 1517 εῖ
1067 1483 1190 1518 τινα
1222 1465 1316 1518 καὶ
1351 1465 1596 1519 τοιοῦτον
1622 1466 1870 1533 θειοτέρα
1899 1483 1984 1528 τις

404 1557 555 1609 αἰτία
585 1565 679 1610 και
711 1558 948 1624 ἄφυκτος
976 1557 1069 1609 καὶ
1099 1557 1372 1626 ἄρξασθαί
1405 1574 1535 1610 ποτε
1571 1557 1983 1626 κατηνάγκασε.

404 1647 630 1709 Τούτοις
663 1646 763 1715 μὲν
781 1648 844 1716 δὴ
863 1649 960 1702 καὶ
985 1645 1246 1710 τοιούτοις
1270 1649 1443 1715 ἔγωγε
1467 1648 1562 1701 νῦν
1587 1650 1789 1718 ἥκιστα
1818 1667 1986 1719 προσ-

406 1740 551 1809 έχειν
602 1741 767 1810 φημί.
801 1739 907 1794 Τοῦ
937 1741 995 1795 δέ
1033 1740 1133 1810 τὴν
1168 1741 1398 1808 πάτριον
1439 1739 1595 1808 ήμῶν
1644 1738 1980 1805 θεοσέϐειαν,

2083 644 2301 716 δικαίῳ,
2341 650 2434 702 καὶ
2464 651 2680 715 πολλοῖς
2715 653 2896 717 ἄλλοις
2929 647 3004 710 ῶν
3038 658 3120 710 σοὶ
3146 658 3298 711 οὐδέν
3332 677 3382 711 τι
3412 663 3487 728 (1)
3510 656 3672 732 ἦττον

2082 735 2240 804 ήμῶν
2270 738 2450 792 αὐτῶν
2489 742 2659 810 μέλει,
2694 747 2788 798 καὶ
2822 746 2996 810 οὕτως
3029 750 3176 818 ἡμᾶς
3219 750 3350 814 ἔδει,
3377 753 3438 804 τὸ
3469 756 3671 806 οἰκεῖον

2087 829 2162 898 μὴ
2199 830 2718 902 ὑπολογιζομένους,
2781 836 3106 905 ἀμείϐεσθαι
3153 840 3246 893 τδν
3272 842 3352 902 είς
3402 843 3462 894 τὸ
3495 845 3674 895 κοινὸν

2084 920 2423 988 ὠφελοῦντα,
2455 926 2508 977 εῐ
2535 943 2587 978 τι
2620 926 2712 979 καὶ
2751 927 2857 998 ίδίᾳ
2897 928 3046 998 αύτῷ
3084 931 3398 998 μέμφεσθαι
3426 932 3668 1001 ἔχοιμεν,

2083 1013 2364 1080 ἀφιέντας,
2398 1017 2490 1068 καὶ
2513 1017 2634 1081 ἐξὸν
2662 1018 2927 1089 ἐλέγχειν,
2964 1021 3064 1074 οὐκ
3095 1022 3504 1092 ἐξελέγχοντας.
3532 1027 3671 1076 υῦκ-

2082 1106 2178 1160 οῦν
2221 1107 2308 1161 διὰ
2343 1108 2516 1162 ταῦτα
2559 1111 2694 1180 πρὸς
2734 1113 2834 1182 μὲν
2878 1116 2947 1167 τὰ
2978 1115 3047 1169 σά
3081 1133 3142 1182 γε
3179 1117 3386 1180 ἐκεῖνα,
3418 1119 3570 1170 ὁποῖ’
3608 1120 3672 1171 ἂν

2083 1198 2287 1265 δόξειεν
2340 1200 2576 1269 ὀφθέντα
2609 1203 2776 1268 ποτὲ,
2829 1206 2982 1259 οὐδέν
3040 1224 3130 1276 μοι
3183 1208 3672 1277 ἀντιγεγρὰψεται,

2085 1289 2198 1344 ἀλλ’
2240 1291 2385 1345 ἐάσω
2441 1309 2502 1346 σε
2559 1294 2858 1348 ἀπολαύειν
2909 1290 2984 1350 ῶν
3025 1299 3081 1359 ἐς
3128 1299 3476 1369 Ἀριστοτέλη
3502 1318 3559 1352 τε
3602 1298 3672 1354 αὗ

2086 1384 2181 1434 καὶ
2229 1383 2399 1453 ἡμᾶς,
2451 1383 2525 1446 ὡς
2547 1385 2597 1438 οἰ
2654 1386 2855 1450 ἰδόντες
2891 1388 3167 1456 λέγουσιν,
3214 1391 3666 1460 αὐτοσχεδιάσας,

2086 1472 2193 1544 ῷου
2237 1491 2291 1526 τι
2320 1474 2646 1544 ἀμυνεῖσθαι⁹
2689 1477 2724 1547 ἢ
2773 1478 3160 1545 ἐπιδείξεσθαι,
3195 1480 3303 1544 -ὠς
3357 1482 3423 1534 ἂν
3470 1482 3554 1551 εῖη
3590 1500 3676 1534 σοι

2088 1564 2184 1618 καὶ
2220 1564 2396 1620 ταῦτα
2421 1566 2673 1638 διατριϐὴ
2710 1566 2852 1641 [καὶ]
2883 1572 2995 1633 τοῖς
3044 1572 3219 1640 ἥδιστ’
3244 1573 3308 1626 ἀν
3357 1574 3525 1626 ἰδοῦσι
3561 1573 3679 1642 μετ’

2087 1658 2258 1729 ὀργῆς
2288 1659 2651 1714 ἀναπαλαίειν
2709 1663 3054 1733 πειρώμενον
3107 1666 3203 1718 καὶ
3249 1668 3519 1734 κραυγῆς,
3555 1669 3680 1718 καί-

2088 1762 2170 1798 τοι
2227 1745 2412 1816 σχεδὸν
2447 1750 2922 1820 ἀποτριαχθένταο
2955 1753 3017 1805 ού
3067 1754 3174 1821 γάρ
3206 1756 3338 1825 ἡμῖν
3373 1773 3432 1822 γε
3479 1757 3680 1820 δόξειεν

404 1835 436 1902 ἥ
467 1834 832 1903 φυλάττοντας
894 1834 1011 1904 ἅμα
1055 1851 1115 1887 τε
1164 1833 1286 1903 Θεῷ
1333 1834 1430 1886 καὶ
1479 1834 1764 1903 φρονίμοις
1815 1836 1983 1887 πᾶσιν
2019 1873 2060 1929 Β
2090 1837 2178 1901 ἂν,
2209 1834 2297 1891 οἷα
2344 1840 2409 1909 δή
2462 1857 2596 1908 φασι
2627 1842 2722 1894 καὶ
2758 1843 3030 1912 Κυμαίοις
3058 1845 3165 1915 (2).
3201 1848 3309 1899 Καὶ
3343 1846 3370 1899 δ
3421 1847 3484 1915 δὴ
3521 1847 3682 1900 πλέον

403 1929 679 1996 ἀρέσκειν,
717 1929 772 1997 ἢ,
825 1928 901 1991 ὡς
929 1927 1083 1981 οὐδὲν
1110 1928 1388 1995 διαφέρον,
1445 1927 1568 1979 ἀντὶ
1598 1926 1767 1991 δοξῶν
1795 1943 1854 1979 τε
1886 1927 1987 1979 οὐκ

401 2019 621 2088 ἀληθῶν
660 2019 756 2072 καὶ
807 2020 1155 2090 πραγμάτων
1189 2019 1366 2072 ἄλλων
1400 2017 1759 2087 προϊεμένους
1800 2016 1986 2070 δυσσε-

404 2094 542 2178 ϐἒῖν,
569 2112 702 2165 πολύ
734 2112 898 2182 τιδὴ,
926 2112 1002 2176 ὡς
1036 2107 1217 2177 οἰσθα,
1242 2114 1337 2166 καὶ
1370 2112 1500 2180 ἡμῖν
1533 2112 1594 2163 ἐκ
1626 2110 1826 2164 πολλοῦ
1852 2110 1982 2181 ἐμέ-

402 2205 533 2272 λησέ
567 2223 626 2258 τε
653 2204 766 2268 καὶ,
799 2206 896 2260 σὺν
919 2206 1036 2274 Θεῷ
1087 2207 1272 2273 φάναι,
1302 2205 1550 2274 μελήσει,
1583 2203 1711 2256 ὥσθ’
1735 2205 1883 2267 ὅπως
1913 2204 1987 2274 μὴ

403 2301 618 2365 πολλοῖς
648 2299 889 2369 συμϐαίη
947 2299 1016 2352 τὰ
1047 2300 1298 2368 δεύτερα.
1331 2299 1407 2352 Ού
1437 2298 1546 2368 γὰρ
1578 2299 1706 2369 περὶ⁸
1738 2299 1895 2368 ήμῶν
1925 2315 1988 2366 γε

402 2391 605 2457 αὐτῶν,
639 2393 735 2446 σὺν
755 2391 907 2462 αύτῷ
929 2391 1047 2461 Θεῷ
1067 2391 1108 2444 δ’
1137 2392 1395 2463 εἰρήσθω,
1424 2393 1642 2446 τοιοῦτό
1672 2410 1726 2447 τι
1752 2392 1988 2461 δέδιμεν.

403 2481 508 2541 Ὠν
557 2488 722 2540 ἕνεκα
761 2487 996 2555 ζηλωτοὶ
1043 2488 1153 2550 τοῖς
1188 2487 1404 2548 πολλοῖς
1437 2486 1754 2556 ἐδοκοῦμεν,
1781 2486 1991 2541 τούτων

403 2581 504 2634 οὐκ
542 2582 656 2634 ἐσθ’
682 2583 709 2635 ὃ
742 2600 794 2635 τι
821 2583 882 2634 ού
913 2581 1273 2651 προηκάμεθα
1305 2580 1607 2651 χαίροντες.
1641 2581 1715 2633 Οὑ
1747 2581 1854 2650 γάρ
1898 2576 2008 2655 ἦν,

402 2676 478 2737 ὡς
509 2676 721 2741 ἔοικεν,
770 2678 996 2729 ἐκείνων
1035 2693 1092 2728 τε
1149 2675 1444 2728 ἀπολαύειν
1491 2675 1696 2738 καλῶς,
1733 2676 1827 2728 καὶ
1865 2677 1990 2740 τοὺς

405 2768 600 2830 ἀλλους
627 2767 772 2838 λόγῳ
817 2786 876 2821 τε
912 2771 1004 2823 καὶ
1050 2769 1198 2838 ἔργῳ
1234 2768 1464 2834 πείθειν,
1513 2768 1588 2830 ὡς
1639 2769 1988 2837 σωφρονοῖεν.

405 2864 528 2918 Εἰσὶ
558 2863 604 2916 δ’
630 2864 689 2915 ἐν
715 2863 792 2932 τῷ
816 2862 914 2916 νῦν
945 2862 1125 2932 χρόνῳ
1156 2862 1390 2916 τοιοῦτοι
1427 2862 1559 2931 παρ’
1596 2864 1727 2929 ἡμῖν
1761 2862 1862 2914 οὐκ
1884 2861 1995 2914 ὀλί-

404 2972 514 3024 γοι,
546 2954 639 3018 οὒς
672 2957 764 3009 καὶ
817 2954 977 3016 αὐτὸς
1030 2954 1245 3024 ἔφησθα
1278 2954 1534 3017 δεδιέναι,
1560 2955 1621 3006 τι
1649 2954 1692 3006 δ’
1713 2954 1860 3014 ὅπως
1918 2953 1994 3024 μὴ

403 3047 649 3112 γένοιν“τό
704 3063 834 3099 ποτε
871 3045 1032 3114 ήμῶν
1087 3061 1149 3097 τε
1199 3045 1292 3097 καὶ
1341 3044 1450 3096 τῶν
1503 3044 1788 3114 ἡμετέρων
1819 3043 1994 3111 λόγων

403 3140 689 3210 κρείττους
711 3141 952 3202 Λατῖνοι,
989 3140 1064 3210 μὴ
1105 3139 1360 3192 δεδιέναι.
1406 3137 1630 3192 Τοσοῦτ’
1667 3139 1987 3208 ἀπέσχομεν

2091 1931 2228 1994 ἐστὶ,
2256 1932 2671 2003 συγχωρήσαιμ⁹
2700 1935 2766 1988 ἀν
2818 1954 2900 1990 σοι
2957 1939 3051 1990 καὶ
3094 1938 3354 1991 Πλάτωνα
3391 1942 3485 1992 καὶ
3534 1941 3680 2006 ’Λρι-

2090 2022 2312 2092 στοτέλη
2347 2022 2536 2094 ληρεῖν
2565 2026 2790 2095 ὁμοίως.
2827 2026 2892 2080 Τί
2916 2029 3027 2099 γὰρ
3061 2027 3127 2082 ἂν
3155 2030 3249 2081 καὶ
3281 2029 3476 2098 ὄφελος
3504 2032 3678 2098 γένοι-

2089 2130 2170 2178 το,
2197 2114 2460 2185 ὁποτέρου
2494 2118 2707 2170 τούτοιν
2757 2118 2920 2172 πλέον
2965 2119 3385 2188 εὐδοκιμοῦντος
3417 2137 3432 2188 ;
3472 2121 3536 2173 υἶ
3581 2122 3680 2187 τῆς

2091 2206 2536 2278 κερδαλεωτάτης
2564 2210 2822 2280 ἀληθείας
2857 2213 2955 2282 οὐχ
2979 2207 3080 2266 οἷοί
3118 2230 3176 2266 τε
3207 2214 3458 2281 ἐγένοντο
3497 2214 3530 2283 ἢ
3582 2214 3684 2265 οὐκ

2090 2299 2322 2369 ἠξίωντο
2370 2306 2589 2374 τυχεῖν·
2636 2304 2666 2358 δ
2720 2306 2873 2374 σφίσι
2909 2323 2968 2359 τε
3003 2307 3188 2370 αὐτοῖς
3220 2307 3312 2361 καὶ
3344 2309 3456 2370 τοῖς
3501 2307 3686 2369 ἄλλοις

2092 2395 2264 2448 αἴτιον
2295 2396 2485 2463 γέγονε
2514 2395 2609 2450 τοῦ
2641 2397 2736 2451 καὶ
2767 2398 2895 2468 περὶ
2933 2399 3040 2452 τῶν
3071 2398 3272 2463 ἄλλων,
3327 2399 3427 2452 ὅσα
3476 2398 3686 2452 ἐλάττω

2090 2484 2352 2555 τυγχάνει
2391 2484 2471 2555 τῷ
2525 2486 2673 2551 γένει
2730 2485 2880 2550 ὄντα,
2917 2488 3077 2542 ἀλλον
3127 2490 3184 2541 ἐν
3216 2489 3362 2559 ἄλλῳ
3389 2489 3483 2541 τοῦ
3533 2490 3685 2551 ὄντος

2088 2576 2439 2650 διαμαρτεῖν.
2507 2577 2650 2632 Ἀλλ’
2682 2578 2736 2631 εἴ
2784 2581 2836 2632 τί
2893 2596 2958 2647 γε
3006 2581 3115 2649 ἀρα
3151 2582 3248 2635 καὶ
3283 2584 3549 2651 χρήσιμοι
3574 2584 3686 2644 τοῖς

2094 2673 2398 2740 χρωμένοις
2455 2671 2707 2726 δύναιντο
2758 2667 2922 2739 εἰναι,
2963 2673 3120 2726 τοῦτο
3173 2676 3268 2727 καὶ
3318 2675 3450 2745 παρ’
3483 2676 3688 2746 ἐτέρων

2095 2762 2279 2816 λαϐεῖν
2300 2762 2437 2829 ἐστι,
2493 2765 2817 2834 προαιρέσει
2868 2765 2969 2834 μὲν
3003 2767 3116 2827 τοῖς
3149 2767 3367 2832 πολλοῖς
3399 2768 3500 2820 οὐκ
3525 2769 3688 2819 εύπευ

2095 2855 2351 2925 τεστέρα,
2403 2856 2612 2927 σπουδῇ
2658 2856 2714 2909 δέ
2746 2857 3010 2912 ἐλάττονι.
3042 2852 3205 2913 Οὗτοι
3245 2859 3291 2913 δ’
3327 2862 3491 2925 εἰσὶν,
3521 2862 3571 2914 οἳ
3611 2863 3692 2928 τῷ

2096 2950 2196 3018 τῆς
2241 2951 2395 3021 ἰεράς
2450 2953 2804 3017 διδασκαλίας
2855 2953 3264 3025 ἐλλαμφθέντες
3322 2960 3485 3027 φωτὶ,
3533 2963 3598 3030 τῇ
3633 2961 3691 3026 ἐξ

2100 3041 2325 3096 ἐκείνων
2387 3045 2550 3116 σοφίᾳ
2602 3045 2793 3117 ῶσπερ
2848 3047 2972 3100 τινά
3025 3049 3427 3121 ἐπιστήσαντες
3484 3053 3692 3122 ταύτην

2101 3134 2495 3204 παιδαγωγὸν,
2558 3138 2713 3192 αὐτοί
2755 3157 2816 3194 τε
2873 3139 3054 3210 πολλῷ
3128 3141 3540 3213 Ἀριστοτέλους
3599 3148 3693 3200 καὶ

405 3233 717 3287 θεοσέϐειάν
776 3250 835 3286 τε
867 3233 959 3286 καὶ
995 3231 1343 3303 ἀνθρωπίνην
1365 3232 1532 3302 τιμὴν
1563 3232 1993 3286 ἀντικαταλλάτ-
2021 3218 2067 3279 C
2104 3230 2392 3292 Πλάτωνος
2432 3232 2529 3283 καὶ
2561 3231 2672 3286 τῶν
2728 3235 2930 3303 ὁμοίων
2985 3234 3232 3303 βελτίους
3296 3237 3564 3305 ἐγένοντο,
3601 3245 3693 3293 καὶ

401 3329 610 3390 τεσθαι,
633 3328 662 3381 δ
705 3329 889 3397 ληρεῖν
915 3344 1060 3391 τινες
1106 3327 1205 3381 οὐκ
1234 3325 1478 3392 ὀκνοῦσι,
1508 3327 1617 3379 τῶν
1649 3327 1995 3396 πραγμάτων

401 3421 584 3483 αὐτοῖς
614 3421 1129 3487 ἁντιφθεγγομένων
1157 3461 1172 3485 ,
1221 3420 1473 3473 κυνιδίων
1504 3421 1580 3481 ὡς
1608 3419 1826 3488 ἀληθῶς
1876 3420 1997 3472 ἐπι-

401 3513 745 3580 δεικνύμενοι
795 3512 1121 3583 προαίρεσίν
1176 3529 1237 3564 τε
1269 3513 1364 3564 καὶ
1392 3512 1644 3580 δύναμιν,
1677 3512 1756 3564 ὅτι
1787 3511 1880 3564 τὸν
1906 3509 1998 3563 θυ-

406 3605 506 3672 μὸν
527 3607 584 3657 ἐν
610 3608 725 3666 ταῖς
756 3605 1070 3672 λοιδορίαις,
1107 3603 1182 3665 ὡς
1222 3604 1406 3655 ἐκεῖνα
1442 3604 1564 3665 ταῖς
1589 3602 1838 3666 ὑλακαῖς,
1877 3601 1984 3666 ἐξε-

405 3699 657 3766 μοῦντες,
687 3697 823 3751 πολὺ
843 3698 1004 3750 πλέον
1028 3700 1086 3749 ἐν
1122 3697 1230 3759 τοῖς
1260 3695 1580 3762 ἀναγκαίοις
1611 3694 1928 3748 ἀπαυδῶσιν
1962 3694 1995 3764 ἢ

400 3791 525 3844 ὅσον
562 3791 618 3843 ἐν
641 3792 762 3852 ταῖς
793 3789 901 3842 τῶν
927 3791 1198 3859 περιττῶν
1245 3806 1304 3840 τε
1351 3791 1447 3840 καὶ
1479 3787 1741 3857 χειρόνων
1771 3788 1998 3841 νικῶσιν

401 3882 754 3952 ὑπερϐολαῖς.
791 3883 850 3935 Εἰ
882 3881 928 3934 δ’
955 3883 1316 3950 ἀγανακτοῖεν
1349 3881 1643 3951 πρεσϐείου
1680 3883 1823 3946 τινὸς
1852 3881 1992 3936 εἵνε-

401 3993 491 4040 κα,
528 3975 620 4027 καὶ
658 3975 900 4042 μείζοσιν
924 3976 1024 4028 οὐκ
1059 3977 1365 4044 όκνήσομεν
1403 3976 1603 4036 αὐτοὺς
1632 3975 1994 4044 παρεικάσαι,

398 4071 519 4128 ταῖς
549 4067 855 4120 ἀλωπεκίσι
913 4066 1007 4119 καὶ
1051 4069 1171 4126 ταῖς
1211 4065 1567 4129 Ἀκταίωνος.
1615 4067 1686 4118 Σὺ
1724 4067 1768 4119 δ’
1819 4067 1906 4119 ἀεί
1936 4084 1996 4119 τε

397 4155 545 4232 ἦσθα
580 4161 639 4213 ἐν
671 4161 783 4221 τοῖς
832 4160 962 4227 περὶ
999 4157 1093 4210 τοῦ
1124 4157 1654 4227 ἀμφισϐητουμένου
1683 4158 1879 4212 τούτου
1905 4159 2000 4212 λό-

398 4266 518 4318 γοις
546 4249 624 4320 τῷ
651 4251 796 4318 γένει
828 4267 888 4302 τε
925 4250 1020 4302 καὶ
1053 4251 1118 4318 τῇ
1145 4248 1448 4319 Ἐκκλησία
1474 4251 1669 4319 φίλιος,
1701 4251 1797 4303 καὶ
1822 4252 1998 4304 οὐδενὶ

397 4344 654 4399 οὐδέποτε
689 4343 877 4412 τρόπῳ
921 4341 1189 4410 ἐπαχθὴς,
1249 4341 1345 4394 καὶ
1380 4340 1476 4394 νῦν
1505 4340 1798 4411 τεκμηρίῳ
1833 4342 1997 4410 μεγί-

399 4456 512 4510 στῳ
543 4435 692 4491 τοῦτ’
722 4436 930 4500 ἔδειξας
961 4451 976 4467 ο
1008 4435 1139 4488 ὥστ’
1172 4435 1222 4487 εἰ
1253 4435 1346 4488 καί
1380 4452 1531 4495 τινας
1557 4435 1796 4504 πρόσθεν
1819 4435 1998 4488 τοιοῦ-

2097 3322 2226 3384 τοὺς
2259 3323 2687 3389 συγγινομένους
2741 3325 2924 3378 αὐτῶν
2975 3331 3097 3392 ταῖς
3162 3329 3366 3398 βίϐλοις
3416 3331 3695 3396 τοιούτους

2101 3414 2336 3470 ποιοῦσι.
2377 3417 2490 3469 Καὶ
2524 3417 2709 3470 πολλοί
2736 3435 2798 3486 γε
2831 3419 2898 3473 δι’
2941 3422 3124 3475 αὐτῶν
3173 3423 3407 3477 τοιοῦτοι
3440 3428 3698 3496 γεγένην-

2099 3524 2210 3572 ται,
2246 3502 2348 3560 οἷοι
2401 3509 2475 3578 μὴ
2504 3509 2589 3562 ὅτι
2645 3510 2758 3564 τῶν
2789 3512 3122 3583 εἰρημένων,
3184 3514 3322 3568 ἀλλά
3355 3519 3447 3570 καὶ
3487 3517 3695 3588 Ἑρμοῦ

2099 3601 2262 3654 αὐτοῦ
2300 3603 2394 3655 καὶ
2439 3602 2776 3668 ’Λπόλλωνος
2805 3608 2897 3660 καὶ
2942 3608 3202 3672 Μουσῶν,
3229 3611 3323 3662 καὶ
3356 3611 3578 3665 πάντων
3612 3612 3699 3680 ἐφ’

2099 3693 2191 3756 οὓς
2223 3696 2255 3762 ἡ
2315 3694 2606 3767 Ἑλληνικὴ
2639 3698 2903 3768 ἀναφέρει
2950 3700 3132 3767 σοφία,
3201 3703 3466 3771 πάμπολυ
3502 3705 3700 3773 ὑπερε-

2099 3789 2335 3855 νεγκεῖν.
2369 3789 2449 3842 Τά
2505 3790 2603 3853 μέν
2631 3791 2740 3860 γὰρ
2770 3791 2879 3844 τῶν
2919 3792 3052 3861 περ’
3088 3794 3349 3865 Ἕλλησιν
3406 3799 3501 3849 ἐπὶ
3535 3798 3699 3866 σοφία.

2101 3882 2333 3949 πρώτων
2367 3881 2504 3950 ἔργα
2530 3882 2640 3933 τῶν
2670 3900 2734 3951 γε
2777 3885 3061 3945 πλειόνων,
3120 3888 3216 3939 καὶ
3267 3888 3376 3940 τῶν
3411 3890 3519 3941 τῶν
3561 3909 3702 3957 φαυ-

2100 3971 2368 4026 λοτάτων·
2402 3975 2629 4026 ἰδιωτῶν
2692 3977 2861 4046 χείρω
2907 3973 2996 4050 ἦν,
3039 3980 3115 4050 τῷ
3154 3982 3252 4050 τὴν
3295 3982 3394 4050 μὲν
3461 3984 3593 4053 περὶ
3639 3972 3699 4036 τὸ

2101 4065 2359 4135 αἰσθητὸν
2389 4067 2537 4120 άπαν
2569 4068 2859 4140 διατριϐὴν
2904 4072 2981 4141 μὴ
3025 4073 3287 4126 δύνασθαι
3318 4079 3384 4145 τῇ
3427 4078 3699 4147 μετουσίᾳ.

2099 4156 2197 4210 τοῦ
2228 4161 2547 4228 κρείττονος
2573 4163 2667 4214 καὶ
2705 4165 2770 4231 τῇ
2798 4163 2892 4215 τοῦ
2926 4164 3082 4228 ὄντος
3111 4166 3278 4218 καλοῦ
3307 4167 3452 4240 θήρᾳ
3483 4170 3575 4222 τόν
3602 4171 3696 4223 ἄνα

2104 4252 2329 4320 θρωπον
2361 4256 2762 4322 προσαγαγεῖν,
2800 4257 2894 4310 καί
2926 4259 2973 4309 εί
3009 4257 3366 4329 θεωρητικῶς
3401 4264 3530 4333 περί
3560 4265 3700 4317 αὐτὰ

2106 4345 2270 4413 μόνον
2308 4347 2600 4416 στρέφοιτο
2626 4349 2756 4403 ἄνευ
2792 4350 2888 4402 τοῦ
2916 4351 3118 4421 ἥκιστα
3149 4354 3330 4407 αὐτῶν
3354 4355 3704 4423 ἐφάπτεσθαι

2104 4438 2203 4490 καὶ
2238 4441 2304 4508 τῇ
2334 4440 2625 4498 αἰσθήσει·
2665 4442 2794 4512 περὶ
2828 4443 2884 4495 δέ
2914 4461 2978 4512 γε
3015 4445 3124 4497 τῶν
3162 4450 3372 4515 νοητῶν
3410 4449 3578 4520 μηδὲν
3603 4452 3704 4502 au)-

380 4545 486 4592 .zo;
509 4528 586 4581 ῶν
617 4526 912 4597 ἐλελήθεις,
952 4526 1138 4588 αὐτοῖς
1163 4543 1219 4578 τε
1255 4526 1347 4577 καὶ
1380 4528 1495 4586 τοῖς
1527 4524 1840 4579 διαϐάλλειν
1871 4529 1996 4579 ἐπι-
2029 4568 2080 4628 D
2106 4533 2219 4595 τοῖς
2262 4533 2433 4601 σαφὲς
2453 4530 2599 4586 εῐναι
2633 4539 2763 4605 περί
2792 4538 2917 4589 ὅτου
2947 4538 3013 4591 ἂν
3041 4541 3131 4592 καὶ
3177 4541 3335 4605 ἐλπίς
3361 4560 3448 4606 τις
3493 4546 3577 4613 είη
3615 4546 3706 4614 βε-

397 4621 644 4692 χειροῦσι
699 4619 895 4689 μηκέτ’
941 4620 1007 4672 ἀν
1058 4619 1260 4683 ἐξεῖναι
1309 4619 1377 4671 τὰ
1412 4618 1519 4671 τῶν
1570 4619 1914 4686 ἀγ.οούντων
1961 4619 1993 4690 ἢ

395 4711 869 4768 ἐθελοκακούντων
918 4710 1292 4764 ἐνδείκνυσθαι
1327 4711 1458 4780 περί
1492 4711 1570 4765 σέ.
1613 4712 1737 4774 Πῶς
1792 4711 1884 4765 οῦν
1913 4712 1997 4764 δί-

396 4825 551 4870 καιος
583 4806 650 4861 ἂν
678 4803 747 4876 ἦν
793 4804 1100 4874 ἀντιλέγειν
1140 4805 1442 4875 ἐπιχειρῶν
1499 4805 1533 4874 ἢ
1567 4804 1884 4874 βασκαίνων
1918 4810 1997 4877 τῷ

395 4901 452 4960 ἐς
477 4897 546 4951 τά
582 4895 823 4967 μέγιστά
848 4913 905 4949 τε
941 4897 1038 4948 καὶ
1068 4895 1380 4948 οἰκειότατα
1425 4895 1814 4965 ξυμμαχοῦντι
1849 4896 1994 4951 οὕτω

395 4987 714 5058 χρησίμωςς
750 4986 811 5038 Εἰ
844 4986 955 5056 γάρ
990 5002 1056 5057 με
1091 4985 1184 5039 δύο
1212 4985 1488 5054 φεύγοντα
1510 4987 1686 5051 δίκας,
1710 4989 1992 5058 ἀπήλλατο

394 5094 483 5144 τες
524 5080 625 5150 μέν
663 5079 766 5149 τῆς
799 5079 1064 5149 μεγίστης
1089 5079 1497 5149 συναγορεύων,
1553 5084 1649 5135 καὶ
1677 5083 1741 5152 ἢν
1775 5085 1998 5140 πάντων

396 5172 466 5224 ἂν
512 5170 622 5224 τῶν
659 5170 1019 5240 ὑπαρχόντων
1055 5170 1403 5240 ήλλαττόμην
1460 5173 1658 5243 νικᾷν’
1696 5165 1762 5227 οὗ
1811 5173 1858 5228 δ’
1888 5177 1997 5230 ἔδει

396 5281 463 5334 με
495 5265 662 5334 μηδέν
697 5281 749 5317 τι
776 5263 965 5335 σχεδὸν
1017 5263 1355 5334 βλάπτεσθαι
1384 5265 1771 5334 ἐπεϐούλευες,
1803 5269 1834 5340 ἢ
1867 5271 1996 5324 διώ-

393 5375 506 5410 κων
537 5357 570 5427 ἢ
608 5358 686 5427 τῷ
713 5357 969 5411 διώκοντι
1010 5361 1408 5428 συνιστάμενος
1434 5376 1446 5391 ·
1478 5355 1885 5432 ἆρ’,εὐγνῶμον
1929 5365 1998 5419 ἂν

391 5445 478 5520 ἦν,
510 5450 716 5520 ἀφέντα
747 5469 832 5504 σοι
886 5453 1049 5522 χάριν
1107 5453 1310 5506 είδέναι
1345 5448 1420 5506 ὧν
1467 5454 1815 5520 ἐσπούδακας
1850 5458 1994 5528 ὠφε-

391 5543 523 5608 λεῖν,
552 5545 836 5616 ἐλαχίστου
869 5547 1210 5617 ἀδικήματος
1263 5552 1633 5618 μνησικακεῖν
1680 5569 1736 5604 τε
1770 5556 1862 5605 καὶ
1897 5559 1990 5607 ἁν-

391 5639 700 5705 τεπεξιέναι
747 5640 1046 5710 πειρᾶσθαι
1073 5657 1087 5706 ;
1136 5640 1339 5695 Πολλοῦ
1372 5659 1434 5711 γε
1470 5645 1560 5697 καὶ
1586 5644 1684 5700 δεῖ.
1720 5647 1786 5702 Εἰ
1812 5648 1867 5702 δὲ
1894 5651 1991 5704 καὶ

461 5843 539 5912 (Ι)
575 5840 714 5922 ιϊυτι.
759 5838 837 5904 οἷς
887 5842 1052 5922 ὀὐδέν
1106 5862 1179 5909 τι,
1253 5847 1394 5914 quod
1463 5863 1564 5905 nos
1618 5850 1981 5922 conjeclumlu

391 5914 832 5970 mncndaviunu»
874 5916 1045 5971 A1135.

2110 4627 2240 4678 ϐαία
2284 4625 2429 4679 οὕτω
2463 4629 2556 4681 καὶ
2606 4628 2756 4698 ἔχειν
2801 4631 2877 4694 ὡς
2925 4633 3020 4686 ὑπ’
3058 4635 3243 4688 αὐτῶν
3296 4638 3562 4704 ἔγνωστο,
3593 4639 3706 4691 ἀλλ’

2109 4717 2298 4788 ῶσπερ
2328 4719 2496 4790 ἄλλην
2522 4722 2646 4774 τινὰ
2675 4724 2786 4807 τῶν
2821 4724 3172 4796 ἐπιστημῶν,
3207 4727 3355 4782 οὕτω
3390 4730 3455 4802 δὴ
3486 4732 3580 4783 καὶ
3610 4732 3710 4802 τὴν

2108 4814 2235 4880 περὶ
2271 4812 2381 4864 τῶν
2414 4811 2579 4866 θείων
2620 4814 2884 4886 ἀσκῆσαι,
2919 4818 3015 4870 καὶ
3047 4818 3235 4891 πολλῷ
3266 4823 3472 4891 χεῖρον,
3509 4824 3619 4893 ὅσῳ
3643 4825 3709 4892 δὴ

2108 4907 2202 4956 καὶ
2248 4904 2436 4973 ῆττονι
2474 4906 2794 4978 βεϐαιότητι
2823 4924 2837 4938 ’
2872 4905 3016 4963 εἶναι
3063 4911 3162 4979 μέν
3213 4930 3338 4967 τινα
3366 4916 3477 4968 τῶν
3522 4934 3710 4984 φαινο-

2112 4999 2295 5067 μένων
2332 4999 2515 5069 πολλῴ
2570 5001 2810 5071 κρείττω
2853 5004 2949 5056 καί
2983 5005 3165 5059 αὐτῶν
3198 5008 3377 5070 ἐνίους
3413 5009 3711 5078 ὑπειληφό⁶

2107 5111 2228 5160 τας,
2266 5092 2494 5148 τοιαῦτα
2526 5094 2592 5159 δ’,
2622 5089 2711 5148 οἷα
2739 5097 2906 5161 αὐτὸς
2948 5098 3182 5164 ἕκαστος
3212 5098 3707 5172 ύπείληφενέἰναι,

2107 5185 2169 5238 ἐκ
2199 5204 2362 5239 τινων
2396 5186 2586 5256 μύθων
2615 5188 2649 5254 ἢ
2687 5188 2797 5242 τῶν
2838 5193 3060 5244 οἰκείων
3098 5193 3447 5265 προλήψεων,
3490 5197 3584 5247 καὶ
3614 5197 3711 5266 ἀρ·

2105 5281 2238 5351 χῶν,
2284 5280 2349 5344 ἆς
2399 5299 2530 5335 ποτε
2591 5282 2971 5354 ἀληθεστέρις
3020 5285 3131 5338 τῶν
3177 5286 3356 5342 ἄλλων
3414 5289 3712 5358 τυγχάνειν

2107 5373 2269 5446 ᾤετο,
2298 5374 2663 5446 ὡρμημένος.
2695 5377 2894 5431 Λαθεῖν
2928 5379 2984 5431 δέ
3008 5379 3118 5432 οὐδ’
3149 5380 3348 5445 αὐτοὺς
3381 5382 3627 5445 ἐκείνους
3653 5383 3714 5435 τὸ

2109 5469 2278 5538 μηδὲν
2321 5469 2513 5522 πιστὸν
2561 5469 2707 5540 ἔχειν
2744 5471 2871 5541 περὶ
2921 5472 3127 5538 αὐτῶν,
3160 5476 3207 5526 εἰ
3240 5475 3315 5546 μὴ
3361 5477 3419 5540 ἐς
3453 5477 3582 5529 ὅσον
3616 5477 3715 5531 καὶ

2102 5565 2167 5632 τῇ
2197 5564 2306 5614 τῶν
2339 5563 2569 5615 ἰδιωτῶν
2603 5564 2784 5636 πλάνῃ
2817 5565 3144 5635 ἐκέχρηντο,
3205 5569 3574 5639 χρηστηρίοις
3616 5573 3714 5625 καὶ

2104 5658 2223 5720 ταῖς
2261 5658 2476 5709 ἐκεῖθεν
2528 5657 2894 5728 προσέχοντες
2944 5660 3252 5730 ἀφορμαῖς,
3287 5662 3388 5715 οὐκ
3431 5661 3712 5734 ἐξηπσιτη⁴

2190 5860 2222 5911 2

2308 5857 2444 5923 Quia
2489 5873 2697 5931 rltmii'pf‘,
2749 5862 3057 5915 σκώπτεται
3118 5859 3194 5924 εἰς
3250 5858 3611 5931 ἀναισθησίαν
3679 5861 3714 5927 ἡ

2354 5930 2560 5993 Strab.)
2595 5930 2769 5985 ALLx.
