4468 6454
733 392 836 450 (ΗΠ

1833 387 2214 448 GENNADII
2249 386 2363 446 (ΣΡ.
2411 383 2932 444 ΡΑΤΙΠΛΒΟΠΕ

3890 379 3996 438 ΓΟιὲ

731 498 898 568 ε’χρῆν
934 500 1133 566 μηδένα
1169 501 1231 552 ἐκ
1271 501 1367 561 τῆς
1400 501 1589 563 οὐσίας
1614 501 1706 555 τοῦ
1741 502 1900 567 Θεοῦ,
1936 519 2034 554 ταν
2050 502 2132 552 τὸν
2164 501 2206 551 δ’
2238 501 2313 551 εί-
2349 507 2388 561 Α
2420 501 2515 549 καὶ
2549 499 2696 565 τρεῖς
2727 497 2924 556 παῖδας
2971 494 3360 563 γεγεννηκέναι
3391 495 3455 562 τῇ
3492 493 3650 561 φύσει
3697 492 3934 558 ὁμοίους,
3966 492 3996 558 ἢ

730 594 853 642 πεῖν
875 592 973 660 τῆς
1002 595 1284 660 ἐνεργείας
1324 594 1443 645 κατ’
1478 595 1698 656 αὐτοὺς,
1728 595 2069 662 προαχθῆναι
2102 594 2304 659 λέγειν,

731 685 849 735 ἀλλ’
872 685 1073 737 ἄπαιδα
1104 682 1249 754 εἶναι
1274 687 1530 749 καθάπαξ
1553 689 1641 739 τὸν
1668 688 1800 739 Θεὸν
1819 691 1915 741 καὶ
1936 691 2146 754 ἄγονον.
2178 689 2311 739 Καί-

733 793 813 827 τοι
864 776 1006 828 οὕτω
1059 777 1220 839 αὐτὸς
1269 779 1366 847 μὲν
1402 779 1635 846 μάλιστα
1674 780 1737 831 ἂν
1763 778 1838 841 εἷς
1871 777 1937 849 ἦν
1969 783 2063 832 καὶ
2100 779 2154 830 ἒν
2183 780 2307 830 ἀτο-

737 882 856 932 μον,
885 866 960 928 ὥς
991 885 1178 934 φασιν,
1222 869 1248 920 ὃ
1283 870 1414 922 πολὺ
1457 871 1666 938 βέλτιον
1712 873 1778 924 ἂν
1814 873 1894 941 εἴη
1934 873 2025 924 τοῦ
2056 873 2111 931 ἐς
2141 869 2311 921 πολλὰ

733 959 830 1027 τὴν
869 959 1099 1026 θεότητα
1135 963 1530 1030 κατατέμνειν
1576 967 1606 1033 ἠ
1641 965 1696 1016 δὲ
1728 968 1904 1025 κτίσις
1953 966 2053 1016 οὐκ
2085 965 2149 1017 ἂν
2193 963 2309 1029 ἐγί-

735 1067 856 1101 νετο
885 1054 945 1102 ἐκ
975 1051 1129 1117 Θεοῦ,
1163 1053 1276 1105 ἀλλ’
1311 1056 1342 1122 ἢ
1387 1057 1450 1106 ἐκ
1478 1058 1822 1123 ταυτομάτου
1854 1055 1904 1120 γ’
1938 1055 2003 1108 ἃν
2030 1051 2115 1124 ἦν,
2140 1055 2170 1120 ἢ
2198 1052 2309 1104 οὐδ’

737 1143 802 1194 ἂν
827 1139 893 1212 ἦν
923 1145 1078 1203 ὅλως·
1100 1147 1194 1214 οὐχ
1225 1148 1306 1199 ὅτι
1339 1147 1498 1214 μόνον
1519 1150 1619 1201 οὐκ
1651 1149 1715 1200 ἂν
1734 1141 1845 1200 οἷόν
1871 1148 1916 1200 τ’
1939 1143 2025 1218 ἦν,
2053 1147 2126 1217 μὴ
2147 1146 2314 1197 ὄντων

739 1235 847 1286 τῶν
899 1236 1476 1308 συνδημιουργούντων
1521 1256 1580 1291 τε
1638 1242 1807 1308 αὐτὴν
1851 1242 1944 1292 καὶ
2000 1256 2316 1308 συνεπιτρο-

743 1326 1016 1379 πευόντων
1062 1331 1267 1382 παίδων
1303 1331 1509 1384 ἐκείνου
1565 1333 1691 1398 (δέοι
1742 1336 1849 1399 γὰρ
1878 1335 1942 1386 ἂν
1987 1334 2168 1394 αὐτοῖς
2223 1333 2317 1385 καὶ

738 1420 907 1486 ἄμφω
963 1422 1274 1490 ὑπάρχειν),
1305 1423 1438 1477 ἀλλά
1468 1426 1545 1493 τῷ
1594 1426 1684 1476 καὶ
1734 1425 1836 1494 τὴν
1890 1425 2169 1491 ἐνέργειαν
2223 1425 2319 1476 αὐ-

739 1513 835 1564 τοῦ
874 1515 1065 1579 ἄγονον
1106 1512 1268 1580 εἶναι,
1303 1517 1402 1586 τὴν
1432 1518 1599 1585 αὐτὴν
1646 1512 1811 1571 οὖσαν
1855 1521 1919 1587 τῇ
1950 1517 2108 1587 οὐσίᾳ
2155 1517 2320 1570 καθά-

743 1604 871 1666 παξ.
910 1606 978 1656 Ἦ
1010 1605 1193 1658 τοίνυν
1227 1606 1373 1660 οὕτω
1422 1607 1734 1675 νομοθετεῖν
1767 1608 1963 1670 αὐτοὺς
2011 1609 2140 1674 ἔδει,
2179 1610 2209 1677 ἢ
2257 1610 2320 1660 ἐκ

743 1696 840 1763 τῆς
869 1696 1061 1757 οὐσίας
1085 1697 1179 1750 τοῦ
1208 1698 1340 1749 Θεοῦ
1373 1697 1628 1765 λέγοντας
1647 1699 2002 1767 γεγεννῆσθαι
2028 1699 2224 1760 παῖδάς
2245 1717 2322 1751 τι-

747 1805 840 1847 νας
876 1787 970 1841 καὶ
1002 1789 1230 1851 πολλούς
1260 1807 1344 1856 γε,
1397 1792 1490 1842 καὶ
1538 1791 1636 1860 τῆς
1696 1791 1865 1859 αὐτῆς
1917 1791 2100 1852 οὐσίας
2138 1790 2321 1854 ἀξιοῦν

2418 589 2483 641 ἐκ
2510 588 2602 639 τοῦ
2646 587 2908 646 πολλάκις
2939 585 3208 646 τοσαύτας
3254 584 3441 645 κλίνας
3477 584 3855 649 πεποιηκέναι,
3888 586 3917 648 ἢ
3973 583 4000 632 ὀ

2418 698 2470 731 τι
2509 682 2571 732 ἂν
2627 696 2708 738 τις
2763 680 2899 744 φαίη
2961 679 3068 728 τῶν
3121 677 3282 744 τέχνῃ
3345 675 3662 742 γινομένων,
3699 675 3732 725 ἀ
3779 676 3842 740 τῇ
3903 672 4000 738 μὲν

2421 773 2578 840 φύσει
2603 772 2852 838 ἀνόμοια,
2881 768 2956 837 τῷ
2978 769 3033 821 δὲ
3066 768 3369 836 προαιρετῷ
3403 768 3550 820 ἔνδον
3576 769 3700 819 εῖδει
3733 766 3997 832 ἀμηγέπη

2419 864 2771 934 ὡμοιωμένα.
2810 864 2916 913 Καὶ
2971 863 3017 913 εί
3079 860 3151 928 μὴ
3201 864 3254 913 αἱ
3304 861 3390 912 διὰ
3446 859 3543 927 τὴν
3606 858 3999 926 παιδοτροφίαν

2425 956 2733 1023 φροντίδες,
2760 955 2837 1022 τῷ
2863 955 3087 1018 θεωρεῖν
3118 953 3576 1020 προσιστάμεναι,
3615 950 3838 1015 ἀγόνους
3876 949 4000 1017 βούλ-

2423 1051 2612 1101 λεσθαι
2670 1044 2811 1098 εἶναι
2854 1047 2978 1105 τούς
3032 1047 3173 1098 πάνυ
3221 1063 3304 1097 τοι
3353 1045 3594 1114 ἐρῶντας
3643 1043 3735 1095 τοῦ
3776 1044 4002 1110 θεωρεῖν

2423 1141 2660 1201 ἔπειθον,
2695 1140 2811 1205 ἅμα
2834 1139 2887 1190 δέ
2921 1140 3014 1191 καὶ
3042 1139 3141 1190 ὅσα
3171 1139 3305 1191 ἄλλα
3335 1136 3694 1199 συνέζευκται
3726 1139 3788 1202 τῇ
3824 1136 4003 1186 παιδο-

2425 1234 2594 1303 κορίᾳ
2624 1233 2891 1300 πρότερόν
2914 1249 2973 1283 τε
3001 1233 3093 1282 καὶ
3125 1230 3354 1298 ὕστερον
3384 1229 3640 1295 δυσχερῆ,
3677 1228 3779 1280 κᾶν
3811 1227 4005 1278 ἀθλιώ-

2424 1342 2584 1385 τατος
2617 1318 2684 1392 ἦν
2723 1325 2750 1376 ό
2789 1322 2944 1374 τοῦτο
2994 1321 3213 1389 φεύγων
3254 1319 3342 1372 διά
3377 1320 3436 1370 τὸ
3476 1316 3680 1368 οἴεσθαι
3719 1317 3905 1382 ἀρκεῖν
3938 1314 4003 1362 ἂν

2427 1417 2577 1484 αὐτῷ
2613 1417 2748 1484 πρὸς
2772 1414 3118 1482 εὐδαιμονίαν
3145 1415 3204 1465 τὸ
3232 1413 3571 1482 προαγαγεῖν
3600 1427 3650 1459 τι
3677 1407 3784 1459 τῶν
3814 1422 4006 1474 τεχνη-

2426 1507 2555 1571 τῶν,
2592 1509 2682 1560 καὶ
2719 1504 2950 1575 ἀληθοῦς
2980 1505 3168 1572 ἡδονῆς
3197 1502 3614 1570 ἀνεπίστροιρος,
3647 1500 3778 1549 ὅπου
3815 1513 3876 1560 γε
3904 1497 3998 1546 καὶ

2426 1601 2597 1650 ταῦτα
2642 1597 2805 1649 ’ἐνεκὰ
2846 1614 2906 1648 τε
2948 1595 3042 1646 τοῦ
3081 1592 3368 1663 ἀνθρώπου
3405 1593 3565 1659 ῖσμεν
3593 1591 3873 1657 γινόμενα,
3908 1586 4004 1637 καὶ

2428 1689 2517 1742 διὰ
2548 1689 2645 1758 τὴν
2669 1688 2857 1758 χρείαν
2894 1685 3202 1754 τιμώμενα,
3231 1686 3290 1736 οὐ
3322 1685 3388 1737 δι’
3423 1682 3611 1734 ἑαυτά.
3647 1681 3796 1748 Ὂσῳ
3823 1679 4001 1728 τοίνυν

2432 1778 2658 1847 βελτίων
2715 1779 3002 1846 ἄνθρωπος
3055 1776 3244 1844 κλίνης
3299 1773 3331 1842 ἢ
3386 1771 3706 1840 σκίμποδος,
3765 1767 4002 1831 τοσούτῳ

748 1874 907 1945 εἶναι,
946 1882 1036 1933 καὶ
1083 1882 1289 1944 πάντας
1338 1859 1678 1950 όμοουσίους,
1714 1883 1808 1934 καὶ
1841 1884 1955 1934 ἴσον
1996 1882 2326 1951 δυναμένους
2361 1870 2399 1923 Β
2433 1871 2640 1940 βέλτιον
2685 1871 2751 1924 ἂν
2799 1871 2882 1939 εἴη
2931 1869 3217 1937 ἄνθρωπον
3267 1868 3462 1934 γεννᾷν
3495 1866 3526 1932 ἦ
3561 1882 3611 1916 τι
3647 1863 3872 1914 ἐκείνων
3911 1859 4003 1926 δη-

751 1972 939 2034 ἀπλῶς
967 1989 1025 2024 τε
1060 1974 1163 2025 κάν
1189 1974 1267 2042 τῷ
1303 1977 1466 2026 παντὶ
1495 1975 1628 2043 τῷδε
1656 1975 1748 2026 καὶ
1777 1977 1887 2036 τοῖς
1917 1974 2078 2027 αὐτοῦ
2109 1974 2318 2044 μέρεσι.

752 2064 944 2118 Καίτοι
979 2064 1120 2117 οὓτω
1150 2066 1180 2134 ἢ
1228 2065 1425 2128 αὐτοὺς
1461 2066 1566 2118 ἔδει
1602 2070 1760 2136 μόνον
1789 2064 1854 2120 αὐ
1889 2064 2049 2128 εἶναι,
2086 2069 2179 2118 καὶ
2219 2067 2326 2119 τῶν

751 2155 1256 2227 δημιουργημάτων
1299 2159 1484 2211 οὐδέν’
1521 2160 1580 2212 οὐ
1637 2161 1743 2229 γὰρ
1777 2161 1843 2214 ἂν
1884 2160 2105 2228 ἔμελλεν
2144 2162 2169 2213 ό
2197 2160 2329 2220 Θεὸς

751 2248 927 2316 δήπου
960 2249 1104 2319 ἕτερ’
1139 2251 1273 2303 ἅττα
1310 2252 1572 2320 προάγειν
1596 2255 1661 2321 τῇ
1695 2254 1965 2323 ἐνεργείᾳ,
2005 2252 2092 2305 ἵνα
2122 2252 2196 2321 μὴ
2228 2253 2330 2304 κά·

742 2335 910 2394 ’κεῖνα
958 2341 1071 2395 θεοὶ
1131 2338 1260 2409 εἷεν,
1311 2348 1376 2415 τῇ
1432 2346 1566 2413 αὐτῇ
1595 2346 1767 2413 δήπου
1816 2347 2134 2416 προηγμένα
2166 2345 2330 2415 ἀρχῇ.

755 2434 854 2499 τῆς
900 2435 1069 2504 αὐτῆς
1117 2435 1182 2488 ἂν
1213 2435 1379 2506 οὔσης
1409 2438 1689 2504 ἐνεργείας
1727 2456 1784 2491 τε
1823 2440 1917 2491 καὶ
1948 2439 2135 2510 οὐσίας
2161 2437 2333 2490 καθά-

758 2525 900 2588 παξ·
934 2526 964 2593 ἢ
1011 2529 1103 2580 καὶ
1148 2530 1215 2580 τὰ
1253 2529 1383 2582 ὂντα
1421 2531 1595 2584 πάντα
1628 2531 1780 2592 θεοὺς
1811 2528 1972 2595 εἶναι,
2004 2531 2104 2584 εἴθ’
2133 2531 2381 2606 ὁμοίως⁴

761 2618 824 2668 ἐκ
857 2617 993 2670 Θεοῦ
1033 2622 1098 2687 τῇ
1132 2619 1288 2691 οὐσίᾳ
1321 2623 1683 2691 γεγενημένα,
1718 2624 1828 2674 εἴτε
1871 2627 1960 2675 καὶ
1991 2625 2054 2675 ἐκ
2098 2623 2205 2675 τῶν
2245 2622 2334 2675 τοῦ

761 2707 898 2760 Θεοῦ
936 2712 1162 2775 παίδων,
1199 2713 1271 2774 ώς
1303 2714 1457 2767 αὐτοὶ
1503 2714 1561 2778 ἐξ
1595 2715 1803 2768 ἐκείνου
1838 2718 2168 2786 τυγχάνουσι
2206 2735 2338 2787 προ-

765 2802 1018 2867 ηγμένοι.
1049 2804 1238 2865 Οὐδεὶς
1294 2808 1402 2874 γαρ
1462 2805 1528 2858 ἂν
1586 2807 1738 2874 λόγος
1777 2808 1953 2876 δοθείη
2000 2806 2338 2876 ἀνθρώπινος

762 2890 855 2940 τοῦ
901 2889 931 2958 ἢ
962 2893 1051 2943 τὸν
1087 2892 1219 2945 Θεὸν
1250 2895 1314 2947 ἐκ
1344 2896 1443 2965 τῆς
1476 2896 1663 2958 οὐσίας
1712 2897 1809 2964 μὲν
1842 2896 2007 2950 αὐτοῦ
2053 2899 2335 2968 προάγειν,

767 2983 944 3034 εῖτουν
977 2981 1077 3049 τῆς
1110 2984 1414 3052 ἐνεργείας,
1463 2987 1638 3041 πάντα
1687 2989 1755 3040 τά
1804 2990 1955 3051 ὄντα,
1995 2989 2066 3056 μὴ
2113 2984 2251 3040 εἶναι
2285 2990 2340 3040 δέ

767 3074 947 3126 πάντα
984 3073 1161 3137 Θεοῦς,
1198 3076 1355 3144 εἴπερ
1393 3078 1506 3128 ἔνια
1555 3078 1731 3130 αὐτῶν
1783 3079 1893 3130 Θεοί
1940 3080 2044 3129 είσι
2081 3077 2166 3130 διά
2197 3079 2341 3130 τοῦτ’

769 3167 901 3218 αὐτὸ
923 3167 984 3220 τὸ
1014 3169 1075 3220 ἐκ
1103 3168 1203 3236 τῆς
1240 3170 1426 3232 οὐσίας
1453 3170 1616 3223 αὐτοῦ
1647 3171 1950 3239 προελθεῖν,
1987 3171 2016 3240 ἦ
2056 3172 2181 3234 τοὺς
2208 3171 2342 3222 Θεοῦ

2435 1964 2738 2032 μιουργεῖν.
2781 1963 2889 2013 Καὶ
2928 1962 3037 2027 ὅσῳ
3070 1959 3420 2027 τιμιώτερον,
3465 1956 3525 2009 οῦ
3573 1956 3736 2008 ἐνεκά
3771 1971 3820 2005 τι
3865 1969 4005 2018 παρ-

2431 2055 2615 2123 ῆκται,
2649 2053 2866 2114 τούτου,
2900 2052 2931 2120 ἢ
2963 2051 3030 2104 αὐ
3067 2050 3158 2101 τοῦ
3209 2048 3566 2116 παρηγμένου
3602 2046 3810 2096 ἐκείνου
3843 2042 4007 2093 ἕνεκα

2433 2147 2606 2198 αἴτιον
2634 2141 2798 2207 εἶναι,
2826 2142 3065 2211 τοσούτῳ
3100 2143 3194 2194 καὶ
3228 2141 3510 2209 ἄνθρωπον
3538 2139 3731 2207 γεννᾷν
3761 2135 3792 2204 ἢ
3825 2134 4001 2185 οἷκίαν

2434 2242 2608 2292 ποιεῖν
2639 2239 2912 2309 ἀνθρώπῳ
2938 2238 3150 2304 πέφυκε
3190 2235 3539 2304 τιμιώτερον,
3585 2231 3745 2292 εἴτις
3787 2228 4008 2296 ἔμελλεν

2434 2333 2574 2385 αὐτά
2604 2332 2698 2399 τῆς
2727 2330 2960 2396 ἀληθοῦς
2991 2330 3165 2392 ἀξίας,
3191 2327 3324 2380 ἀλλά
3356 2326 3431 2395 μὴ
3465 2324 3654 2393 χρείας
3679 2321 3820 2382 τινὸς
3854 2319 4007 2371 ώνεῖ·

2438 2426 2562 2479 σθαί
2591 2443 2651 2476 τε
2680 2425 2774 2477 καὶ
2796 2418 3404 2476 ἀντικαταλλάττεσθαι.
3442 2414 3583 2468 Ἀλλ’
3613 2416 3814 2466 ἐκεῖνοι
3841 2409 4009 2478 μηδέν

2438 2539 2490 2572 τι
2515 2518 2831 2588 βουλόμενοι
2861 2515 3122 2584 προάγειν
3146 2513 3204 2578 ἐξ
3231 2510 3395 2564 αὐτοῦ
3413 2510 3502 2563 τὸν
3524 2509 3655 2560 Θεὸν
3680 2505 3803 2558 καθ’
3827 2503 4006 2570 ὁμοιό-

2439 2629 2576 2682 τητα
2610 2612 2843 2677 φύσεως,
2880 2608 3012 2660 ἀλλὰ.
3045 2607 3206 2675 μόνον
3247 2605 3314 2658 τά
3358 2603 3520 2668 ἕτερα
3557 2597 3775 2659 ἑαυτοῦ,
3821 2597 4010 2662 ἄγονον

2441 2703 2684 2771 ἀτεχνῶς
2717 2701 2879 2754 αὐτὸν
2923 2700 3288 2767 ἀποφαίνουσι
3338 2700 3433 2750 καὶ
3480 2693 3559 2764 τῷ
3597 2691 3864 2757 καλλίστῳ
3913 2686 4009 2753 τῆς

2445 2793 2776 2861 προαγωγῆς
2809 2791 3116 2861 χωλεύοντα
3161 2791 3348 2859 μέρει·
3393 2784 3474 2849 οἷς
3503 2786 3566 2853 δὴ
3612 2783 3706 2836 καὶ
3737 2782 3796 2833 τὸ
3838 2779 4014 2831 εὐδαι-

2449 2903 2546 2954 μον
2577 2884 2741 2938 αὐτοῦ
2775 2883 2869 2936 καὶ
2906 2886 3174 2952 μακάριον
3212 2874 3704 2948 συνεξιμαυροῦσι.
3741 2870 3862 2932 Πῶς
3907 2869 4013 2935 γὰρ

2449 2977 2514 3028 ἂν
2547 2974 2633 3041 εἴη
2669 2974 3072 3044 μακαριότητος
3103 2975 3159 3024 ἐν
3189 2971 3449 3039 ἀκρότητι
3484 2963 3838 3032 τεταγμένος,
3865 2961 3912 3010 εί
3941 2958 4015 3022 μὴ

2449 3067 2701 3136 αὐτάρκη
2736 3067 2880 3136 ζωὴν
2916 3067 3050 3134 ἔχοι,
3085 3066 3141 3117 ἐν
3173 3064 3322 3132 αὐτῷ
3356 3079 3411 3115 τε
3447 3061 3541 3113 καὶ
3565 3059 3700 3126 πρὸς
3737 3053 3895 3107 αὐτὸν
3925 3051 4017 3102 καὶ

2451 3160 2618 3214 αὐτοῦ
2651 3161 2811 3212 ἕνεκα
2851 3157 3109 3224 ἐνεργῶν,
3137 3156 3273 3209 ἀλλὰ
3302 3155 3409 3207 τῶν
3443 3153 3575 3205 πολὺ
3622 3147 3881 3219 χειρόνων
3924 3145 4019 3195 αὐ-

773 3259 988 3321 παῖδας,
1036 3262 1098 3312 ἐκ
1149 3263 1245 3328 τῆς
1295 3263 1483 3321 οὐσίας
1531 3263 1694 3314 αὐτοῦ
1755 3264 2214 3332 προεληλυθότας,
2268 3263 2344 3333 μὴ
2371 3227 2413 3286 C
2450 3253 2543 3306 τοῦ
2580 3253 2774 3315 δέοιτο,
2810 3251 2916 3303 εἴτε
2966 3250 3028 3303 ἐκ
3055 3267 3197 3312 τινος
3229 3248 3420 3318 χρόνου
3451 3242 3854 3313 γεγενημένων,
3892 3237 3966 3298 ὡς
3994 3235 4022 3285 ὁ

774 3348 929 3411 θεοὺς
986 3351 1268 3419 προάγειν,
1302 3352 1418 3404 ἃττ’
1468 3353 1533 3405 ἂν
1578 3356 1639 3405 ἐκ
1669 3353 1767 3421 τῆς
1797 3354 1945 3420 σφῶν
1992 3355 2180 3416 οὐσίας
2214 3375 2346 3426 προ-

775 3441 983 3509 άγοιεν.
1020 3444 1091 3494 Τὸ
1124 3444 1168 3495 δ’
1195 3446 1256 3495 ἐκ
1278 3445 1377 3511 τῆς
1406 3445 1593 3507 οὐσίας
1626 3445 1718 3497 τοῦ
1751 3446 1884 3498 Θεοῦ
1924 3447 2205 3514 προελθεῖν
2230 3465 2350 3501 τινα

781 3537 854 3604 μὴ
888 3536 986 3605 τὴν
1016 3537 1202 3588 οὐσίαν
1233 3537 1423 3605 ἔχοντα
1460 3537 1552 3589 τοῦ
1585 3539 1739 3604 Θεοῦ,
1779 3539 1974 3606 ἐπίσης
2008 3539 2209 3605 φαῦλόν
2235 3542 2350 3592 ἐστι

779 3628 855 3695 τῷ
880 3630 974 3680 καὶ
1001 3629 1177 3680 πάντα
1205 3632 1270 3681 τά
1299 3630 1361 3680 ἐκ
1387 3629 1480 3689 τοῦ
1509 3628 1644 3680 Θεοῦ
1677 3629 2081 3698 προεληλυθότα
2107 3630 2352 3683 ὁπωσοῦν

781 3723 879 3788 τῆς
911 3721 1075 3772 αὐτοῦ
1126 3720 1514 3789 μετειληφέναι
1579 3721 1787 3782 οὐσίας.
1835 3721 1917 3783 Ὠς
1957 3721 2064 3790 γὰρ
2114 3723 2230 3774 ἐκεῖ
2265 3724 2354 3774 ἶσα

783 3813 858 3878 τῷ
893 3812 1010 3880 Θεῷ
1035 3814 1185 3864 ἔσται
1216 3814 1250 3866 ἀ
1289 3814 1368 3865 δεῖ
1409 3812 1574 3866 αὐτοῦ
1606 3814 1864 3882 πάμπολυ
1901 3814 2061 3882 ἕτερα
2099 3813 2234 3868 εἶναι
2266 3816 2357 3867 καὶ

790 3905 922 3973 μηὸέ
955 3903 1363 3972 ξυμῦεὗλῆσθαι
1406 3905 1552 3970 ἀξια,
1589 3903 1732 3957 οὕτω
1773 3905 2049 3958 κάνταῦθα
2082 3906 2230 3959 ἔσται
2264 3909 2358 3960 ἀν-

789 3997 948 4064 όμοια
976 3997 1011 4049 ἆ
1039 3998 1146 4050 δέοι
1169 3999 1220 4064 γ’
1255 3997 1318 4050 ἂν
1347 3997 1514 4065 μηδὲν
1544 3997 1928 4066 διενηνοχέναι.
1970 3997 2029 4050 EE
2063 3999 2118 4050 δέ
2153 4003 2243 4052 καὶ
2272 4000 2362 4067 γό-

790 4107 950 4157 νιμος
1007 4088 1144 4150 ὅλως
1193 4089 1267 4140 ὢν
1319 4092 1412 4142 καὶ
1473 4091 1802 4158 παραγωγὸς
1848 4091 2132 4152 πλειόνων,
2164 4094 2230 4143 τὰ
2265 4093 2362 4159 μὲν

790 4177 953 4242 ἕτερα
999 4175 1164 4228 αὐτοῦ
1213 4177 1508 4245 ὐποστήσει
1547 4179 1627 4247 (τὸ
1659 4178 1702 4230 δ’
1736 4181 1883 4240 ὅπως
1934 4182 1995 4231 ἐκ
2047 4179 2146 4246 τῆς
2180 4179 2363 4243 οὐσίας

792 4269 960 4322 αὐτοῦ
1001 4269 1262 4336 γινόμενα
1286 4270 1492 4321 τοιαῦτ’
1519 4271 1584 4321 ἂν
1614 4271 1720 4338 εἴη,
1749 4271 2020 4340 ἠπόρηται
2053 4273 2361 4341 πρότερον),

792 4364 848 4412 ἐν
879 4360 1056 4430 ἑαυτῷ
1113 4362 1166 4413 δὲ
1210 4362 1304 4414 καὶ
1334 4364 1398 4430 τῇ
1435 4363 1610 4430 οἰκείᾳ
1641 4362 1854 4429 ἐνότητι
1887 4364 2014 4416 ἄνευ
2052 4366 2196 4425 τινὸς
2234 4382 2366 4433 προ-

794 4458 913 4508 όδου
953 4458 1123 4522 μενεῖ,
1157 4456 1250 4509 καὶ
1279 4452 1357 4517 εἷς
1386 4455 1560 4516 ἔσται,
1599 4455 1789 4524 ὥσπερ
1829 4455 1886 4506 ἓν
1925 4454 2109 4514 ἁπλῶς
2143 4455 2364 4521 ἄτομον,

2454 3347 2598 3417 ἱερὸς
2626 3345 2864 3399 διδάσκει
2898 3344 3079 3409 λόγος,
3106 3342 3215 3393 εῐτε
3249 3341 3340 3392 καὶ
3365 3342 3426 3390 ἐκ
3456 3337 3548 3389 τοῦ
3577 3333 3775 3393 παντὸς
3808 3328 4021 3388 αἰῶνος,

2451 3439 2524 3501 ὡς
2549 3441 2747 3491 ἐκεῖνοι
2780 3436 3083 3495 ἐϐούλοντο,
3118 3434 3193 3495 ὠς
3231 3431 3297 3484 ἂν
3327 3429 3465 3482 αὐτά
3499 3445 3556 3480 τε
3590 3427 3682 3479 καὶ
3728 3423 3857 3490 περὶ
3889 3419 4026 3471 αὐτά

2455 3531 2716 3601 ἐνεργῶν,
2752 3530 2848 3583 καὶ
2890 3529 3026 3597 πρὸς
3056 3526 3246 3579 ἐαυτὸν
3277 3525 3426 3576 ταῦτ’
3457 3519 3824 3587 ἐπιστρέφων,
3856 3513 4026 3570 οὕτως

2455 3623 2679 3691 ἐνεργὸν
2715 3621 2827 3689 ἐχοι
2871 3620 2960 3672 καὶ
2993 3617 3089 3687 τὴν
3121 3616 3332 3677 οὐσίαν,
3368 3615 3460 3665 καὶ
3500 3611 3608 3662 τῶν
3636 3606 3893 3675 χειρόνων
3931 3601 4024 3653 αὐσ

2457 3713 2549 3765 τοῦ
2586 3711 2895 3782 ἠρτημένον
2939 3709 3023 3775 εἴη
3054 3709 3114 3759 τὸ
3152 3707 3419 3774 μακάριον
3465 3699 3613 3769 αὐτῷ
3641 3698 3791 3764 καὶὴ
3826 3690 4028 3744 τελειό-

2458 3820 2556 3870 της
2593 3819 2606 3867 ;
2644 3803 2731 3852 Δεῖ
2786 3800 2892 3868 γὰρ
2920 3802 3009 3851 τὸν
3051 3796 3183 3849 Θεὸν
3220 3793 3474 3846 τοιούτων
3509 3789 3678 3841 ὄντων
3712 3784 3818 3836 τῶν
3858 3777 4024 3833 αὐτοῦ

2459 3894 2964 3966 δημιουργημάτων
3001 3890 3266 3959 πρότερον
3302 3880 3440 3938 εἶναι
3489 3885 3554 3951 τῇ
3591 3880 3773 3948 φύσει,
3798 3876 3871 3936 ὡς
3900 3872 4030 3966 γοῦν

2462 3984 2524 4043 οὐ
2565 4007 2616 4042 τι
2657 3989 2801 4057 ἴχνος
2841 3987 2979 4048 ἐστί,
3015 3982 3173 4033 τοῦτο
3218 3979 3312 4031 τοῦ
3353 3980 3530 4045 ἴχνους
3573 3972 3836 4041 πρότερον
3893 3963 4032 4018 εἶναι

2463 4080 2580 4132 δέον
2633 4081 2700 4146 τῇ
2747 4076 2904 4144 φύσει
2933 4090 2944 4101 ·
3001 4071 3093 4124 τοῦ
3126 4071 3231 4138 γὰρ
3262 4068 3391 4121 Θεοῦ
3429 4066 3612 4132 ὥσπερ
3657 4065 3778 4131 ῖχνη
3813 4061 3879 4111 τὰ
3907 4057 4034 4109 ὄντα

2464 4173 2732 4239 λέγουσιν.
2781 4169 2867 4219 Ἐν
2892 4166 2955 4233 δὴ
2984 4164 3129 4232 αὐτῴ
3156 4163 3232 4226 τῷ
3269 4159 3514 4227 προτέρῳ
3541 4154 3769 4220 ἀνόητόν
3795 4167 3851 4201 τε
3883 4150 4034 4200 ἔσται

2465 4265 2525 4316 τὸ
2562 4264 2702 4314 θεῖον
2735 4261 2826 4312 καὶ
2857 4257 3174 4326 ἀνέραστον,
3209 4251 3326 4304 κατ’
3362 4249 3582 4309 αὐτοὺς,
3607 4247 3740 4306 ὅλως
3771 4243 3813 4294 δ’
3835 4242 4033 4300 εἰπεῖν,

2468 4351 2575 4403 οὐδ’
2609 4347 2911 4402 ὁπωστιοῦν
2949 4347 3191 4415 ἐνεργόν.
3221 4344 3294 4395 Οὐ
3326 4343 3432 4410 γὰρ
3465 4339 3624 4408 ἀρκεῖ
3655 4338 3713 4386 τὸ
3739 4334 3813 4396 ώς
3838 4332 4032 4385 αὐτίκα

2475 4443 2616 4512 μάλα
2667 4441 2901 4509 ἐσόμενα
2952 4436 3353 4506 προγινώσκειν
3405 4433 3472 4484 τὰ
3525 4431 3674 4491 ὄντα,
3711 4425 3824 4479 οὐθ’
3864 4427 3896 4493 ἡ
3943 4423 4037 4475 τοῦ

799 4552 888 4600 καὶ
921 4549 1107 4617 ὥσπερ
1136 4566 1222 4609 τις
1250 4548 1499 4616 μονώτης
1524 4547 1597 4607 ὡς
1626 4547 1862 4615 ἀληθῶς,
1890 4547 2003 4606 πῶς
2031 4546 2087 4597 οὐ
2116 4545 2207 4596 καὶ
2234 4545 2365 4597 πολὺ
2403 4564 2443 4618 D
2472 4535 2679 4602 κόσμου
2715 4533 2830 4584 ἰδέα
2868 4530 2974 4599 πρὸ
3007 4528 3101 4595 τοῦ
3135 4528 3342 4594 κόσμου
3375 4523 3718 4591 γεγενημένη
3743 4537 3755 4548 “
3790 4523 3886 4573 καὶ
3915 4517 4039 4570 ταύ-

799 4641 993 4711 βελτίω
1028 4639 1192 4692 αὐτοῦ
1229 4639 1381 4690 ἔσται
1424 4637 1491 4689 τὰ
1524 4637 1700 4705 ἔργα;
1733 4636 1948 4688 Τούτων
1997 4637 2105 4704 γάρ
2146 4636 2259 4687 ἔνια
2306 4635 2366 4686 οὐ

800 4734 917 4788 κατ’
954 4735 1236 4801 ἐνέργειαν
1274 4729 1453 4798 μόνον,
1480 4728 1616 4780 ἀλλά
1654 4727 1717 4796 δὴ
1765 4728 1858 4779 καὶ
1895 4730 1960 4797 τῇ
2007 4727 2164 4797 οὐσία
2209 4727 2371 4778 τινῶν

799 4828 948 4882 αἴτια
981 4829 1243 4894 γίνονται,
1289 4825 1384 4876 καὶ
1415 4823 1474 4874 οὐ
1507 4821 1669 4890 τέχνῃ
1717 4819 1877 4886 μόνον
1923 4819 2186 4882 ποιοῦσιν,
2238 4818 2373 4870 ἀλλά

801 4923 896 4974 καὶ
927 4919 1085 4987 φύσει
1119 4917 1476 4981 προάγουσιν.
1508 4908 1602 4974 Οἷς
1655 4912 1788 4964 πολύ
1831 4911 1881 4979 γ’
1915 4911 1979 4964 ἂν
2029 4912 2112 4980 εἴη
2167 4910 2373 4990 βέλτιον

802 5011 898 5065 τοῦ
932 5011 1103 5070 εἴδους
1140 5005 1461 5075 μεταδοῦναι
1489 5005 1588 5073 τῆς
1623 5006 1837 5072 φύσεως
1869 5005 1961 5056 καὶ
1995 5004 2297 5068 ἐλάττοσιν,
2339 5005 2370 5073 ἦ

805 5107 966 5171 ὅμοια
1010 5105 1073 5170 τῇ
1109 5101 1359 5168 βουλήσει
1397 5098 1692 5162 πάμπολλα
1742 5099 2109 5164 παραγαγεῖν,
2154 5097 2250 5148 οὐκ
2285 5098 2376 5148 ἐπὶ

805 5200 872 5266 τῇ
921 5194 1012 5247 τοῦ
1049 5194 1223 5253 εἴδους
1253 5193 1477 5259 διαμονῇ
1525 5191 1706 5258 μόνον,
1733 5189 1869 5241 ἀλλά
1911 5189 2001 5240 κα)⁸
2032 5189 2240 5249 ἁπλῶς.
2267 5189 2379 5252 Kal.

814 5289 1022 5360 βέλτιον
1052 5288 1148 5355 μέν
1176 5285 1321 5354 ἐχειν
1346 5283 1453 5334 τῶν
1486 5281 1625 5335 κατὰ
1655 5281 1816 5346 φύσιν
1843 5280 2002 5348 μόνον
2034 5279 2381 5347 προαγόντων

812 5384 880 5436 τὰ
913 5382 1048 5450 πρὸς
1077 5380 1252 5447 τούτῳ
1283 5377 1360 5429 ἐτι
1413 5378 1505 5428 καὶ
1536 5376 1680 5427 κατά
1701 5376 1896 5443 τέχνην
1945 5372 2223 5433 ποιοῦντα,
2276 5373 2382 5432 πᾶς

813 5495 895 5539 τις
939 5475 1005 5529 ἂν
1039 5474 1196 5538 φαίη.
1226 5470 1285 5522 ΕΞ
1315 5471 1358 5523 δ’
1383 5463 1493 5522 οἷόν
1522 5469 1567 5522 τ’
1593 5463 1659 5536 ἦν
1695 5469 1788 5519 καὶ
1835 5466 2009 5527 ἄλλως
2045 5465 2385 5533 διελομένους

817 5569 891 5630 ὡς
936 5570 990 5618 ἐν
1033 5564 1290 5618 ὑποθέσει
1338 5564 1582 5626 σκοπεῖν,
1618 5561 1724 5612 τῶν
1758 5559 1851 5610 καὶ
1885 5558 2044 5626 φύσει
2087 5558 2178 5609 καὶ
2227 5558 2386 5624 τέχνῃ

820 5660 1122 5728 γινοςιέκων
1158 5657 1348 5710 αἰτίων
1394 5653 1556 5705 τινῶν
1596 5647 1760 5724 ἦττον
1794 5651 1860 5702 ἂν
1895 5650 2026 5701 ἐὸίω
2060 5648 2386 5715 εὐδαιμόνως

824 5757 889 5806 τε
951 5753 1113 5820 τέχνη
1165 5751 1323 5818 μόνον
1372 5746 1649 5800 ποιοῦντα.
1691 5745 1799 5796 Καὶ
1845 5741 1935 5795 νῦν
1975 5743 2030 5792 ἐν
2081 5738 2388 5808 ἀνθρώποις

829 5847 1004 5914 ται).λῷ
1040 5862 1118 5907 τις
1152 5845 1295 5913 ηδιον
1330 5843 1432 5910 βιοῖ
1455 5843 1543 5894 καῖ
1581 5837 2058 5906 εὐδαιμονέῑτερον
2180 5833 2268 5884 τοῦ
2300 5831 2389 5884 δύο

2475 4643 2570 4693 την
2601 4625 2712 4694 γὰρ
2743 4623 2835 4674 τοῦ
2864 4621 2997 4673 Θεοῦ
3024 4618 3420 4684 ὐποδεεστέραν
3449 4614 3675 4666 τιθεῖσιν
3695 4613 3742 4661 οξ
3773 4610 4041 4676 λέγοντες,

2475 4721 2570 4773 ἆτε
2607 4718 2742 4786 μηδὲ
2774 4715 2978 4783 ταύτης
3014 4715 3077 4764 ἐκ
3119 4712 3218 4778 τῆς
3255 4711 3499 4776 ἀνάγκης
3533 4703 3906 4773 γεγενημένης
3947 4702 4044 4766 τῆς

2478 4813 2713 4880 φύσεως.
2751 4811 2908 4861 Ἤτοι
2944 4806 3038 4859 νῦν
3075 4806 3235 4874 μόνος
3295 4805 3322 4855 ό
3354 4802 3483 4863 Θεὸς
3519 4799 3712 4851 ἑαυτὸν
3745 4798 3806 4849 οὐ
3838 4795 4043 4860 νοήσει,

2478 4904 2600 4966 νοῦς
2634 4902 2728 4964 ὢν,
2761 4902 2793 4969 ἢ
2828 4899 2899 4967 τῷ
2932 4901 2998 4950 τὰ
3021 4897 3152 4951 ἄλλα
3187 4898 3324 4947 νοεῖν
3350 4910 3361 4923 ·
3396 4889 3469 4944 ὧν
3498 4891 3549 4942 τί
3591 4887 3786 4957 γένοιτ’
3825 4885 3890 4937 ἂν
3928 4885 4047 4934 ἀτο-

2479 4998 2748 5063 πώτερον,
2782 4997 2828 5045 εί
2853 4992 2915 5061 δὴ
2957 4991 3130 5044 ταῦτα
3166 4988 3265 5056 μὲν
3292 4983 3648 5043 ἀνακόλουθα,
3673 4983 3698 5031 ό
3732 4979 3788 5031 δὲ
3828 4977 3958 5038 Θεός
3989 4976 4046 5026 δν

2480 5093 2596 5144 ἐστι
2641 5092 2734 5142 καὶ
2785 5086 2992 5154 ἀγαθόν
3038 5099 3097 5135 τε
3143 5080 3238 5134 καὶ
3275 5078 3492 5147 ἀληθὲς,
3529 5077 3583 5127 ἐν
3615 5075 3689 5142 τῷ
3716 5073 3925 5140 ἐσχάτῳ
3953 5071 4046 5121 καὶ

2482 5183 2776 5251 ἀκραιφνεῖ
2817 5180 2915 5246 τῆς
2960 5194 3020 5228 τε
3076 5174 3262 5234 οὐσίας
3309 5171 3400 5223 καὶ
3427 5167 3763 5234 ἀγαθότητος
3795 5164 3890 5216 καὶ
3922 5163 4051 5230 ἀλη-

2485 5277 2663 5340 θείας;
2697 5273 2871 5324 ταῦτα
2897 5271 3003 5338 γὰρ
3031 5270 3122 5321 καὶ
3153 5266 3332 5318 αὐτῶν
3379 5263 3644 5327 Ἑλλήνων
3675 5260 3723 5310 οἱ
3753 5255 4051 5324 δοκιμώτε-

2490 5388 2572 5439 ροι
2613 5369 2854 5436 ἠξίωσαν
2879 5361 3279 5429 ἀντιστρέφειν.
3318 5355 3422 5408 Καὶ
3449 5358 3474 5406 ὁ
3506 5354 3648 5421 ἱερὸς
3683 5351 3738 5404 δὲ
3771 5350 3927 5415 λόγος
3959 5348 4054 5398 αὐ-

2487 5465 2577 5514 τὸν
2622 5461 2718 5530 μὲν
2755 5455 2892 5509 εἶναι
2936 5455 3026 5506 τὸν
3062 5452 3193 5503 Θεὸν
3243 5450 3340 5516 τὴν
3372 5447 3626 5514 ἀλήθειαν
3665 5442 3826 5504 ἀξιοῖ,
3865 5439 4051 5490 οὐδένα

2489 5552 2543 5606 δὲ
2573 5550 2795 5618 ἀγαθὸν,
2827 5548 2872 5598 εἰ
2908 5545 2982 5612 μὴ
3015 5543 3110 5594 ἕνα
3133 5540 3219 5591 τὸν
3244 5539 3396 5601 Θεὸν,
3427 5531 3566 5586 εἶναι
3597 5551 3608 5562 ·
3640 5535 3734 5585 καὶ
3763 5530 3924 5583 αὐτὸν
3955 5530 4056 5579 ὐπ-

2492 5649 2679 5716 άρχειν
2716 5642 2781 5694 τά
2817 5642 2946 5691 ὄντα
2992 5654 3054 5702 γε
3087 5635 3267 5687 καὶτὸ
3296 5634 3377 5693 ὃν,
3417 5630 3510 5680 καὶ
3543 5627 3663 5678 νοῦν
3717 5626 3771 5676 δὲ
3818 5626 3907 5675 τὸν
3940 5624 4058 5689 ἀρι-

2497 5741 2618 5791 στόν
2647 5755 2705 5787 τε
2754 5737 2846 5786 καὶ
2887 5730 3318 5800 φρονιμώτατον,
3352 5725 3447 5790 οὐχ
3497 5722 3654 5790 ἡμεῖς
3706 5720 3881 5786 μόνον,
3929 5715 4063 5766 ἀλλὰ

2501 5831 2589 5879 καὶ
2640 5826 2908 5893 Ἑλλήνων
2954 5823 2997 5873 οἱ
3045 5821 3196 5872 αὐτοὶ
3240 5809 3676 5880 οῦτοιλὲγωπιν.
3723 5805 3931 5871 Ἑαυτῷ
3969 5805 4064 5871 μὲν
