4468 6454
426 399 529 463 609

1527 384 1898 453 EPISTOLA
1926 387 2040 447 “AD
2082 384 2550 446 PLETIIONEM

3577 389 3680 453 610

429 515 539 585 ἀρα
566 509 660 566 καὶ
683 509 892 587 οὑδενδς
930 507 1094 564 ἀλλου
1119 507 1284 561 ῑνεκα
1315 506 1342 558 6
1373 501 1506 567 Θεὸς
1542 501 1608 557 ἀν
1640 500 1751 571 εἴη,
1783 499 1843 554 δν
1872 515 2007 568 τυγ.
2039 506 2082 564 Α
2120 510 2179 563 γε
2204 493 2381 587 τοῦτο.
2415 494 2524 587 εἴτε
2571 492 2754 587 σοφία,
2810 495 2909 548 εἴτ’
2953 497 3126 566 ἐσχὺ·.
3162 499 3259 553 εἴθ’
3292 501 3318 554 δ
3347 517 3399 555 τι
3433 501 3499 557 ἂν
3557 509 3690 577 φαίη

430 602 595 674 κάνον
619 601 680 655 τὸ
715 599 933 670 πρῶτον
973 598 1069 653 καὶ
1122 595 1362 665 μάλιστά
1409 609 1473 661 γε
1511 591 1606 646 καὶ
1645 588 2005 660 κυριώτατον.

431 692 572 755 Νοῦς
595 691 652 744 δὲ
683 690 780 754 ὢν,
806 690 1050 758 νοήσειεν
1084 688 1152 740 ἂν
1181 685 1355 756 δήπου
1387 683 1479 736 καὶ
1513 681 1730 744 ἑαυτὸν,
1767 679 1820 730 εῖ
1843 694 1903 744 γε
1929 677 2008 729 δεῖ

430 783 664 849 τάληθὶς
715 781 815 849 μεν
842 782 983 833 νοεῖν
1010 778 1194 841 αὑτὸν,
1224 775 1386 835 αὑτδς
1429 775 1486 826 δέ
1519 775 1636 826 ἐστι
1679 769 1860 824 τοῦτο.
1898 770 2009 822 Καὶ

433 871 692 939 ἐρασθείη
719 872 762 924 δ’
788 871 854 924 ἂν
890 869 1123 936 τάγαθοῦ
1145 885 1158 897 ·
1199 868 1260 919 οὑ
1293 866 1404 935 γάρ
1434 865 1500 936 δὴ
1535 864 1696 932 μόνος
1739 863 1769 915 6
1807 862 2010 929 ἀγαθὸς

432 961 586 1015 ἐσται
627 962 702 1029 μὴ
734 961 944 1030 χαίρων
981 962 1058 1027 τῷ
1098 957 1310 1026 ἀγαθῷ.
1357 955 1755 1025 Ἐρασθήσεται
1805 953 1851 1005 δ’
1880 954 2009 1006 ἐαυο

429 1054 545 1113 τοῦ,
586 1053 640 1106 εῖ
670 1071 731 1121 γε
765 1053 845 1107 δεῖ
905 1051 1006 1121 μὲν
1051 1050 1216 1104 αὑτὸν
1269 1047 1350 1118 τῷ
1406 1047 1620 1117 ἀρίστῳ
1672 1045 1886 1114 χαίρειν
1919 1048 2012 1098 καὶ

433 1143 732 1196 ἀπολαύειν
787 1141 980 1206 αὑτοῦ,
1042 1139 1202 1200 αὑτὸς
1257 1139 1314 1191 δέ
1372 1138 1487 1190 ἐστι
1551 1133 1812 1202 τάγαθόν.
1871 1132 2014 1186 Λὺτδ

437 1236 537 1304 μὲν
599 1235 666 1303 δὴ
714 1235 775 1286 τὸ
811 1234 1024 1302 νοητὸν,
1057 1225 1100 1297 ᾧ
1135 1231 1246 1284 νοεῖ
1279 1229 1494 1293 ἐαυτὸν,
1545 1227 1639 1279 καὶ
1681 1226 1713 1295 ἡ
1746 1225 1954 1294 νόησις,
1987 1224 2014 1275 6

437 1326 582 1397 θεῖος
618 1323 824 1392 πέφηνε
861 1323 1056 1390 Λόγος,
1087 1320 1345 1390 ὁμοιότης
1385 1317 1552 1370 αὑτοῦ
1605 1319 1700 1368 καὶ
1754 1315 1869 1368 ἰδέα
1930 1332 2015 1386 τις

439 1413 722 1482 σύμφυτος
772 1411 868 1474 ὢν,
906 1413 1000 1464 καὶ
1054 1411 1287 1479 ἀλήθειά
1346 1426 1408 1476 γε
1467 1410 1628 1478 αὑτὴ,
1672 1406 1781 1460 οὐδ’
1829 1408 1888 1459 ἐν
1937 1403 2045 1481 τῷ’

435 1506 556 1574 Θεῷ
593 1506 754 1573 μόνον
803 1507 898 1557 καὶ
947 1504 1078 1568 Θεὸς
1129 1504 1314 1565 αὑτὸς,
1357 1503 1493 1556 ἀλλά
1528 1502 1590 1570 δὴ
1630 1501 1724 1553 καὶ
1764 1499 1901 1568 πρὸς
1929 1498 2018 1550 τὸν

437 1596 593 1658 Θεὸν,
653 1597 726 1658 ὡς
767 1596 836 1648 τά
869 1595 1025 1662 λόγια
1069 1594 1340 1663 βούλεται.
1389 1592 1561 1654 Αὑτὺς
1602 1592 1657 1643 δέ
1695 1607 1758 1656 γε
1797 1592 1822 1642 ό
1857 1591 2017 1658 ἔρως,

436 1681 481 1754 ᾧ
515 1687 653 1754 πρὸς
685 1687 879 1738 ἑαυτὸν
912 1686 1318 1754 ἀντέστραπται
1366 1685 1394 1735 6
1420 1682 1575 1746 Θεὸς,
1636 1683 1728 1734 καὶ
1767 1682 1868 1751 ἐρᾷ
1895 1682 2020 1732 ἐαυ-

2113 602 2197 649 τις
2221 585 2328 638 τῶν
2350 586 2633 638 τοιούτων.
2665 575 2827 638 ’Ὥστε
2862 586 2938 655 μὴ
2967 588 3078 642 δεῖν
3119 589 3185 642 ἂν
3219 591 3309 644 ὑπ’
3335 594 3578 662 ἀνάγκης
3602 575 3693 648 οὑξ

2110 678 2304 746 δεμιᾶς
2333 678 2599 732 πλειόνων
2626 675 2765 730 εἶναι
2826 680 2925 749 τὴν
2979 681 3267 751 ἐνδοτέραν
3324 686 3416 736 καὶ
3461 687 3698 756 φυσικὴν

2113 767 2471 836 γονιμότητα,
2505 767 2537 835 ἢ
2566 769 2697 829 ὅσας
2731 765 2890 836 ῖσμεν
2910 785 2966 820 τε
2993 772 3082 820 καὶ
3107 772 3438 838 πιστεύομεν
3461 775 3698 830 ὑποσ·ά-

2115 875 2249 923 σεις,
2289 860 2630 927 προακτικήν
2660 874 2675 888 ο
2717 860 2853 926 μήτε
2877 861 2971 910 καὶ
3002 860 3093 912 τὸν
3125 861 3268 914 θεῖον
3303 866 3474 931 Λόγον
3497 869 3695 937 γεννᾷν

2113 952 2224 1003 δεῖν
2258 951 2289 1016 ἢ
2321 950 2671 1019 προϐάλλειν,
2703 951 2932 1005 νοοῦντά
2963 970 3024 1020 γε
3055 958 3146 1007 καὶ
3181 956 3368 1021 αὑτὸν,
3407 959 3497 1010 καὶ
3529 961 3700 1026 ἐρῶν-

2116 1059 2184 1095 τα
2211 1041 2378 1094 αὑτοῦ
2411 1059 2467 1094 τε
2497 1043 2590 1095 καὶ
2620 1043 2715 1096 τοῦ
2751 1048 3139 1112 γεγεννηκότος
3171 1049 3264 1101 καὶ
3290 1048 3387 1102 τοῦ
3420 1052 3704 1119 συμφυοῦς

2119 1136 2439 1202 Πνεύματος
2463 1153 2474 1164 ο
2517 1138 2548 1207 ἢ
2591 1137 2650 1190 τδ
2679 1138 2900 1206 Πνεῦμα
2933 1139 3260 1208 προϐάλλειν
3285 1157 3344 1193 τε
3372 1143 3462 1192 καὶ
3484 1144 3702 1211 γεννᾷν,

2117 1230 2359 1293 νοήσεως
2391 1228 2578 1281 εἵνεκα
2612 1230 2706 1282 καὶ
2739 1231 2977 1299 ἀγάπης,
3012 1231 3047 1283 ὃ.
3081 1233 3162 1283 δεῖ
3191 1234 3284 1283 καὶ
3309 1232 3448 1299 τῷδε
3486 1236 3708 1300 προσεῖ-

2120 1335 2228 1371 ναι.
2262 1318 2396 1371 Νοεῖ
2424 1320 2532 1389 γὰρ
2560 1320 2769 1373 τούτοιν
2799 1323 3060 1390 ἑκάτερον
3106 1321 3203 1374 καὶ
3253 1324 3375 1393 ἐρᾷ,
3424 1317 3457 1398 ᾖ
3521 1326 3708 1393 προῖόν

2121 1409 2271 1460 ἐστιν
2297 1412 2359 1462 ἐκ
2380 1409 2474 1462 τοῦ
2511 1409 2671 1474 Θεοῦ,
2708 1412 2801 1463 καὶ
2829 1413 3031 1465 οὑτωσὶ
3062 1413 3275 1482 προῖδν,
3313 1414 3428 1468 ἀλλ’
3455 1417 3551 1484 οὑχ
3579 1417 3652 1478 ὼς
3675 1418 3704 1467 ό

2122 1500 2254 1562 Θεὸς
2295 1502 2388 1553 καὶ
2421 1502 2635 1571 Πατὴρ,
2681 1503 2740 1556 οῦ
2800 1505 3240 1573 προεληλύθατον
3293 1506 3481 1574 ἄμφω,
3530 1512 3622 1559 καὶ

2121 1590 2398 1660 λαμϐάνον
2428 1595 2564 1658 ἐστὶ,
2599 1597 2691 1646 καὶ
2713 1597 2832 1661 μετ’
2860 1596 3021 1648 ἄλλου
3053 1597 3355 1665 λαμϐάνον,
3389 1600 3485 1667 οὑχ
3523 1599 3708 1652 ὡσαύ-

2121 1697 2230 1740 τως
2260 1698 2322 1748 γε
2343 1682 2404 1734 τὸ
2433 1684 2585 1748 αὑτὸ,
2624 1683 2737 1735 ἀλλ’
2772 1685 2867 1752 οὑχ
2956 1685 3258 1752 δυνάμενον
3295 1688 3469 1755 ἑτέρῳ
3499 1705 3562 1753 γε
3601 1705 3714 1740 κοι-

436 1775 532 1828 τοῦ
561 1775 802 1843 τάγαθοῦ
827 1775 1003 1837 δντος,
1029 1775 1090 1826 τὸ
1117 1775 1261 1827 θεῖον
1291 1775 1500 1842 πέφηνε
1535 1772 1781 1839 Πνεῦμα,
1813 1771 2018 1838 ἀγαθόν
2125 1775 2332 1838 νωνεῖν,
2361 1773 2390 1825 δ
2419 1774 2615 1826 ταυτὸν
2651 1775 2714 1827 ἂν
2745 1775 2830 1844 εἴη
2865 1776 2939 1843 τῷ
2976 1779 3252 1828 κοινωνεῖν
3281 1777 3338 1829 ἐν
3389 1781 3501 1840 τοῖς
3545 1778 3713 1840 θείοις

436 1870 518 1930 ὃν,
574 1869 668 1919 καὶ
719 1867 899 1934 ἅγιον,
956 1867 1050 1918 καὶ
1100 1866 1380 1934 άγαθότης
1431 1866 1593 1934 αὑτὴ,
1646 1865 1740 1916 καὶ
1796 1862 2021 1931 ἀγιότης
2054 1847 2099 1907 Β
2130 1863 2208 1932 τῷ
2244 1865 2421 1934 Πατρὶ
2440 1866 2642 1934 προσὸν
2674 1866 2728 1930 ἐξ
2755 1866 3020 1936 ἀνάγκης.
3052 1867 3141 1936 Τῷ
3167 1869 3272 1937 γὰρ
3317 1869 3588 1938 προῆχθαι
3621 1874 3714 1924 καὶ

437 1961 600 2029 αὑτὴ,
629 1961 719 2011 καὶ
745 1959 1019 2027 ἁγιασμὸς
1051 1959 1211 2021 αὑτὸς
1245 1959 1385 2010 κατά
1421 1958 1603 2025 φύσιν.
1635 1957 1742 2010 Καὶ
1767 1954 1938 2016 οῦτως
1964 1955 2034 2008 ἐν

439 2050 620 2120 ἐαυτῷ
652 2051 887 2120 τρισσῶς
916 2049 1224 2118 ὑφέστηκεν
1250 2051 1277 2102 6
1302 2048 1456 2113 Θεὸς,
1484 2051 1577 2101 καὶ
1608 2049 1753 2116 τρεῖς
1783 2046 2024 2099 ὑποστά-

441 2161 556 2204 σεις
587 2147 725 2196 εἰσὶν
763 2145 818 2195 ἐν
839 2142 1010 2211 αὑτῷ,
1044 2144 1098 2194 ἐν
1129 2144 1281 2212 ἄκρᾳ
1305 2141 1518 2210 ἐνότητι
1546 2140 1783 2210 φύσεως.
1818 2139 1891 2192 Οὑ
1917 2136 2025 2206 γὰρ

439 2238 609 2307 δήπου
637 2238 723 2290 τὸν
752 2237 893 2290 θεῖον
927 2238 1119 2304 Λόγον,
1148 2237 1206 2294 ὃς
1238 2253 1299 2302 γε
1365 2237 1476 2288 τῶν
1528 2234 1688 2288 θείων
1736 2233 2026 2304 νοημάτων

441 2318 676 2393 ἄϐυσσός
712 2332 827 2383 ἐστι
852 2333 1096 2391 πάντων,
1129 2330 1240 2382 δέοι
1264 2329 1316 2397 γ’
1343 2329 1409 2382 ἂν
1445 2327 1520 2398 μὴ
1558 2327 1845 2395 ὑφεστῶτα
1886 2323 2026 2379 εἶναι

441 2426 596 2478 Θεόν.
625 2426 694 2476 Ἢ
725 2424 839 2486 πῶς
875 2423 942 2476 ἂν
965 2418 1031 2492 ἦν
1069 2423 1180 2474 ίδέα
1218 2423 1316 2489 μὲν
1348 2421 1554 2488 ἀληθὴς
1594 2420 1688 2472 τοῦ
1739 2419 1898 2484 Θεοῦ,
1954 2419 2030 2480 ὼς

445 2517 651 2585 φυσική
683 2534 767 2578 τις
796 2515 1050 2583 ὁμοιότης
1082 2513 1270 2577 αὑτοῦ,
1317 2514 1410 2565 καὶ
1475 2514 1660 2576 εἰκὼν,
1708 2511 1802 2564 καὶ
1836 2513 2030 2581 ’χαρα-

444 2611 608 2679 κτὴρ,
635 2610 730 2662 καὶ
755 2607 1100 2674 ἀπαύγασμα
1143 2605 1406 2672 ἔμφυτον,
1443 2605 1554 2656 ἰδέα
1579 2604 1623 2656 δ’
1658 2599 1750 2666 αὖ,
1787 2604 1864 2665 ὡς
1923 2605 2056 2653 πα-“

445 2702 720 2773 ράδειγμά
756 2717 806 2752 τι
835 2697 1136 2766 ὑπερφυὲς,
1171 2698 1282 2748 τῶν
1307 2695 1440 2766 πρὸς
1476 2695 1576 2764 τὴν
1597 2695 1893 2764 ὁμοιότητα
1931 2694 2033 2760 τῆς

443 2794 538 2846 τοῦ
575 2791 871 2860 γεννῶντος
923 2789 1228 2859 βουλήσεως
1253 2787 1345 2841 καὶ
1366 2789 1586 2849 ἑαυτοῦ,
1615 2785 1752 2839 Θεοῦ
1779 2787 1845 2856 τῇ
1874 2785 2034 2853 φύσει

441 2887 617 2949 δντος,
653 2883 1068 2952 πεποιημένων,
1100 2883 1149 2933 εί
1187 2880 1264 2952 μὴ
1301 2880 1601 2950 ὑφεστήκει
1657 2877 1791 2940 Θεὸς
1847 2878 2034 2949 νοητὸς

446 2978 583 3049 πρὸς
615 2979 706 3029 τὸν
728 2976 890 3030 αὑτὸν
919 2975 1021 3045 μὲν
1053 2976 1118 3044 τῇ
1153 2972 1314 3043 φύσει
1349 2970 1793 3050 Θεὸν,ινοοῦντα
1850 2971 2034 3041 μέντοι

444 3086 508 3137 γε
537 3069 824 3138 σχετικῶς,
852 3065 1309 3134 ἀντιτεταγμένος
1335 3080 1352 3131 ς
1386 3059 1493 3117 Ἦν
1527 3063 1570 3116 δ’
1610 3065 1676 3118 ἂν
1706 3065 1800 3116 καὶ
1854 3065 2037 3134 χεῖρον

447 3161 550 3232 μέν
578 3160 672 3212 τοῦ
707 3159 852 3212 Θείου
879 3158 971 3210 νοῦ
1032 3157 1094 3209 τὸ
1154 3155 1438 3224 σύμφυτον
1491 3155 1703 3208 ἐκείνου
1761 3155 1856 3210 καὶ
1924 3155 2109 3245 ῖσονρ

443 3253 719 3323 ὁμοίωμα,
755 3250 829 3320 μὴ
857 3251 950 3306 καὶ
975 3251 1052 3317 τῇ
1113 3249 1411 3315 ὑφεστάναι
1461 3247 1814 3316 ὡμοιωμένον
1848 3259 1865 3277 ο
1930 3245 2040 3298 τῶν

445 3346 501 3398 δὲ
525 3343 618 3396 τοῦ
653 3343 790 3396 Θεοῦ
826 3344 1006 3410 ἔργων
1034 3342 1170 3393 πολὺ
1194 3340 1433 3392 ἐλάττων
1460 3339 1490 3408 ἡ
1519 3341 1577 3391 ἐν
1612 3338 1690 3408 τῷ
1742 3335 1862 3406 Θεῷ
1925 3336 2040 3390 ίδέα

444 3454 504 3490 τε
537 3438 627 3490 καὶ
659 3439 686 3489 6
721 3436 898 3500 λόγος,
931 3432 1260 3503 ὑφεστώτων
1288 3431 1534 3494 ἐκείνων,
1568 3429 1706 3501 αὑτὴ
1760 3430 1835 3500 μὴ
1902 3431 2039 3496 ὑφε-

449 3533 703 3600 στηκυῖα,
742 3528 918 3581 καίτοι
946 3529 1115 3580 πᾶσιν
1149 3525 1442 3594 ἀπειράκις
1495 3523 1739 3590 ἀπείρως
1783 3525 2040 3593 ὑπερκει-

449 3626 612 3693 μένη.
648 3621 809 3675 ’Λλλά
830 3621 895 3690 δὴ
924 3623 1017 3674 καὶ
1048 3619 1141 3673 τοῦ
1205 3619 1263 3672 ἐν
1313 3618 1449 3688 ἡμῖν
1484 3616 1644 3681 λόγου
1694 3615 1748 3669 τί
1801 3614 1866 3668 ἂν
1923 3609 2038 3684 εἶχε

449 3715 614 3771 πλέον
648 3717 675 3769 6
709 3715 875 3777 θεῖος,
908 3714 966 3766 τό
997 3730 1058 3782 γε
1090 3714 1169 3776 είς
1200 3710 1298 3782 τὴν
1338 3709 1503 3779 φύσιν
1531 3703 1665 3778 ἧκον
1704 3708 1797 3760 τοῦ
1857 3706 2038 3774 λόγου,

448 3809 595 3879 φημὶ
629 3808 694 3877 δὴ
731 3808 791 3860 τὸ
818 3809 875 3860 ἐν
895 3807 970 3877 τῷ
1006 3804 1080 3875 νῷ
1113 3801 1468 3873 συνειλῆφθαι
1501 3803 1576 3864 ὡς
1607 3796 1746 3864 εἶδός
1784 3818 1834 3854 τι
1865 3800 1943 3871 τῷ
1979 3817 2040 3854 τε

448 3901 626 3974 νοητῷ
659 3919 775 3965 πως
828 3902 922 3954 καὶ
967 3898 1045 3970 τῷ
1093 3895 1304 3951 νοοῦντι
1339 3894 1740 3966 ὡμοιωμένονς
1805 3893 1880 3948 Οὑ
1931 3893 2041 3961 γὰρ

451 3997 751 4058 ὑπόστασις
782 3992 1047 4063 χωριστὴ.
1078 3990 1154 4060 (1)
1196 3991 1224 4042 6
1284 3990 1342 4042 ἐν
1404 3989 1536 4058 ἡμῖν
1598 3986 1811 4054 πέφυκε
1862 3986 2037 4053 λόγος,

451 4087 570 4142 ἀλλ’
605 4089 662 4140 ἐν
693 4087 991 4140 ὑποστάσει
1023 4084 1223 4152 μᾶλλόν
1252 4084 1370 4136 ἐστι
1397 4083 1462 4151 τῇ
1494 4079 1588 4134 τοῦ
1626 4078 1740 4144 νοῦ,
1774 4080 2043 4152 ὑπαρκτι-

451 4180 564 4243 κῶς
589 4180 800 4234 ἐκείνου
825 4177 1240 4248 διακρινόμενος
1267 4191 1284 4209 ο
1308 4173 1371 4227 οὑ
1419 4174 1528 4244 γάρ
1587 4172 1772 4236 ἁπλῶς
1827 4172 1943 4225 ἀλλ’
2005 4172 2038 4244 ἢ

449 4270 641 4342 νοητός
675 4272 814 4325 ἐστι.
839 4269 943 4322 Τὸν
977 4267 1035 4320 δὲ
1062 4266 1207 4321 θεῖον
1230 4264 1339 4338 ἄρα
1367 4265 1541 4332 Λόγον
1596 4263 1766 4333 ἐχρῆν
1815 4263 1882 4334 τῇ
1941 4262 2042 4334 μὶν

450 4361 743 4434 ταυτότητι
782 4362 882 4431 τῆς
903 4359 1169 4430 Θεότητος
1198 4356 1286 4411 διὰ
1315 4357 1412 4430 τὴν
1439 4354 1725 4426 ἁπλότητα
1760 4352 1862 4423 τῆς
1893 4353 2042 4418 θείας

451 4452 665 4524 φύσεως
689 4440 1091 4522 κεκοσμῆσθαι,
1119 4449 1186 4520 τῇ
1217 4447 1273 4503 δι
1294 4447 1390 4518 τῆς
1422 4447 1777 4510 ὑποστάσεως
1810 4445 2070 4514 ἰδιότητι.

2128 1958 2329 2026 τρόπον
2353 1960 2412 2010 οὑ
2435 1959 2525 2009 τὸν
2552 1958 2734 2022 αὑτὸν,
2768 1959 2816 2009 εί
2847 1960 2942 2011 καὶ
2992 1961 3276 2029 συμφυῶς,
3333 1966 3397 2032 τῇ
3454 1964 3552 2032 μὲν
3618 1966 3715 2018 τοῦ

2129 2047 2430 2116 προηχότος
2465 2048 2627 2113 αὑτὰ,
2674 2051 2738 2116 τῇ
2772 2048 2816 2100 δ’
2868 2049 3135 2118 ἀλλήλων,
3191 2051 3565 2122 διακρίνεσθον
3625 2059 3718 2124 μό-

2131 2156 2206 2209 νῳ
2241 2140 2340 2205 (⁸2).
2374 2141 2475 2191 Καὶ
2515 2141 2696 2192 τοίνυν
2728 2141 2918 2193 τούτου
2944 2143 3108 2211 μόνου
3160 2145 3588 2215 φυλαττομένου,
3620 2153 3719 2218 τὴν

2131 2231 2188 2282 ἐν
2210 2234 2322 2293 τοῖς
2350 2230 2530 2292 ἄλλοις
2560 2231 2641 2283 δεῖ
2670 2233 2956 2286 κοινωνίαν
2985 2240 3076 2288 καὶ
3109 2240 3335 2290 σκοπεῖν
3361 2243 3452 2291 καὶ
3474 2241 3682 2295 τιθέναι
3702 2259 3718 2274 ο

2132 2321 2455 2390 φυλάττοιτο
2486 2322 2530 2374 6‘
2569 2323 2654 2384 ἂν,
2695 2325 2887 2391 ἀγόνου
2921 2329 3013 2380 καὶ
3049 2331 3144 2392 τῆς
3176 2334 3414 2402 νοήσεως
3476 2335 3570 2387 καὶ
3621 2337 3722 2404 τῆς

2133 2413 2352 2482 ἀγάπης
2386 2416 2720 2482 προσόντων,
2753 2418 2828 2478 ὡς
2855 2418 2977 2487 Θεῷ
3012 2421 3111 2488 μὲν
3140 2424 3319 2492 νοητῷ
3346 2427 3439 2478 καὶ
3469 2429 3721 2497 γεννητῷ

2133 2521 2219 2571 γε,
2244 2506 2319 2572 τῷ
2353 2508 2530 2577 Λόγῳ,
2558 2507 2677 2576 Θεῴ
2719 2510 2776 2561 δὲ
2827 2512 3090 2581 ἐρωμένῳ
3134 2517 3228 2567 καὶ
3274 2517 3722 2587 προϐαλλομένῳ,

2133 2597 2210 2664 τῷ
2237 2599 2512 2666 Πνεύματι
2556 2617 2568 2629 ο
2595 2601 2668 2663 ὡς
2697 2598 2838 2655 εἶναι
2877 2607 2975 2671 μὲν
3011 2608 3108 2675 τὴν
3162 2608 3367 2661 τούτων
3417 2611 3593 2681 ἀρχὴν
3620 2613 3721 2682 (ὅ),

2137 2690 2358 2744 νοοῦντα
2389 2693 2551 2744 αὑτὸν
2586 2695 2681 2745 καὶ
2709 2695 2922 2762 ἐρῶντα
2954 2699 3139 2760 αὑτὸν,
3172 2701 3200 2752 δ
3255 2703 3453 2754 ταυτόν
3505 2707 3621 2757 ἐστι
3647 2706 3726 2775 τῷ

2141 2783 2302 2850 μόνον
2332 2778 2471 2836 εἶναι
2504 2786 2596 2837 καὶ
2636 2786 2860 2840 νοοῦντα
2892 2790 2984 2842 καὶ
3007 2791 3219 2859 ἐρῶντα
3244 2795 3482 2862 γονίμως
3511 2799 3594 2865 (τὸ
3618 2801 3728 2869 γάρ

2139 2874 2344 2942 κυρίως
2370 2877 2488 2927 ἴσον
2510 2878 2629 2930 ἐκεῖ
2657 2879 2732 2947 τῷ
2782 2882 2933 2948 ἅπαξ
2964 2883 3247 2948 δύνασθαι,
3314 2889 3520 2952 πάντες
3561 2893 3728 2960 ἠξίω-

2141 2966 2264 3036 σαν)
2295 2982 2310 2998 ο
2346 2969 2459 3019 τοῖν
2485 2968 2540 3021 δὲ
2602 2974 2788 3038 νόησιν
2819 2973 2918 3041 μὲν
2973 2977 3140 3043 αὑτὴν
3191 2975 3333 3031 εῖναι
3377 2983 3473 3034 καὶ
3541 2986 3730 3053 νοητὸν

2140 3057 2273 3111 αὑτὸ
2310 3058 2558 3129 θάτερον,
2596 3063 2688 3113 τὸν
2735 3064 2828 3115 τοῦ
2895 3065 3033 3118 Θεοῦ
3077 3068 3249 3137 δήπου
3302 3072 3496 3138 Λόγον,
3548 3074 3727 3144 ἔρωτα

2140 3148 2184 3202 δ’
2207 3151 2370 3205 αὑτὸν
2399 3157 2492 3206 καὶ
2521 3156 2752 3216 ἐραστὸν
2775 3157 2906 3210 αὑτὸ
2929 3161 2991 3212 τὸ
3016 3160 3240 3230 Πνεῦμα
3265 3159 3404 3216 εἶναι
3427 3166 3486 3218 τὸ
3531 3165 3684 3235 ἅγιον
3714 3185 3727 3198 ο

2141 3241 2170 3294 ὃ
2202 3246 2401 3296 ταυτὸν
2432 3246 2498 3298 ἂν
2525 3247 2609 3316 εἴη
2638 3247 2716 3312 τῷ
2744 3251 2880 3301 νοεῖν
2913 3251 3120 3317 ἀγόνως
3154 3270 3218 3320 γε
3273 3256 3366 3308 καὶ
3409 3260 3561 3328 ἐρᾷν.
3622 3262 3731 3313 Καὶ

2143 3335 2332 3407 ὥσπερ
2381 3340 2409 3390 ό
2443 3338 2576 3402 Θεὸς
2612 3340 2707 3392 καὶ
2771 3342 2959 3411 Πατὴρ
2999 3346 3202 3397 νοεῖταί
3267 3364 3330 3415 γε
3376 3350 3468 3401 ὑπ’
3522 3352 3735 3419 ἀμφοῖν

2144 3430 2240 3481 καὶ
2269 3430 2464 3498 ἐρᾶται
2489 3431 2714 3500 ὁμοίως,
2754 3433 2948 3486 άλλὐὺ
2984 3439 3291 3504 προάγεται
3349 3441 3443 3493 ὑπ’
3498 3446 3726 3513 ἀμφοῖν,

2142 3519 2284 3573 οὕτω
2308 3522 2402 3575 καὶ
2431 3523 2608 3576 ταῦτα
2635 3526 2775 3576 νοεῖν
2812 3525 2911 3593 μὲν
2938 3527 3030 3579 καὶ
3064 3529 3195 3598 ἐρᾷν
3227 3531 3480 3602 ἀλλήλων
3508 3538 3601 3590 καὶ
3635 3539 3729 3591 τοῦ

2144 3613 2379 3683 Πατρός,
2414 3616 2551 3685 μηδέ
2582 3617 2671 3668 τὸν
2724 3618 2943 3686 Πατέρα
2978 3621 3394 3692 ἀντιπροάγειν,
3460 3627 3589 3699 μήθ’
3638 3629 3730 3684 ὑπ’

2141 3706 2391 3776 ἀλλήλων
2417 3709 2759 3777 προάγεσθαι
2790 3728 2803 3744 ο
2831 3711 2929 3781 τῆς
2957 3713 3013 3766 δὲ
3051 3713 3202 3777 θείας
3235 3717 3449 3785 φύσεως
3475 3722 3533 3774 ἐν
3587 3721 3728 3776 ᾶπα-

2145 3815 2230 3851 σιν
2256 3796 2422 3870 οὔσης
2455 3800 2555 3868 τῆς
2587 3804 2887 3873 νοουμένης
2905 3821 2965 3857 τε
2997 3806 3092 3859 καὶ
3125 3807 3522 3883 ἀγαπωμένης,
3558 3817 3732 3887 αὑτῆς

2142 3906 2201 3942 τε
2234 3891 2326 3944 καὶ
2359 3891 2452 3945 τοῦ
2486 3894 2626 3946 νοεῖν
2659 3893 2691 3964 ἢ
2729 3895 2861 3965 ἐρᾷν
2913 3895 3031 3960 ἐνὸς
3065 3897 3242 3952 όντοιν
3299 3902 3416 3955 ἐκεῖ
3477 3898 3732 3978 πράγμαέ

2143 3998 2255 4048 τος,
2297 3984 2347 4037 εί
2382 3983 2475 4037 καὶ
2502 3985 2704 4054 τρόπον
2735 3985 2942 4058 ἕτερον,
2998 3990 3227 4065 ἀληθεία
3292 3997 3387 4048 καὶ
3444 4000 3735 4068 πράγματι

2144 4077 2239 4128 καὶ
2277 4077 2352 4145 μὴ
2384 4077 2509 4130 κατ’
2575 4079 2821 4134 ἐπίνοιαν
2885 4084 3077 4153 μόνην,
3137 4087 3214 4150 ὡς
3267 4089 3494 4159 ἐλήρουν
3566 4096 3732 4160 τινὲς,

2147 4166 2308 4220 ἐστὸν
2339 4167 2703 4240 διενηνοχότε,
2733 4171 2826 4226 ἐνα
2862 4173 2938 4245 (4)
2975 4178 3039 4246 τῇ
3086 4177 3245 4244 φύσει
3277 4179 3403 4234 νοῦν
3444 4183 3537 4237 καὶ
3599 4185 3734 4239 Θεὸν

2143 4260 2241 4350 ἱνα
2265 4261 2362 4326 τὰς
2385 4265 2534 4335 τρεῖς
2565 4264 2894 4332 ὑποστάσεις
2923 4263 3061 4324 εἷναί
3084 4287 3143 4325 τε
3190 4275 3280 4330 καὶ
3333 4277 3449 4341 τοῖς
3496 4273 3554 4333 εῦ
3597 4297 3733 4350 φροο

2144 4347 2295 4404 νοῦσι
2328 4351 2706 4420 πιστεύεσθαι,
2739 4353 2833 4410 τοῦ
2865 4355 2962 4429 τὴν
3001 4358 3187 4429 νόησιν
3221 4363 3340 4418 ἐκεῖ
3364 4366 3456 4420 καὶ
3483 4366 3574 4423 τὸν
3599 4347 3736 4441 ἐρω-

2145 4459 2213 4498 τα
2234 4441 2311 4514 τῷ
2332 4444 2542 4517 γονίμῳ
2564 4462 2620 4501 τε
2651 4447 2741 4502 καὶ
2771 4448 2952 4522 ἀγόνῳ
2981 4449 3347 4526 διενηνοχέναι
3379 4459 3438 4514 τό
3467 4475 3524 4516 τε
3557 4464 3736 4533 μόνως

449 4545 546 4602 τοῦ
569 4545 884 4616 νενοηκότος
911 4541 1060 4608 ἀξιον
1085 4537 1245 4603 εἶναι.
1273 4539 1367 4595 καὶ
1395 4537 1470 4603 ὡς
1498 4539 1703 4602 ἐκεῖνος
1737 4536 1873 4592 νοῶν
1895 4537 2043 4591 ἐστιν
2077 4533 2121 4592 D
2149 4536 2322 4591 αῖτιον
2351 4539 2444 4592 καὶ
2473 4539 2541 4593 τά
2578 4539 2755 4611 μόνως
2789 4542 3006 4598 αίτιατα
3043 4549 3405 4616 συνιστῶντος
3445 4554 3630 4626 μόνον,
3664 4555 3739 4612 ὧν

451 4638 695 4711 ἀληθῶς,
733 4636 905 4700 οὕτως
936 4634 1100 4690 αὑτὸν
1128 4631 1335 4704 κυρίως
1389 4626 1530 4685 εἶναι
1558 4629 1879 4702 νοούμενον..
1910 4628 1969 4684 '0
2000 4628 2046 4683 δ’

451 4730 616 4794 αὑτός
655 4730 772 4782 ἐστι
807 4727 900 4781 καὶ
927 4727 1057 4794 περὶ
1085 4724 1179 4780 τοῦ
1215 4723 1362 4778 θείου
1413 4720 1734 4793 Πνεύματος
1760 4720 1942 4789 λόγος.
1995 4721 2049 4775 εῖ

451 4843 536 4888 τις
570 4823 814 4894 βούλοιτο
840 4819 910 4875 τά
943 4821 1204 4890 πρότερον
1234 4817 1504 4889 εἰρημένα
1532 4816 1629 4871 καὶ
1680 4814 1830 4888 αὑτῷ
1868 4816 2047 4886 ἐφαρ-

458 4916 647 4988 μόζειν
688 4915 830 4969 κατά
856 4915 923 4968 τά
953 4912 1083 4984 περὶ
1113 4910 1278 4966 αὑτοῦ
1330 4908 1772 4982 παραδεδομένα,
1827 4905 1931 4978 τὴν
1989 4909 2046 4961 ἐν

453 5015 568 5075 τοῖς
598 5010 913 5083 προσώποις
939 5009 1130 5074 σώζων
1165 5006 1454 5078 διαφοράν.
1488 5004 1642 5075 ’Λμα
1668 5003 1724 5058 δέ
1759 5005 1852 5057 καὶ
1875 5005 1936 5057 τὸ
1971 5002 2046 5073 μὴ

453 5105 567 5158 δεῖν
600 5104 692 5157 ἐπὶ
724 5101 944 5164 πλείους
993 5099 1335 5155 ἐκτείνεσθαι
1379 5099 1476 5162 τάς
1525 5096 1674 5161 θείας
1719 5094 2047 5160 ὑποστάσεις

454 5195 614 5264 δῆλόν
649 5200 766 5252 ἐστι
793 5197 905 5259 τοῖς
938 5195 1174 5264 εὐλόγως
1215 5209 1273 5248 τε
1324 5192 1439 5263 ἅμα
1487 5191 1583 5246 καὶ
1633 5189 1875 5253 εὑσεϐὦς
1919 5204 2049 5242 σκο-

456 5288 773 5360 πουμένοις.
799 5287 966 5342 Οὑδέν
995 5287 1104 5357 γὰρ
1143 5287 1170 5341 δ
1216 5303 1268 5340 τι
1314 5284 1425 5338 τῶν
1458 5283 1586 5354 περὶ
1625 5279 1762 5335 Θεοῦ
1819 5277 2053 5350 λεγομέ-

456 5382 686 5438 νωιοὺκ
716 5382 783 5436 ἀν
811 5382 892 5445 εἰς
940 5381 1041 5442 τὰς
1082 5379 1414 5440 ὑποστάσεις
1477 5373 1680 5439 ταύτας
1732 5372 2050 5444 ἀνενεχθείη

459 5476 642 5541 καλῶς
673 5475 767 5529 καὶ
799 5475 898 5538 τὰς
929 5474 1188 5546 προόδους
1224 5471 1430 5538 αὑτῶν,
1495 5468 1594 5524 εἰτ’
1651 5466 1924 5539 ἀγαθότης
1967 5467 2051 5538 εῖη

535 5650 611 5722 (1)
639 5652 773 5710 Cnd.
805 5655 1000 5724 χωρὶς,
1031 5651 1148 5706 sine
1175 5664 1364 5715 sensu,
1399 5648 1486 5724 u_l_;i
1517 5663 1615 5724 no_s
1675 5662 1706 5703 ο
1736 5647 1902 5724 τοίη.
1948 5667 2055 5719 xm;

464 5717 648 5793 ρισιὴ,
682 5717 834 5781 νοειῖ
868 5717 1244 5793 Peripateticis
1299 5736 1362 5777 ac
1419 5717 1832 5791 Neuplalouicis
1901 5717 2058 5791 asque

459 5798 736 5850 l'muzliuri.
779 5796 956 5852 Διει.

538 5867 615 5941 (2)
649 5868 784 5923 Cod.
823 5871 990 5940 μόνω,
1032 5867 1127 5925 sed
1165 5867 1299 5939 quia
1341 5863 1416 5923 ibi
1472 5861 1654 5924 omitti
1696 5863 1838 5923 solcl
1874 5881 1890 5917 ι
1931 5863 2065 5919 sub-

2152 4629 2272 4722 ταῖς
2302 4627 2561 4722 ἀληθέσιν
2596 4631 2898 4705 ἀναφοραῖς
2915 4653 2973 4690 τε
2999 4637 3092 4691 καὶ
3122 4638 3382 4714 ἰδιότησιν
3411 4646 3470 4712 ἐξ
3495 4649 3738 4722 ἀνάγκης

2153 4717 2248 4781 τὰς
2273 4719 2421 4789 τρεῖς
2452 4721 2782 4787 ὑποστάσεις
2813 4725 3042 4782 ἕπεσθαι
3072 4727 3172 4785 δεῖ.

2237 4813 2577 4907 Ἀξιόπιστος
2599 4817 2643 4871 δ’
2676 4818 2817 4892 ὑπὲρ
2840 4823 2987 4892 ἡμᾶς
3018 4828 3110 4880 καί
3138 4828 3227 4881 τὸν
3250 4832 3528 4904 ἡμέτερον
3581 4837 3742 4907 λόγον

2153 4903 2182 4957 6
2216 4907 2308 4998 τοῦ
2337 4906 2474 4961 Θεοῦ
2520 4909 2690 4978 Λόγος
2755 4912 2942 4981 αὐτὸς,
2991 4917 3167 4989 ἐαυτῷ
3218 4939 3277 4975 τε
3323 4903 3442 4980 καί
3480 4928 3557 4998 τῷ
3616 4903 3744 4998 Θεὶῳ

2157 4997 2434 5069 Πνεύματι
2469 5005 2783 5074 μαρτυρῶν,
2825 5005 2902 5072 ὡς
2953 5011 3017 5065 ἐκ
3077 4987 3215 5067 Θεοῦ
3272 4987 3644 5091 προηγμένοις
3685 4987 3741 5079 τε

2158 5095 2285 5151 καθ’
2315 5097 2642 5164 ὑπόστασιν,
2668 5103 2762 5156 καὶ
2801 5104 2858 5156 ἐν
2893 5106 3044 5177 αὑτῷ
3081 5110 3222 5163 κατά
3252 5111 3415 5181 φύσιν
3448 5117 3601 5172 οὐδὲν
3650 5115 3746 5193 ἦτ-

2158 5207 2249 5246 τον
2281 5186 2399 5246 οὖσι
2420 5192 2513 5246 καὶ
2547 5192 2604 5246 ἐν
2639 5194 2907 5268 ἀλλήλοις.
2943 5201 3087 5270 Δήλη
3137 5203 3192 5258 δὲ
3247 5207 3340 5261 καὶ
3384 5210 3415 5280 ή
3486 5211 3606 5282 ἱερὰ
3639 5186 3746 5268 τιῦν

2174 5286 2445 5340 σπουδαίων
2481 5285 2730 5356 θεολογία
2760 5289 2858 5360 τὴν
2890 5292 2946 5353 ές
2981 5291 3208 5365 ὕστερον
3237 5299 3582 5371 ἀναλάμπει-θ
3616 5309 3745 5374 μέλ-

2163 5380 2366 5432 λουσαν
2397 5380 2523 5445 περὶ
2564 5379 2673 5433 τῶν
2716 5380 2874 5436 θείων
2901 5383 3159 5455 ἀλήθειαν
3183 5389 3626 5461 προδιατυποῦσα
3658 5402 3749 5452 καὶ

2166 5470 2752 5543 προανακηρύττουσα,
2781 5475 2840 5529 ἐν
2884 5475 2961 5548 τῷ
2983 5478 3061 5552 τῷ
3089 5481 3189 5551 μὶν
3219 5485 3379 5556 Λόγῳ
3421 5489 3628 5561 Κυρὶου
3652 5492 3752 5564 τὴν
3777 5481 3781 5485 ’

2170 5651 2432 5716 scriptum
2479 5667 2491 5703 :
2536 5667 2668 5708 cave
2702 5651 2845 5705 enim
2881 5651 2948 5706 de
2974 5651 3118 5708 duali
3160 5656 3392 5720 cngiles.
3438 5659 3610 5713 Λιεκ.

2245 5724 2320 5790 (3)
2359 5722 2569 5798 Mulare
2608 5723 2742 5798 nihil
2795 5723 3067 5781 audemus
3107 5742 3120 5780 :
3185 5729 3538 5798 suspicamur
3570 5740 3753 5787 tamen

2171 5795 2481 5848 addendum
2519 5795 2673 5849 Θεόν.
2700 5793 2872 5850 Αιει.

2245 5865 2322 5937 (4)
2363 5867 2502 5922 Aule
2537 5866 2631 5919 ἕνα
2673 5865 3036 5936 supplendum
3079 5866 3240 5923 ὥστε.
3279 5869 3448 5928 Max.
