4468 6454
761 435 866 498 ΕΗ

761 550 874 602 τῶν
906 547 1074 600 ὄντων
1100 538 1377 611 σύμπηξίν
1409 553 1466 588 τε
1498 532 1595 588 καὶ
1642 529 1902 583 σύστασιν
1933 525 2232 594 ἀφορίζειν,
2259 516 2338 586 τῷ
2366 519 2416 580 Α

761 645 820 696 δὲ
855 641 947 692 τοῦ
973 638 1254 706 στόματοςῖ
1270 629 1438 682 αὑτοῦ
1472 624 1750 693 Πνεύματι
1809 615 2193 689 μεταφορικῶς
2241 613 2338 680 τὴν

767 734 1092 799 συντήρησιν
1117 724 1295 778 αὐτῶν
1316 723 1410 774 καὶ
1436 719 1532 788 τὴν
1572 719 1627 768 ἐν
1655 716 1732 782 τῷ
1762 710 1902 764 εῖναι
1925 708 2212 776 διαμονὴν,
2245 704 2340 756 καὶ

766 824 840 890 τῷ
877 795 972 889 μέν
995 795 1058 870 τὸ
1091 813 1249 879 εἶναι,
1280 813 1356 882 τῷ
1383 812 1437 862 δὲ
1465 810 1524 860 τὸ
1551 802 1610 860 εὖ
1651 805 1795 873 ἔχειν
1849 801 2179 869 ἐπιγράφειν
2231 795 2340 846 τῶν

769 915 956 974 ὄντων,
989 910 1110 960 ὅσον
1134 923 1194 973 γε
1219 907 1296 965 εἰς
1320 904 1418 968 τὴν
1447 897 1801 968 προσωπικὴν
1830 893 2010 946 αὐτῶν
2038 894 2186 942 ἐστιν
2224 889 2343 940 ἰδιό-

770 1023 907 1074 τητα
938 997 991 1077 (ᾗ
1029 1002 1132 1068 γὰρ
1158 998 1288 1058 Θεὸς
1312 997 1446 1047 εἰσιν
1560 987 1728 1059 ἐστιν]
1758 983 1856 1052 εἷς,
1879 986 2016 1052 ἔργα
2044 981 2207 1036 αὑτοῦ
2240 983 2344 1032 εἰσι

773 1100 970 1157 πάντα,
1001 1098 1098 1148 ὅσα
1127 1092 1183 1142 τό
1213 1106 1270 1141 τε
1318 1085 1458 1139 εἶναι
1501 1085 1588 1137 καὶ
1639 1084 1698 1134 τὺ
1752 1080 1809 1132 εὖ
1845 1073 1982 1130 εῖναι
2031 1077 2134 1128 τῶν
2177 1075 2345 1126 ὅντων

776 1183 1106 1253 συνείὶ.ηφελ’
1136 1182 1229 1235 καὶ
1248 1181 1338 1231 τὸν
1360 1180 1454 1247 μὲν
1479 1177 1647 1240 Λόγον
1666 1174 1762 1235 τῆς
1782 1170 1885 1222 τῶν
1899 1169 2065 1221 ὄντων
2092 1166 2346 1235 ἀληθείας

775 1280 981 1332 τιθέναι
1016 1275 1323 1344 ποιητικὸν,
1355 1270 1547 1336 ἐφόσον
1579 1262 1959 1333 ἐξομοιωτικός
1989 1264 2134 1312 ἐστιν
2170 1258 2347 1310 αὐτῶν

773 1370 907 1441 πρὸς
935 1371 1033 1438 τὴν
1054 1369 1195 1420 ἰδέαν
1225 1365 1322 1429 τῆς
1365 1363 1511 1422 θείας
1557 1359 1883 1426 βουλήσεως,
1914 1354 1982 1441 τδ
2023 1355 2077 1406 δέ
2129 1350 2346 1413 Πνεῦμα

775 1458 1195 1530 ἐπιστρεπτικὸν
1235 1454 1416 1508 αὑτῶν
1446 1450 1580 1520 πρὸς
1620 1447 1874 1514 τάγαθὸν,
1926 1437 1986 1497 οῦ
2017 1446 2095 1496 δεῖ
2140 1444 2347 1495 ’ἕκαστα

779 1553 992 1610 οἰκείως
1025 1551 1088 1618 τῇ
1125 1545 1273 1614 σφῶν
1298 1546 1457 1610 φύσει
1515 1541 1645 1607 ἐρᾷν
1695 1553 1753 1587 τε
1802 1534 1896 1586 καὶ
1942 1531 2347 1584 ἐπεκτείνεσθαι

777 1646 915 1698 κατά
947 1641 1128 1708 φύσιν.
1164 1637 1367 1702 ’Ἄμφω
1397 1633 1453 1683 δέ
1474 1634 1574 1698 τῆς
1615 1629 1766 1688 Θείας
1809 1626 1874 1678 ἂν
1905 1626 1988 1691 εῖη
2053 1619 2351 1685 κα“ι’μεγί-

778 1751 907 1800 στης
934 1732 1235 1797 δυνάμεως,
1265 1729 1338 1788 ὡς
1359 1725 1486 1777 ἄνευ
1512 1722 1650 1774 Θεοῦ
1680 1719 1792 1771 οὒτ’
1823 1714 1982 1779 εῖναι,
2007 1715 2120 1767 οὒτ’
2152 1712 2349 1780 ἀληθὲς

778 1819 940 1882 εἶναι,
965 1822 1088 1874 οὔτε
1121 1818 1256 1886 πρὸς
1314 1817 1405 1868 τὸν
1445 1815 1578 1867 Θεὸν
1631 1809 2004 1878 ἐπεστράφθαι
2048 1804 2346 1872 δυναμένου

781 1932 873 1966 του
902 1913 978 1982 (1)
1011 1913 1116 1962 τῶν
1151 1910 1319 1959 ὄντων
1350 1907 1446 1959 καὶ
1475 1903 1712 1958 ὁτουοῦν.

860 2005 1025 2058 Ἀλλά
1051 2003 1112 2071 δὴ
1144 2002 1238 2054 καὶ
1262 1999 1368 2052 τῶν
1397 2001 1463 2051 τά
1509 1997 1778 2062 Ἑλλήνων
1808 1989 2179 2058 τετιμηκότων
2221 1985 2349 2038 ἔνιοι

783 2098 1018 2164 τάγαθόν
1055 2113 1114 2146 τε
1149 2095 1243 2145 καί¹
1274 2093 1396 2143 νοῦν
1432 2091 1523 2141 καὶ
1556 2089 1732 2156 ψυχὴν
1786 2087 1884 2146 τάς
1933 2083 2166 2151 ἀρχικὰς
2223 2079 2354 2130 ὑπο-

785 2191 995 2247 στάσεις
1024 2185 1302 2254 εἰρηκότες
1327 2178 1485 2242 εἷναι,
1511 2179 1604 2231 καὶ
1635 2178 1783 2246 τρεῖς
1836 2175 2002 2236 αὑτάς
2033 2171 2354 2232 συνεκτικάς

785 2278 885 2329 τῶν
916 2277 1083 2328 ὄντων
1116 2276 1316 2337 αἰτίας,
1345 2275 1438 2325 καὶ
1471 2272 1702 2340 τριπλῆν
1737 2269 1792 2320 δέ
1828 2267 1964 2319 θεῶν
2010 2263 2280 2327 σύνταξιν,
2304 2263 2355 2314 τί

786 2387 842 2435 γε
872 2369 1050 2436 ἀλλοῆ
1096 2369 1161 2434 τῇ
1201 2364 1330 2431 παρ’
1358 2362 1514 2430 ἡμῶν
1551 2357 1961 2428 πρεσϐευομένη
1994 2353 2180 2422 Τριάδι
2214 2369 2355 2420 συμ-

784 2461 1150 2531 φθέγγονται;
1186 2457 1262 2525 τῷ
1293 2458 1477 2526 τρόπῳ
1505 2451 1870 2520 διενηνοχότες
1909 2452 2006 2516 τῆς
2037 2448 2178 2500 κατὰ
2226 2447 2352 2511 Χρι-

784 2554 908 2607 στὸν
941 2552 1219 2619 ἀληθείας,
1249 2549 1322 2610 ὡς
1362 2548 1551 2612 ἄραγε
1588 2546 1678 2596 καὶ
1725 2543 1866 2604 εἰκὸς
1913 2536 2003 2609 ἦν.
2065 2538 2212 2590 Ἔδει
2250 2539 2356 2604 γὰρ

782 2648 881 2717 τὴν
911 2647 1010 2715 μὲν
1044 2644 1328 2714 ἀκρίϐειαν
1349 2640 1440 2693 τοῦ
1487 2637 1737 2706 οὐρανίου
1788 2636 2051 2702 δόγματος
2072 2633 2151 2684 δι’
2191 2632 2356 2696 αῦτῆς

783 2734 1238 2800 ἀνακαλυφθῆναι
1272 2732 1369 2791 τῆς
1435 2729 1732 2792 ἀληθείας-⁸
1787 2727 1884 2787 τὰς
1957 2725 2012 2776 δέ
2060 2722 2357 2792 μαρτυρίας

784 2831 946 2897 αὐτῇ,
981 2827 1065 2878 διὰ
1093 2827 1192 2894 τήν
1226 2824 1333 2875 τῶν
1361 2819 1663 2889 ἀνθρώπιον
1694 2818 1981 2870 ἀσθένειαν
2011 2815 2100 2865 καὶ
2135 2813 2360 2878 φιλονει-

785 2923 934 2983 κίαν,
967 2918 1123 2970 τοῦτο
1151 2917 1247 2984 μὲν
1278 2914 1428 2982 παρά
1457 2913 1552 2978 τῆς
1586 2909 1947 2975 ἀτελεστέρας
1974 2906 2066 2956 καὶ
2127 2906 2360 2966 εἰσαγω-

785 3014 967 3081 γικῆς,
988 3010 1060 3070 ὡς
1093 3010 1157 3061 ἂν
1192 3011 1413 3076 φαῖμεν,
1440 3003 1736 3065 θεολογίας,
1773 2999 1928 3052 τοῦτο
1957 2999 2010 3050 δέ
2062 2998 2152 3048 καί
2209 2995 2360 3063 παρὰ

785 3108 886 3172 τῆς
919 3103 1205 3170 ἀλλοτρίας
1240 3103 1413 3167 πάντη
1441 3099 1533 3149 καὶ.
1569 3095 1723 3146 νόθου
1777 3091 2051 3150 θεοποιίας
2098 3087 2362 3156 παρίστα-

793 3199 938 3261 σθαι,
976 3197 1028 3249 εῖ
1056 3213 1137 3256 τις
1167 3193 1408 3261 ἀκριϐῶς
1438 3189 1726 3257 προσέχειν
1751 3185 1944 3244 ἐθέλοι,
1973 3185 2086 3249 ἅμα
2139 3182 2231 3232 καὶ
2264 3180 2365 3232 δῶ-

795 3291 886 3360 ρον
909 3306 961 3340 τι
991 3289 1051 3340 ἐκ
1090 3285 1225 3336 Θεοῦ
1253 3284 1409 3335 τοῦτο
1441 3276 1840 3349 προσειληφώς.
1881 3275 1984 3327 Ἐὦ
2017 3273 2060 3325 δ’
2125 3273 2247 3332 ὅσα,
2270 3272 2368 3337 τὴν

793 3382 998 3453 Τριάδα
1030 3379 1358 3446 ἐξαίροντες,
1378 3373 1645 3440 Ἐλλήνων
1673 3369 1859 3429 παῖδες
1887 3363 2371 3425 κα).οῦσιν,εὑ6ου-

791 3475 930 3538 λίαν,
953 3472 1047 3523 καὶ
1063 3471 1350 3538 φρόνησιν,
1371 3463 1780 3522 κατ-εὐσέϐειαν,
1798 3460 1891 3513 καὶ
1906 3458 2167 3529 ἁρμονίαν
2181 3473 2265 3523 γε,
2285 3455 2374 3506 καὶ

793 3568 1066 3636 ὁμόνοιαν,
1087 3568 1179 3614 καὶ
1209 3562 1429 3628 ἀρετὴν,
1455 3560 1546 3608 καὶ
1576 3555 1877 3615 τελείωσιν,
1899 3553 1989 3603 καὶ
2020 3552 2195 3602 πάντα
2215 3549 2277 3616 δή
2311 3548 2377 3598 τά

799 3663 905 3710 τὼν
932 3657 1212 3726 ὀνομάτων
1239 3653 1562 3718 σεμνότατα,
1591 3648 1663 3709 ώς
1683 3648 1736 3698 ἐν
1763 3664 1820 3698 τε
1844 3645 2089 3714 ἀριθμοῖς
2109 3643 2200 3695 καὶ
2222 3640 2378 3709 μεγέ-

798 3753 914 3804 θεσι
960 3752 1051 3800 καὶ
1075 3751 1138 3817 τῇ
1168 3745 1259 3798 τοῦ
1289 3743 1484 3804 παντὸς
1504 3741 1656 3792 τοῦδε
1680 3740 1841 3808 φύσει
1863 3739 2230 3790 διατείνουσαν
2253 3733 2379 3786 θαυ-

803 3843 1010 3910 μασίως
1043 3840 1180 3908 μετά
1213 3836 1412 3904 πολλῆς
1443 3833 1538 3902 τῆς
1570 3831 1750 3900 ίσχύος
1783 3847 1841 3883 τε
1875 3829 1969 3881 καὶ
1996 3828 2089 3880 τοῦ
2114 3826 2339 3887 κάλλους
2365 3842 2379 3857 ο

799 3937 899 3988 οὐκ
923 3933 988 3985 ἀν
1023 3929 1165 3983 οὓτω
1191 3945 1251 3995 γε
1285 3927 1461 3978 πάντα
1491 3923 1854 3990 διειληφυῖαν,
1894 3918 1940 3969 εἰ
1973 3921 2045 3986 μὴ
2075 3918 2138 3985 τῇ
2167 3917 2383 3967 πάντων

804 4026 952 4094 αἰτίᾳ
989 4024 1265 4091 σύμφυτος
1301 4015 1456 4081 οὖσα,
1489 4018 1562 4078 ώς
1599 4016 1795 4085 πρέπει
1845 4012 2016 4079 δήπου
2055 4010 2134 4077 τῷ
2174 4009 2385 4076 ἐσχάτῳ

805 4119 912 4169 τών
955 4117 1060 4168 νῶν
1087 4133 1145 4166 τε
1182 4116 1276 4166 καὶ
1306 4111 1534 4180 νοητῶν,
1571 4108 1781 4162 ἐκεῖθεν
1813 4104 1906 4157 καὶ
1938 4104 2004 4155 τὰ
2036 4103 2206 4170 αὐτῆς
2247 4100 2384 4169 ἔργα

805 4209 1051 4276 ἀναλόγῳ
1089 4208 1197 4258 τινί
1230 4204 1506 4271 ὁμοιότητι
1545 4199 1767 4266 ἰκόσμει
1799 4195 2177 4262 συγκαθιεῖσα,
2198 4191 2282 4242 ἵνα
2302 4189 2387 4258 δὴ,

817 4304 890 4365 ὡς
928 4301 1022 4353 τοῦ
1057 4296 1197 4352 εἶναι
1245 4298 1312 4349 τά
1338 4295 1461 4365 τῇδε
1499 4294 1713 4362 μετέχει
1740 4291 1803 4341 ἐκ
1825 4287 1917 4340 τοῦ
1940 4286 2094 4349 Θεοῦ,
2129 4284 2272 4338 οῦτω
2301 4284 2392 4335 καὶ

809 4395 1071 4463 ἁρμονίας
1088 4409 1149 4457 γε
1171 4391 1264 4441 καὶ
1280 4387 1614 4455 τελειότητος
1630 4383 1724 4435 καὶ
1739 4379 1906 4433 καλοῦ
1955 4378 2154 4439 παντὸς
2181 4377 2269 4429 διὰ
2299 4374 2394 4444 τὴν

810 4491 866 4538 ἐν
884 4486 1067 4545 αὐτοῖς
1096 4483 1282 4534 εἰκόνα
1312 4481 1408 4548 τῆς
1442 4475 1750 4545 ὑπερφυοῦς
1774 4473 1999 4542 Τριάδος
2029 4468 2393 4522 ἀπολελαυκό-

1861 404 2237 472 (ΞΕΝΝΑΒΙΙ
2281 401 2396 462 CP.
2436 391 2960 459 PATRIARCH/E

3912 383 4018 446 6P2

2449 512 2733 566 τελευταία
2761 526 2845 572 τις
2871 506 3061 575 θεότης
3082 505 3379 574 ἐκόσμησε,
3407 500 3502 555 καὶ
3535 499 3662 556 ἄλλο
3709 497 3868 552 ἄλλου
3929 498 4020 564 ἐγ-

2441 600 2859 671 κεχειρισμένσυ
2888 597 3026 666 πρὸς
3050 596 3150 665 τὴν
3183 593 3278 647 τοῦ
3310 593 3511 655 παντὸς
3549 591 3703 646 τοῦδε
3758 589 4023 642 σύστασιν

2443 691 2626 760 ἔργον,
2654 689 2796 742 κατὰ
2825 688 2923 756 τὴν
2954 686 3248 751 ἀναλογίαν
3279 684 3379 753 τῆς
3415 683 3654 752 φύσεως,
3703 681 3780 744 ὡς
3831 679 3905 750 μὴ
3947 679 4024 750 τῷ

2449 785 2652 850 μείζονι
2681 785 2864 850 μόνον,
2927 779 3063 832 ἀλλά
3105 779 3199 831 καὶ
3258 777 3511 846 ἀλλήλοις
3562 776 3858 844 ὑπουργεῖν
3897 772 4026 836 τοὺς

2446 876 2599 931 θεοὺς
2631 875 2854 938 αὑτοῖς;
2891 873 2998 924 Καὶ
3023 873 3070 924 εί
3108 873 3185 938 μὴ
3235 872 3336 940 μιᾷ
3365 871 3596 936 δυνάμει
3637 869 3899 928 ποικίλως
3935 867 4028 918 ἐπὶ

2447 970 2625 1020 πάντα
2661 966 3013 1036 ἐκτεινομένη
3065 967 3390 1036 παρήγαγεν
3419 966 3446 1017 ὀ
3496 963 3650 1029 Θεὸς,
3689 958 3769 1024 εἷς
3797 962 3894 1032 μὲν
3931 959 4024 1024 ὣν,

2446 1062 2744 1129 ἀναφοραῖς
2774 1061 2828 1111 δέ
2859 1075 3004 1112 τισιν
3065 1059 3392 1125 ἀναγκαίαις
3452 1059 3543 1110 καὶ
3596 1057 3750 1109 οὐδὲν
3801 1056 3882 1116 εἰς
3929 1053 4029 1122 τὴν

2448 1153 2567 1206 κατ’
2589 1153 2776 1205 οὐσίαν
2807 1154 3033 1220 ἑνότητα
3065 1151 3390 1220 ζημιούσαις
3419 1153 3474 1202 ἐν
3506 1149 3653 1217 αύτῲ
3679 1146 4030 1216 διακεκριμέ-

2449 1263 2559 1309 νος,
2593 1245 2727 1298 άλλά
2757 1245 2956 1304 πολλάς
2982 1245 3246 1313 δυνάμεις
3278 1243 3414 1310 πρὸς
3451 1243 3658 1295 ἕκαστα
3703 1241 4033 1308 διανενεμηο

2452 1344 2621 1406 μένας
2676 1339 2986 1408 ζητοῦντες,
3046 1339 3252 1400 ταύτας
3300 1337 3364 1405 δὴ
3414 1337 3506 1388 καὶ
3555 1335 3709 1396 θεοὺς
3744 1333 4030 1400 ὀνομάζειν

2451 1434 2936 1503 προαχθησόμεθα,
2969 1433 3092 1502 μηδ’
3116 1431 3404 1502 ὀνομάζειν
3435 1431 3626 1498 μόνον,
3655 1429 3788 1481 ἀλλὰ
3821 1427 3916 1480 καὶ
3949 1426 4030 1479 σέ·

2451 1527 2589 1589 δειν,
2625 1527 2720 1578 άτε
2761 1525 2953 1593 φύσεις
2983 1525 3135 1588 τινὰς
3163 1525 3317 1592 παρὰ
3373 1523 3466 1576 τὺν
3504 1523 3635 1574 Θεὸν
3689 1520 4028 1587 ὑφεστώσας.

2451 1619 2546 1670 καὶ
2567 1617 2626 1669 τὸ
2656 1618 2864 1669 ἐκείνου
2898 1618 3059 1687 ἔργον
3089 1616 3369 1678 ποιούσας,
3402 1615 3497 1668 καὶ
3530 1613 3886 1684 κυϐερνώσας
3915 1609 4031 1661 τόδε

2451 1711 2512 1762 τὸ
2547 1711 2675 1772 πᾶν,
2708 1709 2824 1770 πῶς
2865 1709 2992 1769 τοὺς
3025 1709 3182 1770 θεοὺς
3241 1707 3461 1768 τούτους
3513 1707 3746 1772 διάφορα
3798 1702 4034 1770 δυναμέ-

2454 1818 2574 1862 νους
2595 1801 2688 1852 καὶ
2724 1799 2896 1868 μείζω
2919 1817 2976 1851 τε
3001 1801 3093 1851 καὶ
3120 1799 3345 1864 ἐλάττω,
3381 1799 3477 1867 μιᾷ
3513 1798 3741 1866 δυνάμει
3771 1794 4034 1855 ποικίλως

2338 1922 2354 1939 ι
2384 1873 2422 1924 Β
2455 1894 2546 1944 ἐπὶ
2576 1894 2784 1953 πάντας
2836 1893 3185 1960 ἐκτεινομένη
3232 1893 3595 1960 παρήγαγεν;
3639 1889 3871 1957 Ὀμοίως
3926 1888 4033 1957 γὰρ

2455 1985 2520 2037 ἂν
2557 1985 2932 2053 προαγοίμεθα
2967 1986 3062 2037 καὶ
3098 1985 3252 2046 θεοὺς
3288 1984 3506 2053 ἐτέρους
3539 1983 3722 2052 ζητεῖν
3784 1980 3892 2032 τῶν
3925 1982 4035 2042 τοῖς

2456 2078 2683 2146 Ἕλλησι
2710 2078 3154 2148 γνωριμωτέρων
3202 2079 3501 2146 προτέρους
3547 2093 3607 2128 τε
3661 2074 3755 2126 καὶ
3806 2074 4031 2138 αἰτίους,

2455 2171 2548 2223 καὶ
2581 2170 2684 2240 πρὸ
2719 2172 2942 2222 ἐκείνων
2968 2171 3161 2230 ἄλλους
3208 2169 3285 2238 τῷ
3339 2168 3487 2236 αὐτῷ
3538 2166 3698 2234 λόγῳ,
3745 2164 3839 2217 καὶ
3878 2164 4034 2216 τοῦτο

2457 2263 2815 2330 ἐπ’ἆπειρον,
2850 2261 3244 2330 συγχωρούσης
3279 2262 3412 2329 ἡμῖν
3459 2258 3556 2328 τῆς
3607 2259 3838 2326 ἀπείρου
3893 2256 4036 2309 κατά

2455 2357 2554 2423 τὴν
2583 2355 2746 2421 φύσιν
2772 2354 3045 2421 ὑπεροχῆς
3079 2354 3169 2405 τοῦ
3197 2352 3331 2404 Θεοῦ
3360 2349 3594 2422 πρὸς-τά
3657 2350 3846 2402 τούτου
3903 2351 4037 2416 ἔργα

2460 2446 2569 2514 προ
2595 2445 2704 2495 τῶν
2730 2443 3046 2510 ληφθέντων
3087 2443 3173 2494 ἀεὶ
3204 2441 3503 2510 λαμϐάνειν
3558 2441 3803 2509 ἐτέρους,
3854 2440 3940 2492 διὰ
3979 2440 4040 2491 τὸ

2463 2537 2539 2606 μὴ
2558 2538 2687 2600 δεῖν,
2715 2536 2902 2604 φασὶν,
2936 2535 3157 2603 ἀμέσως
3189 2535 3320 2587 ποτὲ
3349 2537 3439 2587 τὸν
3471 2534 3603 2587 Θεὸν
3667 2535 3760 2586 ἐπὶ
3813 2533 3911 2602 τὴν
3950 2534 4041 2604 δη-

2466 2629 2752 2696 μιουργίαν
2781 2626 3126 2680 ἀφκνεῖσθαι
3149 2628 3258 2682 τῶν
3294 2628 3722 2698 ὑποδεεστέρων,
3750 2628 3797 2679 εί
3851 2627 3924 2696 μὴ
3953 2625 4044 2682 διά

2459 2741 2601 2786 τινος
2640 2725 2906 2794 βελτίονος
2935 2725 3171 2791 φύσεως,
3205 2723 3299 2776 καὶ
3333 2723 3505 2784 οὕτως
3534 2722 3794 2788 ἀπείρους
3826 2722 4040 2788 ἀνάγκη

2464 2818 2615 2884 σφίσι
2646 2818 2891 2884 γίνεσθαι
2914 2817 3040 2878 τοὺς
3069 2817 3246 2879 θεοὺς,
3275 2815 3365 2878 οὓς
3389 2815 3666 2869 ἀδικοῦσιν
3692 2813 3913 2883 ἀριθμῴ
3937 2831 4042 2868 τινι

2462 2911 2914 2979 περιγράφοντες.
2953 2911 3145 2963 Καίτοι
3171 2911 3260 2962 καὶ
3295 2909 3662 2978 εὐλογώτερον
3703 2909 3768 2960 ἂν
3795 2904 3862 2979 ἦν
3891 2906 4050 2958 ἀπεί-

2469 3017 2593 3068 ρους
2624 3001 2847 3063 τούτους
2870 3001 3079 3053 τιθέναι
3107 3002 3218 3062 τοῖς
3242 2999 3390 3064 ἀπαξ
3413 3001 3511 3070 τὴν
3559 3001 3709 3052 θείαν
3762 3000 3924 3067 φύσιν
3970 3001 4048 3060 είς

2467 3091 2686 3152 πλείους
2745 3091 3210 3160 καταμερίσασιν,
3265 3092 3340 3154 ὡς
3400 3091 3465 3144 ἂν
3524 3091 3661 3161 αὐτῇ
3713 3091 4050 3159 πανταχόθεν

2392 3211 2438 3272 C
2471 3184 2740 3253 προσήκοι
2792 3182 2853 3234 τὸ
2904 3183 3166 3252 ἀπειρονο
3232 3185 3278 3234 εἰ
3337 3183 3409 3252 μή
3459 3199 3606 3242 τινος
3659 3183 3938 3243 ἀσθενείας
3971 3182 4052 3232 ἐν·

2470 3275 2636 3339 δειξιν
2699 3278 2856 3342 φαῖεν
2896 3272 3035 3328 εῖναι
3088 3275 3148 3327 τὸ
3212 3275 3436 3344 πλῆθος.
3502 3275 3657 3327 Οὕτω
3709 3275 3766 3326 δὲ
3795 3274 3894 3327 κᾶν
3926 3277 4051 3326 ἐαυ-

2470 3369 2584 3427 τοῖς
2648 3367 2959 3435 πολεμοῖεν,
3021 3366 3096 3428 ώς
3141 3368 3276 3435 ἡμῖν
3327 3366 3500 3434 δήπου
3530 3365 3792 3435 πρότερον
3815 3366 4058 3436 εἴρηται.

2476 3455 2549 3508 Οὺ
2612 3455 2720 3524 γάρ
2766 3457 2872 3507 ἔδει
2929 3456 3150 3517 πλείους
3210 3455 3418 3508 τιθέναι
3461 3455 3637 3517 θεοὺς,
3684 3455 3966 3506 ἀσθένειαν
3991 3459 4053 3524 τῇ

2478 3547 2600 3618 θείᾳ
2649 3547 2809 3614 φύσει
2863 3550 3297 3618 προσάπτοντας.
3345 3544 3495 3599 Ὠστ’
3547 3545 3938 3616 ἀμφοτέρωθεν
3962 3547 4057 3596 αὖ·

2477 3641 2605 3702 τοὺς
2628 3641 2988 3708 ἁμαρτάνειν,
3019 3640 3049 3708 ἢ
3078 3640 3135 3690 ἐν
3163 3638 3388 3709 ἀριθμῷ
3414 3657 3518 3691 τινι
3543 3637 3734 3698 θέντας
3768 3637 3861 3700 οὒς
3887 3637 4055 3706 ἐχρῆν

2483 3736 2744 3803 ἀπείρους
2767 3730 2909 3785 εἶναι
2939 3735 3035 3787 καὶ
3059 3733 3276 3802 πλήθει,
3306 3733 3336 3802 ἢ
3365 3734 3610 3794 ἀσθενεῖς
3633 3733 4054 3798 ἀποφαίνοντας,

2481 3828 2554 3888 ὡς
2585 3829 2797 3897 ἀπείρῳ
2827 3827 2932 3879 τινὶ
2973 3827 3206 3896 διαφορᾷ
3267 3827 3364 3894 τῆς
3408 3824 3558 3887 θείας
3612 3825 3793 3894 ίσχύος
3853 3841 3912 3876 τε
3966 3826 4060 3876 καὶ

2486 3919 2644 3982 ἀξίας
2695 3918 3174 3990 ἀπορραπίζοντας
3220 3917 3328 3970 τῶν
3376 3917 3514 3973 θεῶν
3562 3915 3688 3978 τοὺς
3744 3914 4058 3968 ὑποδεεστέ-

2492 4030 2617 4083 ρους
2638 4030 2654 4044 ο
2681 4011 2830 4063 οὐδὲν
2864 4010 2972 4079 γὰρ
3006 4008 3071 4062 ἂν
3099 4011 3183 4078 εἴη
3230 4009 3322 4062 καὶ
3351 4009 3412 4061 τὸ
3453 4009 3792 4072 Ἀπόλλωνος
3818 4009 4060 4075 ἀξίωμα,

2493 4101 2568 4172 μὴ
2598 4103 2679 4154 ὅτι
2719 4117 2783 4166 γε
2813 4101 2873 4150 τὸ
2909 4098 3113 4169 Ἑρμοῦ
3148 4100 3243 4150 καὶ
3289 4097 3399 4150 τῶν
3435 4095 3527 4149 ὑπ’
3553 4096 3714 4149 αὑτοῦ
3749 4097 3851 4159 ἔτι,
3879 4097 4064 4148 τοσού-

2491 4213 2598 4247 των
2629 4193 2735 4262 πρδ
2770 4193 2950 4245 αὐτῶν
2985 4191 3122 4244 θεῶν
3154 4191 3323 4243 ὄντων
3373 4190 3746 4259 ὑψηλοτέρων,
3773 4188 3841 4240 δι’
3876 4183 3951 4241 ὦν
3978 4187 4062 4239 ἐπ’

2494 4287 2690 4348 αὐτοὺς
2739 4287 2773 4355 ή
2829 4285 3021 4351 θεότης
3079 4283 3270 4352 βαθμῷ
3319 4300 3423 4335 τινι
3467 4281 3856 4350 κατελήλυθεν.
3896 4281 3967 4332 Τὸ
4021 4281 4065 4332 δ’

2497 4382 2674 4434 αὐτῶν
2701 4381 2885 4432 εἵνεκα
2908 4380 3016 4431 τῶν
3045 4379 3185 4430 θεῶν
3219 4379 3315 4430 καὶ
3343 4381 3411 4430 τὰ
3437 4378 3529 4430 ὑπ’
3570 4374 3749 4429 αὑτῶν
3775 4375 4066 4441 κινούμενα

2503 4476 2732 4543 σώματα
2789 4472 3059 4524 θεοποιεῖν
3108 4471 3225 4531 πῶς
3283 4472 3384 4522 οὐκ
3434 4469 3683 4533 ἀνόσιον;
3729 4466 3914 4519 Ταῦτα
3959 4468 4067 4534 γὰρ

816 4595 903 4642 τα,
937 4577 1138 4644 ἄριστά
1164 4593 1221 4626 τε
1253 4573 1366 4641 ἓχοι
1395 4570 1486 4623 καὶ
1521 4569 1815 4637 ὁμοιότατα
1837 4565 1913 4630 τῷ
1947 4561 2288 4630 πεποιηκότι.
2320 4560 2394 4619 ὡς
2429 4559 2470 4612 1)
2502 4566 2766 4635 μεγέθους
2821 4564 2920 4630 μὲν
2957 4563 3141 4615 εἵνεκα
3189 4563 3285 4614 καὶ
3330 4562 3511 4630 ἰσχύος
3571 4561 3664 4612 καὶ
3714 4559 3942 4620 κάλλους
3975 4558 4067 4609 καὶ

816 4673 1068 4738 ἐγχωρεῖ.
1104 4669 1211 4720 Καὶ
1235 4669 1301 4736 τῇ
1329 4665 1423 4733 μὲν
1444 4659 1831 4729 κατάΧριστὸν
1854 4657 2102 4724 θεολογία
2121 4653 2346 4706 τοιαῦτα
2369 4665 2384 4679 ⁸

810 4765 876 4830 τῇ
903 4761 958 4812 δὲ
983 4759 1396 4827 τῶνἙλλήνων,
1429 4761 1593 4828 ἐρεῖς,
1623 4754 1777 4806 οὐδὲν
1801 4752 1969 4816 ὑγιὲς,
2001 4749 2151 4799 οὐδὲν
2169 4746 2385 4814 σεμνὸν,

813 4852 1110 4920 ἄνθρωποι,
1133 4855 1406 4920 πρόσεστι.
1439 4850 1528 4918 Τῷ
1556 4849 1653 4917 μέν
1689 4847 1795 4912 γὰρ
1825 4842 1933 4895 τῶν
1957 4841 2229 4908 θεοτήτων
2254 4838 2388 4906 πλή-

816 4948 896 4998 θει
919 4948 1012 4999 καὶ
1041 4948 1146 4998 τῶν
1184 4945 1322 4996 θεῶν
1347 4947 1425 5004 είς
1455 4942 1606 4993 οὐδὲν
1636 4938 1938 5007 ἐχρήσαντο
1981 4934 2122 4996 δέον,
2159 4930 2235 4998 τῷ
2292 4930 2390 4998 μὲν

815 5042 992 5093 δοκεῖν
1033 5037 1502 5107 ὑπερκαθίσαντες
1532 5033 1621 5084 τὸν
1656 5031 1751 5083 ἕνα
1786 5027 1942 5090 Θεὸν,
1971 5024 2116 5093 ἔργῳ
2151 5023 2207 5075 δὲ
2245 5020 2394 5089 μερί-

820 5149 914 5191 τας
946 5129 1095 5198 αὑτῷ
1120 5132 1213 5180 καὶ
1247 5125 1531 5186 κοινωνοὺς
1564 5120 1855 5178 τοσούτους
1890 5116 2395 5182 ἀπαναστήσαντες

818 5224 914 5290 τῆς
936 5239 993 5273 τε
1010 5222 1288 5288 δυνάμεως
1314 5219 1608 5284 συμπάσης
1641 5213 1734 5266 καὶ
1771 5211 1869 5280 τῆς
1929 5211 2124 5276 ἀρχῆς,
2181 5207 2273 5258 καὶ
2320 5203 2395 5272 τῷ

819 5316 917 5382 τὴν
946 5313 1282 5382 σεμνοτάτην
1311 5307 1684 5379 προσηγορίαν
1715 5305 1792 5364 είς
1834 5301 2075 5371 βαθμοὺς
2105 5297 2393 5358 τοσούτους

821 5407 1168 5471 κατενεγκεῖν
1196 5403 1272 5469 τῷ
1330 5401 1528 5469 πρώτῳ
1583 5398 1709 5457 τοὺς
1774 5393 1891 5463 μετ’
1931 5393 2138 5444 ἐκεῖνον
2191 5391 2396 5450 πάντας

828 5497 1306 5563 συναδικήσαντες,
1340 5493 1432 5544 καὶ
1459 5492 1513 5551 ἐς
1543 5489 1640 5557 τὴν
1668 5488 1831 5556 φύσιν
1863 5484 2034 5553 αὑτὴν
2079 5482 2400 5550 ἐξυόρίσαν-

829 5608 937 5650 τες,
958 5591 1022 5658 ἣν
1050 5590 1115 5656 τῇ
1143 5585 1482 5654 προσηγορίᾳ
1515 5585 1687 5650 ταύτῃ
1719 5579 1941 5646 τιμῶσι.
1975 5577 2096 5635 Πῶς
2121 5575 2227 5642 γὰρ
2288 5575 2400 5623 θεοὶ

828 5682 876 5732 οἰ
919 5677 1340 5745 πεπερασμένην
1361 5674 1573 5742 ἔχοντες
1597 5671 1847 5737 δύναμιν,
1876 5666 2036 5721 ἄλλου
2090 5663 2208 5731 μετ’
2241 5662 2398 5714 ἄλλον

830 5774 1168 5840 τεταγμένου
1203 5774 1264 5839 τῇ
1299 5769 1479 5836 φύσει,
1521 5768 1682 5835 μέχρι
1729 5764 1820 5818 καὶ
1879 5761 1972 5816 τοῦ
2033 5759 2286 5828 ἐσχάτου,
2342 5757 2398 5807 ὃν

903 5887 978 5955 (1)
1022 5883 1270 5941 (ἰού.τοῦ
1303 5899 1424 5939 cum
1468 5891 1712 5936 accentu.

2496 4657 2777 4726 διαρκείας
2828 4657 2938 4708 δέοι
2970 4656 3021 4715 γ’
3055 4655 3120 4708 ἂν
3151 4655 3243 4706 καὶ
3276 4653 3416 4705 πάνυ
3450 4653 3768 4720 θαυμάζειν.
3816 4653 3911 4703 Δεῖ
3939 4652 4068 4716 μέν-

2497 4765 2579 4798 τοι
2611 4763 2674 4814 γε
2702 4749 2762 4798 τὸ
2799 4745 2887 4798 ἔπ’
2928 4747 3111 4806 αὐτοῖς
3153 4743 3339 4811 θαῦμα
3366 4745 3603 4810 πέμπειν
3648 4743 3808 4804 εὐθὺς
3855 4744 3946 4792 ἐπὶ
3979 4742 4069 4792 τὸν

2501 4839 2856 4908 δημιουργὸν,
2901 4837 3090 4906 ὥσπερ
3135 4837 3571 4904 οἰκοδομήματος
3622 4835 3910 4887 καλλίστου
3945 4834 4070 4885 νοῦν

2499 4931 2722 4999 ἔχοντας
2767 4929 2989 4990 θεατάς,
3022 4926 3164 4980 οὑτω
3199 4929 3294 4978 καὶ
3328 4927 3473 4994 ἡμᾶς
3496 4967 3509 4990 ,
3550 4924 3688 4977 αὐτὰ
3729 4926 3828 4992 μὲν
3854 4925 4070 4992 ἀγαμέ-

2498 5040 2640 5087 νους,
2735 5023 2872 5073 εἰσιν
2910 5021 3049 5089 ἔργα
3079 5019 3213 5071 Θεοῦ
3247 5019 3473 5071 τοιαῦτα
3501 5058 3514 5079 ,
3552 5018 3656 5087 πρὸ
3686 5017 3729 5068 δ’
3759 5018 3938 5069 αύτὼν
3972 5018 4070 5085 τὴν

2497 5115 2694 5182 τέχνην
2733 5117 2825 5164 καὶ
2857 5111 2947 5162 τὸν
2975 5112 3223 5178 τεχνίτην
3265 5110 3736 5176 ὲκπληττομένους
3771 5109 3863 5159 καὶ
3895 5107 4073 5158 αἰδου-

2503 5207 2696 5272 μένους
2749 5204 2844 5255 καὶ
2882 5201 3165 5261 σέϐοντας.
3210 5200 3297 5261 Ὠς
3331 5199 3422 5251 οῦν
3453 5199 3562 5251 οὐδ’
3598 5199 3775 5250 οίκίαν
3813 5201 3933 5249 τινά
3978 5198 4074 5248 άν-

2499 5298 2713 5368 θρωπον
2754 5296 2876 5348 νοῦν
2907 5295 3043 5363 ἔχων
3069 5296 3133 5347 άν
3164 5310 3244 5356 τις
3287 5295 3450 5357 εἴποι,
3483 5293 3563 5344 ὅτι
3594 5290 3883 5358 ἀνθρώπου
3908 5290 4070 5359 ἔργον

2503 5389 2703 5455 ἄριστά
2752 5405 2814 5453 γε
2853 5387 3215 5455 εἰργασμένου
3265 5384 3448 5446 ἐστὶν,
3483 5385 3529 5434 εί
3577 5382 3747 5445 οὕτως
3792 5384 3885 5434 καὶ
3920 5382 4072 5451 τύχοι

2506 5481 2722 5548 ἔχουσα,
2761 5479 2933 5539 οὕτως
2964 5479 3084 5529 οὑδέ
3108 5477 3200 5528 τὸν
3227 5478 3377 5539 ἣλιον
3405 5477 3496 5525 καὶ
3526 5476 3624 5541 τὴν
3660 5474 3888 5542 σελήνην
3917 5471 4075 5535 θεοὺς

2505 5570 2933 5640 προσαγορεύειν
2966 5569 3071 5620 ἔδει
3113 5569 3204 5619 καὶ
3239 5568 3587 5634 προσκυνεῖν,
3646 5566 3944 5633 ὲνορῶντας
3995 5566 4078 5616 ὅτι

2504 5663 2638 5716 Θεοῦ
2687 5664 2823 5712 εἰσιν
2859 5662 3016 5728 ἔργα,
3064 5660 3204 5712 αὑτά
3256 5675 3314 5709 τε
3366 5659 3450 5725 ἐφ’
3487 5658 3692 5710 ἑαυτῶν
3735 5655 3878 5708 οῦτω
3913 5655 4076 5719 καλά,

2508 5758 2598 5807 καὶ
2627 5757 2705 5822 τῷ
2742 5758 2902 5806 παντὶ
2934 5753 3066 5822 τῴδε
3103 5754 3326 5820 κόσμος,
3355 5753 3452 5804 καὶ
3504 5755 3613 5813 τοῖς
3664 5748 4080 5815 ὑποδεεστέροις
