4468 6454
411 412 514 475 613

1514 389 1877 456 EPISTOLA
1926 395 2024 454 AD
2068 390 2575 453 PLETHONEM.

3575 385 3678 448 614

414 523 581 574 πᾶσιν
613 516 888 585 ὠφέλιμα.
925 513 992 565 Ἤ
1032 514 1123 565 ἐπὶ
1173 511 1352 564 πάντα
1393 510 1441 577 γ’
1484 509 1551 562 ἂν
1581 508 1690 561 ἔδει
1721 505 1780 560 τδ
1810 505 1986 560 τοιοῦ-
2021 510 2068 570 Α
2097 507 2452 576 ἐκπλήρωσιν
2481 499 2618 574 ἧκον
2656 502 2752 585 τῆς
2780 501 2843 553 ἐκ
2878 501 3012 553 Θεοῦ
3059 504 3314 570 προνοίας
3359 501 3452 552 καὶ
3479 504 3678 571 κυϐερ-

409 630 473 664 το
524 611 688 670 σέϐας
748 605 1053 666 ἐκτείνειν,
1102 601 1138 655 ἀ
1189 619 1243 653 τι
1297 601 1579 666 θαύματος
1623 599 1775 664 ἀξιον
1815 597 1998 666 ἔχουσι

413 705 510 756 καὶ
554 700 590 753 a
621 697 806 751 θεόθεν
839 695 998 747 είσίν.
1028 694 1192 746 Οὐδέν
1225 693 1282 745 δέ
1321 693 1474 744 ἐστιν
1512 692 1672 759 ἔργον
1699 688 1834 741 Θεοῦ
1855 729 1869 752 ,
1899 688 2000 741 κᾶν

416 795 477 846 τὺ
505 788 869 860 σμικρότατον
996 785 1023 837 δ
1057 784 1132 854 μὴ
1166 783 1498 850 θαυμάσειεν
1529 783 1593 836 ἄν
1616 798 1700 843 τις
1732 780 2000 840 ἐκτόπως.

420 886 530 936 Kal
567 881 706 934 πολὺ
737 876 924 947 μεῖζόν
959 879 1105 930 ἐστιν
1133 878 1191 928 ἐν
1221 877 1335 935 τοῖς
1364 873 1673 942 ἐλαχίστοις
1706 872 1767 923 τὸ
1795 872 1999 940 θαῦμα,

415 976 509 1031 τοῦ
558 973 697 1028 Θεοῦ
756 972 961 1039 σφίσιν,
1001 971 1120 1023 ἀντὶ
1150 969 1258 1022 τῶν
1305 969 1368 1020 ἐκ
1411 965 1506 1017 τοῦ
1544 966 1813 1034 μεγέθους
1844 964 2002 1016 ἐλατ-

416 1068 710 1134 τωμάτων,
756 1062 953 1129 σοφίαν
1002 1059 1124 1113 τινὰ
1169 1057 1266 1110 καὶ
1303 1059 1558 1127 μεθόδους
1607 1056 1764 1121 ξένας
1809 1057 2007 1122 ἐγκατ-

417 1157 747 1216 οικίσαντος,
778 1155 857 1215 είς
889 1150 1114 1214 ἔνδειξιν
1172 1151 1270 1216 τῆς
1300 1150 1610 1213 δυνάμεως.
1640 1147 1728 1199 Διὸ
1754 1148 1849 1199 καὶ
1880 1147 2006 1208 τούς

418 1248 647 1308 πολλοὺς
681 1248 713 1310 ἠ
764 1245 874 1296 τῶν
911 1244 1240 1310 σοφωτέρων
1299 1241 1550 1309 σφήλασα
1592 1239 1907 1309 περιεργία,
1941 1239 2008 1308 ἢν

419 1343 618 1392 ἐκεῖνοι
651 1336 783 1400 περὶ
807 1336 876 1387 τά
902 1334 1074 1403 μείζω
1099 1334 1207 1387 τῶν
1232 1335 1290 1386 ἐν
1314 1333 1391 1402 τῷ
1425 1333 1618 1399 κόσμῳ
1660 1330 2009 1398 φαινομένων

421 1431 624 1485 ἔπαθον
675 1428 978 1496 τεθηπότες
1031 1428 1211 1490 αὐτὰ,
1263 1425 1560 1478 καὶταῦτα
1604 1424 1670 1492 δὴ
1718 1412 2032 1490 προήγαγεν

421 1524 696 1576 θεοποιεῖν
748 1535 808 1572 τε
864 1520 958 1572 καὶ
1013 1519 1214 1571 σέϐειν·
1253 1518 1492 1584 εὐλόγως
1555 1515 1654 1584 μὲν
1710 1516 2012 1582 οὐδετέρων

422 1615 827 1682 πεποιηκότων,
863 1613 971 1664 τῶν
1006 1612 1064 1664 δέ
1111 1610 1324 1662 πολλῶν
1358 1610 1764 1676 εὐλογώτερον,
1811 1610 1893 1660 ὅτι
1926 1623 2012 1672 γε,

421 1707 540 1758 δέον
561 1706 720 1770 δόξαν
745 1706 861 1764 τοῖς
895 1703 1165 1770 ἡγεμόσιν
1214 1702 1395 1755 αὐτῶν
1439 1701 1499 1752 τὸ
1531 1701 1675 1752 θεῖον
1723 1698 1891 1762 σέϐας
1921 1699 2016 1750 ἐπὶ

419 1800 488 1850 τὰ
517 1799 655 1866 ἔργα
703 1797 798 1849 τοῦ
843 1796 981 1850 Θεοῦ
1018 1795 1379 1862 καταφέρειν,
1419 1795 1519 1861 τῆς
1549 1793 1809 1859 τοιαύτης
1859 1789 2016 1843 αὐτοὶ

2103 599 2338 665 νήσεως,
2373 595 2569 664 ἀληθές
2601 584 2776 646 ἐστιν.
2815 594 2964 645 Ἔδει
2999 594 3107 661 γάρ
3137 610 3185 644 τι
3230 595 3322 645 καὶ
3356 594 3535 653 αὐτοῖς
3570 600 3681 659 τοῖς

2104 687 2546 755 κυϐερνωμένοις
2597 681 2736 738 εἶναι
2769 685 2933 736 καλὸν
2968 688 3025 736 ἐν
3060 683 3150 752 ,τῷ
3198 686 3479 748 λυσιτελές
3509 705 3559 737 τι
3587 689 3684 738 καὶ

2103 780 2311 832 τούτων
2338 779 2572 831 ἕκαστον
2603 774 2768 830 εἶναι·
2802 778 2946 830 οὓτω
2972 778 3079 845 γάρ
3119 779 3179 829 3v
3207 782 3293 829 καὶ
3322 782 3353 845 ή
3384 779 3475 829 τοῦ
3521 782 3682 846 μόνου

2107 871 2446 939 κυϐερνήτου
2493 871 2604 922 τῶν
2657 871 2824 921 ὄντων
2878 869 3094 932 ἐξουσία
3137 869 3518 939 λαμπρότερον
3569 871 3686 922 διας

2108 963 2354 1030 φαίνοιτο
2389 1001 2402 1024 ,
2465 963 2674 1014 πολλῶν
2745 979 2801 1013 τε
2862 961 3299 1028 διακονουμένων
3345 964 3533 1030 αὐτῇ,
3591 965 3687 1015 καὶ

2111 1055 2327 1106 πάντων
2382 1057 2698 1118 εὐτάκτως,
2846 1053 2973 1106 ἄλλο
3038 1055 3199 1106 ἀλλου
3255 1054 3493 1122 ἢρτηται
3561 1054 3690 1105 θαυ-

2113 1147 2344 1215 μασίως,
2376 1145 2566 1214 ῶσπερ
2622 1147 2678 1196 ἐν
2722 1149 2786 1214 τῇ
2823 1146 2970 1210 τάξει
3023 1146 3118 1211 τῆς
3174 1147 3414 1212 φύσεως,
3453 1147 3597 1198 οὐτω
3628 1126 3692 1216 δὴ

2111 1241 2204 1294 xal
2235 1240 2330 1305 τῆς
2363 1239 2702 1306 λειτουργίας
2732 1254 2744 1267 ·
2780 1241 2904 1290 ὅσον
2936 1239 2981 1291 δ’
3009 1241 3088 1300 είς
3137 1239 3226 1290 τὸν
3274 1239 3374 1306 τῆς
3425 1241 3694 1308 κυϐερνή-

2115 1348 2250 1384 σεως
2283 1332 2407 1399 ἧκει
2460 1330 2637 1395 λόγον,
2700 1330 2920 1397 ἀμέσως
2966 1331 3146 1382 πάντα
3196 1332 3258 1381 ἐκ
3307 1330 3441 1383 Θεοῦ
3495 1333 3692 1402 κυϐερ-

2115 1423 2304 1474 νᾶσθαι
2339 1424 2669 1490 πιστεύομεν
2727 1424 2830 1474 ὐπδ
2883 1424 2976 1490 τῆς
3017 1423 3166 1485 θείας
3232 1427 3427 1493 σοφίας
3482 1443 3540 1477 τε
3600 1429 3696 1478 καὶ

2113 1516 2418 1580 δυνάμεως⁹
2454 1517 2867 1581 ἐφαρμόττουσι
2898 1518 3005 1584 γάρ
3039 1519 3096 1568 ἐν
3124 1517 3198 1584 τῷ
3229 1518 3375 1588 λόγῳ
3404 1520 3500 1585 τῆς
3533 1521 3692 1572 ἀπειυ

2120 1606 2264 1671 ρίας,
2327 1605 2494 1671 μέχρι
2549 1605 2643 1654 καί
2692 1605 2800 1655 τῶν
2846 1606 3092 1673 ἐσχάτων
3148 1610 3529 1674 ἐκτεινομένῳ.
3564 1609 3699 1660 Οὐδὲ

2117 1697 2226 1761 γάρ
2276 1690 2387 1747 οἶόν
2436 1696 2483 1746 τ’
2523 1689 2593 1762 ἦν
2641 1694 2705 1745 δι’
2768 1695 2937 1746 αὐτοῦ
2991 1696 3089 1764 μὲν
3143 1698 3558 1750 κατασκευάσαι
3609 1701 3699 1748 τον

2119 1785 2348 1852 κόσμον,
2394 1785 2467 1853 μὴ
2496 1785 2723 1837 διοικεῖν
2765 1785 2821 1836 δὲ
2870 1786 3064 1838 τοῦτον
3108 1787 3174 1838 δι’
3219 1789 3386 1840 αὐτοῦ
3414 1791 3502 1840 τὸν
3543 1790 3698 1852 Θεὸν,

418 1863 586 1957 τιμῖγς
638 1889 815 1942 οὐδενὶ
862 1889 971 1940 τῶν
1053 1888 1233 1955 ἔργων
1281 1886 1592 1953 ἐφθόνησαν
1618 1925 1631 1944 ,
1688 1883 1784 1937 ἅτε
1844 1883 2012 1934 πᾶσιν
2048 1863 2087 1916 Β
2122 1878 2243 1946 μηδ’
2268 1877 2324 1942 ἐξ
2357 1876 2520 1929 αὑτοῦ
2553 1878 2645 1929 τὸν
2679 1878 2778 1947 τῆς
2801 1879 3007 1942 τάξεως
3037 1879 3300 1947 λογισμὸν
3323 1882 3700 1936 ἐπιτεθεῖσθαί

422 1978 706 2048 ἐξαιρέτου
740 1979 892 2041 τινὸς
925 1980 1022 2048 τῆς
1051 1978 1146 2030 τοῦ
1182 1977 1318 2030 Θεοῦ
1357 1977 1550 2044 σοφίας
1578 1974 2010 2044 ἐμφαινομένης,

421 2073 518 2124 καὶ
553 2073 688 2142 πρὸς
733 2073 923 2141 μεῖζον
954 2071 1141 2137 θαῦμα
1173 2070 1496 2136 δυναμένων
1548 2070 1768 2133 ἐνάγειν
1801 2066 1909 2119 τῶν
1932 2067 2016 2119 δο-

423 2163 667 2216 κούντων
700 2163 1048 2232 ὴλαττῶσθαι
1106 2161 1402 2231 ποσότητι,
1445 2161 1540 2213 καὶ
1579 2158 1804 2229 μηδενὸς
1836 2157 2016 2209 αὐτῶν

422 2257 599 2335 δντος,
635 2249 680 2322 ᾧ
710 2257 784 2326 μὴ
811 2257 868 2307 τὺ
896 2255 1146 2318 αίτιῶδές
1182 2272 1239 2306 τε
1285 2253 1495 2320 όπηοῦν
1530 2253 1709 2305 ἔνεστι
1749 2254 1843 2304 καὶ
1873 2251 2018 2317 ὠφέ-

424 2348 604 2415 λιμον.
641 2347 706 2398 Τί
740 2347 797 2399 δὲ
839 2348 871 2417 ή
905 2345 1225 2415 πατουμένη
1261 2347 1551 2416 Δημήτηρ,
1584 2345 1676 2397 καὶ
1726 2347 1752 2398 ό
1790 2344 2017 2397 σϐεννύ-

426 2456 590 2506 μενος
619 2439 953 2505 Ἱίφαιστος,
986 2444 1084 2490 καὶ
1133 2440 1160 2490 ό
1213 2438 1411 2505 πικρὸς
1443 2438 1539 2490 καὶ
1573 2438 1874 2507 φθαρτικὸς
1906 2439 2015 2491 Πο-

427 2530 621 2582 σειδῶν
651 2547 665 2594 ;
702 2529 764 2580 Τί
799 2530 855 2582 δὲ
887 2528 948 2580 τὸ
979 2530 1148 2598 ἄρόεν
1184 2530 1242 2582 ἐν
1280 2531 1394 2589 τοῖς
1438 2528 1579 2591 θεοῖς
1616 2531 1710 2581 καὶ
1741 2530 1917 2600 θῆλυς
1955 2532 2019 2583 Τί

426 2623 484 2675 δὲ
531 2622 588 2673 τὸ
631 2623 759 2681 τοὺς
817 2620 918 2688 μὲν
978 2621 1278 2686 ἐφεστάναι
1345 2623 1456 2682 τοῖς
1500 2622 1767 2687 ἀγαθοῖς,
1801 2623 1925 2684 τοὺς
1967 2611 2038 2676 δὲ’

424 2715 542 2774 τοῖς
593 2714 808 2782 χείροσι
848 2711 960 2767 τῶν
1012 2712 1068 2762 ἐν
1101 2729 1158 2763 τε
1200 2715 1265 2780 τῇ
1299 2712 1457 2779 φύσει
1485 2716 1577 2766 καὶ
1608 2713 1700 2765 ὐπ’
1727 2715 1905 2768 αὐτῶν
1935 2717 2024 2768 ἀν-

430 2805 666 2872 θρώπων
693 2805 1009 2870 γενομένων
1041 2819 1053 2868 ;
1112 2804 1222 2856 Kal
1252 2804 1575 2872 ἀνθρώπους
1606 2807 1662 2858 δέ
1702 2824 1857 2869 τινας
1893 2810 2026 2861 ἀπο-

429 2897 641 2961 θεοῦσι,
679 2898 778 2950 καὶ
824 2897 1018 2958 ἄλλους
1046 2891 1203 2959 αὖθις
1236 2899 1721 2966 καταστερίζυυσι,
1750 2902 1846 2952 καὶ
1870 2902 2026 2954 οὐδὲν

437 2989 468 3043 ὅ
499 3007 553 3042 τι
600 2989 663 3042 οὐ
715 2989 1016 3042 πλάττουσι
1060 2989 1169 3041 τῶν
1204 2990 1442 3054 ἀτόπων,
1489 2991 1679 3061 ὥσπερ
1714 2991 2028 3062 ἐξεπίτηδες

430 3082 533 3149 τὴν
559 3081 879 3150 τελειότητα
932 3081 1026 3133 καὶ
1063 3081 1346 3150 ἁπλότητα
1396 3081 1494 3135 καὶ
1542 3082 1604 3133 τό
1651 3085 1903 3147 ἀνενδεὲς
1931 3086 2024 3139 τοῦ

432 3172 570 3225 Θεοῦ
618 3172 715 3225 καὶ
766 3173 867 3241 τὴν
921 3171 1181 3236 ἀπειρίαν
1233 3173 1325 3224 καὶ
1358 3173 1460 3243 τὴν
1496 3173 1772 3226 ἀπάθειαν
1828 3176 1922 3226 καὶ
1967 3176 2029 3226 τὸ

433 3263 858 3331 παντοδύναμον
893 3266 990 3314 καὶ
1019 3263 1121 3334 τὴν
1155 3264 1423 3333 πρόνοιαν
1476 3265 1784 3329 ἐξελαύνειν
1841 3267 2025 3334 βουλό-

435 3374 614 3427 μενοι.
656 3357 734 3408 Δι’
788 3351 865 3410 ὦν
916 3357 995 3418 είς
1046 3357 1276 3410 τοιαῦτα
1331 3359 1688 3411 κατασπῶσιν
1740 3360 1903 3428 αἴσχη
1935 3361 2027 3412 καὶ

435 3452 609 3519 πάθη,
634 3451 773 3504 πολύ
805 3451 1084 3522 ἀπᾴδοντα
1115 3452 1215 3517 τῆς
1249 3451 1533 3518 βελτίστης
1573 3452 1669 3504 καὶ
1693 3453 2027 3523 σεμνοτάτης

435 3545 822 3614 προσηγορίας
867 3562 927 3597 τε
971 3546 1067 3596 καὶ
1100 3543 1193 3595 τοῦ
1246 3543 1594 3612 πράγματος.
1635 3545 1830 3597 Καίτοι
1865 3564 2028 3615 χωρι-

441 3637 575 3699 στὰς
609 3637 708 3705 μέν
753 3636 942 3698 οὐσίας
993 3635 1203 3688 τιθέναι
1252 3636 1408 3698 τινάς
1444 3634 1666 3703 εὐλογόν
1715 3639 1829 3688 ἐστι
1862 3638 2027 3688 πάνυ·

434 3729 557 3782 ἀλλ’
575 3728 699 3798 οὐχὶ
739 3731 836 3780 καὶ
873 3730 982 3780 τῶν
1008 3729 1180 3780 ὄντων
1207 3729 1584 3797 δημιουργοὺς
1611 3729 1788 3782 οὐδενὶ
1818 3729 2026 3799 τρόπῳ,

437 3819 565 3872 οὐτε
618 3820 1106 3890 συμμεριζομένας
1163 3820 1263 3889 τὴν
1319 3820 1414 3873 τοῦ
1469 3821 1675 3884 παντὸς
1726 3823 1903 3892 ἀρχὴν
1953 3824 2032 3894 τῷ

437 3911 586 3982 Θεῷ,
630 3911 820 3982 ἀρκεῖν
866 3912 1215 3983 ἡγουμένους
1267 3914 1367 3980 τῆς
1423 3917 1652 3982 πρώτης
1705 3915 1888 3976 αἰτίας
1933 3915 2032 3984 τὴν

439 4005 674 4073 δύναμιν
712 4004 779 4057 δι’
811 4005 1068 4073 ἀπειρίαν
1101 4007 1238 4076 πρὸς
1276 4005 1455 4058 πάντα
1508 4006 1899 4074 ἐκτεινομένην
1932 4007 2032 4070 τὰς

443 4097 555 4148 τῶν
580 4097 750 4148 όντων
786 4096 982 4164 φύσεις
1019 4097 1326 4166 παράγειν.
1366 4098 1474 4150 Kal
1506 4098 1875 4150 διακονεῖσθαι
1905 4101 2033 4169 μέν⁸

442 4214 526 4249 τοι
570 4195 668 4257 τὰς
711 4196 989 4264 χωριστὰς
1043 4196 1234 4258 οὐσίας
1267 4196 1480 4257 ἐκείνας
1514 4199 1578 4266 τῇ
1613 4196 1706 4248 τοῦ
1738 4197 1875 4250 Θεοῦ
1908 4198 2035 4267 περὶ

438 4289 590 4357 ἡμᾶς
639 4289 869 4356 προνοίᾳ
927 4275 1262 4355 πιστεύομεν
1295 4329 1308 4352 ,
1342 4289 1458 4341 ἀλλ’
1489 4290 1586 4357 οὐχ
1637 4284 1749 4342 οἷον
1777 4290 2034 4358 ’Έλληνες

438 4380 708 4433 ἔπλαττον
735 4395 750 4408 ⁸
786 4379 882 4431 καὶ
915 4378 1182 4445 δαίμονας
1237 4379 1305 4432 αὖ
1341 4377 1478 4432 εἷναί
1503 4398 1656 4442 τινας
1701 4380 2037 4449 βλαπτικοῦς

440 4473 548 4526 ὑπὸ
575 4472 774 4541 φθόνου
812 4473 912 4524 καὶ
946 4475 1430 4542 ἐπιχαιρεκακίας,
1466 4474 1672 4544 πλάνης
1703 4476 1796 4528 καὶ
1825 4478 2035 4545 μυρίων

435 4555 636 4619 ’δεινῶν
667 4564 980 4635 ἀνθρώποις
1013 4567 1330 4634 προξένους,
1357 4567 1470 4620 ὅσοι
1509 4568 1748 4635 μάλιστα
1811 4568 1876 4620 δι’
1909 4572 2039 4622 ἀναο
2073 4566 2116 4622 D
2149 4587 2288 4622 σεων
2339 4570 2638 4639 ἐκέχρηντο
2672 4568 2904 4638 ψεύδους
2932 4585 2946 4600 ’

442 4656 654 4726 τωγίαν
679 4656 998 4726 εὐχείρωτοι
1031 4659 1135 4709 είσι
1167 4660 1288 4720 ταῖς
1320 4658 1380 4721 ἐξ
1415 4659 1642 4710 ἐκείνων
1670 4658 1988 4722 ἐπιϐουλαῖς
2012 4703 2027 4726 ,

441 4754 505 4804 οὐ
554 4751 835 4814 τοιούτους
872 4751 973 4820 τὴν
1016 4751 1191 4827 ἀρχὴν
1241 4754 1337 4803 καὶ
1371 4752 1669 4819 γεγονότας
1739 4754 1844 4805 ὐπὸ
1873 4755 2029 4821 Θεοῦ,

443 4844 674 4897 ἀλλ’ὐπὸ
701 4844 906 4914 τόλμης
943 4845 1039 4896 καὶ
1066 4844 1333 4906 αὐθαδίας
1361 4845 1455 4898 καὶ
1482 4846 1686 4914 χείρονι
1714 4850 2035 4918 προαιρέσει

443 4938 539 4989 ἐπὶ
563 4939 631 4989 τά
657 4937 885 4990 τοιαῦτα
907 4937 1336 5001 ἀποκλίναντας,
1367 4939 1462 4990 καὶ
1492 4940 1597 4991 ὐπὸ
1620 4940 1759 4993 Θεοῦ
1793 4943 2031 5008 ἐγκατα-

445 5029 812 5096 λειφθέντας,
847 5029 1006 5099 ἴσμεν
1064 5047 1124 5082 τε
1189 5033 1285 5082 καὶ
1341 5032 1808 5103 ἀποστρεφόμεθα
1862 5035 2038 5098 οὕτως

447 5123 695 5190 ἔχοντας,
741 5123 837 5175 καὶ
876 5125 996 5185 ταῖς
1031 5123 1138 5174 τῶν
1192 5125 1412 5191 ἀγαθῶν
1456 5127 1550 5178 τοῦ
1586 5125 1723 5180 Θεοῦ
1771 5128 2039 5181 διακόνων

447 5216 795 5278 ἐπιστασίαις
846 5215 1083 5280 ἀπαθεῖς
1118 5218 1535 5288 διατηρούμεθα
1564 5220 1658 5272 ἀπ’
1686 5222 1892 5274 αὐτῶν·
1924 5223 2038 5276 θεό-

445 5326 612 5377 τητος
670 5311 727 5361 δέ
782 5327 834 5362 τι
891 5311 1077 5374 αὐτοῖς
1146 5314 1391 5380 μετεῖναι
1442 5312 1560 5375 πῶς
1609 5314 1674 5384 ἂν
1726 5318 1950 5386 φαῖμεν,
1992 5318 2039 5369 οἱ

451 5403 591 5473 μηδέ
621 5404 733 5464 τοῖς
779 5402 1012 5470 ἀγαθοῖς
1044 5404 1206 5456 τοῦτο
1248 5404 1524 5472 διδόντες;
1572 5407 1683 5459 Kal
1734 5411 2045 5478 μακαρίους

450 5497 553 5567 μέν
584 5513 740 5559 τινας
784 5496 843 5563 ἐξ
899 5497 1223 5566 ἀνθρώπων¹
1261 5499 1510 5567 γίνεσθαι
1566 5501 1676 5553 τῶν
1730 5502 2046 5570 ἀναγκαίων

447 5593 622 5653 ἐστὶν,
675 5591 812 5643 ἀλλά
869 5591 1177 5660 μακαρίους
1211 5592 1560 5662 ἀνθρώπους.
1598 5593 1710 5647 Kal
1762 5595 1832 5648 δι’
1869 5596 2046 5649 ἄλλων

451 5683 555 5753 μὲν
611 5681 746 5735 ἄλλα
797 5681 1171 5752 κυϐερνᾶσθαι
1223 5683 1326 5736 τῶν
1361 5683 1554 5750 όντων,
1589 5684 1650 5737 τό
1700 5703 1765 5752 γε
1818 5689 1897 5752 είς
1944 5689 2044 5759 τὴν

526 5866 602 5934 (l)
639 5863 784 5922 Cave
823 5865 885 5919 τὸ
922 5879 1021 5936 pro
1062 5883 1114 5919 τι
1152 5863 1258 5937 legi
1296 5864 1457 5921 velis.
1503 5865 1676 5922 Auzx.

2116 1989 2174 2024 τε
2197 1973 2296 2041 τὴν
2336 1973 2512 2042 ἀρχὴν
2555 1975 2667 2035 τοῖς
2702 1973 2792 2025 ὐπ’
2824 1973 2993 2026 αὐτοῦ
3018 1978 3291 2041 γεγονόσι,
3322 1983 3416 2029 καὶ
3453 1977 3548 2030 νῦν
3574 1981 3698 2032 ἐπι-

2118 2064 2389 2128 τίθεσθαι,
2426 2067 2474 2117 εί
2501 2067 2580 2134 μὴ
2616 2065 2684 2118 δι’
2719 2067 2929 2120 ἔνδειαν
2981 2070 3162 2138 ἰσχύος
3197 2071 3228 2139 ἦ
3264 2072 3444 2138 λόγου·
3485 2066 3560 2125 ὧν
3595 2073 3700 2141 ἄρα

2119 2162 2353 2214 καὶτῶν
2407 2162 2667 2214 τοιούτων
2709 2162 2860 2213 οὐδὲν
2902 2162 3164 2229 ἁρμόττει
3199 2162 3336 2230 Θεῷ·
3369 2162 3493 2215 οὐτε
3544 2165 3702 2231 λόγον

2120 2253 2186 2306 ἂν
2246 2255 2360 2323 ἔχοι
2414 2255 2718 2323 δυνάμενον
2762 2256 2856 2306 καὶ
2887 2254 3068 2306 εἰδότα
3128 2258 3514 2325 καταφρονεῖν,
3553 2259 3708 2308 ἐλατ-

2121 2345 2340 2397 τοῦσθαί
2395 2362 2450 2399 τι
2501 2347 2566 2414 τῇ
2613 2344 2722 2397 τῶν
2758 2345 3003 2412 μερικῶν
3038 2343 3247 2397 τούτων
3300 2345 3394 2396 καὶ
3425 2345 3705 2396 ταπεινῶν

2123 2439 2350 2508 προνοίᾳ
2383 2439 2691 2507 νομίζοντα.
2733 2439 2796 2492 ΕΞ
2833 2438 2942 2505 γάρ
2983 2438 3109 2505 μηδ’
3163 2439 3218 2489 ἐν
3249 2439 3433 2499 αὐτοῖς
3466 2438 3707 2505 ἐνεργῶν

2125 2531 2278 2582 ἐσται
2310 2549 2360 2582 τι
2386 2530 2609 2600 χείρων,
2639 2532 2854 2599 ἐνεργεῖ
2910 2531 2964 2581 δὲ
3007 2531 3179 2594 δήπου
3208 2531 3386 2582 πάντα
3431 2533 3486 2582 ἐν
3517 2532 3706 2593 πᾶσιν,

2127 2623 2209 2676 ἆτ’
2260 2623 2318 2686 ἐξ
2377 2622 2544 2675 αὐτοῦ
2600 2625 2768 2674 π’ἶσιν
2820 2622 3186 2692 ἐπίρῤεούςης
3226 2624 3441 2684 ηξκείως
3489 2623 3586 2688 τῆς
3617 2620 3711 2674 τοῦ

2126 2716 2388 2768 δύνασθαι
2422 2719 2561 2785 πρὸς
2594 2716 2653 2768 τὸ
2692 2715 2958 2784 πράττειν
2990 2715 3384 2782 προσαγωγῆς,
3434 2714 3599 2782 σχολῇ
3648 2730 3712 2778 γε

2128 2807 2226 2871 τὴν
2254 2806 2414 2868 ἀξίαν
2455 2804 2621 2857 αὐτοῦ
2655 2806 2978 2873 λυμανεῖται
3010 2805 3070 2856 τὸ
3117 2805 3214 2874 τῆς
3249 2805 3306 2856 ἐν
3341 2805 3525 2870 σφίσιν
3555 2805 3715 2856 εὐτα-

2131 2899 2247 2965 ξίας
2280 2898 2612 2966 φροντίζειν,
2658 2897 2796 2966 ὅπερ
2844 2897 2944 2966 οὐχ
2986 2892 3152 2968 ἧττόν
3201 2914 3264 2964 γε
3300 2896 3396 2949 τοῦ
3441 2897 3712 2965 προτέρου

2130 2993 2232 3060 τὴν
2259 2992 2662 3061 ὑπερκειμένην
2693 2991 2759 3043 ἂν
2790 2990 2963 3054 δείξαι
2998 2991 3249 3058 δύναμιν.

2206 3170 2393 3224 Ταῦτά
2425 3186 2481 3222 τε
2516 3169 2701 3222 τοίνυν
2741 3169 2921 3231 εἴποις
2953 3170 3022 3222 ἂν
3069 3171 3206 3239 πρὸς
3247 3172 3468 3236 αὐτοὺς,
3503 3174 3718 3242 ἀνδρῶν

2129 3267 2343 3335 ἄριστε,
2396 3265 2488 3316 καὶ
2537 3263 2674 3316 ἄλλα
2730 3264 2864 3314 πολὺ
2916 3264 3014 3330 μὲν
3049 3266 3258 3315 τούτων
3294 3264 3512 3332 βελτίω,
3549 3265 3628 3334 τῷ
3662 3267 3719 3319 δὲ

2133 3355 2322 3424 σκοπῷ
2372 3356 2756 3424 παραπλήσια,
2791 3356 3010 3417 δεικνὺς
3043 3357 3242 3408 ὁπόσον
3271 3375 3323 3408 τι,
3359 3359 3419 3408 τὸ
3455 3359 3720 3428 διάφορον

2129 3449 2228 3517 τῆς
2278 3447 2596 3518 Ἑλληνικῆς
2652 3448 3081 3516 δεισιδαιμονίας
3133 3453 3227 3501 καὶ⁸
3285 3450 3384 3518 τῆς
3434 3453 3717 3522 ἡμετέρας

2132 3541 2432 3607 θεολογίας’
2466 3542 2560 3592 xal
2594 3543 2730 3609 πρὸς
2783 3541 3022 3604 τούτοις,
3054 3541 3128 3602 ὡς
3171 3542 3292 3593 οὐδέ
3322 3542 3402 3593 δεῖ
3456 3544 3552 3610 τῆς
3591 3543 3721 3595 Ἑκο

2131 3636 2366 3702 κλησίας
2399 3631 2625 3700 ἄγνοιάν
2659 3648 2784 3683 τινα
2815 3630 3263 3699 καταγινώσκειν
3293 3633 3489 3696 αὐτοὺς
3514 3675 3528 3699 ,
3564 3635 3613 3686 εί
3660 3636 3722 3687 τὸ

2143 3727 2461 3796 Ἑλληνικὸν
2494 3725 2715 3796 ἀξίωμα
2758 3725 2833 3794 μὴ
2892 3732 3231 3792 προσήκατο.
3283 3729 3450 3778 Ἀνευ
3482 3727 3591 3795 γὰρ
3626 3726 3722 3779 τοῦ

2137 3821 2348 3891 μείζονι
2396 3819 2670 3888 ἀξιώματι
2711 3818 3052 3888 πειθομένην
3083 3819 3256 3886 αὐτὴν
3282 3821 3392 3871 δεῖν
3426 3821 3492 3871 ἂν
3526 3820 3722 3872 τούτου

2133 3931 2192 3967 τε
2246 3915 2342 3966 καὶ
2377 3913 2582 3974 παντὸς
2612 3911 2775 3965 ἄλλου
2817 3914 3210 3980 καταφρονεῖν,
3251 3912 3423 3965 πολλά
3463 3909 3725 3974 πολλάκις

2135 4011 2194 4061 ἐν
2243 4011 2354 4071 τοῖς
2416 4007 2559 4060 κατά
2613 4007 2724 4058 τῶν
2784 4007 3084 4076 αίρετικῶν
3119 4007 3330 4073 ἀγῶσιν
3368 4007 3611 4076 ἐξεῦρεν,
3644 4002 3726 4068 οἷς

2135 4084 2235 4156 οὐκ
2277 4102 2496 4171 ἀνάγκη
2525 4102 2616 4154 διά
2644 4117 2707 4167 γε
2737 4100 2950 4169 ταύτην
2984 4107 3082 4168 τὴν
3123 4100 3446 4169 πρότασινῆ
3484 4102 3576 4151 τὸν
3600 4101 3728 4152 Υίον

2136 4198 2231 4249 τοῦ
2281 4196 2417 4249 Θεοῦ
2479 4195 2670 4265 ἐτέρας
2701 4196 2890 4257 οὐσίας
2923 4198 3076 4264 παρὰ
3107 4196 3199 4247 τὸν
3232 4195 3455 4265 Πατέρα
3490 4194 3725 4257 τιθέναι,

2141 4291 2172 4359 ἢ
2201 4291 2262 4342 τδ
2299 4289 2527 4359 Πνεῦμα
2582 4290 2642 4341 τὸ
2682 4288 2837 4356 ἅγιον
2870 4306 2881 4318 ·
2916 4289 3117 4351 πάντες
3148 4291 3254 4356 γάρ
3293 4289 3342 4340 οί
3372 4289 3430 4354 ἐξ
3481 4289 3751 4358 Ἀρείου,¹

2139 4382 2207 4433 τά
2248 4380 2518 4451 Ἐλλήνων
2558 4379 2734 4449 δήπου
2767 4383 3147 4448 νενοσηκότες,
3181 4386 3244 4449 τῇ
3280 4381 3509 4432 ἐκείνων
3551 4379 3731 4451 ταύτῃ

2143 4477 2409 4548 προτάσει
2463 4478 2604 4546 ἀρχῇ
2641 4493 2748 4528 τινι
2794 4472 2889 4528 τοῦ
2944 4475 3088 4527 κατά
3139 4475 3248 4526 τῶν
3289 4476 3448 4526 θείων
3486 4475 3728 4528 ὑποστά-

3001 4567 3239 4636 εὐροῦσα
3290 4569 3368 4628 δὲ,
3431 4570 3524 4620 καὶ
3566 4570 3733 4620 πᾶσιν

2144 4663 2314 4728 ἔδειξε
2368 4663 2624 4731 φανερῶς
2656 4701 2670 4725 ,
2705 4662 2801 4712 καὶ
2851 4662 3032 4729 ψῆφον
3074 4662 3335 4729 τοιαύτην
3369 4661 3587 4731 ἤνεγκε.
3622 4661 3732 4712 Kal

2146 4754 2276 4815 Θεὸς
2309 4755 2518 4806 ἀνωθεν
2569 4750 2873 4824 ἐμαρτύρει
2930 4756 2995 4823 τῇ
3027 4753 3214 4825 ψήφῳ,
3246 4753 3419 4806 πολλὰ
3460 4754 3735 4821 ἐκφαίνων

2150 4852 2354 4914 σημεῖα
2391 4848 2486 4901 τοῦ
2522 4847 2837 4916 θεοστυγεῖς
2868 4849 3158 4916 γεγονέναι
3195 4848 3320 4908 τοὺς
3350 4845 3472 4898 ἀντὶ
3515 4844 3609 4897 τοῦ
3639 4848 3738 4912 τῆς

2157 4941 2489 5009 Ἐκκλησίας
2540 4940 2856 5011 ἀξιώματος
2914 4943 2992 5009 τῷ
3056 4941 3360 5010 Ἑλληνικῴ
3415 4941 3737 5008 φιλονείκως

2152 5034 2630 5103 ίσχυριζομένους,
2683 5036 2779 5087 καὶ
2818 5036 2894 5105 μὴ
2945 5034 3356 5102 ἀφισταμένους
3394 5029 3561 5084 αὐτοῦ
3601 5032 3738 5093 μετὰ

2147 5127 2245 5196 τὴν
2280 5129 2376 5193 τῆς
2412 5127 2746 5196 Ἐκκλησίας
2797 5129 2856 5179 ἐν
2893 5131 3006 5190 τοῖς
3044 5128 3282 5195 βελτίοσί
3338 5144 3396 5178 τε
3449 5130 3543 5178 καὶ
3583 5129 3740 5196 ἀκρι-

2149 5218 2432 5287 ϐεστέροις
2485 5221 2804 5288 ὁμολογίαν.
2848 5221 2920 5272 Τὸ
2964 5220 3068 5289 μὲν
3105 5222 3213 5290 γὰρ
3259 5220 3328 5270 δι’
3373 5222 3507 5272 alto
3537 5220 3593 5270 ὃ]
3629 5221 3740 5270 δια-

2152 5313 2341 5382 φέρειν
2393 5314 2494 5383 μέν
2548 5331 2650 5366 που
2699 5314 2791 5366 τοῦ
2849 5315 2917 5367 δι’
2971 5317 3149 5367 ἐκεῖνό
3186 5332 3249 5382 γε
3297 5317 3450 5376 ὄντος
3480 5357 3492 5378 ,
3527 5314 3642 5368 ἀλλ’
3681 5321 3739 5365 ο)

2148 5407 2323 5477 δήπου
2371 5407 2467 5459 καὶ
2504 5410 2667 5474 φύσει
2699 5407 2986 5477 διαφέρειν
3034 5411 3275 5478 ἀνάγκη.
3307 5404 3382 5459 Tll
3421 5414 3528 5477 γαρ
3562 5410 3623 5460 ἂν
3652 5425 3745 5460 και

2150 5503 2207 5553 τό
2243 5502 2305 5553 ἐκ
2329 5518 2471 5563 τινος
2501 5501 2560 5554 ὃν
2591 5501 2740 5554 ἀπαν
2771 5502 3072 5573 διενηνόχει
3101 5501 3196 5554 τοῦ
3231 5501 3289 5566 ἐξ
3319 5497 3379 5554 οὗ
3411 5505 3529 5554 ἐστι
3565 5503 3747 5569 φύσει.

2153 5591 2309 5643 Ἐστι
2347 5592 2401 5644 δέ
2444 5610 2495 5644 τι
2525 5592 2600 5663 (1)
2649 5595 2738 5645 καί
2765 5593 2833 5646 δι’
2883 5593 3094 5665 ἕτερον,
3134 5595 3297 5662 φύσει
3332 5594 3528 5647 ταυτὸν
3577 5595 3654 5663 τῷ
3682 5593 3752 5647 δι’

2149 5687 2174 5737 ό
2215 5688 2384 5740 ἐστιν.
2430 5686 2489 5740 'U
2523 5687 2632 5760 γὰρ
2665 5689 2872 5760 Πέτρος
2903 5691 2991 5743 διὰ
3028 5691 3114 5744 τὸν
3157 5691 3444 5743 Ζεϐεδαῖον
3472 5691 3568 5760 μὲν
3606 5689 3752 5759 ἔστι,
