  <div class='ocr_page' id='page_1' title='image "/cluster/home/n/w/nwhite01/storage/ocr_20150623/160/nnc1.0046980687/338.png"; bbox 0 0 4416 6456; ppageno 0'>
   <div class='ocr_carea' id='block_1_1' title="bbox 452 402 566 464">
    <p class='ocr_par' dir='ltr' id='par_1_1' title="bbox 452 402 566 464">
     <span class='ocr_line' id='line_1_1' title="bbox 452 402 566 464; baseline -0.009 0"><span class='ocrx_word' id='word_1_1' title='bbox 452 402 566 464; x_wconf 71' lang='lat'><em>667</em></span> 
     </span>
    </p>
   </div>
   <div class='ocr_carea' id='block_1_2' title="bbox 1565 412 2549 475">
    <p class='ocr_par' dir='ltr' id='par_1_2' title="bbox 1565 412 2549 475">
     <span class='ocr_line' id='line_1_2' title="bbox 1565 412 2549 475; baseline -0.002 -1"><span class='ocrx_word' id='word_1_2' title='bbox 1565 413 1761 475; x_wconf 70' lang='lat' dir='ltr'><strong>CONT</strong></span> <span class='ocrx_word' id='word_1_3' title='bbox 1775 413 1869 475; x_wconf 78' lang='lat' dir='ltr'><strong>BA</strong></span> <span class='ocrx_word' id='word_1_4' title='bbox 1918 412 2549 475; x_wconf 74' lang='lat' dir='ltr'>ACINDYNMSTAS.</span> 
     </span>
    </p>
   </div>
   <div class='ocr_carea' id='block_1_3' title="bbox 3612 412 3722 478">
    <p class='ocr_par' dir='ltr' id='par_1_3' title="bbox 3612 412 3722 478">
     <span class='ocr_line' id='line_1_3' title="bbox 3612 412 3722 478; baseline -0.036 0"><span class='ocrx_word' id='word_1_5' title='bbox 3612 412 3722 478; x_wconf 86' lang='lat'>658</span> 
     </span>
    </p>
   </div>
   <div class='ocr_carea' id='block_1_4' title="bbox 454 514 3722 601">
    <p class='ocr_par' dir='ltr' id='par_1_4' title="bbox 454 514 3722 601">
     <span class='ocr_line' id='line_1_4' title="bbox 454 514 3722 601; baseline 0.004 -33"><span class='ocrx_word' id='word_1_6' title='bbox 454 514 853 588; x_wconf 81' lang='grc' dir='ltr'>ήδικαιοσύνη,</span> <span class='ocrx_word' id='word_1_7' title='bbox 889 519 1048 590; x_wconf 87' lang='grc' dir='ltr'>είπερ</span> <span class='ocrx_word' id='word_1_8' title='bbox 1089 525 1180 576; x_wconf 77' lang='grc' dir='ltr'>καὶ</span> <span class='ocrx_word' id='word_1_9' title='bbox 1208 524 1392 578; x_wconf 80' lang='grc' dir='ltr'>ἄλλοθί</span> <span class='ocrx_word' id='word_1_10' title='bbox 1426 543 1545 588; x_wconf 79' lang='grc' dir='ltr'>που,</span> <span class='ocrx_word' id='word_1_11' title='bbox 1583 530 1676 580; x_wconf 82' lang='grc' dir='ltr'>καὶ</span> <span class='ocrx_word' id='word_1_12' title='bbox 1709 532 1736 596; x_wconf 84' lang='grc' dir='ltr'>ἡ</span> <span class='ocrx_word' id='word_1_13' title='bbox 1765 530 2036 601; x_wconf 61' lang='grc' dir='ltr'>ἀγαθέ-της</span> <span class='ocrx_word' id='word_1_14' title='bbox 2068 529 2113 590; x_wconf 85' lang='grc' dir='ltr'>Α</span> <span class='ocrx_word' id='word_1_15' title='bbox 2146 544 2266 596; x_wconf 88' lang='grc' dir='ltr'>μον,</span> <span class='ocrx_word' id='word_1_16' title='bbox 2301 527 2328 579; x_wconf 87' lang='grc' dir='ltr'><strong>ὃ</strong></span> <span class='ocrx_word' id='word_1_17' title='bbox 2367 527 2429 596; x_wconf 83' lang='grc' dir='ltr'>δὴ</span> <span class='ocrx_word' id='word_1_18' title='bbox 2468 522 2688 589; x_wconf 74' lang='grc' dir='ltr'>πολλοῖς</span> <span class='ocrx_word' id='word_1_19' title='bbox 2717 524 2955 594; x_wconf 80' lang='grc' dir='ltr'>ἐπῆλθεν</span> <span class='ocrx_word' id='word_1_20' title='bbox 2991 525 3268 588; x_wconf 77' lang='grc' dir='ltr'>ὑπονοεῖν,</span> <span class='ocrx_word' id='word_1_21' title='bbox 3312 528 3406 576; x_wconf 66' lang='grc' dir='ltr'>καὶ</span> <span class='ocrx_word' id='word_1_22' title='bbox 3438 525 3525 578; x_wconf 81' lang='grc' dir='ltr'>διὰ</span> <span class='ocrx_word' id='word_1_23' title='bbox 3560 527 3722 580; x_wconf 91' lang='grc' dir='ltr'>τοῦτο</span> 
     </span>
    </p>
   </div>
   <div class='ocr_carea' id='block_1_5' title="bbox 453 608 2031 679">
    <p class='ocr_par' dir='ltr' id='par_1_5' title="bbox 453 608 2031 679">
     <span class='ocr_line' id='line_1_5' title="bbox 453 608 2031 679; baseline 0.013 -22"><span class='ocrx_word' id='word_1_24' title='bbox 453 608 546 658; x_wconf 73' lang='grc' dir='ltr'>καὶ</span> <span class='ocrx_word' id='word_1_25' title='bbox 576 608 610 676; x_wconf 84' lang='grc' dir='ltr'><strong>ἡ</strong></span> <span class='ocrx_word' id='word_1_26' title='bbox 647 608 878 671; x_wconf 83' lang='grc' dir='ltr'>ἀλήθεια</span> <span class='ocrx_word' id='word_1_27' title='bbox 919 614 1012 665; x_wconf 77' lang='grc' dir='ltr'>καὶ</span> <span class='ocrx_word' id='word_1_28' title='bbox 1047 615 1218 668; x_wconf 69' lang='grc' dir='ltr'>τᾶλλα</span> <span class='ocrx_word' id='word_1_29' title='bbox 1265 617 1550 679; x_wconf 75' lang='grc' dir='ltr'>ὡσαύτως.</span> <span class='ocrx_word' id='word_1_30' title='bbox 1616 622 1954 676; x_wconf 80' lang='grc' dir='ltr'>Ἐκινδύνευε</span> <span class='ocrx_word' id='word_1_31' title='bbox 1987 623 2031 676; x_wconf 80' lang='grc' dir='ltr'>δ’</span> 
     </span>
    </p>
   </div>
   <div class='ocr_carea' id='block_1_6' title="bbox 452 696 2034 783">
    <p class='ocr_par' dir='ltr' id='par_1_6' title="bbox 452 696 2034 783">
     <span class='ocr_line' id='line_1_6' title="bbox 452 696 2034 783; baseline 0.017 -34"><span class='ocrx_word' id='word_1_32' title='bbox 452 696 518 749; x_wconf 76' lang='grc' dir='ltr'>ἂν</span> <span class='ocrx_word' id='word_1_33' title='bbox 547 699 675 766; x_wconf 85' lang='grc' dir='ltr'>τόγε</span> <span class='ocrx_word' id='word_1_34' title='bbox 734 702 1003 771; x_wconf 80' lang='grc' dir='ltr'>πρότερον</span> <span class='ocrx_word' id='word_1_35' title='bbox 1038 708 1102 774; x_wconf 82' lang='grc' dir='ltr'>τῇ</span> <span class='ocrx_word' id='word_1_36' title='bbox 1139 707 1277 776; x_wconf 76' lang='grc' dir='ltr'>,ἱερᾷ</span> <span class='ocrx_word' id='word_1_37' title='bbox 1335 707 1659 776; x_wconf 67' lang='grc' dir='ltr'>συμϐαίπιν</span> <span class='ocrx_word' id='word_1_38' title='bbox 1706 711 1898 782; x_wconf 80' lang='grc' dir='ltr'>Γραφῇ</span> <span class='ocrx_word' id='word_1_39' title='bbox 1934 713 2034 783; x_wconf 74' lang='grc' dir='ltr'>τῆς</span> 
     </span>
    </p>
   </div>
   <div class='ocr_carea' id='block_1_7' title="bbox 453 788 1264 864">
    <p class='ocr_par' dir='ltr' id='par_1_7' title="bbox 453 788 1264 864">
     <span class='ocr_line' id='line_1_7' title="bbox 453 788 1264 864; baseline 0.014 -24"><span class='ocrx_word' id='word_1_40' title='bbox 453 788 680 843; x_wconf 70' lang='grc' dir='ltr'>ἐκείνων</span> <span class='ocrx_word' id='word_1_41' title='bbox 707 793 1016 864; x_wconf 88' lang='grc' dir='ltr'>κρατούσης</span> <span class='ocrx_word' id='word_1_42' title='bbox 1044 795 1264 860; x_wconf 83' lang='grc' dir='ltr'>θέσεως.</span> 
     </span>
    </p>
   </div>
   <div class='ocr_carea' id='block_1_8' title="bbox 525 881 2035 966">
    <p class='ocr_par' dir='ltr' id='par_1_8' title="bbox 525 881 2035 966">
     <span class='ocr_line' id='line_1_8' title="bbox 525 881 2035 966; baseline 0.011 -32"><span class='ocrx_word' id='word_1_43' title='bbox 525 881 704 944; x_wconf 87' lang='grc' dir='ltr'>Ὀλως</span> <span class='ocrx_word' id='word_1_44' title='bbox 742 884 800 936; x_wconf 86' lang='grc' dir='ltr'>δέ</span> <span class='ocrx_word' id='word_1_45' title='bbox 830 885 989 953; x_wconf 82' lang='grc' dir='ltr'>λόγου</span> <span class='ocrx_word' id='word_1_46' title='bbox 1032 887 1128 957; x_wconf 81' lang='grc' dir='ltr'>μὲν</span> <span class='ocrx_word' id='word_1_47' title='bbox 1183 891 1296 943; x_wconf 78' lang='grc' dir='ltr'>ἐστι</span> <span class='ocrx_word' id='word_1_48' title='bbox 1330 895 1533 962; x_wconf 79' lang='grc' dir='ltr'>κυρίως</span> <span class='ocrx_word' id='word_1_49' title='bbox 1565 894 1856 965; x_wconf 73' lang='grc' dir='ltr'>διάκρισις,</span> <span class='ocrx_word' id='word_1_50' title='bbox 1909 896 2035 966; x_wconf 69' lang='grc' dir='ltr'>ἦτιςι</span> 
     </span>
    </p>
   </div>
   <div class='ocr_carea' id='block_1_9' title="bbox 454 977 2032 1064">
    <p class='ocr_par' dir='ltr' id='par_1_9' title="bbox 454 977 2032 1064">
     <span class='ocr_line' id='line_1_9' title="bbox 454 977 2032 1064; baseline 0.011 -36"><span class='ocrx_word' id='word_1_51' title='bbox 454 977 818 1047; x_wconf 84' lang='grc' dir='ltr'>ὑποκειμένου</span> <span class='ocrx_word' id='word_1_52' title='bbox 877 983 970 1034; x_wconf 79' lang='grc' dir='ltr'>καὶ</span> <span class='ocrx_word' id='word_1_53' title='bbox 1021 988 1505 1056; x_wconf 70' lang='grc' dir='ltr'>κατηγορουμένου</span> <span class='ocrx_word' id='word_1_54' title='bbox 1576 990 1736 1058; x_wconf 87' lang='grc' dir='ltr'>μόνον</span> <span class='ocrx_word' id='word_1_55' title='bbox 1798 992 1949 1044; x_wconf 75' lang='grc' dir='ltr'>ἐστὶν</span> 
     </span>
    </p>
   </div>
   <div class='ocr_carea' id='block_1_10' title="bbox 451 1069 2031 1154">
    <p class='ocr_par' dir='ltr' id='par_1_10' title="bbox 451 1069 2031 1154">
     <span class='ocr_line' id='line_1_10' title="bbox 451 1069 2031 1154; baseline 0.012 -34"><span class='ocrx_word' id='word_1_56' title='bbox 451 1069 733 1124; x_wconf 75' lang='grc' dir='ltr'>τοιούτων.</span> <span class='ocrx_word' id='word_1_57' title='bbox 791 1073 939 1143; x_wconf 73' lang='grc' dir='ltr'>Αὕτη</span> <span class='ocrx_word' id='word_1_58' title='bbox 1000 1075 1114 1145; x_wconf 83' lang='grc' dir='ltr'>γάρ</span> <span class='ocrx_word' id='word_1_59' title='bbox 1159 1077 1309 1130; x_wconf 87' lang='grc' dir='ltr'>ἐστιν</span> <span class='ocrx_word' id='word_1_60' title='bbox 1334 1082 1396 1131; x_wconf 80' lang='grc' dir='ltr'>ἐν</span> <span class='ocrx_word' id='word_1_61' title='bbox 1423 1083 1487 1149; x_wconf 78' lang='grc' dir='ltr'>τῇ</span> <span class='ocrx_word' id='word_1_62' title='bbox 1517 1081 1663 1154; x_wconf 80' lang='grc' dir='ltr'>ψυχῇ</span> <span class='ocrx_word' id='word_1_63' title='bbox 1720 1085 1905 1150; x_wconf 90' lang='grc' dir='ltr'>μόνον,</span> <span class='ocrx_word' id='word_1_64' title='bbox 1936 1086 2031 1138; x_wconf 78' lang='grc' dir='ltr'>καὶ</span> 
     </span>
    </p>
   </div>
   <div class='ocr_carea' id='block_1_11' title="bbox 449 1162 2034 1246">
    <p class='ocr_par' dir='ltr' id='par_1_11' title="bbox 449 1162 2034 1246">
     <span class='ocr_line' id='line_1_11' title="bbox 449 1162 2034 1246; baseline 0.011 -33"><span class='ocrx_word' id='word_1_65' title='bbox 449 1162 704 1229; x_wconf 79' lang='grc' dir='ltr'>οὐδαμῶς</span> <span class='ocrx_word' id='word_1_66' title='bbox 736 1165 791 1215; x_wconf 87' lang='grc' dir='ltr'>ἐν</span> <span class='ocrx_word' id='word_1_67' title='bbox 818 1164 897 1234; x_wconf 80' lang='grc' dir='ltr'>τῷ</span> <span class='ocrx_word' id='word_1_68' title='bbox 953 1167 1258 1236; x_wconf 81' lang='grc' dir='ltr'><strong>πράγματι,</strong></span> <span class='ocrx_word' id='word_1_69' title='bbox 1293 1171 1375 1222; x_wconf 78' lang='grc' dir='ltr'>ὅτι</span> <span class='ocrx_word' id='word_1_70' title='bbox 1406 1175 1712 1242; x_wconf 79' lang='grc' dir='ltr'>κατηγορία</span> <span class='ocrx_word' id='word_1_71' title='bbox 1741 1175 1913 1246; x_wconf 81' lang='grc' dir='ltr'>δήπου</span> <span class='ocrx_word' id='word_1_72' title='bbox 1939 1177 2034 1230; x_wconf 72' lang='grc' dir='ltr'>καὶ</span> 
     </span>
    </p>
   </div>
   <div class='ocr_carea' id='block_1_12' title="bbox 457 1254 2031 1339">
    <p class='ocr_par' dir='ltr' id='par_1_12' title="bbox 457 1254 2031 1339">
     <span class='ocr_line' id='line_1_12' title="bbox 457 1254 2031 1339; baseline 0.01 -32"><span class='ocrx_word' id='word_1_73' title='bbox 457 1254 711 1318; x_wconf 77' lang='grc' dir='ltr'>ὑπόθεσις</span> <span class='ocrx_word' id='word_1_74' title='bbox 759 1258 936 1328; x_wconf 76' lang='grc' dir='ltr'>ψυχῆς</span> <span class='ocrx_word' id='word_1_75' title='bbox 979 1262 1127 1315; x_wconf 81' lang='grc' dir='ltr'>ἐστιν</span> <span class='ocrx_word' id='word_1_76' title='bbox 1180 1262 1360 1332; x_wconf 78' lang='grc' dir='ltr'>ἔργον.</span> <span class='ocrx_word' id='word_1_77' title='bbox 1411 1266 1468 1319; x_wconf 90' lang='lat'>&#39;0</span> <span class='ocrx_word' id='word_1_78' title='bbox 1530 1267 1639 1338; x_wconf 91' lang='grc' dir='ltr'>γάρ</span> <span class='ocrx_word' id='word_1_79' title='bbox 1681 1269 1886 1339; x_wconf 80' lang='grc' dir='ltr'>Πέτρος</span> <span class='ocrx_word' id='word_1_80' title='bbox 1933 1270 2031 1322; x_wconf 84' lang='grc' dir='ltr'>οὐκ</span> 
     </span>
    </p>
   </div>
   <div class='ocr_carea' id='block_1_13' title="bbox 456 1347 2030 1433">
    <p class='ocr_par' dir='ltr' id='par_1_13' title="bbox 456 1347 2030 1433">
     <span class='ocr_line' id='line_1_13' title="bbox 456 1347 2030 1433; baseline 0.011 -33"><span class='ocrx_word' id='word_1_81' title='bbox 456 1347 601 1401; x_wconf 75' lang='grc' dir='ltr'>ἐστιν</span> <span class='ocrx_word' id='word_1_82' title='bbox 628 1353 684 1404; x_wconf 83' lang='grc' dir='ltr'>ἐν</span> <span class='ocrx_word' id='word_1_83' title='bbox 712 1351 789 1421; x_wconf 85' lang='grc' dir='ltr'>τῷ</span> <span class='ocrx_word' id='word_1_84' title='bbox 814 1352 1023 1422; x_wconf 79' lang='grc' dir='ltr'>Πέτρῳ,</span> <span class='ocrx_word' id='word_1_85' title='bbox 1052 1354 1126 1417; x_wconf 82' lang='grc' dir='ltr'>ὡς</span> <span class='ocrx_word' id='word_1_86' title='bbox 1158 1358 1393 1428; x_wconf 82' lang='grc' dir='ltr'>πρᾶγμά</span> <span class='ocrx_word' id='word_1_87' title='bbox 1415 1377 1466 1413; x_wconf 89' lang='grc' dir='ltr'>τι</span> <span class='ocrx_word' id='word_1_88' title='bbox 1495 1360 1553 1413; x_wconf 84' lang='grc' dir='ltr'>ἐν</span> <span class='ocrx_word' id='word_1_89' title='bbox 1583 1363 1895 1433; x_wconf 78' lang='grc' dir='ltr'>πράγματι.</span> <span class='ocrx_word' id='word_1_90' title='bbox 1932 1364 2030 1418; x_wconf 85' lang='grc' dir='ltr'>Ἕν</span> 
     </span>
    </p>
   </div>
   <div class='ocr_carea' id='block_1_14' title="bbox 454 1441 2034 1524">
    <p class='ocr_par' dir='ltr' id='par_1_14' title="bbox 454 1441 2034 1524">
     <span class='ocr_line' id='line_1_14' title="bbox 454 1441 2034 1524; baseline 0.009 -31"><span class='ocrx_word' id='word_1_91' title='bbox 454 1441 741 1512; x_wconf 62' lang='grc' dir='ltr'>γάρηέστιρν</span> <span class='ocrx_word' id='word_1_92' title='bbox 767 1444 988 1516; x_wconf 77' lang='grc' dir='ltr'>ἀριθμῷ</span> <span class='ocrx_word' id='word_1_93' title='bbox 1016 1449 1044 1499; x_wconf 98' lang='lat'>6</span> <span class='ocrx_word' id='word_1_94' title='bbox 1067 1448 1272 1518; x_wconf 72' lang='grc' dir='ltr'>Πέτρος</span> <span class='ocrx_word' id='word_1_95' title='bbox 1305 1450 1399 1504; x_wconf 78' lang='grc' dir='ltr'>καὶ</span> <span class='ocrx_word' id='word_1_96' title='bbox 1426 1452 1756 1524; x_wconf 74' lang='grc' dir='ltr'>ἀδιαίρετον,</span> <span class='ocrx_word' id='word_1_97' title='bbox 1796 1454 1911 1507; x_wconf 79' lang='grc' dir='ltr'>ἀλλ’</span> <span class='ocrx_word' id='word_1_98' title='bbox 1940 1451 2034 1509; x_wconf 82' lang='grc' dir='ltr'>οῦν</span> 
     </span>
    </p>
   </div>
   <div class='ocr_carea' id='block_1_15' title="bbox 451 1534 2031 1616">
    <p class='ocr_par' dir='ltr' id='par_1_15' title="bbox 451 1534 2031 1616">
     <span class='ocr_line' id='line_1_15' title="bbox 451 1534 2031 1616; baseline 0.011 -31"><span class='ocrx_word' id='word_1_99' title='bbox 451 1534 707 1606; x_wconf 74' lang='grc' dir='ltr'>τοιαύτην</span> <span class='ocrx_word' id='word_1_100' title='bbox 754 1537 877 1590; x_wconf 68' lang='grc' dir='ltr'>τινὰ</span> <span class='ocrx_word' id='word_1_101' title='bbox 941 1541 1208 1610; x_wconf 78' lang='grc' dir='ltr'>πρότασιν</span> <span class='ocrx_word' id='word_1_102' title='bbox 1271 1544 1552 1616; x_wconf 85' lang='grc' dir='ltr'>δυνάμεθα</span> <span class='ocrx_word' id='word_1_103' title='bbox 1619 1549 1880 1603; x_wconf 78' lang='grc' dir='ltr'>πλάττειν</span> <span class='ocrx_word' id='word_1_104' title='bbox 1937 1549 2031 1602; x_wconf 75' lang='grc' dir='ltr'>καὶ</span> 
     </span>
    </p>
   </div>
   <div class='ocr_carea' id='block_1_16' title="bbox 452 1628 2034 1713">
    <p class='ocr_par' dir='ltr' id='par_1_16' title="bbox 452 1628 2034 1713">
     <span class='ocr_line' id='line_1_16' title="bbox 452 1628 2034 1713; baseline 0.009 -32"><span class='ocrx_word' id='word_1_105' title='bbox 452 1628 650 1698; x_wconf 81' lang='grc' dir='ltr'>ἀληθῆ.</span> <span class='ocrx_word' id='word_1_106' title='bbox 683 1632 763 1684; x_wconf 82' lang='grc' dir='ltr'>ὅτι</span> <span class='ocrx_word' id='word_1_107' title='bbox 788 1634 814 1683; x_wconf 89' lang='lat'>6</span> <span class='ocrx_word' id='word_1_108' title='bbox 845 1632 1048 1703; x_wconf 74' lang='grc' dir='ltr'>Πέτρος</span> <span class='ocrx_word' id='word_1_109' title='bbox 1069 1637 1272 1707; x_wconf 79' lang='grc' dir='ltr'>Πέτρος</span> <span class='ocrx_word' id='word_1_110' title='bbox 1297 1639 1459 1694; x_wconf 88' lang='grc' dir='ltr'>ἐστίν.</span> <span class='ocrx_word' id='word_1_111' title='bbox 1500 1640 1588 1692; x_wconf 85' lang='grc' dir='ltr'>Ἐν</span> <span class='ocrx_word' id='word_1_112' title='bbox 1621 1634 1736 1713; x_wconf 76' lang='grc' dir='ltr'>τδ</span> <span class='ocrx_word' id='word_1_113' title='bbox 1760 1641 1860 1704; x_wconf 84' lang='grc' dir='ltr'>μὲν</span> <span class='ocrx_word' id='word_1_114' title='bbox 1887 1641 2034 1695; x_wconf 79' lang='grc' dir='ltr'>ἔστιν</span> 
     </span>
    </p>
   </div>
   <div class='ocr_carea' id='block_1_17' title="bbox 455 1721 2041 1809">
    <p class='ocr_par' dir='ltr' id='par_1_17' title="bbox 455 1721 2041 1809">
     <span class='ocr_line' id='line_1_17' title="bbox 455 1721 2041 1809; baseline 0.008 -35"><span class='ocrx_word' id='word_1_115' title='bbox 455 1721 836 1791; x_wconf 81' lang='grc' dir='ltr'>ὑποκείμενον,</span> <span class='ocrx_word' id='word_1_116' title='bbox 888 1725 949 1778; x_wconf 73' lang='grc' dir='ltr'>τὸ</span> <span class='ocrx_word' id='word_1_117' title='bbox 1003 1725 1057 1778; x_wconf 75' lang='grc' dir='ltr'>δέ</span> <span class='ocrx_word' id='word_1_118' title='bbox 1104 1728 1270 1781; x_wconf 87' lang='grc' dir='ltr'>αὐτοῦ</span> <span class='ocrx_word' id='word_1_119' title='bbox 1315 1732 1827 1802; x_wconf 69' lang='grc' dir='ltr'>κατηγορούμενον·</span> <span class='ocrx_word' id='word_1_120' title='bbox 1859 1736 2041 1809; x_wconf 70' lang='grc' dir='ltr'>ταύτῃι</span> 
     </span>
    </p>
   </div>
   <div class='ocr_carea' id='block_1_18' title="bbox 450 1812 1288 1891">
    <p class='ocr_par' dir='ltr' id='par_1_18' title="bbox 450 1812 1288 1891">
     <span class='ocr_line' id='line_1_18' title="bbox 450 1812 1288 1891; baseline 0.013 -26"><span class='ocrx_word' id='word_1_121' title='bbox 450 1812 708 1884; x_wconf 81' lang='grc' dir='ltr'>δέδήπως</span> <span class='ocrx_word' id='word_1_122' title='bbox 750 1818 843 1870; x_wconf 65' lang='grc' dir='ltr'>καλ⁵</span> <span class='ocrx_word' id='word_1_123' title='bbox 872 1819 1288 1891; x_wconf 71' lang='grc' dir='ltr'>διακεκριμένα.</span> 
     </span>
    </p>
   </div>
   <div class='ocr_carea' id='block_1_19' title="bbox 523 1907 2027 1989">
    <p class='ocr_par' dir='ltr' id='par_1_19' title="bbox 523 1907 2027 1989">
     <span class='ocr_line' id='line_1_19' title="bbox 523 1907 2027 1989; baseline 0.009 -30"><span class='ocrx_word' id='word_1_124' title='bbox 523 1907 724 1961; x_wconf 77' lang='grc' dir='ltr'>Σκόπει</span> <span class='ocrx_word' id='word_1_125' title='bbox 746 1909 946 1973; x_wconf 90' lang='grc' dir='ltr'>τοίνυν,</span> <span class='ocrx_word' id='word_1_126' title='bbox 971 1915 1020 1964; x_wconf 84' lang='grc' dir='ltr'>εἰ</span> <span class='ocrx_word' id='word_1_127' title='bbox 1051 1915 1144 1966; x_wconf 73' lang='grc' dir='ltr'>καὶ</span> <span class='ocrx_word' id='word_1_128' title='bbox 1171 1915 1197 1965; x_wconf 89' lang='lat'>6</span> <span class='ocrx_word' id='word_1_129' title='bbox 1219 1916 1350 1978; x_wconf 76' lang='grc' dir='ltr'>Θεὸς</span> <span class='ocrx_word' id='word_1_130' title='bbox 1381 1915 1555 1981; x_wconf 74' lang='grc' dir='ltr'>οὕτως</span> <span class='ocrx_word' id='word_1_131' title='bbox 1577 1918 1962 1987; x_wconf 79' lang='grc' dir='ltr'>ἀληθήςέστιν</span> <span class='ocrx_word' id='word_1_132' title='bbox 1995 1921 2027 1989; x_wconf 81' lang='grc' dir='ltr'>ἢ</span> 
     </span>
    </p>
   </div>
   <div class='ocr_carea' id='block_1_20' title="bbox 449 1999 2030 2082">
    <p class='ocr_par' dir='ltr' id='par_1_20' title="bbox 449 1999 2030 2082">
     <span class='ocr_line' id='line_1_20' title="bbox 449 1999 2030 2082; baseline 0.008 -30"><span class='ocrx_word' id='word_1_133' title='bbox 449 1999 674 2063; x_wconf 83' lang='grc' dir='ltr'>δίκαιος,</span> <span class='ocrx_word' id='word_1_134' title='bbox 706 2001 780 2062; x_wconf 82' lang='grc' dir='ltr'>ὡς</span> <span class='ocrx_word' id='word_1_135' title='bbox 822 2005 849 2055; x_wconf 92' lang='lat'>6</span> <span class='ocrx_word' id='word_1_136' title='bbox 887 2003 1090 2073; x_wconf 75' lang='grc' dir='ltr'>Πέτρος</span> <span class='ocrx_word' id='word_1_137' title='bbox 1127 2007 1331 2076; x_wconf 83' lang='grc' dir='ltr'>Πέτρος</span> <span class='ocrx_word' id='word_1_138' title='bbox 1369 2008 1488 2062; x_wconf 70' lang='grc' dir='ltr'>ἐστὶ</span> <span class='ocrx_word' id='word_1_139' title='bbox 1517 2010 1866 2080; x_wconf 65' lang='grc' dir='ltr'>μαινόμενος·</span> <span class='ocrx_word' id='word_1_140' title='bbox 1901 2013 2030 2082; x_wconf 75' lang='grc' dir='ltr'>μήτ’</span> 
     </span>
    </p>
   </div>
   <div class='ocr_carea' id='block_1_21' title="bbox 452 2093 2030 2172">
    <p class='ocr_par' dir='ltr' id='par_1_21' title="bbox 452 2093 2030 2172">
     <span class='ocr_line' id='line_1_21' title="bbox 452 2093 2030 2172; baseline 0.01 -29"><span class='ocrx_word' id='word_1_141' title='bbox 452 2093 520 2144; x_wconf 84' lang='grc' dir='ltr'>ἂν</span> <span class='ocrx_word' id='word_1_142' title='bbox 541 2093 720 2162; x_wconf 80' lang='grc' dir='ltr'>ἀξιοίη</span> <span class='ocrx_word' id='word_1_143' title='bbox 751 2096 930 2158; x_wconf 83' lang='grc' dir='ltr'>τοῦτο.</span> <span class='ocrx_word' id='word_1_144' title='bbox 961 2099 1074 2160; x_wconf 87' lang='grc' dir='ltr'>τοῖς</span> <span class='ocrx_word' id='word_1_145' title='bbox 1128 2099 1228 2169; x_wconf 85' lang='grc' dir='ltr'>μὲν</span> <span class='ocrx_word' id='word_1_146' title='bbox 1261 2100 1370 2172; x_wconf 90' lang='grc' dir='ltr'>γάρ</span> <span class='ocrx_word' id='word_1_147' title='bbox 1403 2101 1549 2172; x_wconf 82' lang='grc' dir='ltr'>ὅροις</span> <span class='ocrx_word' id='word_1_148' title='bbox 1580 2105 1810 2168; x_wconf 83' lang='grc' dir='ltr'>ἐκείνοις</span> <span class='ocrx_word' id='word_1_149' title='bbox 1839 2107 1898 2159; x_wconf 90' lang='grc' dir='ltr'>ἐν</span> <span class='ocrx_word' id='word_1_150' title='bbox 1948 2101 2030 2170; x_wconf 82' lang='grc' dir='ltr'>οίς</span> 
     </span>
    </p>
   </div>
   <div class='ocr_carea' id='block_1_22' title="bbox 449 2183 2027 2261">
    <p class='ocr_par' dir='ltr' id='par_1_22' title="bbox 449 2183 2027 2261">
     <span class='ocr_line' id='line_1_22' title="bbox 449 2183 2027 2261; baseline 0.008 -26"><span class='ocrx_word' id='word_1_151' title='bbox 449 2183 603 2248; x_wconf 55' lang='grc' dir='ltr'>ὴντοῦ</span> <span class='ocrx_word' id='word_1_152' title='bbox 659 2185 821 2253; x_wconf 82' lang='grc' dir='ltr'>λόγου</span> <span class='ocrx_word' id='word_1_153' title='bbox 868 2187 1140 2254; x_wconf 75' lang='grc' dir='ltr'>διάκρισις</span> <span class='ocrx_word' id='word_1_154' title='bbox 1198 2192 1541 2261; x_wconf 84' lang='grc' dir='ltr'>στρέφεται,,</span> <span class='ocrx_word' id='word_1_155' title='bbox 1577 2193 1776 2260; x_wconf 83' lang='grc' dir='ltr'>γένοιτ’</span> <span class='ocrx_word' id='word_1_156' title='bbox 1804 2192 1871 2247; x_wconf 77' lang='grc' dir='ltr'>ἄν</span> <span class='ocrx_word' id='word_1_157' title='bbox 1895 2211 2027 2248; x_wconf 87' lang='grc' dir='ltr'>ποτε</span> 
     </span>
    </p>
   </div>
   <div class='ocr_carea' id='block_1_23' title="bbox 451 2273 2032 2357">
    <p class='ocr_par' dir='ltr' id='par_1_23' title="bbox 451 2273 2032 2357">
     <span class='ocr_line' id='line_1_23' title="bbox 451 2273 2032 2357; baseline 0.011 -32"><span class='ocrx_word' id='word_1_158' title='bbox 451 2273 616 2346; x_wconf 74' lang='grc' dir='ltr'>σχολὴ</span> <span class='ocrx_word' id='word_1_159' title='bbox 641 2277 740 2346; x_wconf 86' lang='grc' dir='ltr'>τῆς</span> <span class='ocrx_word' id='word_1_160' title='bbox 774 2280 1051 2350; x_wconf 74' lang='grc' dir='ltr'>ἡμετέρας</span> <span class='ocrx_word' id='word_1_161' title='bbox 1095 2280 1277 2353; x_wconf 75' lang='grc' dir='ltr'>ψυχῆς</span> <span class='ocrx_word' id='word_1_162' title='bbox 1308 2285 1798 2354; x_wconf 79' lang='grc' dir='ltr'>περιαιρουμένης,</span> <span class='ocrx_word' id='word_1_163' title='bbox 1829 2287 1880 2357; x_wconf 77' lang='grc' dir='ltr'>ἢ·</span> <span class='ocrx_word' id='word_1_164' title='bbox 1902 2288 2032 2351; x_wconf 82' lang='grc' dir='ltr'>τοὺς</span> 
     </span>
    </p>
   </div>
   <div class='ocr_carea' id='block_1_24' title="bbox 448 2370 2037 2443">
    <p class='ocr_par' dir='ltr' id='par_1_24' title="bbox 448 2370 2037 2443">
     <span class='ocr_line' id='line_1_24' title="bbox 448 2370 2037 2443; baseline 0.008 -21"><span class='ocrx_word' id='word_1_165' title='bbox 448 2370 686 2425; x_wconf 80' lang='grc' dir='ltr'>τοιούσδε</span> <span class='ocrx_word' id='word_1_166' title='bbox 716 2373 876 2443; x_wconf 84' lang='grc' dir='ltr'>ὅρους</span> <span class='ocrx_word' id='word_1_167' title='bbox 919 2374 1143 2428; x_wconf 85' lang='grc' dir='ltr'>δύναται</span> <span class='ocrx_word' id='word_1_168' title='bbox 1193 2377 1477 2437; x_wconf 84' lang='grc' dir='ltr'>πλάττειν.</span> <span class='ocrx_word' id='word_1_169' title='bbox 1512 2378 1652 2432; x_wconf 84' lang='grc' dir='ltr'>ὥστε</span> <span class='ocrx_word' id='word_1_170' title='bbox 1689 2381 1784 2434; x_wconf 74' lang='grc' dir='ltr'>καὶ</span> <span class='ocrx_word' id='word_1_171' title='bbox 1818 2383 1937 2442; x_wconf 83' lang='grc' dir='ltr'>ταῖς</span> <span class='ocrx_word' id='word_1_172' title='bbox 1970 2382 2037 2434; x_wconf 67' lang='grc' dir='ltr'>ἐν</span> 
     </span>
    </p>
   </div>
   <div class='ocr_carea' id='block_1_25' title="bbox 449 2464 2034 2542">
    <p class='ocr_par' dir='ltr' id='par_1_25' title="bbox 449 2464 2034 2542">
     <span class='ocr_line' id='line_1_25' title="bbox 449 2464 2034 2542; baseline 0.008 -29"><span class='ocrx_word' id='word_1_173' title='bbox 449 2464 642 2526; x_wconf 85' lang='grc' dir='ltr'>αὐταῖς</span> <span class='ocrx_word' id='word_1_174' title='bbox 667 2464 1032 2534; x_wconf 71' lang='grc' dir='ltr'>διακρίσεσιν,</span> <span class='ocrx_word' id='word_1_175' title='bbox 1061 2469 1220 2522; x_wconf 90' lang='grc' dir='ltr'>οὐσία</span> <span class='ocrx_word' id='word_1_176' title='bbox 1251 2469 1308 2522; x_wconf 82' lang='grc' dir='ltr'>δὲ</span> <span class='ocrx_word' id='word_1_177' title='bbox 1330 2469 1478 2523; x_wconf 85' lang='grc' dir='ltr'>Θεοῦ</span> <span class='ocrx_word' id='word_1_178' title='bbox 1501 2472 1595 2524; x_wconf 84' lang='grc' dir='ltr'>καὶ</span> <span class='ocrx_word' id='word_1_179' title='bbox 1624 2473 1895 2542; x_wconf 76' lang='grc' dir='ltr'>ἐνέργεια.</span> <span class='ocrx_word' id='word_1_180' title='bbox 1931 2473 2034 2525; x_wconf 62' lang='grc' dir='ltr'>καὶ</span> 
     </span>
    </p>
   </div>
   <div class='ocr_carea' id='block_1_26' title="bbox 450 2556 2027 2633">
    <p class='ocr_par' dir='ltr' id='par_1_26' title="bbox 450 2556 2027 2633">
     <span class='ocr_line' id='line_1_26' title="bbox 450 2556 2027 2633; baseline 0.009 -28"><span class='ocrx_word' id='word_1_181' title='bbox 450 2556 486 2623; x_wconf 73' lang='grc' dir='ltr'>ἡ</span> <span class='ocrx_word' id='word_1_182' title='bbox 522 2557 579 2608; x_wconf 80' lang='grc' dir='ltr'>ἐν</span> <span class='ocrx_word' id='word_1_183' title='bbox 622 2557 834 2619; x_wconf 80' lang='grc' dir='ltr'>τούτοις</span> <span class='ocrx_word' id='word_1_184' title='bbox 877 2558 1110 2631; x_wconf 70' lang='grc' dir='ltr'>διαφορὰ</span> <span class='ocrx_word' id='word_1_185' title='bbox 1146 2561 1241 2614; x_wconf 83' lang='grc' dir='ltr'>καὶ</span> <span class='ocrx_word' id='word_1_186' title='bbox 1296 2567 1763 2633; x_wconf 81' lang='grc' dir='ltr'>περιαιρουμένης</span> <span class='ocrx_word' id='word_1_187' title='bbox 1811 2565 2027 2633; x_wconf 85' lang='grc' dir='ltr'>ἀπάσης</span> 
     </span>
    </p>
   </div>
   <div class='ocr_carea' id='block_1_27' title="bbox 447 2648 2023 2725">
    <p class='ocr_par' dir='ltr' id='par_1_27' title="bbox 447 2648 2023 2725">
     <span class='ocr_line' id='line_1_27' title="bbox 447 2648 2023 2725; baseline 0.005 -26"><span class='ocrx_word' id='word_1_188' title='bbox 447 2648 624 2717; x_wconf 58' lang='grc' dir='ltr'>ᾠυχῆς</span> <span class='ocrx_word' id='word_1_189' title='bbox 647 2650 744 2702; x_wconf 75' lang='grc' dir='ltr'>καὶ</span> <span class='ocrx_word' id='word_1_190' title='bbox 780 2651 868 2702; x_wconf 88' lang='grc' dir='ltr'>νοῦ</span> <span class='ocrx_word' id='word_1_191' title='bbox 920 2651 1120 2714; x_wconf 70' lang='grc' dir='ltr'>παντὲς</span> <span class='ocrx_word' id='word_1_192' title='bbox 1147 2652 1321 2705; x_wconf 78' lang='grc' dir='ltr'>ἔσται.</span> <span class='ocrx_word' id='word_1_193' title='bbox 1359 2656 1434 2707; x_wconf 85' lang='grc' dir='ltr'>Οὐ</span> <span class='ocrx_word' id='word_1_194' title='bbox 1465 2654 1573 2722; x_wconf 67' lang='grc' dir='ltr'>γὰρ</span> <span class='ocrx_word' id='word_1_195' title='bbox 1609 2655 1928 2708; x_wconf 72' lang='grc' dir='ltr'>ἀνθίσταται</span> <span class='ocrx_word' id='word_1_196' title='bbox 1959 2660 2023 2725; x_wconf 82' lang='grc' dir='ltr'>τῇ</span> 
     </span>
    </p>
   </div>
   <div class='ocr_carea' id='block_1_28' title="bbox 450 2742 2026 2818">
    <p class='ocr_par' dir='ltr' id='par_1_28' title="bbox 450 2742 2026 2818">
     <span class='ocr_line' id='line_1_28' title="bbox 450 2742 2026 2818; baseline 0.007 -28"><span class='ocrx_word' id='word_1_197' title='bbox 450 2742 698 2810; x_wconf 70' lang='grc' dir='ltr'>ἐνεργείᾳ</span> <span class='ocrx_word' id='word_1_198' title='bbox 716 2744 778 2810; x_wconf 83' lang='grc' dir='ltr'>τῇ</span> <span class='ocrx_word' id='word_1_199' title='bbox 818 2743 958 2810; x_wconf 81' lang='grc' dir='ltr'>θείᾳ,</span> <span class='ocrx_word' id='word_1_200' title='bbox 990 2743 1099 2794; x_wconf 84' lang='grc' dir='ltr'>εἴτε</span> <span class='ocrx_word' id='word_1_201' title='bbox 1133 2747 1198 2815; x_wconf 80' lang='grc' dir='ltr'>τῇ</span> <span class='ocrx_word' id='word_1_202' title='bbox 1234 2746 1516 2807; x_wconf 80' lang='grc' dir='ltr'>ἐνδον,εί’τε</span> <span class='ocrx_word' id='word_1_203' title='bbox 1540 2751 1604 2818; x_wconf 83' lang='grc' dir='ltr'>τῇ</span> <span class='ocrx_word' id='word_1_204' title='bbox 1641 2748 1765 2812; x_wconf 79' lang='grc' dir='ltr'>ἔξω,</span> <span class='ocrx_word' id='word_1_205' title='bbox 1799 2750 1856 2800; x_wconf 75' lang='grc' dir='ltr'>τὸ</span> <span class='ocrx_word' id='word_1_206' title='bbox 1887 2745 2026 2801; x_wconf 75' lang='grc' dir='ltr'>εἶναι</span> 
     </span>
    </p>
   </div>
   <div class='ocr_carea' id='block_1_29' title="bbox 448 2831 2024 2905">
    <p class='ocr_par' dir='ltr' id='par_1_29' title="bbox 448 2831 2024 2905">
     <span class='ocr_line' id='line_1_29' title="bbox 448 2831 2024 2905; baseline 0.008 -24"><span class='ocrx_word' id='word_1_207' title='bbox 448 2832 478 2900; x_wconf 80' lang='grc' dir='ltr'>ἢ</span> <span class='ocrx_word' id='word_1_208' title='bbox 516 2831 573 2882; x_wconf 75' lang='grc' dir='ltr'>τὸ</span> <span class='ocrx_word' id='word_1_209' title='bbox 622 2833 890 2903; x_wconf 77' lang='grc' dir='ltr'>ὑπάρχειν</span> <span class='ocrx_word' id='word_1_210' title='bbox 941 2836 971 2902; x_wconf 86' lang='grc' dir='ltr'>ἧ</span> <span class='ocrx_word' id='word_1_211' title='bbox 1023 2837 1086 2887; x_wconf 85' lang='grc' dir='ltr'>τὸ</span> <span class='ocrx_word' id='word_1_212' title='bbox 1143 2837 1512 2905; x_wconf 78' lang='grc' dir='ltr'>προάγεσθαι,</span> <span class='ocrx_word' id='word_1_213' title='bbox 1558 2841 1660 2892; x_wconf 70' lang='grc' dir='ltr'>κᾶν</span> <span class='ocrx_word' id='word_1_214' title='bbox 1697 2843 1874 2893; x_wconf 76' lang='grc' dir='ltr'>πάντα</span> <span class='ocrx_word' id='word_1_215' title='bbox 1901 2842 2024 2894; x_wconf 91' lang='grc' dir='ltr'>νοῦν</span> 
     </span>
    </p>
   </div>
   <div class='ocr_carea' id='block_1_30' title="bbox 446 2923 2026 3002">
    <p class='ocr_par' dir='ltr' id='par_1_30' title="bbox 446 2923 2026 3002">
     <span class='ocr_line' id='line_1_30' title="bbox 446 2923 2026 3002; baseline 0.008 -30"><span class='ocrx_word' id='word_1_216' title='bbox 446 2923 802 2992; x_wconf 84' lang='grc' dir='ltr'>ἀναιρεθῆναι</span> <span class='ocrx_word' id='word_1_217' title='bbox 828 2925 1090 2994; x_wconf 78' lang='grc' dir='ltr'>συμϐαίη,</span> <span class='ocrx_word' id='word_1_218' title='bbox 1125 2927 1182 2990; x_wconf 82' lang='grc' dir='ltr'>ὃς</span> <span class='ocrx_word' id='word_1_219' title='bbox 1207 2927 1380 2982; x_wconf 89' lang='grc' dir='ltr'>ταῦτα</span> <span class='ocrx_word' id='word_1_220' title='bbox 1410 2930 1505 2998; x_wconf 79' lang='grc' dir='ltr'>τῆς</span> <span class='ocrx_word' id='word_1_221' title='bbox 1540 2930 1704 2992; x_wconf 83' lang='grc' dir='ltr'>θείας</span> <span class='ocrx_word' id='word_1_222' title='bbox 1744 2933 2026 3002; x_wconf 79' lang='grc' dir='ltr'>ἐνεργείας</span> 
     </span>
    </p>
   </div>
   <div class='ocr_carea' id='block_1_31' title="bbox 447 3016 2026 3092">
    <p class='ocr_par' dir='ltr' id='par_1_31' title="bbox 447 3016 2026 3092">
     <span class='ocr_line' id='line_1_31' title="bbox 447 3016 2026 3092; baseline 0.009 -29"><span class='ocrx_word' id='word_1_223' title='bbox 447 3017 744 3083; x_wconf 70' lang='grc' dir='ltr'>κατηγορεῖ</span> <span class='ocrx_word' id='word_1_224' title='bbox 771 3031 783 3045; x_wconf 87' lang='grc'><strong>”</strong></span> <span class='ocrx_word' id='word_1_225' title='bbox 842 3016 962 3069; x_wconf 86' lang='grc' dir='ltr'>οὐδέ</span> <span class='ocrx_word' id='word_1_226' title='bbox 987 3019 1040 3068; x_wconf 90' lang='grc' dir='ltr'>τί</span> <span class='ocrx_word' id='word_1_227' title='bbox 1072 3035 1133 3084; x_wconf 90' lang='grc' dir='ltr'>γε</span> <span class='ocrx_word' id='word_1_228' title='bbox 1164 3019 1262 3086; x_wconf 84' lang='grc' dir='ltr'>τῆς</span> <span class='ocrx_word' id='word_1_229' title='bbox 1302 3020 1561 3088; x_wconf 72' lang='grc' dir='ltr'>τοιαύτης</span> <span class='ocrx_word' id='word_1_230' title='bbox 1590 3021 1755 3074; x_wconf 75' lang='grc' dir='ltr'>ἕνεκα</span> <span class='ocrx_word' id='word_1_231' title='bbox 1790 3042 2026 3092; x_wconf 87' lang='grc' dir='ltr'>κατηγο-</span> 
     </span>
    </p>
   </div>
   <div class='ocr_carea' id='block_1_32' title="bbox 449 3108 2021 3183">
    <p class='ocr_par' dir='ltr' id='par_1_32' title="bbox 449 3108 2021 3183">
     <span class='ocr_line' id='line_1_32' title="bbox 449 3108 2021 3183; baseline 0.007 -25"><span class='ocrx_word' id='word_1_232' title='bbox 449 3108 570 3174; x_wconf 80' lang='grc' dir='ltr'>ρίας</span> <span class='ocrx_word' id='word_1_233' title='bbox 599 3109 736 3166; x_wconf 73' lang='grc' dir='ltr'>ἐστὶ,</span> <span class='ocrx_word' id='word_1_234' title='bbox 768 3109 826 3160; x_wconf 72' lang='grc' dir='ltr'>τὸ</span> <span class='ocrx_word' id='word_1_235' title='bbox 852 3109 950 3180; x_wconf 82' lang='grc' dir='ltr'>τὴν</span> <span class='ocrx_word' id='word_1_236' title='bbox 991 3111 1140 3164; x_wconf 81' lang='grc' dir='ltr'>θείαν</span> <span class='ocrx_word' id='word_1_237' title='bbox 1163 3113 1476 3180; x_wconf 69' lang='grc' dir='ltr'>ἁγαθύτητα</span> <span class='ocrx_word' id='word_1_238' title='bbox 1523 3117 1581 3165; x_wconf 91' lang='grc' dir='ltr'>ἐν</span> <span class='ocrx_word' id='word_1_239' title='bbox 1613 3115 1687 3183; x_wconf 76' lang='grc' dir='ltr'>τῷ</span> <span class='ocrx_word' id='word_1_240' title='bbox 1714 3115 1832 3180; x_wconf 81' lang='grc' dir='ltr'>Θεῷ</span> <span class='ocrx_word' id='word_1_241' title='bbox 1859 3112 2021 3183; x_wconf 78' lang='grc' dir='ltr'>εἶναι,</span> 
     </span>
    </p>
   </div>
   <div class='ocr_carea' id='block_1_33' title="bbox 444 3199 2025 3278">
    <p class='ocr_par' dir='ltr' id='par_1_33' title="bbox 444 3199 2025 3278">
     <span class='ocr_line' id='line_1_33' title="bbox 444 3199 2025 3278; baseline 0.006 -27"><span class='ocrx_word' id='word_1_242' title='bbox 444 3201 475 3269; x_wconf 84' lang='grc' dir='ltr'>ἣ</span> <span class='ocrx_word' id='word_1_243' title='bbox 508 3199 566 3252; x_wconf 82' lang='grc' dir='ltr'>τὸ</span> <span class='ocrx_word' id='word_1_244' title='bbox 614 3203 1031 3271; x_wconf 71' lang='grc' dir='ltr'>ἀπολελυμένως</span> <span class='ocrx_word' id='word_1_245' title='bbox 1089 3208 1188 3272; x_wconf 75' lang='grc' dir='ltr'>μὲν</span> <span class='ocrx_word' id='word_1_246' title='bbox 1215 3206 1386 3274; x_wconf 78' lang='grc' dir='ltr'>αὐτὴν</span> <span class='ocrx_word' id='word_1_247' title='bbox 1424 3209 1687 3277; x_wconf 72' lang='grc' dir='ltr'>ὑπάρχειν</span> <span class='ocrx_word' id='word_1_248' title='bbox 1734 3211 1871 3273; x_wconf 84' lang='grc' dir='ltr'>ἐκεῖ,</span> <span class='ocrx_word' id='word_1_249' title='bbox 1905 3211 2025 3278; x_wconf 84' lang='grc' dir='ltr'>γέν-</span> 
     </span>
    </p>
   </div>
   <div class='ocr_carea' id='block_1_34' title="bbox 445 3273 2096 3371">
    <p class='ocr_par' dir='ltr' id='par_1_34' title="bbox 445 3273 2096 3371">
     <span class='ocr_line' id='line_1_34' title="bbox 445 3273 2096 3371; baseline 0.008 -28"><span class='ocrx_word' id='word_1_250' title='bbox 445 3310 602 3361; x_wconf 82' lang='grc' dir='ltr'>νησιν</span> <span class='ocrx_word' id='word_1_251' title='bbox 630 3294 685 3346; x_wconf 88' lang='grc' dir='ltr'>δέ</span> <span class='ocrx_word' id='word_1_252' title='bbox 734 3296 826 3346; x_wconf 79' lang='grc' dir='ltr'>καὶ</span> <span class='ocrx_word' id='word_1_253' title='bbox 888 3297 1161 3366; x_wconf 75' lang='grc' dir='ltr'>προϐολὴν</span> <span class='ocrx_word' id='word_1_254' title='bbox 1195 3273 1551 3370; x_wconf 80' lang='grc' dir='ltr'>ἀναφορικῶς</span> <span class='ocrx_word' id='word_1_255' title='bbox 1575 3273 1670 3352; x_wconf 73' lang='grc' dir='ltr'>καὶ</span> <span class='ocrx_word' id='word_1_256' title='bbox 1703 3273 2024 3371; x_wconf 74' lang='grc' dir='ltr'>πατρότητα</span> <span class='ocrx_word' id='word_1_257' title='bbox 2052 3273 2096 3329; x_wconf 74' lang='lat' dir='ltr'>c</span> 
     </span>
    </p>
   </div>
   <div class='ocr_carea' id='block_1_35' title="bbox 446 3387 2025 3462">
    <p class='ocr_par' dir='ltr' id='par_1_35' title="bbox 446 3387 2025 3462">
     <span class='ocr_line' id='line_1_35' title="bbox 446 3387 2025 3462; baseline 0.005 -26"><span class='ocrx_word' id='word_1_258' title='bbox 446 3387 538 3436; x_wconf 85' lang='grc' dir='ltr'>καὶ</span> <span class='ocrx_word' id='word_1_259' title='bbox 571 3387 818 3457; x_wconf 89' lang='grc' dir='ltr'>υἱότητα.</span> <span class='ocrx_word' id='word_1_260' title='bbox 863 3389 1025 3442; x_wconf 81' lang='grc' dir='ltr'>Ἀλλά</span> <span class='ocrx_word' id='word_1_261' title='bbox 1061 3390 1233 3443; x_wconf 88' lang='grc' dir='ltr'>ταῦτα</span> <span class='ocrx_word' id='word_1_262' title='bbox 1266 3392 1363 3442; x_wconf 79' lang='grc' dir='ltr'>καὶ</span> <span class='ocrx_word' id='word_1_263' title='bbox 1410 3393 1484 3461; x_wconf 85' lang='grc' dir='ltr'>μὴ</span> <span class='ocrx_word' id='word_1_264' title='bbox 1527 3392 1818 3462; x_wconf 84' lang='grc' dir='ltr'>νοούμενα,</span> <span class='ocrx_word' id='word_1_265' title='bbox 1872 3396 2025 3448; x_wconf 77' lang='grc' dir='ltr'>οὐδὲν</span> 
     </span>
    </p>
   </div>
   <div class='ocr_carea' id='block_1_36' title="bbox 445 3473 2024 3555">
    <p class='ocr_par' dir='ltr' id='par_1_36' title="bbox 445 3473 2024 3555">
     <span class='ocr_line' id='line_1_36' title="bbox 445 3473 2024 3555; baseline 0.008 -28"><span class='ocrx_word' id='word_1_266' title='bbox 445 3473 606 3547; x_wconf 79' lang='grc' dir='ltr'>ἦττον</span> <span class='ocrx_word' id='word_1_267' title='bbox 643 3479 758 3532; x_wconf 79' lang='grc' dir='ltr'>ἔστι</span> <span class='ocrx_word' id='word_1_268' title='bbox 808 3481 902 3534; x_wconf 74' lang='grc' dir='ltr'>καὶ</span> <span class='ocrx_word' id='word_1_269' title='bbox 937 3482 1088 3535; x_wconf 84' lang='grc' dir='ltr'>ἔσται</span> <span class='ocrx_word' id='word_1_270' title='bbox 1120 3483 1291 3546; x_wconf 79' lang='grc' dir='ltr'>οὑτως</span> <span class='ocrx_word' id='word_1_271' title='bbox 1348 3484 1408 3534; x_wconf 89' lang='grc' dir='ltr'>ἐν</span> <span class='ocrx_word' id='word_1_272' title='bbox 1442 3487 1506 3553; x_wconf 80' lang='grc' dir='ltr'>τῇ</span> <span class='ocrx_word' id='word_1_273' title='bbox 1559 3485 1652 3538; x_wconf 89' lang='grc' dir='ltr'>τοῦ</span> <span class='ocrx_word' id='word_1_274' title='bbox 1691 3488 2024 3555; x_wconf 81' lang='grc' dir='ltr'>πράγματος</span> 
     </span>
    </p>
   </div>
   <div class='ocr_carea' id='block_1_37' title="bbox 445 3571 2021 3650">
    <p class='ocr_par' dir='ltr' id='par_1_37' title="bbox 445 3571 2021 3650">
     <span class='ocr_line' id='line_1_37' title="bbox 445 3571 2021 3650; baseline 0.008 -29"><span class='ocrx_word' id='word_1_275' title='bbox 445 3571 628 3636; x_wconf 83' lang='grc' dir='ltr'>φύσει.</span> <span class='ocrx_word' id='word_1_276' title='bbox 692 3573 898 3642; x_wconf 84' lang='grc' dir='ltr'>Πέτρος</span> <span class='ocrx_word' id='word_1_277' title='bbox 947 3574 1002 3626; x_wconf 85' lang='grc' dir='ltr'>δέ</span> <span class='ocrx_word' id='word_1_278' title='bbox 1060 3575 1417 3629; x_wconf 81' lang='grc' dir='ltr'>ὑποκείσεται</span> <span class='ocrx_word' id='word_1_279' title='bbox 1470 3576 1630 3641; x_wconf 87' lang='grc' dir='ltr'>αὐτὸς</span> <span class='ocrx_word' id='word_1_280' title='bbox 1685 3579 1888 3650; x_wconf 83' lang='grc' dir='ltr'>ἐαυτῷ,</span> <span class='ocrx_word' id='word_1_281' title='bbox 1926 3580 2021 3633; x_wconf 74' lang='grc' dir='ltr'>καὶ</span> 
     </span>
    </p>
   </div>
   <div class='ocr_carea' id='block_1_38' title="bbox 443 3658 2018 3738">
    <p class='ocr_par' dir='ltr' id='par_1_38' title="bbox 443 3658 2018 3738">
     <span class='ocr_line' id='line_1_38' title="bbox 443 3658 2018 3738; baseline 0.008 -29"><span class='ocrx_word' id='word_1_282' title='bbox 443 3658 636 3712; x_wconf 80' lang='grc' dir='ltr'>ἑαυτοῦ</span> <span class='ocrx_word' id='word_1_283' title='bbox 669 3662 1202 3732; x_wconf 78' lang='grc' dir='ltr'>κατηγορηθήσεται,</span> <span class='ocrx_word' id='word_1_284' title='bbox 1240 3666 1332 3718; x_wconf 72' lang='grc' dir='ltr'>καὶ</span> <span class='ocrx_word' id='word_1_285' title='bbox 1366 3669 1539 3738; x_wconf 80' lang='grc' dir='ltr'>ταύτῃ</span> <span class='ocrx_word' id='word_1_286' title='bbox 1576 3668 2018 3738; x_wconf 81' lang='grc' dir='ltr'>διακριθήσεται,</span> 
     </span>
    </p>
   </div>
   <div class='ocr_carea' id='block_1_39' title="bbox 442 3751 2021 3830">
    <p class='ocr_par' dir='ltr' id='par_1_39' title="bbox 442 3751 2021 3830">
     <span class='ocr_line' id='line_1_39' title="bbox 442 3751 2021 3830; baseline 0.009 -30"><span class='ocrx_word' id='word_1_287' title='bbox 442 3751 649 3821; x_wconf 88' lang='grc' dir='ltr'>οὐδαμῆ</span> <span class='ocrx_word' id='word_1_288' title='bbox 701 3754 952 3821; x_wconf 79' lang='grc' dir='ltr'>οὐδαμῶς</span> <span class='ocrx_word' id='word_1_289' title='bbox 985 3757 1467 3828; x_wconf 82' lang='grc' dir='ltr'>ἀπαλλαττόμενος</span> <span class='ocrx_word' id='word_1_290' title='bbox 1513 3761 1612 3829; x_wconf 81' lang='grc' dir='ltr'>τῆς</span> <span class='ocrx_word' id='word_1_291' title='bbox 1644 3761 1812 3814; x_wconf 81' lang='grc' dir='ltr'>ταῦτα</span> <span class='ocrx_word' id='word_1_292' title='bbox 1847 3779 2021 3830; x_wconf 84' lang='grc' dir='ltr'>πεφυ-</span> 
     </span>
    </p>
   </div>
   <div class='ocr_carea' id='block_1_40' title="bbox 442 3845 1122 3921">
    <p class='ocr_par' dir='ltr' id='par_1_40' title="bbox 442 3845 1122 3921">
     <span class='ocr_line' id='line_1_40' title="bbox 442 3845 1122 3921; baseline 0.015 -25"><span class='ocrx_word' id='word_1_293' title='bbox 442 3845 597 3907; x_wconf 82' lang='grc' dir='ltr'>κυίας</span> <span class='ocrx_word' id='word_1_294' title='bbox 633 3848 893 3914; x_wconf 88' lang='grc' dir='ltr'>πράττειν</span> <span class='ocrx_word' id='word_1_295' title='bbox 924 3849 1122 3921; x_wconf 70' lang='grc' dir='ltr'>ψυχῆς.</span> 
     </span>
    </p>
   </div>
   <div class='ocr_carea' id='block_1_41' title="bbox 513 3936 2010 4020">
    <p class='ocr_par' dir='ltr' id='par_1_41' title="bbox 513 3936 2010 4020">
     <span class='ocr_line' id='line_1_41' title="bbox 513 3936 2010 4020; baseline 0.009 -31"><span class='ocrx_word' id='word_1_296' title='bbox 513 3936 650 3990; x_wconf 76' lang='grc' dir='ltr'>Οὔτε</span> <span class='ocrx_word' id='word_1_297' title='bbox 693 3941 872 3992; x_wconf 86' lang='grc' dir='ltr'>τοίνυν</span> <span class='ocrx_word' id='word_1_298' title='bbox 917 3947 980 4013; x_wconf 83' lang='grc' dir='ltr'>τῇ</span> <span class='ocrx_word' id='word_1_299' title='bbox 1016 3945 1136 4014; x_wconf 77' lang='grc' dir='ltr'>θείᾳ</span> <span class='ocrx_word' id='word_1_300' title='bbox 1173 3946 1385 4016; x_wconf 80' lang='grc' dir='ltr'>Γραφῇ,</span> <span class='ocrx_word' id='word_1_301' title='bbox 1420 3946 1540 4000; x_wconf 85' lang='grc' dir='ltr'>οὐτε</span> <span class='ocrx_word' id='word_1_302' title='bbox 1588 3948 1664 4018; x_wconf 85' lang='grc' dir='ltr'>τῷ</span> <span class='ocrx_word' id='word_1_303' title='bbox 1695 3950 1836 4019; x_wconf 81' lang='grc' dir='ltr'>λόγῳ</span> <span class='ocrx_word' id='word_1_304' title='bbox 1871 3967 2010 4020; x_wconf 80' lang='grc' dir='ltr'>συμ-</span> 
     </span>
    </p>
   </div>
   <div class='ocr_carea' id='block_1_42' title="bbox 443 4029 2012 4108">
    <p class='ocr_par' dir='ltr' id='par_1_42' title="bbox 443 4029 2012 4108">
     <span class='ocr_line' id='line_1_42' title="bbox 443 4029 2012 4108; baseline 0.011 -31"><span class='ocrx_word' id='word_1_305' title='bbox 443 4029 693 4082; x_wconf 75' lang='grc' dir='ltr'>ϐαίνοντα</span> <span class='ocrx_word' id='word_1_306' title='bbox 749 4033 933 4100; x_wconf 77' lang='grc' dir='ltr'>ὴξῖουν</span> <span class='ocrx_word' id='word_1_307' title='bbox 962 4037 1172 4108; x_wconf 74' lang='grc' dir='ltr'>οἱπερὶ</span> <span class='ocrx_word' id='word_1_308' title='bbox 1227 4039 1497 4108; x_wconf 85' lang='grc' dir='ltr'>Βαρλαὰμ</span> <span class='ocrx_word' id='word_1_309' title='bbox 1543 4042 1638 4093; x_wconf 74' lang='grc' dir='ltr'>καὶ</span> <span class='ocrx_word' id='word_1_310' title='bbox 1682 4043 2012 4107; x_wconf 83' lang='grc' dir='ltr'>Ἀκίνδυνον,</span> 
     </span>
    </p>
   </div>
   <div class='ocr_carea' id='block_1_43' title="bbox 441 4126 2016 4203">
    <p class='ocr_par' dir='ltr' id='par_1_43' title="bbox 441 4126 2016 4203">
     <span class='ocr_line' id='line_1_43' title="bbox 441 4126 2016 4203; baseline 0.009 -29"><span class='ocrx_word' id='word_1_311' title='bbox 441 4126 534 4175; x_wconf 71' lang='grc' dir='ltr'>καὶ</span> <span class='ocrx_word' id='word_1_312' title='bbox 566 4126 683 4192; x_wconf 72' lang='grc' dir='ltr'>ἅμα</span> <span class='ocrx_word' id='word_1_313' title='bbox 711 4129 822 4188; x_wconf 88' lang='grc' dir='ltr'>τοῖς</span> <span class='ocrx_word' id='word_1_314' title='bbox 867 4128 1209 4193; x_wconf 69' lang='grc' dir='ltr'>διδασκάλοις</span> <span class='ocrx_word' id='word_1_315' title='bbox 1253 4134 1386 4184; x_wconf 81' lang='grc' dir='ltr'>πᾶσι</span> <span class='ocrx_word' id='word_1_316' title='bbox 1437 4135 1740 4203; x_wconf 78' lang='grc' dir='ltr'>μαχόμενα,</span> <span class='ocrx_word' id='word_1_317' title='bbox 1786 4128 1859 4187; x_wconf 78' lang='grc' dir='ltr'>ὧν</span> <span class='ocrx_word' id='word_1_318' title='bbox 1917 4137 2016 4198; x_wconf 83' lang='grc' dir='ltr'>τὰς</span> 
     </span>
    </p>
   </div>
   <div class='ocr_carea' id='block_1_44' title="bbox 442 4217 2017 4295">
    <p class='ocr_par' dir='ltr' id='par_1_44' title="bbox 442 4217 2017 4295">
     <span class='ocr_line' id='line_1_44' title="bbox 442 4217 2017 4295; baseline 0.009 -30"><span class='ocrx_word' id='word_1_319' title='bbox 442 4217 629 4284; x_wconf 76' lang='grc' dir='ltr'>ῥήσεις</span> <span class='ocrx_word' id='word_1_320' title='bbox 665 4220 921 4287; x_wconf 82' lang='grc' dir='ltr'>εὑρήσεις</span> <span class='ocrx_word' id='word_1_321' title='bbox 951 4224 1007 4273; x_wconf 90' lang='grc' dir='ltr'>ἐν</span> <span class='ocrx_word' id='word_1_322' title='bbox 1059 4223 1134 4291; x_wconf 78' lang='grc' dir='ltr'>τῷ</span> <span class='ocrx_word' id='word_1_323' title='bbox 1167 4223 1260 4275; x_wconf 87' lang='grc' dir='ltr'>τοῦ</span> <span class='ocrx_word' id='word_1_324' title='bbox 1293 4226 1570 4295; x_wconf 80' lang='grc' dir='ltr'>μακαρίου</span> <span class='ocrx_word' id='word_1_325' title='bbox 1605 4227 1842 4295; x_wconf 82' lang='grc' dir='ltr'>Παλαμᾶ</span> <span class='ocrx_word' id='word_1_326' title='bbox 1886 4245 2017 4294; x_wconf 73' lang='grc' dir='ltr'>συγο</span> 
     </span>
    </p>
   </div>
   <div class='ocr_carea' id='block_1_45' title="bbox 439 4308 2011 4390">
    <p class='ocr_par' dir='ltr' id='par_1_45' title="bbox 439 4308 2011 4390">
     <span class='ocr_line' id='line_1_45' title="bbox 439 4308 2011 4390; baseline -0.001 -16"><span class='ocrx_word' id='word_1_327' title='bbox 439 4308 749 4376; x_wconf 75' lang='grc' dir='ltr'>γράμματι,</span> <span class='ocrx_word' id='word_1_328' title='bbox 782 4312 840 4363; x_wconf 73' lang='grc' dir='ltr'>ἐν</span> <span class='ocrx_word' id='word_1_329' title='bbox 891 4308 1195 4383; x_wconf 75' lang='grc' dir='ltr'>ᾦσρόπους</span> <span class='ocrx_word' id='word_1_330' title='bbox 1226 4317 1379 4380; x_wconf 83' lang='grc' dir='ltr'>τινὰς</span> <span class='ocrx_word' id='word_1_331' title='bbox 1414 4318 1738 4387; x_wconf 85' lang='grc' dir='ltr'>διακρίσεως</span> <span class='ocrx_word' id='word_1_332' title='bbox 1772 4321 1870 4390; x_wconf 80' lang='grc' dir='ltr'>τῆς</span> <span class='ocrx_word' id='word_1_333' title='bbox 1921 4321 2011 4373; x_wconf 85' lang='grc' dir='ltr'>οὐ·</span> 
     </span>
    </p>
   </div>
   <div class='ocr_carea' id='block_1_46' title="bbox 439 4399 2011 4481">
    <p class='ocr_par' dir='ltr' id='par_1_46' title="bbox 439 4399 2011 4481">
     <span class='ocr_line' id='line_1_46' title="bbox 439 4399 2011 4481; baseline 0.009 -31"><span class='ocrx_word' id='word_1_334' title='bbox 439 4399 561 4462; x_wconf 88' lang='grc' dir='ltr'>σίας</span> <span class='ocrx_word' id='word_1_335' title='bbox 589 4400 683 4453; x_wconf 85' lang='grc' dir='ltr'>τοῦ</span> <span class='ocrx_word' id='word_1_336' title='bbox 732 4403 868 4456; x_wconf 85' lang='grc' dir='ltr'>Θεοῦ</span> <span class='ocrx_word' id='word_1_337' title='bbox 901 4408 995 4458; x_wconf 72' lang='grc' dir='ltr'>καὶ</span> <span class='ocrx_word' id='word_1_338' title='bbox 1045 4407 1143 4477; x_wconf 84' lang='grc' dir='ltr'>τῆς</span> <span class='ocrx_word' id='word_1_339' title='bbox 1195 4411 1476 4478; x_wconf 82' lang='grc' dir='ltr'>ἐνεργείας</span> <span class='ocrx_word' id='word_1_340' title='bbox 1524 4413 1689 4465; x_wconf 85' lang='grc' dir='ltr'>αὐτοῦ</span> <span class='ocrx_word' id='word_1_341' title='bbox 1733 4414 2011 4481; x_wconf 69' lang='grc' dir='ltr'>προτιθεὶς</span> 
     </span>
    </p>
   </div>
   <div class='ocr_carea' id='block_1_47' title="bbox 435 4492 2012 4571">
    <p class='ocr_par' dir='ltr' id='par_1_47' title="bbox 435 4492 2012 4571">
     <span class='ocr_line' id='line_1_47' title="bbox 435 4492 2012 4571; baseline 0.011 -28"><span class='ocrx_word' id='word_1_342' title='bbox 435 4492 534 4552; x_wconf 72' lang='grc' dir='ltr'>τὰς</span> <span class='ocrx_word' id='word_1_343' title='bbox 565 4493 670 4544; x_wconf 88' lang='grc' dir='ltr'>τῶν</span> <span class='ocrx_word' id='word_1_344' title='bbox 693 4495 1031 4552; x_wconf 74' lang='grc' dir='ltr'>διδασκάλων</span> <span class='ocrx_word' id='word_1_345' title='bbox 1057 4501 1245 4569; x_wconf 79' lang='grc' dir='ltr'>ῥήσεις</span> <span class='ocrx_word' id='word_1_346' title='bbox 1269 4501 1488 4564; x_wconf 86' lang='grc' dir='ltr'>τούτους</span> <span class='ocrx_word' id='word_1_347' title='bbox 1522 4503 1847 4571; x_wconf 77' lang='grc' dir='ltr'>βεϐαιούσας</span> <span class='ocrx_word' id='word_1_348' title='bbox 1874 4508 2012 4560; x_wconf 84' lang='grc' dir='ltr'>ἐπά-</span> 
     </span>
    </p>
   </div>
   <div class='ocr_carea' id='block_1_48' title="bbox 2136 618 3715 689">
    <p class='ocr_par' dir='ltr' id='par_1_48' title="bbox 2136 618 3715 689">
     <span class='ocr_line' id='line_1_48' title="bbox 2136 618 3715 689; baseline -0.001 -17"><span class='ocrx_word' id='word_1_349' title='bbox 2136 622 2239 682; x_wconf 70' lang='grc' dir='ltr'>τὰς</span> <span class='ocrx_word' id='word_1_350' title='bbox 2274 620 2552 682; x_wconf 86' lang='grc' dir='ltr'>συνθέσεις</span> <span class='ocrx_word' id='word_1_351' title='bbox 2583 622 2813 688; x_wconf 85' lang='grc' dir='ltr'>ἐπῆγον,</span> <span class='ocrx_word' id='word_1_352' title='bbox 2862 620 2965 689; x_wconf 75' lang='grc' dir='ltr'>¹καὶ</span> <span class='ocrx_word' id='word_1_353' title='bbox 3010 621 3110 689; x_wconf 77' lang='grc' dir='ltr'>τὴν</span> <span class='ocrx_word' id='word_1_354' title='bbox 3140 618 3451 683; x_wconf 84' lang='grc' dir='ltr'>πολυθεῖαν,</span> <span class='ocrx_word' id='word_1_355' title='bbox 3497 618 3633 672; x_wconf 83' lang='grc' dir='ltr'>ἀλλά</span> <span class='ocrx_word' id='word_1_356' title='bbox 3666 636 3715 671; x_wconf 85' lang='grc' dir='ltr'>τι</span> 
     </span>
    </p>
   </div>
   <div class='ocr_carea' id='block_1_49' title="bbox 2137 709 3718 783">
    <p class='ocr_par' dir='ltr' id='par_1_49' title="bbox 2137 709 3718 783">
     <span class='ocr_line' id='line_1_49' title="bbox 2137 709 3718 783; baseline -0.001 -18"><span class='ocrx_word' id='word_1_357' title='bbox 2137 712 2234 765; x_wconf 89' lang='grc' dir='ltr'>τοῦ</span> <span class='ocrx_word' id='word_1_358' title='bbox 2272 713 2600 783; x_wconf 86' lang='grc' dir='ltr'>πράγματος</span> <span class='ocrx_word' id='word_1_359' title='bbox 2641 711 2782 765; x_wconf 68' lang='grc' dir='ltr'>εἶναι</span> <span class='ocrx_word' id='word_1_360' title='bbox 2828 713 2923 765; x_wconf 65' lang='grc' dir='ltr'>καὶ</span> <span class='ocrx_word' id='word_1_361' title='bbox 2972 713 3029 764; x_wconf 89' lang='grc' dir='ltr'>ἐν</span> <span class='ocrx_word' id='word_1_362' title='bbox 3090 711 3165 778; x_wconf 82' lang='grc' dir='ltr'>τῷ</span> <span class='ocrx_word' id='word_1_363' title='bbox 3203 713 3496 781; x_wconf 76' lang='grc' dir='ltr'>πράγματι</span> <span class='ocrx_word' id='word_1_364' title='bbox 3545 709 3718 764; x_wconf 77' lang='grc' dir='ltr'>ταῦτα</span> 
     </span>
    </p>
   </div>
   <div class='ocr_carea' id='block_1_50' title="bbox 2140 802 3720 874">
    <p class='ocr_par' dir='ltr' id='par_1_50' title="bbox 2140 802 3720 874">
     <span class='ocr_line' id='line_1_50' title="bbox 2140 802 3720 874; baseline -0.003 -16"><span class='ocrx_word' id='word_1_365' title='bbox 2140 804 2464 874; x_wconf 69' lang='grc' dir='ltr'>φρονοῦντες</span> <span class='ocrx_word' id='word_1_366' title='bbox 2500 804 2594 856; x_wconf 75' lang='grc' dir='ltr'>καὶ</span> <span class='ocrx_word' id='word_1_367' title='bbox 2623 805 3018 874; x_wconf 85' lang='grc' dir='ltr'>κηρύττοντες,</span> <span class='ocrx_word' id='word_1_368' title='bbox 3058 802 3153 856; x_wconf 72' lang='grc' dir='ltr'>καλ</span> <span class='ocrx_word' id='word_1_369' title='bbox 3180 803 3318 865; x_wconf 82' lang='grc' dir='ltr'>ὅλως</span> <span class='ocrx_word' id='word_1_370' title='bbox 3349 802 3720 871; x_wconf 87' lang='grc' dir='ltr'>πραγματικά</span> 
     </span>
    </p>
   </div>
   <div class='ocr_carea' id='block_1_51' title="bbox 2138 893 3718 968">
    <p class='ocr_par' dir='ltr' id='par_1_51' title="bbox 2138 893 3718 968">
     <span class='ocr_line' id='line_1_51' title="bbox 2138 893 3718 968; baseline -0.003 -19"><span class='ocrx_word' id='word_1_371' title='bbox 2138 914 2298 964; x_wconf 89' lang='grc' dir='ltr'>τινα,</span> <span class='ocrx_word' id='word_1_372' title='bbox 2359 900 2452 949; x_wconf 75' lang='grc' dir='ltr'>καὶ</span> <span class='ocrx_word' id='word_1_373' title='bbox 2515 900 2580 967; x_wconf 82' lang='grc' dir='ltr'>τῇ</span> <span class='ocrx_word' id='word_1_374' title='bbox 2651 897 2747 950; x_wconf 90' lang='grc' dir='ltr'>τοῦ</span> <span class='ocrx_word' id='word_1_375' title='bbox 2828 898 3155 968; x_wconf 80' lang='grc' dir='ltr'>πράγματος</span> <span class='ocrx_word' id='word_1_376' title='bbox 3215 894 3377 962; x_wconf 82' lang='grc' dir='ltr'>φύσει</span> <span class='ocrx_word' id='word_1_377' title='bbox 3441 893 3718 964; x_wconf 83' lang='grc' dir='ltr'>διακρινό-</span> 
     </span>
    </p>
   </div>
   <div class='ocr_carea' id='block_1_52' title="bbox 2140 1004 2302 1058">
    <p class='ocr_par' dir='ltr' id='par_1_52' title="bbox 2140 1004 2302 1058">
     <span class='ocr_line' id='line_1_52' title="bbox 2140 1004 2302 1058; baseline 0.019 -18"><span class='ocrx_word' id='word_1_378' title='bbox 2140 1004 2302 1058; x_wconf 90' lang='grc' dir='ltr'>μενα.</span> 
     </span>
    </p>
   </div>
   <div class='ocr_carea' id='block_1_53' title="bbox 2209 1078 3718 1151">
    <p class='ocr_par' dir='ltr' id='par_1_53' title="bbox 2209 1078 3718 1151">
     <span class='ocr_line' id='line_1_53' title="bbox 2209 1078 3718 1151; baseline 0.003 -17"><span class='ocrx_word' id='word_1_379' title='bbox 2209 1082 2430 1151; x_wconf 88' lang='grc' dir='ltr'>Ταύτην</span> <span class='ocrx_word' id='word_1_380' title='bbox 2461 1083 2516 1135; x_wconf 84' lang='grc' dir='ltr'>δέ</span> <span class='ocrx_word' id='word_1_381' title='bbox 2545 1082 2646 1151; x_wconf 79' lang='grc' dir='ltr'>τὴν</span> <span class='ocrx_word' id='word_1_382' title='bbox 2673 1081 2948 1150; x_wconf 80' lang='grc' dir='ltr'>διάκρισιν</span> <span class='ocrx_word' id='word_1_383' title='bbox 2979 1083 3060 1145; x_wconf 89' lang='grc' dir='ltr'>τίς</span> <span class='ocrx_word' id='word_1_384' title='bbox 3087 1082 3292 1150; x_wconf 73' lang='grc' dir='ltr'>ἀγνοεῖ,</span> <span class='ocrx_word' id='word_1_385' title='bbox 3325 1079 3462 1132; x_wconf 83' lang='grc' dir='ltr'>πολὺ</span> <span class='ocrx_word' id='word_1_386' title='bbox 3492 1079 3592 1147; x_wconf 84' lang='grc' dir='ltr'>μὲν</span> <span class='ocrx_word' id='word_1_387' title='bbox 3621 1078 3718 1145; x_wconf 71' lang='grc' dir='ltr'>τῆς</span> 
     </span>
    </p>
   </div>
   <div class='ocr_carea' id='block_1_54' title="bbox 2137 1166 3719 1257">
    <p class='ocr_par' dir='ltr' id='par_1_54' title="bbox 2137 1166 3719 1257">
     <span class='ocr_line' id='line_1_54' title="bbox 2137 1166 3719 1257; baseline -0.003 -33"><span class='ocrx_word' id='word_1_388' title='bbox 2137 1171 2462 1239; x_wconf 75' lang='grc' dir='ltr'>διακρίσεως</span> <span class='ocrx_word' id='word_1_389' title='bbox 2517 1174 2912 1245; x_wconf 89' lang='grc' dir='ltr'>ὐπερηρμένην</span> <span class='ocrx_word' id='word_1_390' title='bbox 2971 1174 3208 1244; x_wconf 85' lang='grc' dir='ltr'>ἐκείνης,</span> <span class='ocrx_word' id='word_1_391' title='bbox 3347 1171 3638 1257; x_wconf 79' lang='grc' dir='ltr'>προσεῖχον</span> <span class='ocrx_word' id='word_1_392' title='bbox 3669 1168 3719 1219; x_wconf 74' lang='grc' dir='ltr'>οἱ</span> 
     </span>
    </p>
   </div>
   <div class='ocr_carea' id='block_1_55' title="bbox 2139 1260 3718 1334">
    <p class='ocr_par' dir='ltr' id='par_1_55' title="bbox 2139 1260 3718 1334">
     <span class='ocr_line' id='line_1_55' title="bbox 2139 1260 3718 1334; baseline 0.004 -19"><span class='ocrx_word' id='word_1_393' title='bbox 2139 1263 2276 1332; x_wconf 76' lang='grc' dir='ltr'>περὶ</span> <span class='ocrx_word' id='word_1_394' title='bbox 2315 1263 2580 1334; x_wconf 80' lang='grc' dir='ltr'>Βαρλαὰμ</span> <span class='ocrx_word' id='word_1_395' title='bbox 2627 1265 2721 1317; x_wconf 73' lang='grc' dir='ltr'>καὶ</span> <span class='ocrx_word' id='word_1_396' title='bbox 2769 1263 3101 1328; x_wconf 83' lang='grc' dir='ltr'>Ἀκίνδυνον,</span> <span class='ocrx_word' id='word_1_397' title='bbox 3159 1264 3458 1327; x_wconf 86' lang='grc' dir='ltr'>τουτέστιν,</span> <span class='ocrx_word' id='word_1_398' title='bbox 3484 1262 3605 1329; x_wconf 71' lang='grc' dir='ltr'>ἣτις</span> <span class='ocrx_word' id='word_1_399' title='bbox 3662 1260 3718 1324; x_wconf 76' lang='grc' dir='ltr'>ἐγ</span> 
     </span>
    </p>
   </div>
   <div class='ocr_carea' id='block_1_56' title="bbox 2137 1351 3716 1429">
    <p class='ocr_par' dir='ltr' id='par_1_56' title="bbox 2137 1351 3716 1429">
     <span class='ocr_line' id='line_1_56' title="bbox 2137 1351 3716 1429; baseline -0.004 -21"><span class='ocrx_word' id='word_1_400' title='bbox 2137 1357 2286 1426; x_wconf 80' lang='grc' dir='ltr'>ὅροις</span> <span class='ocrx_word' id='word_1_401' title='bbox 2341 1356 2636 1425; x_wconf 86' lang='grc' dir='ltr'>στρέφεται</span> <span class='ocrx_word' id='word_1_402' title='bbox 2683 1358 3076 1429; x_wconf 83' lang='grc' dir='ltr'>πεποιημένοις</span> <span class='ocrx_word' id='word_1_403' title='bbox 3114 1355 3219 1408; x_wconf 82' lang='grc' dir='ltr'>ὑπὸ</span> <span class='ocrx_word' id='word_1_404' title='bbox 3253 1355 3348 1407; x_wconf 85' lang='grc' dir='ltr'>τοῦ</span> <span class='ocrx_word' id='word_1_405' title='bbox 3380 1354 3495 1416; x_wconf 91' lang='grc' dir='ltr'>νοῦ,</span> <span class='ocrx_word' id='word_1_406' title='bbox 3547 1352 3616 1422; x_wconf 84' lang='grc' dir='ltr'>ἢν</span> <span class='ocrx_word' id='word_1_407' title='bbox 3652 1351 3716 1420; x_wconf 83' lang='grc' dir='ltr'>δὴ</span> 
     </span>
    </p>
   </div>
   <div class='ocr_carea' id='block_1_57' title="bbox 2139 1441 3717 1516">
    <p class='ocr_par' dir='ltr' id='par_1_57' title="bbox 2139 1441 3717 1516">
     <span class='ocr_line' id='line_1_57' title="bbox 2139 1441 3717 1516; baseline 0.001 -16"><span class='ocrx_word' id='word_1_408' title='bbox 2139 1447 2343 1516; x_wconf 87' lang='grc' dir='ltr'>κυρίως</span> <span class='ocrx_word' id='word_1_409' title='bbox 2374 1448 2533 1516; x_wconf 82' lang='grc' dir='ltr'>ἴσμεν</span> <span class='ocrx_word' id='word_1_410' title='bbox 2557 1446 2718 1514; x_wconf 82' lang='grc' dir='ltr'>λόγου</span> <span class='ocrx_word' id='word_1_411' title='bbox 2750 1448 3044 1515; x_wconf 79' lang='grc' dir='ltr'>διάκρισιν,</span> <span class='ocrx_word' id='word_1_412' title='bbox 3077 1447 3177 1516; x_wconf 74' lang='grc' dir='ltr'>τῆς</span> <span class='ocrx_word' id='word_1_413' title='bbox 3209 1445 3265 1498; x_wconf 80' lang='grc' dir='ltr'>δὲ</span> <span class='ocrx_word' id='word_1_414' title='bbox 3320 1441 3717 1514; x_wconf 75' lang='grc' dir='ltr'>πραγματικῆς</span> 
     </span>
    </p>
   </div>
   <div class='ocr_carea' id='block_1_58' title="bbox 2137 1534 3714 1612">
    <p class='ocr_par' dir='ltr' id='par_1_58' title="bbox 2137 1534 3714 1612">
     <span class='ocr_line' id='line_1_58' title="bbox 2137 1534 3714 1612; baseline -0.005 -21"><span class='ocrx_word' id='word_1_415' title='bbox 2137 1539 2356 1609; x_wconf 75' lang='grc' dir='ltr'>ἐκείνης</span> <span class='ocrx_word' id='word_1_416' title='bbox 2386 1539 2542 1602; x_wconf 80' lang='grc' dir='ltr'>αὖθις</span> <span class='ocrx_word' id='word_1_417' title='bbox 2575 1539 3000 1609; x_wconf 87' lang='grc' dir='ltr'>ἀδρανεστέραν,</span> <span class='ocrx_word' id='word_1_418' title='bbox 3105 1539 3175 1592; x_wconf 79' lang='grc' dir='ltr'>τὰ</span> <span class='ocrx_word' id='word_1_419' title='bbox 3221 1537 3344 1591; x_wconf 90' lang='grc' dir='ltr'>θεῖα</span> <span class='ocrx_word' id='word_1_420' title='bbox 3371 1534 3714 1606; x_wconf 77' lang='grc' dir='ltr'>διακρίνεται</span> 
     </span>
    </p>
   </div>
   <div class='ocr_carea' id='block_1_59' title="bbox 2136 1629 3716 1703">
    <p class='ocr_par' dir='ltr' id='par_1_59' title="bbox 2136 1629 3716 1703">
     <span class='ocr_line' id='line_1_59' title="bbox 2136 1629 3716 1703; baseline 0.001 -22"><span class='ocrx_word' id='word_1_421' title='bbox 2136 1634 2440 1702; x_wconf 73' lang='grc' dir='ltr'>προσωπα;</span> <span class='ocrx_word' id='word_1_422' title='bbox 2477 1631 2662 1686; x_wconf 74' lang='grc' dir='ltr'>Ταῦτα</span> <span class='ocrx_word' id='word_1_423' title='bbox 2694 1632 2752 1684; x_wconf 76' lang='grc' dir='ltr'>δέ</span> <span class='ocrx_word' id='word_1_424' title='bbox 2805 1632 3107 1703; x_wconf 78' lang='grc' dir='ltr'>διακρίνειν</span> <span class='ocrx_word' id='word_1_425' title='bbox 3141 1632 3242 1684; x_wconf 85' lang='grc' dir='ltr'>οὐκ</span> <span class='ocrx_word' id='word_1_426' title='bbox 3286 1629 3489 1692; x_wconf 79' lang='grc' dir='ltr'>εἰδότες</span> <span class='ocrx_word' id='word_1_427' title='bbox 3525 1629 3577 1680; x_wconf 84' lang='grc' dir='ltr'>οἱ</span> <span class='ocrx_word' id='word_1_428' title='bbox 3608 1643 3716 1695; x_wconf 83' lang='grc' dir='ltr'>μη-</span> 
     </span>
    </p>
   </div>
   <div class='ocr_carea' id='block_1_60' title="bbox 2135 1719 3714 1794">
    <p class='ocr_par' dir='ltr' id='par_1_60' title="bbox 2135 1719 3714 1794">
     <span class='ocr_line' id='line_1_60' title="bbox 2135 1719 3714 1794; baseline -0.004 -18"><span class='ocrx_word' id='word_1_429' title='bbox 2135 1724 2401 1792; x_wconf 87' lang='grc' dir='ltr'>τρ-αλοῖαι,</span> <span class='ocrx_word' id='word_1_430' title='bbox 2445 1725 2528 1776; x_wconf 81' lang='grc' dir='ltr'>ὅτι</span> <span class='ocrx_word' id='word_1_431' title='bbox 2587 1723 2672 1794; x_wconf 64' lang='grc' dir='ltr'>μὴ</span> <span class='ocrx_word' id='word_1_432' title='bbox 2712 1724 3021 1793; x_wconf 88' lang='grc' dir='ltr'>δυναμένην</span> <span class='ocrx_word' id='word_1_433' title='bbox 3074 1721 3177 1792; x_wconf 79' lang='grc' dir='ltr'>τὴν</span> <span class='ocrx_word' id='word_1_434' title='bbox 3224 1721 3377 1774; x_wconf 79' lang='grc' dir='ltr'>θείαν</span> <span class='ocrx_word' id='word_1_435' title='bbox 3430 1719 3714 1788; x_wconf 84' lang='grc' dir='ltr'>ἐνέργειαν</span> 
     </span>
    </p>
   </div>
   <div class='ocr_carea' id='block_1_61' title="bbox 2137 1812 3716 1887">
    <p class='ocr_par' dir='ltr' id='par_1_61' title="bbox 2137 1812 3716 1887">
     <span class='ocr_line' id='line_1_61' title="bbox 2137 1812 3716 1887; baseline -0.004 -20"><span class='ocrx_word' id='word_1_436' title='bbox 2137 1816 2521 1887; x_wconf 77' lang='grc' dir='ltr'>διακρίνεσθαι</span> <span class='ocrx_word' id='word_1_437' title='bbox 2555 1815 2657 1885; x_wconf 80' lang='grc' dir='ltr'>τῆς</span> <span class='ocrx_word' id='word_1_438' title='bbox 2698 1814 2871 1879; x_wconf 86' lang='grc' dir='ltr'>θείας.</span> <span class='ocrx_word' id='word_1_439' title='bbox 2897 1817 3109 1881; x_wconf 90' lang='grc' dir='ltr'>οὐσίας,</span> <span class='ocrx_word' id='word_1_440' title='bbox 3153 1815 3232 1879; x_wconf 85' lang='grc' dir='ltr'>ὡς</span> <span class='ocrx_word' id='word_1_441' title='bbox 3263 1815 3360 1877; x_wconf 85' lang='grc' dir='ltr'>τὰς</span> <span class='ocrx_word' id='word_1_442' title='bbox 3383 1812 3716 1870; x_wconf 81' lang='grc' dir='ltr'>ὑποστάσεις</span> 
     </span>
    </p>
   </div>
   <div class='ocr_carea' id='block_1_62' title="bbox 2066 1880 3715 1977">
    <p class='ocr_par' dir='ltr' id='par_1_62' title="bbox 2066 1880 3715 1977">
     <span class='ocr_line' id='line_1_62' title="bbox 2066 1880 3715 1977; baseline -0.004 -17"><span class='ocrx_word' id='word_1_443' title='bbox 2066 1880 2105 1936; x_wconf 72' lang='grc' dir='ltr'><strong>Β</strong></span> <span class='ocrx_word' id='word_1_444' title='bbox 2134 1880 2384 1977; x_wconf 76' lang='grc' dir='ltr'>ἀλλήλων</span> <span class='ocrx_word' id='word_1_445' title='bbox 2407 1880 2624 1977; x_wconf 67' lang='grc' dir='ltr'>ἐώρων,</span> <span class='ocrx_word' id='word_1_446' title='bbox 2651 1907 2797 1961; x_wconf 78' lang='grc' dir='ltr'>πάνυ</span> <span class='ocrx_word' id='word_1_447' title='bbox 2825 1907 3005 1972; x_wconf 84' lang='grc' dir='ltr'>καλῶς</span> <span class='ocrx_word' id='word_1_448' title='bbox 3053 1880 3204 1961; x_wconf 75' lang='grc' dir='ltr'>τοῦθ’·</span> <span class='ocrx_word' id='word_1_449' title='bbox 3231 1906 3479 1977; x_wconf 81' lang='grc' dir='ltr'>δρῶντες</span> <span class='ocrx_word' id='word_1_450' title='bbox 3505 1906 3592 1967; x_wconf 85' lang='grc' dir='ltr'>είς.</span> <span class='ocrx_word' id='word_1_451' title='bbox 3614 1904 3715 1971; x_wconf 77' lang='grc' dir='ltr'>τὴν</span> 
     </span>
    </p>
   </div>
   <div class='ocr_carea' id='block_1_63' title="bbox 2134 1993 3779 2083">
    <p class='ocr_par' dir='ltr' id='par_1_63' title="bbox 2134 1993 3779 2083">
     <span class='ocr_line' id='line_1_63' title="bbox 2134 1993 3779 2083; baseline -0.007 -28"><span class='ocrx_word' id='word_1_452' title='bbox 2134 2001 2230 2055; x_wconf 87' lang='grc' dir='ltr'>τοῦ</span> <span class='ocrx_word' id='word_1_453' title='bbox 2261 2001 2422 2069; x_wconf 84' lang='grc' dir='ltr'>λόγου</span> <span class='ocrx_word' id='word_1_454' title='bbox 2449 2001 2728 2070; x_wconf 74' lang='grc' dir='ltr'>διάκρισιν</span> <span class='ocrx_word' id='word_1_455' title='bbox 2770 1999 2936 2062; x_wconf 83' lang='grc' dir='ltr'>εὐθὺς</span> <span class='ocrx_word' id='word_1_456' title='bbox 2979 1995 3571 2068; x_wconf 79' lang='grc' dir='ltr'>κατηνέχθησαν,-ἐνδς</span> <span class='ocrx_word' id='word_1_457' title='bbox 3613 1993 3712 2062; x_wconf 75' lang='grc' dir='ltr'>μὲν</span> <span class='ocrx_word' id='word_1_458' title='bbox 3776 2081 3779 2083; x_wconf 41' lang='lat'><em>_</em></span> 
     </span>
    </p>
   </div>
   <div class='ocr_carea' id='block_1_64' title="bbox 2134 2085 3712 2167">
    <p class='ocr_par' dir='ltr' id='par_1_64' title="bbox 2134 2085 3712 2167">
     <span class='ocr_line' id='line_1_64' title="bbox 2134 2085 3712 2167; baseline -0.007 -19"><span class='ocrx_word' id='word_1_459' title='bbox 2134 2095 2545 2164; x_wconf 79' lang='grc' dir='ltr'>ἀπαλλαγέντες</span> <span class='ocrx_word' id='word_1_460' title='bbox 2573 2093 2844 2167; x_wconf 82' lang='grc' dir='ltr'>κρημνοῦ,</span> <span class='ocrx_word' id='word_1_461' title='bbox 2868 2093 3017 2162; x_wconf 78' lang='grc' dir='ltr'>ἄλλῳ</span> <span class='ocrx_word' id='word_1_462' title='bbox 3047 2092 3104 2145; x_wconf 83' lang='grc' dir='ltr'>δὲ</span> <span class='ocrx_word' id='word_1_463' title='bbox 3135 2089 3601 2160; x_wconf 59' lang='grc' dir='ltr'>ἐμπεπτωκότες,</span> <span class='ocrx_word' id='word_1_464' title='bbox 3620 2085 3712 2138; x_wconf 83' lang='grc' dir='ltr'>τὸν</span> 
     </span>
    </p>
   </div>
   <div class='ocr_carea' id='block_1_65' title="bbox 2135 2181 3711 2259">
    <p class='ocr_par' dir='ltr' id='par_1_65' title="bbox 2135 2181 3711 2259">
     <span class='ocr_line' id='line_1_65' title="bbox 2135 2181 3711 2259; baseline -0.004 -15"><span class='ocrx_word' id='word_1_465' title='bbox 2135 2191 2248 2244; x_wconf 85' lang='grc' dir='ltr'>ῐσον</span> <span class='ocrx_word' id='word_1_466' title='bbox 2278 2190 2504 2259; x_wconf 68' lang='grc' dir='ltr'>ὄλεθρον</span> <span class='ocrx_word' id='word_1_467' title='bbox 2528 2189 2769 2258; x_wconf 71' lang='grc' dir='ltr'>φέροντι</span> <span class='ocrx_word' id='word_1_468' title='bbox 2791 2203 2808 2216; x_wconf 76' lang='grc' dir='ltr'><strong><em>ο</em></strong></span> <span class='ocrx_word' id='word_1_469' title='bbox 2839 2187 2951 2241; x_wconf 90' lang='grc' dir='ltr'>οὐδ’</span> <span class='ocrx_word' id='word_1_470' title='bbox 2974 2187 3153 2240; x_wconf 83' lang='grc' dir='ltr'>ἐκεῖνο</span> <span class='ocrx_word' id='word_1_471' title='bbox 3199 2182 3330 2252; x_wconf 80' lang='grc' dir='ltr'>γοῦν</span> <span class='ocrx_word' id='word_1_472' title='bbox 3354 2181 3711 2248; x_wconf 77' lang='grc' dir='ltr'>ἐννοήσαντες</span> 
     </span>
    </p>
   </div>
   <div class='ocr_carea' id='block_1_66' title="bbox 2131 2273 3710 2351">
    <p class='ocr_par' dir='ltr' id='par_1_66' title="bbox 2131 2273 3710 2351">
     <span class='ocr_line' id='line_1_66' title="bbox 2131 2273 3710 2351; baseline -0.009 -15"><span class='ocrx_word' id='word_1_473' title='bbox 2131 2283 2193 2336; x_wconf 84' lang='grc' dir='ltr'>τὸ</span> <span class='ocrx_word' id='word_1_474' title='bbox 2225 2276 2318 2335; x_wconf 87' lang='grc' dir='ltr'>τοῦ</span> <span class='ocrx_word' id='word_1_475' title='bbox 2361 2279 2512 2351; x_wconf 86' lang='grc' dir='ltr'>ίεροῦ</span> <span class='ocrx_word' id='word_1_476' title='bbox 2562 2279 2848 2333; x_wconf 86' lang='grc' dir='ltr'>Βασιλείου</span> <span class='ocrx_word' id='word_1_477' title='bbox 2880 2280 2936 2331; x_wconf 83' lang='grc' dir='ltr'>έν</span> <span class='ocrx_word' id='word_1_478' title='bbox 2967 2281 3034 2350; x_wconf 81' lang='grc' dir='ltr'>τῇ</span> <span class='ocrx_word' id='word_1_479' title='bbox 3089 2277 3221 2346; x_wconf 73' lang='grc' dir='ltr'>πρὸς</span> <span class='ocrx_word' id='word_1_480' title='bbox 3257 2273 3557 2329; x_wconf 81' lang='grc' dir='ltr'>Εὐστάθιον</span> <span class='ocrx_word' id='word_1_481' title='bbox 3587 2274 3710 2324; x_wconf 86' lang='grc' dir='ltr'>ἐπι-</span> 
     </span>
    </p>
   </div>
   <div class='ocr_carea' id='block_1_67' title="bbox 2135 2367 3712 2444">
    <p class='ocr_par' dir='ltr' id='par_1_67' title="bbox 2135 2367 3712 2444">
     <span class='ocr_line' id='line_1_67' title="bbox 2135 2367 3712 2444; baseline -0.01 -14"><span class='ocrx_word' id='word_1_482' title='bbox 2135 2379 2295 2444; x_wconf 79' lang='grc' dir='ltr'>στολῇ</span> <span class='ocrx_word' id='word_1_483' title='bbox 2320 2392 2334 2406; x_wconf 69' lang='grc' dir='ltr'>ο</span> <span class='ocrx_word' id='word_1_484' title='bbox 2376 2393 2395 2426; x_wconf 75' lang='grc' dir='ltr'>ι</span> <span class='ocrx_word' id='word_1_485' title='bbox 2439 2374 2666 2443; x_wconf 88' lang='grc' dir='ltr'>Οὐκοῦν,</span> <span class='ocrx_word' id='word_1_486' title='bbox 2711 2375 2899 2444; x_wconf 76' lang='grc' dir='ltr'>φησὶν,</span> <span class='ocrx_word' id='word_1_487' title='bbox 2928 2371 2988 2437; x_wconf 81' lang='grc' dir='ltr'>ἐξ</span> <span class='ocrx_word' id='word_1_488' title='bbox 3023 2369 3211 2433; x_wconf 86' lang='grc' dir='ltr'>οὐσίας</span> <span class='ocrx_word' id='word_1_489' title='bbox 3241 2368 3412 2432; x_wconf 75' lang='grc' dir='ltr'>τινος,</span> <span class='ocrx_word' id='word_1_490' title='bbox 3444 2367 3553 2419; x_wconf 87' lang='grc' dir='ltr'>είτε</span> <span class='ocrx_word' id='word_1_491' title='bbox 3585 2368 3712 2417; x_wconf 80' lang='grc' dir='ltr'>ἐπο-</span> 
     </span>
    </p>
   </div>
   <div class='ocr_carea' id='block_1_68' title="bbox 2133 2455 3710 2536">
    <p class='ocr_par' dir='ltr' id='par_1_68' title="bbox 2133 2455 3710 2536">
     <span class='ocr_line' id='line_1_68' title="bbox 2133 2455 3710 2536; baseline -0.01 -15"><span class='ocrx_word' id='word_1_492' title='bbox 2133 2468 2356 2536; x_wconf 80' lang='grc' dir='ltr'>πτικῆς,</span> <span class='ocrx_word' id='word_1_493' title='bbox 2385 2468 2498 2519; x_wconf 87' lang='grc' dir='ltr'>είτε</span> <span class='ocrx_word' id='word_1_494' title='bbox 2528 2464 2915 2536; x_wconf 84' lang='grc' dir='ltr'>ἐνεργητικῆς,</span> <span class='ocrx_word' id='word_1_495' title='bbox 2944 2464 3142 2528; x_wconf 79' lang='grc' dir='ltr'>ἔδειξεν</span> <span class='ocrx_word' id='word_1_496' title='bbox 3166 2463 3197 2532; x_wconf 86' lang='grc' dir='ltr'>ή</span> <span class='ocrx_word' id='word_1_497' title='bbox 3229 2456 3592 2530; x_wconf 83' lang='grc' dir='ltr'>προσηγορία,</span> <span class='ocrx_word' id='word_1_498' title='bbox 3613 2455 3710 2522; x_wconf 82' lang='grc' dir='ltr'>φέ-</span> 
     </span>
    </p>
   </div>
   <div class='ocr_carea' id='block_1_69' title="bbox 2135 2549 3709 2629">
    <p class='ocr_par' dir='ltr' id='par_1_69' title="bbox 2135 2549 3709 2629">
     <span class='ocr_line' id='line_1_69' title="bbox 2135 2549 3709 2629; baseline -0.008 -17"><span class='ocrx_word' id='word_1_499' title='bbox 2135 2579 2216 2629; x_wconf 84' lang='grc' dir='ltr'>ρει</span> <span class='ocrx_word' id='word_1_500' title='bbox 2249 2561 2346 2628; x_wconf 83' lang='grc' dir='ltr'>τῆς</span> <span class='ocrx_word' id='word_1_501' title='bbox 2368 2559 2623 2622; x_wconf 85' lang='grc' dir='ltr'>θεότητος</span> <span class='ocrx_word' id='word_1_502' title='bbox 2650 2557 2891 2627; x_wconf 88' lang='grc' dir='ltr'>δηλονότι</span> <span class='ocrx_word' id='word_1_503' title='bbox 2918 2573 2930 2586; x_wconf 92' lang='grc'><strong>·</strong></span> <span class='ocrx_word' id='word_1_504' title='bbox 2966 2558 2998 2623; x_wconf 85' lang='grc' dir='ltr'>ὴ</span> <span class='ocrx_word' id='word_1_505' title='bbox 3030 2556 3086 2608; x_wconf 79' lang='grc' dir='ltr'>δὲ</span> <span class='ocrx_word' id='word_1_506' title='bbox 3119 2555 3238 2607; x_wconf 81' lang='grc' dir='ltr'>θεία</span> <span class='ocrx_word' id='word_1_507' title='bbox 3267 2555 3429 2622; x_wconf 84' lang='grc' dir='ltr'>φύσις</span> <span class='ocrx_word' id='word_1_508' title='bbox 3471 2551 3528 2602; x_wconf 88' lang='grc' dir='ltr'>ἐν</span> <span class='ocrx_word' id='word_1_509' title='bbox 3573 2549 3709 2615; x_wconf 79' lang='grc' dir='ltr'>πᾶσι</span> 
     </span>
    </p>
   </div>
   <div class='ocr_carea' id='block_1_70' title="bbox 2130 2641 3710 2718">
    <p class='ocr_par' dir='ltr' id='par_1_70' title="bbox 2130 2641 3710 2718">
     <span class='ocr_line' id='line_1_70' title="bbox 2130 2641 3710 2718; baseline -0.009 -14"><span class='ocrx_word' id='word_1_510' title='bbox 2130 2657 2239 2712; x_wconf 68' lang='grc' dir='ltr'>τοῖς</span> <span class='ocrx_word' id='word_1_511' title='bbox 2271 2651 2677 2718; x_wconf 85' lang='grc' dir='ltr'>ἐπινοουμένοις</span> <span class='ocrx_word' id='word_1_512' title='bbox 2723 2648 2974 2715; x_wconf 86' lang='grc' dir='ltr'>ὀνόμασι,</span> <span class='ocrx_word' id='word_1_513' title='bbox 3029 2647 3166 2698; x_wconf 75' lang='grc' dir='ltr'>καθὸ</span> <span class='ocrx_word' id='word_1_514' title='bbox 3199 2646 3338 2709; x_wconf 80' lang='grc' dir='ltr'>ἔστι,</span> <span class='ocrx_word' id='word_1_515' title='bbox 3384 2645 3537 2711; x_wconf 88' lang='grc' dir='ltr'>μένει</span> <span class='ocrx_word' id='word_1_516' title='bbox 3575 2641 3710 2707; x_wconf 75' lang='grc' dir='ltr'>ἀσή-</span> 
     </span>
    </p>
   </div>
   <div class='ocr_carea' id='block_1_71' title="bbox 2134 2735 3708 2812">
    <p class='ocr_par' dir='ltr' id='par_1_71' title="bbox 2134 2735 3708 2812">
     <span class='ocr_line' id='line_1_71' title="bbox 2134 2735 3708 2812; baseline -0.008 -15"><span class='ocrx_word' id='word_1_517' title='bbox 2134 2759 2355 2812; x_wconf 83' lang='grc' dir='ltr'>μαντος,</span> <span class='ocrx_word' id='word_1_518' title='bbox 2399 2742 2474 2805; x_wconf 81' lang='grc' dir='ltr'>ὡς</span> <span class='ocrx_word' id='word_1_519' title='bbox 2503 2746 2529 2795; x_wconf 89' lang='grc' dir='ltr'>ὁ</span> <span class='ocrx_word' id='word_1_520' title='bbox 2575 2744 2840 2812; x_wconf 78' lang='grc' dir='ltr'>ἡμέτερος</span> <span class='ocrx_word' id='word_1_521' title='bbox 2887 2741 3064 2809; x_wconf 82' lang='grc' dir='ltr'>λόγος.</span> <span class='ocrx_word' id='word_1_522' title='bbox 3116 2740 3428 2807; x_wconf 79' lang='grc' dir='ltr'>Εὐεργέτην</span> <span class='ocrx_word' id='word_1_523' title='bbox 3475 2737 3581 2805; x_wconf 88' lang='grc' dir='ltr'>γὰρ</span> <span class='ocrx_word' id='word_1_524' title='bbox 3614 2735 3708 2787; x_wconf 74' lang='grc' dir='ltr'>καὶ</span> 
     </span>
    </p>
   </div>
   <div class='ocr_carea' id='block_1_72' title="bbox 2131 2827 3709 2906">
    <p class='ocr_par' dir='ltr' id='par_1_72' title="bbox 2131 2827 3709 2906">
     <span class='ocr_line' id='line_1_72' title="bbox 2131 2827 3709 2906; baseline -0.006 -18"><span class='ocrx_word' id='word_1_525' title='bbox 2131 2837 2344 2906; x_wconf 79' lang='grc' dir='ltr'>κριτὴν,</span> <span class='ocrx_word' id='word_1_526' title='bbox 2374 2834 2578 2902; x_wconf 84' lang='grc' dir='ltr'>ἀγαθόν</span> <span class='ocrx_word' id='word_1_527' title='bbox 2603 2851 2660 2886; x_wconf 89' lang='grc' dir='ltr'>τε</span> <span class='ocrx_word' id='word_1_528' title='bbox 2693 2836 2786 2887; x_wconf 71' lang='grc' dir='ltr'>καὶ</span> <span class='ocrx_word' id='word_1_529' title='bbox 2812 2834 3042 2899; x_wconf 87' lang='grc' dir='ltr'>δίκαιον,</span> <span class='ocrx_word' id='word_1_530' title='bbox 3066 2834 3160 2886; x_wconf 72' lang='grc' dir='ltr'>καὶ</span> <span class='ocrx_word' id='word_1_531' title='bbox 3191 2834 3289 2885; x_wconf 84' lang='grc' dir='ltr'>ὅσα</span> <span class='ocrx_word' id='word_1_532' title='bbox 3320 2831 3455 2885; x_wconf 83' lang='grc' dir='ltr'>ἄλλα</span> <span class='ocrx_word' id='word_1_533' title='bbox 3483 2827 3709 2882; x_wconf 79' lang='grc' dir='ltr'>τοιαῦτα</span> 
     </span>
    </p>
   </div>
   <div class='ocr_carea' id='block_1_73' title="bbox 2133 2920 3708 2996">
    <p class='ocr_par' dir='ltr' id='par_1_73' title="bbox 2133 2920 3708 2996">
     <span class='ocr_line' id='line_1_73' title="bbox 2133 2920 3708 2996; baseline -0.004 -18"><span class='ocrx_word' id='word_1_534' title='bbox 2133 2927 2421 2994; x_wconf 87' lang='grc' dir='ltr'>μαθόντες,</span> <span class='ocrx_word' id='word_1_535' title='bbox 2465 2927 2759 2996; x_wconf 78' lang='grc' dir='ltr'>ἐνεργειῶν</span> <span class='ocrx_word' id='word_1_536' title='bbox 2797 2926 3063 2995; x_wconf 77' lang='grc' dir='ltr'>διαφορὰς</span> <span class='ocrx_word' id='word_1_537' title='bbox 3093 2924 3474 2994; x_wconf 75' lang='grc' dir='ltr'>ἐδιδάχθημεν.</span> <span class='ocrx_word' id='word_1_538' title='bbox 3511 2921 3620 2974; x_wconf 88' lang='grc' dir='ltr'>Τοῦ</span> <span class='ocrx_word' id='word_1_539' title='bbox 3650 2920 3708 2972; x_wconf 84' lang='grc' dir='ltr'>δὲ</span> 
     </span>
    </p>
   </div>
   <div class='ocr_carea' id='block_1_74' title="bbox 2130 3014 3706 3090">
    <p class='ocr_par' dir='ltr' id='par_1_74' title="bbox 2130 3014 3706 3090">
     <span class='ocr_line' id='line_1_74' title="bbox 2130 3014 3706 3090; baseline -0.004 -18"><span class='ocrx_word' id='word_1_540' title='bbox 2130 3018 2481 3088; x_wconf 83' lang='grc' dir='ltr'>ἐνεργοῦντος</span> <span class='ocrx_word' id='word_1_541' title='bbox 2515 3020 2616 3090; x_wconf 75' lang='grc' dir='ltr'>τὴν</span> <span class='ocrx_word' id='word_1_542' title='bbox 2653 3018 2813 3088; x_wconf 84' lang='grc' dir='ltr'>φύσιν</span> <span class='ocrx_word' id='word_1_543' title='bbox 2870 3019 3026 3072; x_wconf 74' lang='grc' dir='ltr'>οὐδὲν</span> <span class='ocrx_word' id='word_1_544' title='bbox 3058 3018 3262 3087; x_wconf 73' lang='grc' dir='ltr'>μᾶλλον</span> <span class='ocrx_word' id='word_1_545' title='bbox 3296 3016 3386 3070; x_wconf 68' lang='grc' dir='ltr'>διὰ</span> <span class='ocrx_word' id='word_1_546' title='bbox 3439 3017 3538 3085; x_wconf 84' lang='grc' dir='ltr'>τῆς</span> <span class='ocrx_word' id='word_1_547' title='bbox 3596 3014 3706 3067; x_wconf 89' lang='grc' dir='ltr'>τῶν</span> 
     </span>
    </p>
   </div>
   <div class='ocr_carea' id='block_1_75' title="bbox 2132 3110 3706 3182">
    <p class='ocr_par' dir='ltr' id='par_1_75' title="bbox 2132 3110 3706 3182">
     <span class='ocr_line' id='line_1_75' title="bbox 2132 3110 3706 3182; baseline -0.002 -18"><span class='ocrx_word' id='word_1_548' title='bbox 2132 3113 2424 3181; x_wconf 82' lang='grc' dir='ltr'>ἐνεργειῶν</span> <span class='ocrx_word' id='word_1_549' title='bbox 2467 3114 2839 3182; x_wconf 82' lang='grc' dir='ltr'>κατανοήσεως</span> <span class='ocrx_word' id='word_1_550' title='bbox 2865 3113 3167 3181; x_wconf 84' lang='grc' dir='ltr'>ἐπιγνῶναι</span> <span class='ocrx_word' id='word_1_551' title='bbox 3197 3111 3503 3182; x_wconf 85' lang='grc' dir='ltr'>δυνάμεθα.</span> <span class='ocrx_word' id='word_1_552' title='bbox 3535 3110 3706 3161; x_wconf 83' lang='grc' dir='ltr'>Ὅταν</span> 
     </span>
    </p>
   </div>
   <div class='ocr_carea' id='block_1_76' title="bbox 2129 3202 3707 3274">
    <p class='ocr_par' dir='ltr' id='par_1_76' title="bbox 2129 3202 3707 3274">
     <span class='ocr_line' id='line_1_76' title="bbox 2129 3202 3707 3274; baseline -0.002 -17"><span class='ocrx_word' id='word_1_553' title='bbox 2129 3205 2235 3274; x_wconf 79' lang='grc' dir='ltr'>γὰρ</span> <span class='ocrx_word' id='word_1_554' title='bbox 2270 3204 2507 3274; x_wconf 85' lang='grc' dir='ltr'>ἀποδιδῷ</span> <span class='ocrx_word' id='word_1_555' title='bbox 2546 3224 2627 3268; x_wconf 88' lang='grc' dir='ltr'>τις</span> <span class='ocrx_word' id='word_1_556' title='bbox 2660 3207 2818 3274; x_wconf 87' lang='grc' dir='ltr'>λόγον</span> <span class='ocrx_word' id='word_1_557' title='bbox 2866 3206 3100 3258; x_wconf 79' lang='grc' dir='ltr'>ἑκάστου</span> <span class='ocrx_word' id='word_1_558' title='bbox 3133 3207 3339 3258; x_wconf 84' lang='grc' dir='ltr'>τούτων</span> <span class='ocrx_word' id='word_1_559' title='bbox 3369 3202 3478 3256; x_wconf 77' lang='grc' dir='ltr'>τῶν</span> <span class='ocrx_word' id='word_1_560' title='bbox 3506 3202 3707 3272; x_wconf 86' lang='grc' dir='ltr'>ὀνομά-</span> 
     </span>
    </p>
   </div>
   <div class='ocr_carea' id='block_1_77' title="bbox 2129 3298 3703 3369">
    <p class='ocr_par' dir='ltr' id='par_1_77' title="bbox 2129 3298 3703 3369">
     <span class='ocr_line' id='line_1_77' title="bbox 2129 3298 3703 3369; baseline 0 -21"><span class='ocrx_word' id='word_1_561' title='bbox 2129 3315 2260 3360; x_wconf 88' lang='grc' dir='ltr'>των,</span> <span class='ocrx_word' id='word_1_562' title='bbox 2297 3299 2396 3350; x_wconf 59' lang='lat' dir='ltr'>aea&quot;.</span> <span class='ocrx_word' id='word_1_563' title='bbox 2433 3299 2599 3367; x_wconf 78' lang='grc' dir='ltr'>αὐτῆς</span> <span class='ocrx_word' id='word_1_564' title='bbox 2632 3300 2728 3368; x_wconf 81' lang='grc' dir='ltr'>τῆς</span> <span class='ocrx_word' id='word_1_565' title='bbox 2766 3300 2979 3367; x_wconf 84' lang='grc' dir='ltr'>φύσεως</span> <span class='ocrx_word' id='word_1_566' title='bbox 3010 3302 3138 3367; x_wconf 77' lang='grc' dir='ltr'>περὶ</span> <span class='ocrx_word' id='word_1_567' title='bbox 3171 3300 3237 3369; x_wconf 86' lang='grc' dir='ltr'>ἣν</span> <span class='ocrx_word' id='word_1_568' title='bbox 3260 3302 3327 3352; x_wconf 79' lang='grc' dir='ltr'>τὰ</span> <span class='ocrx_word' id='word_1_569' title='bbox 3354 3298 3617 3368; x_wconf 83' lang='grc' dir='ltr'>ὀνόματα,</span> <span class='ocrx_word' id='word_1_570' title='bbox 3642 3299 3703 3349; x_wconf 84' lang='grc' dir='ltr'>οὐ</span> 
     </span>
    </p>
   </div>
   <div class='ocr_carea' id='block_1_78' title="bbox 2129 3381 3708 3457">
    <p class='ocr_par' dir='ltr' id='par_1_78' title="bbox 2129 3381 3708 3457">
     <span class='ocr_line' id='line_1_78' title="bbox 2129 3381 3708 3457; baseline 0.001 -19"><span class='ocrx_word' id='word_1_571' title='bbox 2129 3387 2218 3438; x_wconf 82' lang='grc' dir='ltr'>τὸν</span> <span class='ocrx_word' id='word_1_572' title='bbox 2264 3387 2428 3439; x_wconf 71' lang='grc' dir='ltr'>αὐτὸν</span> <span class='ocrx_word' id='word_1_573' title='bbox 2462 3389 2772 3457; x_wconf 76' lang='grc' dir='ltr'>ἀμφοτέρου</span> <span class='ocrx_word' id='word_1_574' title='bbox 2806 3389 3080 3441; x_wconf 80' lang='grc' dir='ltr'>ἀποδώσει</span> <span class='ocrx_word' id='word_1_575' title='bbox 3129 3389 3307 3456; x_wconf 89' lang='grc' dir='ltr'>λόγον.</span> <span class='ocrx_word' id='word_1_576' title='bbox 3340 3381 3443 3440; x_wconf 77' lang='grc' dir='ltr'>Ὧν</span> <span class='ocrx_word' id='word_1_577' title='bbox 3483 3387 3539 3440; x_wconf 85' lang='grc' dir='ltr'>δὲ</span> <span class='ocrx_word' id='word_1_578' title='bbox 3565 3389 3592 3439; x_wconf 87' lang='grc' dir='ltr'>ὁ</span> <span class='ocrx_word' id='word_1_579' title='bbox 3622 3388 3708 3439; x_wconf 86' lang='grc' dir='ltr'>λό-</span> 
     </span>
    </p>
   </div>
   <div class='ocr_carea' id='block_1_79' title="bbox 2127 3478 3706 3550">
    <p class='ocr_par' dir='ltr' id='par_1_79' title="bbox 2127 3478 3706 3550">
     <span class='ocr_line' id='line_1_79' title="bbox 2127 3478 3706 3550; baseline 0.002 -21"><span class='ocrx_word' id='word_1_580' title='bbox 2127 3495 2221 3545; x_wconf 88' lang='grc' dir='ltr'>γος</span> <span class='ocrx_word' id='word_1_581' title='bbox 2266 3478 2470 3550; x_wconf 79' lang='grc' dir='ltr'>ἕτερος,</span> <span class='ocrx_word' id='word_1_582' title='bbox 2519 3481 2724 3533; x_wconf 85' lang='grc' dir='ltr'>τούτων</span> <span class='ocrx_word' id='word_1_583' title='bbox 2754 3481 2851 3535; x_wconf 70' lang='grc' dir='ltr'>καὶ</span> <span class='ocrx_word' id='word_1_584' title='bbox 2905 3482 2938 3550; x_wconf 82' lang='grc' dir='ltr'>ή</span> <span class='ocrx_word' id='word_1_585' title='bbox 2980 3481 3140 3549; x_wconf 83' lang='grc' dir='ltr'>φύσις</span> <span class='ocrx_word' id='word_1_586' title='bbox 3173 3481 3455 3550; x_wconf 84' lang='grc' dir='ltr'>διάφορος.</span> <span class='ocrx_word' id='word_1_587' title='bbox 3493 3479 3706 3533; x_wconf 79' lang='grc' dir='ltr'>Οὐκοῦν</span> 
     </span>
    </p>
   </div>
   <div class='ocr_carea' id='block_1_80' title="bbox 2126 3568 3704 3645">
    <p class='ocr_par' dir='ltr' id='par_1_80' title="bbox 2126 3568 3704 3645">
     <span class='ocr_line' id='line_1_80' title="bbox 2126 3568 3704 3645; baseline 0.001 -23"><span class='ocrx_word' id='word_1_588' title='bbox 2126 3570 2253 3622; x_wconf 82' lang='grc' dir='ltr'>ἄλλο</span> <span class='ocrx_word' id='word_1_589' title='bbox 2298 3572 2396 3638; x_wconf 89' lang='grc' dir='ltr'>μέν</span> <span class='ocrx_word' id='word_1_590' title='bbox 2420 3571 2567 3623; x_wconf 81' lang='grc' dir='ltr'>ἐστιν</span> <span class='ocrx_word' id='word_1_591' title='bbox 2598 3573 2776 3637; x_wconf 87' lang='grc' dir='ltr'>οὐσία,</span> <span class='ocrx_word' id='word_1_592' title='bbox 2807 3568 2874 3645; x_wconf 84' lang='grc' dir='ltr'>ἦς</span> <span class='ocrx_word' id='word_1_593' title='bbox 2901 3571 3052 3626; x_wconf 81' lang='grc' dir='ltr'>οὐπω</span> <span class='ocrx_word' id='word_1_594' title='bbox 3089 3574 3246 3640; x_wconf 82' lang='grc' dir='ltr'>λόγος</span> <span class='ocrx_word' id='word_1_595' title='bbox 3287 3572 3530 3642; x_wconf 78' lang='grc' dir='ltr'>μηνυτὴς</span> <span class='ocrx_word' id='word_1_596' title='bbox 3552 3571 3704 3638; x_wconf 77' lang='grc' dir='ltr'>ἐξευ-</span> 
     </span>
    </p>
   </div>
   <div class='ocr_carea' id='block_1_81' title="bbox 2129 3664 3703 3738">
    <p class='ocr_par' dir='ltr' id='par_1_81' title="bbox 2129 3664 3703 3738">
     <span class='ocr_line' id='line_1_81' title="bbox 2129 3664 3703 3738; baseline 0.001 -22"><span class='ocrx_word' id='word_1_597' title='bbox 2129 3664 2280 3735; x_wconf 88' lang='grc' dir='ltr'>ρέθη,</span> <span class='ocrx_word' id='word_1_598' title='bbox 2339 3665 2502 3735; x_wconf 84' lang='grc' dir='ltr'>ἐτέρα</span> <span class='ocrx_word' id='word_1_599' title='bbox 2547 3666 2602 3718; x_wconf 85' lang='grc' dir='ltr'>δὲ</span> <span class='ocrx_word' id='word_1_600' title='bbox 2650 3668 2682 3736; x_wconf 85' lang='grc' dir='ltr'><strong>ἡ</strong></span> <span class='ocrx_word' id='word_1_601' title='bbox 2735 3667 2844 3720; x_wconf 85' lang='grc' dir='ltr'>τῶν</span> <span class='ocrx_word' id='word_1_602' title='bbox 2889 3667 3019 3737; x_wconf 71' lang='grc' dir='ltr'>περὶ</span> <span class='ocrx_word' id='word_1_603' title='bbox 3069 3667 3241 3738; x_wconf 84' lang='grc' dir='ltr'>αὐτὴν</span> <span class='ocrx_word' id='word_1_604' title='bbox 3277 3670 3562 3732; x_wconf 82' lang='grc' dir='ltr'>ὀνομάτων</span> <span class='ocrx_word' id='word_1_605' title='bbox 3601 3684 3703 3735; x_wconf 84' lang='grc' dir='ltr'>ση-</span> 
     </span>
    </p>
   </div>
   <div class='ocr_carea' id='block_1_82' title="bbox 2127 3758 3702 3830">
    <p class='ocr_par' dir='ltr' id='par_1_82' title="bbox 2127 3758 3702 3830">
     <span class='ocr_line' id='line_1_82' title="bbox 2127 3758 3702 3830; baseline 0.003 -22"><span class='ocrx_word' id='word_1_606' title='bbox 2127 3758 2320 3826; x_wconf 81' lang='grc' dir='ltr'>μασία,</span> <span class='ocrx_word' id='word_1_607' title='bbox 2387 3758 2444 3824; x_wconf 81' lang='grc' dir='ltr'>ἐξ</span> <span class='ocrx_word' id='word_1_608' title='bbox 2498 3759 2778 3828; x_wconf 85' lang='grc' dir='ltr'>ἐνεργείας</span> <span class='ocrx_word' id='word_1_609' title='bbox 2839 3760 2981 3824; x_wconf 75' lang='grc' dir='ltr'>τινος</span> <span class='ocrx_word' id='word_1_610' title='bbox 3037 3761 3068 3830; x_wconf 79' lang='grc' dir='ltr'>ἦ</span> <span class='ocrx_word' id='word_1_611' title='bbox 3123 3761 3280 3826; x_wconf 79' lang='grc' dir='ltr'>ἀξίας</span> <span class='ocrx_word' id='word_1_612' title='bbox 3359 3761 3702 3830; x_wconf 79' lang='grc' dir='ltr'>ὀνομαζομέ-</span> 
     </span>
    </p>
   </div>
   <div class='ocr_carea' id='block_1_83' title="bbox 2123 3868 2316 3907">
    <p class='ocr_par' dir='ltr' id='par_1_83' title="bbox 2123 3868 2316 3907">
     <span class='ocr_line' id='line_1_83' title="bbox 2123 3868 2316 3907; baseline -0.01 -5"><span class='ocrx_word' id='word_1_613' title='bbox 2123 3868 2248 3907; x_wconf 88' lang='grc' dir='ltr'>νων.</span> <span class='ocrx_word' id='word_1_614' title='bbox 2286 3869 2316 3900; x_wconf 79' lang='grc' dir='ltr'><strong>Ἰ</strong></span> 
     </span>
    </p>
   </div>
   <div class='ocr_carea' id='block_1_84' title="bbox 2201 3942 3694 4012">
    <p class='ocr_par' dir='ltr' id='par_1_84' title="bbox 2201 3942 3694 4012">
     <span class='ocr_line' id='line_1_84' title="bbox 2201 3942 3694 4012; baseline 0.001 -18"><span class='ocrx_word' id='word_1_615' title='bbox 2201 3942 2334 3996; x_wconf 79' lang='grc' dir='ltr'>Ἶδού</span> <span class='ocrx_word' id='word_1_616' title='bbox 2389 3947 2574 4012; x_wconf 81' lang='grc' dir='ltr'>σαφῶς</span> <span class='ocrx_word' id='word_1_617' title='bbox 2629 3948 2656 3999; x_wconf 91' lang='lat'>6</span> <span class='ocrx_word' id='word_1_618' title='bbox 2705 3947 3024 4008; x_wconf 76' lang='grc' dir='ltr'>διδάσκαλος</span> <span class='ocrx_word' id='word_1_619' title='bbox 3074 3948 3257 4010; x_wconf 83' lang='grc' dir='ltr'>αὐτοῖς</span> <span class='ocrx_word' id='word_1_620' title='bbox 3306 3946 3694 4011; x_wconf 82' lang='grc' dir='ltr'>ἐπιδείκνυσιν,</span> 
     </span>
    </p>
   </div>
   <div class='ocr_carea' id='block_1_85' title="bbox 2119 4034 3691 4109">
    <p class='ocr_par' dir='ltr' id='par_1_85' title="bbox 2119 4034 3691 4109">
     <span class='ocr_line' id='line_1_85' title="bbox 2119 4034 3691 4109; baseline 0.003 -24"><span class='ocrx_word' id='word_1_621' title='bbox 2119 4034 2276 4102; x_wconf 76' lang='grc' dir='ltr'>εἴπερ</span> <span class='ocrx_word' id='word_1_622' title='bbox 2324 4035 2610 4089; x_wconf 78' lang='grc' dir='ltr'>ἐϐούλοντο</span> <span class='ocrx_word' id='word_1_623' title='bbox 2666 4041 2921 4109; x_wconf 82' lang='grc' dir='ltr'>συνορᾷν,</span> <span class='ocrx_word' id='word_1_624' title='bbox 2963 4041 3110 4101; x_wconf 79' lang='grc' dir='ltr'>ὅπως</span> <span class='ocrx_word' id='word_1_625' title='bbox 3145 4041 3176 4109; x_wconf 86' lang='grc' dir='ltr'>ή</span> <span class='ocrx_word' id='word_1_626' title='bbox 3213 4038 3372 4091; x_wconf 85' lang='grc' dir='ltr'>οὐσία</span> <span class='ocrx_word' id='word_1_627' title='bbox 3420 4037 3510 4091; x_wconf 90' lang='grc' dir='ltr'>τοῦ</span> <span class='ocrx_word' id='word_1_628' title='bbox 3553 4036 3691 4090; x_wconf 84' lang='grc' dir='ltr'>Θεοῦ</span> 
     </span>
    </p>
   </div>
   <div class='ocr_carea' id='block_1_86' title="bbox 2120 4127 3695 4204">
    <p class='ocr_par' dir='ltr' id='par_1_86' title="bbox 2120 4127 3695 4204">
     <span class='ocr_line' id='line_1_86' title="bbox 2120 4127 3695 4204; baseline 0.004 -26"><span class='ocrx_word' id='word_1_629' title='bbox 2120 4127 2213 4179; x_wconf 75' lang='grc' dir='ltr'>καὶ</span> <span class='ocrx_word' id='word_1_630' title='bbox 2244 4130 2275 4198; x_wconf 82' lang='grc' dir='ltr'>ἡ</span> <span class='ocrx_word' id='word_1_631' title='bbox 2307 4131 2559 4198; x_wconf 86' lang='grc' dir='ltr'>ἐνέργεια</span> <span class='ocrx_word' id='word_1_632' title='bbox 2591 4133 2652 4184; x_wconf 89' lang='grc' dir='ltr'>ἐκ</span> <span class='ocrx_word' id='word_1_633' title='bbox 2681 4133 2781 4201; x_wconf 82' lang='grc' dir='ltr'>τῆς</span> <span class='ocrx_word' id='word_1_634' title='bbox 2816 4134 2907 4185; x_wconf 89' lang='grc' dir='ltr'>τοῦ</span> <span class='ocrx_word' id='word_1_635' title='bbox 2956 4134 3283 4204; x_wconf 78' lang='grc' dir='ltr'>πράγματος</span> <span class='ocrx_word' id='word_1_636' title='bbox 3333 4132 3569 4202; x_wconf 86' lang='grc' dir='ltr'>φύσεως,</span> <span class='ocrx_word' id='word_1_637' title='bbox 3601 4133 3695 4184; x_wconf 73' lang='grc' dir='ltr'>καὶ</span> 
     </span>
    </p>
   </div>
   <div class='ocr_carea' id='block_1_87' title="bbox 2120 4220 3695 4297">
    <p class='ocr_par' dir='ltr' id='par_1_87' title="bbox 2120 4220 3695 4297">
     <span class='ocr_line' id='line_1_87' title="bbox 2120 4220 3695 4297; baseline 0.004 -26"><span class='ocrx_word' id='word_1_638' title='bbox 2120 4220 2200 4273; x_wconf 75' lang='grc' dir='ltr'>ἔτι</span> <span class='ocrx_word' id='word_1_639' title='bbox 2235 4222 2436 4291; x_wconf 86' lang='grc' dir='ltr'>μᾶλλον</span> <span class='ocrx_word' id='word_1_640' title='bbox 2485 4223 2702 4286; x_wconf 80' lang='grc' dir='ltr'>εἰδικῶς</span> <span class='ocrx_word' id='word_1_641' title='bbox 2734 4226 2806 4288; x_wconf 85' lang='grc' dir='ltr'>ὼς</span> <span class='ocrx_word' id='word_1_642' title='bbox 2839 4226 3013 4278; x_wconf 74' lang='grc' dir='ltr'>εἰπεῖν</span> <span class='ocrx_word' id='word_1_643' title='bbox 3054 4228 3411 4297; x_wconf 84' lang='grc' dir='ltr'>διακρίνεται.</span> <span class='ocrx_word' id='word_1_644' title='bbox 3447 4247 3464 4277; x_wconf 87' lang='grc'><em>‹</em></span> <span class='ocrx_word' id='word_1_645' title='bbox 3502 4227 3695 4288; x_wconf 76' lang='grc' dir='ltr'>’Ἄλλος</span> 
     </span>
    </p>
   </div>
   <div class='ocr_carea' id='block_1_88' title="bbox 2121 4314 3694 4388">
    <p class='ocr_par' dir='ltr' id='par_1_88' title="bbox 2121 4314 3694 4388">
     <span class='ocr_line' id='line_1_88' title="bbox 2121 4314 3694 4388; baseline 0.003 -24"><span class='ocrx_word' id='word_1_646' title='bbox 2121 4314 2221 4383; x_wconf 83' lang='grc' dir='ltr'>μὲν</span> <span class='ocrx_word' id='word_1_647' title='bbox 2269 4314 2378 4384; x_wconf 85' lang='grc' dir='ltr'>γάρ</span> <span class='ocrx_word' id='word_1_648' title='bbox 2410 4315 2524 4366; x_wconf 88' lang='grc' dir='ltr'>ἐστι</span> <span class='ocrx_word' id='word_1_649' title='bbox 2559 4316 2757 4384; x_wconf 83' lang='grc' dir='ltr'>νοητῆς</span> <span class='ocrx_word' id='word_1_650' title='bbox 2790 4316 2983 4380; x_wconf 85' lang='grc' dir='ltr'>οὐσίας</span> <span class='ocrx_word' id='word_1_651' title='bbox 3020 4318 3197 4386; x_wconf 85' lang='grc' dir='ltr'>λόγος,</span> <span class='ocrx_word' id='word_1_652' title='bbox 3233 4319 3420 4388; x_wconf 77' lang='grc' dir='ltr'>φησὶν,</span> <span class='ocrx_word' id='word_1_653' title='bbox 3450 4317 3609 4379; x_wconf 80' lang='grc' dir='ltr'>ἄλλος</span> <span class='ocrx_word' id='word_1_654' title='bbox 3637 4315 3694 4370; x_wconf 82' lang='grc' dir='ltr'>δὲ</span> 
     </span>
    </p>
   </div>
   <div class='ocr_carea' id='block_1_89' title="bbox 2115 4407 3696 4482">
    <p class='ocr_par' dir='ltr' id='par_1_89' title="bbox 2115 4407 3696 4482">
     <span class='ocr_line' id='line_1_89' title="bbox 2115 4407 3696 4482; baseline 0.004 -23"><span class='ocrx_word' id='word_1_655' title='bbox 2115 4409 2142 4460; x_wconf 88' lang='lat'>6</span> <span class='ocrx_word' id='word_1_656' title='bbox 2167 4408 2264 4476; x_wconf 81' lang='grc' dir='ltr'>τῆς</span> <span class='ocrx_word' id='word_1_657' title='bbox 2297 4411 2599 4477; x_wconf 84' lang='grc' dir='ltr'>ἐνεργείας.</span> <span class='ocrx_word' id='word_1_658' title='bbox 2632 4407 2732 4463; x_wconf 60' lang='grc' dir='ltr'>τΩν</span> <span class='ocrx_word' id='word_1_659' title='bbox 2763 4411 2818 4463; x_wconf 79' lang='grc' dir='ltr'>δέ</span> <span class='ocrx_word' id='word_1_660' title='bbox 2854 4413 2880 4464; x_wconf 91' lang='lat'>6</span> <span class='ocrx_word' id='word_1_661' title='bbox 2914 4413 3073 4480; x_wconf 89' lang='grc' dir='ltr'>λόγος</span> <span class='ocrx_word' id='word_1_662' title='bbox 3109 4415 3312 4482; x_wconf 75' lang='grc' dir='ltr'>ἕτερος,</span> <span class='ocrx_word' id='word_1_663' title='bbox 3349 4414 3443 4467; x_wconf 71' lang='grc' dir='ltr'>καὶ</span> <span class='ocrx_word' id='word_1_664' title='bbox 3474 4415 3503 4482; x_wconf 80' lang='grc' dir='ltr'>ἡ</span> <span class='ocrx_word' id='word_1_665' title='bbox 3534 4415 3696 4482; x_wconf 88' lang='grc' dir='ltr'>φύσις</span> 
     </span>
    </p>
   </div>
   <div class='ocr_carea' id='block_1_90' title="bbox 2113 4485 3693 4577">
    <p class='ocr_par' dir='ltr' id='par_1_90' title="bbox 2113 4501 3693 4577">
     <span class='ocr_line' id='line_1_90' title="bbox 2113 4501 3693 4577; baseline 0.004 -25"><span class='ocrx_word' id='word_1_666' title='bbox 2113 4501 2319 4554; x_wconf 88' lang='grc' dir='ltr'>τούτων</span> <span class='ocrx_word' id='word_1_667' title='bbox 2360 4502 2642 4573; x_wconf 84' lang='grc' dir='ltr'>διάφορος.</span> <span class='ocrx_word' id='word_1_668' title='bbox 2684 4506 2750 4557; x_wconf 87' lang='lat' dir='ltr'>&#39;H</span> <span class='ocrx_word' id='word_1_669' title='bbox 2800 4506 2958 4574; x_wconf 80' lang='grc' dir='ltr'>φύσις</span> <span class='ocrx_word' id='word_1_670' title='bbox 3005 4508 3112 4577; x_wconf 80' lang='grc' dir='ltr'>ἄρα</span> <span class='ocrx_word' id='word_1_671' title='bbox 3153 4508 3249 4574; x_wconf 79' lang='grc' dir='ltr'>τῆς</span> <span class='ocrx_word' id='word_1_672' title='bbox 3295 4507 3448 4570; x_wconf 86' lang='grc' dir='ltr'>θείας</span> <span class='ocrx_word' id='word_1_673' title='bbox 3503 4507 3693 4568; x_wconf 85' lang='grc' dir='ltr'>οὐσίας</span> 
     </span>
    </p>
   </div>
   <div class='ocr_carea' id='block_1_91' title="bbox 433 4585 3692 4670">
    <p class='ocr_par' dir='ltr' id='par_1_91' title="bbox 433 4585 3692 4670">
     <span class='ocr_line' id='line_1_91' title="bbox 433 4585 3692 4670; baseline 0.005 -36"><span class='ocrx_word' id='word_1_674' title='bbox 433 4598 520 4649; x_wconf 88' lang='grc' dir='ltr'>γει</span> <span class='ocrx_word' id='word_1_675' title='bbox 554 4585 789 4653; x_wconf 91' lang='grc' dir='ltr'>μάλιστα</span> <span class='ocrx_word' id='word_1_676' title='bbox 818 4591 1132 4656; x_wconf 86' lang='grc' dir='ltr'>προσφυῶς.</span> <span class='ocrx_word' id='word_1_677' title='bbox 1172 4592 1284 4644; x_wconf 84' lang='grc' dir='ltr'>Νῦν</span> <span class='ocrx_word' id='word_1_678' title='bbox 1317 4594 1360 4645; x_wconf 89' lang='grc' dir='ltr'>δ’</span> <span class='ocrx_word' id='word_1_679' title='bbox 1387 4595 1602 4667; x_wconf 66' lang='grc' dir='ltr'>ἀπεχρη</span> <span class='ocrx_word' id='word_1_680' title='bbox 1635 4599 1702 4649; x_wconf 84' lang='grc' dir='ltr'>τὰ</span> <span class='ocrx_word' id='word_1_681' title='bbox 1739 4601 2006 4670; x_wconf 80' lang='grc' dir='ltr'>εἰρημένα</span> <span class='ocrx_word' id='word_1_682' title='bbox 2042 4617 2082 4669; x_wconf 65' lang='grc' dir='ltr'><strong>ι)</strong></span> <span class='ocrx_word' id='word_1_683' title='bbox 2113 4596 2210 4646; x_wconf 71' lang='grc' dir='ltr'>καὶ</span> <span class='ocrx_word' id='word_1_684' title='bbox 2237 4595 2336 4663; x_wconf 86' lang='grc' dir='ltr'>τῆς</span> <span class='ocrx_word' id='word_1_685' title='bbox 2361 4594 2512 4656; x_wconf 87' lang='grc' dir='ltr'>θείας</span> <span class='ocrx_word' id='word_1_686' title='bbox 2559 4597 2838 4666; x_wconf 80' lang='grc' dir='ltr'>ἐνεργείας</span> <span class='ocrx_word' id='word_1_687' title='bbox 2871 4599 3025 4669; x_wconf 85' lang='grc' dir='ltr'>οὐχὴ</span> <span class='ocrx_word' id='word_1_688' title='bbox 3079 4600 3212 4669; x_wconf 88' lang='grc' dir='ltr'>αὐτή</span> <span class='ocrx_word' id='word_1_689' title='bbox 3259 4601 3426 4662; x_wconf 87' lang='grc' dir='ltr'>ἐστιν,</span> <span class='ocrx_word' id='word_1_690' title='bbox 3468 4619 3486 4650; x_wconf 71' lang='grc' dir='ltr'>ι</span> <span class='ocrx_word' id='word_1_691' title='bbox 3532 4599 3692 4667; x_wconf 89' lang='grc' dir='ltr'>φύσιν</span> 
     </span>
    </p>
   </div>
   <div class='ocr_carea' id='block_1_92' title="bbox 432 4678 2004 4760">
    <p class='ocr_par' dir='ltr' id='par_1_92' title="bbox 432 4678 2004 4760">
     <span class='ocr_line' id='line_1_92' title="bbox 432 4678 2004 4760; baseline 0.024 -33"><span class='ocrx_word' id='word_1_692' title='bbox 432 4678 494 4728; x_wconf 90' lang='grc' dir='ltr'>τό</span> <span class='ocrx_word' id='word_1_693' title='bbox 529 4695 585 4730; x_wconf 89' lang='grc' dir='ltr'>τε</span> <span class='ocrx_word' id='word_1_694' title='bbox 622 4681 729 4731; x_wconf 91' lang='grc' dir='ltr'>τῶν</span> <span class='ocrx_word' id='word_1_695' title='bbox 775 4682 1187 4736; x_wconf 79' lang='grc' dir='ltr'>’Λκινδυνιανῶν</span> <span class='ocrx_word' id='word_1_696' title='bbox 1217 4688 1568 4756; x_wconf 77' lang='grc' dir='ltr'>παραστῆσαί</span> <span class='ocrx_word' id='word_1_697' title='bbox 1598 4707 1678 4742; x_wconf 82' lang='grc' dir='ltr'>σοι</span> <span class='ocrx_word' id='word_1_698' title='bbox 1728 4693 2004 4760; x_wconf 70' lang='grc' dir='ltr'>φρόνημαν</span> 
     </span>
    </p>
   </div>
   <div class='ocr_carea' id='block_1_93' title="bbox 433 4765 2010 4851">
    <p class='ocr_par' dir='ltr' id='par_1_93' title="bbox 433 4765 2010 4851">
     <span class='ocr_line' id='line_1_93' title="bbox 433 4765 2010 4851; baseline 0.01 -32"><span class='ocrx_word' id='word_1_699' title='bbox 433 4768 526 4820; x_wconf 76' lang='grc' dir='ltr'>καὶ</span> <span class='ocrx_word' id='word_1_700' title='bbox 556 4769 629 4831; x_wconf 84' lang='grc' dir='ltr'>ὼς</span> <span class='ocrx_word' id='word_1_701' title='bbox 660 4765 808 4841; x_wconf 74' lang='grc' dir='ltr'>εῖχεν</span> <span class='ocrx_word' id='word_1_702' title='bbox 835 4774 1057 4827; x_wconf 82' lang='grc' dir='ltr'>ἄτοπον.</span> <span class='ocrx_word' id='word_1_703' title='bbox 1096 4777 1162 4829; x_wconf 86' lang='grc' dir='ltr'><em>Ἦ</em></span> <span class='ocrx_word' id='word_1_704' title='bbox 1204 4778 1259 4829; x_wconf 89' lang='grc' dir='ltr'>δέ</span> <span class='ocrx_word' id='word_1_705' title='bbox 1303 4779 1396 4831; x_wconf 90' lang='grc' dir='ltr'>τοῦ</span> <span class='ocrx_word' id='word_1_706' title='bbox 1445 4781 1684 4850; x_wconf 88' lang='grc' dir='ltr'>Χριστοῦ</span> <span class='ocrx_word' id='word_1_707' title='bbox 1713 4783 2010 4851; x_wconf 84' lang='grc' dir='ltr'>Ἐκκλησία</span> 
     </span>
    </p>
   </div>
   <div class='ocr_carea' id='block_1_94' title="bbox 433 4860 2004 4943">
    <p class='ocr_par' dir='ltr' id='par_1_94' title="bbox 433 4860 2004 4943">
     <span class='ocr_line' id='line_1_94' title="bbox 433 4860 2004 4943; baseline 0.011 -31"><span class='ocrx_word' id='word_1_708' title='bbox 433 4860 522 4912; x_wconf 72' lang='grc' dir='ltr'>τὸν</span> <span class='ocrx_word' id='word_1_709' title='bbox 561 4862 705 4930; x_wconf 77' lang='grc' dir='ltr'>ἱερὸν</span> <span class='ocrx_word' id='word_1_710' title='bbox 754 4864 1003 4934; x_wconf 84' lang='grc' dir='ltr'>θεολόγον</span> <span class='ocrx_word' id='word_1_711' title='bbox 1036 4868 1339 4938; x_wconf 87' lang='grc' dir='ltr'>Γρηγόριον</span> <span class='ocrx_word' id='word_1_712' title='bbox 1371 4871 1478 4924; x_wconf 90' lang='grc' dir='ltr'>τῶν</span> <span class='ocrx_word' id='word_1_713' title='bbox 1524 4875 1729 4941; x_wconf 78' lang='grc' dir='ltr'>ἑαυτῆς</span> <span class='ocrx_word' id='word_1_714' title='bbox 1765 4893 2004 4943; x_wconf 82' lang='grc' dir='ltr'>προστη-</span> 
     </span>
    </p>
   </div>
   <div class='ocr_carea' id='block_1_95' title="bbox 435 4955 2006 5040">
    <p class='ocr_par' dir='ltr' id='par_1_95' title="bbox 435 4955 2006 5040">
     <span class='ocr_line' id='line_1_95' title="bbox 435 4955 2006 5040; baseline 0.011 -36"><span class='ocrx_word' id='word_1_715' title='bbox 435 4955 642 5024; x_wconf 86' lang='grc' dir='ltr'>σαμένη</span> <span class='ocrx_word' id='word_1_716' title='bbox 677 4957 983 5026; x_wconf 82' lang='grc' dir='ltr'>δογμάτων,</span> <span class='ocrx_word' id='word_1_717' title='bbox 1037 4964 1436 5032; x_wconf 78' lang='grc' dir='ltr'>ὑπερασπίζειν</span> <span class='ocrx_word' id='word_1_718' title='bbox 1470 4969 1662 5039; x_wconf 80' lang='grc' dir='ltr'>ἐκείνῳ</span> <span class='ocrx_word' id='word_1_719' title='bbox 1720 4970 2006 5040; x_wconf 83' lang='grc' dir='ltr'>πολλαχῶς</span> 
     </span>
    </p>
   </div>
   <div class='ocr_carea' id='block_1_96' title="bbox 429 5043 2008 5131">
    <p class='ocr_par' dir='ltr' id='par_1_96' title="bbox 429 5043 2008 5131">
     <span class='ocr_line' id='line_1_96' title="bbox 429 5043 2008 5131; baseline 0.011 -35"><span class='ocrx_word' id='word_1_720' title='bbox 429 5043 634 5098; x_wconf 85' lang='grc' dir='ltr'>τούτων</span> <span class='ocrx_word' id='word_1_721' title='bbox 683 5049 978 5116; x_wconf 83' lang='grc' dir='ltr'>προσῆκον,</span> <span class='ocrx_word' id='word_1_722' title='bbox 1023 5052 1114 5104; x_wconf 79' lang='grc' dir='ltr'>τὸν</span> <span class='ocrx_word' id='word_1_723' title='bbox 1152 5055 1248 5122; x_wconf 80' lang='grc' dir='ltr'>μὲν</span> <span class='ocrx_word' id='word_1_724' title='bbox 1309 5058 1400 5108; x_wconf 77' lang='grc' dir='ltr'>τὸν</span> <span class='ocrx_word' id='word_1_725' title='bbox 1455 5058 1588 5110; x_wconf 80' lang='grc' dir='ltr'>Θεὸν</span> <span class='ocrx_word' id='word_1_726' title='bbox 1637 5061 2008 5131; x_wconf 76' lang='grc' dir='ltr'>ἀνθρωπίναις</span> 
     </span>
    </p>
   </div>
   <div class='ocr_carea' id='block_1_97' title="bbox 427 5137 2007 5222">
    <p class='ocr_par' dir='ltr' id='par_1_97' title="bbox 427 5137 2007 5222">
     <span class='ocr_line' id='line_1_97' title="bbox 427 5137 2007 5222; baseline 0.012 -35"><span class='ocrx_word' id='word_1_727' title='bbox 427 5137 695 5204; x_wconf 87' lang='grc' dir='ltr'>ἐπινοίαις</span> <span class='ocrx_word' id='word_1_728' title='bbox 722 5142 1108 5207; x_wconf 88' lang='grc' dir='ltr'>σεμνύνεσθαι,</span> <span class='ocrx_word' id='word_1_729' title='bbox 1148 5146 1338 5216; x_wconf 84' lang='grc' dir='ltr'>ὥσπερ</span> <span class='ocrx_word' id='word_1_730' title='bbox 1379 5151 1649 5218; x_wconf 74' lang='grc' dir='ltr'>μηδεμιᾶς</span> <span class='ocrx_word' id='word_1_731' title='bbox 1680 5152 1823 5221; x_wconf 74' lang='grc' dir='ltr'>ἔργῳ</span> <span class='ocrx_word' id='word_1_732' title='bbox 1872 5171 2007 5222; x_wconf 86' lang='grc' dir='ltr'>σεμ-</span> 
     </span>
    </p>
   </div>
   <div class='ocr_carea' id='block_1_98' title="bbox 428 5230 2004 5310">
    <p class='ocr_par' dir='ltr' id='par_1_98' title="bbox 428 5230 2004 5310">
     <span class='ocr_line' id='line_1_98' title="bbox 428 5230 2004 5310; baseline 0.012 -32"><span class='ocrx_word' id='word_1_733' title='bbox 428 5230 654 5297; x_wconf 87' lang='grc' dir='ltr'>νότητος</span> <span class='ocrx_word' id='word_1_734' title='bbox 681 5233 992 5302; x_wconf 83' lang='grc' dir='ltr'>προσούσης</span> <span class='ocrx_word' id='word_1_735' title='bbox 1027 5237 1195 5306; x_wconf 80' lang='grc' dir='ltr'>αὐτῷ,</span> <span class='ocrx_word' id='word_1_736' title='bbox 1232 5240 1416 5310; x_wconf 71' lang='grc' dir='ltr'>πόρρω</span> <span class='ocrx_word' id='word_1_737' title='bbox 1444 5243 1540 5309; x_wconf 83' lang='grc' dir='ltr'>τῆς</span> <span class='ocrx_word' id='word_1_738' title='bbox 1580 5243 1838 5304; x_wconf 77' lang='grc' dir='ltr'>εὐσεϐοῦς</span> <span class='ocrx_word' id='word_1_739' title='bbox 1870 5245 2004 5296; x_wconf 89' lang='grc' dir='ltr'>ὐπο-</span> 
     </span>
    </p>
   </div>
   <div class='ocr_carea' id='block_1_99' title="bbox 425 5319 2002 5401">
    <p class='ocr_par' dir='ltr' id='par_1_99' title="bbox 425 5319 2002 5401">
     <span class='ocr_line' id='line_1_99' title="bbox 425 5319 2002 5401; baseline 0.012 -31"><span class='ocrx_word' id='word_1_740' title='bbox 425 5319 641 5389; x_wconf 76' lang='grc' dir='ltr'>λήψεως</span> <span class='ocrx_word' id='word_1_741' title='bbox 671 5321 888 5386; x_wconf 80' lang='grc' dir='ltr'>ἔκρινεν</span> <span class='ocrx_word' id='word_1_742' title='bbox 929 5323 1067 5378; x_wconf 81' lang='grc' dir='ltr'>εἶναι</span> <span class='ocrx_word' id='word_1_743' title='bbox 1091 5345 1104 5358; x_wconf 86' lang='grc'>·</span> <span class='ocrx_word' id='word_1_744' title='bbox 1140 5325 1281 5383; x_wconf 76' lang='grc' dir='ltr'>εἶναι</span> <span class='ocrx_word' id='word_1_745' title='bbox 1325 5331 1380 5384; x_wconf 88' lang='grc' dir='ltr'>δέ</span> <span class='ocrx_word' id='word_1_746' title='bbox 1415 5349 1534 5383; x_wconf 87' lang='grc' dir='ltr'>τινα</span> <span class='ocrx_word' id='word_1_747' title='bbox 1590 5335 1683 5385; x_wconf 74' lang='grc' dir='ltr'>καὶ</span> <span class='ocrx_word' id='word_1_748' title='bbox 1714 5335 1865 5401; x_wconf 76' lang='grc' dir='ltr'>τάξιν</span> <span class='ocrx_word' id='word_1_749' title='bbox 1907 5337 2002 5389; x_wconf 75' lang='grc' dir='ltr'>καὶ</span> 
     </span>
    </p>
   </div>
   <div class='ocr_carea' id='block_1_100' title="bbox 424 5411 2004 5493">
    <p class='ocr_par' dir='ltr' id='par_1_100' title="bbox 424 5411 2004 5493">
     <span class='ocr_line' id='line_1_100' title="bbox 424 5411 2004 5493; baseline 0.011 -31"><span class='ocrx_word' id='word_1_750' title='bbox 424 5411 698 5480; x_wconf 90' lang='grc' dir='ltr'>διάκρισιν</span> <span class='ocrx_word' id='word_1_751' title='bbox 720 5415 895 5485; x_wconf 83' lang='grc' dir='ltr'>ἀληθῆ</span> <span class='ocrx_word' id='word_1_752' title='bbox 930 5435 986 5469; x_wconf 88' lang='grc' dir='ltr'>τε</span> <span class='ocrx_word' id='word_1_753' title='bbox 1021 5421 1114 5472; x_wconf 80' lang='grc' dir='ltr'>καὶ</span> <span class='ocrx_word' id='word_1_754' title='bbox 1165 5423 1546 5493; x_wconf 85' lang='grc' dir='ltr'>πραγματώδη</span> <span class='ocrx_word' id='word_1_755' title='bbox 1593 5426 1690 5492; x_wconf 74' lang='grc' dir='ltr'>τῆς</span> <span class='ocrx_word' id='word_1_756' title='bbox 1733 5428 1879 5489; x_wconf 85' lang='grc' dir='ltr'>θείας</span> <span class='ocrx_word' id='word_1_757' title='bbox 1911 5428 2004 5479; x_wconf 79' lang='grc' dir='ltr'>οὐ-</span> 
     </span>
    </p>
   </div>
   <div class='ocr_carea' id='block_1_101' title="bbox 427 5504 2001 5588">
    <p class='ocr_par' dir='ltr' id='par_1_101' title="bbox 427 5504 2001 5588">
     <span class='ocr_line' id='line_1_101' title="bbox 427 5504 2001 5588; baseline 0.013 -34"><span class='ocrx_word' id='word_1_758' title='bbox 427 5504 550 5567; x_wconf 81' lang='grc' dir='ltr'>σίας</span> <span class='ocrx_word' id='word_1_759' title='bbox 585 5507 675 5558; x_wconf 80' lang='grc' dir='ltr'>καὶ</span> <span class='ocrx_word' id='word_1_760' title='bbox 705 5507 801 5577; x_wconf 83' lang='grc' dir='ltr'>τῆς</span> <span class='ocrx_word' id='word_1_761' title='bbox 830 5512 1109 5580; x_wconf 83' lang='grc' dir='ltr'>ἐνεργείας</span> <span class='ocrx_word' id='word_1_762' title='bbox 1142 5516 1328 5576; x_wconf 85' lang='grc' dir='ltr'>αὐτοῦ,</span> <span class='ocrx_word' id='word_1_763' title='bbox 1355 5518 1429 5579; x_wconf 82' lang='grc' dir='ltr'>ὡς</span> <span class='ocrx_word' id='word_1_764' title='bbox 1459 5520 1549 5569; x_wconf 74' lang='grc' dir='ltr'>καὶ</span> <span class='ocrx_word' id='word_1_765' title='bbox 1584 5520 1765 5571; x_wconf 89' lang='grc' dir='ltr'>αὐτοῖν</span> <span class='ocrx_word' id='word_1_766' title='bbox 1795 5523 2001 5588; x_wconf 83' lang='grc' dir='ltr'>ἀμφοῖν</span> 
     </span>
    </p>
   </div>
   <div class='ocr_carea' id='block_1_102' title="bbox 427 5595 1999 5681">
    <p class='ocr_par' dir='ltr' id='par_1_102' title="bbox 427 5595 1999 5681">
     <span class='ocr_line' id='line_1_102' title="bbox 427 5595 1999 5681; baseline 0.012 -36"><span class='ocrx_word' id='word_1_767' title='bbox 427 5595 605 5647; x_wconf 83' lang='grc' dir='ltr'>οὐσῶν</span> <span class='ocrx_word' id='word_1_768' title='bbox 648 5599 878 5670; x_wconf 74' lang='grc' dir='ltr'>ἀληθείᾳ</span> <span class='ocrx_word' id='word_1_769' title='bbox 921 5605 1017 5656; x_wconf 74' lang='grc' dir='ltr'>καὶ</span> <span class='ocrx_word' id='word_1_770' title='bbox 1069 5607 1380 5674; x_wconf 75' lang='grc' dir='ltr'>πράγματι,</span> <span class='ocrx_word' id='word_1_771' title='bbox 1414 5611 1556 5660; x_wconf 70' lang='grc' dir='ltr'>κατὰ</span> <span class='ocrx_word' id='word_1_772' title='bbox 1607 5611 1698 5662; x_wconf 74' lang='grc' dir='ltr'>τὸν</span> <span class='ocrx_word' id='word_1_773' title='bbox 1736 5612 1999 5681; x_wconf 84' lang='grc' dir='ltr'>ἐκατέρου</span> 
     </span>
    </p>
   </div>
   <div class='ocr_carea' id='block_1_103' title="bbox 429 5690 1999 5772">
    <p class='ocr_par' dir='ltr' id='par_1_103' title="bbox 429 5690 1999 5772">
     <span class='ocr_line' id='line_1_103' title="bbox 429 5690 1999 5772; baseline 0.013 -35"><span class='ocrx_word' id='word_1_774' title='bbox 429 5690 716 5756; x_wconf 87' lang='grc' dir='ltr'>πρέποντα</span> <span class='ocrx_word' id='word_1_775' title='bbox 736 5694 937 5761; x_wconf 86' lang='grc' dir='ltr'>τρόπον</span> <span class='ocrx_word' id='word_1_776' title='bbox 968 5700 1277 5765; x_wconf 78' lang='grc' dir='ltr'>περιφανῶς</span> <span class='ocrx_word' id='word_1_777' title='bbox 1316 5701 1652 5770; x_wconf 80' lang='grc' dir='ltr'>ἀνεκήρυξεν</span> <span class='ocrx_word' id='word_1_778' title='bbox 1674 5719 1686 5730; x_wconf 90' lang='grc'>·</span> <span class='ocrx_word' id='word_1_779' title='bbox 1729 5705 1826 5772; x_wconf 79' lang='grc' dir='ltr'>οὐχ</span> <span class='ocrx_word' id='word_1_780' title='bbox 1858 5704 1999 5757; x_wconf 79' lang='grc' dir='ltr'>οὕτω</span> 
     </span>
    </p>
   </div>
   <div class='ocr_carea' id='block_1_104' title="bbox 424 5777 1996 5865">
    <p class='ocr_par' dir='ltr' id='par_1_104' title="bbox 424 5777 1996 5865">
     <span class='ocr_line' id='line_1_104' title="bbox 424 5777 1996 5865; baseline 0.003 -19"><span class='ocrx_word' id='word_1_781' title='bbox 424 5777 674 5846; x_wconf 82' lang='grc' dir='ltr'>λέγοντες</span> <span class='ocrx_word' id='word_1_782' title='bbox 728 5783 867 5839; x_wconf 72' lang='grc' dir='ltr'>εἶναι</span> <span class='ocrx_word' id='word_1_783' title='bbox 918 5791 1151 5860; x_wconf 85' lang='grc' dir='ltr'>πρᾶγμα</span> <span class='ocrx_word' id='word_1_784' title='bbox 1192 5792 1289 5860; x_wconf 85' lang='grc' dir='ltr'>τὴν</span> <span class='ocrx_word' id='word_1_785' title='bbox 1325 5793 1477 5845; x_wconf 91' lang='grc' dir='ltr'>θείαν</span> <span class='ocrx_word' id='word_1_786' title='bbox 1533 5795 1745 5859; x_wconf 86' lang='grc' dir='ltr'>οὐσίαν,</span> <span class='ocrx_word' id='word_1_787' title='bbox 1800 5799 1900 5865; x_wconf 82' lang='grc' dir='ltr'>τήν</span> <span class='ocrx_word' id='word_1_788' title='bbox 1940 5815 1996 5851; x_wconf 88' lang='grc' dir='ltr'>τε</span> 
     </span>
    </p>
   </div>
   <div class='ocr_carea' id='block_1_105' title="bbox 426 5864 1996 5956">
    <p class='ocr_par' dir='ltr' id='par_1_105' title="bbox 426 5872 1996 5956">
     <span class='ocr_line' id='line_1_105' title="bbox 426 5872 1996 5956; baseline 0.013 -32"><span class='ocrx_word' id='word_1_789' title='bbox 426 5872 574 5926; x_wconf 77' lang='grc' dir='ltr'>θείαν</span> <span class='ocrx_word' id='word_1_790' title='bbox 616 5878 920 5948; x_wconf 83' lang='grc' dir='ltr'>ἐνέργειαν,</span> <span class='ocrx_word' id='word_1_791' title='bbox 960 5882 1033 5946; x_wconf 77' lang='grc' dir='ltr'>ὡς</span> <span class='ocrx_word' id='word_1_792' title='bbox 1077 5885 1336 5955; x_wconf 76' lang='grc' dir='ltr'>ἑκάτερον</span> <span class='ocrx_word' id='word_1_793' title='bbox 1371 5886 1620 5956; x_wconf 81' lang='grc' dir='ltr'>ὐφεστώς</span> <span class='ocrx_word' id='word_1_794' title='bbox 1647 5907 1704 5940; x_wconf 87' lang='grc' dir='ltr'>τε</span> <span class='ocrx_word' id='word_1_795' title='bbox 1752 5890 1844 5942; x_wconf 74' lang='grc' dir='ltr'>καὶ</span> <span class='ocrx_word' id='word_1_796' title='bbox 1877 5892 1996 5944; x_wconf 73' lang='grc' dir='ltr'>ἄτο-</span> 
     </span>
    </p>
   </div>
   <div class='ocr_carea' id='block_1_106' title="bbox 2112 4684 3691 4759">
    <p class='ocr_par' dir='ltr' id='par_1_106' title="bbox 2112 4684 3691 4759">
     <span class='ocr_line' id='line_1_106' title="bbox 2112 4684 3691 4759; baseline 0.004 -24"><span class='ocrx_word' id='word_1_797' title='bbox 2112 4684 2283 4750; x_wconf 88' lang='grc' dir='ltr'>λέγων</span> <span class='ocrx_word' id='word_1_798' title='bbox 2314 4684 2412 4754; x_wconf 87' lang='grc' dir='ltr'>τὴν</span> <span class='ocrx_word' id='word_1_799' title='bbox 2444 4689 2690 4754; x_wconf 76' lang='grc' dir='ltr'>φυσικῶς</span> <span class='ocrx_word' id='word_1_800' title='bbox 2723 4688 3201 4758; x_wconf 67' lang='grc' dir='ltr'>ἐνσημαινομέιδην</span> <span class='ocrx_word' id='word_1_801' title='bbox 3247 4690 3326 4758; x_wconf 84' lang='grc' dir='ltr'>τῷ</span> <span class='ocrx_word' id='word_1_802' title='bbox 3355 4690 3518 4759; x_wconf 80' lang='grc' dir='ltr'>λόγῳ,</span> <span class='ocrx_word' id='word_1_803' title='bbox 3553 4689 3691 4741; x_wconf 79' lang='grc' dir='ltr'>τὸτί</span> 
     </span>
    </p>
   </div>
   <div class='ocr_carea' id='block_1_107' title="bbox 2110 4773 3690 4851">
    <p class='ocr_par' dir='ltr' id='par_1_107' title="bbox 2110 4773 3690 4851">
     <span class='ocr_line' id='line_1_107' title="bbox 2110 4773 3690 4851; baseline 0.004 -24"><span class='ocrx_word' id='word_1_804' title='bbox 2110 4773 2176 4846; x_wconf 84' lang='grc' dir='ltr'>ἦν</span> <span class='ocrx_word' id='word_1_805' title='bbox 2211 4773 2351 4831; x_wconf 78' lang='grc' dir='ltr'>εἶναι</span> <span class='ocrx_word' id='word_1_806' title='bbox 2390 4779 2624 4846; x_wconf 83' lang='grc' dir='ltr'>λέγοντι,</span> <span class='ocrx_word' id='word_1_807' title='bbox 2663 4780 2757 4832; x_wconf 86' lang='grc' dir='ltr'>τοῦ</span> <span class='ocrx_word' id='word_1_808' title='bbox 2791 4782 3012 4850; x_wconf 80' lang='grc' dir='ltr'>ὁριστοῦ</span> <span class='ocrx_word' id='word_1_809' title='bbox 3053 4782 3312 4850; x_wconf 82' lang='grc' dir='ltr'>ἰδιότητα,</span> <span class='ocrx_word' id='word_1_810' title='bbox 3347 4781 3414 4834; x_wconf 81' lang='grc' dir='ltr'>δι’</span> <span class='ocrx_word' id='word_1_811' title='bbox 3447 4783 3511 4851; x_wconf 82' lang='grc' dir='ltr'>ἢν</span> <span class='ocrx_word' id='word_1_812' title='bbox 3542 4783 3690 4834; x_wconf 75' lang='grc' dir='ltr'>ἐστιν</span> 
     </span>
    </p>
   </div>
   <div class='ocr_carea' id='block_1_108' title="bbox 2112 4866 3687 4940">
    <p class='ocr_par' dir='ltr' id='par_1_108' title="bbox 2112 4866 3687 4940">
     <span class='ocr_line' id='line_1_108' title="bbox 2112 4866 3687 4940; baseline 0.006 -25"><span class='ocrx_word' id='word_1_813' title='bbox 2112 4866 2264 4928; x_wconf 76' lang='grc' dir='ltr'>αὐτὸ,</span> <span class='ocrx_word' id='word_1_814' title='bbox 2295 4866 2324 4934; x_wconf 82' lang='grc' dir='ltr'>ἧ</span> <span class='ocrx_word' id='word_1_815' title='bbox 2363 4866 2575 4936; x_wconf 84' lang='grc' dir='ltr'>ἐνεργεῖ</span> <span class='ocrx_word' id='word_1_816' title='bbox 2604 4869 2634 4937; x_wconf 78' lang='grc' dir='ltr'>ἢ</span> <span class='ocrx_word' id='word_1_817' title='bbox 2669 4870 2802 4938; x_wconf 80' lang='grc' dir='ltr'>ἔχει,</span> <span class='ocrx_word' id='word_1_818' title='bbox 2837 4871 2912 4932; x_wconf 83' lang='grc' dir='ltr'>ὡς</span> <span class='ocrx_word' id='word_1_819' title='bbox 2942 4871 3048 4940; x_wconf 74' lang='grc' dir='ltr'>ἄρα</span> <span class='ocrx_word' id='word_1_820' title='bbox 3081 4872 3252 4935; x_wconf 88' lang='grc' dir='ltr'>δήπου</span> <span class='ocrx_word' id='word_1_821' title='bbox 3297 4873 3390 4924; x_wconf 79' lang='grc' dir='ltr'>καὶ</span> <span class='ocrx_word' id='word_1_822' title='bbox 3422 4873 3687 4940; x_wconf 86' lang='grc' dir='ltr'>πέφυκεν,</span> 
     </span>
    </p>
   </div>
   <div class='ocr_carea' id='block_1_109' title="bbox 2109 4954 3686 5033">
    <p class='ocr_par' dir='ltr' id='par_1_109' title="bbox 2109 4954 3686 5033">
     <span class='ocr_line' id='line_1_109' title="bbox 2109 4954 3686 5033; baseline 0.006 -24"><span class='ocrx_word' id='word_1_823' title='bbox 2109 4957 2167 5009; x_wconf 85' lang='grc' dir='ltr'>ὃν</span> <span class='ocrx_word' id='word_1_824' title='bbox 2212 4954 2367 5026; x_wconf 77' lang='grc' dir='ltr'>οἶμαι</span> <span class='ocrx_word' id='word_1_825' title='bbox 2415 4961 2621 5028; x_wconf 88' lang='grc' dir='ltr'>τρόπον</span> <span class='ocrx_word' id='word_1_826' title='bbox 2660 4963 2718 5014; x_wconf 83' lang='grc' dir='ltr'>τὸ</span> <span class='ocrx_word' id='word_1_827' title='bbox 2755 4962 2914 5030; x_wconf 85' lang='grc' dir='ltr'>φύσει</span> <span class='ocrx_word' id='word_1_828' title='bbox 2949 4964 3087 5033; x_wconf 76' lang='grc' dir='ltr'>πρὸς</span> <span class='ocrx_word' id='word_1_829' title='bbox 3120 4966 3179 5016; x_wconf 79' lang='grc' dir='ltr'>τὸ</span> <span class='ocrx_word' id='word_1_830' title='bbox 3211 4965 3357 5018; x_wconf 87' lang='grc' dir='ltr'>θέσει</span> <span class='ocrx_word' id='word_1_831' title='bbox 3413 4969 3509 5019; x_wconf 72' lang='grc' dir='ltr'>καὶ</span> <span class='ocrx_word' id='word_1_832' title='bbox 3563 4969 3686 5018; x_wconf 76' lang='grc' dir='ltr'>κατ’</span> 
     </span>
    </p>
   </div>
   <div class='ocr_carea' id='block_1_110' title="bbox 2109 5053 3688 5131">
    <p class='ocr_par' dir='ltr' id='par_1_110' title="bbox 2109 5053 3688 5131">
     <span class='ocr_line' id='line_1_110' title="bbox 2109 5053 3688 5131; baseline 0.007 -29"><span class='ocrx_word' id='word_1_833' title='bbox 2109 5053 2376 5104; x_wconf 82' lang='grc' dir='ltr'>ἐπίνοιαν.</span> <span class='ocrx_word' id='word_1_834' title='bbox 2409 5053 2596 5117; x_wconf 72' lang='grc' dir='ltr'>Οὕτως</span> <span class='ocrx_word' id='word_1_835' title='bbox 2623 5073 2681 5106; x_wconf 89' lang='grc' dir='ltr'>τε</span> <span class='ocrx_word' id='word_1_836' title='bbox 2721 5056 2746 5106; x_wconf 88' lang='grc' dir='ltr'><strong>ὁ</strong></span> <span class='ocrx_word' id='word_1_837' title='bbox 2774 5056 3093 5120; x_wconf 84' lang='grc' dir='ltr'>διδάσκαλος</span> <span class='ocrx_word' id='word_1_838' title='bbox 3124 5061 3180 5110; x_wconf 88' lang='grc' dir='ltr'>ἐν</span> <span class='ocrx_word' id='word_1_839' title='bbox 3219 5064 3331 5124; x_wconf 88' lang='grc' dir='ltr'>τοῖς</span> <span class='ocrx_word' id='word_1_840' title='bbox 3359 5062 3492 5131; x_wconf 75' lang='grc' dir='ltr'>πρὸς</span> <span class='ocrx_word' id='word_1_841' title='bbox 3522 5062 3688 5114; x_wconf 83' lang='grc' dir='ltr'>Εὐνό-</span> 
     </span>
    </p>
   </div>
   <div class='ocr_carea' id='block_1_111' title="bbox 2113 5145 3688 5218">
    <p class='ocr_par' dir='ltr' id='par_1_111' title="bbox 2113 5145 3688 5218">
     <span class='ocr_line' id='line_1_111' title="bbox 2113 5145 3688 5218; baseline 0.006 -20"><span class='ocrx_word' id='word_1_842' title='bbox 2113 5164 2256 5213; x_wconf 86' lang='grc' dir='ltr'>μιον,</span> <span class='ocrx_word' id='word_1_843' title='bbox 2301 5145 2393 5198; x_wconf 78' lang='grc' dir='ltr'>καὶ</span> <span class='ocrx_word' id='word_1_844' title='bbox 2425 5146 2574 5198; x_wconf 82' lang='grc' dir='ltr'>ἄλλοι</span> <span class='ocrx_word' id='word_1_845' title='bbox 2604 5147 2714 5200; x_wconf 85' lang='grc' dir='ltr'>τῶν</span> <span class='ocrx_word' id='word_1_846' title='bbox 2739 5148 3081 5203; x_wconf 85' lang='grc' dir='ltr'>διδασκάλων</span> <span class='ocrx_word' id='word_1_847' title='bbox 3116 5155 3173 5205; x_wconf 91' lang='grc' dir='ltr'>ἐν</span> <span class='ocrx_word' id='word_1_848' title='bbox 3204 5155 3319 5215; x_wconf 89' lang='grc' dir='ltr'>τοῖς</span> <span class='ocrx_word' id='word_1_849' title='bbox 3362 5155 3513 5218; x_wconf 82' lang='grc' dir='ltr'>ἰδίοις</span> <span class='ocrx_word' id='word_1_850' title='bbox 3538 5157 3688 5207; x_wconf 85' lang='grc' dir='ltr'>ἀντι-</span> 
     </span>
    </p>
   </div>
   <div class='ocr_carea' id='block_1_112' title="bbox 2105 5235 3684 5314">
    <p class='ocr_par' dir='ltr' id='par_1_112' title="bbox 2105 5235 3684 5314">
     <span class='ocr_line' id='line_1_112' title="bbox 2105 5235 3684 5314; baseline 0.005 -24"><span class='ocrx_word' id='word_1_851' title='bbox 2105 5235 2379 5304; x_wconf 76' lang='grc' dir='ltr'>διαιροῦσι</span> <span class='ocrx_word' id='word_1_852' title='bbox 2407 5239 2864 5307; x_wconf 80' lang='grc' dir='ltr'>συγγράμμασιν.</span> <span class='ocrx_word' id='word_1_853' title='bbox 2904 5241 3092 5307; x_wconf 83' lang='grc' dir='ltr'>Ἀρκεῖ</span> <span class='ocrx_word' id='word_1_854' title='bbox 3127 5245 3234 5312; x_wconf 77' lang='grc' dir='ltr'>γάρ</span> <span class='ocrx_word' id='word_1_855' title='bbox 3274 5244 3416 5297; x_wconf 79' lang='grc' dir='ltr'>οὕτω</span> <span class='ocrx_word' id='word_1_856' title='bbox 3445 5246 3684 5314; x_wconf 80' lang='grc' dir='ltr'>τοῦνομα</span> 
     </span>
    </p>
   </div>
   <div class='ocr_carea' id='block_1_113' title="bbox 2104 5330 3682 5409">
    <p class='ocr_par' dir='ltr' id='par_1_113' title="bbox 2104 5330 3682 5409">
     <span class='ocr_line' id='line_1_113' title="bbox 2104 5330 3682 5409; baseline 0.006 -26"><span class='ocrx_word' id='word_1_857' title='bbox 2104 5332 2200 5398; x_wconf 79' lang='grc' dir='ltr'>τῆς</span> <span class='ocrx_word' id='word_1_858' title='bbox 2233 5330 2446 5398; x_wconf 81' lang='grc' dir='ltr'>φύσεως</span> <span class='ocrx_word' id='word_1_859' title='bbox 2509 5332 2818 5395; x_wconf 80' lang='grc' dir='ltr'>ἀναπτύξαι</span> <span class='ocrx_word' id='word_1_860' title='bbox 2852 5351 2933 5386; x_wconf 90' lang='grc' dir='ltr'>σοι</span> <span class='ocrx_word' id='word_1_861' title='bbox 2976 5336 3112 5405; x_wconf 87' lang='grc' dir='ltr'>πρός</span> <span class='ocrx_word' id='word_1_862' title='bbox 3161 5354 3224 5404; x_wconf 92' lang='grc' dir='ltr'>γε</span> <span class='ocrx_word' id='word_1_863' title='bbox 3271 5337 3367 5408; x_wconf 81' lang='grc' dir='ltr'>τὴν</span> <span class='ocrx_word' id='word_1_864' title='bbox 3395 5340 3682 5409; x_wconf 84' lang='grc' dir='ltr'>παροῦσαν</span> 
     </span>
    </p>
   </div>
   <div class='ocr_carea' id='block_1_114' title="bbox 2105 5424 3683 5502">
    <p class='ocr_par' dir='ltr' id='par_1_114' title="bbox 2105 5424 3683 5502">
     <span class='ocr_line' id='line_1_114' title="bbox 2105 5424 3683 5502; baseline 0.007 -27"><span class='ocrx_word' id='word_1_865' title='bbox 2105 5424 2317 5494; x_wconf 85' lang='grc' dir='ltr'>χρείαν.</span> <span class='ocrx_word' id='word_1_866' title='bbox 2353 5424 2690 5494; x_wconf 79' lang='grc' dir='ltr'>Ἔμὸαθῦναι</span> <span class='ocrx_word' id='word_1_867' title='bbox 2722 5426 2776 5478; x_wconf 84' lang='grc' dir='ltr'>δὲ</span> <span class='ocrx_word' id='word_1_868' title='bbox 2829 5427 2977 5495; x_wconf 87' lang='grc' dir='ltr'>αὐτῴ</span> <span class='ocrx_word' id='word_1_869' title='bbox 3044 5431 3139 5481; x_wconf 77' lang='grc' dir='ltr'>καὶ</span> <span class='ocrx_word' id='word_1_870' title='bbox 3181 5431 3321 5483; x_wconf 80' lang='grc' dir='ltr'>κατὰ</span> <span class='ocrx_word' id='word_1_871' title='bbox 3349 5433 3447 5494; x_wconf 78' lang='grc' dir='ltr'>τὰς</span> <span class='ocrx_word' id='word_1_872' title='bbox 3481 5434 3683 5502; x_wconf 71' lang='grc' dir='ltr'>ὑψηλο-</span> 
     </span>
    </p>
   </div>
   <div class='ocr_carea' id='block_1_115' title="bbox 2103 5517 3677 5593">
    <p class='ocr_par' dir='ltr' id='par_1_115' title="bbox 2103 5517 3677 5593">
     <span class='ocr_line' id='line_1_115' title="bbox 2103 5517 3677 5593; baseline -0.003 -23"><span class='ocrx_word' id='word_1_873' title='bbox 2103 5522 2270 5586; x_wconf 75' lang='grc' dir='ltr'>τέρας</span> <span class='ocrx_word' id='word_1_874' title='bbox 2315 5517 2597 5585; x_wconf 80' lang='grc' dir='ltr'>μεθόδους,</span> <span class='ocrx_word' id='word_1_875' title='bbox 2652 5519 2772 5569; x_wconf 77' lang='grc' dir='ltr'>λίαν</span> <span class='ocrx_word' id='word_1_876' title='bbox 2827 5522 2944 5572; x_wconf 77' lang='grc' dir='ltr'>ἐστὶ</span> <span class='ocrx_word' id='word_1_877' title='bbox 3006 5524 3323 5593; x_wconf 65' lang='grc' dir='ltr'>περίεργον,</span> <span class='ocrx_word' id='word_1_878' title='bbox 3382 5525 3442 5577; x_wconf 67' lang='grc' dir='ltr'>Εἰ</span> <span class='ocrx_word' id='word_1_879' title='bbox 3475 5529 3677 5593; x_wconf 65' lang='grc' dir='ltr'>τοίνυν,</span> 
     </span>
    </p>
   </div>
   <div class='ocr_carea' id='block_1_116' title="bbox 2107 5611 3681 5688">
    <p class='ocr_par' dir='ltr' id='par_1_116' title="bbox 2107 5611 3681 5688">
     <span class='ocr_line' id='line_1_116' title="bbox 2107 5611 3681 5688; baseline 0.006 -26"><span class='ocrx_word' id='word_1_880' title='bbox 2107 5614 2245 5663; x_wconf 77' lang='grc' dir='ltr'>κατᾶ</span> <span class='ocrx_word' id='word_1_881' title='bbox 2274 5612 2367 5665; x_wconf 76' lang='grc' dir='ltr'>τὸν</span> <span class='ocrx_word' id='word_1_882' title='bbox 2406 5613 2578 5681; x_wconf 83' lang='grc' dir='ltr'>μέγαν</span> <span class='ocrx_word' id='word_1_883' title='bbox 2621 5611 3004 5678; x_wconf 77' lang='grc' dir='ltr'>Βασίλειον,ἐκ</span> <span class='ocrx_word' id='word_1_884' title='bbox 3058 5616 3157 5684; x_wconf 86' lang='grc' dir='ltr'>τῆς</span> <span class='ocrx_word' id='word_1_885' title='bbox 3208 5617 3301 5670; x_wconf 86' lang='grc' dir='ltr'>τοῦ</span> <span class='ocrx_word' id='word_1_886' title='bbox 3350 5620 3681 5688; x_wconf 82' lang='grc' dir='ltr'>πράγματος</span> 
     </span>
    </p>
   </div>
   <div class='ocr_carea' id='block_1_117' title="bbox 2104 5705 3682 5782">
    <p class='ocr_par' dir='ltr' id='par_1_117' title="bbox 2104 5705 3682 5782">
     <span class='ocr_line' id='line_1_117' title="bbox 2104 5705 3682 5782; baseline 0.006 -26"><span class='ocrx_word' id='word_1_887' title='bbox 2104 5705 2315 5772; x_wconf 75' lang='grc' dir='ltr'>φύσεως</span> <span class='ocrx_word' id='word_1_888' title='bbox 2342 5705 2680 5773; x_wconf 76' lang='grc' dir='ltr'>διακρίνεται</span> <span class='ocrx_word' id='word_1_889' title='bbox 2772 5725 2830 5758; x_wconf 87' lang='grc' dir='ltr'>τε</span> <span class='ocrx_word' id='word_1_890' title='bbox 2861 5709 3015 5760; x_wconf 88' lang='grc' dir='ltr'>οὐσία</span> <span class='ocrx_word' id='word_1_891' title='bbox 3041 5709 3136 5761; x_wconf 90' lang='grc' dir='ltr'>τοῦ</span> <span class='ocrx_word' id='word_1_892' title='bbox 3168 5710 3303 5762; x_wconf 83' lang='grc' dir='ltr'>Θεοῦ</span> <span class='ocrx_word' id='word_1_893' title='bbox 3337 5713 3429 5763; x_wconf 67' lang='grc' dir='ltr'>καὶ¹</span> <span class='ocrx_word' id='word_1_894' title='bbox 3464 5715 3494 5780; x_wconf 85' lang='grc' dir='ltr'>ή</span> <span class='ocrx_word' id='word_1_895' title='bbox 3528 5714 3682 5782; x_wconf 90' lang='grc' dir='ltr'>ἐνέρ-</span> 
     </span>
    </p>
   </div>
   <div class='ocr_carea' id='block_1_118' title="bbox 2103 5798 3686 5874">
    <p class='ocr_par' dir='ltr' id='par_1_118' title="bbox 2103 5798 3686 5874">
     <span class='ocr_line' id='line_1_118' title="bbox 2103 5798 3686 5874; baseline 0.006 -26"><span class='ocrx_word' id='word_1_896' title='bbox 2103 5816 2225 5866; x_wconf 80' lang='grc' dir='ltr'>γεια</span> <span class='ocrx_word' id='word_1_897' title='bbox 2260 5799 2445 5862; x_wconf 74' lang='grc' dir='ltr'>αὐτοῦ,</span> <span class='ocrx_word' id='word_1_898' title='bbox 2481 5798 2574 5848; x_wconf 73' lang='grc' dir='ltr'>καὶ</span> <span class='ocrx_word' id='word_1_899' title='bbox 2609 5800 2720 5860; x_wconf 86' lang='grc' dir='ltr'>τοῖς</span> <span class='ocrx_word' id='word_1_900' title='bbox 2761 5800 2938 5864; x_wconf 79' lang='grc' dir='ltr'>λόγοις</span> <span class='ocrx_word' id='word_1_901' title='bbox 2971 5803 3084 5863; x_wconf 86' lang='grc' dir='ltr'>τοῖς</span> <span class='ocrx_word' id='word_1_902' title='bbox 3115 5802 3173 5853; x_wconf 73' lang='grc' dir='ltr'>τὸ</span> <span class='ocrx_word' id='word_1_903' title='bbox 3206 5802 3258 5854; x_wconf 88' lang='grc' dir='ltr'>τί</span> <span class='ocrx_word' id='word_1_904' title='bbox 3299 5799 3365 5872; x_wconf 82' lang='grc' dir='ltr'>ἦν</span> <span class='ocrx_word' id='word_1_905' title='bbox 3406 5799 3550 5856; x_wconf 80' lang='grc' dir='ltr'>εἶναι</span> <span class='ocrx_word' id='word_1_906' title='bbox 3582 5806 3686 5874; x_wconf 69' lang='grc' dir='ltr'>δη⁵</span> 
     </span>
    </p>
   </div>
   <div class='ocr_carea' id='block_1_119' title="bbox 2104 5890 3701 5963">
    <p class='ocr_par' dir='ltr' id='par_1_119' title="bbox 2104 5890 3701 5963">
     <span class='ocr_line' id='line_1_119' title="bbox 2104 5890 3701 5963; baseline 0.006 -21"><span class='ocrx_word' id='word_1_907' title='bbox 2104 5892 2284 5942; x_wconf 82' lang='grc' dir='ltr'>λοῦσι’</span> <span class='ocrx_word' id='word_1_908' title='bbox 2326 5891 2435 5953; x_wconf 76' lang='grc' dir='ltr'>πῶς</span> <span class='ocrx_word' id='word_1_909' title='bbox 2466 5891 2523 5942; x_wconf 75' lang='grc' dir='ltr'>οὐ</span> <span class='ocrx_word' id='word_1_910' title='bbox 2555 5890 2824 5960; x_wconf 76' lang='grc' dir='ltr'>πρόδηλόν</span> <span class='ocrx_word' id='word_1_911' title='bbox 2858 5893 3004 5944; x_wconf 85' lang='grc' dir='ltr'>ἐστιν</span> <span class='ocrx_word' id='word_1_912' title='bbox 3033 5894 3370 5963; x_wconf 76' lang='grc' dir='ltr'>ἁμαρτάνειν</span> <span class='ocrx_word' id='word_1_913' title='bbox 3395 5898 3518 5958; x_wconf 80' lang='grc' dir='ltr'>τοὺς</span> <span class='ocrx_word' id='word_1_914' title='bbox 3539 5899 3701 5952; x_wconf 52' lang='grc' dir='ltr'>κατὰ</span> 
     </span>
    </p>
   </div>
  </div>
