4416 6456
740 371 842 431 059

735 575 829 625 καὶ
866 572 961 625 τοῦ
999 573 1099 640 τῆς
1137 572 1446 634 συνθέσεως
1481 569 1639 638 δέους
1667 571 2114 632 ἀπαλλάττοντας
2147 571 2311 635 σφᾶς,

735 665 898 718 αὑτόν
926 681 989 731 γε
1051 664 1239 716 τοῦτον
1274 665 1365 718 τὸν
1403 665 1747 725 διδάσκαλον,
1811 663 1973 716 ἄλλον
2035 664 2101 716 ἂν
2155 664 2313 730 εἴπερ

736 758 1041 819 ἐϐούλοντο,
1072 757 1283 810 καὶτὸν
1308 757 1453 824 ἱερὸν
1484 756 1760 824 Μάξιμον.
1800 755 1859 808 Ὀ
1887 759 1985 824 μὲν
2019 755 2152 824 γὰρ.
2187 758 2246 806 ἐν
2266 757 2312 821 β’

735 851 845 900 τῶν
873 850 1008 917 πρὸς
1040 848 1304 915 Εὐνόμιον
1339 847 1682 913 ἐγκαλοῦντα
1715 848 1865 915 αὑτῷ
1898 848 1998 917 τὴν
2035 847 2308 909 σύνθεσιν,

666 939 668 942 ’
733 943 817 992 ξ’τι
880 941 955 1010 μὴ
990 942 1158 1007 αὑτὴν
1189 939 1286 1007 τὴν
1322 939 1474 990 θείαν
1524 939 1735 1001 οὐσίαν,
1774 937 1909 989 ἀλλὰ
1961 938 2088 1004 περὶ
2142 937 2314 1003 αὑτὴν

739 1031 906 1084 ἐτίθει
954 1031 1016 1084 τὸ
1050 1029 1378 1098 ἀγέννητονί,
1425 1049 1443 1080 ι
1489 1034 1563 1083 Ub
1596 1031 1705 1097 γὰρ
1735 1028 1795 1096 δὴ
1827 1029 1877 1079 οί
1910 1027 2172 1079 δεικτικοὶ
2213 1029 2312 1094 τῆς

743 1123 1007 1188 ἰδιότητος
1056 1120 1222 1173 αὑτοῦ
1281 1121 1498 1188 τρόποι,
1536 1120 1691 1188 φησὶ,
1736 1119 1826 1170 τὸν
1874 1119 1972 1184 τῆς
2009 1119 2312 1186 ἁπλότητος

736 1199 940 1278 τρόπον
1000 1210 1486 1280 παραλυπήσουσι.
1522 1229 1541 1262 ι
1599 1210 1853 1276 Μάξιμος
1889 1209 1944 1262 δὲ
1995 1212 2052 1262 ἐν
2081 1216 2150 1275 ιγ’
2183 1227 2308 1274 κεφ.

739 1304 840 1370 τῆς
884 1304 1025 1372 πρὸς
1081 1302 1297 1373 Πύρρον
1344 1301 1657 1364 διαλέξεως,
1717 1320 1736 1354 ι
1781 1301 1966 1371 Ὁρᾷς,
1999 1304 2182 1369 φησὶν,
2230 1302 2312 1353 ὃτι

740 1396 805 1446 ix
834 1395 1029 1447 τούτου
1066 1393 1368 1455 πλανᾶσθε,
1396 1395 1460 1444 ἐκ
1491 1391 1587 1445 τοῦ
1621 1395 1796 1461 πάντη
1831 1393 2120 1460 ἀγνοῆσαι,
2153 1393 2232 1445 ὃτι
2258 1393 2314 1444 αῖ

743 1485 1026 1548 συνθέσεις
1056 1487 1163 1537 τῶν
1210 1487 1267 1537 ἐν
1302 1486 1600 1539 ὑποστάσει
1631 1485 1827 1549 ὄντων,
1854 1485 1946 1537 καὶ
1987 1486 2046 1537 οὑ
2104 1487 2213 1538 τῶν
2257 1487 2314 1536 ἐν

740 1579 911 1647 ἑτέρῳ
945 1576 1342 1643 θεωρουμένων
1379 1577 1504 1634 εἰσὶ,
1540 1575 1819 1628 καὶτοῦτο
1846 1577 2023 1628 κοινὸν
2056 1577 2313 1644 φρόνημα

737 1668 958 1718 πάντων
985 1667 1080 1717 καὶ
1112 1668 1219 1718 τῶν
1269 1665 1372 1727 ἔξω
1409 1664 1739 1731 φιλοσόφων,
1783 1665 1878 1716 καὶ
1916 1663 2025 1716 τῶν
2051 1663 2151 1731 τῆς
2187 1663 2314 1714 Ἐκο

737 1759 966 1828 κλησίας
996 1758 1270 1826 θεοσόφων
1307 1758 1706 1825 μυσταγωγῶν,
1745 1759 1803 1809 ἐν
1853 1756 2154 1809 ὑποστάσει
2182 1755 2314 1808 ὄντα

738 1851 943 1905 καλῶν.
981 1852 1161 1921 Ἀπερ
1219 1849 1335 1920 ἅμα
1377 1851 1474 1902 ὅλα
1523 1849 1629 1902 ὑπὸ
1662 1851 1772 1911 τοῖς
1826 1849 2006 1902 αὐτῶν
2053 1849 2312 1916 ὀνόμασιν

736 1941 1203 2011 ἀναθρώσκουσιν,
1242 1942 1321 2005 ὡς
1372 1941 1587 2011 ἔχουσιν
1617 1943 1672 1994 αί
1703 1941 1919 2009 πρῶται
1967 1940 2170 2004 οὐσίαι,
2217 1941 2313 1994 καὶ

735 2036 803 2087 τὰ
852 2035 994 2105 μέρη
1027 2034 1135 2087 τῶν
1163 2032 1365 2087 οὐσιῶν
1402 2031 1631 2096 τούτων,
1661 2031 1695 2101 ἢ
1723 2032 1785 2084 τὸ
1817 2031 2182 2098 ὑποκείμενον
2217 2031 2313 2085 καὶ

739 2129 799 2180 τὸ
831 2127 1010 2180 κοινὸν
1039 2126 1384 2196 συμϐεϐηκὸς
1411 2126 1506 2179 καὶ
1533 2124 1602 2181 τὰ
1629 2124 1876 2181 τοιαῦτα.
1920 2143 1939 2176 ι
1988 2124 2046 2178 '0
2075 2123 2131 2177 δὲ
2169 2124 2312 2194 ἱερὸς

738 2223 989 2289 θεολόγος
1035 2222 1336 2292 Γρηγόριος
1391 2221 1491 2289 οὑχ
1549 2219 1726 2283 οὕτως
1766 2223 1825 2273 ἐν
1877 2219 2180 2273 ὑποστάσει
2211 2219 2312 2288 τήν

737 2316 1053 2386 ἀγαθότητα
1101 2314 1196 2367 τοῦ
1260 2313 1398 2366 Θεοῦ
1449 2315 1549 2366 καὶ
1591 2313 1691 2382 τήν
1720 2313 1915 2379 σοφίαν
1946 2312 2137 2379 ἔλεγεν
2173 2307 2311 2364 εῖναι

735 2410 930 2477 χωρὶς,
990 2407 1085 2458 καὶ
1136 2405 1236 2472 τήν
1270 2403 1618 2471 δικαιοσύνην
1657 2406 1753 2457 καὶ
1783 2404 1882 2472 τήν
1923 2402 2204 2470 ἀλήθειαν,
2239 2403 2315 2465 ὡς

737 2505 886 2555 ἔστιν
919 2503 1098 2555 εἰπεῖν
1126 2502 1217 2554 τον
1251 2499 1457 2568 Πέτρον
1493 2500 1588 2552 καὶ
1618 2498 1709 2550 τὸν
1741 2497 1974 2562 Παῦλον,
2009 2495 2046 2566 ἢ
2082 2497 2180 2566 τήν
2211 2495 2314 2564 ψυ-

733 2596 838 2665 χὴν
873 2598 969 2648 καὶ
1004 2594 1066 2646 τὸ
1127 2593 1308 2660 σῶμα,
1351 2591 1384 2661 ἢ
1419 2591 1521 2660 τὴν
1568 2592 1726 2658 χεῖρα
1779 2590 1871 2642 καὶ
1906 2588 2006 2657 τὴν
2047 2588 2310 2656 κεφαλὴν,

733 2687 851 2740 ἀλλ’
876 2686 950 2749 ὡς
1011 2687 1103 2740 τὸν
1146 2685 1274 2738 νοῦν
1332 2684 1431 2736 καὶ
1465 2686 1564 2751 τήν
1593 2681 1826 2750 θέλησιν,
1863 2684 1922 2733 ἐν
1953 2679 2252 2748 ἀνθρώπῳ,
2280 2678 2314 2732 ά

740 2781 879 2848 μήτε
909 2777 1235 2849 χωρίζεσθαι
1270 2776 1546 2838 δύνανται,
1574 2773 1666 2826 καὶ
1696 2774 1845 2837 ὅμως
1879 2771 2106 2840 θάτερον
2130 2769 2313 2824 αὑτῶν

734 2871 850 2923 οὗθ’
893 2869 1119 2938 όρισμός
1151 2871 1265 2921 ἐστι
1301 2867 1556 2934 θατέρου,
1585 2861 1956 2932 οὑθ⁹όρισμοῦ
1991 2861 2180 2929 μέρος,
2217 2862 2313 2913 καὶ

740 2963 988 3028 φυσικῶς
1047 2960 1411 3028 ἐνυπάρχουσι
1466 2957 1543 3022 τῷ
1592 2956 1886 3022 ἀνθρώπῳ,
1922 2953 2112 3021 ὥσπερ
2170 2953 2314 3015 τινὲς

735 3057 903 3112 αὐτοῦ
927 3055 1286 3122 τελειότητες,
1308 3045 1380 3106 ὧν
1405 3052 1533 3105 ἄνευ
1557 3050 1662 3103 οὔδ’
1687 3049 1970 3116 ἄνθρωπος
2015 3050 2121 3116 εἴη,
2141 3047 2315 3111 οὑτως

736 3153 932 3218 ἔχοντα
967 3149 1061 3201 καὶ
1096 3144 1504 3215 πραγματικῶς
1537 3144 1710 3212 δήπου
1738 3142 1877 3193 εἰσὶν
1917 3141 2090 3209 αὐτῷ,
2142 3141 2218 3210 τῷ
2250 3158 2312 3208 γε
2342 3180 2386 3241 C

734 3243 1174 3312 ὁλοσχερεστέρῳ
1203 3239 1312 3291 τῶν
1357 3235 1781 3306 σημαινομένων
1832 3233 1926 3285 τοῦ
1962 3235 2312 3300 πράγματος.

747 3336 811 3387 ’Π
853 3333 955 3403 μὲν
992 3333 1059 3403 δή
1081 3333 1198 3387 ⁴τῶν
1237 3330 1408 3398 δοξῶν
1440 3329 1767 3399 ἀμφοτέρων
1809 3327 2049 3397 διαφορὰ.
2089 3325 2315 3394 τοιαύτη

735 3431 820 3491 τίς
859 3429 1029 3479 ἐστιν.

821 3519 927 3574 Ἐῶ
959 3519 1061 3589 μὲν
1109 3518 1218 3584 γὰρ
1249 3519 1350 3579 τὰς
1382 3515 1548 3577 ἄλλας
1580 3515 1846 3585 διαφοράς
1896 3514 2004 3567 τῶν
2039 3513 2319 3582 ὑϐριστῶν

733 3612 987 3674 ¹ἐκείνων,
1023 3612 1081 3662 ἐν
1133 3604 1223 3671 αἷς
1268 3604 1360 3679 ἦν,
1399 3608 1482 3660 ὅτι
1513 3606 1610 3659 καλ⁵
1658 3607 1719 3657 τὺ
1770 3604 2193 3675 περιαστράψαν
2229 3603 2320 3655 τὸν

739 3708 1010 3776 ἡμέτερον
1037 3705 1320 3772 Δεσπότην
1370 3703 1429 3754 ἐν
1460 3699 1729 3770 Θαϐωρίῳ
1765 3699 1885 3767 φῶς
1927 3698 2136 3766 κτίσμα
2177 3693 2319 3748 εἶναι

739 3800 1003 3864 ἐτίθεντο,
1031 3799 1064 3868 ἢ
1094 3802 1157 3852 ἐκ
1191 3796 1283 3850 τοῦ
1319 3795 1550 3866 ἡλιακοῦ
1585 3796 2065 3865 προσειλημμένον
2118 3791 2318 3860 φωτὸς,

739 3892 909 3962 ἢτότ’
943 3891 1104 3952 εὐθὺς
1149 3891 1246 3959 τῆς
1294 3888 1482 3960 χρείας
1537 3888 1703 3940 ἕνεκα
1755 3885 2160 3955 δημιουργηθέν
2226 3886 2322 3935 καὶ

741 3985 908 4039 πάλιν
939 3985 1367 4052 ἀπογενόμενον.
1403 3977 1504 4034 Ὧν
1551 3983 1781 4048 θάτερον
1814 3979 1915 4049 μὲν
1941 3978 2157 4042 ἀνάξιον
2189 3979 2323 4046 Χρι-

741 4075 870 4130 ατοῦ
935 4076 1029 4129 καὶ
1081 4075 1180 4143 τῆς
1233 4074 1495 4143 ἀληθινῆς
1542 4073 1761 4124 ἐκείνου
1829 4070 2317 4140 θαυματουργίας,

739 4166 970 4233 θάτερον
1003 4164 1060 4218 δὲ
1108 4163 1222 4218 οὔτ’
1273 4164 1598 4230 ἀναγκαῖον,
1636 4162 1728 4214 καὶ
1757 4160 1875 4229 ἃμα
1920 4161 2205 4214 ἀδύνατον⁹
2239 4159 2323 4221 τίς

738 4260 849 4329 γὰρ
903 4259 1120 4326 ἀνάγκη
1167 4257 1528 4327 δημιουργεῖν
1585 4256 1702 4326 φῶς
1759 4256 1986 4320 ὀθνεῖον,
2018 4254 2132 4306 ἀλλ’
2165 4254 2226 4305 οὑ
2264 4253 2324 4303 τὸ

741 4354 947 4406 οἰκεῖον
978 4350 1430 4416 ἀνακαλύπτειν;

809 4445 875 4497 Τί
909 4445 965 4498 δέ
1006 4448 1151 4498 ἐστιν
1187 4445 1218 4513 ή
1253 4443 1403 4511 παρὰ
1439 4443 1541 4510 τῆς
1579 4441 1900 4510 Ἐκκλησίας
1930 4441 2322 4511 κηρυττομένη

1784 364 2161 424 GENNADI]
2210 363 2325 425 ει).
2358 362 2870 421 ΡᾹῚῚΗΑΗΕΠΕ

739 485 836 548 τὴν
865 480 1140 548 ἡμετέραν
1167 480 1414 532 ἐπίνοιαν
1445 479 1586 531 αὑτά
1611 479 2021 547 διακρίνοντας;
2046 479 2182 530 ἀλλὰ
2205 477 2312 545 μὴν
2341 478 2386 534 Α
2412 475 2511 540 ψαι
2570 476 2682 529 τοῖς
2730 475 2964 541 πρόσθεν
3005 471 3210 540 ταύτην
3267 473 3326 524 οὑ
3395 472 3681 540 βλέπουσιν
3718 488 3731 503 ·

3893 351 3994 418 ιγἷο

3770 473 3998 540 ἠδύνατο

2416 564 2473 617 δὲ
2507 565 2682 632 δήπου
2705 567 2770 632 τῇ
2797 562 2992 616 ἐαυτοῦ
3045 565 3209 630 σαρκὶ
3241 563 3309 614 τὰ
3360 562 3589 615 τοιαῦτα
3651 563 3992 631 χαρίζεσθαι,

2414 660 2536 712 ἐπεὶ
2567 657 2658 709 καὶ
2688 656 2848 715 αὑτὸς
2874 652 2942 724 ἦν
2967 657 2994 707 ό
3023 656 3228 722 ταύτην
3249 654 3475 724 ὕστερον
3502 655 3707 722 μέλλων
3731 655 3994 718 δοξάζειν,

2415 753 2512 804 καὶ
2541 751 2620 810 είς
2651 746 2838 812 ἀπαθῆ
2874 748 2970 799 καὶ
3004 747 3312 814 κουφότητα
3339 746 3651 812 μεταποιεῖν
3683 747 3776 796 καὶ
3799 743 3993 795 λεπτό-

2414 856 2551 907 τητα
2586 853 2599 866 ’
2639 837 2751 888 εῖτε
2803 835 2898 887 καὶ
2945 837 3059 897 τοῖς
3116 834 3438 895 ἀποστόλοις
3491 832 3997 886 ἐπισκευασθεισῶν

2414 946 2530 990 πως
2572 930 2768 981 αὐτίκα
2793 928 2900 980 τῶν
2927 928 3102 995 ὄψεων
3133 945 3145 956 ο
3181 925 3304 979 οὗτε
3354 927 3461 993 γὰρ
3493 925 3718 985 ἀπεικὸς
3760 920 3848 994 ῆν,
3902 924 3998 974 καί⁵

2412 1020 2571 1074 τοῦτο
2602 1019 3026 1089 συνεληλυθέναι
3071 1021 3138 1088 τῇ
3204 1020 3364 1087 χρείᾳ
3414 1017 3508 1070 τοῦ
3565 1017 3862 1084 θαύματος,
3904 1016 3999 1068 καὶ

2413 1113 2531 1182 ἅμα
2564 1114 2860 1184 προσῆκον.
2894 1113 3053 1173 Τίνες
3094 1111 3296 1179 ταύτης
3323 1110 3592 1179 ἡγεμόνες
3639 1109 3740 1177 τῆς
3792 1108 3994 1176 δόξηςς

2427 1207 2486 1257 ’0
2512 1206 2760 1271 θεολόγος
2785 1205 3108 1273 Γρηγόριος,
3137 1205 3165 1255 ό
3198 1204 3369 1270 μέγας
3403 1201 3706 1263 Βασίλειος,
3765 1201 3794 1252 ό
3852 1200 4000 1267 Χρυο

2418 1299 2701 1363 σόστομος,
2742 1298 2770 1348 ό
2804 1295 3180 1363 Δαμασκηνὸς,
3215 1296 3306 1345 καὶ
3343 1294 3522 1359 ἐτεροι
3578 1291 3785 1342 πολλοί.

2498 1391 2788 1457 Ἐπάνειμι
2819 1388 2954 1454 πρὸς
2985 1387 3046 1440 τὸ
3098 1385 3194 1438 τοῦ
3247 1384 3526 1452 Θεοδώρου
3585 1384 3683 1435 τοῦ
3741 1380 3996 1451 Γραπτοῦ

2418 1480 2708 1550 ῥησείδιον.
2771 1478 2994 1548 Πρῶτον
3060 1475 3240 1529 ἐπεισί
3293 1492 3388 1542 μοι
3449 1473 3752 1540 θαυμάζειν
3817 1471 3996 1525 αὑτῶν

2414 1572 2512 1639 τὴν
2540 1570 2840 1635 σκαιότητα
2872 1586 2886 1600 ·
2926 1569 3281 1635 δραττόμενοι
3313 1568 3417 1632 γὰρ
3448 1565 3517 1616 τὰ
3548 1564 3640 1616 τοῦ
3695 1562 3997 1632 Θεοδώρου,

2417 1662 2476 1713 οὑ
2504 1659 2902 1730 περισκοποῦσι
2926 1660 3017 1712 τὸν
3052 1659 3228 1724 μέγαν
3262 1656 3566 1720 Βασίλειον,
3601 1655 3657 1716 ὃς
3682 1655 3775 1706 καὶ
3823 1655 3880 1704 ἐν
3921 1652 3999 1718 τῷ

2419 1753 2555 1820 πρὸς
2595 1752 2947 1821 Ἀμφιλόχιον
3007 1750 3150 1817 λόγῳ
3198 1749 3376 1802 τοιάδε
3431 1746 3789 1815 προστίθησιν
3821 1759 3833 1772 ·
3865 1764 3881 1794 ι
3913 1743 4000 1813 Μὴ

2347 1829 2388 1882 Β
2420 1842 2810 1910 ἐρωτάτωσαν,
2837 1843 2885 1892 εἰ
2912 1841 3012 1907 τὴν
3040 1838 3228 1891 οὐσίαν
3251 1837 3473 1906 οἴδαμεν
3503 1836 3598 1890 τοῦ
3634 1834 3769 1888 Θεοῦ
3801 1851 3816 1866 ’
3863 1835 4005 1887 ἀλλά

2420 1932 2865 1999 πυνθανέτωσαν,
2914 1933 2963 1983 εί
2991 1930 3223 2000 φοϐερὸν
3256 1929 3481 1997 οῖδαμεν
3512 1931 3600 1980 τὸν
3652 1927 3809 1990 θεὸν,
3837 1927 3869 1995 ἢ
3923 1926 4002 1979 δί-

2419 2042 2597 2088 καιον,
2632 2023 2664 2087 ἢ
2693 2022 3100 2092 φιλάνθρωπον·
3134 2037 3310 2072 ταυτα
3337 2019 3712 2086 ὁμολογοῦμεν
3776 2016 3999 2070 εἰδέναι.

2422 2115 2485 2168 El
2515 2115 2572 2168 δὲ
2610 2113 2739 2169 ἄλλο
2763 2131 2816 2166 τι
2845 2113 3066 2179 λέγουσι
3116 2112 3215 2178 τὴν
3264 2111 3474 2173 οὐσίαν,
3515 2109 3588 2178 μὴ
3632 2106 4002 2176 παραλογιζέ-

2421 2204 2637 2259 σθωσαν
2659 2207 2805 2274 ήμᾶς
2844 2204 2935 2258 διά
2968 2203 3066 2269 τῆς
3095 2201 3400 2271 ἁπλότητος
3429 2217 3442 2230 ·
3480 2202 3638 2254 αυτ-οἰ
3700 2201 3809 2268 γὰρ
3849 2199 4002 2266 thyo-

2419 2299 2682 2368 λόγησαν,
2719 2297 2848 2351 ἄλλο
2871 2294 2965 2348 καὶ
2997 2293 3128 2348 ἄλλο
3153 2288 3297 2346 εἶναι
3331 2295 3431 2362 τήν
3461 2309 3517 2343 τε
3551 2291 3740 2343 οὑσίαν
3767 2291 3860 2344 καὶ
3893 2289 4004 2341 τῶν

2422 2393 2898 2464 ἀπηριθμημένων
2933 2390 3185 2451 ἕκαστον,
3213 2387 3331 2441 ἀλλ’
3361 2387 3418 2438 αἱ
3449 2387 3548 2454 μὲν
3583 2387 3854 2455 ἐνέργειαι
3883 2401 4007 2435 ποια

2421 2486 2568 2544 κίλαι
2588 2503 2600 2514 ·
2634 2486 2666 2552 ή
2703 2485 2759 2536 δέ
2789 2481 2945 2533 οὑσία
2977 2478 3124 2546 ἁπλῆ
3158 2495 3171 2507 ”
3202 2479 3364 2546 ήμεῖς
3383 2477 3439 2528 δὲ
3478 2478 3542 2528 ἐκ
3573 2475 3683 2528 τῶν
3713 2474 4005 2544 ἐνεργειῶν

2421 2577 2712 2646 γνωρίζειν
2735 2575 2968 2642 λέγομεν
2998 2574 3088 2624 τὸν
3145 2571 3324 2623 Θεόν’
3388 2573 3453 2637 τῇ
3515 2569 3570 2620 δέ
3622 2568 3779 2636 οὑσία
3838 2565 4004 2618 αὑτοῦ

2423 2668 2810 2738 προσεγγίζειν
2843 2667 2941 2734 οὑχ
2965 2663 3402 2732 ὑπιτχνούμεθα,
3435 2663 3500 2714 Αἱ
3536 2662 3635 2726 μὲν
3678 2659 3789 2728 γὰρ
3849 2659 4004 2724 ἐνέρο

2422 2779 2567 2829 γειαι
2601 2759 2767 2811 αὑτοῦ
2795 2757 2928 2823 πρὸς
2956 2759 3100 2824 ἡμᾶς
3144 2755 3570 2808 καταϐαίνουσιν
3598 2769 3610 2780 ·
3640 2753 3672 2820 ή
3739 2747 3793 2802 δὲ
3847 2751 4007 2800 οὐσία

2424 2853 2591 2907 αὑτοῦ
2629 2853 2780 2919 μένει
2817 2851 3136 2916 ἀπρόσιτος.
3181 2867 3198 2900 ι
3251 2848 3417 2916 Ὀρᾷς
3444 2845 3534 2897 τὸν
3601 2845 3771 2915 μέγαν
3845 2840 4009 2892 Βασί-

2423 2946 2567 2999 λειον
2607 2947 2721 3005 πῶς
2754 2945 2964 3011 ἐλέγχει
3021 2943 3145 3003 τοὺς
3193 2940 3546 3006 ’Λνομοίους;

2493 3036 2815 3091 Σκοπείσθω
2850 3036 2906 3088 δὲ
2955 3034 3116 3086 τανῦν
3143 3033 3202 3084 τὸ
3233 3030 3324 3083 τοῦ
3357 3028 3609 3099 Γραπτοῦ
3664 3027 3864 3089 λόγιον,
3911 3023 4004 3076 τοῦ

2423 3132 2681 3198 Μαξίμου
2721 3130 2880 3197 μόνον
2912 3129 3044 3196 ἡμῖν
3074 3127 3382 3193 δεήσειτην
3420 3123 3645 3190 μέθοδον
3687 3118 4004 3188 ὑφηγουμέ-

2421 3236 2510 3270 νου
2537 3221 2632 3285 τῆς
2653 3217 2991 3284 ἐξηγήσεως.
3020 3216 3157 3283 Φησὶ
3178 3214 3360 3264 τοίνυν
3395 3213 3604 3271 ἐκεῖνος
3629 3213 3684 3260 ἐν
3708 3212 3772 3277 τῇ
3806 3209 3881 3268 είς
3908 3207 4007 3274 τῆν

2422 3312 2641 3380 λυχνίαν
2667 3309 2873 3379 θεωρίᾳ
2902 3325 2915 3337 ο
2948 3327 2966 3359 ι
3003 3307 3076 3359 Οὑ
3107 3305 3339 3359 πάντοτε
3393 3306 3488 3357 καὶ
3540 3305 3720 3355 πάντα
3769 3301 3838 3354 τά
3904 3300 4007 3367 τὴν

2424 3405 2594 3471 αὑτὴν
2630 3403 2942 3469 ἐκφώνησιν
2981 3401 3172 3469 ἔχοντα
3205 3397 3328 3449 καθ’
3376 3396 3474 3447 ἕνα
3537 3397 3632 3446 καὶ
3693 3394 3785 3444 τὸν
3845 3390 4007 3443 αὑτὸν

2424 3497 2645 3559 πάντως
2671 3495 2996 3564 νοηθήσεται
3029 3492 3252 3560 τρόπον,
3287 3487 3402 3541 ἀλλ’
3437 3486 3670 3538 ἕκαστον
3702 3483 3810 3536 τῶν
3848 3483 4005 3548 λεγο-

2426 3594 2604 3662 μένων
2629 3590 2767 3656 πρὸς
2803 3588 2899 3656 τὴν
2930 3586 3319 3653 ὑποκειμένην,
3340 3580 3583 3650 δηλονότι
3610 3578 3687 3646 τῷ
3722 3578 3871 3643 τόπῳ
3908 3573 4008 3640 τῆς

2424 3684 2585 3753 ἁγίας
2617 3683 2838 3753 Γραφῆς
2865 3678 3097 3747 δύναμιν
3127 3677 3373 3744 νοητέον,
3415 3675 3463 3725 εί
3499 3672 3788 3742 μέλλοιμεν
3831 3667 4006 3738 ὀρθῶς

2422 3779 2515 3831 τοῦ
2551 3773 2754 3830 σκοποῦ
2776 3774 2884 3826 τῶν
2916 3771 3226 3839 λεγομένων
3283 3764 3809 3835 καταστοχάζεσθαι.
3849 3782 3865 3813 ›
3903 3758 4007 3813 0‘3-

2425 3890 2501 3923 τω
2523 3871 2578 3922 δὲ
2612 3869 2786 3938 δήπου
2812 3870 2905 3920 καὶ
2933 3866 3002 3918 τά
3040 3865 3150 3917 τῶν
3180 3861 3542 3926 διδασκάλων,
3576 3861 3649 3920 ὡς
3690 3860 3784 3910 καὶ
3818 3855 3883 3908 τὰ
3908 3853 4007 3920 τῆς

2423 3963 2585 4030 ἁγίας
2622 3962 2866 4029 Γραφῆς,
2903 3957 3221 4026 ἐξηγεῖσθαι
3245 3959 3326 4009 δεῖ
3353 3956 3573 4026 ῥήματα
3597 3952 3690 4004 καὶ
3743 3949 3880 4018 μετά
3910 3948 4006 4014 τῆς

2424 4057 2592 4124 αὑτῆς
2616 4054 2852 4122 ἑκάτερα
2874 4051 3204 4120 δεξιότητος,
3237 4050 3286 4101 εἰ
3315 4047 3409 4100 καὶ¹
3461 4047 3647 4113 μεῖξον
3697 4046 3810 4105 τοῖς
3871 4058 4009 4110 γρα-

2426 4150 2604 4218 φικοῖς
2634 4145 2801 4206 ,σέϐας
2837 4143 3128 4196 ἀποδοτέον
3186 4143 3357 4194 ἐστίν.
3405 4140 3566 4205 Λέγω
3634 4137 3813 4189 τοίνυν
3869 4134 4009 4187 κατά

2425 4247 2517 4300 τὸν
2545 4245 2701 4312 ἆγιον
2730 4243 2983 4312 Μάξιμον
3013 4225 3073 4293 τὸ
3105 4239 3204 4309 μὲν
3231 4238 3359 4291 ἄλλο
3399 4235 3496 4289 καὶ
3522 4234 3650 4286 ἄλλο
3698 4233 3873 4283 εἰπεῖν
3933 4225 4011 4279 εῖ-

2429 4358 2517 4394 ναι
2541 4339 2657 4390 τόδε
2682 4337 2774 4389 καὶ
2805 4336 2921 4389 τόδε
2948 4352 2962 4366 ο
2999 4333 3094 4387 καλ⁸
3132 4329 3288 4394 αὖθις
3317 4330 3514 4384 ταυτὸν
3533 4323 3673 4381 εἶναι
3699 4327 3815 4377 τόδε
3871 4322 4007 4390 τῷδε

2428 4432 2527 4504 τὴν
2558 4431 2728 4498 αὑτὴν
2757 4427 3067 4497 ἐκφώνησιν
3100 4425 3214 4494 ἔχει
3237 4441 3252 4454 ⁸
3288 4422 3410 4476 οὑτε
3448 4424 3502 4474 δὲ
3532 4423 3714 4473 πᾶσαν
3747 4417 4009 4484 ταυτότη-

739 4539 968 4608 ἀλήθεια
995 4555 1009 4604 ;
1043 4538 1166 4590 ’Ότι
1194 4510 1255 4589 τὸ
1283 4510 1469 4604 θαῦμα
1497 4538 1674 4589 ἐκεῖνο
1704 4535 1954 4606 θεότητος
1984 4510 2326 4602 ἀποκάλυψις
2359 4530 2404 4587 D
2435 4545 2501 4580 τα
2540 4526 2840 4595 νοήσαιμεν
2864 4524 2920 4574 ὲν
2953 4523 3065 4582 τοῖς
3105 4519 3312 4581 αὐτοῖς,
3361 4516 3484 4570 οὔτε
3528 4516 3708 4566 ’πᾶσαν
3744 4510 4009 4579 διαφοράν

737 4629 827 4701 ἦν,
854 4634 918 4700 τῇ
949 4631 1106 4700 χρεία
1132 4630 1228 4682 καὶ
1256 4628 1335 4699 τῷ
1365 4627 1546 4697 καιρῷ
1585 4629 1888 4698 πρόσφορος
1918 4627 2324 4697 τεθαυματουρ-

741 4726 982 4793 γημένη.
1025 4725 1135 4778 Καὶ
1159 4723 1219 4776 τὸ
1257 4724 1373 4791 φῶς
1403 4725 1464 4776 οὑ
1506 4723 1656 4788 ξένον
1696 4721 1806 4775 οὐδ’
1860 4723 2185 4774 ἐπείσακτον
2234 4716 2322 4791 ἦν,

741 4819 858 4870 αλλ’
891 4819 1110 4879 οἰκεῖον,
1140 4817 1235 4869 καὶ
1269 4815 1370 4885 τῆς
1405 4816 1463 4867 ἐν
1531 4815 1756 4885 Χριστῷ
1808 4815 2175 4884 προσωπικῶς
2202 4832 2327 4866 συν-

740 4911 996 4980 ημμένης
1055 4892 1332 4978 θεότητος,
1366 4909 1394 4961 δ
1425 4907 1489 4974 δὴ
1520 4907 1612 4960 τὸν
1637 4908 1737 4977 μὲν
1769 4907 2079 4977 ἔμπροσθεν
2109 4907 2323 4976 χρόνον,

741 5005 839 5065 καὶ
875 5004 1020 5073 μετά
1046 5001 1220 5055 ταῦτα
1258 5000 1420 5054 πάλιν
1455 4999 1769 5063 ἐλάνθανεν,
1810 4999 1915 5052 ὑπὸ
1943 5003 2008 5067 τῇ
2074 5001 2329 5066 στεγανός

738 5115 861 5167 τητι
889 5097 988 5165 τῆς
1024 5095 1248 5165 σαρκὸς,
1279 5095 1356 5157 ὼς
1395 5091 1569 5156 οὕτως
1600 5093 1795 5155 εἰπεῖν,
1852 5093 2284 5160 συνεσταλμένον
2311 5109 2325 5123 ο

738 5192 919 5244 καίτοι
943 5188 1203 5252 καθάπαξ
1228 5187 1478 5258 ἄπειρον,
1515 5187 1608 5238 καὶ
1641 5187 1976 5254 σωματικοῖς
2028 5184 2327 5253 ὀφθαλμοῖς

741 5285 987 5352 φυσικῶς
1035 5283 1269 5351 ἀόρατον
1302 5280 1362 5333 δν
1391 5296 1405 5309 ·
1453 5280 1576 5332 τότε
1625 5279 1681 5331 δὲ
1736 5279 2051 5348 παραδόξως
2108 5279 2196 5331 διὰ.
2232 5277 2327 5330 τοῦ

738 5377 1062 5430 δεσποτικοῦ
1091 5375 1346 5444 διέδραμε
1390 5375 1642 5444 σώματος
1701 5377 1795 5425 καὶ
1855 5371 2176 5442 διήστραψε,
2238 5373 2331 5424 καὶ

738 5471 839 5539 τὴν
861 5467 1072 5522 οἰκείαν
1104 5466 1318 5521 ἔνδοθεν
1358 5465 1668 5535 ἐξέπεμψεν
1727 5466 1943 5534 αἴγλην,
1986 5463 2094 5516 εἴτε
2162 5465 2330 5532 μόνης

740 5563 840 5630 τῆς
873 5561 1037 5628 ἁγίας
1068 5559 1271 5627 σαρκὸς
1292 5559 1508 5628 ἐκείνης
1539 5557 1819 5626 βελτίωσίν
1847 5575 1971 5610 τινα
1994 5557 2332 5620 πεπονθυίας

738 5653 971 5723 τοιούτῳ
1003 5650 1248 5720 θαύματι
1280 5650 1620 5718 πρέπουσαν,
1646 5649 1721 5711 ὠς
1763 5649 1829 5701 ἂν
1853 5649 1906 5700 εί
1954 5665 2035 5709 τις
2067 5647 2201 5716 φαίη
2247 5666 2329 5699 σι-

737 5749 939 5816 δήρεον
1006 5742 1201 5806 σκεῦος
1259 5745 1474 5812 μηχανῇ
1529 5759 1638 5794 τινι
1695 5741 1953 5808 γενέσθαι
2009 5740 2329 5809 παραυτίκα

738 5838 1023 5915 διαφανὲς,
1059 5839 1155 5892 καὶ
1191 5837 1288 5909 τὴν
1328 5836 1474 5891 ἔνδον
1515 5835 1607 5889 τοῦ
1666 5836 1833 5904 πυρὸς
1875 5835 2068 5902 αἴγλην
2118 5834 2328 5898 ἐκπέμ-

2433 4621 2525 4673 ἐπὶ
2556 4620 2663 4671 τῶν
2693 4617 2916 4686 ἐτέρων,
2955 4613 3071 4666 ἀλλ’
3109 4610 3414 4679 ἑκασταχοῦ
3467 4609 3563 4679 τήν
3598 4608 3825 4661 οἰκείαν.
3871 4605 4012 4672 Τρό-

2433 4731 2527 4766 ποι
2558 4713 2612 4765 δὲ
2637 4712 2912 4778 διαφορῶν
2934 4725 2992 4760 τε
3021 4708 3113 4758 καὶ
3148 4699 3474 4775 διακρίσεων
3508 4705 3565 4754 ἐν
3595 4703 3710 4762 τοῖς
3749 4701 4010 4768 πράγμα·

2435 4823 2522 4859 σιν
2549 4807 2649 4857 οὑκ
2677 4803 2870 4870 ὀλίγοι,
2898 4794 2973 4854 ὧν
3005 4798 3136 4851 ἔνιοι
3162 4801 3257 4851 καὶ
3299 4798 3411 4857 τοῖς
3461 4796 3626 4852 θείοις
3673 4789 4009 4857 ἀναλογικῶς

2435 4897 2865 4968 ἐφαρμόζονται.
2907 4890 3183 4950 Ὡσαύτως
3230 4889 3286 4941 δέ
3332 4887 3425 4938 καὶ
3463 4887 3660 4938 ταυτδν
3707 4884 3823 4936 τόδε
3874 4883 4011 4950 τῷδε

2435 4991 2658 5057 λέγεται
2694 4985 3068 5055 πολυτρόπως.
3103 4983 3164 5035 El
3202 4982 3300 5049 μὲν
3328 4979 3420 5031 οὖν
3447 4977 3580 5029 αὑτὸ
3631 4975 3892 5045 πρόθεσις
3944 4970 4013 5042 ῆν

2435 5086 2571 5153 ἡμῖν
2603 5080 2731 5150 περὶ
2763 5078 3091 5149 διακρίσεως
3115 5074 3334 5143 ἁπάσης
3360 5072 3534 5123 εἰπεῖν
3595 5071 3689 5121 καὶ
3739 5069 4011 5131 ἐνώσεως,

2436 5177 2543 5228 ἔδει
2573 5173 2625 5243 γ’
2659 5174 2726 5227 ἂν
2756 5173 2931 5225 πάντα
2965 5170 3163 5223 διελεῖν
3211 5164 3453 5234 ἀκριϐῶς
3482 5180 3494 5193 ·
3531 5161 3625 5214 νῦν
3661 5161 3708 5212 δ’
3737 5158 3858 5211 οὔτε
3886 5157 4014 5209 τοῦ-

2435 5288 2496 5322 το
2527 5265 2950 5338 προτεθειμένον
2985 5265 3139 5333 ἡμῖν,
3181 5261 3276 5314 καὶ
3316 5257 3434 5327 ἅμα
3493 5255 3588 5308 τοῦ
3633 5253 3762 5322 περὶ
3808 5254 4015 5305 τούτων

2439 5360 2702 5430 ἀκριϐοῦς
2729 5360 2886 5423 λόγου
2924 5356 3054 5409 πολὺ
3084 5355 3147 5406 τὸ
3174 5354 3272 5421 τῆς
3309 5351 3591 5419 παρούσης
3623 5347 3813 5415 χρείας
3845 5345 4016 5410 ὑπερ-

2440 5456 2720 5517 ϐαίνοντος
2779 5452 3009 5522 μέτρον,
3071 5445 3279 5516 ἀρκοῦν
3322 5440 3607 5515 ήγούμεθα
3669 5437 3838 5500 δεῖξαι
3889 5433 4018 5494 τοὺς

2452 5549 2858 5608 Ἀκινδυνιστάς
2893 5543 3110 5612 φαύλως
3140 5537 3541 5608 ἐξηγουμένους
3586 5533 3675 5585 τὸν
3730 5531 3901 5596 ᾶγιον.
3939 5527 4015 5578 Οὑ

2441 5647 2551 5713 γὰρ
2582 5643 2657 5705 ὡς
2678 5640 2832 5694 αὑτοὶ
2862 5637 3145 5706 βούλονται
3186 5632 3372 5694 ἁπλῶς
3407 5631 3616 5688 ἐκεῖνος
3656 5623 3906 5677 ἐκϐάλλει
3957 5620 4018 5671 τδ

2441 5739 2540 5798 τὴν
2566 5734 2752 5786 οὐσίαν
2785 5730 2877 5783 καὶ
2901 5729 2998 5797 τὴν
3024 5728 3308 5795 ἐνέργειαν
3328 5721 3423 5776 τοῦ
3449 5717 3583 5772 Θεοῦ
3610 5715 3739 5770 ἄλλο
3761 5710 3898 5766 εἶναι
3925 5709 4021 5763 καὶ

2442 5827 2592 5896 ἄλλο,
2625 5825 2698 5890 ὡς
2728 5823 2792 5880 ἄν
2813 5839 2895 5886 τις
2924 5820 3049 5885 τοὺς
3085 5818 3320 5890 τρόπους
3352 5813 3560 5876 πάντας
3584 5809 3682 5881 τῆς
3702 5805 4023 5876 ἑτερότητος
