4468 6454
705 393 807 453 671

1859 398 1901 454 Ο
1919 395 2247 456 ENNNDH
2281 397 2397 461 (ΖΡ.
2443 397 2964 460 PATRIARCH’E

3888 382 3994 448 6'72

713 510 780 560 ἐκ
813 511 1048 580 Πατρός,
1117 512 1265 578 ὅμως
1326 513 1625 580 πεφηνέναι
1687 517 1901 582 λέγεται
1955 518 2047 570 καὶ
2095 521 2303 586 πέφηνε
2337 534 2377 589 Α
2414 517 2742 582 μεσιτεύειν.
2779 517 2855 570 Οὑ
2885 517 2992 583 γάρ
3027 513 3264 568 συνεῖδον
3294 512 3338 566 ἀ·
3367 510 3599 564 συνιδεῖν
3653 506 3822 578 ἐχρῆν
3867 505 3992 568 τοὺς

711 598 782 650 δι’
812 601 964 663 Υίοῦ,
992 603 1152 672 διχῶς
1174 603 1265 670 ὑφ’
1297 606 1450 672 τίμῆν
1473 611 1766 673 νοουμένου
1819 608 1914 659 τοῦ
1975 609 2300 676 πεφηνέναι,

712 695 808 745 καὶ
835 694 938 746 ὑπὸ
969 695 1079 747 τῶν
1137 697 1422 751 εἰπόντων.
1477 700 1698 766 Πρῶτον
1764 701 1864 767 μὲν
1923 700 2014 752 καὶ
2068 700 2304 768 μάλιστα

713 785 795 838 ὄτι
827 787 1147 855 γνωρίζεται
1182 789 1248 843 δι’
1282 791 1431 856 Υίοῦ,
1469 792 1748 844 τουτέστιν
1793 791 1887 846 τοῦ
1919 793 2046 846 Υίοῦ
2102 809 2304 861 γνωρι-

720 875 938 939 σθέντος
965 879 1096 931 αὑτὸ
1126 881 1451 949 γνωρίζεται
1483 898 1498 914 ⁸
1529 884 1560 950 ή
1615 885 1722 954 γὰρ
1781 885 1976 952 ἰδιότης
2021 883 2112 936 τοῦ
2159 885 2304 937 θείου

717 969 1128 1041 προσιῦπου,ήν
1177 974 1433 1041 ἐμφαίνει
1481 976 1542 1028 τὸ
1586 977 1756 1045 ὄνομα
1807 976 1993 1039 αὑτοῦ,
2042 975 2307 1044 διακρίνει

717 1061 815 1114 ἀπ’
839 1064 998 1117 ἄλλου
1029 1065 1173 1117 θείου
1200 1066 1499 1134 προσώπου
1532 1085 1548 1102 ο
1583 1071 1676 1121 καὶ
1701 1069 2053 1139 διακρίνουσα
2081 1072 2309 1138 φανεροῖ

719 1173 778 1208 τε
810 1157 958 1216 αὑτὸ.
994 1159 1084 1210 καὶ
1117 1161 1177 1211 τδ
1211 1159 1272 1212 οῦ
1305 1161 1642 1230 διακρίνεται
1679 1167 2025 1233 συμφανεροῖ
2073 1169 2138 1234 τῇ
2176 1167 2308 1220 ἐαυ-

717 1250 817 1316 τῆς
845 1252 1112 1322 ἐνεργείᾳ,
1146 1253 1337 1324 ῶσπερ
1361 1258 1465 1308 τινὶ
1497 1257 1637 1326 (ρωτί⁵
1695 1258 1833 1326 πρὸς
1871 1259 1970 1329 τὴν
1998 1260 2054 1325 ἐξ
2095 1261 2308 1314 ἀποκα-

720 1329 936 1408 ὶῗύψεως
966 1344 1097 1411 ἡμῖν
1154 1346 1512 1414 ἐγγινομένην
1579 1349 1689 1400 τῶν
1743 1348 1902 1402 θείων
1957 1351 2309 1404 ὑποστάσεων

720 1435 1076 1505 κατανόησιν,
1110 1438 1170 1489 τὸ
1206 1439 1434 1506 φυσικὸν
1474 1439 1576 1507 τῆς
1610 1441 1768 1509 ἡμῶν
1826 1442 2064 1506 διανοίας
2117 1443 2311 1505 σκότος

724 1527 1081 1596 ἐλλάμπουσά
1106 1549 1163 1584 τε
1202 1533 1290 1584 καὶ
1320 1531 1611 1600 δδηγοῦσα.
1658 1535 1766 1586 Καὶ
1793 1535 1880 1588 διά
1913 1535 2072 1589 τοῦτο
2134 1538 2161 1604 ἡ
2214 1535 2309 1589 τοῦ

725 1620 858 1671 Υίοῦ
903 1620 1226 1689 ὑπόστασις,
1252 1623 1314 1676 ἐκ
1343 1624 1443 1692 τῆς
1463 1624 1557 1676 τοῦ
1615 1626 1898 1694 προσεχῶς
1939 1626 2311 1695 ὀνομάζεσθαι

724 1711 806 1778 τῷ
864 1711 1041 1781 Πατρὶ
1111 1714 1370 1780 ἰδιότητος
1432 1715 1853 1782 ἐπιγνωσθεῖσα,
1918 1715 2312 1784 ἐναργέστερον

726 1805 1065 1873 παρίστησιν
1103 1809 1234 1874 ἡμῖν
1265 1808 1360 1875 τὴν
1386 1808 1479 1860 τοῦ
1509 1809 1828 1878 Πνεύματος
1859 1810 2113 1880 ἰδιότητα,
2215 1809 2308 1862 τοῦ

2412 606 2706 673 μέλλοντας
2740 605 3126 671 διαφυλάττειν
3181 603 3248 656 τά
3302 603 3400 670 τῆς
3466 602 3704 662 πίστεως
3757 600 3994 666 ἀκίνητα

2407 695 2672 765 δόγματα.
2721 697 2778 748 Ὀ
2811 695 2921 766 γὰρ
2948 696 3074 757 Υἱὸς
3103 693 3198 748 τοῦ
3228 685 3361 747 Θεοῦ
3390 695 3482 748 καὶ
3540 693 3602 747 τὸ
3659 691 3883 759 Πνεῦμα
3933 689 3992 740 τδ

2411 789 2472 842 ἐκ
2503 789 2597 842 τοῦ
2628 788 2788 852 Θεοῦ,
2818 791 3007 858 ὥσπερ
3030 789 3189 852 ἀκτίς
3238 807 3322 852 τις
3358 787 3416 851 ἐξ
3454 786 3608 858 ἡλίου
3665 786 3908 851 δίδυμος.
3958 782 3990 851 ἢ

2407 884 2660 954 δίρῤυτος
2705 883 2952 950 ποταμδς
2988 884 3050 936 ἐκ
3116 882 3246 951 μιᾶς
3287 881 3495 950 πηγῆς,
3533 881 3563 950 ἢ
3601 879 3821 947 βὶναστοὶ
3882 877 4000 929 θεό-

2409 991 2566 1042 φυτοι
2603 975 2666 1027 ἐκ
2706 974 2863 1044 ῥίζης
2901 977 3051 1042 μιᾶς,
3090 973 3122 1044 ἢ
3175 973 3267 1026 δύο
3301 974 3436 1040 ἄνθη
3476 973 3567 1026 καὶ
3597 973 3648 1023 εί
3683 974 3735 1022 τί
3785 968 3997 1035 συμδὰ-

2408 1067 2540 1122 λτιτ’
2569 1070 2636 1122 ἂν
2664 1069 2800 1137 πρὸς
2829 1068 2890 1121 τὸ
2918 1068 3086 1132 δεῖξαι
3115 1068 3176 1120 τὸ
3209 1066 3432 1135 Πνεῦμα
3480 1066 3573 1118 καὶ
3599 1066 3689 1118 τον
3721 1064 3846 1116 Υίδν
3875 1077 3997 1112 συν-

2410 1160 2699 1228 ανίσχοντα
2727 1162 2820 1213 καὶ
2847 1164 2913 1227 τῇ
2946 1162 3245 1229 ἀποϐλέψει
3275 1164 3376 1230 τῆς
3405 1161 3595 1228 κοινῆς
3627 1160 3806 1222 αἰτίας
3843 1159 3899 1220 ἐξ
3929 1149 3995 1226 ἦς

2412 1253 2793 1320 συνανίσχουσι
2820 1255 2889 1308 τὰ
2917 1253 3166 1321 δεύτερα,
3201 1254 3437 1324 φέροντα
3464 1252 3536 1316 ὡς
3563 1251 3782 1305 αἰτιατά
3812 1252 3996 1314 μόνον,

2411 1345 2470 1398 οὑ
2497 1345 2618 1398 κατ’
2648 1345 2778 1398 ἄλλο
2800 1363 2855 1398 τι
2887 1346 2995 1399 τῶν
3048 1348 3268 1400 πάντων
3320 1346 3497 1410 οὐδὲν,
3552 1343 3726 1406 οὑτως
3783 1346 3846 1396 ἐκ
3900 1342 3995 1394 τοῦ

2411 1433 2549 1487 Θεοῦ
2603 1435 2699 1488 καὶ
2755 1436 2972 1506 Πατρδς
3028 1437 3280 1504 προῖέναι
3333 1435 3609 1496 νοοῦντας.
3685 1433 3826 1487 Ἀλλ’
3887 1432 4001 1485 οὗθ’

2413 1524 2683 1595 ὑπουργεῖ
2715 1527 2845 1596 ἡμῖν
2875 1530 2906 1598 ἡ
2946 1529 3129 1598 νόησις
3183 1530 3279 1581 καὶ
3309 1530 3336 1582 6
3371 1528 3550 1594 λόγος,
3615 1525 3999 1595 μεταϐατικῶς

2411 1620 2701 1690 ἀμφότερα
2727 1621 3057 1688 ἐνεργοῦντα
3088 1621 3305 1690 σὺναμα
3346 1624 3530 1675 ἐκεῖνα
3587 1621 3730 1673 νοεῖν
3781 1635 3841 1671 τε
3899 1616 3997 1670 καὶ

2411 1713 2613 1778 λέγειν,
2666 1711 2785 1766 οὑδὲ
2814 1715 2871 1766 ἐν
2900 1714 3049 1784 αὑτῷ
3074 1713 3134 1766 τὸ
3158 1715 3299 1767 νοεῖν
3331 1714 3423 1767 καὶ
3454 1715 3634 1782 λέγειν
3663 1713 3742 1766 ὅτι
3779 1711 3909 1764 σύνα
3922 1728 3997 1777 μα

2412 1803 2692 1872 δυνάμεθα
2731 1803 2807 1875 μὴ
2839 1807 2934 1858 καὶ
2962 1805 3190 1875 θάτερον
3219 1805 3454 1874 θατέρου
3495 1808 3752 1875 προνοεῖν
3780 1822 3836 1858 τε
3903 1803 4001 1855 καὶ

732 1895 1055 1963 μονογενοῦς
1086 1898 1214 1950 Υἱοῦ
1243 1900 1582 1966 διακέκριται
1608 1917 1622 1933 ·
1653 1901 1729 1959 ὡς
1757 1898 1850 1956 οῦν
1877 1903 1977 1970 τῆς
2032 1901 2128 1954 τοῦ
2179 1900 2308 1955 Υίοῦ
2345 1887 2385 1942 Β
2417 1896 2807 1966 προεκφέρειν,
2865 1898 3009 1950 δυοῖν
3068 1896 3240 1951 ὄντων
3300 1899 3443 1953 κατά
3486 1897 3588 1961 τὰς
3623 1897 3952 1959 ὑποστάσεις
3983 1912 3998 1926 ·

729 1990 1084 2058 προεπινοίας
1105 2008 1164 2043 τε
1208 1993 1303 2044 καὶ
1331 1996 1677 2063 προεκφορᾶς
1709 1992 1766 2046 ἐν
1790 1994 1865 2063 τῷ
1893 1993 2038 2063 λόγῳ
2069 1993 2312 2062 φανερὼο

725 2098 890 2152 τερον
919 2084 1050 2152 ἡμῖν
1089 2084 1450 2154 ἀποδιδούσης
1493 2085 1586 2138 τὸν
1643 2088 1772 2155 περὶ
1833 2086 1927 2140 τοῦ
1993 2087 2313 2156 Πνεύματος

727 2175 910 2241 λόγον,
942 2177 1060 2228 κατ’
1123 2176 1254 2230 αὑτὸ
1301 2178 1429 2246 γοῦν
1477 2179 1538 2231 τὸ
1607 2179 1969 2246 γινώσκεσθαι
2026 2182 2160 2250 ἡμῖν
2217 2180 2314 2232 καὶ

731 2268 1092 2322 πιστεύεσθαι
1122 2269 1277 2322 ἄλλον
1305 2270 1427 2322 τινὰ
1491 2271 1712 2341 τρόπον,
1757 2271 1852 2325 καὶ
1915 2271 1976 2325 οὑ
2038 2272 2315 2344 γεννητῶς

728 2362 974 2431 προῖέναι
999 2362 1156 2415 τοῦτο
1181 2365 1244 2416 ἐκ
1277 2362 1370 2416 τοῦ
1403 2364 1613 2434 Πατρδς
1646 2365 1900 2434 ἀρρήτως
1933 2365 2028 2418 καὶ
2088 2366 2314 2436 ἀνενοή-

729 2472 860 2520 τως,
891 2457 986 2509 καὶ
1003 2454 1148 2509 οὕτω
1170 2455 1265 2510 τοῦ
1295 2457 1498 2528 τρόπου
1530 2457 1631 2525 τῆς
1653 2457 1816 2511 αὑτοῦ
1848 2458 2077 2526 προόδου
2104 2458 2313 2528 φυλατ-

726 2551 958 2621 τομένου
989 2567 1003 2583 ο
1041 2552 1116 2614 ὡς
1143 2553 1318 2605 τοίνυν
1347 2551 1435 2605 διὰ
1465 2553 1635 2606 ταῦτα
1668 2551 1760 2606 τοῦ
1815 2553 2131 2625 Πνεύματος
2181 2555 2315 2624 ἡμῖν

737 2645 878 2711 μετά
909 2644 1001 2697 τὸν
1041 2645 1168 2698 Υἰὸν
1201 2644 1403 2714 μᾶλλον
1448 2643 1854 2715 γνωριζομένου
1893 2663 1952 2699 τε
2003 2650 2097 2698 καὶ
2143 2662 2312 2698 κατα-

730 2737 1172 2807 λαμϐανομένου,
1201 2735 1269 2790 δι’
1302 2736 1361 2789 οῦ
1415 2736 1712 2804 πεφηνέναι
1767 2737 1828 2789 τὸ
1867 2737 2092 2806 Πνεῦμα
2138 2737 2313 2797 καλῶς

728 2831 968 2899 λέγεται.
1004 2831 1212 2893 Ἀλλως
1239 2830 1295 2882 δέ
1327 2831 1422 2882 σὺν
1453 2829 1528 2898 τῷ
1561 2830 1676 2900 Υἱῷ
1719 2849 1776 2883 τε
1805 2834 1918 2883 ἐστι
1955 2833 2046 2884 καὶ
2085 2833 2181 2884 σὺν
2215 2831 2315 2885 αὑ-

727 2924 807 2990 τῷ
846 2924 1095 2992 πρόεισιν
1129 2926 1191 2976 ἐκ
1226 2925 1459 2992 Πατρδς,
1503 2924 1692 2994 ὥσπερ
1722 2927 1749 2977 6
1780 2925 1908 2986 Υἱὸς
1958 2927 2218 2993 γεννᾶται
2255 2925 2316 2977 ἐκ

727 3014 823 3068 τοῦ
857 3015 1093 3083 Πατρὸς,
1129 3013 1304 3078 οὑτως
1333 3014 1463 3068 αὑτὸ
1500 3016 1564 3067 ἐκ
1594 3015 1685 3068 τοῦ
1743 3016 1952 3085 Πατρὸς
2017 3016 2317 3085 προϐαλλό-

733 3125 917 3177 μενον.

1345 3201 1597 3254 ΚΕΦᾹΛ.
1638 3203 1709 3254 Δ’.

733 3322 854 3373 Ὅτι
880 3322 916 3387 ὴ
959 3319 1066 3372 τοῦ
1105 3317 1239 3371 Υῑοῦ
1266 3318 1540 3383 μεσιτεία
1567 3317 1679 3387 οὐκ
1711 3315 2026 3387 ἀναγκάζὶν
2085 3317 2179 3369 κη)
2202 3318 2319 3387 ⁸τὴν

811 3384 950 3443 ΥΙὸῆν
971 3391 1171 3457 ἀρχὴν
1201 3389 1294 3439 καὶ
1320 3387 1617 3452 προϐολέα
1645 3386 1680 3453 ἢ
1717 3386 2139 3453 προϐάλλοντα
2167 3384 2317 3440 εἶναι

799 3465 950 3528 πρὸς
977 3463 1041 3513 τὸ
1078 3458 1320 3526 Πνεῦμα
1351 3458 1415 3510 τὸ
1435 3457 1636 3524 ἅγιον.

817 3572 880 3622 'H
909 3571 964 3623 δέ
991 3570 1083 3622 τοῦ
1124 3568 1254 3621 Υίοῦ
1294 3569 1567 3638 μεσιτεία,
1620 3569 1762 3621 οὓτω
1795 3569 1902 3636 γὰρ
1939 3569 2100 3621 αὐτὸν
2135 3570 2323 3638 ὁμολο-

737 3665 945 3732 γοῦμεν
965 3664 1021 3714 ἐν
1057 3662 1135 3729 τῷ
1169 3660 1296 3730 θείῳ
1337 3660 1571 3729 λουτρῷ,
1635 3663 1727 3712 καὶ
1782 3662 1858 3723 είς
1919 3661 2018 3727 τὴν
2068 3662 2322 3728 τοιαύτην

733 3760 844 3812 τῶν
873 3758 1032 3811 θείων
1076 3757 1360 3822 ὀνομάτων
1397 3755 1810 3822 βεδαπτίσμεθα
1846 3757 2118 3820 σύνταξιν,
2161 3758 2322 3808 αὑτὶν

737 3851 836 3918 μὲν
864 3849 1124 3918 μονογενῆ
1184 3847 1441 3912 δείκνυσι,
1476 3848 1533 3897 τῦ
1571 3847 1625 3897 δέ
1662 3845 1881 3915 Πνεῦμα
1937 3847 2035 3914 τῆς
2090 3849 2322 3916 φυσικῆς

733 3944 874 4012 πρὶς
901 3940 990 3993 τὸν
1027 3939 1243 4008 Πατέρα
1277 3938 1536 4007 σχέσεως,
1565 3940 1811 3991 τουτέστι
1832 3940 1930 4007 τῆς
1958 3940 2165 4007 ἀμέσου
2186 3939 2322 4006 πρὸς

733 4039 832 4106 τὴν
859 4036 1034 4088 αἰτίαν
1051 4034 1328 4100 ἀναφορᾶς
1357 4032 1456 4085 οἰκ
1490 4032 1760 4101 ἀπείργει.
1796 4033 1869 4084 Οὑ
1922 4033 2028 4100 γάρ
2083 4035 2320 4101 εἴρηται,

735 4127 858 4181 οῦτε
883 4126 1102 4179 δύναται
1136 4125 1392 4190 λέγεσθαι
1423 4127 1485 4178 ὲκ
1538 4125 1629 4177 τοῦ
1688 4125 1817 4176 Υίοῧ
1877 4126 2159 4194 προσεχῶς
2201 4129 2321 4194 0'1"“

740 4220 931 4272 οτάναι
960 4220 1018 4271 τὸ
1062 4217 1328 4292 Πνεῦμα,
1364 4219 1556 4286 ὥσπερ
1609 4219 1655 4270 οί
1705 4219 1969 4287 alga-med:
2011 4219 2322 4286 νομίζοντες

736 4312 1040 4382 ετργεσθαι,
1072 4313 1252 4380 τρίτον
1290 4311 1590 4380 ὲφλυάρουν
1620 4307 1759 4363 εἶναι
1793 4314 1858 4380 τῇ
1904 4313 2063 4380 φύσει
2115 4313 2206 4364 καὶ
2255 4316 2319 4383 τῇ

737 4408 883 4476 ἀξίᾳ,
931 4406 1109 4458 καῖὲκ
1140 4403 1232 4455 τοῦ
1269 4403 1397 4455 Υίοῦ
1433 4405 1705 4472 προῆχθαι
1752 4407 1846 4456 καὶ
1910 4407 2323 4475 δημιουργικῶς

737 4499 796 4549 τὸ
824 4497 964 4548 κατὰ
1001 4496 1169 4564 μόνην
1197 4495 1304 4546 τῶν
1361 4494 1643 4562 ὀνομάτων
1691 4494 1787 4562 τὴν
1841 4494 2093 4560 σύνταξιν
2139 4497 2322 4565 τρίτον

2413 1992 2526 2046 οὒτ’
2562 1994 2802 2064 ἐγχωρεῖ
2832 1994 2894 2046 τὸ
2915 1990 3144 2063 Πνεῦμα
3199 1993 3570 2065 προτετάχθαι
3629 1990 3723 2046 τοῦ
3767 1990 3900 2045 Υίοῦ
3945 1991 4003 2041 ἐν

2412 2087 2489 2157 τῷ
2513 2088 2611 2156 τῆς
2637 2087 3073 2158 ἀπαριθμήσεως
3105 2087 3213 2139 τῶν
3245 2085 3409 2141 θείων
3461 2083 3772 2154 προσώπων
3801 2080 4000 2152 εῖρμῷ.

2426 2178 2662 2233 Ἐνοεῖτο
2679 2180 2788 2249 γάρ
2816 2179 2881 2232 ἀν
2901 2176 3041 2232 εἶναι
3071 2179 3279 2248 Πατὴρ,
3305 2179 3401 2232 καὶ
3424 2181 3452 2232 6
3485 2177 3612 2239 Υἱὸς
3644 2177 3745 2229 οὑκ
3786 2175 3853 2229 ἂν
3907 2190 4001 2243 μου

2414 2275 2642 2345 νογενὴς
2700 2275 3037 2340 ἐπιστεύετο,
3062 2273 3343 2327 τουτέστιν
3374 2273 3439 2326 ἐκ
3496 2271 3660 2343 μόνου
3693 2287 3752 2324 τε
3779 2270 3873 2324 καὶ
3909 2267 4006 2338 μό-

2416 2384 2508 2431 νος
2547 2369 2971 2436 γεγεννημένος,
3023 2367 3120 2421 καὶ
3169 2367 3202 2434 ἡ
3239 2365 3382 2419 οὑτω
3441 2363 3898 2434 καινοτομηθεῖσα
3937 2359 4003 2413 ἂν

2419 2461 2668 2532 μεσιτεία
2691 2460 2785 2514 τοῦ
2813 2459 3128 2529 Πνεύματος
3160 2461 3240 2522 εἰς
3278 2458 3502 2529 μείζονα
3554 2456 3623 2510 ἂν
3678 2454 4000 2522 ἀπεπλάνη-

2418 2571 2512 2607 σεν
2536 2554 2787 2617 ἀτοπίαν,
2816 2553 2930 2621 εῐγε
2961 2553 2994 2621 ὴ
3033 2552 3240 2622 ἀληθὴς
3267 2551 3359 2603 τοῦ
3391 2549 3528 2604 Θεοῦ
3559 2547 3806 2618 μεσιτεία
3831 2548 4007 2616 πρόσ-

2417 2664 2609 2716 κομμα
2663 2649 2778 2703 τοῖς
2810 2649 2882 2716 μὴ
2915 2645 3096 2705 καλῶς
3119 2643 3332 2696 νοοῦσιν
3371 2644 3585 2710 ἐγένετό
3634 2659 3713 2704 τε,
3771 2642 3860 2693 καὶ
3913 2639 4007 2690 νῦν

2421 2736 2501 2789 ἐτι
2529 2738 2730 2804 τρόπον
2761 2737 2948 2800 ἕτερον
2978 2735 3207 2802 γίνεται.
3247 2736 3560 2786 Κάντεῦηὲν
3588 2736 3705 2785 ἐστι
3749 2733 3808 2784 τὸ
3871 2733 4007 2800 μήτε

2419 2828 2672 2895 λέγεσθαι
2703 2829 2794 2879 τὸν
2821 2828 2952 2879 Υίδν
2985 2828 3080 2880 τοῦ
3141 2828 3482 2895 Πνεύματος,
3542 2827 3616 2888 ὡς
3668 2826 3727 2877 τὸ
3782 2827 4006 2890 Πνεῦμα

2420 2921 2646 2988 λέγεται
2675 2921 2766 2974 τοῦ
2797 2921 2954 2983 Υἰοῦ,
2992 2923 3130 2990 μήτε
3162 2924 3253 2972 τὸν
3287 2921 3416 2973 Υἰὸν
3446 2920 3532 2973 διὰ
3564 2919 3658 2990 τοῦ
3689 2919 4009 2986 Πνεύματος

2421 3016 2669 3083 προϊέναι
2694 3015 2969 3079 λέγεσθαι,
3003 3013 3126 3066 οὔτε
3159 3012 3365 3078 ἀῖδίως,
3399 3013 3579 3064 καίτοι
3625 3027 3686 3076 γε
3733 3013 3790 3062 ἐν
3847 3011 4008 3075 ἀλλή-

2421 3109 2530 3168 λοις
2561 3108 2701 3159 εἰσίν
2736 3123 2753 3138 ο
2784 3106 2913 3159 ὥστ’
2940 3108 3041 3159 οὑκ
3071 3106 3135 3159 ἂν
3177 3105 3381 3158 ἐκώλυε
3418 3105 3510 3157 καὶ
3547 3103 3611 3154 δι’
3647 3103 3890 3171 αλλήλων
3922 3101 4016 3153 λέ-

2422 3218 2541 3268 γειν
2570 3200 2766 3263 ταῦτα,
2793 3199 2986 3264 ἐφόσον
3018 3198 3226 3266 υἰότητι
3282 3199 3444 3266 μόνον
3475 3197 3639 3249 αὑτοῦ
3697 3196 4007 3264 διακρίνον-

2423 3311 2511 3344 ται
2546 3295 2641 3346 καὶ
2666 3295 2942 3362 γεννήσει,
2976 3291 3141 3345 αὑτοῦ
3193 3308 3256 3357 γε
3328 3291 3480 3352 ὄντος
3531 3290 3863 3358 ἐκπορευτοῦ
3916 3290 4008 3340 καὶ

2427 3385 2768 3454 Πνεύματος,
2803 3384 2918 3437 ἀλλ’
2955 3383 3104 3436 οῦτοι
3133 3401 3196 3450 γε
3233 3383 3310 3451 τῷ
3371 3382 3528 3449 αἰτίῳ
3597 3383 3690 3433 καὶ
3750 3382 4007 3448 θεογόνῳ,

2425 3476 2549 3530 οὔτε
2582 3478 2871 3546 χρονικῶς,
2902 3477 3081 3529 καίτοι
3117 3477 3372 3545 ἐπέμφθη
3406 3478 3434 3528 6
3462 3477 3592 3537 Υἱὸς
3625 3475 3716 3527 τοῦ
3743 3475 3876 3526 Θεοῦ
3910 3491 4013 3525 πα-

2429 3573 2495 3640 ρὰ
2522 3573 2614 3624 τοῦ
2645 3573 2854 3639 Πατρὸς
2890 3571 3107 3623 καὶτοῦ
3175 3570 3492 3636 Πνεύματος
3528 3585 3544 3599 ο
3611 3569 3749 3620 ὥστε
3805 3569 3898 3619 καὶ
3947 3570 4012 3620 ἐκ

2427 3666 2638 3733 Πατρδς
2669 3665 2755 3717 διὰ
2783 3664 3102 3731 Πνεύματος
3135 3661 3290 3716 εἶπεν
3313 3665 3378 3716 ἄν
3407 3682 3490 3725 τις
3544 3663 3704 3714 αὑτίν
3760 3662 4018 3730 πεμφθῆ-

2427 3758 2780 3811 ναιοίκείως.
2823 3757 2980 3810 Ἀλλὰ
3008 3759 3096 3810 διὰ
3129 3758 3196 3809 τὰ
3253 3757 3519 3826 εἰρημένα
3552 3755 3644 3807 καὶ
3706 3758 3848 3823 φυγῇ
3907 3755 4018 3806 τῶν

2428 3851 2678 3903 ἐντεῦθεν
2708 3851 2772 3901 ἂν
2829 3850 3313 3918 ἀκολουθησάντων
3369 3850 3586 3901 ἀτόπων
3658 3847 3719 3900 οὑ
3775 3847 4014 3912 λέγεται,

2429 3939 2561 3993 ἀλλὰ
2590 3939 2668 4010 τῷ
2696 3939 2785 3991 τὸν
2815 3939 2942 3991 Υἱδν
2974 3939 3409 4009 προθεωρεῖσθαι
3443 3940 3535 3991 καὶ
3574 3938 4014 4008 προεκφέρεσθαί

2428 4051 2491 4100 γε
2519 4033 2612 4086 τοῦ
2649 4032 2984 4101 Πνεύματος,
3015 4033 3157 4084 αἵτε
3213 4033 3474 4100 ἰδιότητες
3506 4033 3598 4083 καὶ
3663 4030 3823 4084 πάνθ’
3879 4032 4016 4099 ὁμοῦ

2431 4124 2698 4188 σώζονται
2724 4125 2789 4175 τὰ
2822 4123 2918 4191 τῆς
2947 4123 3187 4185 πίστεως
3252 4121 3485 4187 ἀκίνητα
3539 4121 3807 4188 δόγματα.
3873 4121 4017 4185 Προ-

2428 4217 2717 4284 θεωρεῖται
2751 4215 2857 4284 γὰρ
2891 4215 2983 4266 τοῦ
3036 4213 3355 4283 Πνεύματος
3406 4214 3433 4264 6
3484 4214 3613 4276 Υἱὸς
3668 4215 3727 4265 οὗ
3792 4214 3856 4281 τῇ
3911 4212 4018 4282 ὁδῷ

2426 4305 2523 4358 τοῦ
2549 4307 2705 4374 λόγου
2736 4306 2836 4375 τῆς
2877 4307 3114 4373 φύσεως,
3153 4305 3288 4357 ἀλλὰ
3317 4307 3383 4374 τῇ
3419 4303 3524 4372 ὁδῷ
3554 4304 3648 4355 τοῦ
3681 4303 3779 4371 τῆς
3834 4303 4018 4363 αἰτίας

2427 4400 2612 4466 λόγου,
2647 4398 2704 4459 ὃς
2734 4402 2831 4459 τὰς
2866 4398 3013 4460 θείας
3047 4397 3375 4459 ὑποστάσεις
3402 4397 3669 4465 διέκρινεν
3696 4397 3754 4447 ἐν
3782 4398 3847 4466 τῇ
3880 4397 4016 4465 αὑτῇ

2427 4493 2527 4561 τῆς
2563 4491 2752 4552 οὐσίας
2786 4491 3023 4559 ὲνότητι.

739 4588 868 4656 παρ’
899 4588 1028 4656 ἡμῖν
1075 4585 1462 4652 ἐκφερόμενοι,
1495 4584 1585 4636 καὶ
1611 4583 1752 4635 κατά
1781 4583 1879 4654 τὴν
1908 4586 2015 4636 τῶν
2044 4586 2322 4655 ὀνομάτων
2358 4593 2400 4646 ι)
2500 4585 2657 4650 Λέγω
2702 4581 2756 4633 δὲ
2783 4581 2899 4633 ὁδον
2931 4580 3024 4631 τοῦ
3057 4579 3153 4648 τῆς
3187 4579 3366 4642 αἰτίας
3399 4579 3560 4647 λόγου
3590 4579 3648 4631 τό
3674 4596 3730 4630 τε
3765 4579 4020 4643 ἀναιτίως

739 4677 1062 4732 ἀκολουθίαν
1097 4676 1263 4728 ἕνεκα
1292 4692 1353 4744 γε
1390 4675 1485 4726 τοῦ
1521 4674 1595 4743 μὴ
1629 4676 1948 4744 συγχεῖσθαι
1983 4679 2081 4738 τὰς
2134 4678 2328 4746 ἰδιότη-

738 4790 859 4836 τας,
894 4772 1077 4841 τρίτον
1111 4769 1272 4835 εἶναι,
1309 4770 1402 4822 καὶ
1434 4769 1544 4821 τῶν
1579 4769 1806 4838 βαθμῶν
1833 4770 1936 4838 τῆς
1988 4773 2224 4838 φύσεως,
2289 4775 2321 4842 ἢ

739 4868 838 4934 τῆς
867 4865 1023 4929 ἀξίας
1052 4862 1462 4925 πιστεύσαντες,
1503 4862 1694 4932 ῶσπερ
1730 4864 1879 4932 μέσῳ
1909 4867 2013 4915 τινὶ
2076 4865 2153 4933 τῷ
2214 4865 2328 4935 Υίῷ

738 4955 1134 5024 διειργόμενον,
1165 4955 1259 5006 καὶ
1288 4953 1376 5006 διὰ
1404 4953 1563 5006 τοῦτο
1592 4954 1875 5022 προτεχῶς
1930 4954 1987 5006 ὃν
2011 4956 2069 5018 ἐξ
2126 4955 2291 5008 αὑτοῦ
2314 4974 2326 4987 ο

742 5049 774 5110 ἢ
815 5046 934 5099 κατ’
969 5046 1168 5108 ἐνίους,
1205 5049 1299 5098 καὶ
1328 5047 1387 5113 ἐξ
1430 5045 1597 5098 αὑτοῦ
1636 5048 1822 5114 μόνου,
1854 5048 1953 5115 τῆς
1990 5052 2332 5120 προακτικῆς

744 5140 775 5206 ἢ
807 5138 1100 5207 ποιητικῆς
1131 5136 1418 5205 δυνάμεως
1517 5137 1582 5188 ἂν
1611 5137 1915 5206 προαχθείη
1980 5140 2040 5188 τὸ
2104 5138 2330 5206 Πνεῦμα

740 5235 820 5292 εἰς
853 5230 942 5283 τὸν
971 5229 1101 5280 Υἱδν
1125 5227 1458 5294 κενωθείσης
1489 5227 1711 5297 ἀπάσης
1740 5231 1834 5281 καὶ
1867 5227 2240 5298 ἁναλωθείσης
2268 5233 2332 5281 ἐκ

742 5323 837 5378 τοῦ
869 5323 1103 5393 Πατρός.
1135 5321 1291 5374 Οὑτω
1324 5323 1430 5391 γὰρ
1473 5322 1777 5392 ίφλυὰρουν
1819 5324 2039 5392 παχέως
2071 5322 2169 5390 τὴν
2235 5322 2332 5375 τοῦ

743 5417 874 5470 Υἰοῦ
906 5416 1209 5485 μεσιτείαν,
1241 5419 1336 5470 καλ⁸
1357 5414 1447 5492 τὴ-
1485 5414 1580 5469 τοῦ
1618 5416 1936 5484 Πνεύματος
1978 5416 2171 5484 τρίτην
2197 5433 2332 5468 κατ-

743 5508 1186 5576 ο·.ομασίαν,οὑχ
1240 5501 1466 5578 ἦττονῆ
1519 5508 1842 5576 κακούργως
1895 5509 2209 5579 νοήσαντες,
2259 5510 2335 5571 ὡς

745 5603 984 5656 ἐπὶτῶν
1018 5604 1124 5654 ἀπό
1175 5617 1322 5664 τινος
1380 5601 1577 5670 τρίτων
1626 5603 2121 5669 κατατεταγμένων
2174 5602 2250 5671 τῷ
2302 5604 2334 5672 ἢ

746 5698 1077 5767 διαστήματι
1112 5697 1327 5765 χρόνου,
1361 5694 1393 5765 ἢ
1430 5695 1764 5764 διαστήματι
1803 5697 1995 5754 τόπου.
2030 5697 2061 5763 ἢ
2115 5697 2335 5766 διαδοχῇ

746 5791 848 5858 τῆς
877 5791 1207 5858 γεννήσεως,
1236 5788 1269 5858 ἢ
1307 5788 1730 5857 δραστηριότητι
1763 5789 2070 5856 δυνάμεως,
2106 5791 2138 5858 ἢ
2169 5790 2334 5854 ἀξιώ-

755 5898 924 5954 ματος
955 5880 1246 5954 μεγαλείῳ,
1279 5880 1313 5950 ἢ
1340 5880 1568 5951 τοιούτῳ
1591 5882 1698 5934 τινὶ
1729 5883 1788 5934 ἐν
1853 5883 2036 5952 σφίσιν
2097 5883 2226 5937 ἄλλο
2284 5901 2336 5936 τι

2430 4674 2569 4728 εἶναι
2599 4677 2694 4728 καὶ
2725 4675 2782 4726 τὸ
2811 4673 3097 4736 αἰτιατῶς,
3127 4674 3222 4725 καὶ
3251 4675 3311 4724 τὸ
3342 4673 3437 4725 ὡδί
3465 4691 3581 4735 πως
3609 4671 3890 4738 αἰτιατῶς,
3925 4676 4018 4726 καὶ

2431 4768 2529 4819 ὅσα
2581 4767 2679 4834 τῆς
2727 4767 2822 4818 τοῦ
2869 4766 3042 4817 αἰτίου
3110 4766 3480 4834 παρωνυμίας
3530 4767 3659 4818 είσί.
3695 4767 3883 4818 Ταῦτα
3914 4771 4018 4835 γὰρ

2433 4861 2612 4913 πάντα
2643 4858 2736 4912 τοῦ
2774 4860 2935 4926 λόγου
2966 4860 3066 4928 τῆς
3118 4864 3331 4926 φύσεως
3362 4859 3744 4930 αποδιῄρηται.
3777 4861 3913 4914 Οὔτε
3947 4863 4015 4923 ὡς

2433 4953 2626 5018 αἴτιος,
2661 4953 2798 5004 ἁλλά
2843 4953 3048 5020 μᾶλλον
3077 4952 3151 5015 ὡς
3185 4952 3282 5004 ὼδί
3319 4970 3436 5016 πως
3470 4956 3710 5016 αἰτιατδς
3735 4995 3749 5015 ,
3786 4955 3860 5017 ὡς
3896 4957 4021 5018 Υἱὸς

2435 5044 2659 5114 δηλαδὴ,
2701 5044 2892 5114 διότιή
2929 5045 3024 5097 τοῦ
3087 5043 3217 5098 Υίοῦ
3255 5047 3599 5116 προσηγορία
3649 5048 3743 5098 καὶ
3778 5048 3871 5099 τοῦ
3912 5050 4020 5100 Πα-

2435 5137 2562 5205 τρὸς
2583 5137 2739 5189 οὐδὲν
2770 5137 3057 5205 προσίεται
3106 5138 3270 5205 μέσον
3319 5138 3404 5190 διὰ
3437 5140 3504 5190 τὰ
3535 5139 3824 5207 εἰρημένα.
3881 5139 3937 5192 Ὀ
3967 5140 4024 5192 δὲ

2437 5229 2626 5297 Πατὴρ
2665 5229 2760 5281 τοῦ
2793 5228 2925 5281 Υίοῦ
2963 5233 3370 5301 προεπινοεῖται
3405 5231 3485 5300 τῷ
3528 5231 3630 5298 τῆς
3670 5232 3850 5295 αίτίας
3882 5233 4024 5302 λόγῳ

2438 5323 2513 5384 ὡς
2543 5322 2734 5387 αἴτιος,
2771 5325 2852 5375 ὅτι
2896 5323 2954 5388 ἐξ
2992 5324 3159 5376 αὑτοῦ
3217 5324 3276 5377 τὸ
3311 5321 3452 5376 εἶναι
3485 5328 3511 5377 6
3547 5326 3674 5389 Υἱὸς
3714 5328 3849 5396 ἔχει.
3899 5330 4022 5378 Ὠσο

2441 5415 2620 5478 αὑτως
2644 5416 2698 5468 δέ
2726 5419 2820 5470 καὶ
2849 5417 2944 5469 τοῦ
2984 5417 3320 5486 Πνεύματος,
3356 5418 3433 5486 τῷ
3461 5420 3631 5482 αῖτιος
3675 5420 3839 5472 αὑτοῦ
3885 5419 4024 5474 εἶναι

2443 5509 2470 5559 6
2515 5509 2702 5579 Πατὴρ
2736 5509 2809 5570 ὡς
2843 5510 3169 5580 προϐάλλων
3213 5505 3685 5582 προτεθειτῳηταιζ
3737 5515 3880 5566 ’Λλλ’
3909 5516 3935 5568 6
3962 5533 4023 5581 γε

2446 5601 2570 5660 Υἱὸς
2603 5606 3011 5670 προεπινοεῖται
3061 5604 3156 5656 τοῦ
3203 5605 3523 5670 Πνεύματος
3570 5607 3646 5677 τῷ
3691 5608 3749 5660 τὸ
3800 5608 4028 5678 Πνεῦμα

2443 5695 2505 5748 οὐ
2539 5699 2816 5764 γεννητῶς
2843 5697 2918 5757 ὼς
2950 5698 3109 5758 αὐτὸς
3146 5700 3208 5750 ἐκ
3237 5700 3330 5750 τοῦ
3371 5701 3584 5770 Πατρδς
3614 5703 3856 5754 αἱτιατὺν
3887 5698 4028 5757 εἶναι

2444 5789 2539 5840 καὶ
2585 5789 2928 5855 ὑφεστάναι,
2961 5791 3079 5843 ἀλλ’
3111 5794 3300 5860 ἕτερόν
3345 5811 3469 5846 τινα
3497 5795 3720 5864 τρόπον,
3758 5796 3786 5848 6
3835 5799 4030 5865 σημαί-

2444 5883 2573 5934 νοιτ“
2606 5883 2672 5934 ἂν
2703 5882 2778 5952 τῷ
2820 5883 2893 5952 μὴ
2934 5884 3071 5952 μετὰ
3120 5885 3211 5937 τὸν
3263 5887 3478 5957 Πατέρα
3517 5888 3902 5958 ὁμολογεῖσθαι
3934 5889 4030 5945 εὖ·
