4468 6454
709 361 818 421 67‘)

1817 351 2074 412 GENNA
2093 349 2193 407 [)11
2246 347 2356 407 (ΣΡ.
2400 346 2917 407 ΡΑΤΙὶίΛΙὶΟΗΕ

3880 344 3991 406 630

709 474 802 522 καὶ
845 469 994 522 ἄλλοι
1026 472 1075 520 οἱ
1118 466 1342 535 ἰδρῶτες
1385 462 1493 515 τῶν
1544 461 1682 530 πρὸς
1715 461 1815 522 τὰς
1861 459 2164 516 ἀντιθέσεις
2199 456 2297 524 τῆς
2333 461 2374 515 Λ
2403 457 2502 523 τῆς
2559 457 2817 526 άληθέίας
2868 458 3117 516 ἕλκοντες
3157 453 3408 522 δέχεσθαι
3462 454 3677 522 μηχανῇ
3705 470 3834 515 τινι,
3863 455 4003 519 ἀφε-

711 561 1072 631 ψευδωνύμου
1131 558 1386 626 γνώσεως
1443 554 1773 621 ἱσταμένων.
1811 551 1973 600 Ὥστε
2021 547 2202 615 τούτῳ
2240 548 2305 598 ἂν

710 652 791 719 τῷ
842 653 1030 721 τρόπῳ
1086 651 1181 701 καὶ
1238 647 1403 715 ἡμεῖς
1455 643 1868 712 οἰκονομοῦντες
1929 641 2058 702 τοὺς
2113 638 2306 704 λόγους

713 743 873 811 ἡμῶν
903 744 958 792 ἐν
992 740 1173 809 κρίσει
1203 736 1485 806 πανταχοῦ
1514 737 1626 796 τοῖς
1652 733 1790 802 πρὸς
1820 733 2073 798 φυλακὴν
2104 728 2136 795 ἢ
2166 730 2307 779 οἰκο-

713 837 884 902 δομὴν
907 833 1003 899 τῆς
1031 830 1271 892 πίστεως
1297 827 1606 888 ἀκολούθως
1640 824 2012 893 χρησαίμεθα,
2044 822 2172 873 ποτὲ
2209 819 2308 887 μὲν

713 928 825 988 τοῖς
874 927 932 976 ἐν
969 923 1222 992 μεθοδεία
1266 920 1360 973 τοῦ
1400 918 1646 971 διαϐόλου
1697 915 1993 968 καταλύειν
2027 909 2308 980 πειρωμέ-

716 1036 830 1079 νοις
863 1017 1032 1084 αὑτὴν
1080 1012 1594 1080 ἀγωνιστικώτερον
1626 1009 2038 1075 ἁνθιστάμενοι,
2079 1005 2210 1058 ποτὲ
2253 1001 2308 1053 δὲ

715 1114 828 1174 τοῖς
874 1108 1278 1176 οἰκοδομεῖσθαι
1325 1104 1672 1173 βουλομένοις
1707 1103 1763 1151 ὲν
1792 1100 1929 1167 αὑτῇ
1964 1097 2309 1150 ἁπλοῖκώτε-

720 1223 811 1274 ρον
855 1205 947 1256 καὶ
980 1200 1310 1267 οἰκειότερον
1341 1196 1511 1265 αὐτὴν
1563 1191 1920 1261 ἐξηγούμενοι
1946 1232 1961 1256 ,
2010 1191 2106 1242 καὶ
2152 1191 2308 1242 οὐδὲν

715 1299 844 1351 ἀλλο
899 1293 1255 1360 ποιοῦντεςῆ
1309 1292 1487 1342 ἐκεῖνο
1541 1289 1600 1340 τὸ
1653 1288 1802 1357 παρὰ
1851 1285 1944 1338 τοῦ
1984 1284 2309 1339 Ἀποστόλου

714 1392 1027 1460 εἰρημένον,
1060 1387 1258 1440 εἰδέναι
1293 1385 1410 1445 πῶς
1457 1383 1536 1435 δεῖ
1580 1384 1726 1451 ἡμᾶς
1777 1381 1856 1433 ἐν).
1909 1381 2127 1448 ἑκάστῳ
2177 1379 2311 1430 ἀπο-

716 1481 1028 1550 κρίνεσθαι.

788 1564 918 1620 Οἶδα
942 1565 1114 1618 τοίνυν
1142 1566 1236 1616 καὶ
1273 1563 1463 1617 τοῦτον
1492 1563 1652 1614 αὑτὸν
1680 1560 1770 1613 τὸν
1829 1561 2004 1628 μέγαν
2029 1557 2309 1610 Βασίλειον

723 1660 1168 1729 συγχωρήσαντα
1220 1659 1296 1727 τῷ
1353 1656 1603 1725 Εὑνομίῳ
1665 1654 1725 1707 τὸ
1786 1657 1969 1724 τρίτον
2031 1650 2172 1705 εἶναι
2233 1656 2311 1721 τῷ

719 1750 1018 1819 ἀξιώματι,
1063 1751 1138 1812 ὡς
1184 1751 1249 1802 ἂν
1285 1749 1380 1801 καὶ
1426 1747 1571 1800 οὑτω
1608 1747 1952 1818 περιτρέψας
1978 1747 2071 1796 τὸν
2117 1747 2308 1797 δυσσε-

2411 549 2534 599 τὲον
2566 548 2726 600 τοῦτο
2762 547 2903 617 μετὰ
2932 549 3035 617 τῆς
3065 547 3202 616 πρὸς
3237 548 3330 599 τον
3372 546 3594 598 εἰπόντα
3623 545 3813 613 τιμῆς.
3850 545 4009 597 Οὖτω

2411 641 2517 708 γὰρ
2575 640 2944 706 Λὺγουστῖνος
3007 640 3065 692 ἐν
3122 642 3190 707 τῇ
3244 638 3384 708 πρὸς
3433 637 3527 691 τὸν
3593 639 4001 706 Φουρτουνᾶτον

2412 730 2670 798 ἐπιστολῇ
2721 729 3086 798 συμϐουλεύει
3120 730 3322 792 καλῶς.
3363 749 3381 781 ι
3431 729 3568 783 Οὐδὲ
3602 729 3701 792 τὰς
3735 729 4009 781 ὡντινων-

2413 820 2529 882 οῦν,
2600 822 2758 890 φησὶ,
2796 821 3064 885 διαλέξεις
3122 821 3227 874 κᾶν
3285 821 3566 874 καθολικοί
3619 838 3764 883 τινες
3817 821 4008 888 ἄνδρες

2413 905 2518 962 ῶσι
2551 914 2645 964 καὶ
2681 913 3022 982 περιϐόητοι,
3057 914 3251 983 ὥσπερ
3301 917 3397 978 τὰς
3435 916 3730 978 κανονικὰς
3783 915 4008 981 Γρχφὲς

2416 1003 2564 1070 ἔχειν
2599 1003 2909 1074 ὀφείλομεν,
2943 1007 3018 1068 ώς
3058 1008 3134 1078 μὴ
3179 1009 3378 1072 ἐξεῖναι
3413 1009 3509 1063 καὶ
3553 1011 3708 1078 ἡμῖν,
3756 1009 4007 1077 σωζομέ-

2413 1113 2510 1164 νης
2535 1102 2635 1168 τῆς
2668 1100 3029 1171 ὀφειλομένης
3084 1103 3269 1164 αὐτοῖς
3317 1104 3508 1172 τιμῆς,
3551 1105 3604 1155 τί
3675 1105 3783 1156 τῶν
3816 1105 3873 1154 ὲν
3900 1107 4009 1163 τοῖς

2413 1194 2598 1244 αὑτῶν
2637 1196 3073 1264 συγγράμμασιν
3105 1198 3536 1266 ἀποδοκιμάζειν
3573 1200 3668 1250 καὶ
3699 1197 4006 1256 διαπτύειν,

2413 1287 2466 1337 εἴ
2496 1285 2626 1337 ποτέ
2656 1303 2707 1338 τι
2733 1288 3096 1356 φωράσαιμεν
3125 1288 3151 1339 6
3179 1289 3356 1352 ἄλλως
3391 1289 3705 1359 φρονοῦσιν,
3739 1290 3771 1357 ἦ
3807 1291 3839 1358 ἡ
3872 1289 4008 1356 ἁλή-

2418 1376 2540 1427 θεια
2598 1375 2713 1444 ἔχει
2761 1379 2826 1445 τῇ
2878 1377 2974 1428 τοῦ
3027 1377 3165 1430 Θεοῦ
3205 1379 3456 1449 βοηθείᾳ,
3507 1380 3538 1448 ἢ
3589 1384 3717 1449 παρ’
3750 1380 3944 1440 ἄλλων,
3975 1381 4006 1445 ἢ

2414 1468 2549 1535 παρ’
2585 1456 2744 1537 ήμῶν
2791 1469 3068 1538 νοηθεῖσα.
3115 1489 3134 1521 ι
3180 1471 3324 1539 Ἐγὼ
3361 1474 3491 1540 γοῦν
3527 1473 3768 1534 τοιοῦτός
3798 1474 3913 1540 εἰμι
3948 1477 4003 1523 ἐν

2411 1559 2526 1622 τοῖς
2561 1559 2688 1626 περὶ
2734 1560 2842 1611 τῶν
2878 1561 3050 1626 ἀγίων
3108 1563 3542 1633 συγγράμμασιν
3571 1606 3583 1628 ,
3648 1564 3795 1626 οἵους
3846 1559 3995 1618 εἶναι

2414 1650 2552 1702 θέλω
2603 1653 2730 1713 τοὺς
2774 1652 2844 1704 τὰ
2897 1654 3144 1722 ἡμέτερα
3178 1657 3486 1722 μετιόντας.

2484 1744 2575 1795 Διὸ
2638 1743 2732 1795 καὶ
2775 1745 3018 1812 Θωμᾶς,
3062 1746 3186 1798 ἐπεὶ
3232 1747 3325 1799 τὸν
3378 1747 3745 1814 Δὺγουστῖνον
3803 1746 4006 1815 ε’ύρηκε

723 1814 816 1912 δή.
850 1814 914 1895 έκ
949 1842 1269 1911 περιουσίας
1322 1839 1610 1911 καταθάλῃ
1668 1814 1730 1889 τὸ
1775 1814 2000 1905 ⁷ψεῦδος.
2053 1831 2185 1888 Οἶδα
2217 1837 2312 1887 καὶ
2349 1814 2390 1871 Β
2420 1836 2652 1902 λέγοντα
2687 1837 2786 1907 τὴν
2817 1836 2998 1906 ψυχήν
3049 1838 3144 1890 τοῦ
3186 1838 3479 1908 ἀνθρώπου
3528 1814 4007 1908 δημιουργηθῆναι

726 1937 816 1987 τὶν
853 1934 1102 2001 θεολόγον
1140 1933 1449 2002 Γρηγόριον
1495 1933 1628 1998 περὶ
1678 1930 1769 1981 τοῦ
1813 1930 2062 1998 μείζονος
2105 1931 2162 1980 ἐν
2195 1933 2314 1990 ταῖς

726 2029 864 2097 πρὸς
907 2027 1223 2096 Ἀρειανοὺς
1279 2024 1581 2089 διαλέξεσιν
1641 2024 1845 2076 οὑτωσὶ
1898 2024 2146 2087 λέγοντα·
2187 2043 2204 2071 ι
2246 2024 2313 2074 Ἣ

725 2119 886 2188 δῆλον
924 2121 1007 2171 ὅτι
1043 2119 1102 2171 τὸ
1133 2117 1316 2186 μεῖζόν
1350 2117 1468 2167 ἐστι
1514 2116 1612 2181 τῆς
1648 2114 1851 2176 αἰτίας,
1880 2114 1939 2165 τὸ
1973 2114 2028 2166 δε
2071 2115 2184 2167 ἴσον
2218 2116 2315 2180 τῆς

736 2214 974 2279 φύσεως,
1013 2214 1110 2263 κα)⁸
1136 2210 1294 2262 τοῦτο
1346 2210 1452 2261 ὑπὸ
1499 2208 1703 2276 πολλῆς
1730 2208 2154 2275 εὐγνωμοσύνης
2186 2225 2317 2275 συγ-

726 2306 1015 2376 χωροῦμεν
1051 2306 1252 2374 ἡμεῖς,
1290 2301 1686 2369 συγκαθιέντες
1730 2301 1976 2370 δηλονότι
2017 2301 2096 2368 τῷ
2146 2301 2312 2371 λόγῳ,

729 2398 817 2449 ἵνα
851 2414 912 2447 σε
943 2397 1037 2448 καὶ
1067 2395 1210 2446 οὑτω
1240 2393 1571 2460 ὲλέγξωμεν.
1613 2411 1630 2443 ι
1666 2387 1800 2444 Εἶτα
1831 2391 2050 2459 ἐπάγει,
2079 2412 2094 2441 ι
2127 2393 2316 2445 Ταῦτα

735 2491 834 2556 μὲν
884 2489 1021 2556 πρὸς
1061 2488 1188 2548 τοὺς
1235 2486 1294 2538 τὸ
1332 2485 1519 2555 μεῖζον
1569 2485 1979 2553 κομπάζοντας.
2013 2503 2031 2534 ι
2075 2485 2183 2536 Καὶ
2226 2484 2318 2535 τὶν

735 2583 911 2650 μέγαν
953 2581 1272 2634 Ἀθανάσιον
1308 2579 1460 2647 εὖροι
1508 2596 1592 2642 τις
1632 2578 1698 2632 ἂν
1743 2577 2014 2648 πολλαχοῦ
2050 2581 2116 2649 τῇ
2158 2578 2320 2648 χρείᾳ

731 2674 839 2724 τῶν
897 2671 1125 2740 ἀγώνων
1188 2671 1577 2737 συγκαθιέντα.
1633 2665 1728 2732 Οἷς
1799 2672 2218 2739 ἐντυγχάνοντες
2269 2674 2320 2724 οἱ

738 2764 876 2835 πρὸς
909 2765 1059 2832 ἡμᾶς
1085 2763 1489 2830 διενενηγμένοι
1521 2762 1617 2812 καὶ
1649 2762 1748 2828 τὴν
1786 2761 2013 2830 πάτριον
2040 2759 2316 2830 ἀλήθειαν,

744 2858 998 2926 καθάπερ
1035 2858 1090 2908 αἰ
1122 2857 1279 2921 μυῖαι
1326 2858 1445 2916 ταῖς
1481 2853 1903 2922 ἀσθενεστέραις
1936 2852 2098 2921 σαρξὶ
2145 2869 2320 2922 προσ-

737 2953 985 3018 φύονται,
1009 2949 1104 3004 καὶ
1140 2949 1337 3017 μικρόν
1361 2965 1415 3000 τι
1451 2945 1887 3016 παρεξηγήσεως
1919 2945 2120 3014 χρῶμα
2150 2963 2322 3014 προσ.

732 3043 1084 3106 τεθεικότες,
1136 3037 1257 3092 εἷτα
1308 3042 1401 3091 καὶ
1440 3039 1670 3107 φυσικόν
1703 3055 1826 3091 τινα
1881 3038 2040 3108 λόγον
2092 3039 2321 3107 ὲπιμορ-

732 3135 1038 3201 φώσαντες,
1079 3133 1169 3184 ἐπὶ
1227 3130 1456 3184 κενώσει
1513 3132 1605 3184 τοῦ
1658 3130 1784 3185 καθ’
1817 3132 1966 3200 ἡμᾶς
2010 3133 2318 3200 μυστηρίου
2346 3152 2391 3214 C

731 3227 925 3294 δήπου,
957 3223 1128 3294 ᾤοντο
1161 3225 1220 3276 τὸ
1271 3225 1382 3277 πᾶν
1421 3224 1566 3293 ἔχειν
1615 3222 1904 3277 ἐντεῦθενο
1948 3223 2044 3274 καὶ
2091 3223 2321 3286 πολλοὺς

733 3319 1137 3386 χειρωσάμενοι
1163 3317 1232 3369 δι’
1262 3317 1542 3387 ἀμάθειαν
1570 3317 1680 3370 τῶν
1703 3318 1963 3371 τοιούτων
1994 3318 2090 3370 καὶ
2116 3317 2322 3385 αἰχμα-

733 3408 918 3460 λώτων
957 3410 1249 3478 ἀπήγαγον
1278 3450 1292 3471 ,
1346 3409 1660 3477 σοφιστῶν,
1707 3410 1770 3463 οὑ
1833 3409 2105 3478 θεολόγων
2157 3408 2322 3479 ἔργον

738 3501 1127 3570 πεποιηκότες.

827 3590 969 3642 Ἀλλ’
994 3594 1023 3643 6
1051 3592 1225 3659 μέγας
1262 3589 1785 3656 Διονύσιος,ιἜστι,
1823 3591 1974 3659 φησὶ,
2000 3591 2109 3643 τῶν
2147 3589 2223 3659 μὴ
2257 3591 2325 3644 τὰ

741 3683 863 3738 θεῖα
892 3685 1113 3752 φρονεῖν
1141 3682 1439 3736 ἐθελόντων
1471 3681 1531 3735 τὸ
1582 3682 1659 3752 μὴ
1690 3687 1759 3752 τῇ
1794 3683 2027 3752 δυνάμει
2062 3685 2155 3737 τοῦ
2193 3701 2323 3737 axo-

739 3776 843 3828 ποῦ
878 3775 1192 3844 προσέχειν,
1241 3774 1380 3826 ἀλλά
1425 3776 1545 3836 ταῖς
1580 3774 1782 3838 λέξεσι.
1833 3794 1852 3827 ι
1907 3778 2017 3829 Καὶ
2070 3778 2099 3830 ὁ
2147 3778 2327 3847 μέγας

752 3866 1077 3928 Ἀθανάσιος
1132 3869 1189 3918 ἐν
1228 3867 1305 3936 τῷ
1350 3869 1492 3919 κατά
1555 3868 1855 3935 ’Λρειανῶν
1904 3870 2074 3939 τρίτῳ
2103 3908 2118 3934 ,
2169 3888 2187 3920 ι
2237 3873 2328 3923 Δεῖ

741 3959 821 4022 δὲ,
851 3959 1037 4027 φησὶν,
1083 3957 1159 4020 ὼς
1207 3959 1299 4009 ἐπὶ
1347 3959 1529 4027 πάσης
1577 3960 1676 4028 τῆς
1719 3959 1870 4021 θείας
1903 3960 2128 4030 Γραφῆς
2161 3979 2326 4031 προσ-

740 4058 866 4124 ήκει
896 4056 1090 4119 ποιεῖν,
1126 4055 1222 4106 καὶ
1252 4055 1554 4120 ἀναγκαῖόν
1591 4054 1740 4105 ἐστιν
1767 4094 1780 4118 ,
1813 4050 1957 4104 οὑτω
2005 4053 2103 4104 καὶ
2138 4052 2328 4106 ὲνταῦ-

742 4149 830 4212 θα,
863 4149 986 4201 καθ’
1017 4148 1076 4201 ὂν
1112 4145 1265 4200 εἶπεν
1290 4151 1318 4200 6
1361 4148 1688 4210 Ἀπόστολος
1713 4147 1906 4214 καιρὸν
1940 4147 2035 4198 καὶ
2062 4147 2122 4198 τὺ
2158 4147 2327 4214 πρόσ-

741 4255 912 4300 ωπον,
943 4239 1037 4290 καὶ
1067 4242 1252 4291 τόπον*
1293 4238 1484 4307 διόπερ
1527 4237 1736 4308 ἔγραψε
1793 4237 2006 4300 πιστῶς
2045 4238 2330 4304 ἐκλαμϐά-

740 4349 873 4392 νειν,
902 4331 988 4384 ἵνα
1018 4330 1093 4399 μὴ
1129 4333 1280 4398 παρά
1310 4332 1504 4395 ταῦτα,
1540 4331 1572 4399 ἢ
1601 4331 1698 4383 καὶ
1733 4331 1868 4400 παρ’
1903 4332 2092 4401 ἕτερόν
2121 4348 2174 4383 τι
2195 4330 2324 4384 τού-

742 4442 851 4477 των
881 4423 1093 4491 ἀγνοῶν
1127 4425 1156 4475 δ
1192 4421 1611 4490 ἀναγινώσκων,
1650 4422 1756 4486 ἔξω
1784 4423 1882 4491 τῆς
1917 4421 2178 4491 ἀληθινῆς
2213 4421 2330 4474 δια-

2422 1929 2563 1998 μετά
2601 1929 2709 1981 τῶν
2744 1930 2996 1997 ἀγγέλων
3042 1931 3152 1996 πρὸ
3198 1930 3294 1984 τοῦ
3345 1931 3619 2000 σώματος,
3669 1931 3806 2001 μετὰ
3834 1933 4008 1985 ταῦτα

2418 2021 2475 2072 δὲ
2529 2020 2637 2091 ἰδίει⁴
2662 2021 2921 2093 βουλήσει
2980 2023 3143 2095 ῥέψαι
3188 2025 3359 2096 αὑτήν
3391 2024 3529 2094 πρὸς
3566 2025 3625 2076 τὸ
3659 2025 3816 2093 σῶμα
3870 2025 4007 2092 πρξς

2418 2113 2478 2164 τὸ
2511 2113 2872 2182 ὑπουργῆσαι
2907 2119 2971 2186 τῇ
3007 2117 3281 2185 βουλήσει,
3312 2120 3488 2171 καίτοι
3523 2117 3616 2170 καὶ
3659 2117 3786 2187 περὶ
3821 2118 4007 2169 πασῶν

2418 2205 2528 2258 τῶν
2577 2205 2762 2274 ψυχῶν
2819 2206 2968 2258 δοκεῖ
3025 2211 3245 2275 φρονεῖν
3305 2210 3368 2259 ὲκ
3424 2207 3634 2259 πολλῶν
3665 2208 4004 2276 τεκμηρίων,

2419 2297 2532 2350 ἀλλ’
2565 2293 2659 2350 οὖν
2703 2299 2730 2350 ὃ
2784 2314 2848 2366 γε
2881 2298 3084 2368 Θωμᾶς
3113 2300 3247 2368 πρὸς
3286 2301 3347 2352 τὸ
3385 2299 3594 2368 βέλτιον
3626 2297 4008 2369 μεταρρυθμί-

2421 2391 2537 2452 ζειν
2580 2392 2842 2458 πειρᾶται
2899 2392 2998 2463 τὴν
3052 2392 3235 2457 δόξαν.
3290 2391 3446 2446 Οῦτω
3499 2394 3680 2445 τοίνυν
3733 2393 4006 2460 εὑρίςκων

2422 2485 2585 2536 αὑτὸν
2614 2487 3029 2556 πεφρονηκότα,
3050 2491 3165 2550 τοῖς
3201 2487 3383 2550 ἄλλοις
3419 2489 3595 2554 ἁγίοις
3628 2487 3841 2539 τίθεται
3868 2484 4008 2553 μᾶλ-

2421 2578 2536 2642 λον,
2569 2577 2620 2631 οἳ
2678 2580 2776 2648 τὴν
2827 2580 3004 2649 άληθῆ
3049 2580 3210 2644 δόξαν
3269 2580 3540 2643 ἐδόξαζον.
3587 2579 3864 2640 Ὡσαύτως
3914 2581 4007 2630 καὶ

2423 2673 2554 2741 περὶ
2604 2673 2714 2724 τῶν
2761 2675 3031 2743 οὐρανίων
3094 2675 3366 2743 σωμάτιον
3407 2673 3738 2743 Ἱερώνυμόν
3794 2689 3854 2722 τε
3911 2672 4006 2724 καὶ

2421 2765 2790 2833 Αὑγουστῖνον
2835 2768 2935 2819 οὑκ
2967 2767 3150 2836 ὀρθῶς
3193 2768 3566 2835 ὑπειληφότας
3596 2763 3774 2834 εὑρὼν
3806 2764 3856 2826 {6
3890 2763 4004 2815 Θω-

2427 2859 2581 2926 μᾶς),
2610 2857 2830 2928 ἔμψυχα
2862 2860 2970 2930 γὰρ
3019 2859 3157 2912 αὐτά
3199 2860 3646 2929 πεφρονήκεσαν,
3681 2857 3776 2908 καὶ
3809 2855 4007 2923 μᾶλλον

2424 2951 2539 3016 δγε
2587 2950 2934 3021 Ἱερώνυμος,
2985 2954 3048 3020 τῇ
3103 2951 3195 3004 τοῦ
3255 2952 3537 3004 Βασιλείου
3581 2953 3675 3002 καὶ
3715 2952 4010 3014 Δαμασκη-

2423 3041 2516 3094 νοῦ
2541 3042 2648 3093 τῶν
2682 3043 2970 3111 ἡμετέρων
3028 3043 3155 3113 δόξῃ
3191 3044 3400 3096 τίθεται
3451 3044 3677 3113 μᾶλλον,
3711 3041 3867 3102 εἰδὼς
3912 3041 4010 3092 καὶ

2425 3133 2523 3198 τῆς
2580 3133 2881 3202 καθολικῆς
2924 3136 3255 3203 Ἐκκλησίας
3296 3136 3471 3188 ταῦτα
3524 3135 3683 3198 δόξαν
3737 3130 3900 3186 εἰναι.
3933 3133 4006 3184 Οὑ

2424 3226 2532 3295 γάρ
2562 3226 2857 3281 ἐλάνθανεν
2883 3227 3046 3280 αὑτὸν
3074 3229 3156 3280 ὅτι
3194 3229 3347 3296 παρὰ
3372 3228 3470 3296 τῆς
3489 3229 3756 3297 πέμπτης
3787 3226 4008 3279 συνόδου

2425 3319 2520 3370 καὶ
2551 3319 2584 3388 ἡ
2621 3319 2968 3390 προῦπαρξις
3015 3318 3126 3372 τῶν
3156 3320 3516 3390 ἀνθρωπίνων
3567 3321 3785 3391 ψυχῶν.
3831 3320 3924 3372 καί
3950 3322 4011 3371 τδ

2427 3409 2646 3480 ἔμψυχα
2679 3413 2745 3464 τὰ
2780 3412 3008 3481 οὐράνια
3043 3409 3272 3480 σώματα
3303 3409 3462 3478 εἰναι,
3491 3416 3584 3465 καὶ
3618 3415 3673 3468 αί
3719 3412 3851 3466 ἰδέαι
3876 3454 3889 3476 ,
3917 3416 4011 3466 καὶ

2426 3503 2495 3554 τά
2541 3502 2857 3572 Ὠριγένους
2887 3502 3075 3566 ἁπλῶς
3111 3504 3285 3556 εἰπεῖν
3325 3503 3493 3572 ψευδῆ
3541 3504 3787 3575 δόγματα
3812 3545 3826 3564 .
3872 3505 4010 3573 μᾶλα

2428 3590 2518 3643 λον
2564 3592 2622 3644 δὲ
2665 3593 2775 3646 τῶν
2830 3593 3150 3664 Μανιχαίων
3231 3595 3324 3648 καὶ
3384 3595 3672 3659 Πλάτωνος
3705 3597 4012 3667 ἀναθέματι

2429 3684 2952 3756 καθυπεδλήθησαν.
2989 3687 3096 3738 Καὶ
3144 3688 3172 3738 δ
3201 3686 3430 3755 Νύσσης
3457 3687 3512 3739 δὲ
3545 3688 3873 3757 Γρηγόριος,
3907 3691 4013 3741 Αὑ-

2431 3774 2699 3844 γουστίνῳ
2729 3778 2806 3844 τῷ
2833 3775 3090 3845 μακαρίῳ
3116 3777 3357 3846 συνᾴδων
3383 3780 3439 3830 έν
3470 3781 3533 3846 τῇ
3569 3781 3698 3846 περί
3729 3780 3825 3847 τῆς
3859 3781 4012 3846 Ἑξα-

2429 3871 2642 3940 ημέρου
2700 3868 2991 3939 ἀπολογία,
3040 3888 3057 3920 ι
3100 3872 3183 3923 Τά
3231 3873 3286 3924 δὲ
3345 3872 3609 3943 ἡμέτερα,
3649 3873 3805 3940 φησὶ,
3836 3872 3911 3934 ὡς
3955 3875 4013 3926 ἑν

2434 3961 2719 4030 γυμνασίᾳ
2750 3961 2855 4012 τινί
2899 3963 3274 4030 στοχαστικῶς
3307 3962 3732 4031 ἐπιχειρούμενα
3765 3965 3880 4025 τοῖς
3926 3965 4014 4015 ἐν·

2431 4054 2766 4121 τυγχάνουσι
2804 4054 3141 4122 προκείσθω,
3198 4055 3476 4123 μηδεμιᾶς
3516 4054 3706 4122 μηδενὶ
3737 4054 3826 4106 διὰ
3854 4053 4014 4106 τλῦτο

2433 4141 2635 4211 βλάϐης
2703 4145 3188 4212 προσγινομένης,
3249 4145 3302 4197 εί
3351 4161 3402 4197 τι
3461 4146 3616 4214 παρὰ
3669 4146 3768 4215 τήν
3818 4147 3997 4215 κοινὴν

2431 4232 2704 4303 ὑπόληψιν
2756 4237 2814 4286 ἐν
2867 4239 2981 4298 τοῖς
3034 4236 3351 4306 λεγομένοις
3412 4237 3846 4305 εὑρίσκοιτο.οὑ
3903 4239 4013 4307 γάρ

2431 4325 2609 4394 δόγμα
2643 4325 2734 4379 τὸν
2766 4326 2924 4393 λόγον
2973 4327 3306 4395 ποιούμεθα,
3344 4327 3486 4381 ὥστε
3528 4331 3785 4397 ἀφορμήν
3831 4330 4016 4382 δοῦναι

2432 4417 2538 4478 τοῖς
2599 4415 2948 4469 διαϐάλλουσι
2973 4432 2989 4447 ⁹
3019 4419 3113 4469 καὶ
3144 4417 3519 4487 ὁμολογοῦμεν
3571 4419 3875 4485 γυμνάζειν
3912 4419 4009 4485 μό-

743 4517 893 4578 νοίας
917 4516 1167 4586 γένηται,
1205 4533 1223 4565 ι
1249 4515 1359 4568 Καὶ
1393 4514 1512 4582 μετ’
1552 4515 1735 4581 ὀλίγον
1763 4529 1776 4543 ο
1816 4532 1836 4566 ε
1881 4516 2055 4567 Ὅταν
2103 4515 2206 4583 μὲν
2236 4513 2328 4567 οὖν
2361 4512 2406 4566 D
2436 4526 2524 4561 vov
2571 4509 2780 4562 ἑαυτῶν
2824 4510 2923 4580 τὴν
2959 4510 3206 4564 διάνοιαν
3241 4513 3352 4573 τοῖς
3385 4513 3773 4580 προκειμένοις
3803 4514 4014 4579 νοήμα-

742 4610 854 4662 τῶν
889 4611 1150 4662 τοιούτων
1206 4607 1308 4680 ἔχῃ
1359 4625 1443 4667 τις
1497 4608 1681 4670 καλῶς
1734 4607 1833 4678 τὴν
1891 4607 2127 4676 γνῶσιν,
2166 4607 2333 4677 ὀρθὴν

744 4703 859 4770 ἔχει
915 4701 1012 4753 καὶ
1061 4699 1419 4767 ὑγιαίνουσαν
1464 4701 1564 4768 τῆς
1620 4700 1864 4762 πίστεως
1921 4700 2022 4767 τὴν
2064 4699 2330 4753 διάνοιαν·

747 4799 844 4848 ἐὰν
870 4796 930 4848 δὲ
955 4793 1086 4863 παρ’
1122 4793 1309 4861 ἕτερον
1333 4811 1418 4854 τις
1448 4792 1772 4865 ἐκλαμὸάνῃ
1801 4791 2029 4856 τούτων,
2058 4792 2222 4854 εὐθὺς
2256 4794 2335 4855 εἰς

748 4889 961 4957 αἵρεσιν
996 4885 1276 4942 ἐκπίπτει.
1338 4885 1520 4938 Ταυτδ
1566 4885 1623 4936 δὲ
1684 4885 1841 4936 τοῦτο
1893 4885 1987 4937 καί
2042 4884 2334 4954 Κύριλλος,

748 4982 843 5033 καὶ
869 4980 1121 5047 Μάξιμος
1166 4978 1262 5030 καὶ
1286 4979 1313 5030 6
1346 4978 1735 5046 Χρυσόστομος
1770 4975 2222 5046 συμϐουλεύουσι.

1356 5070 1608 5123 ΚΕΦΑΛ.
1657 5067 1732 5122 Θ’.

752 5165 883 5218 Ὀτι
919 5165 1204 5230 ἀνόητον,
1233 5165 1270 5233 ἦ
1326 5164 1630 5233 δυσσεϐὲς
1657 5203 1671 5226 ,
1728 5162 1766 5229 ἢ
1815 5164 2190 5230 φιλόνεικον,
2235 5166 2332 5216 καὶ

824 5236 974 5288 κατὰ
1001 5233 1119 5287 τῶν
1155 5232 1341 5304 ἁγίων
1393 5232 1591 5287 αὐτῶν
1617 5275 1630 5295 ,
1675 5234 1815 5298 ἑνός
1862 5249 2028 5296 τινος
2080 5235 2256 5304 ᾀγίου
2293 5235 2331 5298 ἢ

822 5307 994 5358 δυοῖν
1024 5303 1212 5368 δόξαν
1242 5305 1406 5370 ὅπως
1438 5304 1585 5356 ποτὲ
1612 5306 1937 5371 εἰρημένην
1960 5303 2144 5367 αὐτῷ.
2187 5321 2330 5371 προ-

823 5375 1001 5446 τιμᾷν
1048 5376 1327 5444 ι’ραρῶν,
1357 5372 1770 5446 συνόδωνμαί
1822 5373 2176 5446 τῆς-κοινῆς
2201 5381 2330 5427 θεο-

828 5443 1043 5516 λογίας
1074 5443 1189 5499 καί
1226 5447 1549 5515 ὁμολογίας
1594 5443 1713 5497 τῶν
1759 5444 2010 5497 πολλῶν
2038 5443 2332 5497 διδασκά-

823 5522 970 5572 λων.

832 5612 1022 5664 Καίτοι
1050 5628 1112 5678 γε
1144 5612 1243 5663 καὶ
1299 5609 1483 5677 σαφῶς
1518 5608 1810 5678 εἰρημένον
1841 5627 1891 5660 τι
1927 5608 2077 5676 παρά
2105 5626 2196 5660 τον
2227 5609 2334 5660 τῶν

757 5705 950 5773 ἁγίων,
987 5707 1032 5755 εἰ
1068 5705 1144 5773 μὴ
1185 5703 1277 5755 καὶ
1317 5703 1436 5762 ταῖς
1486 5705 1691 5764 κοιναῖς
1730 5702 2035 5771 ὑπολήψεσι
2094 5702 2332 5770 σννάδοι,

757 5800 806 5850 εί
857 5799 931 5867 μὴ
975 5799 1067 5851 καὶ
1113 5797 1270 5850 τοῦτο
1305 5794 1588 5865 δυνάμεθα
1621 5796 1755 5865 πρὸς
1791 5795 1880 5847 τον
1917 5794 2093 5864 ἀληθῆ
2131 5797 2332 5848 κανόνα

2434 4617 2540 4664 σιν,
2581 4601 2641 4653 οὑ
2673 4601 3023 4655 διδασκαλίαν
3054 4603 3389 4672 ἑξηγητικὴν
3437 4606 3550 4665 τοῖς
3586 4604 3784 4671 ἑφεξῆς
3816 4605 4009 4654 ἀποτί-

2437 4689 2654 4744 θεσθαι.
2701 4710 2720 4743 ι
2753 4693 2852 4746 Διὰ
2909 4693 3117 4763 ταύτην
3162 4694 3219 4745 δὲ
3265 4693 3374 4764 ἄρα
3433 4696 3532 4762 τὴν
3593 4694 4017 4762 εὐγνωμοσύνην

2431 4784 2795 4850 Αὑγουστῖνός
2824 4804 2884 4838 τε
2919 4788 3016 4839 καὶ
3046 4790 3072 4839 6
3120 4787 3344 4856 Νύσσης
3397 4789 3519 4850 ταῖς
3569 4787 3677 4838 τῶν
3731 4787 4017 4855 μακαρίων

2432 4875 2700 4943 τιμῶνται
2730 4881 2941 4946 τιμαῖς.
2975 4879 3157 4932 καίτοι
3189 4878 3356 4944 δοξῶν
3397 4879 3581 4932 αὐτῶν
3621 4878 3783 4932 ἐνίων
3822 4879 4018 4931 ἀποδοο

2437 4966 2851 5037 κιμαζομένων.
2906 4970 3080 5023 Τοῦτο
3123 4969 3168 5021 δ’
3205 4970 3304 5023 οὑκ
3351 4970 3419 5024 ἂν
3468 4966 3614 5040 εἰχον
3642 4971 3704 5022 τὸ
3747 4970 3937 5049 γέρας,
3968 4971 4018 5023 εἰ

2442 5058 2762 5128 φιλονείκως
2807 5061 2903 5131 τῆς
2941 5061 3080 5124 ἰδίας
3119 5063 3344 5131 γνώμης
3375 5062 3709 5130 ἀντείχοντο.

2511 5151 2702 5220 Τούτῳ
2753 5153 2934 5205 τοίνυν
2988 5154 3067 5222 τῷ
3120 5154 3309 5206 κανόνι
3354 5155 3449 5206 καὶ
3482 5155 3646 5223 ἡμεῖς
3682 5154 4019 5223 στοιχοῦντες

2437 5243 2549 5295 τῶν
2587 5244 2962 5309 διδασκάλων,
3012 5247 3357 5311 ἐξετάζοντες
3421 5247 3516 5298 καὶ
3571 5248 3882 5316 πρόσωπα,
3927 5251 4021 5301 καὶ

2439 5339 2689 5406 καιροὺς,
2726 5340 2820 5388 καὶ
2872 5338 3098 5407 χρείαν,
3151 5338 3261 5390 τῶν
3294 5340 3404 5401 τοῖς
3457 5337 3632 5405 άγίοις
3664 5340 4014 5408 εἰρημένων,

2441 5431 2534 5481 καὶ
2563 5428 2663 5496 τῆς
2694 5429 2975 5498 ἀληθείας,
3011 5431 3105 5483 σὺν
3125 5429 3244 5497 Θεῴ
3270 5431 3326 5482 δὲ
3357 5429 3618 5498 εἰρήσθω,
3644 5431 3703 5481 οὑ
3729 5430 4014 5482 διαπίπτο-

2443 5537 2542 5588 μεν
2563 5536 2576 5552 ο
2606 5523 2727 5572 ὅθεν
2755 5523 2846 5572 καί
2876 5521 2974 5583 τὰς
3007 5523 3193 5590 ῥήσεις
3242 5523 3457 5583 ὲκείνας
3487 5523 3595 5574 τῶν
3649 5522 4008 5588 διδασκάλων,

2438 5612 2502 5673 ἃς
2541 5613 2985 5682 παρεξηγοῦνταί
3020 5631 3163 5675 τινες
3206 5615 3563 5682 σοφιστικῶς,
3599 5614 3630 5682 ἢ
3663 5613 3906 5682 ἀμαθῶς,
3940 5617 4020 5678 εἰς

2439 5710 2528 5757 τὶν
2560 5706 2658 5774 τῆς
2693 5707 2953 5774 ἀῦηθείας
2997 5711 3200 5759 σκοπὴν
3251 5710 3435 5776 ἡμεῖς,
3491 5709 3584 5760 καὶ
3623 5710 3702 5769 εἰς
3757 5706 3856 5776 τὴν
3886 5708 4020 5759 ὑπο-

2439 5798 2615 5869 ταγὴν
2642 5797 2734 5850 τοῦ
2768 5798 3008 5866 Χριστοῦ
3052 5800 3232 5860 καλῶς
3260 5804 3352 5853 καὶ
3395 5801 3664 5863 ἀδιάστως
3707 5802 4023 5870 ᾐχμαλωτε,
