4420 6448
700 375 805 436 703

1821 379 2188 438 GENNADII
2238 378 2346 439 (ΖΡ.
2390 379 2900 440 ΡΑΤΠΙΑΠΕΗΕ

3864 369 3964 430 70':

701 489 759 541 06
793 487 1093 557 προάγουσι
1120 490 1264 543 δυοῖν
1292 490 1456 544 ἕνεκα
1487 493 1579 545 καὶ
1608 493 1729 547 κατ’
1764 493 1960 556 αὐτοὺς
2010 496 2134 556 τοὺς
2176 496 2279 547 Λα·
2309 507 2349 561 Α
2383 495 2545 564 δεμιᾷ
2576 495 2632 547 ἓν
2664 497 2958 564 πρόσωπον
2983 496 3010 547 6
3033 494 3219 564 Πατὴρ
3250 493 3342 547 καὶ
3363 492 3392 544 6
3417 489 3541 552 Υἱὸς
3569 489 3793 544 δύναται
3827 489 3970 540 νοεῖ-

703 581 878 642 τίνους
901 597 914 611 ·
957 586 1096 634 κατὰ
1142 583 1236 650 μὲν
1261 582 1350 635 τὸν
1385 583 1586 653 Θωμᾶν
1627 585 1706 638 ὅτι
1741 583 1883 636 οὑτω
1910 584 2275 653 δημιουργοῦ-

706 690 790 723 σιν
823 675 876 726 αί
909 673 1048 727 θεῖαι
1107 675 1433 739 ὑποστάσεις
1489 678 1584 747 τὴν
1639 679 1812 730 κτίσιν
1841 677 1976 730 καθό
2021 679 2158 730 είσιν
2197 670 2273 737 εἷς

707 765 950 832 δηλονότι
981 765 1134 832 Θεὸς,
1165 767 1246 820 6:6
1279 769 1369 819 καὶ
1405 766 1480 830 εἷς
1507 771 1850 838 Δημιουργός
1883 772 1997 822 ἐστι
2026 772 2122 836 τῆς
2161 769 2277 821 κτί-

708 874 844 917 σεως
865 875 878 888 ο
914 860 1054 910 κατὰ
1084 858 1137 911 δὲ
1163 859 1248 912 τὸν
1280 859 1498 924 Σκότον,
1531 860 1663 911 διότι
1694 860 1753 912 τὸ
1784 861 2007 929 Πνεῦμα
2037 861 2094 912 :6
2129 861 2280 920 ἅγιον

709 949 952 1018 προῆγεν
985 951 1048 1004 ἂν
1074 951 1252 1013 ἑαυτὸ,
1287 953 1401 1005 ἐστι
1454 954 1558 1022 γάρ
1589 953 1644 1006 ἒν
1677 957 1744 1023 τῇ
1795 954 1953 1024 οὐσίᾳ
1988 953 2124 1022 μετὰ
2171 953 2280 1004 Πα-

709 1043 834 1110 τρὶς
862 1043 955 1096 καὶ
1008 1044 1161 1096 Υίοῦ.
1195 1046 1300 1096 Καὶ
1353 1047 1409 1097 ἐν
1448 1046 1622 1115 ταύτῃ
1645 1049 1709 1116 τῇ
1751 1047 2012 1114 προτάσει
2046 1049 2109 1116 τῇ
2147 1048 2226 1098 ὅτι
2256 1049 2283 1099 6

716 1135 900 1204 Πατὴρ
924 1136 1018 1187 καὶ
1042 1138 1070 1188 6
1099 1136 1226 1199 Υίδς
1279 1137 1338 1190 ’ἐν
1369 1139 1475 1189 εἱσι
1527 1142 1589 1207 τῇ
1623 1139 1802 1208 οὐσίᾳ,
1841 1139 1933 1190 καὶ
1963 1139 2022 1191 :6
2059 1139 2284 1207 Πνεῦμα

712 1228 772 1279 :6
802 1228 955 1294 ἆγιον
996 1230 1308 1298 περιέχεται
1357 1231 1412 1282 ὲν
1445 1234 1509 1300 τῇ
1562 1233 1698 1302 αὐτῇ
1728 1234 1824 1302 τῆς
1856 1234 2040 1294 οὐσίας
2073 1234 2285 1298 ὲνὸτητι

839 1321 989 1372 Ἐπεὶ¹
1022 1322 1255 1393 τοίνυνῆ
1291 1324 1452 1376 ἑαυτὸ
1487 1326 1712 1395 προάξει
1747 1327 1807 1377 :6
1834 1325 2075 1395 Πνεῦμα,
2108 1326 2137 1394 ἦ
2173 1328 2288 1377 κτί-

719 1431 831 1479 σμα
865 1413 1040 1473 ἔσται,
1063 1415 1155 1466 καὶ
1209 1416 1306 1484 τῆς
1364 1416 1513 1478 θείας
1546 1418 1649 1481 ἔξω
1675 1419 1949 1486 ἑνότητος,
1984 1420 2031 1471 εί
2065 1418 2196 1470 καθὸ
2227 1418 2286 1470 ἓν

716 1506 916 1572 εἰσιτῇ
968 1505 1127 1572 οὐσίᾳ
1183 1503 1576 1571 προϐάλλουσιν
1627 1505 1762 1556 αὐτὸ
1816 1507 1842 1557 6
1904 1505 2093 1572 Πατὴρ
2144 1504 2289 1556 καὶὸ

717 1599 866 1663 Υίὸς,
916 1599 1213 1668 βλάσφημα
1255 1599 1310 1651 δὲ
1341 1601 1522 1652 ἐκεῖνα
1570 1600 1885 1668 προδήλως·
1939 1598 2134 1652 οὐκοῦν
2171 1599 2292 1650 οὐδὲ

718 1693 1054 1760 προάγουσιν
1111 1691 1243 1745 66:6
1299 1691 1493 1753 οὑτως.
1552 1692 1691 1744 Ἀλλ’
1741 1693 1862 1744 οὐδὲ
1894 1693 2123 1745 καθόσον
2154 1693 2294 1743 εἰσὶν

720 1786 1046 1846 ὑποστάσεις
1075 1785 1187 1842 660.
1215 1785 1544 1849 προάγουσιν
1563 1785 1716 1839 αὐτό.
1748 1783 2015 1850 Καθάπερ
2035 1783 2142 1850 γάρ
2168 1783 2220 1834 εἴ
2240 1781 2300 1834 τί.

718 1875 867 1931 ἐστιν
919 1874 977 1925 ἐν
1028 1873 1208 1935 αὐτοῖς
1265 1873 1343 1940 τῷ
1377 1873 1518 1942 λόγῳ
1573 1876 1670 1942 τῆς
1714 1872 1927 1939 φύσεως
1962 1871 2021 1924 ἓν
2053 1875 2166 1923 ἐστι
2201 1871 2292 1922 καὶ

719 1964 1054 2033 ἀδιάκριτον,
1108 1963 1249 2014 οὑτω
1278 1965 1373 2016 καὶ
1425 1964 1479 2015 εἴ
1514 1982 1566 2016 τι
1596 1964 1680 2033 εἰή
1739 1966 1796 2015 ὲν
1825 1965 2009 2025 αὐτοῖς
2039 1964 2116 2030 τῷ
2150 1964 2294 2032 λόγῳ

719 2053 828 2105 τῶν
885 2055 1257 2117 ὑποστάσεων,
1301 2055 1478 2107 διττὸν
1528 2054 1682 2107 ἔσται
1718 2054 1810 2106 καὶ
1854 2055 2291 2122 διακεκριμένον,

722 2147 814 2196 καὶ
863 2145 1037 2208 οὑτως
1072 2146 1169 2198 οὑκ
1216 2146 1280 2198 ἂν
1332 2140 1440 2197 εἷεν
1485 2145 1581 2214 μία
1616 2143 1762 2213 ἀρχὴ
1796 2143 1887 2195 τοῦ
1927 2145 2237 2214 Πνεύματος
2269 2146 2296 2195 6

727 2239 916 2307 Πατὴρ
960 2239 1053 2290 καὶ
1083 2240 1109 2289 ό
1141 2239 1285 2300 Υἱός.
1317 2239 1406 2289 Διύ
1439 2241 1530 2291 καὶ
1563 2240 1608 2291 οἱ
1645 2239 1742 2308 τῆς
1786 2239 2113 2304 Ἑκκλησίας
2149 2241 2294 2293 διδά-

726 2330 913 2384 σκαλοι
946 2331 1007 2381 ἐκ
1043 2330 1142 2398 τῆς
1177 2330 1268 2380 τοῦ
1303 2331 1511 2398 Πατρός
1568 2330 1916 2391 ὑποστάσεως
1965 2330 2096 2381 αὑτό
2138 2348 2297 2397 φασιν

724 2422 1144 2492 ἐκπορεύεσθαι,
1173 2422 1550 2483 ἀποκλείοντες
1601 2423 1689 2473 τὸν
1716 2422 1864 2483 Υίδν,
1898 2422 1959 2472 ἐκ
1991 2420 2044 2472 δὲ
2075 2423 2172 2490 τῆς
2206 2423 2296 2474 τοῦ

727 2513 857 2566 Υἱοῦ
887 2515 1233 2574 ὑποστάσεως
1275 2514 1449 2575 οὐδεὶς
1484 2508 1624 2564 εἶπε.
1680 2513 1831 2563 Ἐπεὶ
1890 2514 2065 2565 τοίνυν
2117 2515 2210 2566 καὶ
2245 2515 2302 2566 :6

725 2605 817 2655 660
848 2605 1023 2673 ἀρχὰς
1059 2602 1196 2656 εἶναι
1223 2606 1280 2655 ὲν
1314 2608 1376 2672 τῇ
1407 2604 1630 2672 Θεότητι
1663 2603 1998 2671 βλάσφημον,
2031 2603 2224 2657 ἕπεται
2247 2604 2302 2656 δὲ

727 2697 774 2748 εἰ
807 2697 1108 2764 προάγουσι
1145 2699 1200 2747 :6
1227 2696 1450 2764 Πνεῦμα
1479 2697 1710 2747 καθόσον
1741 2699 1847 2747 εἰσὶ
1871 2697 2298 2765 διακεκριμένοι,

729 2790 907 2842 εῖτουν
939 2792 1072 2844 καθό
1102 2794 1210 2844 εἰσι
1252 2791 1344 2844 δύο
1375 2791 1728 2854 ὑποστάσεις,
1759 2789 1954 2842 οὐκοῦν
1985 2792 2104 2843 οὐδὲ
2133 2791 2305 2860 προά-

728 2899 917 2950 γουσιν
947 2884 1077 2936 66:6
1123 2883 1313 2944 οὑτως.
1370 2883 1593 2946 Οὐδενδς
1631 2883 1684 2935 δὲ
1715 2883 1873 2935 ἄλλου
1905 2883 2106 2950 τρόπου
2141 2901 2308 2936 κατα-

728 2976 1054 3044 λειπομένου
1107 2966 1497 3028 καταλείπεται
1552 2976 1626 3035 ὡς
1682 2975 1942 3029 ἀδύνατόν
1970 2976 2085 3028 ἐστι
2120 2978 2212 3031 καὶ
2243 2979 2304 3030 ὲκ

730 3069 823 3122 τοῦ
862 3070 990 3123 Υίυῦ
1040 3070 1332 3139 ὑφίσταθαι
1376 3072 1435 3122 τὸ
1493 3069 1717 3138 Πνεῦμα
1773 3070 1957 3141 ὥσπερ
1990 3072 2080 3124 καὶ
2118 3071 2179 3124 ἐκ
2214 3071 2306 3124 τοῦ

731 3163 966 3233 Πατρός.

803 3345 946 3415 Πρδς
979 3345 1042 3415 δὴ
1073 3344 1260 3397 τοῦτον
1295 3346 1384 3395 τὸν
1426 3343 1584 3410 λόγον
1614 3345 1663 3396 οί
1695 3347 2036 3415 χαριέστεροι
2081 3347 2310 3417 ἀποκρί-

734 3456 934 3499 νοθται,
967 3439 1049 3490 ὅτι
1080 3438 1416 3506 προάγουσιν
1445 3438 1471 3504 6
1503 3437 1688 3505 Ιῐατὴρ
1726 3441 1816 3489 καὶ
1847 3441 1873 3490 6
1902 3439 2027 3501 Υίὸς
2058 3440 2119 3490 :6
2143 3439 2315 3492 Πνεῦ-

743 3539 811 3597 gn
846 3548 905 3581 το
937 3532 1112 3594 ἆγιον,
1145 3529 1265 3583 οὐτε
1307 3529 1440 3582 καθό
1469 3531 1606 3581 εἰσιν
1641 3531 1696 3580 ἓν
1729 3533 1790 3599 τῇ
1815 3530 1990 3601 οὐσίᾳ,
2028 3529 2152 3583 οὐτε
2179 3533 2313 3584 καθό

728 3625 840 3682 είσι
868 3624 1260 3690 διακεκριμένα
1294 3623 1567 3689 καθάπαξ,
1601 3623 1800 3676 δεδίασι
1820 3624 1925 3692 γάρ
1953 3626 2017 3692 τῇ
2050 3624 2157 3676 τῶν
2187 3623 2313 3675 ἀτό-

737 3736 856 3770 πων
887 3716 1111 3769 ἐκείνων
1136 3717 1418 3783 ὲπαγωγῇ,
1450 3715 1522 3776 ὼς
1546 3715 1743 3778 ἔοικεν,
1793 3715 1927 3768 ἀλλὰ
1956 3717 2086 3768 καθὸ
2109 3716 2169 3768 ἓν
2202 3717 2311 3767 είσι

737 3811 804 3878 τῇ
855 3807 1194 3876 προϐλητικῇ
1257 3806 1480 3875 δυνάμει
1581 3806 1721 3859 Ἀλλ’
1778 3805 1981 3874 αὑτηή
2028 3807 2318 3876 ἀπόκρισις

741 3902 955 3970 πρῶτον
989 3901 1087 3970 μὲν
1116 3901 1262 3952 ἔστιν
1308 3900 1695 3961 ἀναπόδεικτος
1716 3914 1729 3929 ⁶
1786 3899 1844 3950 :6
1877 3900 1983 3968 γάρ
2016 3900 2147 3968 μίαν
2180 3895 2317 3952 εῖναι

740 3993 1113 4061 προϐλητικὴν
1140 3992 1386 4061 δύναμιν,
1409 3992 1440 4061 ἢ
1467 3992 1746 4057 ἐνέργειαν
1777 3994 1833 4044 ὲν
1867 3993 2039 4058 Πατρὶ
2065 3995 2154 4046 καὶ
2180 3992 2314 4062 Υἱῷ,

740 4085 977 4155 οὐδαμοῦ
1007 4084 1231 4153 εὓρηται
1253 4084 1361 4136 τῶν
1388 4083 1639 4154 Γραφῶν,
1663 4085 1692 4151 ἦ
1715 4083 1823 4136 τῶν
1856 4085 2047 4152 άγίωψ
2067 4084 2318 4152 δεύτερόν

741 4182 877 4230 ἐστι·
905 4175 1212 4243 σοφιστικὴ,
1270 4176 1416 4228 λύειν
1461 4178 1567 4245 γάρ
1611 4178 1867 4244 πειρᾶται
1923 4177 2068 4246 αὑτῴ
2109 4176 2185 4245 τῷ
2230 4178 2322 4243 ζη-

741 4270 1010 4339 τουμένῳ,
1032 4268 1188 4320 τοῦτο
1209 4269 1300 4320 καὶ
1327 4266 1474 4319 ἔστιν
1510 4267 1641 4323 66:6
1668 4267 1727 4320 :6
1751 4268 2110 4337 ζητούμενον,
2152 4270 2199 4320 εἰ
2227 4268 2322 4338 τὴν

743 4364 912 4431 αὐτὴν
941 4361 1019 4430 τῷ
1067 4360 1238 4429 Πατρὶ
1285 4360 1658 4429 προϐλητικὴν
1717 4361 1947 4429 δύναμιν
2004 4361 2100 4413 καὶ
2138 4363 2164 4413 6
2199 4361 2324 4424 Υίὸς

741 4454 852 4523 ἔχει
882 4468 894 4482 °
927 4451 1110 4519 τρίτον
1143 4452 1225 4504 ὅτι
1259 4449 1396 4515 πρὸς
1442 4450 1537 4511 τὰς
1570 4448 1739 4511 αὑτάς
1791 4449 1882 4502 καὶ
1930 4451 2148 4518 μείζους
2187 4453 2322 4502 61:0-

2382 588 2504 639 σθαι
2535 587 2566 657 ἢ
2601 587 2878 656 λέγεσθαι,
2908 587 3051 638 ὥστε
3084 586 3250 648 ἔωλὸς
3287 570 3436 638 ἐστιν
3465 587 3494 653 ὴ
3544 583 3860 653 ἀπόκρισις.

2458 681 2641 734 ΙἈλλοι
2667 682 2917 747 λέγουσιν
2948 682 3029 734 ὅτι
3051 683 3078 733 6
3107 680 3296 748 Πατὴρ
3323 679 3416 731 καὶ
3441 680 3467 729 6
3511 677 3639 738 Υίδς
3669 674 3970 743 προάγουσι

2382 770 2441 824 :6
2464 772 2687 838 Πνεῦμα
2731 773 2793 824 :6
2843 772 3019 837 ἅγιον,
3072 768 3194 821 οὗτε
3227 767 3362 820 καθό
3407 768 3544 818 εἰσιν
3582 759 3659 826 εἷς
3697 758 3971 823 καθάπαξ,

2383 867 2506 920 οὐτε
2549 866 2684 920 καθό
2713 867 2820 917 είσι
2843 863 2936 916 δύο
2968 860 3246 924 καθάπαξ,
3281 858 3416 912 ἀλλὰ
3438 855 3574 910 καθό
3607 855 3712 906 είσι
3743 851 3839 904 δύο
3871 843 3969 910 εἷς·

2385 960 2558 1031 ἡγὰρ
2621 955 2958 1027 προϐλητικὴ
3015 954 3243 1022 δύναμις
3309 951 3570 1018 ἁρμόττει
3633 945 3817 1006 αὐτοῖς
3883 941 3977 993 καὶ

2387 1055 2523 1108 καθό
2567 1052 2803 1111 είσιδύο,
2834 1049 2930 1102 καὶ
2959 1047 3096 1100 καθό
3135 1047 3272 1098 εἰσιν
3321 1044 3399 1108 ἓν,
3435 1041 3596 1110 φύσιν
3637 1039 3745 1108 γὰρ
3775 1034 3978 1105 σημαί-

2389 1162 2536 1198 νουσι
2568 1142 2708 1211 μετὰ
2735 1141 3017 1207 ἰδιότητοςο
3052 1138 3146 1191 καὶ
3167 1135 3242 1198 ὡς
3272 1134 3368 1204 μὲν
3397 1134 3753 1201 σημαίνουσιν
3779 1128 3977 1198 ἰδιότη-

2390 1254 2458 1289 τα
2494 1235 2644 1288 οὐδὲν
2681 1233 2941 1286 ἀδύνατον
2975 1229 3246 1298 ὑπάρχειν
3278 1227 3449 1296 αὐτὴν
3480 1224 3864 1292 ὑποκειμένοις
3886 1222 3979 1272 δυο

2394 1330 2515 1389 σὶν,
2562 1325 2755 1391 ἐφόσον
2793 1324 2921 1391 μίαν
2962 1322 3144 1389 έχουσι
3181 1319 3384 1394 φύσιν]
3423 1316 3497 1378 ὡς
3537 1315 3591 1385 δὲ
3648 1311 3981 1380 σημαίνουσι

2400 1421 2585 1487 φύσιν,
2628 1419 2684 1470 ἓν
2717 1420 2820 1469 είσι
2851 1416 2918 1467 τὰ
2948 1414 3206 1479 τοιαύτην
3245 1411 3407 1481 φύσιν
3445 1410 3656 1478 ἔχοντα.
3689 1405 3837 1473 Αὑτη
3866 1404 3920 1455 δὲ
3949 1405 3981 1471 ἠ

2396 1512 2688 1578 ἀπόκρισις
2726 1507 2912 1578 σχεδὸν
2951 1508 2984 1573 ἡ
3015 1506 3151 1573 αὐτὴ
3178 1500 3312 1557 οὖσα
3341 1505 3405 1571 τῇ
3439 1500 3700 1570 προτέρᾳ,
3732 1493 3979 1564 τερατώ-

2395 1604 2488 1672 δης
2518 1603 2686 1662 ἐστὶν,
2738 1602 2818 1661 είς
2869 1598 3218 1664 Ἀλέξανδρόν
3247 1613 3368 1648 τινα
3427 1590 3813 1660 ἀναφερομένη
3836 1629 3852 1653 ,
3888 1590 3983 1640 καὶ

2397 1696 2515 1748 κατ’
2541 1693 2690 1745 οὐδὲν
2731 1692 2838 1759 γὰρ
2871 1691 2929 1742 :6
2961 1689 3095 1742 66:6
3129 1691 3278 1740 ἐστιν
3302 1687 3329 1738 6
3362 1687 3549 1754 Πατὴρ
3577 1687 3670 1737 καὶ
3716 1682 3859 1743 Υἱὸς,
3894 1680 3986 1732 δύο

2400 1788 2495 1840 καὶ
2521 1784 2622 1849 εἷς,
2660 1788 2717 1856 ἢ,
2747 1787 2819 1847 ὡς
2863 1785 3020 1838 αὐτοὶ
3080 1783 3282 1851 μᾶλλον
3343 1780 3583 1846 λέγουσι,
3629 1779 3723 1831 δύο
3779 1773 3881 1837 εἷς.
3918 1776 3987 1866 Ἲξ

2399 1881 2576 1932 πάντα
2609 1878 2673 1931 ἂν
2712 1876 2993 1946 μιγνύοιτο
3040 1876 3158 1928 ἐκεῖ
3201 1875 3462 1943 χρήματα
3497 1870 3828 1932 Σαϐελλίως,
3855 1868 3965 1920 ὥστ

2398 1972 2516 2024 οὐδὲ
2552 1972 2694 2023 κατὰ
2748 1971 2848 2039 τὴν
2890 1968 3036 2037 μίαν,
3074 1967 3150 2028 ὼς
3191 1965 3344 2019 αὐτοί
3408 1981 3562 2032 φασι,
3613 1962 3989 2031 προϐλητικὴν

2399 2065 2652 2131 δύναμιν.
2684 2064 2917 2114 Ἔπειτα
2948 2062 2978 2128 ἡ
3013 2060 3112 2127 μία
3152 2057 3292 2128 αῦτη
3322 2057 3575 2123 δύναμις,
3602 2056 3785 2116 αὐτοῖς
3825 2055 3989 2120 φύσιν

2408 2156 2545 2225 μετὰ
2590 2155 2853 2221 ἰδιότητος
2887 2152 3254 2222 σημαίνουσα,
3295 2151 3408 2212 πῶς
3449 2151 3513 2202 ἂν
3556 2150 3791 2215 ὑπάρχοι
3834 2147 3989 2198 δυσὶν

2403 2247 2782 2314 ὑποκειμένοις
2817 2247 2913 2313 μία
2940 2261 3001 2311 γε
3024 2241 3159 2297 οὖσα
3183 2261 3195 2309 ;
3223 2244 3302 2295 δεῖ
3326 2244 3432 2311 γὰρ
3465 2242 3664 2309 μάλλον
3687 2240 3858 2309 αὐτὴν
3882 2240 3987 2293 διτ-

2402 2341 2501 2405 τὴν
2554 2334 2693 2390 εἷναι
2724 2336 2798 2399 ὡς
2836 2337 2905 2388 τὰ
2963 2336 3326 2401 ὑποκείμενα,
3386 2335 3499 2400 εἴγε
3544 2331 3872 2401 προσωπικὴ
3905 2330 3989 2400 εἴη

2404 2433 2497 2483 καὶ
2529 2431 2601 2499 μὴ
2627 2432 2724 2497 τῆς
2760 2430 2974 2498 φύσεως
3011 2429 3232 2498 ἰδιότης.
3273 2428 3342 2480 Ἢ
3373 2427 3470 2495 μία
3497 2425 3632 2480 οὖσα
3663 2426 3759 2480 καὶ
3778 2442 3991 2496 προσω-

2406 2523 2564 2589 πικὴ,
2608 2521 2725 2582 ἐνὸς
2763 2522 2827 2573 ἂν
2850 2517 2917 2588 ἦν
2939 2519 3236 2590 προσώπου
3269 2519 3462 2588 δήπου,
3509 2519 3781 2586 ἀκινήτως
3809 2519 3863 2568 ὲν
3895 2517 3992 2568 αὑ-

2407 2613 2578 2682 τῷγε
2635 2611 2969 2682 ὁριζομένην
3027 2612 3169 2665 οὑτω
3200 2612 3255 2664 δὲ
3305 2611 3402 2663 καλ⁴
3457 2611 3624 2663 ἔστιν.
3668 2611 3988 2678 ’Δκινὴτους

2409 2707 2516 2776 γὰρ
2547 2708 2627 2759 δεῖ
2661 2702 2801 2760 εἶναι
2854 2708 2952 2769 τάς
2987 2706 3240 2768 τοιαύτας
3301 2706 3593 2773 ἰδιότητας.
3647 2704 3719 2756 Ἠ
3767 2703 3886 2765 πῶς
3929 2702 3996 2754 ἂν

2412 2799 2670 2864 ἰδιότητες
2725 2799 2966 2867 μείνειαν
3015 2798 3329 2866 κινούμεναι
3391 2797 3484 2849 καὶ
3527 2797 3989 2865 μεταπίπτουσαι,

2411 2893 2552 2943 κατὰ
2586 2892 2676 2943 τὸν
2705 2891 2956 2963 θεολόγον
2995 2891 3299 2960 Γρηγόριον
3327 2906 3340 2952 ;
3397 2890 3589 2958 Διττῆς
3621 2888 3676 2940 δὲ
3705 2889 3802 2957 τῆς
3831 2889 3992 2942 δυνά-

2415 3001 2557 3052 μεως
2589 2983 2757 3053 οὑσης
2781 2984 2919 3036 κατὰ
2957 2983 3049 3035 τὸν
3078 2981 3311 3052 ἀριθμὸν
3343 2981 3451 3034 τῶν
3477 2979 3876 3048 ὑποκειμένων,
3912 2975 3995 3042 οἷς

2411 3079 2510 3148 τὴν
2541 3079 2770 3147 δύναμιν
2795 3079 2950 3132 αὐτοὶ
2990 3077 3216 3141 διδόασι,
3253 3077 3348 3128 καὶ
3383 3076 3477 3128 δύο
3508 3074 3673 3145 ἀρχαὶ
3701 3072 3794 3123 τοῦ
3826 3075 3996 3125 Πνεύ·

2342 3181 2386 3240 (ς
2429 3187 2596 3236 ματος
2628 3169 2841 3221 ἔσονται
2872 3171 2942 3222 τὰ
2962 3169 3111 3238 διττῇ
3140 3166 3368 3236 δυνάμει
3393 3167 3725 3235 προάγοντα.
3772 3162 3859 3223 Ὧς
3889 3161 3997 3228 γάρ

2419 3260 2674 3311 ἀδύνατον
2706 3261 2764 3310 ὲν
2797 3259 2919 3311 δυσὶ
2952 3259 3264 3327 προσώποις
3287 3257 3452 3318 θείοις
3492 3252 3634 3307 εἶναί
3677 3271 3799 3306 τινα
3835 3252 3998 3304 δύνα-

2423 3366 2516 3419 μιν
2554 3351 2704 3418 μίαν,
2734 3350 2831 3402 ἐὰν
2871 3351 2946 3418 μὴ
3045 3349 3308 3416 οὑσιώδης
3344 3351 3438 3400 καὶ
3477 3345 3703 3415 φυσικὴ,
3733 3344 3876 3395 οὑτω
3905 3343 4001 3394 καὶ

2420 3445 2512 3496 δύο
2538 3444 2800 3511 δυνάμεις
2833 3439 2971 3494 εἶναι
3004 3445 3053 3494 εί
3100 3443 3173 3511 μὴ
3209 3440 3616 3507 ἀντικειμένας,
3648 3437 3679 3505 ἢ
3709 3436 4000 3503 διαφόρους

2422 3533 2574 3596 είόει,
2601 3530 2673 3588 ὧν
2703 3534 2984 3604 οὐδέτερον
3015 3534 3281 3604 προσήκει
3307 3534 3395 3600 τῇ,
3429 3531 3502 3592 ὡς
3525 3529 3678 3581 αὐτοί
3707 3544 3862 3594 φασι,
3905 3526 4004 3595 μιᾷ

2425 3629 2656 3697 δυνάμει
2685 3631 2742 3680 ἐν
2781 3629 2954 3695 Πατρὶ
2999 3629 3093 3680 καὶ
3125 3626 3238 3695 Υἱῷ
3264 3641 3275 3653 ’
3307 3624 3422 3685 πῶς
3452 3623 3561 3691 γάρ
3592 3619 3809 3681 πλείους
3836 3621 3868 3687 ἡ
3905 3619 4004 3686 μία

2425 3722 2611 3783 ἔσται;
2649 3723 2708 3774 Εἰ
2739 3721 2796 3773 δὲ
2851 3721 3066 3788 ἀνάγκη
3100 3718 3359 3778 τοιαύτας
3413 3711 3555 3767 εἶναι
3599 3713 3692 3766 δύο
3723 3730 3786 3780 γε
3815 3709 4006 3771 οὑσας,

2427 3817 2541 3877 πῶς
2570 3817 2636 3868 ἂν
2669 3810 2779 3866 εἶεν
2846 3813 2965 3866 κατ’
2997 3814 3193 3873 αὐτοὺς
3233 3811 3291 3862 ἓν
3327 3828 3379 3863 τι
3411 3804 3491 3870 οἷς
3527 3800 3688 3859 αὗται
3725 3803 4006 3871 ὑπάρχου-

2431 3924 2553 3972 σιν;
2601 3907 2770 3976 Ἀρχὴ
2816 3905 2872 3957 δὲ
2902 3906 3164 3971 ἑκατέρα,
3206 3903 3279 3964 ὡς
3308 3901 3463 3954 αὐτοί
3501 3914 3633 3963 φασι
3670 3896 3760 3947 διὰ.
3783 3894 3882 3962 τὴν
3911 3890 4007 3943 τοῦ

2430 4001 2755 4070 προϐάλλειν
2790 3999 3058 4067 δύναμιν,
3103 3997 3168 4066 ἢν
3207 3995 3303 4064 οὑχ
3337 3987 3448 4045 οἷόν
3485 4009 3543 4044 τε
3600 3988 3740 4042 εἶναι
3794 3988 3922 4054 μίαν
3954 3986 4009 4035 ἐν

2430 4096 2650 4162 ἀμφοῖν,
2691 4091 2832 4145 ὥστε
2885 4092 2978 4142 καὶ
3022 4091 3159 4141 αὑτὰ
3192 4089 3320 4156 μίαν
3349 4085 3523 4154 ἀρχὴν
3555 4079 3692 4136 εἶναι
3725 4079 4008 4138 ἀδύνατον,

2431 4188 2486 4238 ὲν
2512 4186 2587 4253 τῷ
2628 4185 2975 4253 προϐάλλειν,
3013 4182 3126 4248 εἴγε
3164 4178 3558 4249 προϐάλλουσιν
3582 4173 3769 4241 ἄμφω.

2520 4276 2675 4330 Ἐπεὶ
2702 4277 2756 4329 δὲ
2786 4277 3002 4344 ἀνάγκη
3037 4275 3166 4343 μίαν
3218 4271 3393 4340 ἀρχὴν
3425 4263 3590 4331 εἶναι,
3621 4265 3738 4333 εἴγε
3771 4262 4010 4332 προϐάλο

2435 4370 2636 4433 λουσιν,
2671 4368 2932 4421 ἀδύνατόν
2969 4366 3085 4418 ἐστι
3121 4364 3308 4416 λοιπὸν
3335 4363 3503 4430 ἄμφω
3534 4356 3881 4428 προϐάλλειν.
3910 4357 4011 4405 Λέ-

2435 4459 2621 4527 γοντές
2651 4475 2709 4509 τε
2756 4456 2920 4526 μηδὲν
2942 4456 3140 4510 ἄτοπον
3170 4449 3309 4506 εἶναι
3337 4453 3467 4521 μίαν
3508 4451 3749 4518 ἰδιότητα
3770 4449 3828 4499 ὲν
3859 4445 4012 4497 δυσὶν

746 4548 866 4612 ρῖας
923 4543 1367 4610 ἑπανακάμπτει.
1406 4541 1685 4611 Ζητοῦμεν
1720 4543 1829 4611 γὰρ
1866 4543 2029 4596 πόθεν
2083 4544 2194 4611 ἔχει
2225 4544 2322 4612 τὴν
2355 4542 2403 4602 Ι)
2432 4549 2812 4616 ὑποκειμένοις
2843 4546 3131 4614 ὑπάρχειν,
3165 4543 3291 4610 μίαν
3322 4542 3505 4610 ἔχουσι
3539 4540 3700 4609 φύσιν
3728 4541 3823 4592 καὶ
3849 4542 4011 4609 ἀριθ-

742 4637 970 4704 ὲνότητα
1002 4634 1140 4703 αῦτη
1181 4637 1212 4703 ἡ
1255 4636 1355 4704 μία
1407 4635 1748 4706 προδλητικὴ
1777 4635 2029 4706 δύναμις,
2061 4638 2092 4704 ἡ
2127 4639 2182 4688 ἐν
2208 4637 2319 4688 Πα-

741 4731 832 4793 τρὶ
868 4729 959 4780 καὶ
985 4727 1116 4798 Υίῷ,
1163 4727 1391 4794 πότερον
1423 4729 1487 4780 ὲκ
1512 4728 1610 4796 τῆς
1644 4728 1894 4798 ὲνότητος
1918 4729 2016 4797 τῆς
2045 4745 2324 4798 προσωπι-

743 4821 865 4888 κῆς,
893 4821 1042 4872 πᾶσα
1073 4819 1196 4888 γάρ
1215 4818 1449 4887 δύναμις
1499 4821 1556 4871 ἐν
1597 4821 1705 4880 τοῖς
1760 4820 1945 4881 θείοις,
1981 4821 2010 4889 ἢ
2060 4821 2324 4890 οὐσιώδης

740 4914 910 4978 ἐστὶν,
946 4912 1126 4964 εἱ’τουν
1172 4913 1269 4981 τῆς
1294 4913 1505 4975 οὐσίας,
1540 4911 1571 4982 ἢ
1614 4913 1972 4984 ὑποστατικὴ,
2006 4913 2184 4967 είτουν
2232 4915 2324 4967 τοῦ

744 5007 1060 5074 προσώπου.
1113 5005 1176 5057 Εἰ
1211 5005 1309 5074 μὲν
1356 5005 1420 5074 δὴ
1472 5005 1538 5057 ἐκ
1570 5006 1667 5074 τῆς
1708 5007 1960 5075 ὲ-λότητος
1990 5009 2086 5076 τῆς
2141 5007 2328 5069 οὐσίας

741 5095 951 5164 ἀνίσχει
979 5096 1269 5165 καὶταύτῃ
1311 5095 1530 5157 ἓπεται,
1559 5096 1747 5166 ὥσπερ
1777 5097 1882 5167 ἄρα
1911 5099 2005 5151 καὶ
2047 5102 2078 5166 ἡ
2120 5097 2213 5151 τοῦ
2238 5099 2330 5167 δη-

744 5189 1031 5257 μουργεῖν
1057 5187 1306 5257 δύναμις,
1356 5189 1388 5258 ἢ
1429 5191 1521 5242 κα¹ι
1552 5191 1715 5243 ἑαυτὸ
1738 5191 1968 5258 προάξει
1999 5193 2058 5244 :6
2085 5193 2330 5262 Πνεῦμα,

743 5284 799 5331 ἐν
822 5284 888 5349 τῇ
912 5281 1048 5349 αὑτῇ
1078 5281 1288 5349 ὲνότητι
1319 5281 1416 5350 τῆς
1448 5283 1681 5345 πίστεως
1707 5283 1787 5349 ὃν,
1824 5286 1915 5338 καὶ
1939 5286 2025 5338 διά
2047 5287 2204 5339 τοῦτο
2236 5288 2330 5357 τὴν

744 5371 912 5442 αὐτὴν
956 5371 1186 5440 δύναμιν
1243 5373 1421 5443 ἔχειν’
1457 5374 1487 5444 ἢ
1532 5377 1579 5427 εἰ
1625 5375 1699 5445 μὴ
1727 5378 1892 5429 ἑαυτὸ
1923 5379 2169 5447 προάξει,
2208 5381 2325 5432 κτί-

745 5481 858 5530 σμα
889 5463 1066 5527 ἔσται,
1096 5467 1188 5516 καὶ
1223 5465 1318 5516 οὐκ
1355 5465 1412 5515 ἐν
1443 5471 1510 5534 τῇ
1566 5469 1699 5536 αὐτῇ
1731 5466 1830 5535 τῆς
1869 5469 2056 5530 οὐσίας
2087 5470 2323 5539 ἐνότητι,

743 5558 1030 5625 δυνάμ;ως
1067 5559 1325 5629 τοιαύτης
1381 5559 1772 5628 ἐστερημένον.
1825 5561 1886 5613 El
1910 5560 1966 5613 δὲ
2004 5567 2327 5632 προσωπικῇ

745 5655 956 5721 ἑνότητι
1007 5654 1219 5718 ἕπεται,
1259 5653 1588 5724 προσωπικὴ
1642 5653 1774 5708 ςῦοα
1806 5655 1879 5717 ὡς
1917 5656 1945 5723 ἡ
1986 5656 2077 5707 τοῦ
2135 5660 2330 5726 γεννᾷν

745 5747 972 5817 δύναμις
1004 5747 1060 5797 ἓν
1088 5747 1380 5816 πρόσωπον
1415 5749 1441 5799 6
1478 5747 1667 5815 Πατὴρ
1699 5750 1853 5800 ἔσται
1892 5750 1982 5799 καὶ
2017 5752 2042 5801 ό
2068 5751 2090 5799 ἱ
2117 5753 2213 5811 ιός,
2243 5753 2333 5802 καὶ

748 5839 819 5902 ὡς
850 5837 905 5890 ἓν
947 5840 1234 5907 πρόσωπον
1268 5838 1325 5890 :6
1351 5839 1567 5907 Πνεῦμα
1608 5839 1853 5906 προάξει.
1897 5841 2131 5906 Μηχανη
2156 5842 2212 5893 ιε
2241 5841 2323 5892 οὑ-

2430 4643 2515 4712 μῷ
2561 4643 2719 4712 μίαν,
2771 4642 2818 4692 εί
2872 4639 2969 4707 μὲν
3027 4636 3106 4705 τῷ
3150 4635 3290 4706 λόγῳ
3345 4635 3518 4703 τούτῳ
3568 4635 3660 4686 καὶ
3705 4635 3805 4696 τὰς
3859 4652 4013 4702 φυσι-

2429 4738 2530 4796 κὰς
2578 4735 2846 4802 ἰδιότητας
2875 4729 3364 4798 περιλαμϐάνουσι,
3390 4726 3634 4779 τουτέστι
3666 4727 3765 4790 τάς
3793 4728 4016 4795 θεοπρε-

2433 4831 2555 4890 πεῖς
2588 4826 2684 4878 καὶ
2720 4823 2925 4886 κοινάς,
2956 4820 3153 4890 ἀληθὲς
3179 4821 3450 4886 λέγουσιν,
3483 4819 3596 4872 ἀλλ’
3623 4818 3684 4870 οὑ
3712 4820 4018 4888 συμπεραί-

2432 4935 2635 4971 νουσιν.
2673 4918 2738 4969 Ἠ
2771 4916 2880 4986 γάρ
2908 4914 3249 4984 προϐλητικὴ
3282 4913 3531 4981 δύναμις,
3565 4912 3697 4982 μηδὲ
3730 4914 3806 4982 τῷ
3840 4913 4012 4964 [1:56-

2437 5029 2567 5080 ματι
2601 5008 2900 5079 προσοῦσα,
2937 5007 3037 5060 οὐκ
3062 5007 3176 5058 ἔστι
3212 5006 3459 5074 τοιαύτη.
3492 5006 3624 5058 Είδὲ
3655 5004 4015 5075 προσωπικὴν

2435 5103 2675 5170 ἰδιότητα
2713 5101 2772 5150 ἐν
2798 5099 2874 5168 τῷ
2917 5099 3060 5168 λόγῳ
3094 5098 3298 5159 νοοῦσι,
3331 5095 3715 5164 νομοθετοῦσιν
3746 5096 4010 5146 ἐοίκασιν.

2432 5191 2701 5259 Οὑδεμίαν
2724 5189 2830 5260 γάρ
2863 5190 3099 5254 δείξουσι
3124 5188 3485 5257 προσωπικὴν
3513 5177 3756 5255 Δἰδιότητα
3788 5189 3843 5239 ἐν
3869 5187 4018 5238 δυσὶν

2433 5285 2815 5352 ὑποκειμένοις
2851 5282 2979 5351 μίαν
3005 5276 3144 5333 εἶναι
3190 5281 3267 5350 τῷ
3320 5279 3560 5348 ἀριθμῷ,
3598 5282 3645 5330 εἰ
3689 5283 3763 5349 μὴ
3795 5280 3889 5346 τῂν
3925 5282 4018 5346 ξη-

2433 5377 2705 5446 τουμένην
2753 5377 2908 5444 φαῖεν
2951 5374 3145 5442 αὑτὴν,
3200 5373 3298 5443 τὴν
3343 5373 3725 5442 προδλητικὴιί
3770 5372 4014 5439 γελοίως.

2437 5469 2574 5523 Οὑτε
2610 5469 2708 5539 τὴν
2743 5468 2836 5522 τοῦ
2887 5469 3127 5537 πέμπειν
3169 5467 3228 5520 :6
3264 5466 3485 5533 Πνεῦμα
3527 5467 3756 5532 δύναμιν
3809 5466 4015 5534 ἐροῦσι,

2439 5565 2589 5632 κοινὴ
2641 5562 2747 5630 γάρ
2777 5563 2948 5625 ἐστιν,
2999 5562 3078 5613 ὅτι
3120 5560 3176 5612 :6
3205 5559 3428 5626 Πνεῦμα
3465 5561 3553 5610 καὶ
3593 5558 3752 5610 ἑαυτδ
3783 5560 4020 5626 πέμπειν

2440 5657 2679 5719 λέγεται,
2736 5657 2828 5708 καὶ
2861 5655 3021 5707 ἑαυτὸ
3053 5655 3277 5707 διδόναι.
3317 5655 3389 5705 O6
3433 5654 3538 5720 γέιρ
3570 5652 3718 5704 αἰτία
3753 5653 3845 5704 τοῦ
3881 5654 4014 5719 πέμ

2444 5766 2632 5810 ποντος
2687 5750 2822 5813 πρὸς
2861 5749 2915 5799 :6
2971 5747 3325 5815 πεμπόμενον
3365 5749 3563 5795 νοεῖται
3622 5744 3912 5810 πράοωηον
3965 5743 4023 5803 ἐξ,

2445 5840 2710 5902 ἀνάγκης.
2766 5840 2897 5892 ἀλλὰ
2940 5839 3140 5901 μαλλον
3197 5839 3252 5898 ἐξ
3311 5839 3659 5902 ἀμφοτέρων,
3726 5835 3936 5888 Μᾶλλον
3967 5835 4022 5885 δὲ
