4420 6448
427 425 540 486 ’713

1433 424 1531 482 DE
1595 421 2033 485 ADDLTIONE
2079 423 2181 484 AD
2216 421 2664 485 SYMBOLUM.
3583 419 3686 482 7H

427 542 594 602 καίως
627 540 913 610 ἐσχήκασι,
949 542 1044 592 καὶ
1099 538 1269 606 φειδοῖ
1329 535 1593 604 σιγάσθω.
1627 538 1706 590 Τά
1734 537 1790 589 δέ
1829 535 2009 606 βιϐλία
2040 549 2084 604 Α
2114 538 2376 606 ρεύσεως,
2411 530 2455 605 ᾧ
2494 537 2621 601 δόξα
2659 538 2749 590 καὶ
2778 535 2854 607 τῷ
2886 535 3160 606 ὁμοουσίῳ
3191 533 3302 606 mp
3334 534 3427 587 καὶ
3469 535 3545 604 τῷ
3579 537 3697 589 Πα·

426 635 724 704 κηρύττειν
786 634 944 701 ἡμεῖς
995 632 1049 684 δὲ
1114 632 1275 701 χάριν
1335 628 1531 699 ἔχομεν
1582 630 1667 699 τῷ
1711 632 2010 697 φωτίσαντι

427 728 572 796 ἡμᾶς
603 725 742 795 ἁγίῳ
770 725 1052 794 Πνεύματι
1084 725 1214 794 περὶ
1248 723 1344 792 τῆς
1376 724 1439 775 ἐκ
1469 721 1564 774 τοῦ
1593 723 1806 793 Πατρδς
1838 725 2008 776 ἐκπο-

2120 631 2232 698 τρὶ,
2263 631 2328 698 τῇ
2379 610 2626 699 μακαρίᾳ
2671 628 2862 698 Τριάδι
2894 631 2951 681 ἐν
2993 628 3204 698 ἑνότητι
3256 626 3476 694 φύσεως
3525 626 3692 697 ἄκρα.

2117 719 2212 774 νῦν
2243 735 2302 772 τε
2337 721 2430 773 καὶ
2465 722 2547 784 είς
2577 722 2703 784 τοὺς
2736 720 2938 783 αἰῶνας
2968 721 3074 772 τῶν
3113 717 3346 774 αἰώνων.
3389 717 3585 788 Ἀμήν.

3331 914 3628 928 —

433 916 3629 949 Μ

1609 1082 1911 1200 ΤΟΥ
2028 1082 2527 1198 ΑΥΤΟΥ

539 1311 1656 1488 ΓΕΩΡΓΙΟΥ
1763 1311 2205 1482 ΤΟΥ
2289 1307 3610 1483 ΣΧΟΛΑΡΙΟΥ

1537 1583 1771 1637 ΚΑΤΑ
1820 1582 1987 1636 ΤΗΣ
2040 1578 2606 1634 ΠΡΟΣΘΗΚΙΙΣ

967 1703 1063 1756 ΠΝ
1097 1701 1188 1755 ΕΝ
1229 1700 1318 1770 Ἰᾭ
1373 1699 1698 1768 ΣΥΜΒΟΛῼ
1732 1697 1870 1751 ΤΗΣ
1901 1695 2196 1750 ΠΙΣΤΕΩΣ
2225 1692 2689 1749 ΠΡΟΣΕΘΙΙΚΑΝ
2732 1697 2795 1749 01
2857 1693 3165 1748 ΛΑΤῙΝΟΙ.

507 2022 671 2074 Ὅθεν
701 2021 798 2090 μέν
830 2022 924 2072 καὶ
949 2019 1096 2083 ὅπως
1130 2020 1221 2071 ἐπὶ
1249 2019 1346 2088 τὴν
1374 2020 1430 2071 ἐν
1448 2019 1526 2089 τῷ
1558 2020 1816 2090 συμϐόλῳ
1853 2037 2018 2091 προσ.-
2051 2028 2093 2087 B
2126 2041 2218 2094 ρον
2259 2023 2468 2083 πλάσας
2492 2015 2608 2074 εἶτα
2639 2017 2971 2091 προσετίθει.
3012 2017 3197 2085 σχῆμα
3223 2014 3352 2084 γοῦν
3395 2016 3704 2081 οίκουμενι-

433 2115 612 2187 θήκην
640 2116 688 2167 οί
723 2115 939 2168 Λατῖνοι
961 2113 1296 2181 κεκίνηνται,
1320 2113 1484 2181 ἄλλης
1504 2113 1570 2165 ἂν
1590 2111 1799 2180 γένοιτο
1823 2113 2013 2182 χρείας

435 2208 713 2273 ἐξετάζειν
740 2224 797 2258 τε
834 2208 928 2260 καὶ
955 2209 1180 2259 σκοπεῖν
1201 2222 1215 2238 ο
1258 2205 1594 2275 προσέθεσαν
1625 2205 1681 2257 δέ
1706 2205 1855 2265 ὅπως
1881 2206 2013 2256 ποτὲ

432 2302 611 2369 δόγμα
647 2299 726 2368 τῷ
755 2297 1009 2368 συμϐόλῳ
1038 2299 1136 2368 τῆς
1166 2298 1404 2359 πίστεως
1432 2295 1492 2348 οὐ
1527 2297 1743 2367 μικρὸν,
1778 2297 1898 2348 οὐδὲ
1931 2314 2015 2364 μι-

431 2395 572 2460 κρᾶς
601 2392 830 2460 ἐρεύνης
857 2389 1138 2459 δεόμενον.
1158 2389 1231 2442 Ού
1262 2389 1369 2456 γὰρ
1399 2387 1618 2458 μικρὸν,
1651 2389 1759 2441 εῖτε
1786 2389 2016 2456 προάγει

430 2488 457 2538 ό
491 2485 586 2538 τοῦ
618 2484 752 2537 Θεοῦ
793 2483 964 2551 Λόγος
1007 2484 1200 2551 ἑτέραν
1235 2480 1386 2533 θείαν
1433 2480 1756 2544 ὑπόστασιν,
1786 2479 1862 2542 ὡς
1919 2481 2015 2533 αύ-

431 2577 522 2638 τδς
548 2577 612 2627 ἐκ
635 2575 730 2628 τοῦ
765 2574 905 2626 Θεοῦ
939 2575 1240 2644 προάγεται
1270 2571 1566 2633 ὑπόστασις
1593 2571 1687 2622 καὶ
1729 2570 1867 2636 θεία,
1902 2574 2012 2625 εἴτε

431 2669 522 2719 καὶ
557 2668 630 2736 μή
659 2682 672 2696 ⁶
708 2667 803 2720 καὶ
847 2665 938 2718 διά
965 2665 1122 2718 τοῦτο
1152 2663 1251 2732 τῆς
1293 2662 1400 2714 τῶν
1447 2661 1693 2714 Λατίνων
1747 2662 2018 2730 ἀπέσχετο

434 2759 786 2830 κοινωνίαςή
833 2758 934 2826 τῆς
977 2755 1164 2818 Ἀσίας
1213 2754 1476 2823 σύμπασα
1524 2753 1850 2814 καθοσίωσις
1876 2769 1889 2782 ⁶
1917 2754 2017 2806 ούκ

436 2852 596 2914 εὐθὺς
630 2851 746 2919 μὲν,
777 2850 897 2903 οὐδὲ
932 2846 1206 2911 καθάπαξ,
1258 2847 1372 2900 ἀλλ’
1410 2847 1504 2897 ἐπὶ
1538 2846 1760 2908 πολλαῖς
1795 2848 2014 2898 ἐπιστο-

435 2947 575 3008 λαῖς,
596 2945 689 2998 καὶ
717 2943 1059 3011 πρεσϐείαις,
1091 2942 1181 2994 ἐπὶ
1211 2940 1423 3003 πολλοῖς
1446 2941 1591 2992 ἔτεσι
1618 2937 2018 3008 διορθώσασθαι

441 3037 816 3109 πειραθέντες,
863 3036 1152 3106 ἀπέκαμόν
1197 3051 1256 3088 τε
1311 3036 1404 3087 καὶ
1435 3034 1535 3103 τῆς
1592 3034 1833 3101 ἰατρείας
1881 3031 2019 3102 ἀπέ-

431 3149 668 3200 γνωσαν.
702 3131 897 3183 Καίτοι
929 3129 1024 3182 καὶ⁸
1061 3129 1237 3181 ἄλλων
1261 3126 1422 3179 ἕνεκα
1457 3125 1748 3178 ἐνεκάλουν
1788 3123 2018 3185 ἐκείνοις

437 3227 707 3297 πρότερον
759 3225 808 3278 οί
861 3225 1104 3294 Ιίατέρες
1137 3223 1316 3293 ἡμῶν,
1365 3218 1476 3275 οἷόν
1511 3223 1627 3274 ἐστι
1677 3221 1771 3274 καὶ
1821 3221 1880 3272 τδ
1911 3219 2018 3272 τῶν

434 3320 663 3390 ἀζύμων
693 3320 1098 3388 καινοτόμημα.
1143 3317 1282 3370 Ἀλλ’
1310 3316 1500 3384 ὥσπερ
1530 3318 1782 3384 κορωνὶς,
1821 3314 1913 3366 καὶ
1944 3314 2012 3365 δι’

2122 2116 2216 2168 κδν
2300 2111 2443 2183 εῖχεν
2515 2114 2581 2166 ἂν
2651 2115 2693 2176 11
2746 2111 3069 2180 προσθήκη·
3126 2109 3219 2162 νῦν
3284 2108 3349 2162 ’δὲ
3402 2109 3539 2177 μετά
3600 2107 3700 2177 τὴν

2122 2210 2441 2280 προσθήκην
2473 2209 2565 2260 καὶ
2591 2207 2690 2275 τὴν
2716 2206 2980 2274 διαίρεσιν
3026 2207 3154 2266 τοὺς
3191 2205 3536 2274 πατριάρχας
3571 2220 3700 2270 χει-

2127 2301 2380 2372 ροτονῶν,
2414 2301 2461 2352 εί
2509 2298 2582 2368 μὴ
2617 2300 2792 2366 μάτην
2821 2296 2981 2350 τοῦτο
3034 2299 3196 2363 ποιεῖ,
3230 2295 3329 2364 τῆς
3379 2295 3701 2365 προσθήκης

2121 2395 2194 2457 ὡς
2227 2393 2428 2453 ἀδίκως
2471 2392 2777 2460 γενομένης
2825 2388 3292 2457 καταψηφίζεται.
3325 2386 3437 2440 Καὶ
3479 2385 3613 2439 αὐτὸ
3643 2385 3702 2438 δὲ

2121 2488 2181 2539 τδ
2213 2485 2556 2554 πατριάρχας
2580 2484 2906 2553 χειροτονεῖν
2934 2483 3058 2536 ὅσον
3086 2481 3229 2534 ἐστὶν
3257 2483 3341 2543 είς
3367 2478 3704 2548 φιλονεικίας

2123 2578 2400 2644 ἀπόδειξιν
2425 2580 2532 2640 πᾶς
2567 2576 2691 2630 νοῦν
2741 2575 2884 2646 ἔχων
2924 2577 3196 2629 σκοπείτω
3226 2593 3238 2606 ·
3274 2574 3378 2628 ποῦ
3418 2574 3527 2643 γάρ
3569 2573 3700 2643 ἐξῆν

2121 2672 2199 2738 τῷ
2237 2671 2459 2738 Ῥώμης
2490 2670 2739 2738 ἀρχιερεῖ
2770 2668 3116 2738 πατριάρχας
3143 2670 3504 2738 χειροτονεῖνς
3535 2667 3708 2721 Οὐδα-

2127 2761 2232 2830 μοῦ
2269 2763 2469 2830 δήπου,
2524 2762 2631 2814 οὐδ’
2667 2762 2730 2812 ἐκ
2760 2759 2853 2813 τοῦ
2907 2761 2980 2831 μὴ
3031 2763 3344 2830 συμφωνεῖν
3392 2759 3542 2831 αὐτῷ
3581 2762 3706 2822 τοὺς

2123 2854 2343 2916 λοιποὺς
2396 2855 2762 2924 πατριάρχας,
2797 2852 2908 2906 εἴτε
2952 2853 3176 2917 δικαίως
3206 2855 3318 2908 εἴτε
3359 2854 3453 2906 καὶ
3483 2852 3706 2922 φαύλως

2124 2945 2346 3015 εὔλογον
2401 2946 2466 2999 ἂν
2507 2947 2588 3016 εῖη
2649 2947 2911 3014 πράττειν
2965 2946 3129 2998 αὑτὸν
3183 2938 3322 3012 ὅπερ
3351 2937 3703 3014 ούκ¹έξεστι.

2125 3036 2345 3090 Μᾶλλον
2377 3038 2485 3107 γάρ
2522 3037 2586 3090 ἂν
2615 3033 2682 3106 ἦν
2728 3036 3111 3106 οίκουμενικδς
3144 3037 3509 3108 πατριάρχης,
3545 3039 3705 3108 εἴπερ

2128 3129 2412 3182 συνέϐαινε
2448 3129 2573 3192 τοὺς
2606 3129 2798 3193 ἄλλους
2833 3131 3040 3194 πάντας
3069 3133 3403 3199 κακοδοξεῖν,
3445 3133 3519 3196 ὡς
3547 3134 3708 3195 αὐτός

2128 3241 2288 3291 φησι,
2330 3222 2486 3290 μόνος
2514 3223 2638 3285 τοὺς
2669 3223 2992 3293 όρθοδόξους
3042 3226 3371 3295 ποιμαίνων,
3417 3225 3512 3279 καὶ
3546 3229 3708 3296 μόνος

2128 3317 2478 3386 πατριάρχης
2510 3315 2583 3368 ῶν
2607 3317 2665 3369 ἐν
2695 3317 2900 3378 αὐτοῖς,
2938 3317 2970 3385 ἦ
2999 3319 3389 3388 συναριθμίους
3420 3319 3558 3389 ἔχων
3582 3319 3709 3382 τοὺς

435 3411 501 3480 ἣν
524 3411 626 3463 ούκ
652 3409 732 3462 ἔτι
766 3406 904 3479 ἦσαν
956 3408 1173 3461 ἀνεκτοὶ
1222 3406 1330 3458 τῶν
1361 3403 1742 3473 καινοτομιῶν,
1777 3406 1808 3473 ἡ
1858 3405 1914 3454 ἐν
1941 3403 2018 3471 τῷ
2047 3403 2090 3429 υ
2127 3411 2544 3476 πεπλασμένους
2577 3427 2589 3442 ·
2622 3410 2810 3477 ἓτερον
2846 3410 2954 3478 γάρ
2987 3427 3109 3462 τινα
3143 3411 3348 3478 τρόπον
3392 3412 3709 3483 ἁμαρτήσε-

440 3500 695 3571 συμϐόλῳ
726 3501 994 3570 γενομένη
1031 3499 1317 3569 προσθήκη
1351 3497 1448 3566 τήν
1484 3495 1768 3548 διάστασιν
1810 3494 2018 3546 δικαιό-

437 3610 594 3663 τερον
619 3595 997 3662 ἐπηνάγκασε.

511 3687 652 3757 Τρία
698 3687 754 3740 δὲ
804 3685 974 3739 ταῦτα
1021 3687 1170 3739 δεινά
1201 3689 1314 3748 τοῖς
1356 3689 1412 3738 ἐν
1456 3686 1613 3754 Ἀσίᾳ
1651 3682 2018 3752 πατριάρχαιε

441 3784 616 3836 ἐδόκει
649 3785 773 3851 περὶ
810 3783 1076 3844 Λατίνων,
1114 3781 1272 3845 εὐθὺς
1297 3784 1395 3850 τὴν
1436 3779 1757 3848 προσθήκην
1786 3793 2017 3842 πεποιη-

445 3877 620 3945 μένων
646 3893 658 3906 ·
690 3876 772 3928 ὅτι
799 3893 859 3926 τε
890 3873 1241 3943 προσετίθουν
1267 3873 1346 3942 τῷ
1374 3872 1628 3942 συμϐόλῳ
1656 3871 1754 3938 τῆς
1782 3871 2018 3929 πίστεως

443 3971 674 4039 πρᾶγμα
704 3971 994 4035 τέσσαρσιν
1029 3967 1432 4034 οίκουμενικαῖς
1466 3963 1704 4022 συνόδοις
1753 3962 1890 4031 μετὰ
1921 3961 2022 4028 τὴν

439 4063 632 4133 τρίτην
663 4058 1108 4130 πεφυλαγμένον,
1143 4059 1234 4109 καὶ
1268 4058 1393 4118 τοὺς
1425 4055 1640 4123 ἐκείνης
1677 4051 2015 4121 διορισμούς·

444 4157 534 4206 καὶ
564 4156 644 4204 ὅτι
685 4154 838 4221 μόνοι
864 4149 1020 4204 τοῦτο
1068 4151 1311 4217 ἐτόλμων
1337 4165 1349 4178 ·
1385 4148 1476 4202 καὶ
1517 4147 1596 4198 ὅτι
1627 4144 1786 4208 δόξαν
1826 4161 2024 4211 προσε-

442 4243 620 4296 τίθουν
672 4243 872 4312 ἣκιστα
922 4240 1214 4310 γνώριμον.
1266 4240 1445 4307 Μέχρι
1495 4237 1678 4288 τοίνυν
1721 4235 1912 4287 τούτου
1963 4235 2023 4286 τὸ

445 4339 708 4403 πταῖσμα·
739 4333 847 4385 τῶν
877 4333 1122 4385 Λατίνων
1172 4332 1311 4385 ἐστί.
1343 4331 1450 4383 Καὶ
1478 4330 1566 4383 τὸν
1597 4327 1751 4394 λόγον
1778 4327 1872 4380 τοῦ
1908 4328 2023 4400 σχί-

444 4445 646 4494 Gyaro;
678 4427 726 4477 οἱ
761 4423 1210 4493 καινοτομοῦντες
1246 4423 1373 4476 ἄνευ
1405 4420 1499 4473 τοῦ
1540 4418 1786 4487 μείζονος
1823 4418 2022 4486 μέρους

444 4519 539 4586 τῆς
583 4516 935 4586 Ἐκκλησίας,
965 4517 1063 4585 ούχ
1103 4516 1150 4567 οἱ
1191 4515 1264 4583 μὴ
1305 4513 1618 4582 βουλόμενοι
1673 4526 2024 4576 συγκαινοτο-

447 4614 568 4680 μεῖν
600 4610 692 4662 καὶ
727 4608 1164 4676 συγκινδυνεύειν
1199 4607 1530 4673 ὀφείλουσιν.
1572 4605 1692 4657 Ὅτι
1723 4603 1777 4654 δὲ
1806 4601 1898 4654 καὶ
1926 4603 2024 4652 αὺ-

2125 3521 2212 3555 ται
2251 3504 2340 3554 καὶ
2369 3504 2462 3572 τῆς
2489 3501 2750 3571 ἀληθείας
2775 3502 3111 3556 διαπεσεῖται
3142 3507 3168 3557 ό
3198 3505 3266 3557 τά
3293 3505 3367 3576 μὴ
3390 3505 3517 3559 ὄντα
3539 3507 3710 3562 πλάτ-

2125 3611 2242 3646 τειν
2275 3595 2620 3664 βούλομενος.

2210 3685 2564 3757 ’Λντίρροπον
2602 3688 2657 3740 δὲ
2689 3688 2786 3757 τῆς
2816 3688 2910 3741 τοῦ
2947 3691 3151 3743 πάππα
3186 3691 3520 3758 φιλονεικίας
3549 3691 3581 3761 ἢ
3609 3693 3707 3763 ῥα-

2131 3775 2330 3844 θυμίας
2378 3778 2426 3828 οί
2477 3777 2571 3844 τῆς
2603 3777 2869 3846 ἀνατολῆς
2922 3782 3282 3851 πατριάρχαι,
3323 3784 3417 3835 καὶ
3452 3783 3706 3852 βασιλεὺς

2128 3869 2384 3922 ἑκάστοτε
2424 3873 2519 3922 σὺν
2545 3869 2748 3936 αὐτοῖς,
2786 3872 2885 3941 τὴν
2912 3872 3171 3940 ἀλήθειαν
3206 3875 3297 3926 καὶ
3336 3875 3434 3944 τὴν
3468 3875 3707 3942 μεγαλο-

2127 3962 2329 4030 ψυχίαν
2359 3962 2702 4027 ἐπεδείξαντο
2742 3965 2844 4018 κάν
2871 3965 3046 4034 τούτῳ
3076 3965 3150 4033 τῷ
3202 3967 3377 4035 μέρει.
3410 3969 3707 4036 Δυνάμενοι

2129 4051 2236 4120 γάρ
2261 4052 2620 4105 ἀναπλάττειν
2648 4053 2831 4122 πολλῷ
2861 4055 2990 4126 ῥᾷον
3024 4059 3116 4105 καὶ
3145 4055 3480 4125 δικαιότερον
3515 4058 3704 4128 ἢέκεῖ.

2130 4162 2215 4205 νος
2248 4145 2376 4208 τοὺς
2403 4145 2695 4216 τέσσαρας,
2723 4144 2846 4198 οὗτε
2879 4145 3035 4198 τοῦτο
3067 4145 3306 4211 ἐποίουν,
3336 4146 3459 4199 οὕτε
3490 4147 3706 4201 σύνοδον

2130 4237 2489 4306 συνεκρότουν
2531 4238 2659 4291 ἄνευ
2702 4236 2928 4302 ἐκείνου,
2962 4237 3032 4289 δι’
3063 4233 3131 4310 ἦς
3175 4238 3239 4289 ἂν
3275 4237 3500 4307 ἔμελλον
3538 4237 3711 4308 ψηφί-

2129 4328 2318 4391 ζεσθαι
2365 4330 2624 4381 τάναντία
2661 4329 2802 4383 πάνυ
2837 4330 2992 4382 τοῦτο
3041 4331 3364 4398 δυνάμενοι·
3396 4330 3533 4384 ἀλλὰ
3575 4331 3711 4400 μᾶλ-

2129 4423 2216 4472 λον
2256 4423 2458 4491 συνόδῳ
2489 4425 2642 4491 κοινῇ
2672 4423 2769 4493 τὴν
2806 4423 3124 4493 προσθήκην
3153 4423 3384 4494 ἐζήτουν
3412 4424 3708 4497 ἐξετασθῆ-

2131 4534 2240 4580 ναι,
2285 4516 2479 4584 σχολῆς
2543 4517 2677 4585 αὐτῇ
2709 4515 2998 4586 δεδομένης
3026 4516 3305 4587 πρότερον,
3345 4517 3420 4577 ώς
3463 4518 3607 4579 είκὸς
3640 4515 3713 4588 ἦν

2131 4611 2223 4660 καὶ
2255 4609 2484 4662 δίκαιον.
2514 4609 2577 4660 Οί
2611 4609 2686 4672 δὲ,
2722 4609 2883 4678 μέχρι
2916 4609 3014 4677 μὲν
3061 4609 3259 4678 ⁴ᾔδεσαν
3287 4610 3387 4679 τὴν
3417 4610 3710 4682 καθολικὴν

442 4704 520 4753 τἰἶ
554 4703 770 4754 Λατῖνοι
822 4701 940 4752 τότε
978 4698 1278 4767 συνῄδεσαν
1312 4699 1523 4757 ἑαυτοῖς
1557 4696 1865 4764 ἠδικηκόσι,
1897 4709 2022 4744 τεκ-
2059 4712 2100 4765 D
2144 4700 2475 4770 Ὶέξκκλησίςιν
2509 4701 2600 4751 καὶ
2650 4701 2812 4768 σοφίᾳ,
2846 4700 2938 4751 καὶ
2973 4703 3084 4762 τοῖς
3117 4701 3299 4771 ἄλλοις
3337 4703 3504 4753 πᾶσιν
3559 4703 3710 4772 hx").

449 4797 640 4861 μζριον
675 4793 924 4860 ἐναργὲς,
971 4791 1052 4843 ὃτι
1103 4788 1459 4859 πατριαρχῶν
1514 4785 1708 4839 εἴδωλα
1743 4782 2024 4850 τεσσάρων

447 4887 606 4947 εὐθὺς
652 4885 1196 4953 κεχειροτονήκεσαν,
1229 4881 1403 4935 ἄλλων
1455 4881 1582 4940 τοὺς
1628 4877 1853 4945 ἀληθεῖς
1899 4875 2025 4942 θρό-

449 4997 567 5039 νους
595 4978 849 5047 ἑχόντων,
883 4976 1179 5036 ἀνθοῦντας
1222 4974 1450 5042 δυνάμει
1488 4970 1580 5023 καὶ
1615 4970 1812 5037 πλήθει
1843 4969 1936 5035 τῆς
1968 4983 2026 5018 τε

451 5073 640 5138 σοφίας
670 5072 759 5140 καττ
792 5069 899 5122 τῶν
949 5069 1122 5122 ἄλλων
1171 5069 1391 5119 πάντων
1434 5063 1639 5117 καλῶν.
1683 5065 1741 5114 EE
1779 5061 1878 5128 μὲν
1922 5062 2027 5125 γάρ

447 5161 678 5224 ⁴ἡδύνατο
730 5162 888 5228 μόνος
936 5163 963 5210 ό
1003 5159 1222 5228 Ῥώμης
1277 5157 1645 5222 καινοτομεῖν,
1682 5151 1762 5212 τίς
1817 5147 1883 5220 ἦν
1921 5150 2028 5200 τῶν

450 5252 862 5320 πατριάρχικῶν
885 5251 1118 5303 εἰδώλων
1145 5253 1176 5318 ἠ
1206 5249 1363 5318 χρεία
1392 5263 1405 5306 ;
1438 5247 1543 5298 Καὶ
1570 5246 1617 5296 εί
1651 5244 1806 5314 μόνος
1832 5245 1858 5294 ὁ
1896 5240 2025 5293 Ῥώο

454 5363 556 5413 ρης
602 5345 987 5414 οἱκουμενικὴν
1038 5344 1358 5412 συγκροτεῖν
1389 5340 1609 5393 δύναται
1662 5336 1900 5398 σύνοδον,
1934 5336 2027 5387 καὶ

449 5439 514 5486 τά
549 5437 674 5505 περὶ
702 5437 798 5505 τὴν
831 5436 1010 5487 πίστιν
1044 5434 1268 5505 ὁρίζειν,
1302 5433 1353 5486 τί
1385 5431 1589 5494 ταύτης
1618 5431 1724 5482 ἔδει
1755 5429 1853 5497 τῆς
1887 5427 2024 5479 πλά-

453 5543 628 5590 σεωςς
663 5528 724 5579 Ei
761 5527 804 5578 δ’
831 5528 1101 5592 ἀπογνοὺς
1132 5528 1230 5594 τῆς
1272 5524 1381 5576 τῶν
1420 5521 1636 5590 ἀληθῶν
1670 5518 2023 5590 πατριαρχῶν

455 5619 771 5687 συνεργείας
817 5625 908 5671 καὶ
963 5618 1248 5680 κοινωνίας
1297 5617 1640 5685 πατριάρχας
1675 5614 2023 5683 δημιουργεῖ.

453 5711 526 5773 ιῖις
553 5715 648 5762 ούκ
677 5710 740 5763 ἂν
767 5711 940 5772 ἄλλως
968 5712 1353 5779 οἰκουμενικὴν
1376 5710 1511 5772 ’ἐξων
1544 5709 1796 5775 δύναμιν,
1828 5704 2026 5758 οὐκοῦν

454 5803 547 5856 καὶ
580 5805 678 5869 τὴν
737 5801 1056 5871 προσθήκην
1109 5801 1325 5869 φαύλως
1377 5802 1572 5865 ἐποίει,
1633 5797 2029 5868 οίκουμενικῶς

455 5893 654 5967 ταύτην
693 5895 1032 5964 ποιούμενος,
1069 5895 1270 5964 Εἰ-γάρ
1307 5895 1429 5956 τοῗις
1461 5891 1807 5963 πατριάρχας
1836 5892 2031 5960 πρότε-

770 5991 1042 6052 Ρλτιιυι..
1091 5993 1204 6051 (ἓν.
1245 5991 1400 6052 CLX

2126 4809 2314 4853 ουσαν,
2349 4793 2450 4844 ούκ
2475 4792 2744 4862 ἐθάρρουν
2775 4792 2872 4862 τὴν
2907 4792 3086 4862 κρίσιν
3109 4809 3122 4822 ·
3152 4793 3275 4845 ἐπεὶ
3306 4794 3361 4846 δὲ
3392 4790 3531 4848 εἶδον
3561 4796 3708 4863 ἡμᾶς

2133 4885 2308 4936 πάντα
2353 4884 2802 4954 ἀποϐεϐληκότας
2844 4885 3048 4955 σχεδὸν,
3091 4886 3321 4948 ἑαυτοὺς
3371 4888 3427 4939 δὲ
3463 4887 3708 4957 ηὐξημέ-

2128 4996 2248 5037 νους
2279 4981 2391 5040 τοῖς
2424 4979 2620 5042 ἅπασι,
2652 4981 2740 5030 καὶ
2774 4979 2864 5030 τὸν
2891 4980 3118 5047 οὐρανὸν
3153 4981 3437 5048 οἰομένους
3471 4983 3534 5050 τῇ
3565 4985 3709 5050 χειρὶ

2132 5074 2450 5136 κρατήσειν,
2485 5070 2707 5121 ἐπειδὰν
2759 5068 3082 5137 βουληθῶσι,
3118 5069 3240 5122 τότε
3270 5070 3326 5122 δὲ
3375 5074 3709 5141 προσωπείῳ

2131 5159 2486 5229 δικαστηρίου
2537 5161 2630 5213 καὶ
2684 5162 2857 5228 λόγων
2907 5160 3304 5231 οίκουμενικῶς
3357 5162 3711 5235 ἐπεθύμησαν

2136 5250 2434 5318 ἐπικυροῦν
2456 5251 2556 5318 τὴν
2587 5251 2924 5320 προσθήκην,
2949 5253 3023 5314 ὼς
3046 5253 3111 5314 ἂν
3141 5252 3446 5306 παύσαιντο
3473 5257 3568 5308 x21
3590 5259 3708 5316 ταῖς

2136 5345 2346 5398 ἑαυτῶν
2381 5345 2723 5414 συνειδήσεσι
2767 5347 2976 5417 πικρῶς
3007 5346 3376 5418 ἐλεγχόμενοι.
3419 5349 3564 5404 Οὔτε
3600 5353 3708 5423 γὰρ

2136 5432 2354 5497 ἀφελεῖν
2391 5432 2670 5487 ἐϐούλοντο
2713 5434 2809 5504 τὴν
2839 5435 3180 5505 προσθήκην,
3227 5439 3280 5490 εί
3315 5456 3377 5506 γε
3423 5441 3712 5513 δυνηθείη-

2138 5541 2234 5592 μεν
2262 5524 2541 5591 φαυλίζειν
2574 5526 2765 5595 αὐτὴν,
2794 5525 2905 5577 οὒτ’
2937 5528 3192 5597 ἐνόμισάν
3228 5547 3357 5584 ποτε
3384 5533 3709 5602 δυνήσεσθαι

2133 5619 2230 5684 τῆς
2253 5618 2530 5685 ἡμετέρας
2559 5617 2715 5688 δόξης
2737 5619 3235 5688 ὑπεραγωνιεῖσθαι
3258 5624 3520 5691 γενναίως
3540 5627 3708 5696 ἡμᾶς,

2134 5709 2268 5760 ἀλλὰ
2298 5709 2358 5760 τὸ
2411 5707 2595 5779 αἶσχος
2627 5711 2844 5778 ἀφελεῖν
2879 5712 3164 5767 ἐϐούλοντο
3196 5715 3357 5783 μόνον
3401 5717 3497 5786 τῆς
3528 5735 3710 5771 καινο-

2136 5800 2328 5869 τομίας
2384 5801 2598 5870 ἐκείνης
2651 5801 2754 5852 ὑπὸ
2785 5802 3005 5855 πάντων
3058 5805 3208 5870 σφίσι
3259 5807 3706 5875 προφερομένης’

2141 5893 2236 5946 καὶ
2260 5891 2346 5946 διὰ
2377 5891 2519 5945 τοῦτ’
2548 5893 2737 5963 ἤθελον
2773 5893 2866 5948 καὶ
2893 5897 3012 5958 ταῖς
3034 5895 3331 5967 ἡμετέραις
3354 5897 3591 5952 ἐνδόσεσι
3615 5904 3711 5954 καί

3319 5989 3393 6049 23
