4420 6448
494 382 593 438 ’121

1539 387 1636 445 DE
1694 386 2116 448 ADDITIONE
2157 391 2257 449 AD
2293 394 2723 460 SYMBOLUM.

3647 408 3750 470 722

484 494 604 544 σίαν
641 492 906 560 Χριστοῦ,
946 491 1046 547 κᾶν
1073 494 1359 548 ὁποσοιοῦν
1391 489 1525 550 ὦσιν
1573 501 1622 552 οἱ
1658 502 1862 555 τούτων
1903 504 2074 575 ἀπερ-
2104 509 2144 564 Α
2179 507 2586 576 μαρτύρεσθαι;
2621 513 2721 565 οὑκ
2754 512 2809 564 ἐν
2832 515 2948 577 ταῖς
2976 515 3209 583 τριόδοις
3253 519 3345 572 καὶ
3373 521 3488 580 ταῖς
3524 521 3747 590 ἀγοραῖς

485 585 737 650 ρωγότες,
771 587 915 638 τοῦτ’
967 589 1164 658 ἀληθὲς
1207 590 1308 658 μέν
1355 591 1624 658 λέγουσιν,
1654 593 1836 657 αὑτοῖς
1887 595 1943 649 δὲ
1995 597 2054 650 οὑ

481 677 780 745 προσῆκον,
819 679 952 731 ἀλλὰ
997 681 1196 748 μᾶλλον
1223 683 1373 751 ἡμῖν.
1404 682 1540 736 Οῦτε
1578 684 1685 754 γάρ
1717 688 2062 757 ἀπερρώγει-

485 786 603 836 μεν,
635 770 748 820 ἀλλ’
781 770 932 823 αὑτοί
962 790 1089 825 ποτε
1122 768 1300 842 χεῖρον
1327 776 1588 845 ἐφρόνουν
1609 777 1702 829 καὶ
1723 778 2058 848 ὡμολόγουν,

482 861 512 929 ἣ
547 861 641 913 νῦν
665 864 1074 934 πεφρονὴκασιν
1100 866 1348 938 ὕστερον,
1380 870 1518 938 μετᾶ
1559 869 1650 922 τὸν
1681 871 1781 938 τῆς
1809 872 2055 943 προσθή-

483 971 583 1020 κης
608 957 820 1025 καιρόν.

564 1047 704 1121 Ἀλλ’
731 1048 863 1102 ἔνιοι
889 1049 998 1102 τῶν
1030 1052 1314 1120 ἡμετέρων
1367 1053 1510 1106 οῦτω
1547 1054 1736 1117 δεινῶς
1765 1055 2030 1127 ἀναισχυν
2049 1090 2060 1098 -

481 1137 630 1190 τοῦσι
657 1140 799 1193 κατά
833 1141 929 1208 τ’ής
966 1141 1171 1211 μητρὸς
1196 1143 1394 1209 αὑτῶν,
1423 1146 1515 1197 καὶ
1552 1148 1883 1215 μεμήνασιν,
1919 1149 2058 1202 ὥστε

483 1229 744 1292 Λατίνους
777 1231 884 1284 τῶν
923 1231 1098 1285 ἄλλων
1151 1233 1337 1287 εἵνεκα
1371 1235 1788 1306 ὑπερσέϐοντες,
1844 1240 1972 1293 ἔνθα
2008 1260 2058 1294 τι

481 1323 570 1373 καὶ
625 1321 906 1390 ώφελοῖντ’
957 1325 1045 1389 ἂν,
1075 1325 1152 1395 τῷ
1208 1330 1328 1380 κατ’
1359 1329 1600 1391 ἐκείνους
1650 1332 2056 1402 παραδείγματι

480 1417 638 1469 τοῦτο
673 1423 1114 1490 παρατρέχουσιν
1154 1423 1229 1486 ὡς
1284 1426 1501 1494 μικρὶν,
1544 1427 1601 1478 ὲν
1659 1425 1832 1495 τούτῳ
1871 1426 2056 1494 σχεδὸν

481 1509 578 1574 τῆς
616 1511 909 1578 συμπάσης
963 1514 1198 1583 κρίσεως
1225 1501 1425 1585 ὀῦσης
1487 1517 1579 1570 καὶ
1611 1515 1824 1578 πολλοῖς
1876 1517 2058 1578 ἄλλοις

481 1599 706 1666 τρόποις
752 1600 1162 1672 ἀληθεστάτοις,
1225 1607 1614 1677 οίκουμενικὴν
1676 1608 1893 1676 ἐκείνην
1954 1605 2052 1677 τὴν

485 1689 703 1743 σύνοδον
729 1695 1011 1760 γεγονέναι
1042 1697 1373 1766 πιστεύομεν
1413 1701 1511 1766 τὴν
1558 1700 1692 1751 κατά
1724 1698 1814 1751 τοῦ
1845 1700 2052 1752 Βέκκου

480 1784 874 1854 γεγενημένην.
937 1788 1048 1858 Τὴν
1109 1789 1154 1840 δ’
1203 1791 1258 1841 ἐν
1319 1791 1632 1860 Φλωρεντία
1681 1795 1909 1861 ταυτηνὶ
1959 1794 2055 1864 τὴν
2091 1832 2131 1886 Β

481 1873 737 1941 ὑστέραν,
762 1876 870 1928 οὐδ’
890 1878 1018 1947 ἐξῆν
1034 1881 1165 1948 ἡμῖν
1190 1883 1448 1951 πράττειν
1473 1883 1687 1950 ὑπὸτῆς
1709 1884 1928 1936 συνόδου
1951 1902 2056 1937 κω-

480 1963 746 2034 λυομένης
794 1968 1012 2037 ἐκείνης
1065 1974 1159 2023 καὶ
1229 1972 1338 2024 τῶν
1395 1974 1736 2043 πραγμάτων
1806 1976 2055 2044 φανερῶς

481 2055 774 2108 πειθόντων
820 2059 1107 2129 ἡσυχάζειν
1147 2065 1334 2131 ἡμᾶς,
1383 2066 1479 2116 καὶ
1532 2066 1623 2117 τοῦ
1668 2066 1802 2118 Θεοῦ
1853 2070 2056 2135 σημεῖα

479 2147 650 2199 πολλά
705 2152 1177 2218 καταπέμποντος,
1256 2154 1397 2207 ὥστε
1467 2155 1587 2208 νοῦν
1662 2157 1809 2224 ἡμᾶς
1871 2158 2058 2211 λαϐεῖν

479 2241 573 2290 καὶ
604 2239 700 2302 τῆς
732 2241 1028 2312 μελλούσης
1052 2245 1311 2314 αἰσχύνης
1335 2247 1425 2298 καὶ
1458 2246 1660 2314 βλάϐης
1699 2249 1923 2310 ἑαυτοὺς
1955 2250 2058 2301 ἀπ-

480 2333 795 2388 αλλάττειν·
849 2331 930 2389 ὧν
983 2340 1044 2408 δὴ
1103 2341 1345 2408 σημείων
1402 2343 1650 2411 φανερῶν
1716 2345 1922 2405 ὄντων,
1987 2346 2047 2396 οὐ

480 2425 778 2494 ποιούμεθα
821 2430 1042 2497 μνήμην
1094 2431 1151 2481 ἐν
1199 2432 1274 2499 τῷ
1311 2433 1564 2501 παρόντι.
1606 2434 1800 2503 Ἡμεῖς
1827 2435 1882 2488 δὲ
1920 2437 2054 2506 πρὸς

481 2518 656 2568 πάντα
705 2517 769 2586 δὴ
828 2519 1092 2588 λογισμὸν
1150 2522 1279 2589 ὑγιᾶ
1339 2524 1430 2574 καὶ
1485 2527 1710 2592 σημεῖον
1745 2525 1892 2578 ἅπαν
1948 2527 2055 2579 ἀπὸ

478 2607 636 2668 Θεοῦ,
663 2610 755 2660 καὶ
787 2611 969 2663 πᾶσαν
1007 2612 1364 2682 προφυλακήν
1401 2614 1462 2666 ἐκ
1489 2614 1600 2665 τῶν
1641 2616 1899 2684 Πατέρων
1927 2618 2057 2686 ἡμῖν

480 2699 984 2766 προγεγενημένην,
1041 2701 1429 2770 ἀνεπίστροφοι
1474 2705 1800 2770 γεγονότες,
1868 2705 2054 2773 ὥσπερ

480 2787 949 2853 ἀμϐλυώττοντες,
983 2791 1012 2858 ἦ
1058 2792 1397 2860 κωφεύοντες
1434 2794 1569 2864 πρὸς
1610 2797 1716 2847 πᾶν
1749 2795 1926 2849 ὁτιοῦν
1957 2797 2055 2865 τὴν

482 2876 697 2929 σύνοδον
737 2879 952 2948 ἐκείνην
999 2883 1488 2952 συνεστησάμεθαο
1520 2885 1580 2936 τὸ
1616 2886 1718 2952 μὲν
1744 2887 2055 2954 σωματικὸν

477 2966 583 3017 τῶν
616 2968 1013 3037 οίκουμενικῶν
1069 2973 1303 3025 συνόδων
1354 2974 1585 3044 ἔχουσαν
1628 2975 1794 3044 ἴχνος,
1859 2977 1907 3027 εί
1961 2976 2054 3028 καὶ

481 3057 614 3124 μηδὲ
654 3058 801 3111 τοῦτ’
834 3061 1096 3132 ἀκριϐῶς,
1128 3064 1293 3134 ἄλλης
1344 3067 1562 3118 συνόδου
1616 3066 1740 3118 τότε
1793 3083 2053 3134 συνεστη-

2169 597 2287 656 τατς
2321 599 2436 650 ἐκεῖ
2480 601 2873 670 ἀναγινώσκειν
2919 608 3121 674 ἐκεῖνα,
3158 607 3317 677 εἴπερ
3353 609 3650 678 ἐμέλλομεν
3680 612 3746 664 δι’

2168 685 2391 739 ἐκείνων
2436 690 2624 760 ἄγχειν
2676 693 2801 754 τοὺς
2838 695 3057 764 ἄνδρας,
3112 699 3203 749 καὶ
3249 697 3631 766 καταισχύνειν
3672 700 3750 762 ὡς

2169 775 2651 846 παραϐεϐηκότας,
2711 783 2805 836 καὶ
2858 783 3001 839 οῦτω
3066 788 3240 855 νικᾷν,
3289 789 3383 840 καὶ
3440 790 3498 840 τὸ
3544 788 3748 853 πλῆθος

2169 867 2316 920 ἅπαν
2347 856 2588 924 Λατίνων
2620 872 2764 942 ἔχειν
2797 878 3118 947 συμμάχους
3144 895 3158 943 ;
3197 879 3338 931 Ἀλλ’
3369 879 3747 949 ἐχαρισάμεθα

2166 955 2349 1020 αὑτοῖς
2399 959 2457 1010 τδ
2510 959 2680 1028 μηδὲν
2718 963 2940 1016 ἐκείνων
2984 968 3072 1035 ,είς
3107 967 3271 1033 μέσον
3309 969 3607 1035 προθεῖναι,
3651 969 3746 1020 καὶ

2167 1049 2621 1115 ἀποκλεισθέντος
2646 1053 2738 1105 τοῦ
2769 1055 3023 1124 πλήθους,
3053 1058 3251 1126 ὀλίγοις
3282 1059 3466 1122 αὐτοῖς
3500 1062 3612 1123 τοῖς
3638 1061 3745 1113 τῶν

2163 1138 2350 1192 δεινῶν
2384 1142 2576 1204 αἰτίοις
2619 1143 2711 1195 ὑπ’
2735 1145 2922 1198 όδόντα
2959 1149 3134 1216 μάτην
3174 1151 3592 1225 ἀνεγινώσκετο.
3657 1154 3744 1212 Ὠς

2165 1227 2229 1280 ἂν
2257 1230 2309 1281 εί
2345 1247 2429 1292 τις
2486 1235 2597 1294 τοῖς
2631 1235 2911 1304 πολεμίοις
2962 1239 3245 1307 χαρίσαιτο
3297 1242 3520 1308 ζητοῦσι
3573 1242 3745 1312 16p!-

2161 1319 2340 1388 ψαντα
2372 1323 2471 1390 τὴν
2502 1324 2607 1378 τῶν
2652 1327 2830 1379 ὅπλων
2883 1331 3039 1399 ἰσχὺν
3073 1334 3280 1399 γυμνὸν
3327 1334 3510 1396 αὑτοῖς
3559 1334 3744 1388 δοῦναι

2162 1413 2222 1466 τὸ
2257 1415 2415 1483 σῶμα
2451 1417 2584 1486 πρὸς
2616 1419 2712 1481 τὰς
2746 1420 2926 1489 βολὰς,
2961 1424 3102 1477 οῦτω
3131 1428 3222 1479 καὶ
3256 1429 3417 1496 ἡμεῖς
3446 1419 3555 1489 τοῖς
3583 1428 3744 1480 Λατί-

2161 1523 2267 1559 νων
2303 1507 2617 1572 ἐπισκόποις
2660 1513 2880 1579 ἕτοιμον
2920 1515 3184 1582 ἐδόθημεν
3238 1519 3453 1588 βρῶμα,
3482 1522 3604 1582 τοὺς
3639 1520 3744 1572 τῶν

2163 1599 2396 1652 συνόδων
2414 1602 2772 1670 ἀφορισμοὺς,
2799 1606 3018 1660 ἐκείνων
3047 1609 3365 1678 δεηθέντων,
3397 1613 3739 1681 σιγήσαντες.

2173 1689 2311 1742 Ἀλλ’
2341 1691 2450 1743 οὐδ’
2475 1691 2615 1746 οὕτω
2646 1696 2741 1765 τὴν
2773 1700 3010 1752 νικῶσαν
3056 1700 3211 1769 ἔσχον
3256 1703 3474 1765 ἐκεῖνοι,
3524 1705 3742 1757 τούναν-

2161 1781 2273 1832 τίον
2312 1781 2412 1846 μὲν
2445 1780 2539 1834 οῦν
2583 1785 2607 1834 ό
2635 1785 2733 1852 τῆς
2772 1790 3046 1856 μακαρίας
3091 1791 3312 1861 μνήμης
3339 1790 3570 1860 Ἐφέσου
3620 1810 3740 1861 γενο

2161 1873 2324 1936 ναίως
2378 1875 2673 1944 ἠγώνισται
2722 1880 2814 1931 καὶ
2874 1882 3072 1945 καλῶς,
3105 1889 3196 1935 καὶ
3237 1884 3302 1937 τὰ
3336 1885 3469 1955 παρ’
3515 1888 3739 1940 ἐκείνων

2160 1964 2335 2013 πάντα
2389 1966 2718 2032 σοφιστικῶς
2781 1969 3236 2039 ἐπικεχρωσμένα
3279 1975 3590 2043 ἠλέγχοντο.
3630 1975 3740 2027 Καὶ

2158 2051 2317 2105 τοῦτο
2350 2055 2550 2118 πάντες
2587 2057 2758 2120 οὕτως
2791 2061 3049 2129 ἐφρόνουν
3078 2065 3126 2115 οί
3155 2063 3251 2130 τῆς
3283 2065 3522 2115 συνόδου.

2230 2145 2350 2206 Πῶς
2383 2147 2562 2200 τοίνυν
2595 2150 2831 2216 εὐλόγως
2883 2155 2976 2205 καὶ
3039 2154 3278 2223 θεμιτῶς
3325 2155 3583 2222 γενέσθαι
3638 2155 3738 2223 τὴν

2158 2240 2475 2309 προσθήκην
2507 2243 2873 2310 ψηφίζονταις
2930 2248 3146 2299 Μᾶλλον
3204 2248 3259 2300 δὲ
3317 2250 3414 2317 οὑχ
3455 2249 3629 2311 οὕτως
3671 2250 3737 2301 ἂν

2158 2331 2493 2398 ἐψηφίσαντο
2520 2333 2670 2385 αὐτοὶ
2709 2337 2802 2388 καὶ
2834 2339 3302 2406 προστεθεικότες,
3334 2340 3428 2393 καὶ
3461 2341 3556 2392 νῦν
3582 2341 3736 2402 ὅντες

2162 2421 2342 2490 κύριοι
2365 2424 2582 2492 ψήφοιν
2620 2428 2964 2496 συνθεμένων
3010 2431 3115 2499 γὰρ
3157 2433 3384 2484 ἐκείνων
3425 2432 3524 2500 τὴν
3557 2432 3740 2500 ψῆφον

2156 2513 2231 2577 ὡς
2257 2515 2322 2568 ἂν
2359 2516 2542 2583 σφίσιν
2575 2518 2829 2588 ἤρεσκεν,
2874 2525 2920 2574 οῖ
2968 2524 3224 2594 ἡμέτεροι
3277 2528 3552 2596 πρόμαχοι
3604 2527 3738 2594 πρὸς

2157 2609 2257 2670 τὰς
2304 2608 2632 2678 ὑπογραφάς
2664 2613 2975 2678 ἐκαλοῦντο,
3012 2621 3280 2686 μηχαναῖς
3309 2619 3572 2689 ἀρρήτοις
3619 2638 3739 2671 πει-

2158 2699 2396 2768 θόμενοι.
2433 2701 2536 2754 Τὸν
2568 2703 2623 2756 δὲ
2653 2704 2782 2758 Υίὸν
2811 2706 2904 2758 τοῦ
2937 2707 3072 2760 Θεοῦ
3117 2711 3218 2761 ποῦ
3256 2728 3339 2774 τις
3372 2712 3615 2780 εὑρίσκοι
3643 2714 3736 2765 τοῦ

2159 2791 2478 2860 Πνεύματος
2530 2795 2703 2846 αἴτιον
2755 2798 2848 2850 καὶ
2900 2798 3074 2866 ἀρχὴ)
3116 2799 3266 2865 ὄντα,
3299 2801 3394 2854 καὶ
3424 2802 3592 2856 τᾶλλα
3638 2803 3738 2857 ὅσα

2157 2879 2275 2932 ἐκεῖ
2309 2884 2690 2950 προστίθενται
2718 2902 2730 2948 ;
2772 2886 2872 2938 ποῦ
2903 2890 3000 2957 τῆς
3027 2889 3249 2960 Γραφῆς
3278 2894 3309 2962 ἢ
3341 2894 3447 2946 τῶν
3479 2893 3736 2947 διδασκά-

2156 2970 2262 3024 λων
2321 2971 2551 3043 εὓρηται
2607 2977 2866 3043 κείμενα;
2905 2981 2978 3032 Οὐ
3018 2983 3121 3049 γὰρ
3183 2983 3395 3037 οἴκοθεν
3452 2987 3617 3056 ἐχρῆν
3667 2987 3736 3039 τὰ

2156 3062 2380 3116 τοιαῦτα
2449 3066 2738 3135 ὁροθετεῖι,
2806 3072 3119 3138 μᾶλλονδὲ
3184 3078 3324 3130 κατὰ
3379 3078 3506 3139 τοὺς
3571 3080 3734 3150 Γραιο

477 3150 655 3210 κυίας,
700 3151 1000 3206 ὑπεύθυνον
1045 3156 1286 3226 ἀγούσης
1337 3158 1427 3210 τὸν
1470 3160 1721 3222 πάππαν,
1755 3161 1846 3211 καὶ
1878 3158 1944 3230 ἡν
1977 3158 2050 3221 ὡς
2080 3163 2123 3221 C
2161 3156 2288 3216 κούς
2317 3173 2504 3223 φασιν,
2535 3161 2711 3211 αἰτίαν
2738 3163 2828 3212 τον
2856 3163 2980 3215 Υίὸν
3009 3165 3102 3218 τοῦ
3134 3166 3270 3220 Θεοῦ
3297 3170 3389 3222 τοῦ
3415 3171 3734 3239 Πνεύματος

480 3241 834 3308 βεϐαιοτέραν
894 3245 1140 3313 ἑλόμενοι
1191 3250 1354 3300 παντὶ
1406 3249 1598 3318 δικαίῳ
1646 3251 1737 3302 καὶ
1780 3249 1921 3317 λόγῳ
1957 3251 2052 3312 τὰς

477 3332 727 3398 περὶτοῦ
764 3335 1001 3387 συνιέναι
1070 3336 1371 3405 συμϐάσεις
1421 3338 1540 3406 μετ’
1574 3340 1744 3408 αὑτῆς
1791 3341 2053 3410 ἐπεποιή-

480 3423 618 3487 μεθα
662 3425 949 3494 πρότερον,
981 3428 1039 3478 τὸ
1065 3427 1120 3479 δὲ
1152 3431 1521 3497 πνευματικὸν
1564 3431 1664 3482 οῦκ
1701 3431 1932 3498 ἔχουσαν
1963 3433 2053 3484 οῦ-

475 3512 682 3581 δαμῶς.
715 3517 994 3586 Παρίεμεν
1023 3519 1191 3572 τᾶλλα
1215 3533 1229 3548 ⁸
1278 3522 1338 3572 οὑ
1389 3521 1497 3588 γὰρ
1530 3521 1785 3591 πρόθεσις
1821 3525 1950 3592 ἡμῖν
1996 3525 2053 3576 ἐν

475 3606 609 3674 τῷδε
648 3609 722 3676 τῷ
746 3609 889 3678 λόγῳ
917 3610 1022 3661 τῶν
1059 3613 1363 3681 προσώπων
1398 3617 1750 3683 κατηγορεῖν.
1779 3615 1920 3666 Ἀλλ’
1956 3618 2052 3668 οὑκ

475 3693 542 3764 ἦν
599 3699 981 3769 ὑπεσχημένον
1031 3703 1093 3754 ἐκ
1150 3703 1258 3753 τῶν
1296 3702 1588 3770 βασιλικῶν
1641 3705 1944 3772 πρέσϐεων,
1969 3708 2048 3758 ὅτι

479 3789 618 3857 μετὰ
647 3790 706 3841 τὸ
735 3791 1002 3859 Γραικοὺς
1029 3795 1146 3845 ἐκεῖ
1178 3795 1584 3862 παραγενέσθαι
1629 3797 1770 3848 κατά
1807 3799 1872 3849 τὰ
1924 3815 2049 3850 συν-

474 3883 762 3949 τεθειμένα
792 3885 944 3944 ἐντδς
984 3884 1077 3936 δύο
1108 3885 1293 3954 μηνῶν
1335 3887 1367 3955 ἡ
1397 3886 1594 3949 ἓνωσις
1619 3887 1922 3952 ἐξάπαντος
1960 3908 2050 3957 γε-

475 3972 718 4039 νήσεται.
738 3974 847 4026 Καὶ⁹
869 3973 1057 4025 τούτου
1082 3976 1172 4026 τοῦ
1200 3976 1493 4041 κεφαλαίου
1521 3979 2050 4048 προῦποτεθειμένου

475 4065 532 4113 ἐν
575 4063 652 4129 τῷ
680 4063 942 4132 δεκρέτῳ,
974 4066 1041 4116 τὰ
1076 4066 1210 4119 ἄλλα
1241 4068 1689 4136 προσηρμόττετο
1724 4071 1920 4122 πάντα.
1955 4059 2050 4133 Τίς

475 4155 596 4206 νοῦν
619 4157 757 4224 έχων
788 4158 848 4209 ού
878 4161 1079 4227 συνορᾷ
1112 4160 1286 4216 ταῦτα
1308 4161 1360 4211 τί
1391 4177 1451 4228 γε
1481 4162 1733 4214 ἐϐούλετο
1759 4180 1774 4230 ;
1811 4165 1932 4216 Οὐδ’
1964 4165 2052 4215 οῦ-

474 4265 579 4308 τως
615 4244 756 4317 ἦσαν
790 4249 955 4302 ἁπλοῖ
983 4253 1230 4315 Λατῖνοι,
1259 4251 1399 4304 ὥστε
1435 4254 1502 4305 τὰ
1534 4256 1791 4323 χρήματα
1824 4255 2051 4307 ἀναλοῦν

476 4337 652 4404 μάτην
700 4338 899 4403 αὑτῶν,
941 4341 1014 4408 μὴ
1069 4341 1289 4409 βεϐαίας
1332 4343 1498 4413 οὔσης
1559 4347 1745 4410 αὐτοῖς
1804 4349 1901 4416 τῆς
1953 4349 2047 4400 τοῦ

473 4426 632 4478 στα-,θ’
660 4428 795 4492 ὑπὲρ
826 4428 1035 4480 ἑαυτῶν
1068 4432 1295 4500 πράξειν
1324 4433 1553 4496 ἐλπίδος.
1582 4434 1724 4487 Ἀλλ’
1750 4437 1840 4489 ἐπί
1871 4437 1930 4489 τὸ
1958 4455 2048 4489 τε-

472 4520 716 4572 λευταῖον
747 4521 1018 4592 ἐρχόμεθα
1044 4538 1058 4552 ⁶
1089 4525 1157 4575 τὰ
1189 4524 1296 4594 γὰρ
1323 4527 1527 4593 μεταξὺ
1566 4527 1854 4596 παρίεμεν,
1877 4531 2047 4582 ἀπάν-
2076 4501 2126 4562 D

474 4628 582 4663 των
637 4614 856 4664 εἰδότων
884 4613 980 4676 τὰς
1017 4618 1264 4686 μηχανὰς
1299 4618 1532 4681 ἐκείνας,
1558 4619 1656 4681 τὰς
1714 4621 1817 4672 ὑπὸ
1857 4625 2048 4676 σκότου

478 4704 881 4772 μεταχειρίσεις
943 4710 1039 4760 καὶ
1096 4709 1501 4776 πραγματείας,
1541 4711 1667 4772 τοὺς
1712 4713 1917 4777 δόλους,
1948 4718 2044 4777 τὰς

475 4798 775 4863 περιόδους,
812 4798 911 4860 τάς
945 4801 1284 4863 ἐκτοπίσεις.
1330 4802 1495 4854 ’Λλλά
1520 4802 1701 4871 ψῆφον
1736 4807 2042 4874 συνέθεντο,

475 4890 564 4938 καὶ
604 4889 1042 4956 δογματίζουσιν,
1085 4891 1167 4943 ὅτι
1215 4892 1243 4943 ὁ
1286 4893 1411 4952 Υἱὸς
1441 4894 1532 4945 τοῦ
1565 4895 1700 4947 Θεοῦ
1741 4897 1832 4950 τοῦ
1872 4900 2041 4950 ΙΙνεύ-

471 4979 639 5044 ματός
707 4982 862 5031 ἐστιν
909 4979 1082 5038 αίτιος
1127 4981 1220 5033 τοῦ
1273 4983 1428 5045 Υίοῦ,
1480 4985 1562 5037 ὅτι
1606 4987 1786 5056 ,ἀρχὴ,
1839 4990 1920 5040 ὅτι
1978 4991 2038 5042 τὸ

471 5071 688 5138 Πνεῦμα
719 5073 817 5133 τὴν
854 5071 1089 5141 ὓπαρξιν
1119 5075 1183 5125 ἐκ
1216 5074 1310 5126 τοῦ
1349 5075 1478 5128 Υίοῦ
1515 5077 1651 5145 ἔχει,
1688 5080 1769 5131 ὅτι
1800 5079 2038 5146 θεμιτῶς

469 5165 554 5211 ναὶ
584 5162 823 5228 εὐλόγως
855 5165 886 5231 ἡ
936 5163 1224 5234 προσθήκη
1258 5163 1395 5235 αῦτη
1427 5156 1502 5235 τῷ
1543 5169 1794 5237 συμϐόλῳ
1837 5188 2036 5239 προσε-

463 5251 592 5320 τέθη
624 5253 723 5320 τῆς
755 5254 1012 5316 πίστεως.

544 5345 649 5395 ιΙοῦ
682 5346 890 5399 τούτων
929 5347 1273 5417 δειχθέντων,
1308 5353 1407 5404 οὑκ
1445 5354 1502 5402 ἐν
1527 5357 1593 5421 τῇ
1626 5355 1863 5424 Φεραρίᾳ
1907 5357 2035 5426 περὶ

462 5436 561 5502 τῆς
593 5438 932 5508 προσθήκης,
962 5442 1272 5495 τούναντίον
1301 5445 1448 5497 ἆπαν
1486 5446 1698 5513 ἐδείχθη
1728 5465 1740 5511 ;
1771 5448 2034 5500 Οὑπολλά

465 5531 807 5597 πνρεκάλουν
845 5533 894 5584 οἱ
930 5535 1167 5598 Λατῖνοι,
1201 5536 1325 5598 τοῦς
1350 5538 1477 5606 περὶ
1499 5537 1591 5588 τοῦ
1630 5541 1703 5607 μὴ
1735 5541 1843 5590 δεῖν
1870 5557 2034 5607 προσ-

461 5636 490 5668 τ
519 5622 665 5672 θέναι
696 5621 1011 5691 διορισμοὺς
1052 5625 1125 5694 μὴ
1180 5629 1259 5689 εἰς
1288 5628 1528 5696 ὑπήκοον
1569 5629 2032 5694 ἀναγινώσκεσθαι

461 5710 674 5760 πάντων
709 5712 797 5761 καὶ
827 5714 923 5772 τὰς
954 5714 1042 5764 ἐπὶ
1068 5715 1272 5766 τ.ύτων
1306 5717 1522 5779 πο.νά;;
1563 5719 1737 5785 Ἠμᾶς
1769 5719 1821 5770 δὲ
1853 5720 1900 5770 τί
1927 5721 2031 5771 ἔδει

463 5801 580 5853 τότε
617 5805 820 5869 ποιεῖνς
853 5805 911 5855 οὑ
948 5809 1204 5876 ρηγνύναι
1251 5812 1514 5876 Ingruit“
1551 5813 1612 5864 ού
1649 5814 1887 5884 ξόοᾷνλοὲ
1923 5816 2034 5870 διας

2159 3240 2319 3297 εἶναι.
2361 3248 2420 3297 EE
2454 3248 2554 3315 μὲν
2588 3246 2680 3302 οὖν
2714 3254 2863 3315 ,τοὺς
2929 3255 3036 3307 τῶν
3080 3257 3331 3327 Γραικῶν
3377 3261 3731 3329 διδασκάλους

2160 3335 2437 3405 βούλονται
2473 3339 2672 3405 λέγειν,
2716 3344 3083 3400 δεικνύτωσαν
3136 3351 3339 3414 αὐτοῖς,
3373 3355 3464 3406 καὶ
3517 3354 3730 3418 ἕξουσιν

2157 3429 2318 3485 εὐθὺς
2353 3430 2714 3499 πειθομένους
2749 3438 2893 3504 ἡμᾶς
2919 3453 2933 3468 '
2971 3440 3020 3490 εἰ
3049 3441 3105 3492 δέ
3133 3459 3277 3506 τινες
3307 3447 3414 3497 τῶν
3441 3446 3534 3498 νῦν
3558 3447 3729 3499 ὄντων

2154 3514 2429 3584 Γραικῶν,
2487 3519 2586 3570 εἴτ’
2631 3525 2688 3571 ἐν
2739 3527 2802 3591 τῇ
2871 3528 3070 3599 συνόδῳ
3141 3535 3426 3600 παρόντες,
3465 3537 3575 3591 εῖτε
3637 3541 3732 3592 καὶ

2158 3607 2298 3674 μετά
2349 3609 2549 3681 ταῦτα,
2608 3612 2741 3681 παρ’
2803 3615 3013 3670 ἑαυτῶν
3067 3625 3225 3673 ταυτὶ
3289 3625 3727 3694 δογματίζουσιν,

2154 3698 2372 3762 ἀνάξιον
2396 3705 2782 3773 οἱκουμενικῆς
2816 3710 3033 3764 συνόδου
3082 3715 3181 3782 τῆς
3216 3715 3495 3784 θεολογίας
3525 3720 3732 3792 ταύτης

2153 3792 2212 3841 τὸ
2250 3791 2469 3860 βάθρον.

2227 3883 2335 3936 Ποῦ
2371 3885 2424 3937 δέ
2459 3889 2552 3939 7.x".
2581 3894 2829 3956 φαίνεται
2856 3899 3124 3967 γενομένη
3154 3902 3512 3971 περὶτούτων
3547 3907 3731 3971 ἐξέτα-

2153 3996 2234 4039 σις
2261 3981 2319 4030 ἐν
2347 3983 2412 4048 τῇ
2448 3983 2651 4052 συνόδῳ
2682 3989 2780 4054 τῆς
2807 3988 3146 4058 Φλωρεντίας
3176 4009 3190 4057 ;
3225 3994 3426 4062 μᾶλλον
3460 3997 3517 4050 δὲ
3541 4000 3600 4050 τὸ
3634 3999 3728 4051 τοῦ

2151 4073 2353 4124 πάππα
2391 4074 2665 4143 δεκρέτον.
2692 4078 2863 4142 Αὐτὸς
2899 4083 3005 4149 γάρ
3052 4085 3168 4136 ἐστι
3207 4087 3535 4154 νομοθετῶν,
3563 4093 3662 4160 οὐχ
3694 4095 3725 4162 ἡ

2153 4163 2390 4228 σύνοδος,
2454 4166 2511 4219 δε
2567 4169 2660 4218 καὶ
2719 4171 2982 4239 πρότερον
3033 4177 3192 4240 μόνος
3247 4179 3344 4246 τὴν
3397 4180 3728 4249 ’προσθήκην

2151 4255 2346 4310 ἐποίει.
2386 4257 2494 4308 Ποῦ
2544 4267 2825 4327 συμφωνεῖ
2872 4267 2995 4327 ταῖς
3045 4269 3281 4336 Πράξεσι
3327 4274 3426 4340 τῆς
3460 4273 3721 4336 συνόδους

2151 4347 2273 4407 Πῶς
2303 4350 2365 4399 ἐκ
2406 4349 2515 4400 τῶν
2551 4351 2948 4421 ἀγωνισμάτων
2980 4359 3202 4412 ἐκείνων
3248 4362 3580 4432 ἀθροίζεται,
3617 4368 3725 4418 εῖτε

2150 4439 2258 4492 τῶν
2291 4444 2345 4493 ἐν
2367 4444 2612 4514 Φεραρία
2643 4447 2931 4518 πρότερον,
2963 4451 3070 4503 εἴτε
3104 4453 3210 4505 τῶν
3236 4453 3461 4522 ὕστερον
3500 4461 3557 4508 ἐν
3583 4460 3728 4511 Φλω-

2155 4535 2338 4603 ρεντία
2366 4538 2764 4605 γεγενημένων,
2794 4545 2840 4592 εἰ
2875 4541 2947 4612 μή
2973 4545 3065 4595 καὶ
3090 4545 3155 4596 τά
3184 4548 3727 4619 ἀπομνημονεύματα

2149 4626 2334 4678 ἐκεῖνα
2375 4632 2844 4697 μεταποιήσαντες
2891 4635 3025 4703 πρὸς
3060 4637 3119 4688 τὸ
3151 4639 3302 4706 σφίσι
3335 4640 3546 4706 δοκοῦν,
3577 4645 3720 4696 οῐον-

2147 4730 2236 4765 ται
2262 4715 2668 4785 διαφευξεῖσθαι
2699 4723 2795 4783 τᾶς
2825 4725 3056 4791 μέμψεις
3084 4744 3098 4787 ;
3131 4729 3242 4796 Τὴν
3268 4730 3324 4781 δὲ
3349 4731 3526 4799 ψῆφον
3554 4736 3722 4804 αὐτὴν

2147 4806 2276 4858 πότε
2338 4809 2680 4872 συνελθόντες
2732 4815 3022 4877 σονοδικῶς
3055 4817 3427 4887 ἐψηφίσαντω
3488 4824 3631 4876 Ἀλλ’
3667 4832 3721 4878 ἐν

2147 4899 2320 4966 γωνίᾳ
2362 4901 2563 4964 μᾶλλον
2611 4910 3079 4974 συσκευασάμενοι
3119 4911 3347 4964 ἕκαστον
3377 4916 3544 4986 χωρὶς
3576 4918 3724 4970 ἕπει-

2148 4987 2236 5039 θον
2269 4989 2623 5058 ὑπογράφειν,
2656 4996 2730 5058 ὼς
2763 4998 3000 5066 εἴρηται,
3037 5002 3259 5070 τρόποις
3287 5000 3367 5066 οἷς
3396 5007 3573 5075 λέγειν
3620 5011 3721 5061 οὑκ

2147 5079 2437 5150 εὐπρεπὲς,
2471 5085 2889 5153 ὑπουργούντων
2912 5090 3016 5142 τῶν
3041 5095 3323 5163 ἡμετέρων
3354 5097 3430 5166 τῷ
3459 5099 3717 5168 δράματι.

2148 5171 2208 5222 ΕΞ
2268 5173 2370 5241 γάρ
2437 5175 2645 5244 τάληθῆ
2704 5179 2903 5245 λέγειν,
2955 5185 3013 5234 ὲν
3042 5185 3171 5251 ἡμῖν
3211 5187 3392 5250 αὐτοῖς
3433 5189 3495 5239 τὸ
3548 5191 3718 5243 δεινὸν

2147 5264 2291 5315 ὄιπαν
2325 5267 2646 5334 ἐπράττετο,
2696 5275 2808 5332 τοῖς
2864 5275 2918 5324 δὲ
2956 5277 3206 5338 Λατίνοις
3251 5279 3484 5346 ἤρκεσεν
3533 5285 3563 5351 ἡ
3610 5287 3716 5334 τῶν

2147 5359 2486 5425 πραγμάτων
2532 5362 2742 5430 ἀνάγκη
2787 5367 2878 5416 καὶ
2915 5366 2975 5417 τὸ
3008 5371 3374 5436 συγκεχύσθαι
3398 5354 3400 5357 ’
3423 5375 3548 5436 τοὺς
3579 5377 3716 5443 ἡμε-

2146 5448 2334 5512 τέρους
2365 5451 2713 5519 προμάχους·
2741 5456 2834 5506 καὶ
2864 5457 2986 5516 τοὺς
3016 5459 3113 5525 μὲν
3150 5460 3316 5528 ’ᾍδου
3352 5465 3517 5531 κυνῆν
3553 5466 3716 5518 ὑπελ-

2145 5538 2279 5601 θεῖν,
2317 5544 2414 5593 ούκ
2442 5546 2644 5616 ἀπορίᾳ
2667 5547 2836 5614 λόγων
2872 5551 3071 5618 μᾶλλον
3098 5552 3129 5621 ἦ
3165 5555 3273 5607 δέει
3300 5556 3390 5608 τοῦ
3419 5558 3594 5610 δοκεῖν
3624 5564 3719 5610 αῦ-

2143 5636 2262 5694 τ-’.ὺς
2291 5636 2494 5699 αἰτίους
2524 5637 2665 5691 εἶναι
2701 5641 2790 5692 τοῦ
2826 5644 3125 5711 σχίσματος
3158 5647 3263 5698 τῶν
3301 5650 3568 5703 πλείστων
3613 5671 3718 5705 πα-

2149 5726 2530 5794 ραδιδομένων,
2552 5733 2672 5792 τοὺς
2701 5734 2753 5782 δὲ
2783 5737 2955 5785 πάντα
2981 5737 3238 5804 πδιοέσῖοαι
3261 5741 3508 5803 Λατίνοις
3533 5745 3714 5813 εὐθὺς,

2149 5819 2310 5887 μηδεν
2350 5823 2757 5892 πρεειδομένοις
2791 5828 2892 5880 τῶν
2920 5830 3210 5897 ἐσομένων,
3249 5834 3362 5884 ἀλλ’
3393 5835 3716 5903 ἐλπίσαντας
