4468 6454
663 419 768 484 723

1733 429 2111 490 GENNADII
2157 431 2262 492 ΟΡ.
2319 431 2597 492 PATRIA
2612 434 2835 494 RCIl/E

3836 383 3941 493 πει

660 543 745 594 ὅτι
768 540 876 619 κάν
925 541 1053 594 ἀλλο
1083 559 1136 594 τι
1172 545 1312 612 μετά
1359 545 1606 598 Λατίνων
1664 549 1730 615 τῇ
1792 547 2022 600 καθόλου
2066 549 2250 600 πίστει
2279 546 2325 606 Α
2359 552 2618 619 ἀληθείας
2645 553 2850 620 φυγὴν,
2880 553 2974 603 καὶ
3019 552 3085 622 ἣν
3110 549 3251 604 κατά
3273 550 3370 619 τῆς
3394 550 3627 620 πατρίου
3650 549 3804 616 δόξης
3837 551 3935 616 ἐμ·

660 633 976 702 προσθεῖεν,
1006 633 1386 697 ἀϐασανίστως
1441 635 1682 699 ἀπαντες
1728 634 1992 702 δέξονται.
2024 639 2090 691 Al
2142 639 2250 704 γὰρ

657 729 769 782 τῶν
826 729 1074 797 ἀμοιϐῶν
1131 730 1351 790 ἐλπίδες
1411 733 1512 785 οὐκ
1570 733 1807 802 ἠφίεσαν
1875 733 2248 803 περιαθρῆσαι

659 822 1002 889 πανταχόθεν
1059 823 1122 876 τὸ
1170 823 1312 887 δέον,
1372 823 1442 876 δι’
1490 823 1525 876 ἀ
1570 826 1664 879 καὶ
1701 825 1881 889 καλῶς
1939 818 2246 890 ποιοῦντες,

658 912 880 979 ἀνάξιον
920 914 1314 985 οίκουμενικῆς
1349 918 1572 971 συνόδου
1612 919 1676 986 τῇ
1721 917 1888 986 ψήφῳ
1919 917 2247 985 περιέθεσαν

659 1006 869 1077 σχῆμα.
908 1006 1046 1062 Ποία
1076 1010 1186 1080 γὰρ
1218 1010 1398 1079 ψῆφος
1427 1010 1780 1081 οἱκουμενικὴ
1811 1009 1955 1063 οὕτω
1985 1026 2041 1063 τε
2082 1011 2244 1078 ἄρχεο

655 1119 766 1166 ται,
811 1100 919 1156 ’καὶ
981 1103 1124 1158 οὕτω
1181 1105 1449 1176 τελευτᾷ;
1512 1107 1648 1160 Ποία
1690 1105 1804 1160 τῶν
1852 1105 2246 1174 οίκουμενικῶν

655 1191 992 1260 ἀποφάσεων
1027 1195 1089 1247 οὐ
1121 1194 1181 1247 τὸ
1209 1195 1482 1263 σύμϐολον
1540 1197 1640 1264 τῆς
1697 1197 1937 1259 πίστεως
1989 1197 2246 1264 προεκτί-

655 1282 836 1351 θησιν,
860 1285 922 1338 οὐ
953 1286 1051 1355 τὴν
1081 1287 1188 1355 πρὸ
1222 1286 1440 1357 ἐκείνης
1477 1288 1694 1341 σύνοδον
1732 1287 1975 1355 βεϐαιοῖς
2013 1289 2161 1354 Αὐτὴ
2190 1287 2246 1340 δέ

655 1376 686 1441 ή
741 1374 838 1428 νῦν
886 1379 1236 1449 σκοπουμένη
1287 1379 1453 1432 ποίαν
1487 1380 1810 1449 ἐπεκύρωσε
1847 1381 1956 1434 τῶν
1983 1380 2241 1439 συνόδων,

651 1465 753 1533 τὴν
782 1465 1057 1537 ἐϐδόμηνς
1085 1471 1195 1523 Καὶ
1229 1471 1325 1522 νῦν
1355 1471 1453 1542 οὐχ
1478 1471 1681 1540 ὁμοίως
1711 1473 1899 1540 ἐκείνῃ
1921 1471 2242 1540 ψηφίζεται.

653 1557 966 1611 τούναντίον
1005 1560 1106 1628 μὲν
1129 1555 1223 1614 οὖν
1251 1560 1420 1614 ἀπαν.
1463 1561 1608 1614 Ἀλλ’
1645 1561 1722 1614 ἐῶ
1759 1561 1860 1630 μὲν
1890 1562 2049 1614 τοῦτο
2083 1565 2243 1623 τέως,

651 1650 753 1702 οὐκ
783 1651 1000 1721 ἐκείνην
1029 1653 1308 1722 ἐπικυροῖ,
1346 1652 1484 1708 ἀλλά
1511 1657 1612 1724 τὴν
1639 1655 1716 1722 τῷ
1746 1655 1860 1706 δντι
1891 1654 2111 1722 ὀγδόην,
2147 1655 2245 1724 τὴν

650 1743 746 1796 ἐπὶ
765 1743 997 1812 Φωτίου,
1014 1746 1114 1814 τὴν
1135 1746 1558 1816 οίκουμενικήν;
1583 1747 1692 1801 Καὶ
1719 1748 1824 1817 μὴν
1845 1750 2027 1818 ἐκείνῃ
2051 1750 2245 1802 τάναν-

649 1836 740 1932 τία
767 1838 1218 1932 νενομοθέτηκεν.
1284 1841 1425 1894 Ἀλλ’
1453 1842 1528 1896 ἐῶ
1583 1845 1683 1910 μέν
1739 1843 1832 1897 καὶ
1880 1841 2046 1894 τοῦτο
2076 1842 2237 1905 τέως.
2276 1879 2316 1932 Β

650 1927 752 1980 οὐκ
785 1929 1009 2000 ἐκείνην
1051 1932 1330 2002 ἐπικυροῖ,
1361 1936 1462 2003 τὴν
1496 1934 1554 1986 ἐν
1589 1935 1913 2004 Λουγζούνῳ
1942 1934 2122 1988 τοίνυν
2152 1933 2243 2003 βε-

649 2019 795 2075 ϐαιοῖ
823 2022 923 2092 τὴν
956 2023 1295 2097 Λατινικήνς
1336 2027 1404 2097 ῆν
1432 2028 1462 2094 ὴ
1489 2027 1631 2081 κατὰ
1661 2025 1754 2081 τοῦ
1791 2027 1996 2081 Βέκκου
2029 2025 2240 2095 μεγάλη

649 2112 742 2167 καὶ
773 2113 984 2185 ἀληθὴς
1015 2116 1271 2188 ἠκύρωσε
1310 2118 1547 2184 σύνοδος,
1578 2122 1644 2190 ἢν
1677 2120 2065 2188 οίκουμενικὴν
2098 2121 2126 2171 ὁ
2153 2119 2243 2170 εὐο

650 2205 816 2276 σεϐὴς
844 2207 1012 2275 ἔδειξε
1048 2208 1331 2280 λογισμὸς,
1367 2213 1458 2264 καὶ
1497 2212 1632 2265 πολὺ
1661 2215 2002 2281 σαφέστερον
2032 2210 2243 2264 δεικνύο

647 2317 736 2352 ναι
770 2300 1065 2370 δυνήσεται
1105 2301 1205 2371 τῆς
1227 2304 1417 2375 χρείας
1449 2306 1744 2374 καλούσης.
1772 2306 1955 2374 Αὐτῆς
1977 2306 2109 2374 γοῦν
2145 2307 2244 2373 τῆς

648 2393 870 2446 συνόδου
905 2393 1003 2464 τὴν
1034 2395 1236 2464 ψῆφον,
1267 2396 1322 2448 εἴ
1349 2413 1430 2458 τις
1462 2400 1728 2467 ἀναγνοίη
1789 2397 1993 2461 καλῶς,
2031 2400 2242 2451 εἵσεται

645 2485 797 2536 ποῖον
825 2500 876 2536 τι
909 2485 970 2536 το
999 2487 1189 2556 σχῆμα
1211 2487 1468 2552 λαϐόντες
1501 2488 1755 2543 ἐντεῦθεν
1780 2491 2012 2559 ἐξῄεσαν
2036 2493 2082 2544 οἱ
2113 2495 2243 2561 μέ).-

643 2577 828 2640 λοντες
884 2580 982 2643 τὰς
1040 2583 1168 2650 περὶ
1227 2583 1465 2646 πίστεως
1522 2583 1753 2654 κρίνειν,
1809 2588 1903 2638 καὶ
1958 2587 2081 2638 ὅτου
2147 2587 2242 2639 νῦν

645 2671 995 2738 μεταδιδόασι
1025 2675 1328 2743 σχήματος,
1359 2680 1470 2738 τοῖς
1499 2679 1851 2749 αίρουμένοις
1882 2680 2034 2747 σφίσι
2069 2695 2240 2748 προσ-

641 2767 832 2834 έχεινο
871 2766 986 2821 ἀλλ’
1038 2769 1218 2837 ἐῶμεν
1277 2771 1373 2822 καὶ
1421 2770 1598 2823 τοῦτο.
1635 2770 1730 2832 Τίς
1786 2773 1909 2840 ὄρος
1961 2771 2241 2833 συνοδικὸς

641 2860 755 2926 ἔχει
785 2859 877 2912 τὸν
907 2859 1054 2912 δεῖνα
1091 2861 1327 2913 πάππαν
1356 2861 1389 2932 ἢ
1425 2865 1780 2932 πατριάρχην
1816 2865 1998 2916 πίστιν
2033 2864 2241 2933 ὁρίζον-

638 2969 728 3016 τα,
784 2952 1036 3022 καθάπερ
1083 2953 1262 3018 οὖτος,
1306 2955 1421 3008 ἀλλ’
1478 2958 1538 3008 οὐ
1594 2958 1695 3025 τὴν
1761 2956 1977 3011 σύνοδον
2021 2960 2238 3022 «iam;

641 3047 920 3100 Σκοπείτω
958 3047 1013 3100 δέ
1045 3067 1126 3111 τις
1159 3049 1282 3101 ὅσον
1305 3050 1430 3102 ἐστὶ
1461 3050 1522 3102 τὸ
1556 3051 1815 3120 διάφορον
1857 3052 1957 3118 τῆς
1998 3054 2055 3103 ἐν
2093 3053 2241 3105 Φλω-

639 3140 829 3210 ρεντίᾳ
858 3141 1103 3207 συνόδου,
1138 3143 1231 3195 καὶ
1253 3144 1351 3209 τῆς
1388 3145 1532 3196 κατά
1562 3143 1658 3196 τοῦ
1692 3144 1903 3197 Βέκκου
1931 3161 1994 3212 γε
2009 3150 2239 3215 γενημέ-

2361 644 2552 708 παθῶς
2576 644 2877 713 ἐξήνεγκαν
2898 642 3100 712 ψῆφον,
3121 643 3227 697 κᾶν
3252 643 3425 698 ἐδόκει
3452 642 3518 695 τά
3543 642 3641 710 τῆς
3667 641 3938 705 συνάξεως

2356 735 2571 803 ἐκείνης
2604 736 2745 790 κατά
2773 736 2969 804 νόμους
3014 736 3306 805 προϐῆναι,
3338 737 3432 786 καὶ
3472 733 3613 800 πλὴν
3659 733 3768 784 τῶν
3801 731 3938 785 είδό-

2351 845 2462 882 των
2488 827 2680 898 αὐτὴν,
2721 829 2818 881 καὶ
2852 828 2961 881 τῶν
2991 827 3311 888 συνειδότων
3340 827 3404 880 ἀν
3435 826 3467 895 ἡ
3494 823 3605 879 τῶν
3636 825 3939 893 γεγενημέ-

2356 939 2462 974 νων
2516 922 2675 988 φύσις
2730 922 3011 976 ἐλάνθανε.
3073 919 3183 974 Kal
3237 920 3285 972 εἰ
3338 919 3460 988 μέν,
3488 917 3791 986 τιμώμενοι
3845 916 3938 966 καὶ

2355 1013 2587 1067 πλοῦτον
2616 1015 2934 1082 πορίζοντες
2980 1013 3218 1076 ἑαυτοῖς,
3246 1011 3471 1079 ἡθέτουν
3518 1010 3584 1063 τά
3613 1011 3939 1074 πεπραγμέο

2352 1127 2436 1168 να,
2472 1101 2620 1175 εῖχεν
2651 1105 2717 1158 ἂν
2748 1104 2986 1174 ὑποψίαν
3021 1104 3122 1157 οὐκ
3156 1103 3345 1172 ὀλίγην
3371 1101 3439 1155 τὰ
3466 1101 3564 1168 τῆς
3594 1099 3896 1170 μεταϐολῆς
3922 1115 3936 1128 ο

2353 1203 2448 1254 νῦν
2481 1202 2537 1255 δέ
2561 1201 2959 1269 ἀτιμαζόμενοι
2992 1199 3086 1252 καὶ
3123 1197 3311 1259 κακῶς
3342 1197 3666 1265 πάσχοντες,
3708 1193 3945 1260 φεύγου-

2354 1312 2438 1346 σιν
2466 1295 2573 1347 ἀπὸ
2599 1293 2709 1347 τῶν
2739 1291 2926 1347 κακῶν
2971 1290 3154 1352 αὐτοῖς
3216 1287 3752 1358 συγκεχωρημένων,
3780 1283 3941 1336 τοῦτο

2355 1386 2556 1454 μᾶλλον
2605 1384 2943 1453 αἱρούμενοι.
2993 1382 3026 1453 ἢ
3077 1383 3143 1450 τῇ
3199 1381 3300 1447 τῆς
3358 1378 3615 1448 ἀληθείας
3674 1378 3798 1443 σιγῇ
3841 1375 3935 1427 καὶ

2351 1480 2492 1543 σφᾶς
2528 1478 2723 1538 αὐτοὺς
2754 1474 3010 1542 ζημιοῦν,
3035 1473 3130 1526 καὶ
3163 1472 3290 1533 τοὺς
3318 1470 3512 1532 ἀλλους
3543 1466 3934 1535 προσδιαφθείο

2352 1588 2490 1639 ρειν.
2536 1571 2698 1630 Ἴσως
2729 1567 2850 1620 οὐδὲ
2879 1569 2944 1634 τῇ
2982 1566 3092 1618 τῶν
3140 1564 3352 1632 ἀνδρῶν
3400 1562 3572 1631 ἀρετῇ
3607 1561 3669 1612 τὸ
3711 1559 3935 1625 σύμπαν

2351 1664 2552 1730 πρέπει
2615 1659 2947 1726 λογίζεσθαι.
3006 1657 3364 1711 Τούνταντίον
3419 1654 3519 1722 μὲν
3570 1647 3685 1712 οῦν,
3721 1650 3781 1702 τὸ
3835 1650 3934 1715 μὲν

2351 1757 2576 1822 σύμπαν
2630 1755 2729 1820 τῆς
2765 1750 2979 1818 ἀγαθῆς
3028 1749 3123 1803 τοῦ
3159 1747 3293 1801 Θεοῦ
3328 1745 3588 1816 προνοίας
3634 1744 3802 1807 ἐστὶν,
3835 1741 3936 1794 οὐκ

2347 1847 2622 1911 ἀξιοῦντος
2654 1847 2802 1913 ἡμᾶς
2835 1842 3222 1913 ἀπερῤωγέναι
3265 1839 3363 1908 τῆς
3415 1837 3673 1907 ἀληθείας
3706 1837 3798 1888 καὶ
3839 1833 3932 1885 τοῦ

2350 1939 2513 2009 χοροῦ
2561 1940 2670 1992 τῶν
2701 1937 2983 2005 Πατέρων,
3014 1934 3108 1988 καὶ
3141 1934 3229 1986 διὰ
3253 1930 3412 1986 τοῦτο
3454 1932 3581 1992 τούς
3608 1928 3805 1995 ἄνδρας
3840 1924 3934 1979 ἐπὶ

2346 2033 2518 2086 ταῦτα
2577 2033 2924 2098 κινήσαντος.
2963 2026 3118 2096 Ἔχει
3156 2025 3338 2094 μέντοι
3390 2022 3514 2077 τινὰ
3578 2021 3672 2074 καὶ
3725 2019 3786 2070 τὸ
3825 2016 3935 2069 τῶν

2347 2123 2560 2193 ἀνδρῶν
2589 2121 2797 2175 τούτων
2821 2120 3043 2172 ἐπαινον
3073 2117 3159 2169 διὰ
3190 2119 3289 2182 τὴν
3323 2115 3416 2168 ἐπὶ
3441 2113 3511 2167 τά
3545 2112 3738 2182 βελτίω
3764 2107 3938 2179 ῥοπὴν

2346 2218 2446 2286 τῆς
2477 2214 2776 2283 θελήσεως.
2809 2212 2873 2268 Εί
2901 2211 2957 2264 δέ
2993 2227 3077 2271 τις
3112 2209 3312 2268 αὐτοὺς
3341 2209 3420 2267 ὼς
3452 2206 3552 2271 οὐκ
3578 2204 3787 2262 εἰδότας
3835 2217 3938 2286 φης

2349 2313 2432 2363 σίν
2460 2307 2794 2376 ἀφίστασθαι
2850 2305 2946 2372 τῆς
2980 2303 3248 2365 ἐνὼσεως,
3290 2301 3486 2354 οὐκοῦν
3528 2300 3605 2361 ὡς
3657 2295 3748 2348 ὑπ’
3783 2293 3938 2346 οὐδὲν

2347 2403 2566 2456 εἰδότων
2616 2399 3036 2467 πεπραγμέναις
3090 2397 3209 2457 ταῖς
3251 2393 3548 2462 συνθήκαις
3584 2387 3820 2448 ἐκείναις
3877 2388 3936 2456 οὐ

2346 2495 2451 2563 χρὴ
2480 2493 2771 2560 προσέχειν
2798 2490 3008 2549 οὐδένα,
3045 2488 3141 2541 καὶ
3172 2488 3298 2548 τοὺς
3326 2484 3695 2553 προσέχοντας
3719 2480 3936 2550 ἀνάγκη

2346 2588 2498 2638 πᾶσα
2536 2583 2867 2646 πλανᾶσθαι,
2897 2583 2965 2650 τῇ
3000 2579 3108 2632 τῶν
3141 2578 3306 2646 μηδὲν
3336 2576 3557 2629 εἰδότων
3583 2574 3752 2644 ψήφῳ
3790 2590 3938 2625 στοι-

2346 2678 2598 2749 χοῦντας.
2659 2675 2826 2730 Αὐτοὶ
2886 2675 2996 2740 γὰρ
3051 2667 3194 2742 ἦσαν
3257 2672 3306 2721 οἱ
3358 2668 3537 2721 πάντα
3594 2665 3940 2733 πεπραχότες

2346 2770 2549 2828 ἐκεῖνα,
2587 2767 2620 2834 ἧ
2650 2766 2796 2828 τίνες
2828 2763 2978 2817 ἄλλοι
3013 2761 3107 2813 τὸν
3149 2760 3278 2812 Υἱδν
3316 2757 3410 2811 τοῦ
3439 2757 3578 2810 Θεοῦ
3604 2755 3935 2825 ψηφίζονται

2320 2862 2440 2915 τοῦ
2482 2858 2804 2927 Πνεύματος
2840 2858 3014 2911 αίτιον
3059 2855 3117 2906 ἐν
3152 2855 3270 2914 ταῖς
3299 2851 3501 2920 ψήφοις
3548 2850 3825 2913 ἐκείναιςς
3862 2847 3937 2900 Οὐ

2343 2955 2452 3022 γάρ
2517 2950 2735 3004 σύνοδον
2771 2947 3006 3018 ἐροῦμεν
3058 2946 3184 3006 τοῦς
3230 2942 3497 3004 Λατίνους
3548 2944 3680 2995 ἄνευ
3733 2940 3942 2994 τούτων

2344 3045 2450 3097 τῶν
2478 3041 2801 3112 ἡμετέρων⁸
2842 3040 3042 3092 ἐκεῖνοι
3101 3038 3212 3106 γὰρ
3268 3035 3375 3104 πρὸ
3402 3036 3500 3104 τῆς
3530 3036 3586 3087 ἐν
3624 3033 3938 3102 Φλωρεντία

2345 3135 2567 3189 συνόδου
2621 3133 2722 3202 τὴν
2768 3131 3087 3202 προσθήκην
3140 3129 3378 3199 ἐπῄνουν
3427 3127 3525 3198 τὴν
3565 3126 3795 3187 ἑαυτῶν,
3841 3123 3939 3178 καὶ

638 3245 736 3298 νης
784 3232 844 3283 ἐν
875 3231 1472 3287 Κωνσταντινουπόλει.
1525 3234 1737 3304 Ἑκείνη
1787 3236 1896 3288 τῶν
1925 3237 2233 3302 οίκουμενιο
2260 3236 2303 3299 C
2341 3232 2468 3291 τοὺς
2499 3229 2769 3297 ψέγοντας
2806 3223 3022 3292 μυρίοις
3055 3221 3280 3274 ἔϐαλλον
3313 3219 3666 3287 σκώμμασιν.

637 3321 751 3373 κῶν
789 3321 1026 3375 συνόδων
1058 3325 1125 3393 τῇ
1177 3323 1360 3376 πίστει
1397 3325 1716 3378 παντάπασι
1778 3314 2088 3394 συμφωνεῖ,
2130 3327 2237 3378 τῶν

634 3432 694 3466 τε
731 3413 936 3476 ἄλλων,
972 3415 1069 3468 καὶ
1119 3415 1219 3485 τῆς
1273 3413 1342 3485 η’.
1381 3415 1529 3484 Αὕτη
1584 3418 1786 3476 πάσαις
1820 3419 2100 3486 διαφωνεῖ.
2142 3420 2238 3470 καὶ

636 3506 736 3560 σὺν
770 3509 890 3569 ταῖς
924 3507 1115 3570 ἄλλαις
1154 3508 1408 3577 κάκείνη.
1457 3508 1675 3581 Ἐκείνῃ
1725 3511 1910 3580 παρῆν
1979 3511 2079 3578 μὲν
2142 3512 2238 3564 καὶ

631 3603 659 3652 ὸ
724 3601 957 3662 πάππας
1005 3598 1436 3667 Ἀλεξανδρείας,
1500 3603 1547 3654 οί
1594 3601 1639 3654 δ’
1690 3603 1841 3655 ἄλλοι
1895 3605 2234 3673 πατριάρχαι

632 3693 725 3746 καὶ
771 3694 1056 3764 συνῄνουν,
1091 3694 1184 3746 καὶ
1240 3694 1342 3763 τὴν
1378 3694 1559 3762 ψῆφον
1603 3695 1679 3758 ὠς
1735 3696 1979 3758 εὐσεϐῶς
2023 3699 2115 3750 καί⁸
2154 3700 2239 3750 ἑν-

631 3787 849 3855 θέσμως
922 3789 1214 3856 γεγονυῖαν
1298 3788 1630 3855 ἠσπάζοντο.
1708 3787 1896 3859 Ταύτῃ
1973 3789 2030 3841 δὲ
2097 3808 2237 3857 παρ-

630 3883 771 3950 ῆσαν
805 3882 905 3952 μὲν
935 3881 1046 3935 τῶν
1081 3883 1440 3950 πατριαρχῶν
1471 3883 1866 3952 τοποτηρηταὶ,
1895 3883 2032 3936 ἀλλά
2053 3884 2236 3951 γράμ-

636 3993 801 4044 μασιν
850 3976 1079 4028 ἐκείνων
1135 3975 1228 4027 καὶ
1281 3977 1468 4043 ὅρκοις
1523 3971 1827 4046 ἐδέδεντοῆ
1859 3977 1967 4045 μὴν
2002 3978 2097 4028 ἐπὶ
2125 3979 2237 4039 τοῖς

629 4069 880 4138 ἀρχαίοις
912 4069 1097 4140 μόνοις
1128 4071 1228 4136 τὴν
1253 4070 1448 4122 ἕνωσιν
1482 4071 1819 4139 συγχωρεῖν,
1855 4071 2237 4138 ἀντεχομένων

628 4164 688 4218 δέ
745 4163 842 4233 τῆς
905 4164 1228 4234 προσθήκης
1267 4164 1536 4223 Λατίνων,
1591 4163 1758 4230 μηδὲν
1813 4163 2237 4233 συγχωροῦντας

629 4259 938 4310 ἐπανιέναι.
977 4257 1085 4309 Καὶ
1119 4256 1328 4309 τούτων
1357 4255 1419 4309 τὸ
1446 4255 1640 4308 δοκοῦν
1668 4255 1906 4319 ἑαυτοῖς,
1940 4257 1998 4308 οὐ
2031 4259 2092 4308 το
2125 4262 2237 4321 τοῖς

630 4353 988 4422 πεπομφόσιν
1022 4351 1260 4419 ἀρέσκον
1305 4351 1835 4422 διαπεπραγμένων,
1876 4352 1926 4403 οί
1966 4353 2236 4423 πατριάρο

630 4464 720 4515 χαι
757 4448 984 4514 μένουσι
1021 4445 1121 4513 μὲν
1154 4445 1247 4496 ἐπὶ
1291 4446 1390 4514 τῆς
1419 4447 1696 4513 προτέρας
1728 4443 1956 4513 γνώμης
1994 4445 2234 4514 ἐκείνης,

627 4544 740 4602 τ’ῖς
795 4541 852 4594 δὲ
900 4539 1088 4603 καλοῖς
1142 4539 1328 4592 αὐτῶν
1375 4538 1695 4608 ἐπιτρόποις
1746 4541 1837 4591 καί
1868 4539 1961 4591 τοῦ
1999 4542 2232 4609 πατρίου

2429 3319 2570 3374 ’Λλλ’
2621 3315 2742 3368 οὐδὲ
2792 3314 2917 3372 τοὺς
2954 3315 3100 3382 τρεῖς
3135 3311 3380 3372 ἐκείνους
3423 3309 3756 3378 ῆτέτταροις
3807 3306 3936 3370 τούς

2345 3417 2565 3469 πάντων
2617 3410 2826 3471 αἰτίους
2886 3406 2981 3460 καὶ
3041 3405 3135 3458 νῦν
3183 3407 3299 3466 ταῖς
3344 3403 3550 3471 ψήφοις
3599 3402 3938 3469 ἐμμένοντας

2347 3510 2487 3577 μετά
2520 3506 2769 3560 Λατίνων
2786 3499 2924 3569 ὁμοῦ
2957 3498 3175 3553 σύνοδον
3208 3495 3482 3568 ὁριστέον.
3515 3486 3675 3547 Οὗτοι
3710 3494 3821 3560 γὰρ
3845 3492 3940 3545 καὶ

2346 3601 2497 3670 παρά
2529 3599 2627 3664 τὴν
2668 3596 2778 3649 τῶν
2813 3589 3171 3661 πατριαρχῶν
3214 3589 3440 3656 γνώμην
3471 3586 3645 3638 πάντα
3689 3584 3936 3644 ἐποίουν,

2344 3691 2421 3748 ὧν
2466 3691 2608 3758 ἦσαν
2658 3691 2967 3757 ἐπίτροποι.
3032 3685 3142 3738 Καὶ
3198 3687 3364 3749 νόμος
3422 3680 3597 3742 οὐδεὶς
3653 3677 3940 3746 ἐπιτρέπει
3985 3666 3990 3671 ’

2344 3786 2641 3859 προσέχειν
2673 3785 2859 3841 αὐτοῖς
2888 3783 2946 3833 ἐν
2974 3779 3150 3847 τούτῳ
3175 3776 3251 3845 τῷ
3282 3777 3461 3845 μέρει,
3489 3775 3537 3825 εἰ
3573 3773 3668 3825 καὶ
3708 3770 3774 3824 τὰ
3805 3770 3942 3824 ἄλλα

2343 3880 2579 3949 γενναῖοί
2635 3877 2780 3939 τινές
2835 3876 2942 3928 είσι
2983 3872 3077 3926 καὶ
3118 3870 3318 3938 πολλῆς
3377 3865 3559 3927 αἰδοῦς
3611 3865 3774 3926 ἄξιοι,
3806 3863 3942 3916 ἀλλά

2345 3972 2715 4044 περὶτούτων
2755 3969 2853 4037 μὲν
2890 3966 3132 4037 ἀρκείτω
3184 3964 3362 4033 σιγᾷν.
3417 3962 3483 4012 Ol
3531 3960 3715 4013 πολλοὶ
3743 3959 3798 4011 δὲ
3847 3956 3943 4009 καὶ

2343 4068 2539 4136 ὀγδόην
2584 4063 2684 4133 τὴν
2738 4060 2960 4114 σύνοδον
3015 4057 3236 4124 ἐκείνην
3294 4053 3660 4108 ἀποκαλοῦσι.
3705 4051 3942 4119 Πρώτην

2347 4162 2445 4230 μὲν
2506 4153 2603 4212 οὖν
2653 4155 2824 4226 ἐχρῆν
2871 4149 3310 4221 προσαγορεύειν
3355 4145 3581 4207 δικαίως
3608 4160 3622 4174 ⁶
3659 4143 3797 4208 άλλη
3830 4141 3941 4211 γάρ

2342 4255 2487 4328 ἀρχὴ
2535 4251 2769 4306 συνόδων
2805 4249 2924 4302 ἐστὶ
2952 4246 3060 4300 τῶν
3097 4245 3229 4307 ἴσως
3275 4241 3371 4296 ἐπὶ
3421 4240 3578 4307 κακῷ
3615 4238 3820 4307 χείρονι
3854 4253 3946 4304 γε-

2342 4346 2684 4416 νησομένων.
2742 4343 2838 4395 καὶ
2885 4342 2984 4408 τῆς
3045 4338 3235 4407 σειρᾶς
3287 4334 3503 4402 ἐκείνης
3564 4332 3942 4400 ἀπὲῤῥηκται.

2344 4441 2455 4495 Καὶ
2487 4439 2561 4501 ὡς
2589 4438 2759 4498 ἐοικε,
2784 4434 2922 4486 διότι
2956 4431 3031 4500 μὴ
3061 4432 3201 4482 πάνυ
3248 4428 3348 4495 τῆς
3378 4425 3770 4493 οἱκουμενικῆς
3805 4421 3944 4490 αὐτῇ

2346 4533 2624 4609 προσῆκει
2686 4524 3058 4597 προσηγορία,
3094 4520 3203 4574 οὐδ’
3262 4517 3487 4588 ἐξεῦρον
3539 4515 3746 4577 καλῶς,
3793 4514 3944 4574 ὅπως

625 4637 898 4703 δόγματος
949 4631 1190 4700 ἀμοιϐὰς
1242 4605 1522 4685 ἀπέδοσαν
1573 4631 1665 4683 τά;
1719 4631 1895 4695 ἀξίας,
1936 4635 2025 4684 καὶ
2068 4605 2230 4702 μέχρι
2263 4605 2424 4680 Ι)δεῖ
2453 4605 2660 4693 ταύτην
2720 4619 2977 4687 ἀριθμεῖν
3040 4617 3135 4667 καὶ
3195 4613 3404 4665 καλεῖνο
3457 4609 3582 4671 Πῶς
3632 4607 3742 4675 γὰρ
3777 4605 3940 4672 ὁγδθη

625 4730 720 4783 νῦν
750 4728 1098 4789 ἀποδιδόντες
1129 4728 1188 4779 οὐ
1221 4725 1509 4779 παύονται.

713 4825 963 4892 Ἐκείνης
997 4822 1099 4890 τῆς
1142 4823 1200 4874 ἐν
1231 4820 1812 4873 Κωνσταντινουπὸλει
1855 4822 2075 4874 συνόδου
2113 4827 2236 4885 ταῖς

622 4923 829 4993 ψήφοις
863 4918 1067 4979 πάντες
1099 4916 1410 4983 ἐνέμειναν,
1440 4915 1492 4966 οἵ
1516 4930 1571 4966 τε
1619 4913 1718 4982 τὴν
1758 4912 1945 4982 ψῆφον
1985 4913 2233 4983 ἐξενηνο-

626 5017 784 5086 χότες
817 5012 995 5074 αὐτοὶ,
1039 5009 1136 5061 καὶ
1171 5008 1374 5069 πάντες
1421 5007 1471 5058 οί
1506 5004 1646 5072 μετά
1671 5003 1844 5058 ταῦτα
1866 5021 1884 5033 ’λ
1929 5006 2029 5074 τῆς
2071 5004 2126 5057 δὲ
2177 5007 2235 5057 ἐν

628 5103 942 5175 Φλωρεντίᾳ
976 5099 1197 5154 συνόδου
1239 5099 1344 5167 τὴν
1374 5096 1559 5168 ψῆφον
1598 5096 1646 5145 οί
1701 5092 2064 5162 πεποιηκότες
2097 5093 2234 5161 +1sz-

626 5219 806 5274 ρωσαν
830 5216 843 5230 ·
879 5198 1021 5269 πλὴν
1053 5195 1160 5266 γάρ
1187 5193 1359 5263 τριῶν
1388 5192 1420 5264 ἦ
1447 5189 1758 5260 τεσσάρων,
1798 5189 1907 5240 τῶν
1947 5187 2110 5257 μέχρι
2142 5187 2235 5239 καὶ

623 5298 720 5350 νῦν
776 5289 1405 5364 ἰσχυρογνωμονούντων
1462 5285 1494 5356 ἢ
1546 5282 1852 5337 δοκούντων
1902 5283 2054 5344 ὅπως
2101 5281 2231 5333 ποτὲ

625 5392 829 5464 πάντες
884 5389 1264 5458 μετέγνωσαν,
1299 5379 1568 5452 καὶπρὸς
1614 5377 1716 5446 τὴν
1777 5377 2010 5446 πάτριον
2061 5374 2227 5438 εὐθὺς
2265 5437 2270 5443 _

624 5482 1106 5548 ἐπανεληλύοεσαν
1146 5478 1344 5544 δόξανο
1376 5474 1584 5545 μᾶλλον
1612 5471 1670 5526 δὲ
1693 5474 1814 5535 ταῖς
1849 5469 2100 5541 γνώμαις
2133 5473 2229 5523 καὶ

622 5582 743 5643 ταῖς
772 5578 974 5647 ψυχαῖς
1011 5575 1267 5628 οὐδέποτε
1287 5571 1490 5640 ταύτης
1515 5567 1865 5638 ἀπέστησαν,
1904 5564 2021 5618 ἀλλ’
2049 5563 2227 5617 ἐνέδοο

622 5690 719 5725 σαν
764 5669 843 5739 τῷ
895 5666 1078 5738 καιρῷ
1111 5665 1380 5727 παθόντες
1422 5663 1523 5717 οὐκ
1552 5662 1660 5727 ἐξω
1690 5657 2028 5728 συγγνώμης
2059 5654 2229 5709 καθά-

623 5764 754 5828 παξ,
793 5758 876 5824 οἷς
909 5761 1002 5814 καὶ
1036 5760 1196 5828 χάριν
1239 5755 1552 5826 ὀφείλομεν.
1589 5753 1652 5806 El
1688 5751 1798 5822 γάρ
1821 5749 2137 5820 αἰδούμενοι
2168 5746 2230 5800 τὸ

619 5859 768 5925 δόξαι
802 5853 1248 5928 μεταϐεϐλῆσθαι
1298 5851 1462 5922 μέχρι
1495 5849 1688 5910 τέλους
1721 5848 1780 5899 ἐν
1813 5845 2023 5914 σφίσιν,
2066 5841 2230 5910 ἔκρυ-

617 5954 748 6008 πτον
779 5969 836 6006 τε
868 5952 962 6007 καὶ
994 5946 1386 6018 ἀνεξέλεγκτον
1419 5946 1545 6002 εἴων
1576 5941 1957 6018 τηνῠακούσιον
1988 5935 2096 5992 ἀπὸ
2131 5934 2230 6004 τῆς

2347 4725 2378 4791 ἡ
2437 4720 2576 4789 μετά
2632 4715 2731 4785 τὴν
2786 4711 3020 4781 ὸγδόην;
3073 4707 3190 4768 πῶς
3235 4706 3290 4760 δέ
3336 4704 3533 4771 ἐννάτη
3593 4703 3628 4770 η
3664 4703 3728 4771 τῇ
3778 4698 3945 4768 ὀγδόη

2348 4815 2607 4880 πολέμιος
2633 4826 2646 4872 ;
2694 4808 2956 4873 Ὲννὰτην
2994 4804 3092 4869 μέν
3119 4795 3214 4852 οὖν
3247 4797 3360 4851 οὐτ’
3394 4795 3687 4854 ἐκάλεσαν,
3713 4789 3829 4843 οὔτ’
3853 4789 3946 4840 εὐ-

2345 4907 2522 4972 λόγως
2570 4904 2741 4962 ἐστίν,
2772 4899 2968 4966 ὀγδόην
3002 4894 3057 4946 δὲ
3097 4890 3324 4944 καλοῦσι
3368 4890 3486 4958 μὲν,
3526 4885 3642 4940 ἀλλ’
3679 4885 3779 4936 οὐκ
3827 4882 3945 4935 ἐστι

2345 5002 2608 5066 τοσαύτη.
2648 4994 2812 5048 Ἀλλά
2843 4991 2938 5043 κα)⁵
2967 4988 3112 5041 τοῦτ’
3146 4988 3202 5048 ἐς
3229 4983 3509 5037 τοσοῦτον.
3998 4977 4006 4984 “

2430 5092 2704 5159 Ἀνάγκην
2743 5086 2799 5138 δὲ
2831 5085 3089 5150 οὐδεμίαν
3115 5078 3359 5148 ὁρῶμεν,
3391 5076 3426 5130 a
3456 5090 3602 5135 τινες
3623 5071 3944 5141 πεπράχασι

2345 5186 2589 5257 φαύλως,
2623 5182 2717 5236 καὶ
2771 5175 3078 5247 μετάμελος
3129 5173 3222 5225 ἐπὶ
3264 5169 3478 5231 τούτοις
3525 5167 3684 5235 ἐσχεν
3725 5161 3945 5224 αὐτοὺς,

2345 5281 2494 5350 ἡμᾶς
2525 5276 2668 5331 αὐτά
2703 5273 2982 5343 στέργειν,
3018 5267 3308 5327 κάκείνους
3350 5263 3460 5332 ’μὲν
3519 5259 3803 5328 μετανοεῖν
3858 5247 3946 5306 ἐπ’

2343 5374 2577 5430 ἐκείνοις
2609 5367 2916 5438 φρονίμως,
2946 5364 3093 5433 ἡμᾶς
3119 5360 3175 5413 δέ
3209 5356 3346 5428 μηδέ
3372 5358 3491 5417 ταῖς
3525 5351 3752 5406 ἐκείνων
3782 5364 3949 5418 μετα-

2345 5465 2589 5535 μελείαις
2649 5455 3025 5519 διδάσκεσθαι,
3076 5452 3237 5516 δόξαν
3273 5449 3419 5521 ἐχειν
3461 5446 3559 5517 τὴν
3593 5440 3771 5513 ἀληθῆ
3815 5443 3948 5510 περὶ

2343 5555 2419 5615 ὧν
2455 5558 2824 5627 πεποιὴκασι,
2859 5551 2952 5605 καὶ
2981 5545 3063 5611 οἷς
3101 5544 3258 5600 αὐτοὶ
3300 5542 3544 5613 κήρυκές
3574 5540 3717 5592 εἰσιν
3764 5535 3816 5588 οί
3849 5550 3947 5587 πε-

2343 5623 2665 5719 ποιηκότες.
2696 5643 2832 5699 υύδέ
2865 5642 2975 5710 γαρ
3013 5639 3072 5690 ἐν
3109 5633 3482 5705 ἀνθρωπίνοις
3527 5626 3822 5719 πράγμασι
3853 5623 3946 5719 καλ.

2343 5712 2708 5812 προσκαίροις
2740 5733 2884 5786 οὓτω
2913 5731 2975 5784 τὸ
3007 5726 3295 5797 συμφέρον
3321 5723 3428 5776 ἐδει
3453 5714 3756 5812 θηράσθαι,
3781 5712 3946 5812 σχολῇ

2454 5837 2512 5886 ἐν
2539 5802 2652 5893 τοῖς
2696 5829 2860 5904 θείοις
2893 5822 3121 5891 δόξομεν
3149 5817 3399 5871 εὐσεϐεῖν
3430 5810 3660 5878 τοιούτῳ
3697 5802 3950 5874 λογισμῷ

2344 5899 2640 6002 χρώμενοι.
2687 5899 2838 5980 um"
2867 5919 2976 5974 οὐδ’
3008 5918 3056 5971 οι
3094 5915 3151 5968 τδ
3180 5913 3348 5967 δεινὸν
3374 5905 3799 5979 εξειειγασμενοι
3830 5901 3946 5954 ὅσοι
