4468 6454
693 410 802 472 735

1810 409 2192 470 GENNADII
2233 408 2343 468 CP.
2385 406 2901 467 PATRIARCll/E

3878 409 3985 472 736

695 518 789 568 Διὸ
818 515 912 568 καὶ
947 507 1101 568 εἶπεν
1138 517 1166 568 ό
1215 516 1535 584 κορυφαῖος,
1588 517 1658 570 Τὸ
1687 517 1979 586 ἀργύριόν
2013 533 2132 573 σου
2173 520 2297 575 σὺν
2323 521 2372 581 Α
2402 516 2626 584 πρεπῶς
2652 515 2986 584 ἐξυϐρίζειν,
3020 514 3116 566 καὶ
3165 514 3264 579 τὴν
3294 514 3385 568 τοῦ
3423 515 3667 584 Σίμωνος
3709 515 3985 569 ἀπώλειαν

695 608 794 660 σοὶ
837 609 925 673 είς
980 607 1310 663 ἀπώλειαν.
1347 608 1473 661 Ὅτι
1520 609 1612 661 καὶ
1646 609 1866 678 πρῶτον
1915 611 2012 680 μὲν
2047 611 2281 665 ἐνταῦθα

696 696 790 749 τοῦ
831 699 1076 766 Σίμωνος
1117 698 1217 768 τὴν
1264 701 1528 768 πονηρίαν
1580 701 1637 750 ὲν
1681 699 1816 768 αὐτῇ
1855 703 1921 769 τῇ
1954 699 2082 770 ῥίζῃ
2121 702 2281 753 κατέ-

696 806 849 855 κρινε
883 789 944 840 τὸ
977 788 1266 860 ἀργύριον,
1302 790 1488 851 κακῶς
1531 789 1958 845 συναπόλλυνται
1997 794 2109 854 τοῖς
2139 792 2279 859 ὑπὲρ

696 883 805 934 τῶν
840 883 1003 950 ἱερῶν
1036 883 1332 952 διδομένοις
1364 882 1644 951 χρήμασιν
1673 884 1728 934 αί
1761 883 1869 935 τῶν
1897 883 2150 936 διδόντων
2180 883 2284 952 ψυ-

696 976 789 1044 χιί
816 993 830 1006 ·
887 976 1117 1039 ἀντάξια
1182 976 1290 1043 γὰρ
1339 975 1450 1026 τῶν
1481 976 1871 1044 ἀπολλυμένων
1907 975 2279 1045 λαμϐάνουσιν

699 1067 1072 1135 προσκαίρους
1105 1069 1269 1134 τιμάς
1301 1082 1359 1118 τε
1393 1067 1487 1118 καὶ
1516 1067 1800 1134 ὠφελείας,
1839 1068 1931 1121 καὶ
1959 1069 2057 1120 ὅσα
2082 1069 2158 1135 τῷ
2184 1069 2283 1138 βίῳ

698 1159 832 1226 τῷδε
866 1157 1370 1224 συγκαταλύονταιθ
1418 1160 1449 1227 ή
1495 1157 1550 1209 δὲ
1587 1159 1686 1226 τῆς
1722 1163 1857 1228 πρδς
1887 1160 2020 1213 Θεὸν
2049 1163 2280 1214 ἀνευλα-

699 1250 851 1311 ϐείας
874 1249 1198 1318 ὀφειλομένη
1230 1250 1383 1317 σφίσι
1413 1248 1573 1318 ποινὴ
1597 1249 1673 1318 τῷ
1707 1251 1894 1320 κλήρῳ
1919 1250 2029 1303 τῶν
2053 1252 2287 1304 ἀπολλυ-

706 1339 883 1406 μένων
908 1339 1084 1392 ταῦτα
1113 1339 1418 1393 συντάττει.
1452 1334 1612 1393 Οὗτοι
1637 1339 1682 1392 δ’
1711 1340 1848 1393 είσὶν
1877 1343 1926 1394 οί
1950 1342 2048 1406 τὰς
2074 1344 2130 1395 έν
2159 1344 2283 1413 ᾇδου

701 1429 854 1491 δίκας
885 1430 1198 1498 ὑπέχοντες,
1230 1430 1292 1482 ού
1319 1429 1420 1499 τῆς
1448 1431 1638 1493 οὐσίας
1664 1431 2004 1500 ἀπαλλαγὴν,
2029 1433 2161 1487 ἁλλά
2191 1433 2286 1486 τοῦ

706 1515 767 1573 εὖ
803 1515 942 1574 εἶναι
973 1520 1069 1574 καὶ
1097 1519 1198 1590 τῆς
1225 1519 1488 1592 ἀληθινῆς
1515 1521 1872 1592 ὑφιστάμενοι
1900 1524 2046 1593 ζωῆς
2076 1523 2289 1577 ἔκπτω-

706 1628 808 1666 σιν.

783 1704 940 1757 Ἐπεὶ
976 1705 1034 1757 δὲ
1083 1705 1190 1758 ἀπὸ
1240 1705 1348 1758 τῶν
1391 1704 1644 1758 διδόντων
1686 1707 1768 1768 είς
1811 1708 1938 1769 τοὺς
1982 1709 2290 1776 λαμϐάνον-

703 1815 800 1859 τας
869 1797 1189 1864 μεθίσταται
1240 1800 1267 1848 ό
1328 1797 1499 1866 ῥύπος
1539 1799 1639 1866 τῆς
1684 1796 1969 1870 πονηρίας,
2062 1801 2291 1862 εἰκότως

2406 607 2684 675 πρόφασιν
2722 606 2862 668 ίδίας
2893 605 3192 675 εύκληρίας
3227 605 3498 658 ποιεῖσθαι
3521 606 3711 675 ῶσπερ
3741 609 3852 667 τοῖς
3879 607 3984 658 τῶν

2406 696 2649 767 πλησίων
2681 696 2926 764 ὀλέθροις
2961 696 3378 764 ἀσμενίζοντας,
3430 698 3461 766 ἢ
3503 696 3823 765 ἑμπαιγμόν
3864 713 3985 748 τινα

2399 794 2463 860 τῇ
2497 790 2832 862 καθαρότητι
2856 788 2948 841 τοῦ
2981 789 3338 858 κηρύγματος
3368 790 3760 858 ἀναμιγνύναι,
3786 793 3877 840 καὶ
3901 807 3987 840 σο-

2406 881 2656 951 φίζεσθαι
2703 882 2804 944 τὰς
2840 880 2900 944 ἐξ
2934 878 3240 948 ἀνθρώπων
3268 881 3536 946 ὠφελείας
3577 881 3671 932 καὶ
3709 880 3876 946 τιμὰς
3910 880 3988 932 δι-

2401 975 2548 1028 δόναι
2580 973 3101 1043 προσποιουμένους,
3134 974 3279 1041 ἅπερ
3308 972 3505 1042 ᾔδεσαν
3554 972 3987 1040 τοιουτοτρόπως

2401 1067 2463 1118 οὐ
2496 1064 2770 1132 δυνάμενα
2819 1062 3104 1117 δεδόσθαι·
3133 1065 3166 1132 ἢ
3204 1063 3446 1131 νομίζειν
3497 1064 3559 1114 ὲκ
3589 1063 3843 1115 τοιούτων
3891 1062 3988 1114 καὶ

2407 1156 2550 1209 οὓτω
2585 1154 2863 1218 δυσσεϐῶς
2893 1154 3302 1223 συλλεγομένων
3330 1154 3652 1223 χρημάτων,
3683 1153 3906 1222 ἄμεινόν
3931 1171 3982 1205 τι

2411 1248 2638 1316 πράξειν
2671 1246 3147 1312 ὲξαναλίσκοντας,
3177 1246 3290 1297 ἀλλ’
3317 1246 3436 1313 οὐχὶ
3459 1244 3660 1314 μᾶλλον
3689 1245 3986 1312 ἀσεϐήσειν

2408 1338 2506 1406 μὲν
2539 1340 2617 1401 εἰς
2650 1337 2808 1401 Θεὸν,
2838 1337 2935 1406 ὀψὲ
2968 1338 3048 1402 δὲ,
3093 1338 3189 1391 καὶ
3215 1339 3297 1401 είς
3322 1338 3456 1392 Θεὸν
3490 1337 3988 1407 ὲγκαταλειφθήσε-

2408 1427 2552 1480 σθαι.
2583 1427 2685 1480 Διά
2717 1424 2870 1478 ταῦτ’
2900 1425 3010 1497 ἄρα
3039 1427 3134 1480 καὶ
3163 1425 3238 1490 ὡς
3265 1427 3374 1480 ἀπὸ
3394 1425 3643 1498 κρημνοῦ
3680 1443 3825 1489 τινος
3860 1429 3988 1480 ἀνε-

2404 1523 2684 1592 χώρησαν.

2483 1610 2618 1668 Εἶτα
2660 1615 2938 1671 δεικνύναι
2970 1618 3138 1673 θέλων
3174 1621 3202 1671 ό
3232 1619 3458 1687 Πέτρος,
3480 1620 3555 1681 ὼς
3591 1620 3693 1672 οὐκ
3735 1619 3896 1686 ἀρκεῖ
3929 1617 3988 1669 τὸ

2411 1706 2642 1775 ζητῆσαι
2677 1708 2856 1777 μόνον,
2895 1727 2913 1760 ι
2957 1711 3093 1763 ἀλλά
3129 1711 3266 1779 μετά
3323 1709 3628 1774 εὐσεϐείας,
3665 1710 3853 1777 φησὶν,
3891 1709 3988 1760 οὑκ

2406 1799 2520 1852 ἔστι
2577 1801 2757 1870 μερὶς,
2791 1803 3185 1871 »προφητικῶς
3233 1803 3307 1865 ὡς
3355 1805 3526 1855 εἰπεῖν
3577 1802 3988 1870 αἰσθανόμενος.

705 1891 798 1940 καὶ
825 1893 873 1941 οἱ
906 1891 1280 1957 λαμϐάνοντες
1314 1891 1767 1956 συναπόλλυνται,
1794 1893 1889 1944 καὶ
1918 1895 2031 1951 τοῖς
2057 1893 2296 1957 αἰωνίοις
2332 1873 2373 1927 Β
2403 1890 2509 1942 τῶν
2536 1891 2865 1960 ἀπορρήτων
2898 1892 3460 1962 δυσσεϐημάτων.Διδ
3503 1894 3596 1945 καὶ
3622 1893 3721 1946 οὐκ
3753 1893 3991 1960 ἠμέλουν

703 1983 923 2050 δεσμοῖς
972 1981 1296 2050 δεσμοῦνται
1360 1983 1497 2050 μετά
1563 1983 1660 2051 τὴν
1718 1985 1902 2054 τιμὴν,
1934 1985 1960 2036 δ
1993 1986 2056 2054 δὴ
2107 1987 2296 2054 ψυχαῖν

706 2075 856 2124 ἐστιν
904 2073 1147 2139 δλεθρος,
1184 2073 1437 2142 καθάπερ
1467 2075 1660 2126 ἐκεῖνοι
1703 2075 2132 2128 συναπολλύουσι
2186 2082 2299 2134 τοῖς

706 2167 950 2235 χρήμασι
1001 2166 1095 2224 τὰς
1118 2164 1457 2234 ψυχάς,οὖτε
1488 2166 1587 2232 τήν
1611 2166 1949 2235 ζητουμένην
1981 2169 2141 2236 χάριν
2171 2186 2302 2237 κερ-

707 2255 998 2321 δαίνοντες,
1020 2255 1096 2323 τῷ
1119 2255 1390 2317 δυσσεϐῶς
1415 2256 1631 2308 ἐλπίσαι
1655 2256 1860 2324 ταύτην
1892 2257 2076 2308 λαϐεῖν
2099 2257 2185 2320 ἂν,
2206 2259 2300 2312 καὶ

710 2347 871 2409 εἴτις
894 2349 1018 2416 ἐνῆν
1049 2348 1232 2411 αὐτοῖς
1265 2349 1528 2417 πρότερον
1557 2348 1956 2412 ἀποϐάλλοντες
1994 2367 2006 2380 ·
2038 2370 2056 2401 ι
2106 2352 2166 2403 Ἦ
2195 2352 2300 2423 γάρ

713 2441 919 2509 ἀγάπη,
945 2440 1128 2508 φησὶν,
1147 2439 1207 2490 ού
1229 2439 1408 2510 χαίρει
1438 2443 1501 2510 τῇ
1525 2441 1744 2511 ἀνομίᾳ,
1762 2461 1780 2492 ι
1808 2444 1900 2494 καὶ
1926 2443 2060 2510 πρὸς
2089 2442 2299 2506 τούτοις

717 2533 818 2594 τοῖς
851 2531 1004 2584 κάτω
1039 2531 1418 2601 κολαστηρίοις
1453 2533 1548 2584 καὶ
1580 2536 1644 2602 τῇ
1673 2534 1839 2602 βίϐλῳ
1863 2535 1968 2587 τῶν
1995 2535 2302 2603 ἀπολλυμέ-

711 2640 818 2674 νων
840 2624 1071 2691 οἰκτρῶς
1102 2625 1531 2693 ὲγγραφόμενοι.
1557 2625 1635 2676 ’⁸0⁵
1651 2626 1705 2677 δὲ
1733 2625 1921 2691 μεῖζόν
1947 2627 2093 2678 ἐστιν
2116 2627 2196 2678 ὅτι
2228 2625 2302 2695 μὴ

711 2717 769 2765 τὸ
792 2715 976 2769 δοῦναί
993 2733 1050 2768 τε
1077 2717 1168 2768 καὶ
1189 2717 1394 2782 λαϐεῖν,
1415 2717 1550 2771 ἀλλά
1570 2719 1627 2769 τὸ
1653 2718 1978 2789 βουληθῆναι
2001 2719 2181 2787 μόνον,
2209 2719 2304 2772 καὶ

712 2808 849 2876 πρὸς
876 2809 974 2877 τὴν
1000 2808 1194 2878 ὠνῆνῆ
1222 2810 1321 2880 τὴν
1339 2811 1542 2878 πρᾶσιν
1565 2811 1935 2880 ἐξορμηθῆναι
1955 2811 2302 2880 ἀπηρτισμέο

712 2918 802 2952 νον
837 2901 927 2952 τὸν
957 2902 1053 2968 τῆς
1089 2903 1362 2970 Σιμωνίας
1392 2904 1606 2974 δέχεται
1631 2905 1808 2971 λόγον.
1835 2905 1899 2958 Ὀ
1930 2905 1994 2976 δὴ
2029 2909 2166 2960 πᾶσι
2191 2907 2302 2967 τοῖς

713 2991 811 3060 τῆς
839 2991 1066 3060 καρδίας
1090 2992 1381 3062 πρόσεστιν
1401 2996 1820 3066 ἁμαρτήμασιν,
1844 2997 1877 3050 ἀ
1895 2999 1972 3067 τῷ
1998 2998 2304 3068 συλληφθῆ-

715 3101 805 3134 ναι
851 3084 1010 3152 μόνον
1038 3084 1136 3150 τὴν
1165 3084 1460 3138 ὑπόστασιν
1485 3088 1618 3158 ἔχει,
1653 3090 1724 3151 ώς
1755 3091 1847 3142 καὶ
1879 3091 1989 3152 τοῖς
2017 3092 2112 3142 τοῦ
2145 3092 2302 3158 λόγου

715 3175 948 3236 καὶτοῖς
985 3175 1078 3227 τοῦ
1123 3176 1288 3242 Ξογου
1328 3179 1635 3246 ὑπουργίαν
1689 3181 1982 3250 ἀπαρτίζει
2031 3182 2089 3232 τὸ
2138 3177 2298 3243 εἶδος.

728 3261 859 3312 Ἰδοὺ
891 3259 999 3328 γὰρ
1026 3264 1050 3312 ό
1083 3262 1266 3330 Σίμων
1292 3267 1355 3333 τῇ
1387 3266 1487 3332 τῆς
1513 3267 1811 3330 δυσσεϐοῦς
1844 3269 2115 3338 ἐμπορίας
2150 3271 2300 3321 ἐλπί-

717 3351 798 3414 ζει
825 3352 885 3404 τὸ
912 3355 1021 3405 πᾶν
1065 3353 1172 3420 -τῆς
1222 3358 1486 3426 πονηρίας
1552 3358 1927 3427 ἐξειργάσθαι,
1955 3364 2048 3414 καὶ
2083 3365 2302 3416 θανασί-

720 3461 836 3509 μως
866 3443 1114 3514 ἦμαρται
1139 3461 1152 3474 ⁸
1189 3446 1348 3500 τοῦτο
1375 3449 1483 3516 γάρ
1509 3451 1626 3502 ἐστι
1654 3454 1713 3501 τὸ
1748 3454 2184 3506 συναπολωλέναι
2210 3457 2302 3507 τὸν

717 3535 968 3588 τοιοῦτον
1002 3543 1301 3607 χρήμασιν.
1340 3541 1397 3593 EE
1446 3544 1544 3607 μὲν
1586 3545 1693 3612 γὰρ
1729 3540 1839 3596 οἷόν
1874 3563 1932 3597 τε
1973 3541 2040 3611 ἦν
2068 3547 2301 3599 κτᾶσθαι

719 3625 819 3694 τὴν
849 3626 1009 3695 χάριν
1053 3627 1263 3681 διδόντα
1311 3632 1556 3698 χρυσίον,
1587 3631 1648 3682 οὐ
1683 3633 1744 3682 τὸ
1781 3631 2107 3699 βουληθῆναι
2143 3633 2302 3700 μόνον

720 3719 1037 3789 ἀπέχρησεν
1088 3719 1155 3772 ἂν
1189 3723 1267 3783 είς
1299 3723 1358 3773 τὸ
1388 3723 1675 3790 μορφῶσαι
1709 3723 1808 3792 τὴν
1851 3725 2140 3791 πονηρίαν,
2186 3724 2299 3776 ἀλλ’

723 3811 830 3862 ἔδει
874 3813 966 3862 καὶ
1010 3811 1100 3862 τὸν
1132 3812 1367 3865 λαϐόντα
1401 3813 1500 3881 μὲν
1531 3812 1628 3881 τὴν
1655 3814 1821 3882 τιμὴν
1866 3815 2201 3868 ἀντιδιδόντα
2247 3816 2302 3868 δὲ

720 3900 820 3968 τήν
849 3900 1010 3970 χάριν
1041 3905 1326 3971 προσεῖναι
1347 3921 1360 3935 ·
1395 3906 1587 3975 ἐπειδὴ
1616 3906 1877 3958 ἀδύνατον
1916 3907 2087 3977 αὐτὴν
2120 3924 2300 3979 παρα-

721 3992 965 4056 γίνεσθαί
998 4011 1055 4047 τε
1104 3995 1189 4046 διὰ
1225 3991 1548 4064 χρημάτων,
1576 3995 1698 4049 οὔτε
1723 3998 1814 4050 τὸν
1843 3998 1978 4051 Θεὸν
2019 3999 2216 4052 διδόναι
2250 4018 2300 4053 τι

719 4085 1019 4153 δυναμένου
1082 4086 1156 4156 μὴ
1203 4090 1424 4157 προῖκα,
1463 4089 1551 4140 διὰ
1599 4088 1660 4140 τὺ
1706 4087 1911 4141 δεῖσθαι
1963 4089 2188 4157 μηδενδς
2221 4090 2303 4151 είς

719 4177 870 4228 οὐδὲν
895 4179 1031 4246 ὅπερ
1063 4179 1127 4231 ἂν
1156 4178 1351 4249 ἡσθείη
1386 4179 1698 4247 λαμϐάνων,
1723 4181 1754 4248 ἢ
1780 4180 1857 4247 τῷ
1888 4180 1987 4248 τῆς
2023 4179 2300 4247 ἁμαρτίας

719 4269 816 4336 τήν
858 4270 1163 4337 ἀγνοτάτην
1197 4273 1360 4339 χάριν
1395 4272 1768 4336 πιστεύοντος,
1803 4271 1929 4325 ούτε
1991 4273 2060 4325 τὰ
2116 4271 2301 4323 θεόθεν

722 4359 983 4426 ειληφότα
1056 4361 1264 4429 ταύτην
1319 4363 1608 4430 ἀνθρώπου
1657 4362 1953 4430 δυναμένου
2004 4363 2209 4429 ταύτην
2257 4354 2301 4428 ᾧ

722 4449 983 4500 ἐνδιδόναι
1016 4451 1124 4502 τῶν
1158 4451 1415 4504 ὠνεῖσθαι
1464 4452 1806 4521 βουλομένων
1857 4452 1963 4504 τινί
1987 4465 2004 4482 ·
2037 4451 2159 4502 οὐδὲ
2195 4449 2300 4516 γάρ

2403 1980 2599 2034 ἐκεῖνοί
2635 1999 2693 2034 τε
2726 1983 2821 2034 καὶ
2849 1983 2898 2034 οί
2922 1983 3156 2052 διάδοχοι
3186 1985 3392 2038 τούτων
3417 1987 3557 2039 κατά
3590 1988 3689 2053 τῆς
3721 1985 3989 2052 αἱρέσεως

2403 2072 2605 2139 ταύτης
2637 2073 3038 2142 ἀνδρικώτερον
3071 2075 3344 2128 ἵστασθαι.
3378 2075 3616 2146 ’ᾙδεσαν
3639 2076 3746 2143 γάρ
3775 2075 3867 2125 τὸν
3889 2073 3989 2140 τῆς

2404 2163 2667 2230 ἀληθείας
2699 2164 2890 2233 ὲχθρδν
2942 2165 3172 2226 πολλοὺς
3222 2164 3519 2234 ἐγεροῦντα
3563 2165 3641 2234 τῷ
3688 2164 3786 2233 βίῳ
3815 2163 3993 2230 Σίμω-

2405 2272 2522 2318 νας,
2548 2255 2598 2306 οἳ
2622 2256 2869 2325 ταραχῆς
2892 2255 2958 2309 τὰ
2991 2256 3335 2324 Χριστιανῶν
3367 2257 3707 2325 ἐμπλήσουσι
3732 2255 3993 2324 πράγμα-

2403 2363 2490 2399 τα.
2531 2345 2604 2399 Εἴ
2636 2363 2747 2410 τις,
2793 2347 2979 2415 φησὶν,
3029 2346 3365 2412 ἐπίσκοπος
3393 2347 3489 2400 διὰ
3522 2347 3844 2416 χρημάτων
3881 2345 3992 2411 τῆς

2406 2438 2582 2502 ἀξίας
2615 2438 2839 2504 ταύτης
2887 2436 3184 2507 ἐγκρατὴς
3235 2439 3469 2508 γένοιτο
3508 2439 3545 2507 ἢ
3584 2439 3993 2505 πρεσϐύτερος

2404 2530 2442 2596 ἢ
2502 2531 2802 2596 διάκονος,
2868 2532 3304 2597 καθαιρείσθω,
3361 2532 3546 2597 αὐτὸς
3621 2532 3718 2584 καί
3781 2535 3814 2584 ό
3875 2547 3994 2596 χει-

2397 2623 2765 2691 ροτονήσας,
2806 2625 3333 2687 καὶὲκκοπτέσθω,
3366 2625 3464 2676 καί
3517 2624 3629 2691 τῆς
3674 2625 3990 2687 κοινωνίας

2406 2715 2822 2778 παντάπασιν,
2849 2717 2932 2782 ὡς
2962 2719 2996 2770 ὁ
3031 2717 3227 2783 Σίμων
3265 2717 3298 2769 ό
3329 2714 3533 2782 Μάγος
3564 2715 3666 2768 ὑπ’
3698 2714 3844 2782 ἐμοῦ
3879 2715 3988 2766 Πέ-

2404 2825 2569 2876 τρου.
2606 2808 2714 2859 Καὶ
2747 2801 3012 2872 αὖθι;,Εἵ
3038 2824 3128 2871 τις
3155 2807 3517 2873 ἐπίσκοπος,
3544 2805 3858 2874 κοσμικοῒς
3888 2805 3992 2870 ἄρα

2407 2914 2590 2968 χουσι
2619 2899 3027 2968 χρησάμενος,
3060 2899 3136 2952 δι’
3167 2897 3370 2952 αὐτῶν
3400 2898 3699 2966 ἐγκρατὴς
3737 2899 3994 2962 Ἐκκλη-

2407 2991 2551 3056 σίας
2609 2992 2865 3059 γένοιτο,
2895 2991 3293 3058 καθαιρείσθω
3327 2989 3425 3042 καί
3463 2988 3849 3057 ἀφοριζέσθω,
3892 2989 3991 3041 καί

2407 3086 2461 3138 οί
2491 3083 2928 3148 κοινωνοῦντες
2954 3082 3116 3146 αὐτῷ
3142 3085 3390 3148 πάντες.
3425 3083 3491 3133 "A
3520 3082 3573 3134 δὲ
3606 3084 3724 3142 ταῖς
3755 3080 3994 3141 συνόδοις

2407 3175 2541 3244 όμοῦ
2584 3175 2817 3245 ὥρισται
2862 3175 3063 3237 πάσαις
3093 3176 3204 3236 τοῖς
3241 3174 3349 3226 τῶν
3386 3171 3700 3225 ἀποστόλων
3747 3169 3994 3236 ίθυνομέ-

2408 3284 2526 3328 ναις
2558 3266 2748 3319 κανόσι
2792 3263 3030 3333 χαλεπὸν
3055 3263 3333 3332 ἀριθμεῖν.
3365 3261 3542 3313 Ἔνιοι
3574 3259 3630 3312 δὲ
3660 3258 3866 3310 τούτων
3896 3258 3991 3309 καὶ

2404 3356 2716 3425 ἀναθέμασι
2771 3354 3055 3422 προδήλως
3115 3351 3610 3406 καθυποϐάλλουσι.
3671 3369 3688 3400 ι
3765 3349 3991 3418 Μηδεὶς,

2407 3447 2560 3517 φησῖ,
2583 3445 2902 3515 χειροτονῶν
2932 3447 3024 3497 ἐπὶ
3058 3445 3305 3515 χρήμασι
3337 3443 3640 3510 σοφιζέσθω
3673 3443 3732 3494 τὸ
3763 3443 3994 3511 πρᾶγμα

2403 3540 2489 3592 διὰ
2534 3539 2627 3592 τοῦ
2677 3539 2750 3609 μὴ
2799 3537 3206 3607 προλαμϐάνειν
3268 3536 3301 3606 ἢ
3353 3537 3468 3605 ἃμα
3499 3535 3819 3604 λαμϐάνειν,
3857 3534 3995 3585 ἀλλὰ

2410 3631 2544 3693 μετά
2594 3628 2770 3681 ταῦτα
2805 3628 3124 3696 λαμϐάνειν.
3165 3627 3482 3695 Λαμϐάνειν
3515 3626 3624 3695 γάρ
3668 3629 3780 3678 ἐστι
3815 3625 3875 3676 τὸ
3905 3625 3992 3676 ὅτε

2403 3722 2605 3789 δήποτε
2636 3720 2820 3771 λαϐεῖν
2848 3737 2860 3750 ·
2902 3718 3062 3770 τοῦτο
3092 3719 3146 3770 δὲ
3184 3718 3539 3787 φιλαργυρία,
3568 3719 3600 3785 ή
3624 3717 3676 3767 δὲ
3711 3716 3992 3770 εἰδωλολα-

2403 3813 2578 3881 τρεία.
2616 3813 2771 3877 Μήτε
2818 3811 2910 3864 οῦν
2951 3810 3046 3863 τοῦ
3100 3810 3337 3880 Χριστοῦ
3391 3810 3459 3861 τὰ
3498 3811 3692 3862 εἴδωλα
3728 3809 3994 3876 προτιμά-

2408 3904 2538 3969 σθω,
2597 3906 2734 3972 μήτε
2775 3903 2866 3955 τὸν
2914 3902 3082 3956 Ἰούδα
3128 3901 3456 3972 μιμήσεσθε,
3493 3901 3836 3970 προδιδόντες
3896 3900 3989 3952 ἐπὶ

2404 3999 2597 4066 λῆμμα
2623 3997 2713 4049 τὸν
2737 3995 2887 4060 ἆπαξ
2913 3998 3051 4064 ὑπὲρ
3077 3996 3236 4064 ήμῶν
3267 3993 3670 4062 σταυρωθέντα.
3718 3993 3875 4045 Ἐπεὶ
3899 3991 3994 4045 καὶ

2404 4091 2471 4144 τὰ
2513 4090 2691 4161 χωρία
2741 4090 2834 4142 καὶ
2875 4090 2931 4141 αί
2966 4090 3148 4158 χεῖρες
3182 4087 3292 4139 τῶν
3334 4088 3459 4148 τοὺς
3490 4086 3737 4156 καρποὺς
3770 4084 3990 4146 τούτους

2405 4182 2710 4252 δεχομένων
2741 4179 3045 4248 ἀκελδαμά,
3075 4179 3352 4231 τουτέστιν
3387 4179 3612 4244 αἵματος
3645 4177 3799 4246 τιμὴ,
3826 4192 3993 4244 προσο

2403 4273 2854 4344 αγορευθήσεται,
2895 4291 2913 4322 ι
2964 4270 3023 4325 Ὀ
3053 4271 3108 4322 δὲ
3137 4271 3234 4339 τῆς
3271 4268 3314 4333 ζ’
3346 4270 3563 4321 συνόδου
3597 4269 3842 4336 ἐξάρχων
3887 4268 3990 4320 Τα-

2409 4366 2595 4435 ράσιος
2632 4363 2710 4433 τῷ
2759 4362 2979 4432 Ῥώμης
3012 4362 3359 4416 ἀποστέλλων
3403 4361 3683 4431 Ἀδριανῷ,
3715 4363 3841 4425 τοὺς
3900 4362 3992 4412 ἐπὶ

2405 4457 2648 4526 χρήμασι
2678 4457 2775 4524 τὴν
2811 4453 3226 4524 ἀρχιερωσύνην
3254 4453 3496 4512 διδόντας
3521 4452 3985 4522 δυσσεϐεστέρους

723 4541 872 4609 αὐτῷ
907 4541 1213 4610 παραμένει
1253 4542 1460 4608 λοιπὸν,
1494 4544 1630 4596 ἀλλὰ
1671 4544 1810 4612 μετά
1845 4543 1906 4594 τὸ
1939 4541 2297 4610 συγκαταθεῖ-
2333 4563 2376 4617 D
2406 4545 2740 4601 Μακεδονίου
2798 4547 2892 4597 καὶ
2936 4545 3044 4597 τῶν
3098 4545 3227 4611 περὶ
3285 4543 3448 4595 αὑτὸν
3511 4543 3990 4612 Πνευματομάχων

722 4651 809 4684 ναι
855 4637 989 4702 πρὸς
1033 4635 1132 4704 τὴν
1168 4637 1372 4704 πρᾶσιν
1422 4636 1586 4689 αὑτὸν
1630 4638 1838 4707 ἔρημον
1880 4635 2086 4704 οἴχεται
2124 4634 2299 4686 λελοι-

723 4728 874 4781 πυῖα.
917 4726 1080 4780 Ὀθεν
1121 4729 1221 4780 ούκ
1254 4730 1319 4780 ἂν
1349 4730 1460 4796 ἔχοι
1509 4730 1619 4782 τῶν
1660 4729 1785 4798 μηδ’
1815 4727 1962 4797 αύτῷ
1990 4725 2301 4797 προσούσης

726 4820 1064 4888 μεταδιδόναι
1104 4822 1347 4888 χάριτος.
1382 4821 1527 4888 Ἀρι
1558 4822 1653 4874 καὶ
1687 4820 1746 4872 τὺ
1777 4817 2104 4888 βουληθῆναι
2139 4818 2299 4886 μόνον

723 4914 1047 4982 ἁμάρτημα.
1079 4913 1152 4964 Ού
1183 4913 1291 4980 γὰρ
1328 4915 1564 4982 ἐκτήσω,
1595 4915 1750 4982 φησὶ,
1782 4912 1880 4980 τὴν
1909 4910 2140 4976 δωρεὰν,
2183 4907 2299 4959 ἀλλ’

721 5007 802 5056 ὅτι
840 5004 1118 5073 ἐκόμισας,
1171 4999 1292 5056 εἶτα
1343 5004 1406 5056 τὸ
1448 5003 1716 5075 ἀργύριον
1768 5003 1905 5073 μετα
1941 5005 2038 5072 τῆς
2072 5000 2300 5069 γνώμης

721 5097 1018 5166 ἐπαρᾶταα

796 5190 1087 5242 Μιαίνεται
1138 5189 1195 5243 δὲ
1221 5189 1422 5259 ὁμοίως
1473 5192 1501 5242 ὁ
1547 5189 1893 5259 συνδραμών.
1949 5192 2160 5245 Οὐκοῦν
2208 5209 2307 5244 κα-

723 5281 827 5343 λῶς
858 5282 1076 5334 ὲποίουν
1106 5285 1152 5334 οί
1181 5283 1418 5352 Χριστοῦ
1463 5283 1723 5352 μαθηταί,
1761 5284 1898 5351 μετά
1930 5285 2028 5353 τῆς
2084 5285 2308 5354 γνώμης

724 5374 819 5424 καὶ
879 5374 937 5426 τὸ
996 5375 1261 5443 ἀργύριον
1311 5375 1739 5445 βδελυττόμενοι.
1804 5376 1864 5428 El
1916 5377 2024 5445 γὰρ
2077 5378 2172 5429 καὶ
2230 5377 2304 5446 μὴ

724 5467 1045 5518 ἐκοινώνουν
1079 5467 1213 5534 μηδὲ
1242 5468 1340 5536 τὴν
1370 5468 1532 5537 χάριν
1582 5467 1890 5536 ἐλάμϐανεν
1925 5469 2154 5530 ἐκεῖνος,
2187 5468 2300 5520 ἀλλ’

728 5559 942 5609 ἐδόκουν
978 5561 1043 5612 ἂν
1094 5559 1244 5630 αὐτῴ
1291 5563 1570 5613 κοινωνεῖν
1610 5561 1705 5612 τοῦ
1745 5561 2036 5629 δόγματος,
2074 5563 2164 5612 καὶ
2205 5562 2303 5628 τῆς

730 5653 866 5702 κατὰ
897 5653 989 5702 τοῦ
1025 5651 1340 5720 Πνεύματος
1393 5654 1764 5722 βλασφημίας,
1823 5655 1870 5705 εί
1925 5657 1989 5706 τὰ
2047 5656 2304 5724 χρήματα

730 5743 997 5803 ἐδέξαντο.
1029 5745 1106 5794 Ἰἀ
1135 5745 1243 5813 γάρ
1270 5749 1470 5814 προῖκα
1501 5748 1950 5815 προσειλημμένα
1981 5749 2039 5798 ού
2072 5750 2182 5808 τοῖς
2216 5748 2304 5815 ὀρ-

727 5837 912 5903 γάνοις
935 5836 1128 5907 τῆς.,..
1157 5840 1249 5890 καὶ
1276 5840 1372 5908 τὴν
1407 5840 1500 5909 τῆς
1527 5838 1748 5909 γνώμης
1777 5840 1859 5892 ἑλε
1878 5839 2092 5910 λθερίαν
2118 5857 2311 5910 μικρο-

2408 4635 2693 4701 ἀποκαλ;ῖ,
2746 4637 2840 4689 καὶ
2894 4636 2975 4699 εἰς
3031 4636 3228 4688 ταυτὸν
3280 4634 3455 4688 ’ἰούδα
3503 4634 3687 4704 τίθησι
3732 4633 3812 4703 τῷ
3856 4651 3991 4702 προ-

2407 4729 2556 4802 δὸτῃ.

2491 4826 2634 4894 Ἐγὼ
2667 4826 2723 4878 δὲ
2766 4824 3005 4894 μάλιστα
3061 4821 3160 4892 τῆς
3209 4823 3289 4882 εἰς
3342 4821 3399 4873 τὸ
3463 4819 3681 4887 Πνεῦμα
3735 4818 3795 4870 τὸ
3835 4819 3990 4884 ἅγιον

2411 4919 2762 4990 βλασφημίας
2810 4914 2948 4980 εἶδος
2992 4917 3093 4986 τὴν
3128 4914 3403 4984 Σιμωνίαν
3431 4913 3609 4980 λόγοις
3653 4913 3832 4977 ar;ch
3867 4913 3989 4963 ἑπό-

2411 5029 2571 5080 μενος
2601 5012 2842 5079 τίθεμαι,
2876 5008 2962 5061 διὰ
2997 5008 3154 5059 τοῦτο
3188 5007 3324 5076 μήτε
3352 5006 3406 5057 έν
3436 5003 3513 5072 τῷ
3544 5001 3639 5055 νῦν
3672 5002 3826 5054 αἰῶνι
3856 5004 3988 5070 μήτε

2406 5105 2464 5155 ὲν
2509 5102 2586 5171 τῷ
2618 5102 2864 5170 μέλλοντι
2902 5097 3391 5168 συγχωρουμένων.
3431 5095 3504 5147 Ού
3538 5093 3646 5164 γάρ
3689 5094 3738 5145 οί
3774 5093 3848 5160 τῷ
3883 5093 3988 5144 τῶν

2407 5198 2701 5264 δαιμονίων
2760 5198 2982 5269 ἄρχοντι
3023 5194 3092 5246 τὰ
3133 5193 3229 5245 τοῦ
3275 5191 3594 5259 Πνεύματος
3645 5189 3988 5247 ἀνατιθέντες

2410 5288 2544 5359 ἔργα
2576 5290 2711 5358 μόνῃ
2733 5290 2795 5356 τῇ
2822 5287 2961 5338 κατὰ
2991 5284 3083 5338 τοῦ
3106 5283 3421 5351 Πνεύματος
3447 5281 3724 5350 ἠνείχοντο
3750 5279 3990 5348 βλασφη-

2415 5380 2544 5447 μίᾳ·
2578 5379 2686 5429 οὐδ’
2717 5379 2763 5429 οἱ
2799 5377 2896 5445 τῆς
2932 5377 2989 5440 ἐξ
3023 5375 3300 5443 Αἰγύπτου
3339 5374 3516 5440 φυγῆς
3548 5372 3623 5441 τῷ
3655 5370 3861 5438 είδώλῳ
3893 5371 3990 5435 τὴν

2410 5472 2570 5540 χάριν
2601 5468 3005 5536 ἐπιγράψαντες
3034 5468 3156 5520 ἀντὶ
3187 5465 3278 5517 τοῦ
3311 5463 3468 5526 Θεοῦ,
3497 5462 3588 5522 οὓς
3626 5461 3857 5514 ἐνταῦθα
3895 5461 3992 5526 μὲν

2414 5563 2675 5615 ἐκόλασεν
2704 5561 2902 5619 ἱκανῶς
2934 5561 2960 5611 ὁ
2993 5558 3123 5617 Θεὸς
3153 5556 3468 5625 τρισχιλίων
3502 5553 3617 5604 γατ’
3645 5553 3860 5626 ἐκείνην
3896 5551 3993 5618 τὴν

2413 5654 2626 5721 ἡμέραν
2673 5652 3059 5720 ἐμπεσόντων·
3118 5652 3196 5708 εἰς
3237 5649 3291 5700 δὲ
3342 5647 3402 5699 τὸ
3442 5646 3632 5714 μέλλον
3676 5645 3859 5703 αὐτοῖς
3894 5643 3991 5711 τὴν

2417 5745 2818 5812 ἀκριϐεστέραν
2850 5743 3008 5810 δίκην
3033 5743 3330 5812 ῆπείληκεν
3355 5756 3368 5770 ·
3415 5739 3560 5806 Ἰ-Ῑςιὼ
3589 5738 3653 5788 δὲ
3682 5739 3751 5790 ἑν
3785 5739 3990 5804 ἡμέρᾳ,

2419 5838 2603 5906 φηττν,
2654 5837 3024 5904 ἐκδιιιιὶυείνς
3073 5833 3476 5902 ὲπισκέᾐνγιαι
3542 5833 3652 5900 τὴν
3709 5829 4000 5900 ἁμαρτίαν
