4468 6454
453 410 558 478 765

1382 415 1741 476 EPISTULA
1795 415 1886 473 AD
1923 411 2249 473 MARCUM
2275 411 2750 472 EPIIESINUM.

3609 400 3713 467 746
3759 410 3765 415 ’

450 526 656 597 ταύτης
698 527 808 581 ἔδει
863 526 1196 598 φροντίζειν.
1234 526 1370 582 Οὑτε
1421 528 1484 598 δὴ
1540 528 1734 597 σοφίας
1772 526 2030 592 ἐπίδειξις
2061 533 2106 590 Α
2135 523 2438 594 διατριϐαῖς
2473 526 2738 592 γενομένη
2771 522 2864 574 καὶ
2894 521 3108 588 ἄγνοια,
3141 515 3244 573 οὑί
3291 516 3461 571 αὑτοῦ
3512 517 3716 585 μᾶλλον

449 615 519 690 ἧν
541 634 557 650 ’
595 619 658 673 οὐ
688 620 798 692 γὰρ
820 620 931 691 ἐρῶ
963 621 1171 693 ταύτης
1197 621 1388 675 οὐδένα
1418 622 1630 691 καιρὸν,
1665 622 1713 672 εἰ
1746 622 1817 689 μὴ
1847 620 2030 688 μέλλοι

449 730 534 775 τις
579 714 798 778 παίζειν
861 717 1001 784 μετά
1043 716 1350 782 παιδαρίων
1395 716 1489 770 καὶ
1543 719 1677 785 παρ’
1734 715 2032 785 ἀκροαταῖς

450 806 605 860 οὐδὲν
633 806 815 861 αὐτῶν
848 808 1223 878 διαφέρουσιν,
1255 807 1349 860 σοῦ
1384 807 1454 861 τά
1502 806 1703 862 σαυτοῦ
1749 807 1909 875 μόνον
1941 805 2034 857 καὶ

450 901 518 951 τὰ
547 899 642 951 τοῦ
688 899 826 952 Θεοῦ
867 900 1227 968 πράττοντος,
1262 901 1358 953 καὶ
1392 901 1502 954 τῶν
1537 899 1829 969 ἡμετέρων
1865 915 2029 964 παιΐ·

452 990 582 1042 νίων
610 989 777 1043 πάλαι
840 992 1273 1058 κατεγνωκότας.
1303 991 1442 1046 Οὔτε
1495 992 1588 1045 τὸν
1628 995 1795 1062 σοφὸν
1825 993 2031 1045 ἐκεῖνομ

452 1081 756 1152 ἐϐουλήθην
788 1085 1034 1139 κολούειν
1058 1098 1075 1115 ⁹
1108 1086 1233 1153 ἐμοὶ
1254 1086 1362 1154 γάρ
1399 1085 1572 1149 οὐδείς
1596 1101 1728 1138 ποτε
1758 1085 1870 1138 τῶν
1892 1086 2021 1152 ἀγα-

455 1175 563 1226 θῶν
597 1177 858 1243 ἐγγέγονε
888 1178 1084 1244 φθόνος
1107 1193 1120 1207 ⁸
1155 1177 1291 1232 ἀλλά
1325 1179 1615 1248 μέμφομαι
1655 1177 1755 1246 μὲν
1783 1176 2033 1246 ἐμαυτῷ,

453 1268 674 1320 ἐπειδὰν
734 1269 1086 1339 αἰσθάνωμαι
1121 1270 1362 1341 πολλαχῆ
1388 1270 1482 1323 τοῦ
1528 1270 1830 1340 πρέποντος
1855 1270 2017 1338 ἀμαρη

451 1361 627 1413 τάνων
654 1378 668 1392 ο
703 1361 854 1428 ἀλγῶ
879 1362 935 1415 δὲ
957 1362 1078 1416 λίαν
1109 1361 1251 1432 ὑπὲρ
1281 1362 1380 1430 τῆς
1409 1360 1520 1415 τῶν
1552 1360 1756 1431 ὁμοίων
1806 1358 2036 1428 ἀϐελτη-

457 1453 578 1520 ρίας
601 1469 616 1484 ο
652 1447 735 1515 οἷς
781 1451 826 1506 δ’
868 1451 936 1508 ἂν
971 1455 1175 1525 ἀρετήν
1201 1472 1324 1508 τινα
1382 1453 1630 1516 συνειδῶ.
1663 1453 1862 1522 χαίρω,
1900 1451 2034 1514 Θεὸς

453 1537 614 1605 οἵδεν,
640 1542 715 1606 ὡς
748 1544 906 1605 αὐτὸς
936 1543 1006 1598 ἂν
1040 1545 1137 1596 καὶ
1191 1545 1365 1617 ταύτῃ
1396 1545 1869 1614 οἰκοδομούμενος.
1897 1542 2033 1595 Οὑδέ

456 1634 533 1703 τῷ
562 1635 815 1705 Γεμιστῴ
836 1637 1016 1689 τοίνυν
1049 1637 1325 1707 ἠνώχλησ’
1356 1636 1422 1688 ἄν
1455 1652 1608 1700 ποτε,
1639 1635 1713 1704 μὴ
1733 1633 1828 1687 τοῦ
1853 1648 2032 1686 συνει-

456 1729 604 1787 δότος
627 1729 842 1781 ἔνδοθεν
872 1729 1234 1799 ἐρεθίζοντος.
1272 1727 1440 1782 υῐσθα
1473 1729 1519 1782 δ’
1545 1730 1695 1790 ὅπως
1722 1727 1852 1796 περί
1874 1744 1939 1795 γε
1965 1725 2034 1778 τὰ

455 1820 681 1873 τοιαῦτα
740 1822 846 1890 χρὴ
900 1821 1232 1885 διακεῖσθαι,
1273 1823 1321 1874 εί
1383 1821 1459 1890 μὴ
1523 1820 1621 1891 τὴν
1665 1819 2054 1889 ’Δναξαγόρουλ

459 1911 748 1980 μέλλοιμεν
777 1910 1109 1977 ὑφίστασθαι
1145 1910 1433 1979 σύγχυσιν.
1470 1909 1664 1961 Καίτοι
1696 1909 1839 1968 τινὲς
1872 1907 2032 1959 αὐτὸν

461 2004 559 2072 μὲν
595 2005 846 2056 εὐσεϐεῖν
877 2020 1045 2073 φασιν
1084 2005 1140 2055 ἐν
1166 2005 1232 2073 τῇ
1267 2002 1398 2072 περὶ
1443 2000 1538 2054 τοῦ
1585 1999 1723 2053 Θεοῦ
1763 1995 1911 2068 δόξῃ,
1940 1999 2036 2050 καὶ

458 2097 596 2164 μήτε
633 2095 914 2148 διδάσκειν
961 2097 1098 2164 μήτε
1156 2095 1498 2163 συγγράφειν
1550 2092 1876 2160 νομοθεσίαν
1910 2091 2036 2143 τινὰ

456 2188 802 2256 καινοτέραν,
835 2189 892 2239 ἐν
992 2189 1060 2241 τὰ
1093 2187 1343 2257 ἡμέτερα
1377 2185 1720 2252 διασύρεται,
1745 2182 1859 2237 ἀλλ’
1891 2183 2036 2252 ἡμᾶς

455 2281 560 2331 ὑπὸ
590 2280 892 2348 βασκανίας
911 2279 1061 2350 αὑτῷ
1093 2281 1355 2350 τοιαύτην
1393 2280 1582 2350 φήμην
1630 2277 1870 2348 ἐγείρειν
1899 2293 1909 2304 ·
1944 2277 2036 2338 οὓς

454 2373 481 2424 6
507 2368 698 2440 χρόνος
723 2373 936 2441 ἐλέγξει
966 2372 1090 2425 λίαν
1121 2370 1768 2441 ἀπατωμένους.Ἀλλως
1813 2369 1870 2422 δὲ
1900 2369 2037 2436 χρήι-

457 2481 615 2532 σιμος
665 2466 694 2516 6
731 2464 1017 2533 ἀνὴρ,κα“ι
1067 2468 1133 2535 τῇ
1177 2465 1276 2534 μὲν
1329 2464 1700 2534 εὐγενεστάτη
1759 2463 1838 2532 τῷ
1887 2464 2037 2529 γένει

457 2554 615 2624 ἡμῶν
641 2559 793 2627 φωνῇ
825 2557 1041 2620 οὐδενὸς
1078 2558 1146 2610 ἂν
1195 2557 1478 2627 ἡττηθείη,
1510 2552 1578 2628 ἧς
1620 2556 1716 2609 καὶ
1746 2555 2038 2624 Κικέρωνα

458 2649 553 2702 καὶ
619 2649 851 2712 πολλοὺς
879 2651 1074 2711 ἄλλους
1108 2651 1173 2703 ἐκ
1206 2650 1309 2718 τῆς
1345 2650 1645 2722 ὑπερορίας
1688 2649 1847 2716 ἴσμεν
1882 2648 2037 2716 Ἀθή-

457 2758 611 2815 νῃσιν
638 2743 1070 2814 ἐπιμεληθέντας
1093 2758 1108 2775 '
1150 2745 1350 2806 καίτοι,
1380 2743 1481 2812 τῆς
1507 2742 1779 2814 ἐγχωρίου
1810 2741 2037 2806 Μούσης

458 2837 928 2905 ἐμπεπλησμένοι,
987 2838 1129 2890 πάνυ
1179 2854 1231 2890 τι
1289 2837 1454 2889 καλὸν
1517 2836 1668 2907 ᾅδειν
1712 2836 2035 2905 ἠπίσταντο.

2138 618 2169 686 ἢ
2209 617 2388 670 κοινόν
2419 619 2534 668 ἐστι
2575 615 2672 667 τοῦ
2705 614 2901 684 γένους
2935 613 3300 684 ἀρρώστημα.
3336 610 3426 663 Διὸ
3449 611 3545 663 καὶ
3580 610 3718 677 πρὸς

2134 709 2234 775 τὴν
2253 707 2430 779 θήραν
2459 709 2553 776 τῆς
2585 708 2843 778 ἀληθείας
2871 707 3000 761 ἄνευ
3035 708 3128 758 τοῦ
3181 705 3344 775 μόνου
3377 705 3514 773 πρὸς
3545 701 3717 770 αὐτὴν

2135 797 2734 875 όργάνου,χωροῦντες,
2764 797 2988 866 ἀγνοίας
3023 797 3216 867 μεστοὶ
3247 796 3341 848 καὶ
3375 795 3585 862 πλάνης
3635 794 3717 845 εί-

2137 892 2308 951 κότως
2339 888 2737 958 ἀναχωροῦσιν.
2783 889 2923 941 Ἀλλ’
2955 888 3145 942 ἔλαθον
3188 887 3446 956 ἐμαυτὸν,
3482 885 3619 954 πρὸς
3656 883 3719 937 ὃν

2137 981 2196 1033 οὐ
2246 983 2372 1052 χρὴ,
2434 980 2898 1052 παραιτούμενος.
2935 981 3030 1042 Τίς
3085 980 3195 1049 γάρ
3229 996 3326 1031 σου
3377 976 3587 1048 βέλτιον
3619 975 3720 1046 τὴν

2136 1075 2276 1144 ἐμὴν
2303 1071 2413 1128 οἶδε
2440 1076 2769 1144 προαίρεσιν
2797 1091 2811 1141 ;
2839 1069 3012 1142 Οἶμαι
3047 1073 3103 1126 δὲ
3134 1075 3260 1136 τούς
3305 1073 3472 1141 ἐμοὺς
3501 1072 3718 1137 γονέας,

2137 1166 2192 1220 οῑ
2221 1183 2312 1226 μοι
2363 1168 2543 1220 πάντα
2584 1168 2901 1237 συνῄδεσαν,
2934 1166 3244 1237 διδαχθῆναι
3281 1169 3347 1219 ἂν
3378 1166 3554 1235 αὑτήν
3587 1180 3718 1215 ποτε

2139 1260 2290 1327 παρά
2317 1259 2435 1312 σοῦ.
2478 1259 2562 1320 Ὠς
2592 1260 2705 1327 ,γὰρ
2735 1261 2930 1313 ἐκεῖνοι
2965 1262 3063 1328 τῆς
3112 1258 3348 1326 φύσεως,
3377 1259 3545 1319 οὑτως
3579 1258 3722 1310 αὑτά

2141 1367 2230 1417 μοι
2271 1351 2445 1416 λόγων
2475 1368 2533 1402 τε
2587 1357 2680 1404 καὶ
2723 1351 2871 1419 τηθῶν
2931 1352 2995 1402 τὰ
3045 1349 3337 1420 σπέρματα
3390 1350 3715 1404 κατεϐἀλου.

2141 1447 2397 1498 Κάκεῖνοι
2436 1451 2534 1514 μὲν
2597 1443 2765 1508 ἆπαξ,
2807 1443 2870 1497 σύ
2904 1445 2958 1497 δὲ
3015 1446 3186 1497 πολὺν
3239 1445 3390 1514 ἡμᾶς
3421 1441 3720 1510 ἐγεώργεις

2137 1540 2227 1592 τὸν
2257 1545 2477 1609 χρόνονί
2512 1539 2641 1591 ὥστ’
2666 1537 3056 1607 ἐπιγινώσκοις
3080 1539 3146 1590 ἂν
3170 1539 3236 1590 τὰ
3270 1538 3494 1601 σαυτοῦ,
3530 1537 3631 1599 τὰς
3664 1538 3722 1588 ἐν

2139 1632 2269 1701 ἡμῖν
2300 1631 2517 1694 εἰκόνας
2546 1631 2752 1685 τούτων
2781 1631 3098 1700 γινώσκων.
3133 1633 3230 1684 Διὰ
3262 1631 3408 1682 τοῦτ’
3434 1632 3541 1699 ἄρα
3582 1647 3713 1697 παρ-

2138 1725 2408 1776 αιτεῖσθαι
2448 1724 2528 1775 δεῖ
2590 1725 2811 1787 μᾶλλον,
2838 1726 2864 1776 6
2891 1742 2942 1776 τι
2971 1722 3358 1793 παραιτεῖσθαι
3386 1723 3721 1791 προσέχρην.

2138 1815 2343 1868 Τούτου
2380 1817 2442 1885 δὴ
2481 1816 2575 1869 τοῦ
2607 1817 2813 1884 βιϐλίου
2846 1817 3033 1869 πολλοὶ
3069 1815 3165 1884 μὲν
3195 1816 3423 1887 ᾔσθοντο
3451 1815 3561 1868 τῶν
3593 1815 3723 1883 παρ’

2141 1909 2278 1978 ἡμῖν
2311 1909 2648 1974 γινομένων·
2689 1911 2722 1978 ἡ
2750 1909 2805 1960 δὲ
2843 1910 3002 1979 φήμη
3041 1911 3134 1962 καὶ
3183 1911 3316 1980 πρὸς
3365 1911 3493 1972 τοὺς
3531 1911 3723 1980 πόῤῥω

2141 2000 2332 2067 φίλους
2358 1997 2676 2070 ἐξέδραμε-«ρ,
2711 2001 2759 2054 οἳ
2811 2003 2922 2064 τοῖς
2964 2002 3253 2072 ἡμετέροις
3292 2003 3379 2055 ἀεὶ
3430 2003 3718 2072 χαίροντες

2141 2094 2347 2160 λόγοις,
2381 2094 2619 2147 ἐνταῦθα
2649 2095 2710 2162 δὴ
2748 2094 3052 2164 βελτίουςῆ
3093 2095 3333 2164 πρόσθεν
3381 2097 3525 2165 ἡμᾶς
3559 2097 3725 2164 εὑρή-

2144 2203 2259 2238 σειν
2284 2187 2622 2252 ἐλπίζουσιν,
2656 2189 2728 2247 ὼς
2770 2187 2870 2238 οὐκ
2916 2187 3174 2251 ἀγεννοῦς
3202 2188 3516 2250 ὑποθέσεως
3555 2189 3723 2257 ἀρξα-

2144 2279 2341 2348 μένους
2366 2279 2501 2335 ίκαλ.
2533 2280 2621 2330 διὰ
2646 2279 2806 2331 τοῦτο
2839 2281 3154 2348 πέμπεσθαι
3189 2281 3374 2349 σφίσιν
3395 2280 3726 2334 ἀπαιτοῦσιν

2140 2372 2474 2441 ἐγκείμενοι.
2524 2373 2667 2439 Ἐγὼ
2705 2372 2760 2424 δὲ
2819 2374 2926 2425 δεῖν
2963 2373 3263 2444 ἡγησάμην
3300 2373 3379 2442 τῷ
3412 2373 3598 2427 κανόνι
3628 2375 3728 2442 τῆς

2143 2465 2244 2535 σῆς
2291 2467 2484 2534 τέχνης
2541 2467 2797 2535 πρότερον
2845 2466 3176 2536 προσαχθέν,
3219 2465 3364 2520 οὑτω
3394 2469 3506 2530 τοῖς
3543 2468 3728 2529 ἀὶλοις

2143 2558 2314 2611 ἅπασι
2342 2557 2651 2625 φαίνεσθαι.
2687 2561 2748 2610 ΕΞ
2772 2560 2879 2626 γὰρ
2911 2562 3004 2612 καὶ
3042 2559 3227 2610 πολλοί
3256 2577 3398 2621 τινες
3426 2556 3567 2630 ἦσαν
3593 2562 3728 2629 ἡμῖν

2141 2649 2343 2718 ὁμοίως
2379 2667 2461 2701 σοι
2510 2651 2577 2701 τα
2613 2652 2838 2702 τοιαύτά
2885 2652 3193 2720 δυνάμενοι,
3231 2655 3313 2704 σοὶ
3345 2652 3451 2721 πρὸ
3507 2653 3728 2704 πάντων

2144 2743 2444 2812 προσάγειν
2483 2743 2676 2812 ἐχρῆν,
2733 2744 2945 2805 εὐνοίας
2988 2762 3048 2796 τε
3104 2745 3288 2797 εἵνεκα
3329 2745 3423 2797 καὶ
3470 2739 3538 2815 ἦς
3574 2741 3730 2796 εἷπον

2147 2836 2472 2902 συγγενείας
2501 2837 2609 2888 τῶν
2645 2836 2841 2903 λόγων,
2873 2837 3327 2907 ὲτιμελησομένῳ
3357 2837 3551 2891 τούτου
3585 2841 3728 2890 πάνυ

460 2929 635 2981 Πολλά
664 2929 720 2981 δέ
749 2931 844 2998 τῆς
884 2928 1049 2999 ἄλλης
1085 2927 1279 2998 σοφίας
1312 2927 1424 2997 ἔχει
1461 2925 1810 2997 συνειλοχὼς.
1862 2926 2039 2978 Ἠθῶν

457 3019 513 3072 δὲ
544 3020 705 3073 ἕνεκα
762 3021 867 3074 κᾶν
899 3021 1108 3087 γένοιτο
1159 3022 1272 3082 τοῖς
1309 3020 1597 3089 νεωτέροις
1665 3017 2038 3086 παράδειγμα,
2142 3021 2400 3073 ἁπάντων
2429 3022 2707 3091 προέχεις.
2759 3023 2823 3073 Τί
2854 3022 2920 3075 ἂν
2958 3019 3050 3074 οὖν
3089 3027 3302 3091 γένοιτο
3353 3023 3617 3091 τοιαύτης
3653 3042 3734 3075 τι-

457 3108 538 3175 οἷς
584 3112 788 3182 ἀρετῆς
845 3130 898 3164 τι
949 3112 1105 3180 μέλει
1163 3111 1434 3182 γνησίως.
1481 3107 1652 3163 Οἶσθα
1716 3110 1808 3164 τὸν
1871 3111 2040 3178 ἄνδρα
2149 3113 2421 3182 μιώτερον
2452 3114 2726 3183 στάθμης,
2784 3119 2846 3185 ἣν
2894 3115 3007 3166 οὐτ’
3040 3118 3256 3183 ἀγνοεῖν
3302 3115 3423 3167 οὐτε
3459 3115 3731 3184 κρύπτειν

461 3203 624 3256 πλέον
652 3201 811 3268 ἐμοῦ.
845 3201 944 3254 Διά
977 3201 1146 3254 ταῦτα
1187 3203 1369 3254 τοίνυν
1397 3200 1725 3270 ἀπεσχόμην
1773 3200 1840 3254 ἂν
1872 3199 2038 3254 αὐτοῦ
2066 3221 2113 3284 C
2145 3206 2424 3275 ἐνδέχεται
2457 3207 2558 3270 τὰς
2589 3207 2646 3258 ἐν
2675 3209 2788 3270 τοῖς
2831 3215 3008 3273 alarm;
3044 3209 3361 3276 ἀνωμαλίας
3391 3226 3407 3274 ;
3457 3209 3734 3261 Ἐπελθὼν

460 3297 557 3349 καὶ
586 3289 661 3348 ὧν
694 3296 814 3349 κατ’
861 3295 1269 3365 Ἀριστοτέλους
1300 3294 1708 3363 συγγέγραφεν.
1741 3293 1949 3356 Ἄλλως
1982 3311 2040 3346 τε
2146 3295 2329 3349 τοίνυν
2361 3297 2512 3348 ἆπαν
2564 3296 2720 3348 τοῦτο
2762 3296 2964 3359 καλῶς,
3011 3299 3078 3349 τὰ
3116 3299 3191 3366 μὴ
3217 3297 3485 3351 δοκοῦντά
3517 3315 3602 3350 σοι
3632 3315 3727 3350 κα-

463 3387 581 3439 οὑδὲ
629 3387 832 3458 σφόδρα
881 3388 1170 3440 ἐπαινετόν
1201 3388 1318 3440 ἐστι
1369 3388 1498 3448 τοὺς
1553 3387 1788 3438 ἑκάστου
1844 3385 2045 3455 χυλοὺς
2149 3387 2256 3449 λῶς
2295 3387 2547 3455 εἰρῆσθαι
2580 3386 2854 3456 διάγραφε
2891 3391 2984 3443 καὶ
3012 3390 3157 3440 δίδου
3218 3391 3376 3461 πυρὶ.
3438 3391 3574 3461 Περὶ
3631 3392 3733 3456 μὲν

464 3482 707 3551 ἐλέγχειν
730 3498 742 3510 ·
773 3480 911 3534 ἀλλὰ
947 3479 1028 3531 δεῖ
1051 3481 1254 3548 μᾶλλον
1303 3479 1689 3533 ἀποδεικνύειν
1724 3481 1793 3532 τὰ
1825 3478 2041 3548 ἀληθῆ·
2149 3480 2294 3532 δυοῖν
2320 3480 2490 3546 φίλων
2535 3479 2643 3530 οὐδ’
2680 3479 2745 3532 ἂν
2783 3480 2941 3541 αὐτὸς
2994 3479 3320 3549 ἀξιώσαιμι.
3372 3482 3572 3533 Καίτοι
3623 3481 3734 3532 τῶν

465 3577 696 3637 καὶτοῖς
727 3573 1136 3627 ἐπιδείκνυσθαι
1175 3573 1520 3643 βουλομένοις
1551 3573 1584 3640 ἡ
1615 3571 1906 3640 φιλοσοφία
1943 3589 2044 3642 μυ-
2161 3572 2531 3643 Ἀριστοτέλει
2594 3571 3013 3642 προσκειμένων
3067 3565 3228 3634 εἷναί,
3259 3587 3316 3624 σε
3364 3573 3508 3626 πάνυ
3551 3572 3735 3632 καλῶς

469 3669 593 3733 ρίας
623 3667 752 3727 ὕλας
782 3665 1165 3736 προϐάλλεται,
1193 3667 1250 3718 ἐν
1277 3659 1365 3727 αἷς
1395 3665 1544 3717 ἔστιν
1569 3665 1880 3734 εὐδοκιμεῖν
1906 3663 2047 3732 μετὰ
2152 3661 2291 3729 οἶδα,
2334 3664 2442 3718 τῶν
2491 3664 2584 3716 τοῦ
2623 3664 2912 3726 Πλάτωνος
2953 3665 3151 3716 ὁπόσον
3186 3664 3292 3735 χρὴ
3322 3666 3482 3735 μόνον
3521 3665 3735 3732 θαυμά-

467 3757 560 3812 τοῠ
594 3758 782 3828 μηδενὶ
828 3758 1198 3827 προσκρούειν
1229 3757 1337 3809 τῶν
1375 3757 1571 3824 φίλων.
1603 3756 1744 3824 Ἐγὼ
1798 3757 1852 3809 δὲ
1905 3756 2046 3809 ἐκών
2153 3760 2336 3822 ζοντα.
2378 3756 2520 3808 Ἀλλ’
2570 3759 2620 3808 εἰ
2649 3756 2729 3809 δεῖ
2780 3759 2892 3820 τοῖς
2929 3757 3105 3823 φίλοις
3153 3756 3486 3826 πέμπειν,ῆ
3530 3756 3734 3809 διδόναι

470 3869 598 3904 ποτε
627 3851 818 3903 λυπεῖν
867 3850 1058 3904 οὐδένα
1097 3848 1440 3920 προῄρημαι.
1478 3850 1538 3902 Εἰ
1583 3850 1636 3902 δὲ
1693 3849 2044 3918 διαλεκτικῆς
2151 3849 2306 3919 πυρί.
2361 3849 2590 3900 Ἐκεῖνοι
2641 3848 2710 3912 δ’,
2747 3849 2822 3908 ῶς
2877 3850 2944 3902 ἂν
3001 3849 3218 3912 ἑκάστῳ
3251 3848 3403 3918 δόξῃ,
3461 3847 3605 3900 οὓτω
3635 3850 3735 3918 τὴν

476 3945 702 4016 μεθόδου
755 3944 957 4013 ἥκιστα
994 3943 1215 3996 πάντων
1259 3943 1409 4012 αὑτῷ
1469 3943 1739 4012 μέτεστιν,
1773 3943 1800 3995 6
1834 3943 1896 4014 δὴ
1951 3943 2048 3995 καὶ
2148 3947 2278 4013 περὶ
2331 3941 2594 4012 ἀληθείας
2648 3941 2758 3994 τῶν
2796 3941 2972 4010 λόγων
3014 3941 3196 4011 ψῆφον
3257 3942 3572 4011 φερόντων
3611 3945 3736 4011 ἐμοὶ

472 4038 570 4107 τῆς
601 4037 812 4106 πλάνης
840 4037 1013 4089 αῐτιον
1044 4033 1193 4104 αὐτῷ
1226 4038 1318 4088 καὶ
1350 4035 1565 4098 πολλοῖς
1593 4034 1774 4097 ἄλλοις
1804 4037 2043 4102 ἐγένετο,
2146 4035 2254 4105 γὰρ
2285 4034 2408 4088 ἀντὶ
2438 4034 2658 4088 πάντων
2693 4034 2726 4102 ἠ
2754 4032 2821 4102 σὴ
2851 4032 3030 4103 ψῆφος
3058 4033 3306 4103 ἀρκέσει.

467 4130 602 4184 ἀλλά
639 4129 847 4184 τούτων
882 4131 946 4181 ἐκ
976 4127 1173 4181 πολλοῦ
1213 4127 1411 4198 χρόνου
1453 4129 1654 4191 σπάνις
1689 4129 1746 4182 ἐν
1771 4130 1890 4191 ταῖς
1917 4127 2044 4198 τῇδε

2146 2930 2362 2992 καλῶς·
2413 2928 2507 2981 νῦν
2541 2930 2648 2998 γὰρ
2696 2934 2789 2983 καὶ
2821 2934 3014 2998 τέχνης
3045 2931 3229 2983 εἵνεκα
3268 2932 3380 2984 τῶν
3421 2931 3554 3000 παρ’
3601 2934 3732 3000 ἡμῖν

476 4351 3714 4381 ________._________._..______.____.__________._.._______

1753 4509 1983 4596 ΤΟΥ
2049 4508 2433 4619 ΑΥΤΟΥ

1309 4701 1400 4756 ΕΚ
1431 4701 1565 4755 ΤΩΝ
1592 4698 1776 4755 ΥΠΕΡ
1823 4695 2348 4756 ΔΡΙΣΤΟΤΕΛΟΥΣ
2403 4693 2882 4749 ΑΝΤΙᾹΗΨΕΩΝ.

553 5017 772 5089 Ἐπειδὴ
807 5017 869 5071 τό
896 5015 1098 5089 βιϐλίον
1127 5016 1239 5069 τῶν
1288 5015 1409 5069 κατ’
1445 5014 1851 5083 Ἀριστοτέλους
1888 5013 2048 5078 βλασ-
2081 5018 2126 5074 D
2157 5012 2347 5079 σοφίας
2377 5011 2503 5062 ὅσον
2535 5009 2688 5078 αὑτῷ
2723 5007 2977 5079 Πλήθωνι
3005 5008 3465 5078 ὀρχηστικῆς.....
3493 5008 3653 5061 Ὅσοι
3679 5007 3736 5060 δὲ

473 5109 694 5179 φημιῶν
728 5109 824 5162 καὶ
849 5111 930 5171 εἰς
964 5109 1112 5178 ἡμᾶς
1137 5107 1234 5176 όψέ
1259 5106 1627 5176 περιῆλθεν...
1660 5107 1834 5160 Ἔνιοι
1866 5105 1923 5158 δὲ
1952 5106 2046 5157 καὶ

469 5203 982 5272 εὐγνωμονέστερον
1034 5201 1242 5268 ἀμφοῖν
1302 5199 1726 5265 διακούσαντες,
1794 5197 2044 5266 συνῆψαν

468 5294 636 5360 ἄμφω
666 5291 744 5344 τὼ
783 5289 1062 5359 φιλοσόφω
1087 5292 1205 5352 ταῖς
1235 5288 1507 5358 γνώμαις,
1539 5290 1633 5341 καὶ
1663 5289 1764 5358 τὴν
1793 5291 1852 5351 ἐς
1904 5289 2046 5341 Πλά-

465 5399 614 5434 τωνα
671 5382 938 5451 διαφορὰν
979 5380 1349 5451 Ἀριστοτέλει
1386 5380 1516 5448 περὶ
1575 5380 1637 5432 τὸ
1687 5381 1786 5450 τῆς
1842 5380 2046 5444 λέξεως

469 5472 797 5542 φαινόμενον
843 5472 1118 5542 συμϐῆναι
1179 5473 1341 5541 μόνον
1397 5471 1602 5541 φασί...
1644 5471 1787 5536 Τοὺς
1845 5472 1903 5526 δὲ
1952 5473 2046 5527 νῦν

470 5565 754 5625 Πλάτωνος
804 5564 1144 5633 ἡττωμένους
1171 5566 1228 5616 ἐν
1266 5564 1488 5634 Ἰταλίᾳ,
1522 5559 1602 5626 οἷς
1643 5581 1778 5634 φησι
1825 5566 2048 5634 χαριζό-

471 5673 630 5724 μενος
659 5657 758 5726 τὴν
806 5655 1067 5725 τοιαύτην
1128 5657 1517 5725 πραγματείαν
1544 5656 1732 5710 λαϐεῖν
1768 5658 1860 5709 ἐπὶ
1896 5658 2047 5722 νοῦν,

470 5749 628 5817 ἴσμεν
667 5747 808 5812 τίνες
868 5748 1008 5801 είσίο
1053 5746 1149 5802 καὶ¹
1181 5748 1364 5819 ἐώρων
1403 5750 1586 5802 πολλοὶ
1615 5748 1690 5818 τῷ
1742 5750 1897 5820 ἀνδρὶ
1921 5766 2049 5817 συγ-

468 5841 794 5911 γινομένονς
825 5842 1025 5904 αὐτοὺς
1056 5842 1195 5906 ἐκεῖ,
1231 5836 1308 5903 οἷς
1349 5842 1604 5896 τοσοῦτον
1643 5842 1864 5913 μέτεστι
1890 5841 2049 5910 φιλο-

783 5936 1053 5995 ΡΑτιιοι.
1098 5936 1214 5995 Gn.
1263 5934 1437 5994 CLX.

2151 5109 2209 5157 ἐν
2239 5105 2448 5173 ἑσπέρα
2486 5103 2596 5154 τῶν
2639 5101 2961 5172 φιλοσοφίας
2996 5099 3289 5168 δογμάτων
3331 5104 3569 5169 γνησίως
3612 5103 3734 5153 έπεο

2159 5197 2498 5266 μελήθησαν,
2527 5198 2624 5266 οὐχ
2648 5196 2852 5265 ὁμοίως
2889 5195 2958 5248 τὰ
2988 5193 3213 5248 τοιαῦτα
3241 5195 3519 5265 κρίνουσι·
3554 5196 3736 5265 κρείτ-

2151 5308 2277 5354 τους
2312 5290 2366 5341 δέ
2398 5289 2621 5358 ἀριθμῷ
2653 5289 2840 5358 σχεδόν
2869 5291 3011 5341 εἰσιν
3045 5289 3099 5340 οἵ
3126 5305 3189 5355 γε
3237 5288 3497 5350 τοιοῦτοι,
3529 5283 3604 5341 ὧν
3639 5291 3737 5342 αὑ-

2153 5384 2242 5446 τός
2276 5383 2373 5434 οὐκ
2398 5382 2605 5448 ὀλίγοις
2638 5382 3014 5450 ἐνέτυχον.....
3054 5381 3222 5433 Ὠστε
3273 5381 3321 5432 εί
3376 5381 3450 5451 μὴ
3481 5381 3550 5432 δι’
3589 5382 3734 5450 Ἀρι-

2154 5475 2376 5543 στοτέλη
2400 5474 2498 5527 οὐκ
2520 5473 2585 5526 ἂν
2607 5476 2844 5544 φυσικῆς
2868 5473 3190 5542 φιλοσοφίας
3215 5475 3274 5527 τὸ
3298 5475 3406 5527 τῶν
3434 5474 3738 5543 ἀνθρώπων

2154 5571 2370 5639 μετεῖχε
2403 5568 2677 5633 γένος.....
2711 5567 2799 5619 Ἐν
2826 5566 2903 5637 τῷ
2933 5566 3333 5636 ἐπιχειρήματι
3363 5566 3538 5632 τούτῳ
3560 5568 3737 5627 τινας.

2150 5662 2277 5722 τοὺς
2309 5660 2674 5727 Χριστιανοὺς
2717 5658 2889 5729 ἡμᾶς,
2945 5659 3324 5728 αἰνιττόμενος
3361 5661 3411 5731 [6
3459 5659 3738 5730 Πλήθων],

2152 5755 2218 5805 ἐκ
2244 5753 2486 5816 Μωσέως
2514 5754 2616 5822 τὴν
2639 5751 2797 5817 δόξαν
2822 5753 3030 5820 ταύτην
3059 5753 3484 5823 προειληφότας,
3512 5753 3715 5822 σύμφω

2155 5846 2247 5901 νόν
2283 5863 2386 5899 που
2423 5849 2491 5915 τῇ
2553 5846 2904 5916 Χριστιανῶν
2941 5846 3118 5899 πίστει
3181 5848 3274 5898 καὶ
3310 5847 3474 5900 αὑτὸν
3506 5847 3717 5912 ἀποεραὲ

3359 5939 3431 5996 ἓνι
