4468 6454
737 414 836 480 751

1843 414 1888 472 (ἶ
1903 411 2222 474 ENNADH
2271 410 2381 471 (ΞΡ.
2423 410 2942 475 ΡΛΤΗΙᾹΒΟΗᾸΕ

3904 385 4009 470 752

737 527 829 580 καὶ
862 527 970 587 τοῖς
1015 525 1226 580 ὀδοῦσιν
1258 526 1645 597 ἀντιπαταγεῖ,
1684 530 1778 580 καὶ
1824 528 1899 586 ὡς
1949 529 2064 600 πῦρ
2113 531 2178 581 ἐκ
2208 527 2320 578 τῶν
2347 525 2399 586 Α
2427 529 2626 599 εὐχῶν,
2659 533 2754 585 καὶ
2785 529 2883 584 τοῦ
2908 528 3060 596 παρά
3094 529 3208 591 τοῖς
3243 527 3462 582 πάντων
3489 525 3712 598 ᾅδεσθαι
3748 526 4007 595 στόμασι,

735 617 1034 687 ὀφθαλμῶν
1071 618 1289 689 ἀφίησι,
1328 619 1422 672 καὶ
1455 619 1530 684 ὡς
1559 620 1731 689 ἀφρὸς
1763 620 1913 690 αὐτῷ
1955 619 2194 686 περιζεί,
2232 620 2326 672 καὶ
2428 622 2511 684 τίς
2539 623 2588 675 τ’
2636 622 2704 675 ἄν
2747 640 2833 676 σοι
2881 622 3110 692 βελτίων
3141 621 3342 690 ἀρετῆς
3385 637 3446 674 τε
3495 619 3590 674 καὶ
3625 619 3764 688 πρὸς
3803 619 4011 680 πάντας

737 709 812 771 ὡς
843 708 1050 778 τραχύς
1099 711 1212 762 ἐστι
1250 709 1388 780 πρὸς
1439 710 1633 780 ὀργὴν,
1671 709 1975 772 ἀκάθεκτος
2005 709 2096 761 τὸν
2130 707 2324 777 θυμὸν,

737 802 1037 871 δύσμαχος,
1084 803 1420 867 δυσάλωτος,
1451 802 1983 870 δυσκαταγώνιστος,
2037 799 2325 870 προωθῶν,

741 896 1276 965 προσρηγνύμενος,
1340 895 1656 964 ἐμπίπτων,
1703 895 2050 963 ἀνατρέπων.
2114 893 2329 946 κόπτων

740 989 852 1050 τοῖς
891 986 1126 1050 ὀδοῦσιν,
1163 988 1534 1058 ἀναρρηγνὺς,
1567 986 1720 1057 ῥύμη
1744 985 1937 1049 ἐπιὼν,
1971 985 2147 1055 ρόθιος
2183 1002 2330 1053 συμ-

744 1080 1050 1150 προχωρῶν
1074 1121 1088 1143 ,
1142 1080 1235 1132 καὶ
1287 1081 1360 1141 ὼς
1391 1079 1490 1150 τὴν
1525 1078 1702 1148 όρμὴν
1739 1078 1832 1129 καὶ
1876 1077 2197 1147 δυσκίνητος
2227 1077 2327 1147 (1),

745 1176 838 1223 καὶ
872 1170 946 1232 ὡς
979 1169 1078 1230 τας
1111 1170 1286 1238 ἄρκυς
1330 1169 1646 1239 διακόψειεν
1678 1167 1766 1231 ἂν,
1800 1168 1896 1220 καὶ
1936 1166 2036 1230 τάς
2070 1167 2332 1229 στάλικας

743 1259 1091 1329 ἀνατρέψειε,
1129 1261 1225 1313 καὶ
1247 1261 1315 1313 τὰ
1343 1259 1538 1329 δένδρα
1567 1258 1844 1332 πρόρριζα
1889 1257 2220 1328 ἐκτρίψειεν,
2252 1257 2334 1310 ἐτι

749 1353 867 1414 πῶς
893 1354 1039 1404 ἐστιν
1067 1351 1412 1422 ὑπέρθυμος,
1448 1352 1825 1421 δυσόργιστος,
1857 1350 2122 1420 ἔμπυρος,
2167 1347 2335 1418 ὐπέρ-

749 1448 986 1514 ασθμος,
1007 1446 1064 1495 ἐν
1087 1445 1142 1495 δὲ
1171 1445 1424 1512 πλαγίοις
1449 1447 1562 1508 τοῖς
1590 1444 1773 1498 ὀδοῦσι
1799 1446 1907 1498 τῶν
1939 1445 2115 1498 κυνῶν
2135 1442 2193 1495 τὸ
2217 1441 2334 1511 τρί-

745 1553 909 1606 χωμα
943 1535 1278 1604 ἐπιφλέγων,
1312 1535 1475 1603 ὥστε,
1510 1539 1559 1588 εἰ
1595 1537 1692 1593 καὶ
1723 1537 2052 1590 ἀποθανόντι
2094 1534 2172 1605 τῷ
2206 1550 2336 1605 χαυ-

744 1627 976 1680 λιόδοντι
993 1627 1358 1695 προσενέγκοι
1381 1645 1465 1689 τις
1483 1628 1698 1698 τρίχας,
1717 1628 1835 1690 πῶς
1857 1629 1932 1691 ὡς
1953 1629 2060 1681 ἀπὸ
2085 1628 2255 1695 πυρὸς
2281 1627 2335 1680 αἰ

744 1723 933 1790 τρίχες
956 1722 1307 1793 συνέρχονται
1333 1723 1433 1792 (2)°
1454 1720 1600 1776 οῦτω
1623 1722 1760 1774 πολὺ
1783 1722 1843 1774 τὸ
1863 1721 2134 1789 φλογῶδες
2165 1722 2336 1790 πρόσ-

745 1831 898 1867 εστιν
933 1816 998 1867 ἐκ
1027 1817 1120 1867 τοῦ
1157 1813 1331 1883 θυμοῦ
1360 1814 1437 1884 τῷ
1470 1815 1682 1886 θηρίῳ·
1716 1815 1744 1866 6
1777 1814 1835 1868 δέ
1883 1814 2192 1884 κυνηγέτης
2221 1807 2335 1874 οἷος

748 1908 838 1971 σὺ,
865 1906 983 1968 πῶς
1020 1905 1205 1976 ἐμϐοᾷ
1233 1908 1344 1969 τοῖς
1375 1907 1554 1969 κυσὶν,
1587 1906 1891 1974 ἐγκελεύει,
1919 1907 2331 1974 ἐνσημαίνεται,

744 1998 1057 2069 ἐποτρύνει,
1092 1997 1510 2068 προσκαλεῖται,
1546 2000 1869 2067 προτρέπει,
1901 1998 2186 2068 παρορμᾷ,
2217 1997 2334 2061 πῶς

743 2106 804 2142 τε
843 2089 1080 2142 συνθέων
1114 2090 1346 2158 γίνεται,
1403 2089 1781 2160 μεταδιώκων,
1830 2091 2149 2160 συμπονῶν,
2201 2106 2337 2158 cup.-

746 2181 1229 2253 προθυμούμενος,
1269 2182 1818 2252 σννδιερευνώμενος.
1870 2180 2056 2237 Ταῦτα
2097 2181 2205 2251 γάρ
2240 2199 2338 2234 κα-

745 2275 854 2334 λῶς
885 2274 1213 2334 ἐπίστασθαί
1259 2290 1318 2326 σε
1356 2274 1665 2343 πέπεισμαι
1706 2275 1764 2326 ἐν
1796 2273 2192 2344 Πελοποννήσῳ
2222 2274 2340 2327 δια-

743 2368 1015 2438 τρίψαντα
1073 2367 1264 2437 χρόνον
1303 2367 1500 2437 συχνὸν
1558 2368 1695 2437 μετά
1746 2367 1856 2418 τῶν
1904 2366 2240 2438 Ἰλλυρικῶν,
2287 2368 2338 2422 οἳ

745 2463 888 2534 πρὸς
913 2461 1191 2531 διέγερσιν
1235 2463 1330 2515 καὶ
1377 2463 1693 2532 γυμνασίαν
1729 2461 1910 2516 κυνῶν
1958 2463 2102 2516 εἰσιν
2147 2463 2342 2533 ἐπιτή-

745 2557 905 2610 δειοι.
941 2555 1126 2619 Ἕξεις
1179 2554 1236 2608 δέ
1291 2554 1437 2624 κάμὲ
1491 2554 1864 2625 συνεπόμενον
1913 2559 2007 2608 καὶ
2046 2557 2342 2625 συμπράτ-

745 2667 933 2711 τοντα,
966 2649 1029 2702 οὐ
1081 2652 1243 2717 μόνον
1279 2649 1381 2718 ἤδη
1435 2648 1574 2717 πρὸς
1624 2649 1693 2702 τὰ
1740 2651 1834 2702 τοῦ
1871 2650 2018 2712 συὸς,
2066 2650 2203 2702 ἀλλὰ
2249 2651 2344 2703 καὶ

746 2743 886 2812 πρδς
919 2741 991 2794 τά
1022 2740 1132 2794 τῶν
1180 2739 1358 2794 ἄλλων
1392 2739 1620 2810 θηρίων.
1668 2741 1985 2795 Σπούδασον
2034 2743 2238 2809 τοίνυν,
2277 2744 2344 2796 ἵν’

746 2835 878 2904 ἔχῃς
944 2833 1036 2887 καὶ
1091 2834 1183 2886 τὸν
1249 2832 1482 2886 τεκόντα
1537 2833 1700 2903 χάριν
1743 2834 1920 2886 εἰδότα
1968 2854 2089 2899 σοι,
2130 2837 2205 2900 ὼς
2253 2839 2346 2892 τὶν

747 2927 934 2995 ἀμαθῆ
971 2926 1090 2978 υἰον
1129 2926 1197 2978 τά
1237 2927 1336 2992 τῆς
1369 2925 1542 2995 θήρας
1567 2924 1880 2991 διδάξαντα,
1921 2928 2065 2996 κάμὲ
2095 2928 2186 2980 διά
2212 2946 2346 2981 παν-

747 3019 834 3083 τὸς
869 3018 965 3070 τοῦ
997 3017 1117 3087 βίου
1156 3017 1257 3087 τὴν
1298 3016 1612 3086 διδασκάλῳ
1641 3019 2032 3086 προσήκουσαν
2066 3019 2202 3073 αἰδῶ
2250 3021 2346 3073 καὶ

747 3112 919 3182 τιμὴν
949 3112 982 3164 ἀ
994 3111 1316 3182 πονέμοντα.

748 3224 825 3280 Γ.
872 3225 959 3290 Τῷ
1005 3223 1410 3296 ,Ιαμπροιξὰτφ
1452 3222 1773 3296 μεσάζοντι
1821 3226 1917 3280 καί
1955 3229 2193 3296 γαμϐρῷ
2233 3230 2342 3284 τοῦ

869 3297 1189 3362 βασιλέως
1217 3295 1336 3348 τῶν
1370 3295 1616 3349 Δουκῶν
1649 3296 1749 3363 (5),
1779 3299 1812 3349 ό
1857 3295 2210 3368 Σχολάριυς.

823 3393 890 3446 Σὲ
927 3392 1022 3443 καὶ
1052 3393 1116 3460 τῇ
1145 3390 1298 3441 πόλει
1322 3387 1496 3459 ταύτῃ
1523 3389 1820 3457 πάγκοινον
1844 3392 2048 3458 ἀγαθὸν
2070 3394 2129 3447 ἐν
2154 3395 2342 3465 ἁπάσῃ

749 3490 911 3560 χρεία
949 3489 1044 3540 καί
1085 3488 1265 3558 χρόνῳ
1293 3488 1481 3552 παντὶ,
1523 3488 1618 3539 καὶ
1655 3488 1801 3548 ἰδίως
1835 3485 2091 3551 ἑκάστοις
2125 3488 2346 3560 πατέρα

750 3586 846 3637 καὶ
880 3583 1174 3653 κηδεμόνα,
1211 3584 1303 3635 καὶ
1337 3583 1496 3651 φίλον
1533 3581 1846 3651 πραότητος
1885 3581 2150 3651 γέμοντα,
2180 3583 2348 3636 δέδω-

749 3697 846 3747 κεν
871 3682 898 3732 ὁ
925 3679 1078 3742 Θεὸς,
1111 3678 1228 3745 ἅμα
1262 3677 1362 3746 μὲν
1401 3677 1602 3738 αὐτοὺς
1639 3675 1889 3745 ὠφελῶν,
1930 3675 2123 3746 ῶσπερ
2155 3675 2345 3730 ἄλλοτε

749 3774 1010 3836 πολλάκις
1042 3772 1131 3826 ἐπ’
1163 3771 1345 3842 ἀγαθῇ
1392 3772 1501 3824 τῶν
1552 3770 1852 3840 Ῥωμαίων
1900 3769 2040 3842 τύχῃ
2086 3770 2347 3833 τοιαύτας

748 3869 945 3937 φύσεις
981 3867 1321 3937 ἀνέστησεν,
1369 3858 1446 3919 ῶν
1474 3865 1626 3918 οὐδὲν
1669 3864 1889 3919 ἔλαττον
1927 3869 1959 3934 ή
2001 3866 2092 3935 σὴ,
2143 3863 2262 3934 ἅμα
2291 3863 2348 3917 δέ

751 3962 848 4015 καὶ
882 3961 941 4014 σέ
977 3961 1074 4030 τῆς
1105 3960 1279 4022 ὅντως
1321 3957 1538 4030 χρυσῆς
1581 3957 1985 4028 προαιρέσεως,
2017 3958 2084 4029 ἣν
2124 3958 2350 4030 προῄδει

751 4049 1064 4122 πόρρωθεν,
1094 4050 1486 4120 ἀμειϐόμενος,
1523 4051 1621 4104 καὶ
1655 4048 1984 4119 βουλόμενός
2018 4068 2101 4103 σοι
2135 4052 2350 4120 μεγάλα

754 4144 851 4197 καὶ
896 4147 962 4214 τῇ
1021 4144 1088 4212 σῇ
1147 4141 1348 4212 γνώμῃ
1405 4143 1764 4213 προσήκοντα
1817 4143 2352 4212 παρασκευάσαιτά

753 4232 916 4290 ἆθλα.
976 4236 1257 4307 Γράψαιτο
1307 4235 1352 4289 δ’
1391 4235 1458 4290 ἂν
1502 4235 1676 4299 οὐδείς
1733 4254 1801 4306 με
1853 4236 2083 4291 τοιαῦτα
2122 4238 2354 4306 λέγοντα

757 4328 1072 4392 κολακείας.
1111 4330 1178 4382 Σέ
1213 4329 1322 4399 γὰρ
1373 4329 1540 4400 μόνον
1579 4329 1824 4383 ἐπαινῶν
1856 4348 1942 4393 τις
1990 4331 2092 4403 τὴν
2146 4331 2356 4402 μέμψιν

757 4422 967 4493 ταύτην
1010 4423 1072 4476 οὐ
1123 4421 1264 4476 δέδιε
1293 4437 1307 4452 ’
1361 4423 1520 4490 κάγὼ
1557 4423 1723 4492 μόνου
1753 4423 1949 4476 τούτου
1985 4423 2092 4476 τῶν
2142 4423 2356 4496 ἀνθρω-

753 4518 930 4569 πίνων
982 4515 1390 4586 ἐλαττωμάτων
1439 4517 1833 4586 καυχησαίμην
1878 4516 1945 4570 ἂν
1997 4518 2222 4572 παντάπ

753 4608 1128 4678 ἀπηλλάχθαι,
1163 4607 1306 4661 ῶστε
1365 4611 1479 4671 καὶ,
1535 4609 1614 4678 τῷ
1667 4608 1742 4679 μὴ
1797 4609 2058 4663 δύνασθαι
2106 4610 2352 4680 χρῆσθαι

752 4702 925 4771 ταύτῃ
949 4703 1013 4770 τιῇ
1040 4702 1230 4770 τέχνῃ,
1267 4700 1432 4762 ἐνίοις
1456 4699 1566 4750 τῶν
1599 4700 1832 4767 ὠφελεῖν
1863 4699 2182 4771 δυναμένων
2212 4701 2356 4767 τίνος

753 4797 855 4848 οὐκ
891 4796 1222 4864 ἀηδέστερος
1259 4791 1441 4856 ἔδοξα.

838 4889 902 4941 Ἠ
944 4889 1044 4958 μὲν
1085 4886 1178 4941 οὖν
1235 4886 1393 4950 πόλις
1449 4886 1685 4956 χρυσοῦς
1746 4903 1832 4939 σοι
1877 4889 2004 4949 τοὺς
2057 4887 2357 4956 στεφάνως

754 4983 986 5052 ὀφείλει,
1019 4980 1266 5053 δηλονότι
1298 4980 1502 5043 πολλὰς
1544 4981 1639 5033 καὶ
1673 4979 1920 5050 μεγάλας
1953 4981 2051 5042 τὰς
2088 4981 2349 5050 ἀμοιϐάς·

755 5076 805 5126 εἰ
841 5073 896 5126 δὲ
928 5073 1059 5142 μήτ’
1091 5072 1445 5137 ἀποδίδωσιν,
1486 5069 1614 5124 οὐτ’
1647 5068 1944 5135 ἀποδώσει,
1986 5074 2098 5134 τοῖς
2144 5076 2359 5141 καιροῖς

754 5164 914 5217 τοῦτο
957 5163 1051 5216 καὶ
1084 5164 1198 5226 τοῖς
1228 5163 1288 5215 ἐν
1315 5164 1454 5234 αὐτῇ
1492 5164 1838 5234 κρατήσασιν
1867 5161 2015 5216 ἔθεσι
2052 5163 2358 5233 λογιστέον.

759 5260 942 5312 Ἔστω
972 5258 1027 5310 δέ
1067 5274 1150 5310 σοι
1180 5257 1273 5310 καὶ
1296 5259 1419 5310 ἀντὶ
1454 5257 1742 5324 στεφάνων
1769 5257 1910 5328 αὐτὴ
1942 5257 2232 5328 σωζομένη
2265 5262 2360 5327 καὶ

757 5358 894 5422 μετα
943 5353 1051 5406 τῶν
1104 5353 1321 5424 ἐχθρῶν
1378 5350 1786 5423 είρηνεύουσα,
1844 5353 2106 5429 καὶσόσον
2145 5352 2360 5420 ἔξεστιν

753 5448 1174 5517 εὐθηνουμένηο
1233 5445 1412 5500 ταῦτα
1467 5446 1576 5516 γαρ
1629 5446 1810 5498 πάντα
1850 5443 2002 5514 δῶρα
2055 5443 2215 5508 Θεοῦ,
2263 5448 2358 5499 καὶ

751 5542 852 5606 τῆς
909 5541 1009 5610 σῆς
1049 5541 1190 5610 μετὰ
1241 5541 1332 5593 τὸν
1397 5541 1626 5608 ἄριστον
1689 5537 1918 5608 βασιλέα
1971 5540 2212 5607 σπουδῆς
2264 5541 2359 5593 καὶ

752 5631 1057 5702 φροντίδος.
1094 5630 1218 5684 Τῶν
1253 5631 1308 5684 δὲ
1361 5631 1516 5702 παρά
1559 5631 1782 5683 πάντων
1828 5631 2073 5683 ἐπαίνων
2113 5635 2205 5683 καὶ
2251 5633 2361 5685 τῶν

825 5799 902 5871 (ί)
937 5798 1166 5855 Videtur
1206 5801 1481 5857 excidisse
1513 5801 1743 5869 aliquid.

825 5871 903 5941 (2)
933 5873 1017 5926 Cf.
1049 5872 1300 5942 Xenoph.
1342 5871 1478 5928 Ven.
1513 5889 1565 5937 ι,
1597 5872 1684 5926 Π.

2430 714 2762 784 κηδεμονίας
2790 713 3004 781 γένοιτο
3036 715 3354 793 μαρτυρίας
3392 712 3597 782 μᾶλλον
3622 711 3703 774 δέ,
3731 711 3938 764 τούτων
3961 711 4013 763 τί

2431 805 2632 871 γένοιτ’
2670 805 2737 856 ἂν
2796 806 3222 874 εὐτυχέστερονς
3253 804 3387 873 Ζῆθι
3428 804 3628 870 τοίνυν,
3666 804 3764 857 καὶ
3810 804 4015 872 κόσμος

2433 895 2544 951 ίσθι
2585 897 2784 959 κοινὸς,
2838 896 2933 950 καὶ
2979 897 3136 966 χαῖρε
3176 896 3389 948 πολλῶν
3428 896 3652 964 ἀγαθῶν
3698 893 4016 965 τετυχηκὼς

2433 987 2676 1043 ἀνωθεν*
2707 988 2758 1041 εἰ
2790 989 2841 1042 τί
2873 1005 2956 1043 σοι
2991 991 3085 1042 καὶ
3115 988 3384 1058 λυπηρὸν,
3419 983 3510 1041 οἶα
3539 988 3603 1057 δὴ
3637 986 4016 1058 τάνθρώπινα,

2434 1079 2722 1148 ἀπαντῴη,
2773 1079 3005 1148 δοκιμήν
3041 1097 3165 1131 τινα
3218 1079 3320 1148 τῆς
3374 1079 3642 1148 Προνοίας
3689 1080 3784 1131 καὶ
3836 1078 4019 1139 τοῦτο,

2435 1173 2530 1224 καὶ
2577 1171 2778 1242 μικρόν
2827 1188 2881 1223 τι
2917 1171 3011 1225 καὶ
3041 1171 3267 1234 ἀσθενές
3311 1171 3412 1236 τῆς
3457 1171 3586 1242 ὅλης
3625 1172 3880 1241 εὐτυχίας
3915 1170 4022 1223 κὼ-

2436 1264 2609 1333 λυμα,
2643 1264 2867 1332 κρίνων,
2894 1264 2989 1318 καὶ
3022 1263 3100 1332 τῷ
3127 1265 3342 1332 τάγαθά
3369 1264 3624 1317 δεδωκότι
3658 1266 3753 1316 καὶ
3786 1262 3885 1334 τῆς
3913 1263 4023 1316 τῶν

2437 1359 2701 1430 χειρόνων
2734 1357 3059 1427 ἀπαλλαγῆς
3091 1357 3332 1420 ἐλπίζων
3370 1357 3652 1427 μελήσειν.

2510 1495 2583 1548 Τὸ
2613 1495 2656 1548 δ’
2697 1496 2830 1564 ἐμὸν
2861 1490 2978 1559 πῶς
3025 1493 3092 1548 ἂν
3139 1493 3392 1564 είποιμι;
3435 1494 3539 1547 κᾶν
3572 1494 3681 1565 γὰρ
3715 1495 3894 1556 πάσας
3926 1494 4024 1553 τάς

2439 1588 2799 1658 ἀνθρωπικὰς
2835 1588 3323 1658 ἀπαριθμήσωμαι
3379 1589 3627 1657 σχέσεις,
3691 1588 3883 1640 πασῶν
3935 1587 4023 1640 εὐο

2445 1681 2595 1749 ρήσω
2627 1680 2802 1749 μείζω
2828 1679 2926 1748 τὴν
2955 1679 3093 1748 πρὸς
3120 1679 3218 1748 ἐμὲ
3253 1679 3346 1730 σοῦ
3379 1680 3472 1731 καὶ
3496 1678 3840 1750 θερμοτέραν
3861 1693 3876 1709 ο
3900 1679 4024 1732 ὅθεν

2446 1773 2691 1841 σιγάσθω
2725 1771 2825 1842 μέν
2860 1774 2887 1824 6
2917 1773 3121 1840 πατὴρ,
3152 1771 3398 1840 ἀφείσθω
3425 1770 3481 1822 δέ
3519 1773 3550 1841 ὴ
3587 1771 3790 1841 μήτηρ,
3815 1771 3867 1824 οἰ
3896 1787 4026 1839 συγ-

2366 1860 2413 1920 Β
2443 1865 2646 1933 γενείς,
2679 1863 2860 1917 πάντα
2887 1863 2953 1934 δὴ
2998 1863 3067 1916 τά
3106 1865 3364 1917 τοιαῦτα’
3401 1863 3644 1931 λεγέσθω
3685 1863 3740 1916 δέ
3772 1864 3834 1914 τὸ
3869 1861 4025 1931 μάλι-

2441 1973 2540 2010 στα
2574 1956 2810 2026 πρέπον,
2857 1957 2964 2021 ὅτι,
2992 1955 3092 2025 τῆς
3137 1955 3480 2027 ὑψηλοτάτης
3534 1955 3804 2026 Προνοίας
3841 1955 4028 2009 εἰκόνα

2440 2049 2536 2102 καὶ
2565 2047 2761 2114 τύπον,
2794 2047 2871 2111 ῶς
2920 2048 3181 2117 ἐγχωρεῖ,
3229 2047 3369 2118 πρὸς
3409 2046 3510 2117 ἐμὲ
3561 2046 3886 2118 βουλόμενος
3922 2047 4029 2102 σώε-

2442 2139 2585 2205 ζειν,
2615 2139 2667 2193 τί
2698 2141 2799 2209 μέν
2828 2139 2890 2192 οὐ
2923 2139 3128 2208 λέγεις,
3157 2142 3211 2194 τί
3247 2139 3292 2192 δ’
3323 2139 3384 2192 οὐ
3415 2140 3675 2207 πράττεις
3705 2140 3845 2210 ὐπέρ
3866 2141 4024 2211 ἐμοῦ,

2443 2235 2498 2287 τί
2530 2233 2576 2286 δ’
2609 2233 2816 2305 ἀναδύῃ
2844 2233 3029 2286 δοῦναι
3069 2232 3409 2300 δυνάμενος;
3449 2232 3667 2286 Τούτων
3697 2233 3766 2297 δ’,
3810 2235 3889 2296 εἰς
3930 2233 4030 2301 μὲν

2445 2329 2658 2392 εὐνοίας
2713 2328 2912 2394 λόγον,
2971 2329 3069 2382 καὶ
3126 2326 3291 2390 αὐτὸς
3349 2327 3416 2381 ἂν
3459 2327 3673 2394 εἴποιμι
3724 2325 3877 2397 παρά
3936 2325 4031 2380 σοῦ

2444 2422 2740 2494 τυγχάνειν
2773 2422 2985 2486 δίκαιος
3007 2415 3150 2476 εἶναι
3171 2437 3184 2453 ο
3215 2420 3314 2490 τῆς
3345 2420 3391 2473 δ’
3418 2420 3586 2485 ἄλλης
3621 2421 3777 2486 ἀξίας
3803 2420 4032 2481 οὕνεκα,

2448 2517 2544 2569 καὶ
2571 2515 2903 2586 αἰσχύνομαι
2935 2515 3122 2584 σαφῶς
3137 2514 3407 2584 ἐμαυτὸν,
3439 2514 3584 2568 οὕτω
3615 2513 3825 2586 σφόδρα
3859 2513 4034 2584 τιμώ-

2452 2625 2635 2675 μενος.
2683 2609 2795 2660 Καὶ
2824 2607 2923 2677 τῆς
2967 2608 3047 2669 εἰς
3092 2606 3239 2676 ἡμᾶς
3272 2600 3365 2659 οὖν
3412 2605 3724 2674 εὐμενείας,
3758 2605 3914 2673 ἡμῶν
3960 2603 4037 2674 μὴ

2448 2697 2764 2768 δυναμένων
2796 2697 3148 2767 ἀμείϐεσθαι,
3180 2697 3322 2765 πλὴν
3353 2697 3541 2766 εὐχαῖς
3567 2713 3626 2749 τε
3665 2699 3761 2750 καὶ
3794 2696 4036 2764 χαρίτων

2449 2792 2790 2861 ὁμολογίαις,
2824 2790 2920 2844 καὶ
2946 2791 3022 2861 τῷ
3053 2791 3151 2860 τὴν
3175 2789 3360 2860 ψυχὴν
3394 2790 3459 2843 ἂν
3485 2789 3624 2858 ὐπὲρ
3655 2789 3750 2843 σοῦ
3775 2788 4038 2858 προέσθαι

2454 2886 2573 2955 μεθ’
2605 2885 2825 2955 ἡδονῆς,
2861 2883 3049 2948 ἀξίους
3083 2883 3295 2953 ἄνωθεν
3319 2884 3445 2947 τοὺς
3490 2883 3742 2953 μισθοὺς,
3774 2883 3902 2946 τοὺς
3935 2883 4039 2953 μὲν

2451 2981 2597 3046 ἕξεις
2629 2984 2687 3035 ἐν
2723 2983 2801 3054 τῷ
2835 2983 3089 3050 παρόντι,
3125 2983 3174 3034 οἰ
3219 2981 3275 3034 δέ
3310 2997 3392 3059 σοι
3431 2981 3569 3050 μετά
3608 2977 3780 3034 ταῦτα
3810 2976 4044 3048 τηροῦν-

2451 3094 2561 3129 ται.
2612 3078 2777 3131 Ὅθεν
2813 3077 2937 3138 ταῖς
2963 3077 3152 3146 τιμαῖς
3201 3073 3296 3127 καὶ
3332 3075 3446 3136 ταῖς
3485 3074 3672 3145 χάρισι
3716 3073 4041 3142 βουλόμενος

2372 3200 2414 3258 C
2455 3169 2837 3240 προστιθέναι,
2873 3169 2949 3244 μὴ
2972 3166 3073 3237 τὴν
3103 3166 3262 3238 ημῶν
3297 3165 3516 3235 λογίζου
3545 3164 3882 3234 φαυλότητα,
3920 3164 4040 3258 μηδ’

2452 3265 2557 3317 ὐπὸ
2623 3262 2830 3326 ταύτης
2893 3259 3175 3330 εἴργεσθαι
3235 3259 3640 3330 συγχωρήσης,
3702 3259 3821 3311 ἀλλ’
3884 3255 4044 3319 εἰδὼς

2449 3357 2524 3420 ὡς
2567 3356 2680 3427 ἔχει
2727 3356 2818 3409 τδν
2867 3355 3264 3425 ἀμειψόμενον,
3321 3352 3440 3423 χρῶ
3483 3354 3549 3422 τῇ
3599 3351 3800 3405 σαυτοῦ
3847 3353 4042 3420 φύσει,

2455 3450 2658 3521 μᾶλλον
2702 3449 2757 3502 δὲ
2795 3449 2918 3502 νίκα
2971 3449 3169 3502 σαυτὸν
3223 3447 3362 3520 πρός
3417 3462 3477 3499 τε
3527 3446 3652 3508 τοὺς
3700 3442 3898 3506 ἄλλους
3945 3448 4043 3498 καὶ

2452 3543 2590 3612 πρὸς
2624 3542 2750 3612 ἐμέ.

2527 3639 2691 3690 Ἢκει
2747 3652 2831 3688 σοι
2888 3636 3042 3688 καὶὸ
3094 3635 3261 3697 ἵππος
3323 3633 3416 3686 καὶ
3476 3631 3672 3687 πολλαὶ
3739 3633 3837 3685 σιν
3893 3631 4045 3700 αὐτῷ

2453 3728 2689 3800 χαρίτων
2721 3724 3008 3795 ὁμολογίαι
3034 3740 3048 3755 ο
3076 3723 3197 3777 οὐδὲ
3230 3723 3338 3792 γάρ
3373 3721 3564 3794 χρῄζω
3607 3720 3801 3774 τούτου
3831 3719 4042 3781 λοιπδν,

2453 3823 2721 3892 πράττειν
2751 3837 2811 3873 τε
2860 3817 3014 3871 οὐδὲν
3069 3817 3230 3886 ἔχων,
3263 3819 3357 3869 καὶ
3397 3818 3456 3869 τὸ
3493 3815 3654 3883 σῶμα
3687 3813 4047 3868 διαναπαύειν

2457 3914 2664 3984 σφόδρα
2686 3911 3000 3982 πεπονηκὸς
3028 3911 3135 3963 ὐπὸ
3164 3908 3264 3979 τῆς
3295 3912 3452 3962 νόσου
3483 3907 3836 3978 βουλόμενος.
3859 3905 4043 3966 Ἴσως,

2457 4008 2677 4063 ἐπειδᾶν
2711 4007 2738 4059 6
2771 4005 3028 4075 βασιλεὺς
3064 4005 3344 4075 ἐπανήκῃ,
3382 4003 3480 4056 καὶ
3518 4001 3614 4074 δέῃ
3651 4017 3721 4070 με
3770 4015 4050 4068 προσαγο-

2460 4102 2640 4172 ρεύειν
2663 4102 2868 4154 ἐκεῖνον
2903 4096 3132 4168 (δίκαιον
3159 4097 3312 4166 γὰρ),
3355 4093 3527 4160 ἀπαξ,
3560 4096 3628 4148 ἀν
3656 4097 3684 4148 6
3717 4094 3853 4158 Θεὸς
3897 4093 4047 4163 θέλῃ,

2457 4196 2650 4250 τούτου
2678 4195 2970 4264 δεήσομαι,
3003 4192 3090 4266 ὅτε
3125 4191 3221 4247 καὶ
3249 4190 3463 4253 πείσεις
3503 4191 3598 4242 τὸν
3631 4189 3791 4243 πάντ’
3824 4188 4049 4258 ἄριστον

2462 4285 2688 4356 βασιλέα
2718 4285 2864 4354 ἇπερ
2896 4283 2963 4338 ἂν
2993 4282 3157 4344 αὐτὸς
3185 4284 3457 4353 πρότερος
3487 4282 3575 4348 ὑφ’
3612 4278 3776 4350 ἡμῶν
3810 4281 4052 4347 εὐλόγως

2461 4380 2771 4447 πεισθείης.
2807 4374 2975 4445 Οἶμαι
3015 4377 3074 4430 δέ
3113 4375 3240 4448 μηδ’
3271 4377 3482 4428 ἐκεῖνον
3519 4373 3916 4427 ἀναδαλείσθαι
3951 4374 4054 4441 τὴν

2462 4471 2694 4543 δωρεὰν,
2722 4469 2818 4522 νῦν
2855 4469 2954 4538 όψέ
2986 4467 3134 4538 σαφῆ
3163 4467 3261 4538 τῆς
3294 4467 3441 4536 ἐμῆς
3480 4465 3619 4536 πρὸς
3651 4466 3813 4520 αὐτόν
3840 4451 4056 4525 εὐνοίας

2225 4534 2350 4635 ῗὲῗ
2383 4545 2428 4602 Ῑ)
2459 4534 2658 4635 πεῖραν
2682 4534 2922 4616 λαϐόντα
2950 4561 3045 4613 καὶ
3069 4534 3241 4620 άλλως
3441 4534 3724 4611 συνειδότα
3759 4553 3919 4609 τοῦτο
3954 4554 4054 4624 μέν

2457 4659 2669 4720 δίκαια,
2697 4656 2854 4708 τοῦτο
2883 4655 2940 4708 δὲ
2977 4655 3379 4724 προχειρότατα
3408 4651 3674 4718 άξιοῦσν.

2545 4791 2708 4846 Ἀλλά
2736 4788 2910 4843 ταῦτα
2947 4788 3046 4859 μέν
3078 4785 3310 4858 ὕστερον
3335 4803 3348 4818 ο
3384 4786 3481 4840 νῦν
3515 4786 3570 4840 δὲ
3595 4787 3744 4856 ἡμᾶς
3780 4784 3891 4837 ῐσθι
3917 4783 4058 4837 πάνυ

2464 4889 2648 4942 καλῶν
2671 4887 2782 4940 τῶν
2812 4886 2909 4956 τῆς
2957 4883 3189 4954 ἡσυχίας
3240 4882 3551 4953 προοιμίων
3603 4880 4061 4950 αἰσθανομένους,

2469 4983 2563 5036 καὶ
2599 4981 2770 5035 πο).λά
2814 4982 2879 5050 τῇ
2911 4977 3006 5032 τοῦ
3037 4979 3206 5032 τόπου
3255 4976 3531 5048 μεταϐολῇ
3565 4976 3879 5046 χαίροντας,
3911 4976 4064 5027 ἐλπί-

2469 5077 2663 5142 ζοντας
2690 5075 2745 5128 δὲ
2771 5075 2866 5128 καὶ
2892 5075 2990 5144 τὴν
3016 5071 3108 5126 τοῦ
3141 5073 3450 5142 σχήματος,
3487 5069 3695 5141 μᾶλλον
3733 5069 3789 5123 δέ
3833 5069 3933 5140 τὴν
3966 5068 4063 5122 τοῦ

2467 5171 2696 5238 τρόπου,
2728 5167 2867 5222 Θεοῦ
2895 5167 3156 5230 διδόντος,
3192 5167 3327 5235 ημῖν
3354 5164 3432 5218 ἔτι
3465 5163 3628 5216 πλέον
3659 5163 3895 5230 ἀρέσειν,
3938 5160 4065 5231 Ὑφ’

2466 5265 2586 5327 ἐνὸς
2617 5261 2805 5332 μόνου,
2841 5261 2938 5330 τῆς
2968 5260 3060 5312 τοῦ
3113 5260 3369 5329 σώματος
3410 5255 3779 5326 ἐνοχλούμεθα
3825 5246 4068 5324 δυσκρα-

2469 5359 2610 5422 σίας,
2644 5351 2710 5427 ἧς
2753 5355 2855 5410 οὐκ
2895 5354 3012 5408 ἔστι
3055 5352 3272 5424 μηχανὴ
3321 5351 3601 5419 θαύματος
3652 5350 3782 5404 ἀνευ
3817 5348 4070 5403 ἀπαλλα-

2471 5453 2658 5522 γῆναι.

2555 5544 2802 5612 Ὑγίαινε
2852 5541 2948 5596 καί
2993 5541 3153 5612 χαῖρε
3188 5537 3431 5606 πανοικὶ,
3473 5535 3688 5608 ἀνδρῶν
3741 5535 3936 5606 ἄριστε
3975 5537 4072 5590 καὶ

2472 5637 2852 5707 λαμπρότατε.

827 5947 904 6016 (5)
939 5946 1143 6011 Codex,
1173 5945 1282 5998 τῶν
1310 5946 1367 5999 δο
1399 5945 1452 6013 ἦ,
1483 5947 1628 6014 ψιυά
1658 5945 1758 6013 ί·Ἥὶ
1789 5942 1898 5995 τῶν
1959 5943 2193 6011 δ’)νκῶν,
2244 5945 2409 6002 [Iasio
2435 5947 2595 6002 duce.
