4420 6448
716 388 822 449 nn
2045 395 2450 457 GEORGIUS
2489 394 2819 456 neruo.
3889 375 3999 457 7'83

715 507 942 560 invenire
994 522 1098 574 qua
1159 510 1365 564 ratione
1387 510 1442 564 hi
1493 521 1676 565 mutuo
1735 513 2102 580 respondeant,
2143 511 2406 579 inquirere
2465 509 2669 564 destitit
2713 526 2732 564 :
2773 512 2828 564 in
2859 511 3260 565 commentariis
3311 511 3375 564 a’e
3438 511 3607 580 legum
3651 510 3996 573 institutione,

715 609 830 647 cum
874 594 938 646 de
973 595 1183 654 diebus.
1239 601 1531 666 mensibus,
1556 614 1602 654 et
1652 620 1792 655 anno
1852 606 2148 671 pra-cipiat,
2195 621 2297 670 qua
2335 611 2513 656 tamen
2564 603 2770 656 ratione
2796 604 3136 656 Athenienses
3181 620 3384 657 menses
3440 619 3564 656 suos
3623 595 3866 670 agerent,
3932 617 3996 653 ne

715 683 920 730 verbum
942 680 1149 744 quidem
1188 681 1344 746 facit.
1379 681 1625 735 Primum
1665 684 1716 736 in
1754 694 1986 740 tractatu
2033 697 2219 742 nostro
2258 688 2330 744 De
2357 706 2604 742 mensura
2627 701 2925 753 temporum
2961 693 3332 758 antiquorum,
3390 701 3439 745 et
3471 692 3738 758 pracipue
3783 687 3994 743 στατο-

714 779 828 816 rum
874 765 1286 831 exscripsimus,
1345 783 1467 837 cap.
1538 768 1713 841 £2[v.
1783 773 1848 827 ad
1888 790 1942 826 ιι.
2001 774 2118 846 21].
2179 792 2301 830 cum
2366 777 2459 831 Gai

2253 792 2301 828 m
2366 777 2528 831 Gazae.
2580 791 2678 845 pro
2731 775 3018 839 Pletbone,
3085 793 3248 846 quem
3303 777 3390 832 ille
3440 780 3674 847 carptim
3733 777 3785 829 in
3835 791 3998 843 apus-

711 851 836 905 culo
890 851 957 905 de
992 855 1276 908 mensibus
1311 857 1690 924 reprehendit,
1749 862 2228 929 responderentus.
2294 865 2442 920 Libri
2498 867 2656 934 plane
2735 863 3054 918 Plcthonico
3105 865 3266 936 genio
3325 880 3610 934 suppares.
3693 865 3861 918 totius
3903 880 3998 915 au-

713 939 983 1008 tiquitatis
1053 951 1106 994 et
1179 945 1464 1013 theologiae
1545 948 1898 1015 antiquorum
1979 951 2432 1020 philosophorum
2509 952 2893 1019 promicondi;
2962 954 3071 1006 rari
3131 964 3337 1016 tamen,
3410 963 3464 1006 et
3522 953 3654 1006 mihi
3725 953 3998 1006 incertum

712 1042 779 1080 an
839 1029 1030 1099 integri
1110 1031 1310 1086 alicubi
1370 1033 1720 1089 detineantur
1759 1037 1851 1106 (b),
1926 1038 2133 1108 indigni
2199 1042 2402 1097 tamdiu
2467 1040 2690 1105 lateam,
2749 1042 2892 1110 digni
2952 1040 3091 1106 luce,
3154 1052 3207 1097 et
3273 1041 3365 1110 qui
3438 1041 3686 1095 omnium
3744 1040 3998 1093 manibus

712 1119 982 1163 terantur.

735 1125 982 1165 erantur.

784 1225 996 1329 [lorum
1028 1228 1398 1326 publicatione
1429 1235 1590 1306 (c-d).
1625 1241 1848 1306 etquod
1884 1243 2130 1316 plerique
2163 1263 2352 1316 parum
2383 1247 2436 1304 in
2468 1266 2529 1307 eu

2255 1264 2352 1302 'um
2383 1247 2436 1304 in
2468 1266 2592 1307 eum
2624 1263 2810 1309 essent
2841 1252 2978 1308 alias
3003 1253 3072 1308 ob
3103 1268 3300 1308 causas
3334 1253 3611 1322 propensi.
3639 1250 4000 1306 offensionem

712 1313 1012 1368 mitltornm
1040 1318 1296 1411 incurrit,
1336 1323 1425 1411 qui
1459 1323 1512 1377 in
1541 1341 1666 1379 cum
1699 1330 1900 1383 acriter
1931 1332 2127 1388 invecti
2164 1351 2273 1391 non
2311 1337 2552 1392 ludibrio
2581 1348 2794 1394 tantum
2828 1341 3108 1394 hominem
3144 1342 3386 1394 habuere
3412 1351 3466 1393 et
3521 1339 3828 1394 maledictis
3874 1352 4000 1390 onc-

712 1411 928 1467 rarunt,
960 1403 1052 1497 sed
1086 1407 1250 1459 etiam
1280 1423 1307 1497 a
1341 1410 1444 1464 lide
1474 1411 1812 1481 Christiana,
1843 1433 1950 1472 ιιοιι
1979 1422 2224 1490 alterius,
2251 1439 2418 1494 quam
2449 1427 2644 1480 horum
2673 1428 2938 1480 librorum
2973 1427 3240 1482 doctrinze
3272 1427 3620 1497 probatione,
3677 1425 3742 1478 ad
3791 1427 3990 1494 gentili-

711 1503 888 1542 solum
920 1492 1233 1561 prolapsum
1259 1496 1554 1554 descivisse
1583 1501 1943 1569 amrmarunt,
1976 1522 2039 1563 ac
2072 1492 2300 1566 ca‘teros
2320 1510 2451 1567 Chri

2254 1526 2300 1566 )s
2320 1510 2652 1568 Christiana:
2684 1515 2966 1584 religionis
2999 1517 3240 1569 asseclas
3278 1523 3617 1568 intonuernnt
3652 1521 3709 1565 ut
3757 1528 3783 1564 a
3810 1514 3999 1566 simili-

711 1578 811 1679 h...m
863 1578 1019 1679 Miris
1046 1591 1098 1634 el
1133 1584 1353 1636 lmmi'm
1380 1587 1741 1651 ³ι³⁵¹ῖηθτθ¹¹ίι
1763 1605 2132 1665 ωνενεηιτιυο
2166 1599 2270 1654 sibi
2305 1616 2333 1653 a
2368 1616 2475 1655 non
2512 1605 2694 1656 minus
2727 1578 3111 1656 Mahmnetaua
3137 1603 3386 1655 doctrina
3419 1601 3746 1668 perniciosis
3775 1599 4002 1669 dogma-

711 1667 861 1770 tJnts
891 1669 998 1770 ;'in
1035 1685 1144 1739 quo
1181 1674 1232 1724 in
1270 1673 1572 1743 iniquiores
1600 1694 1660 1734 se
1693 1682 1843 1749 aliis,
1874 1693 1926 1739 et
1953 1700 2114 1754 quam
2149 1704 2246 1758 par
2293 1699 2432 1754 erat,

2293 1699 2432 1754 erat,
2469 1689 2772 1756 prmsutcre
2808 1688 3078 1758 Georgius
3107 1667 3514 1758 Trapezuntius
3563 1689 3616 1740 in
3680 1667 4000 1756 Comparat.

708 1753 953 1856 Platonis
981 1768 1029 1810 et
1056 1759 1378 1856 Aristo-telis,
1413 1778 1534 1829 cap.
1568 1767 1892 1836 penultimo,
1928 1753 2022 1826 lib.
2057 1790 2114 1826 ιιι
2207 1753 2694 1846 ΜαιιιιειίΜειειιευ
2731 1753 2994 1830 Ecclesiae
3027 1753 3233 1830 rhetori
3253 1777 3518 1831 adversus
3569 1753 3886 1828 Plethonem
3935 1775 4003 1829 de

708 1847 1066 1932 processionc
1100 1846 1337 1916 Spiritus
1367 1853 1566 1917 sancti,
1602 1868 1668 1908 ex
1691 1860 1967 1913 sententia
1997 1877 2218 1931 quoque
2249 1863 2448 1918 Sehola

2250 1863 2521 1918 Scltolarii
2556 1863 2920 1932 patriarchae:
2950 1863 3217 1932 Καθάπερ
3252 1863 3556 1930 τηνικαῦτα
3585 1863 3818 1916 τοιοῦτοὶ
3847 1878 3995 1921 τινες

706 1925 845 2031 itaqu
873 1934 1096 2002 λογικῆς
1130 1938 1536 2031 (alienam-aiam
1569 1943 1604 2010 ἢ
1634 1945 1768 2012 πρδς
1795 1925 2050 2019 βραχῦ,ἦ
2082 1925 2334 2021 οέδαμῶς
2368 1968 2451 2020 μει

2255 1953 2334 2015 ὥς
2368 1951 2752 2020 μετασχόντες,
2784 1961 2895 2005 etc.
2927 1949 3392 2016 Quemadmodum
3427 1962 3550 2004 tunc
3599 1952 3849 2018 temporis
3871 1951 4000 2002 tales

707 2023 932 2122 quidam
960 2035 1130 2078 erant.
1163 2027 1352 2094 quibus
1381 2028 1566 2096 logica:
1599 2033 1733 2086 artis
1761 2046 1851 2088 aut
1880 2051 2070 2103 parum
2103 2048 2196 2090 aut
2254 2040 2385 2092 nihil
2422 2043 2615 2105 inerat,
2670 2042 2970 2094 inanissimi
3037 2057 3155 2094 vero
3211 2042 3442 2093 rumoris
3487 2059 3519 2092 a
3571 2041 3730 2108 plano
3786 2039 4004 2092 diabolo

706 2113 885 2175 sparsi
915 2113 1321 2171 inconsiderati.
1352 2119 1799 2185 quemadmodum
1825 2133 1880 2175 ut
1913 2124 2204 2191 plurimum
2231 2128 2513 2184 levissime
2547 2130 2707 2183 veluti
2761 2130 2930 2198 palea:
2982 2130 3384 2184 homuncionem
3443 2129 3727 2194 plebecula:
3788 2128 3999 2179 conti»-

705 2215 819 2264 9ere
849 2203 1039 2264 suevit,
1069 2213 1378 2258 sectatores.
1415 2204 1521 2261 Sed
1552 2225 1777 2278 magnus
1801 2215 2126 2283 grandisque
2157 2220 2442 2271 sanctitate
2476 2228 2524 2272 et
2550 2235 2666 2271 vere
2695 2218 3031 2271 beatissimus
3084 2219 3393 2286 patriarcha
3444 2216 3748 2274 Gennadius
3805 2231 4002 2283 cogno-

705 2300 875 2340 mento
904 2287 1218 2344 Scholarius
1243 2308 1344 2346 non
1377 2305 1587 2348 tantum
1616 2298 1671 2350 in
1696 2312 1935 2366 externa,
1963 2304 2054 2356 sed
2088 2317 2273 2358 nostra
2307 2307 2487 2360 divina
2521 2306 2766 2359 doctrina
2797 2306 3094 2376 adﬂuenter
3151 2308 3331 2369 nimis,
3374 2306 3442 2357 ad
3500 2315 3794 2358 extremum
3841 2317 4006 2368 usque

705 2381 1125 2445 νυνενὶεαεὶιαιὶι
1141 2385 1477 2456 pertingens,
1507 2397 1562 2438 ut
1600 2389 1874 2456 utriusque
1901 2393 2180 2460 sapientiw
2208 2397 2449 2463 perennis
2477 2396 2672 2463 ﬂuvius
2697 2397 2932 2448 omnium
2964 2396 3266 2449 testimonio
3296 2395 3695 2465 comprobatus,
3750 2404 3805 2444 ut
3849 2392 4004 2458 plane

704 2470 890 2536 quibus
921 2470 1126 2540 aliquid
1158 2471 1451 2541 logicarnm
1483 2475 1891 2545 disciplinarum
1923 2482 1975 2534 in
2004 2497 2209 2550 pectore
2238 2495 2337 2549 est,
2373 2502 2437 2537 ea:
2468 2485 2612 2537 illius
2648 2487 3046 2539 commentariis
3083 2487 3425 2554 manifestum
3456 2493 3552 2538 est.
3587 2485 3686 2537 llic
3723 2481 3998 2535 sanctissi-

703 2575 819 2610 mus
845 2560 946 2648 vii”.
979 2561 1196 2624 perbelli
1220 2564 1389 2616 nostri
1420 2564 1644 2620 Gemisti
1679 2569 1830 2623 rebus
1865 2573 2208 2638 examinatis,
2241 2575 2539 2644 duplicique
2564 2574 2644 2627 illi
2663 2576 2849 2629 innata
2878 2577 3109 2646 pernicie
3141 2586 3299 2645 atque
3332 2573 3644 2627 hebetudine
3697 2580 4001 2638 perspecta,

703 2649 841 2700 hunc
876 2650 928 2701 in
957 2651 1170 2702 modum
1195 2652 1259 2705 de
1293 2669 1350 2704 eo
1377 2657 1696 2708 sententiam
1733 2660 1875 2711 tulit.
1915 2659 2233 2730 Quanquam
2262 2675 2386 2716 ante
2409 2664 2500 2715 hos
2528 2680 2725 2731 paucos
2787 2665 2897 2717 dies
2966 2663 3151 2716 Pletho
3205 2664 3482 2732 gentilium
3531 2663 3652 2713 deos
3703 2658 4002 2725 complures

702 2753 890 2790 rursus
923 2740 1198 2792 restituere
1237 2751 1461 2795 conatus
1487 2745 1578 2805 sit,
1610 2745 1665 2796 id
1693 2745 1888 2799 hebetis
1919 2749 2063 2803 illius
2095 2751 2309 2804 consilii
2340 2769 2400 2805 ac
2429 2753 2726 2805 intellectus
2761 2753 2946 2806 vitiant
2979 2753 3104 2820 fuit,
3134 2761 3185 2805 et
3215 2769 3308 2804 nos
3347 2753 3400 2803 in
3424 2750 3539 2818 ejus
3571 2748 3855 2801 amentium
3885 2746 4006 2814 plu-

702 2827 840 2878 rima
873 2828 1206 2893 scripsimus,
1239 2847 1302 2882 ne
1338 2832 1456 2898 quis
1485 2848 1512 2884 e
1539 2834 1955 2900 simplicioribus
1983 2839 2133 2890 inani
2163 2840 2306 2894 illius
2338 2844 2612 2909 sapientia:
2640 2843 2797 2910 [αιιιω
2849 2843 3088 2907 credetis,
3133 2843 3421 2895 discrimen
3473 2843 3651 2893 adeat.
3712 2837 4007 2890 Mat/tema'

704 2916 823 2967 ticis
854 2933 1080 2986 nmnque
1111 2919 1428 2986 disciplinis,
1458 2920 1550 2973 sed
1587 2922 1694 2976 illis
1725 2941 1842 2991 qua:
1871 2942 1933 2978 ea:
1969 2928 2125 2981 trivio
2157 2941 2333 2994 erant,
2366 2932 2725 3001 inﬁciebatur,
2757 2950 2788 2986 a
2815 2933 3006 3001 quibus
3036 2931 3244 2984 nullum
3275 2931 3508 3000 fructum
3531 2937 3852 2995 perceperat.
3883 2924 4001 2976 Elo-

702 3006 930 3075 quentia:
963 3024 1174 3071 operam
1208 3009 1377 3076 dedit,
1407 3012 1498 3065 sed
1529 3013 1584 3065 in
1624 3013 1959 3082 impiissimis
2011 3035 2073 3071 ac
2107 3019 2445 3073 stultissimis
2473 3023 2597 3087 scri;
2621 3021 2853 3074 tionibus
2882 3036 2901 3085 ;
2926 3019 3080 3086 idque
3103 3023 3302 3088 optimo
3352 3017 3668 3071 Latinorum
3729 3012 4000 3082 proverbio

701 3095 1044 3156 exprimitur,
1081 3095 1254 3152 Purus
1289 3095 1709 3165 Grammaticus,
1740 3119 1904 3170 purus
1935 3105 2132 3160 Asinus
2177 3107 2327 3161 rudis
2357 3111 2513 3173 adeo,
2541 3111 2775 3178 nihilque
2803 3129 2833 3163 a
2871 3109 2963 3164 vili
2994 3110 3302 3180 vulgariquc
3330 3110 3606 3160 hominum
3637 3120 3820 3175 genere
3851 3102 4007 3167 Δίπυ-

703 3202 824 3237 icns
856 3188 909 3238 in
941 3189 1160 3240 veritate
1189 3206 1250 3242 ac
1284 3191 1559 3245 mendacio
1588 3192 1976 3260 dijudicandis.
2009 3197 2188 3262 Quare
2215 3199 2437 3263 quilibet
2468 3215 2584 3252 eum
2615 3199 2765 3266 facili
2802 3199 3008 3267 negotio
3045 3197 3342 3266 refellebat,
3386 3208 3431 3250 e!
3484 3211 3668 3262 puero,
3724 3190 4008 3243 dunmmdo

699 3291 832 3343 puer
861 3276 1067 3344 aliquid
1103 3280 1341 3331 tentandi
1367 3296 1529 3333 causa
1567 3283 1903 3348 mentiretur,
1940 3287 2256 3352 respondere
2289 3287 2434 3340 haud
2461 3297 2687 3356 poterat.
2725 3287 3058 3355 Quapropter
3081 3296 3230 3340 tanto
3259 3301 3305 3338 ei
3325 3301 3440 3337 rore
3474 3285 3596 3335 leris
3628 3281 3717 3333 ille
3761 3279 4008 3345 abreptus

699 3375 796 3418 est.
824 3364 1148 3421 Theodorus
1175 3366 1302 3421 item
1330 3367 1474 3422 Gaza
1507 3369 1596 3422 lib.
1634 3369 1707 3424 De
1736 3372 2024 3439 mensibus,
2055 3389 2173 3443 cap.
2203 3374 2268 3430 i6
2304 3394 2318 3430 :
2361 3376 2444 3431 Τίι

2259 3377 2268 3427 i
2304 3394 2318 3430 :
2361 3376 2521 3437 Τίνες
2549 3376 2596 3427 δ’
2630 3375 2694 3428 ἂν
2726 3377 2920 3446 εἴησαν
2955 3375 3288 3445 ἱερομηνίαι,
3327 3373 3578 3442 Πλήθωιι
3617 3370 3716 3439 μὲν
3756 3369 4004 3437 ἥρμοττε

701 3455 891 3522 φάναι,
927 3457 1000 3516 ὡς
1024 3457 1087 3526 δή
1126 3474 1278 3520 τινας
1301 3458 1498 3528 ἑτέρας
1528 3459 1637 3512 τῶν
1675 3461 1810 3530 ἡμῖν
1845 3462 2229 3530 νομιζομένων
2263 3465 2674 3534 νομοθετοῦντι.
2714 3468 2881 3536 Ἡμῖν
2914 3467 2960 3520 δ’
2985 3470 3187 3536 ἣκιστα
3218 3467 3299 3518 δεῖ
3329 3463 3507 3526 ἄλλως
3548 3479 3606 3514 τε
3644 3462 3738 3512 καὶ
3773 3460 3844 3526 μὴ
3877 3456 4003 3523 περὶ

698 3545 893 3598 τούτου
927 3547 1022 3599 νῦν
1056 3549 1212 3610 ὄντος
1242 3547 1336 3601 τοῦ
1374 3549 1557 3616 λόγου.
1596 3548 1861 3604 Ceterum
1887 3555 1978 3620 qui
2000 3553 2109 3606 dies
2126 3553 2300 3620 forent
2331 3553 2436 3607 cele

2261 3563 2300 3606 ιι
2331 3553 2557 3607 celebres
2585 3555 2893 3624 feriatique,
2934 3552 3176 3608 Plethoni
3207 3555 3422 3622 quidem
3452 3569 3554 3604 non
3589 3558 3704 3602 erat
3763 3547 4006 3599 indecens

701 3651 984 3700 recensere,
1018 3645 1073 3689 ut
1101 3637 1190 3705 qui
1223 3637 1359 3691 alios
1395 3638 1506 3692 dies
1537 3638 1727 3707 festos.
1761 3657 1919 3710 quam
1952 3644 2046 3712 qni
2083 3659 2114 3695 a
2145 3643 2294 3697 nobis
2320 3647 2510 3714 recepti
2531 3645 2659 3706 sint.
2695 3647 3008 3700 constituat.
3048 3644 3221 3700 Nobis
3254 3660 3374 3698 vero
3407 3642 3460 3695 id
3483 3642 3702 3694 minime
3739 3655 3867 3706 opus
3890 3646 3964 3688 est
3993 3655 4009 3689 :

698 3741 815 3777 cum
847 3724 910 3776 de
942 3728 1020 3781 his
1046 3727 1099 3779 in
1126 3729 1414 3796 prwsentia
1447 3745 1619 3783 sermo
1650 3740 1922 3797 susceptus
1957 3749 2058 3786 non
2091 3733 2182 3793 sit.
2222 3744 2275 3788 et
2307 3734 2436 3788 alibi
2461 3736 2662 3804 saepius
2692 3736 2971 3790 hominem
3005 3736 3242 3789 latenter
3263 3733 3477 3802 carpit;
3518 3747 3586 3783 an
3626 3729 3844 3789 merito,
3865 3726 4008 3792 jndi.

699 3825 826 3872 cent
857 3817 969 3872 alii.
1004 3817 1115 3889 Ego
1147 3819 1378 3874 dixerim
1411 3821 1728 3876 Plctltoncm
1762 3822 2102 3892 eloquentia,
2129 3823 2331 3894 ingenii
2363 3824 2641 3889 acumine,
2676 3834 2729 3878 et
2754 3824 3065 3894 disciplinis
3094 3823 3354 3877 omnibus
3416 3819 3762 3878 excelluissc,
3793 3827 3843 3870 et
3873 3815 4008 3868 assi-

700 3914 806 3968 dua
836 3915 1168 3983 seiiptorum
1208 3916 1442 3973 lectione
1471 3918 1869 3984 supellectilem
1903 3919 2008 3974 sibi
2038 3921 2290 3987 intutam,
2336 3936 2402 3976 ac
2447 3930 2655 3975 tantam
2712 3933 3065 3988 comparasse
3119 3935 3134 3971 :
3206 3917 3337 3971 hinc
3385 3913 3646 3969 emendis
3708 3926 3738 3965 c
3786 3909 4011 3964 latebris

703 4004 1187 4074 philosophorum,
1218 4015 1270 4061 et
1301 4008 1711 4062 Platonicorum
1745 4009 2096 4078 petissimum
2123 4013 2430 4073 sententiis,
2460 4012 2636 4081 iisque
2660 4007 3185 4078 scriptotradendis.
3213 4007 3336 4078 plus
3366 4022 3528 4076 quam
3557 4021 3652 4071 par
3672 4009 3813 4062 erat,
3837 4010 4010 4053 male-

699 4096 794 4149 ria:
825 4097 1104 4150 addictum
1131 4098 1376 4152 animum
1411 4098 1739 4162 sdvertissc.
1772 4110 1827 4154 et
1861 4100 2044 4154 studio
2084 4102 2350 4171 pertinaci
2386 4109 2578 4155 contra
2619 4099 2982 4154 sentientium
3017 4098 3309 4169 opiniones
3349 4098 3514 4151 dente
3543 4098 3708 4148 etiam
3747 4094 4010 4146 maledico

702 4184 1008 4249 vellicasse,
1057 4202 1190 4248 non,
1241 4196 1298 4240 ut
1329 4201 1522 4241 eorum
1559 4203 1725 4258 prava
1755 4189 2016 4257 dogmata
2050 4191 2117 4244 de
2144 4206 2306 4255 novo,
2344 4204 2466 4256 qua:
2500 4188 2658 4243 docte
2696 4188 2814 4256 ipse
2845 4185 3068 4251 refellit,
3107 4186 3159 4240 in
3196 4185 3488 4239 hominum
3549 4185 3765 4237 animos
3816 4197 3912 4250 per
3953 4197 4012 4234 se

702 4274 865 4328 intixa
906 4285 1251 4346 proi-Ogaret,
1286 4277 1381 4332 sed
1417 4287 1473 4331 ut
1502 4293 1569 4332 ex
1627 4288 1737 4332 tam
1769 4290 1920 4334 vasto
1967 4294 2032 4333 ac
2069 4279 2415 4349 lacrymabili
2465 4276 2754 4345 naufragio
2801 4276 3018 4342 tabulas
3067 4276 3342 4330 discissas
3399 4288 3463 4325 ac.
3515 4287 3681 4342 vagas
3740 4273 3793 4325 in
3843 4286 4009 4323 unum

698 4365 868 4419 \eluti
901 4377 1119 4434 portum
1154 4381 1325 4422 sanas
1352 4377 1519 4436 atque
1552 4367 1861 4422 incolumes
1915 4367 2260 4437 recolligeret
2295 4384 2311 4435 ;
2339 4369 2575 4438 indeque
2609 4367 2876 4434 maiestas
2908 4365 3236 4420 christianre.
3264 4365 3577 4434 religionis,
3612 4377 3675 4417 ac
3709 4363 3911 4414 veritas
3931 4361 4011 4412 di-

699 4455 940 4512 lucidior
1000 4466 1313 4526 appareret,
1344 4457 1492 4528 quod
1524 4471 1577 4514 et
1610 4457 1965 4512 sanctissima
2007 4469 2210 4512 nostra:
2241 4457 2526 4528 religionis
2555 4456 2732 4526 capita
2768 4467 2895 4510 ante
2947 4465 3001 4509 et
3037 4463 3162 4524 post
3205 4453 3551 4518 Plethoncm,
3603 4467 3709 4507 non
3764 4461 4007 4506 contem-

2411 4675 2574 4723 quem
2599 4660 2675 4714 ait
2696 4659 2874 4714 Allatii
2895 4660 3162 4715 benelicio
3191 4659 3244 4713 in
3266 4658 3439 4711 lucem
3463 4657 3828 4728 proditurum,
3863 4653 4004 4724 quod

769 4664 841 4729 (b)
871 4663 1002 4718 Post
1033 4671 1216 4718 anetot
1235 4663 1278 4713 is
1299 4671 1530 4716 mortem
1548 4646 1693 4716 enim
1719 4659 2298 4715 exhibitosGennadio

2412 4732 2555 4785 haud
2595 4731 2796 4785 factum
2829 4741 2937 4785 est.
2972 4729 3060 4798 [V.
3092 4733 3160 4785 ad
3195 4749 3251 4785 n.
3283 4728 3397 4796 19.]

693 4738 852 4790 ιῖιιυι.
883 4753 912 4790 a
947 4734 1225 4790 Demetrio
1253 4734 1580 4798 l'al;uol0go,
1618 4749 1681 4786 ac
1701 4749 1796 4798 per
1823 4747 2115 4786 censuram
2145 4731 2295 4788 (ien-

697 4808 840 4860 eadii
863 4809 1185 4862 combustos
1206 4815 1434 4859 tesmtur
1456 4803 1721 4858 Gennadii
1751 4803 2002 4873 epistola,
2036 4802 2101 4856 ad
2122 4801 2296 4858 Joan-

693 4897 816 4932 nem
874 4878 1176 4932 exarchum
1229 4888 1278 4931 et
1319 4878 1578 4946 anonymi
1633 4875 1804 4946 Graeci
1857 4876 2122 4943 serip'um
2151 4874 2296 4943 apud

695 4951 1054 5006 l.amleeium
1092 4946 1201 5010 \lll,
1249 4963 1306 5015 p.
1341 4945 1553 5006 £75.11
1579 4961 1702 5000 noxa
1727 4945 2009 5000 Barberini
2054 4946 2290 5011 codicis,

694 5039 858 5092 quem
890 5020 1126 5076 Allatius
1156 5026 1428 5092 memorat
1472 5016 1609 5092 inlra
1650 5033 1701 5086 p.
1747 5019 1872 5083 591,
1911 5019 2000 5070 ubt
2039 5032 2135 5071 sex
2166 5026 2288 5092 tim:

691 5087 807 5146 tum
837 5095 1015 5162 capita
1059 5090 1179 5144 litri
1209 5090 1370 5158 primi
1408 5090 1460 5142 in
1501 5090 1595 5162 illo
1620 5097 2114 5162 supe_ress-e._r_to_tat.
2178 5087 2284 5162 Sed

692 5169 743 5218 in
778 5157 969 5220 Codice
1007 5157 1261 5218 Cresarco
1304 5162 1447 5229 apud
1511 5160 1885 5222 Lambctium,
1921 5157 2036 5219 VII.
2079 5174 2131 5228 p.
2187 5159 2279 5211 ΠΙ

692 5237 766 5307 [ρ.
801 5237 909 5291 562
970 5252 1094 5304 sqq.
1135 5231 1305 5307 Koll.]
1356 5243 1654 5307 supersunt
1695 5232 1873 5307 capita
1910 5231 2120 5292 decem,
2158 5246 2284 5307 cum

690 5302 872 5363 inlice
901 5302 1144 5377 Cupitum
1185 5302 1306 5377 libri
1331 5303 1782 5377 tertii_omnium,
1810 5303 1914 5356 hoc
1931 5312 2013 5355 est
2052 5317 2081 5355 a
2107 5302 2286 5368 capite

690 5382 756 5434 :29
780 5374 984 5438 ,totins'
1015 5382 1198 5446 Opt‘l'lS
1227 5376 1293 5430 ad
1328 5374 1417 5430 4'5.
1467 5375 1723 5446 Ejusdem
1753 5377 1934 5446 (ψει-ιδ
1967 5382 2131 5446 caput
2161 5387 2287 5426 sex-

690 5465 804 5505 tum
822 5463 901 5505 t'Sl
933 5443 1176 5505 Cabrieli
1221 5447 1485 5507 Naud-u-o,
1518 5462 1641 5513 pag.
1672 5443 1797 5506 160.
1847 5443 2101 5498 Pentadis
2137 5459 2285 5512 qud!-

690 5527 849 5578 stion.
874 5517 1470 5588 iatrﬂlologicarﬂ.
1497 5520 1695 5572 delato
1721 5518 1868 5571 fatali
1891 5517 2011 5569 vitae
2043 5517 2280 5570 termino

691 5613 810 5666 pag.
875 5589 1396 5666 lblfiucumratus
1462 5589 1745 5666 [fle-tholus
1807 5595 2085 5666 tractatus
2149 5590 2283 5666 inira

689 5657 955 5723 iirEvitate
986 5657 1444 5732 eircutnscriptus
1475 5662 1613 5729 Περὶ
1637 5661 2014 5731 εἱμαρμένης,
2050 5657 2124 5712 De
2147 5660 2288 5727 lata,

2485 4803 2622 4869 (c-d)
2661 4802 2940 4856 Laudatus
2970 4795 3232 4858 Boivinus
3265 4818 3330 4856 ex
3366 4799 3632 4855 Gcnnadii
3668 4797 3904 4866 Epistula
3939 4795 4003 4869 ad

2409 4867 2680 4928 Joannem
2714 4874 3014 4928 exarcbum
3053 4883 3234 4943 negat,
3273 4873 3442 4927 libros
3470 4873 3570 4926 hos
3603 4872 3670 4924 ab
3718 4870 3836 4939 ipso
3895 4867 4006 4943 vnl-

2406 4956 2566 5013 gatos
2599 4943 2866 4998 Plethone
2894 4945 3073 4998 adhuc
3096 4937 3418 5012 superstite,
3450 4943 3542 4997 sed
3579 4937 3801 5013 pressos
3819 4937 4003 5013 potius

2401 5009 2456 5068 et
2496 5016 2638 5070 clam
2675 5017 2918 5077 habitos,
2951 5015 3127 5068 donec
3158 5009 3280 5083 post
3306 5015 3483 5083 ipsius
3514 5012 3724 5083 obitum
3756 5025 3784 5064 a
3819 5009 4005 5083 Deinc-

2404 5095 2441 5138 Ιι
2461 5089 2512 5148 io
2543 5086 2852 5156 Palaeologo
2881 5087 3108 5156 despota
3144 5081 4000 5156 proderentur.criminationem

2401 5169 2584 5212 tamen
2614 5159 2683 5212 de
2716 5154 2855 5211 mala
2883 5154 3169 5213 Plethonis
3199 5158 3464 5211 adversus
3492 5154 3860 5210 Christianam
3920 5166 4004 5201 re.-

2400 5229 2658 5300 Iigioncm
2701 5229 3008 5284 intentione
3039 5243 3151 5300 non
3184 5237 3341 5295 putat
3368 5227 3725 5300 fundamento
3747 5233 3841 5276 aut
3868 5221 4003 5300 vlui-

2399 5291 2509 5354 ta'tc
2545 5299 2895 5364 destitutam,
2925 5302 2997 5354 ita
3033 5309 3091 5353 ut
3124 5291 3378 5354 Bessario
3405 5312 3644 5367 quoque,
3694 5295 3824 5350 licet
3885 5291 4001 5367 Plef

2399 5374 2626 5427 thonetn
2660 5363 2977 5440 magistrum
3015 5386 3176 5426 suum
3210 5363 3652 5435 coleret'alioqui
3705 5375 3759 5420 et
3825 5363 4001 5440 magni

2402 5444 2636 5505 laceret,
2671 5437 2852 5498 tanien
2887 5442 3128 5496 noluerit
3166 5443 3216 5493 in
3248 5457 3415 5511 opere
3480 5441 3744 5511 adversus
3795 5437 3999 5511 caluiti-

2402 5518 2670 5569 niatorem
2698 5514 2942 5571 Platonis
2965 5515 3046 5569 vel
3075 5505 3361 5570 verbuhim
3389 5528 3490 5584 pro
3515 5509 3861 5576 defendendo
3887 5505 3998 5560 Ple-

2403 5589 2569 5642 thonc
2602 5586 2807 5642 facere.

746 5889 769 5910 θ
799 5886 871 5934 ne
911 5885 1060 5940 huius
1091 5878 1206 5928 libri
1231 5875 1345 5926 ratis
1371 5877 1484 5926 vide
1519 5889 1669 5938 supra
1699 5871 1950 5940 Gennadii
1989 5873 2252 5938 epistolam
2279 5871 2338 5922 ad
2374 5868 2650 5934 Josepbum
2684 5867 2982 5920 cxarcbum.
3014 5866 3318 5931 Fragmenta
3353 5878 3464 5930 quae
3490 5865 3759 5927 supersunt
3803 5855 4005 5910 Parisiis

686 5953 842 6004 edidit
868 5938 1000 6000 anno
1028 5945 1144 5998 l858
1169 5942 1228 5993 ν.
1258 5941 1309 5995 Cl
1361 5941 1667 5998 Alexander,
1704 5938 1843 5989 linis.
