4494 6458
791 404 897 466 807

794 630 887 666 σαι
923 614 978 665 δὲ
1011 613 1253 681 μηδόλως
1302 613 1619 682 δυνάμῑνος.
1671 614 1994 682 Ἐπέρχεται
2028 613 2136 680 γάρ
2171 631 2270 681 μου
2313 614 2378 683 τῇ

796 708 985 775 μνήμῃ
1013 706 1073 756 τὸ
1109 705 1301 767 πάθος,
1337 707 1427 756 καί
1463 722 1563 773 μου
1596 706 1688 756 τον
1735 705 1859 756 νοῦν
1900 703 2236 780 κατακλύζει
2267 705 2380 766 τοῖς

793 797 1026 865 κύμασι,
1075 795 1329 862 καθάπερ
1380 798 1428 848 εἰ
1485 795 1643 864 δεινῷ
1677 795 1907 863 χειμῶνι
1965 796 2060 847 καὶ
2110 795 2381 864 τρικυμία

796 887 1236 956 περιπεπτωκὼς
1281 887 1488 956 ἔτυχον.
1528 887 1774 955 Ὅμηρος
1832 888 1927 955 μὲν
1983 887 2076 941 οῦν
2127 887 2224 956 τὴν
2265 886 2382 955 ἔριν

793 977 856 1027 ἐκ
897 975 1096 1046 μικροῦ
1152 977 1369 1045 πρῶτον
1407 977 1796 1044 ἀπερχομένην
1848 980 2012 1042 ποιεῖ,
2047 976 2168 1029 κατ’
2201 977 2380 1044 ὀλίγον

791 1069 848 1120 δὲ
908 1069 1321 1137 προχωροῦσαν,
1372 1069 1452 1127 εἰς
1501 1069 1728 1136 οὐρανὸν
1779 1069 2100 1138 ἐστηρίχθαι
2137 1070 2233 1122 καὶ
2288 1071 2381 1122 ἐπὶ

793 1159 946 1226 χθονὶ
988 1157 1276 1226 βαίνουσαν
1327 1153 1489 1209 εἶναι’
1527 1158 1698 1226 κάμοὶ
1728 1157 1772 1208 δ’
1818 1157 1964 1226 αύτῷ
1996 1158 2380 1228 παραπλήσιόν

793 1267 844 1302 τι
886 1248 1082 1317 συνέῦη
1129 1251 1346 1302 παθεῖν.
1394 1249 1596 1316 Φλογδς
1653 1249 1810 1318 δίκην
1855 1250 1915 1302 τὸ
1951 1250 2119 1313 πάθος
2156 1249 2381 1317 ἐπαύξει

795 1359 896 1410 μου
928 1344 990 1411 τῇ
1021 1342 1191 1411 ψυχῇ,
1223 1343 1284 1394 οὐ
1322 1343 1586 1412 πρότερον
1621 1360 1676 1394 τε
1708 1343 1773 1395 ἂν
1817 1342 1996 1412 σταίη,
2045 1347 2173 1414 πρὶν
2208 1347 2270 1397 ἂν
2302 1346 2380 1407 είς

794 1435 1022 1503 οὐρα-νον
1076 1435 1229 1503 βαίη.
1298 1435 1531 1486 Τοιαῦτα
1584 1434 1682 1502 μὲν
1733 1434 1828 1487 οῦν
1883 1435 2044 1497 αὐτὸς
2112 1436 2376 1500 πέπονθα,

791 1527 1020 1598 τοιαύτῃ
1052 1526 1351 1594 κατέχομαί
1409 1542 1468 1592 γε
1529 1528 1592 1594 τῇ
1649 1529 1928 1596 συμφορᾷ.
1966 1522 2134 1594 Οἶμαι
2183 1527 2237 1580 δὲ
2286 1529 2380 1581 καὶ

794 1620 946 1687 ὑμῶν
1001 1617 1388 1686 περιγενέσθαι
1440 1621 1500 1669 τὸ
1553 1619 1728 1670 δεινὸν
1799 1620 2001 1680 παντὸς
2044 1621 2378 1674 οὑτινοσοῦν.

792 1710 926 1760 Τίνα
957 1708 1274 1776 τοιγαροῦν,
1318 1709 1438 1758 τίνα
1481 1709 1666 1775 φωνὴν
1712 1707 1999 1773 διωλύγιον
2026 1709 2156 1760 οἴσω
2189 1710 2382 1772 ἐξισω-

795 1799 965 1866 μένην
999 1797 1073 1867 τῷ
1099 1800 1258 1852 πάθει
1288 1816 1301 1862 ;
1330 1799 1393 1849 Ὢ
1427 1800 1716 1868 συμφορᾶς
1740 1799 2065 1868 ἀνηκέστου,
2099 1799 2142 1852 ῶ
2176 1801 2379 1870 ζημίας

1895 402 2345 464 IIIERONYMI
2390 397 2934 463 CIIARITONYMI

790 520 1103 590 λαῦυρίνθῳ
1136 519 1240 573 τινὶ
1299 524 1365 590 τῇ
1406 521 1663 590 συμφορᾷ
1695 521 2082 588 κατεχόμενος,
2113 519 2386 572 ἀναπνεῦ-
2414 526 2460 582 Α
2497 533 2655 586 τερος
2704 516 2783 584 τῷ
2816 511 3214 582 ὑπερϐάλλοντι
3259 511 3488 581 θατέρου
3564 509 3842 562 λέλειπται
3877 529 3886 540 ·

3979 393 4084 458 803

3966 511 4080 562 οδε

2497 606 2634 675 πρὸς
2667 605 2745 675 τῷ
2777 606 2960 657 πᾶσαν
3027 605 3220 672 σοφίαν
3253 604 3399 656 θείαν
3462 620 3521 654 τε
3582 603 3676 654 καὶ
3734 603 4083 671 ἀνθρωπίνην

2492 697 2777 767 ἐξητακὼς
2843 694 3003 760 εἶναι,
3063 697 3162 750 καὶ
3236 697 3466 766 γράφων
3525 696 3675 747 πόλλ’
3748 697 3886 747 ἄττα
3962 696 4081 764 ἐξῄ-

2489 790 2608 843 δετο
2645 831 2658 854 ,
2694 790 2790 841 καὶ
2839 787 3156 857 θαυμαστός
3208 804 3292 849 τις
3345 781 3414 856 ἦν
3465 785 3554 838 ἐπ’
3607 787 3795 855 ἄμφω.
3826 788 3920 848 Ὃς
3956 802 4078 837 παι-

2489 884 2608 938 διάν
2664 885 2721 937 τέ
2771 902 2893 938 τινα
2960 885 3060 954 τὴν
3103 883 3513 953 Ἀριστοτέλους
3555 881 3874 950 φιλοσοφίαν
3937 882 4080 950 ἀπή·

2489 974 2673 1044 λεγξε,
2740 977 2838 1042 τὴν
2892 976 3021 1045 πρὶν
3086 974 3178 1028 ὑπ’
3241 974 3399 1028 ἐνίων
3430 974 3504 1036 ὡς
3552 973 3700 1026 θείαν
3731 974 3855 1025 τινά
3884 972 4081 1041 ὑμνου-

2494 1073 2687 1142 μένην.
2738 1070 2902 1122 Ἀλλά
2961 1069 3023 1138 δὴ
3071 1071 3166 1121 καὶ
3201 1069 3250 1120 οί
3288 1067 3572 1137 κρείττους
3613 1067 3721 1119 τῶν
3771 1085 3832 1134 γε
3867 1065 3960 1117 νῦν
3993 1067 4079 1118 ὅν-

2490 1181 2598 1216 των
2635 1162 2724 1231 ὑφ’
2754 1161 2905 1231 ἥλιον
2958 1161 3161 1227 σοφῶν,
3216 1160 3348 1228 παρ’
3382 1157 3596 1219 οὐδενὸς
3634 1158 3795 1211 ἄλλου
3833 1157 3864 1228 ἢ
3923 1158 4076 1210 τοῦδε

2490 1251 2657 1306 αὑτοῦ
2689 1253 3051 1322 τυγχάνουσιν
3109 1251 3282 1312 ὄντες.
3343 1250 3463 1302 Τῶν
3504 1247 3634 1318 γοῦν
3685 1249 3824 1300 κατὰ
3861 1249 3956 1319 τὴν
4003 1251 4080 1301 0!-

2489 1345 2766 1414 κουμένην
2817 1346 3118 1410 φανέντων,
3155 1342 3338 1406 ἐξότου
3388 1343 3676 1408 γεγόνασιν
3711 1341 4010 1410 ἄνθρωποι.
4049 1344 4076 1393 6

2492 1435 2798 1505 θαυμάσιος
2830 1435 2986 1498 οὗτος
3021 1437 3321 1506 προΐστατο
3345 1452 3358 1467 ο
3393 1430 3467 1490 ὧν
3496 1436 3603 1488 τῶν
3640 1437 3741 1504 μὲν
3775 1437 3967 1501 σοφίαν
4017 1436 4073 1502 δῆ

2489 1545 2608 1580 τινα
2644 1527 2855 1598 ὑψηλὴν
2907 1528 3283 1598 κεκτημένων,
3322 1527 3598 1581 πολιτείαν
3650 1528 3706 1581 δὲ
3756 1528 3922 1596 ἀλλην
3954 1530 4075 1580 τινα

2493 1618 2620 1680 ῐσως
2650 1618 2809 1670 ἐνίων
2843 1619 3294 1686 ἐνδεικνυμένων,
3330 1622 3420 1673 καὶ
3477 1620 3585 1670 τῶν
3652 1621 3754 1687 μὲν
3813 1619 3941 1672 ἄλλο
3996 1636 4070 1679 τι,

2491 1704 2599 1755 τῶν
2645 1703 2700 1755 δὲ
2746 1703 2875 1756 άλλο
2923 1705 3030 1757 τῶν
3076 1708 3133 1757 ἐν
3189 1706 3366 1774 λόγοις
3401 1708 3874 1776 πεπαιδευμένων,
3908 1709 3985 1778 τῷ
4016 1710 4070 1761 δὲ

2490 1796 2597 1864 ἀρα
2649 1797 2709 1849 ού
2752 1798 2912 1866 μόνον
2967 1797 3256 1868 σύμφωνος
3307 1795 3375 1869 ἦν
3414 1803 3444 1867 ἡ
3481 1801 3644 1870 σοφία
3702 1805 3812 1862 τοῖς
3864 1800 4070 1869 ἔργοις.

793 1889 853 1941 οὐ
902 1889 1168 1957 φορητῆς,
1222 1891 1401 1942 πᾶσαν
1451 1889 1689 1959 νικώσης
1757 1890 2112 1959 παραμυθίας
2152 1891 2383 1962 ὑπερϐο-
2416 1890 2455 1945 Β
2486 1885 2620 1938 ἀλλὰ
2652 1887 2746 1938 καὶ
2780 1875 2877 1940 διᾶ
2916 1888 3134 1942 πάντων
3177 1885 3280 1960 ἧκε
3316 1890 3423 1942 τῶν
3457 1892 3556 1944 ὅσα
3583 1894 3665 1956 εἰς
3720 1891 3932 1960 λόγους,
3973 1895 4073 1946 ὅσα,

792 1981 912 2049 λήν.
961 1980 1067 2033 Φεῦ
1105 1984 1202 2048 τῆς
1255 1981 1443 2049 κοινῆς
1492 1982 1783 2052 ὀρφανίας.
1835 1982 1867 2051 ἢ
1925 1985 1984 2033 τὸ
2038 1983 2380 2048 ἀνθρώπινον

794 2075 1093 2141 κατείὶηφε
1123 2074 1302 2140 γένος.
1337 2074 1566 2141 Οίχεται
1593 2072 1687 2125 νῦν
1718 2072 1774 2125 τὺ
1809 2072 1987 2125 κοινὸν
2016 2073 2378 2143 φιλοτίμημα,

792 2171 850 2220 τὸ
885 2170 1263 2239 πολυτίμητον
1295 2171 1390 2221 καὶ
1425 2169 1726 2238 πολύζηλον
1755 2169 1851 2238 τῆς
1885 2169 2097 2236 φύσεως
2130 2169 2375 2238 ἄγαλμα,

792 2263 822 2328 ἡ
872 2264 1102 2330 μεγίστη
1162 2263 1255 2312 καὶ
1305 2262 1583 2330 θαυμασία
1645 2260 1738 2312 τοῦ
1811 2260 2002 2327 γένους
2075 2261 2376 2330 φιλοτιμία.

793 2355 994 2406 ωύκέτι
1049 2355 1234 2406 λοιπον
1289 2354 1637 2422 περιώνυμος
1693 2353 1937 2423 Σπάρτη,
1985 2355 2167 2406 ούκέτι
2205 2357 2380 2407 Λακε-

790 2448 998 2516 δαίμων
1030 2447 1326 2515 εὐδαίμων,
1366 2447 1549 2498 οὐκέτι
1604 2447 2008 2517 Πελοπόννησος
2042 2447 2374 2516 ζηλουμένη,

793 2541 857 2592 Ὠ
889 2541 1124 2609 φρικτῆς
1158 2541 1374 2608 ἐκείνης
1428 2539 1663 2607 ἡμέρας,
1712 2540 1744 2608 ἣ
1783 2538 2037 2591 τοσοῦτον
2069 2540 2244 2591 ἐπεῖδε
2273 2540 2380 2592 δει-

790 2634 902 2687 νόν.
931 2635 1038 2685 Ποῦ
1073 2633 1166 2684 νῦν
1194 2633 1251 2684 το
1273 2636 1370 2701 τῆς
1403 2632 1570 2694 ὅντως
1609 2632 1797 2699 σοφίας
1829 2633 2055 2699 ἀπειρόν
2099 2633 2330 2700 πέλαγος
2361 2651 2375 2698 ;

793 2725 900 2777 Ποῦ
933 2727 1151 2788 κάλλος,
1186 2727 1277 2776 καὶ
1309 2724 1564 2793 μέγεθος,
1597 2725 1688 2776 καὶ
1716 2729 1744 2794 ἡ
1774 2725 1914 2795 ὑπὲρ
1946 2724 2236 2794 ἄνθρωπον
2271 2727 2377 2778 τῶν

789 2818 964 2885 λόγων
1026 2819 1177 2886 ἰσχῦς
1238 2820 1327 2870 καὶ
1405 2817 1774 2886 λαμπρότης;
1838 2816 2140 2882 Σεσύληται
2201 2816 2297 2869 νῦν
2350 2819 2377 2870 6

787 2911 967 2972 κοινὸς
1007 2910 1301 2978 θησαυρός.
1342 2909 1642 2963 Ἐσϐεσται
1698 2910 1874 2976 λόγων
1915 2909 2163 2978 δύναμις,
2219 2911 2377 2980 Οἴχε-

785 3018 898 3065 ται,
934 2998 1071 3066 φεῦί
1103 3001 1158 3065 ἐξ
1193 3002 1347 3068 ἡμῶν
1374 3001 1431 3052 τὸ
1467 3005 1688 3053 πάντων
1719 3001 1828 3052 τῶν
1857 3001 2037 3052 καλῶν
2067 3002 2376 3065 κάλλιστον,

786 3092 1081 3159 ὴλαμπρὰ
1137 3092 1229 3143 τοῦ
1279 3094 1474 3159 γένους
1542 3093 1882 3161 εὐδαιμονία,
1933 3095 1960 3145 6
2015 3093 2115 3161 τῆς
2163 3095 2376 3164 ὑψηλῆς

787 3185 978 3251 σοφίας
1030 3183 1390 3252 καθηγεμὼν,
1453 3187 1478 3235 6
1530 3186 1635 3240 τῶν
1692 3185 1867 3252 λόγων
1924 3186 2127 3254 πατὴρ,
2185 3188 2218 3255 ή
2264 3187 2374 3238 τῶν

785 3275 997 3344 ἀρετῶν
1027 3276 1289 3344 κορωνὶς,
1325 3276 1385 3328 τὸ
1432 3277 1609 3329 κοινὸν
1647 3277 1907 3329 ἁπάντων
1951 3279 2278 3347 ἐντρύφημά
2313 3297 2370 3332 τε

784 3370 877 3421 καὶ
913 3369 1201 3437 καύχημα,
1247 3370 1274 3420 6
1311 3368 1417 3422 τῶν
1466 3370 1799 3439 ἀπορρήτων
1845 3372 1940 3421 καὶ
1971 3371 2130 3422 θείων
2163 3388 2371 3438 μυστα-

787 3463 987 3529 γωγός.
1022 3460 1115 3530 Τῷ
1148 3463 1255 3531 γὰρ
1281 3461 1398 3514 ὄντι
1424 3461 1576 3524 θείας
1607 3457 1761 3523 οὗτος
1797 3464 1888 3514 ἐπὶ
1920 3462 2023 3531 γῆς
2058 3463 2213 3532 έλαχε
2256 3464 2374 3533 μοί-

783 3569 882 3621 ρας
915 3551 989 3620 τῷ
1020 3552 1198 3604 πάντα
1226 3553 1452 3604 εἰδέναι*
1488 3553 1588 3606 κάν
1619 3570 1698 3615 τις
1723 3553 1818 3604 καὶ
1859 3554 1955 3617 τῆς
1991 3555 2368 3624 προσηγορίας

781 3645 1000 3714 ἐκείνης
1037 3645 1200 3696 αὑτὸν
1247 3643 1560 3709 ἀξιώσειεν,
1589 3646 1689 3697 οὐκ
1734 3646 1820 3706 ἂν,
1857 3640 2031 3713 οἶμαι,
2062 3646 2154 3700 τοῦ
2198 3657 2370 3718 προσ-

781 3742 1005 3804 ηκοντος
1031 3739 1384 3789 ἀποπέσειεν.
1423 3738 1566 3790 ’Όσα
1615 3755 1672 3789 τε
1707 3739 1813 3807 γὰρ
1858 3739 2068 3790 ἐκεῖθεν
2113 3739 2371 3810 παρήχθη

782 3829 902 3881 θεῖά
932 3846 988 3880 τε
1021 3829 1115 3882 καὶ
1147 3829 1490 3899 ἀνθρώπινα,
1529 3832 1621 3882 καὶ
1654 3831 1755 3883 ὅσα
1797 3833 1875 3892 είς
1909 3831 2110 3898 βουλὴν
2142 3833 2237 3884 καὶ
2272 3834 2371 3884 ὅσα

778 3925 855 3982 είς
886 3921 1086 3992 πρᾶξιν
1129 3921 1278 3989 ἥκει,
1313 3923 1412 3972 ὅσα
1472 3940 1529 3973 τε
1579 3925 1633 3974 έν
1689 3925 2106 3990 στρατιωτικοῖς
2141 3925 2239 3976 καὶ
2271 3925 2370 3976 ὅσα

779 4017 838 4066 ἐν
892 4015 1215 4077 πολιτικοῖς,
1251 4017 1502 4082 φυσικοῖς
1559 4031 1616 4065 τε
1670 4015 1765 4066 καὶ
1819 4017 2164 4082 πρακτικοῖς,
2214 4015 2369 4067 οῦδὲν

776 4099 931 4170 οὗτος
963 4109 1188 4176 ἠγνόει·
1234 4107 1415 4164 πάντα
1462 4107 1516 4159 δέ
1571 4107 1708 4178 ᾔδει,
1749 4108 1926 4160 πάντα
1949 4108 2366 4178 διηρευνήσατο,

778 4203 871 4251 καὶ
899 4201 1023 4262 τοὺς
1053 4201 1312 4253 ἁπάντων
1341 4199 1533 4267 λόγους
1562 4200 1854 4266 ἠπίστατο·
1891 4200 1984 4253 καὶ
2008 4202 2162 4253 οὐδὲν
2193 4200 2367 4266 οὕτως

776 4291 1110 4361 ἀπόρρητον,
1139 4291 1211 4352 ὡς
1251 4292 1326 4360 μὴ
1355 4290 1526 4358 σαφὲς
1552 4293 1895 4360 παραχρῆμα
1917 4291 2054 4361 τῷδε
2089 4294 2367 4359 γενέσθαι,

776 4385 855 4446 εἰς
885 4381 1008 4434 νοῦν
1051 4400 1196 4445 τινος
1236 4383 1373 4445 ὅλως
1406 4383 1581 4434 ἐλθόν.
1620 4383 1824 4434 Τούτου
1874 4384 1975 4453 τὴν
2025 4384 2215 4452 σοφίαν
2246 4385 2370 4436 ’Ἐλ-

773 4477 933 4547 ληνες
959 4476 1098 4546 ὁμοῦ
1132 4492 1190 4527 τε
1220 4476 1314 4528 καὶ
1362 4476 1633 4546 βάρϐαροι
1677 4475 1765 4527 διὰ
1795 4475 2075 4544 θαύματος
2106 4473 2264 4547 ἦγον,
2298 4481 2359 4532 ού

2485 1992 2542 2027 τε
2577 1977 2654 2039 είς
2689 1977 2944 2046 θεωρίαν,
2974 1982 3068 2030 κοιλ⁵
3103 1980 3203 2032 ὃσα
3234 1980 3313 2042 είς
3339 1981 3562 2048 πρᾶξιν,
3597 1983 3698 2033 ὃσα
3725 1997 3782 2032 τε
3826 1981 3902 2050 νῴ
3927 1983 4074 2049 μόνῳ

2484 2069 2688 2138 ληπτὰ,
2737 2072 2828 2122 καὶ
2859 2071 2957 2122 ὃσα
3010 2073 3068 2122 ἐν
3110 2072 3349 2141 ἁρμονίᾳ
3389 2075 3483 2124 καὶ
3517 2074 3759 2142 σχήμασι
3795 2077 3885 2122 καὶ
3920 2074 4072 2139 ἀριθ-

2491 2165 2614 2230 μοῖς
2674 2164 2768 2215 κα¹ι
2836 2166 2901 2232 τῇ
2955 2164 3064 2216 τῶν
3105 2166 3372 2234 οὐρανίων
3426 2168 3662 2236 περιόδῳ
3723 2167 4067 2234 γνωρίζεται.

2484 2252 2696 2305 Οὐκοῦν
2765 2255 3012 2306 ἐλείπετο
3061 2256 3293 2321 οὐδενὸς,
3352 2259 3452 2309 ὅσα
3518 2259 3656 2327 προς
3706 2259 3911 2326 ἀκριϐῆ
3965 2259 4072 2310 τῶν

2482 2345 2652 2398 ὄντων
2703 2347 3014 2416 κατάληψιν
3050 2343 3137 2419 ἦν.
3177 2346 3305 2418 'Ap'
3338 2348 3431 2402 οὖν
3458 2351 3630 2403 ταῦτά
3679 2367 3739 2414 γε
3797 2355 3932 2419 μόνα
3978 2350 4069 2404 τοῦ

2483 2437 2672 2507 ἀνδρὸς
2710 2439 2926 2508 ἔχοιμεν
2976 2439 3044 2493 ἂν
3075 2441 3357 2510 θαυμάσαι
3387 2460 3399 2508 ;
3450 2444 3666 2494 Πολλῶν
3705 2443 3853 2510 μέντ’
3885 2443 3952 2495 ἂν
3979 2445 4070 2495 καὶ

2487 2532 2738 2600 μεγάλων
2771 2533 3171 2602 άποστεροῖμεν
3206 2535 3388 2587 αὐτόν.
3427 2538 3531 2587 Καὶ
3568 2537 3674 2607 μὴν
3710 2538 4068 2608 σωφροσύνην

2482 2625 2653 2687 οὕτως
2688 2625 3016 2695 ἐξήσκησεν,
3050 2627 3125 2688 ὡς
3161 2628 3349 2696 μηδενί
3396 2646 3474 2697 τῳ
3505 2629 3612 2681 τῶν
3642 2630 3822 2684 ἄλλων
3860 2631 4057 2702 ῥᾳδίως

2481 2717 2587 2768 τῶν
2639 2718 2927 2787 πρωτείων
2985 2722 3409 2789 παραχωρῆσαι.
3450 2723 3569 2772 Τῶν
3599 2724 3653 2774 δὲ
3692 2725 3769 2785 είς
3799 2725 4064 2793 εὐψυχίιν

2483 2809 2764 2878 φερόντων
2813 2810 2958 2872 τίνος
2995 2812 3286 2876 ἐλείπετο;
3349 2815 3442 2874 Ὃς
3497 2816 3616 2866 οῦδὲ
3672 2817 3900 2884 ἥττηταί
3938 2811 4104 2868 ποτε

2483 2902 2617 2970 παρ’
2643 2902 2858 2965 οὐδενος
2894 2902 3002 2955 τῶν
3045 2905 3102 2955 ἐν
3147 2905 3224 2971 τῷ
3270 2905 3394 2975 βίῳ,
3427 2907 3486 2957 ού
3521 2907 3677 2976 δόξης
3730 2910 3944 2979 ἠράσθη
3978 2927 4068 2960 κε-

2481 2992 2597 3059 νῆς,
2640 2993 2701 3045 οὐ
2746 2992 2978 3045 πλοῦτον
3029 2993 3326 3062 ἐζήλωσεν,
3359 2997 3458 3047 οῦκ
3491 2997 3618 3050 ἀλλο
3658 3016 3707 3049 τι
3745 2999 3852 3048 τῶν
3894 3001 4067 3050 τοιού-

2478 3102 2584 3135 των
2636 3086 2968 3149 ἁπέὸλεπεν,
3016 3086 3132 3139 ἀλλ’
3163 3087 3238 3150 ὡς
3278 3088 3430 3141 οὐδὲν
3496 3091 3562 3140 τὰ
3606 3091 3786 3142 πάντα
3823 3093 4060 3159 ἐνόμιζε.

2482 3178 2588 3230 Καὶ
2622 3177 2726 3246 μὴν
2781 3181 2876 3231 καὶ
2932 3179 3256 3249 δικαιοσύνη
3288 3181 3512 3252 τοιαύτη
3558 3201 3640 3244 τις
3674 3179 3742 3253 ἦν
3773 3185 3849 3252 τῷ
3883 3186 4062 3252 ἀνδρὶ,

2479 3271 2553 3330 ὡς
2582 3269 2746 3337 λῆρον
2775 3266 2916 3322 εἶναι
2965 3271 3120 3323 Μίνω
3156 3273 3365 3325 ἐκεῖνον
3403 3277 3495 3326 καὶ
3537 3274 3912 3343 Ῥαδάμανθυν
3938 3279 4063 3330 τού-

2478 3379 2555 3424 τῳ
2590 3361 3139 3429 παραϐαλλομένους.
3199 3364 3411 3417 Οὔκουν
3445 3367 3685 3434 ἠχθέσθη
3713 3369 3844 3435 γοῦν
3887 3371 4062 3433 οὐδεὶς

2478 3451 2701 3504 πώποτέ
2738 3469 2786 3504 τι
2819 3453 2928 3504 τῶν
2957 3453 3146 3523 ἐκείνῳ
3195 3455 3520 3519 δοκούντων,
3550 3458 3664 3508 ἀλλ’
3708 3460 3781 3521 ὡς
3815 3459 3932 3512 θεία
3958 3463 4066 3528 φῆ-

2477 3561 2575 3611 φος
2605 3547 2664 3596 τὸ
2693 3545 2869 3614 τούτῳ
2899 3545 3053 3610 δόξαν
3084 3542 3171 3616 ἦν.
3209 3549 3536 3618 Στέργοντες
3569 3551 3612 3601 δ’
3643 3550 3734 3602 οῦν
3771 3554 3939 3622 ἄμφω
3970 3555 4063 3606 ιαὶ

2477 3635 2910 3702 προσκυνοῦντες
2941 3639 3054 3689 ὅτε
3085 3638 3336 3707 ἡττηθεὶς
3386 3642 3476 3691 καὶ
3531 3643 3558 3693 6
3607 3647 3837 3710 νικήσας
3892 3646 4064 3716 ἀπῄε-

2479 3745 2599 3790 σαν,
2633 3730 2725 3780 καί
2769 3747 2852 3782 τοι
2885 3731 2958 3800 μὴ
2995 3731 3142 3784 οὕτω
3192 3734 3500 3801 πεφυκότος
3532 3740 3645 3798 τοῖς
3699 3739 3878 3801 ἀλλοις
3926 3759 4062 3810 συμ-

2477 3822 2710 3874 ϐαίνειν-ι
2756 3825 2852 3875 καὶ
2884 3823 3030 3876 τοῦτ’
3059 3827 3306 3889 εἰκότως,
3347 3826 3519 3894 οἶμαι.
3555 3831 3728 3892 Μόνος
3768 3834 3873 3897 γάρ
3908 3834 4059 3894 οῦιος

2477 3915 2506 3983 ἢ
2539 3915 2736 3984 κομιδῆ
2774 3919 2870 3968 σῦν
2907 3917 3109 3984 ὀλίγοις
3157 3922 3438 3990 ἀκραιφνῆ
3473 3925 3535 3992 τῇ
3573 3923 3679 3974 τῶν
3731 3925 3910 3994 νόμων
3942 3921 4057 3994 εἶχε

2477 4009 2782 4076 κατάληψιν
2807 4049 2820 4072 ,
2871 4010 3212 4081 ἐξηκρίὸωσέ
3246 4032 3329 4078 τε,
3361 4017 3520 4085 εἴπερ
3567 4034 3670 4082 τις,
3707 4035 3741 4070 α
3787 4039 3901 4079 τους
3940 4040 4060 4090 αρι-

2478 4113 2599 4150 στα.
2659 4099 2820 4150 Ἐπεὶ
2869 4105 2963 4153 και
3003 4103 3054 4153 εἴ
3085 4104 3147 4170 γέ
3179 4122 3309 4156 ποτε
3347 4108 3643 4161 ἀπολέσθαι
3675 4113 3900 4175 τοᾶτιυς
3932 4131 4058 4166 συν-

2475 4190 2597 4258 έόη,
2632 4191 3029 4264 ἀκριϐέστερον
3061 4195 3129 4248 ἂν
3160 4190 3317 4261 οὗτος
3346 4199 3561 4263 ἐξέθετο
3591 4204 3829 4267 Σόλωνος
3859 4213 4058 4272 παντὸς

2472 4282 2568 4334 καὶ
2602 4283 2947 4355 Λυκούργου.
2989 4288 3246 4353 Τοιοῦτος
3285 4295 3386 4362 μὲν
3438 4290 3534 4350 οὖν
3584 4301 3678 4351 καὶ
3708 4301 4059 4374 δικαιοσύνης

2473 4375 2654 4430 κανὼν
2701 4373 2789 4446 ἦν·
2832 4381 2931 4434 καὶ
2976 4381 3034 4433 οὐ
3087 4382 3261 4451 λόγων
3317 4385 3491 4442 ταῦτα
3552 4392 3753 4460 μᾶλλον
3805 4398 3962 4469 χάρις
4024 4402 4056 4472 ἢ

2473 4471 2820 4540 πραγμάτων
2857 4473 3108 4542 ἀλήθεια.
3171 4478 3334 4532 Ἀλλά
3393 4482 3499 4552 μὴν
3528 4487 3620 4537 καὶ
3645 4489 3927 4560 φρόνησιν,
3960 4471 4058 4565 τὴν

775 4572 982 4625 καθένα
1008 4589 1068 4624 τε
1097 4573 1191 4624 καὶ
1218 4572 1311 4624 δύο
1339 4573 1434 4623 καὶ
1470 4571 1707 4636 πλείους,
1737 4571 1851 4622 άλλ*
1878 4573 2064 4640 ἡλικία
2095 4576 2245 4627 πᾶσα
2271 4575 2363 4628 καί
2398 4581 2442 4636 ῐ)
2476 4564 2707 4636 πρώτην
2756 4568 2850 4618 καὶ
2884 4569 3228 4639 τελεωτάτην
3259 4573 3368 4627 τῶν
3399 4575 3631 4644 ἀρετῶν.
3668 4582 3749 4643 τίς
3781 4584 3855 4647 ὼς
3902 4588 4055 4652 οὗτος

776 4665 931 4726 πόλις
959 4667 1055 4718 καὶ
1103 4666 1258 4731 γένος
1289 4663 1386 4716 καὶ
1428 4661 1622 4730 φύσις·
1684 4663 1891 4716 τούτων
1936 4663 1989 4716 δὲ
2047 4664 2286 4732 μάλιστα
2315 4668 2364 4720 οι

774 4757 910 4825 πρὸς
947 4756 1188 4824 ἑσπέραν
1219 4755 1520 4816 οἰκοῦντες,
1565 4764 1658 4805 και
1693 4757 1792 4823 τῆς
1818 4753 1913 4808 τοῦ
1950 4756 2141 4826 ἀνδρὸς
2172 4759 2365 4825 σοφίαν

778 4849 980 4910 ἱκανῶς
1030 4847 1415 4917 πειραθέντες.
1454 4848 1726 4914 Συλλογου
1783 4866 1840 4900 τε
1881 4850 1989 4921 γὰρ
2022 4853 2201 4903 ἐκεῖσε
2230 4858 2362 4904 θαυ-

780 4940 993 5012 μαστοῦ
1028 4942 1316 5008 γεγονότος
1351 4941 1562 5010 ἀνδρῶν
1607 4941 1788 5010 σοφῶν
1821 4960 1876 4994 τε
1911 4945 2008 4996 καὶ
2040 4945 2362 5013 ἐλλογίμων,

777 5034 1041 5105 μεγίστου
1068 5053 1125 5086 τε
1157 5034 1368 5101 ἀγῶνος
1403 5035 1579 5101 λόγων
1616 5038 1982 5105 προκειμένου
2011 5041 2100 5090 ἐπὶ
2137 5039 2362 5110 ζητήσει

773 5126 914 5195 τάχα
952 5126 1060 5178 τῶν
1092 5127 1190 5195 τῆς
1234 5126 1558 5194 Ἐκκλησίας
1605 5127 1917 5196 δογμάτων,
1949 5130 2002 5182 τί
2051 5148 2132 5193 τις
2184 5132 2250 5185 ἂν
2290 5135 2364 5187 εί-

775 5233 889 5280 ποι,
922 5217 1070 5280 ὅπως
1117 5217 1208 5269 τὸν
1255 5218 1424 5288 ἄνδρα
1460 5219 1737 5288 ἠγάσαντο
1795 5223 1892 5291 τῆς
1938 5241 1995 5275 τε
2043 5226 2231 5292 σοφίας
2271 5228 2363 5279 καὶ

773 5309 980 5379 ἀρετῆς
1011 5313 1107 5362 καὶ
1138 5307 1204 5382 ἦς
1235 5306 1384 5380 εἶχεν
1416 5314 1474 5365 ἐν
1507 5313 1693 5380 λόγοις
1730 5314 2048 5384 δυνάμεως;
2087 5319 2180 5382 Ὃς
2209 5308 2360 5386 ἡλίου

773 5399 1153 5470 λαμπρότερον
1212 5403 1270 5454 ἐν
1333 5402 1488 5469 σφίσι
1537 5403 1802 5473 διέλαμψε
1830 5421 1843 5434 ·
1881 5409 2059 5461 κοινὸν
2093 5411 2136 5462 δ’
2171 5414 2218 5464 οἱ
2265 5415 2360 5482 μὲν

772 5491 1117 5557 διδάσκαλον,
1188 5494 1368 5545 κοινὸν
1425 5493 1535 5547 τῶν
1589 5495 1797 5565 ἀνδρῶν
1849 5497 2187 5569 εὐεργέτην,
2248 5521 2360 5556 x0:-

774 5581 864 5634 νδν
906 5583 1004 5649 τῆς
1038 5583 1256 5651 φύσεως
1309 5586 1677 5656 φιλοτίμημα,
1712 5587 1904 5642 τοῦτον
1935 5590 2118 5659 ἠξίουν
2146 5611 2158 5623 ·
2217 5596 2360 5650 Πλάα

771 5691 916 5727 τωνα
963 5676 1008 5728 6‘
1039 5678 1087 5728 οί
1121 5677 1176 5730 δὲ
1210 5679 1300 5730 καὶ
1336 5679 1638 5748 Σωκράτην
1690 5679 1996 5749 ὠνόμαζον.
2057 5685 2192 5739 Οὐδὲ
2253 5691 2360 5758 γάρ

773 5767 1021 5820 ἐλείπετό
1078 5786 1176 5830 τι,
1255 5771 1331 5833 ῶς
1380 5772 1582 5834 πάντες
1629 5772 1694 5824 ἂν
1729 5775 1926 5842 φαῖεν,
1976 5779 2074 5845 τῆς
2137 5779 2359 5834 ἐκείνων

775 5859 986 5932 σοφίας.
1021 5859 1148 5915 Τοῖν
1185 5862 1284 5935 μὲν
1314 5863 1422 5934 γάρ
1485 5865 1699 5936 ἀνδροῖν
1747 5866 1954 5923 τούτοιν
2001 5870 2205 5943 ἀμφοῖν
2262 5874 2357 5931 θεὶς

2469 4658 2778 4729 ἐξήσκησεν
2807 4676 2822 4725 ;
2857 4661 2959 4724 Ὃς
2996 4678 3058 4730 γε
3089 4665 3184 4716 καὶ
3213 4665 3280 4717 τά
3330 4668 3501 4737 μήπω
3537 4678 3799 4740 γεγονότα
3839 4684 4056 4736 εἰκάσαι

2468 4752 2562 4803 καὶ
2597 4752 2839 4822 μηνῦσαι
2873 4757 2983 4818 τοῖς
3011 4757 3180 4808 πᾶσιν
3211 4758 3434 4827 ἀριστος
3459 4758 3547 4832 ἦν,
3591 4767 3911 4838 Κάλχαντος
3961 4783 4055 4828 οι-

2466 4844 2555 4896 δὲν
2597 4846 2896 4918 διαφέρων,
2955 4849 3013 4911 ὃς
3049 4851 3166 4921 ᾔδει
3199 4854 3264 4907 τά
3297 4853 3342 4906 τ’
3375 4855 3532 4910 ἐόντα
3580 4860 3649 4914 τά
3702 4861 3750 4914 τ’
3783 4867 4054 4938 ἐσσόμενα

2472 4939 2577 5006 πρό
2607 4937 2654 4988 1‘
2687 4941 2866 4992 ἐόντα.
2903 4941 3110 4994 Γνῶναι
3139 4943 3195 5023 δὲ
3237 4946 3343 5014 ἀρα
3372 4949 3466 4998 καὶ
3499 4949 3714 5004 ἐλέσθαι
3740 4957 3806 5008 τά
3843 4937 4050 5023 δέοντα,

2472 5033 2568 5083 καὶ
2604 5032 2752 5096 ὅπως
2812 5035 2878 5087 ἂν
2931 5019 3167 5090 ἕκαστον
3213 5040 3478 5111 ἀποὸαίη,
3529 5047 3611 5108 τίς
3660 5057 4052 5120 προαισθέσθαι

2467 5123 2756 5194 όξύτερος;
2800 5126 2961 5179 Ἀλλὰ
3011 5129 3116 5198 μὴν
3172 5133 3220 5184 εί
3261 5125 3372 5184 οἷόν
3416 5151 3475 5186 τε
3507 5132 3572 5207 ἦν
3611 5142 3784 5194 πᾶσαν
3817 5145 3914 5215 τὴν
3962 5152 4052 5216 αφ’

2465 5215 2587 5267 ὅτου
2624 5218 2916 5285 γεγόνασιν
2949 5221 3225 5290 ἄνθρωποι
3257 5227 3472 5294 σοφίαν,
3525 5230 3573 5281 εί
3620 5233 3708 5283 καὶ
3751 5215 4052 5304 παράδοξον

2467 5312 2598 5372 ῐσως
2629 5311 2765 5375 δόξω
2819 5330 2896 5382 τῳ
2946 5313 3162 5382 λέγειν,
3198 5318 3275 5386 τῷ
3326 5335 3389 5386 γε
3443 5322 3540 5390 τῆς
3591 5324 3802 5379 ἐκείνου
3859 5336 4050 5399 σοφίας

2464 5403 2692 5470 ἀγνῶτι,
2730 5405 2878 5476 ὅμως
2906 5406 2949 5458 δ’
2982 5406 3075 5460 οῦν
3115 5409 3162 5460 εἰ
3193 5404 3304 5461 οἷόν
3332 5429 3388 5463 τε
3418 5407 3485 5482 ἦν
3521 5415 3725 5486 ταύτην
3761 5419 4051 5475 συλλαϐεῖν

2465 5511 2522 5546 τε
2569 5499 2664 5548 καὶ
2701 5499 2780 5560 είς
2833 5498 2889 5550 ἓν
2937 5500 3212 5569 ἀθροῖσαι,
3263 5504 3361 5574 ὅση
3415 5522 3474 5558 τε
3527 5507 3647 5560 θεία
3704 5514 3799 5563 καὶ
3835 5516 3930 5584 δση
3975 5517 4049 5580 είς

2466 5589 2784 5659 ἀνθρώπους
2818 5593 2962 5661 ἣκει,
2991 5594 3088 5664 ὅση
3126 5612 3183 5646 τε
3231 5596 3305 5664 νῷ
3341 5601 3690 5670 γνωρίζεται,
3723 5609 3814 5657 καὶ
3870 5609 4049 5675 μαθή-

2467 5699 2548 5734 σει
2603 5685 2994 5753 προσγίνεται,
3031 5688 3124 5740 καὶ
3167 5692 3386 5761 ἐπινοίᾳ.
3443 5698 3818 5763 φαντάζεται,
3858 5702 4047 5767 ὄντων,

2466 5779 2762 5846 ἐσομένων,
2807 5780 3280 5848 παρεληλυθότων,
3312 5788 3406 5837 καὶ
3438 5789 3536 5840 ὅσα
3595 5793 3673 5853 είς
3719 5795 3908 5860 λόγους
3958 5797 4046 5849 καὶ

2465 5871 2563 5926 ὅσα
2595 5873 2672 5936 εἰς
2717 5873 2916 5946 πρᾶξιν
2939 5873 3084 5945 ἥκει,
3144 5877 3321 5931 πάντα
3360 5897 3415 5932 τε
3448 5881 3562 5953 ᾔδει
3594 5885 3685 5938 καὶ
3713 5890 3836 5950 τοὺς
3871 5890 4043 5948 ἁπάνο
