4420 6448
442 360 548 424 809

1605 352 1862 411 ENCOM
1879 353 1890 408 l
1908 351 2017 410 ΗΜ
2067 349 2412 412 PLETHON
2433 353 2516 408 l5.

3575 348 3684 411 810

436 492 543 526 των
575 465 689 539 εἶχε
718 470 911 538 λόγους
945 487 1017 522 πα
1028 471 1075 540 ρ’
1130 468 1327 538 ἐαυτῷ.
1361 467 1551 522 Καίτοι
1583 471 1664 532 τίς
1709 470 1774 522 ἂν
1803 470 2012 536 γένοιτο
2041 473 2084 527 Α
2115 468 2453 535 ἀνθρώπινον
2481 463 2626 530 νοῦν,
2651 466 2747 534 τὴν
2775 468 2965 536 σοφίαν
2991 466 3089 536 τὴν
3113 465 3343 537 ὑψηλὴν,
3371 465 3459 522 τὸν
3489 464 3686 534 ὀφθαλ-

437 565 596 630 σοφία
629 561 829 630 ταύτης
882 561 1214 630 ὑψηλοτέρα,
1246 562 1412 630 ἡγουν
1443 561 1703 631 φρόνησις
1731 564 1840 623 τοῖς
1875 561 2007 612 πᾶσι

435 653 741 723 τελεωτέρα
771 670 786 719 ;
821 655 962 706 Ὅσα
989 671 1057 708 .τε
1092 654 1170 716 είς
1216 653 1380 723 εὐχῆς
1410 652 1476 706 ἂν
1507 652 1593 722 είη
1620 652 1797 718 λόγον,
1832 653 2009 706 πάντα

435 745 608 814 τούτῳ
663 745 900 814 προσῆν.
966 727 1301 814 Ἡρακλέους
1356 744 1731 813 γενναιότερος
1771 740 1861 812 ἦν,
1917 744 2013 795 Αί-

439 833 576 885 ακδν
616 835 710 905 καί
742 834 1180 905 Βελλεροφόντην
1223 837 1302 898 είς
1323 834 1384 886 τὸ
1415 835 1629 903 σῶφρον
1655 833 2013 904 ὑπερηκόντι-

442 944 554 986 σεν,
583 926 855 997 Νέστορός
905 943 966 980 τι
1016 926 1348 998 σοφώτερος,
1386 927 1719 996 Παλαμήδου
1754 924 1800 978 δ’
1830 926 2006 994 εὐμη-

439 1023 744 1089 χανώτερος
779 1018 917 1089 ὁμοῦ
976 1021 1070 1073 καὶ
1131 1019 1459 1091 σοφώτερος.
1521 1017 1818 1072 Εὐϐουλίαν
1873 1017 2012 1086 ὑπὲρ

440 1112 652 1171 πάντας
685 1111 975 1180 ἐκέκτητο,
1008 1111 1270 1180 ἀλήθειαν
1302 1112 1462 1182 είπερ
1491 1127 1596 1174 τις,
1631 1109 1944 1163 θεοσέϐειαν
1958 1109 2014 1162 δ’

439 1202 739 1276 ὼςούδείς.
783 1203 1014 1266 ’Ἄλλους
1055 1204 1114 1256 ἐν
1140 1202 1319 1266 ἀλλοις
1358 1204 1452 1255 καὶ
1485 1201 1692 1264 πάντας
1721 1202 1815 1252 ἐπὶ⁵
1849 1201 2015 1253 πᾶσιν

449 1297 698 1362 ἐνίκησε.
761 1296 833 1348 Τὸ
863 1296 964 1366 μέν
993 1290 1088 1349 οὖν
1125 1294 1329 1348 τοιαῦτ’
1361 1294 1496 1348 ἄττα
1523 1293 1827 1364 κτήσασθαι
1859 1293 2016 1363 δυνη-

441 1385 621 1450 θῆναι,
657 1385 914 1456 εὔδαιμον
967 1389 1090 1455 μὲν,
1140 1386 1202 1439 οὐ
1243 1386 1426 1456 ῥᾴδιον
1476 1385 1553 1438 δέ·
1608 1388 1856 1454 κρεῖττον
1909 1388 2016 1456 γὰρ

439 1476 607 1538 ὅντως
645 1476 677 1546 ἢ
713 1478 834 1531 κατ’
867 1477 1056 1546 εὐχήν.
1093 1478 1165 1530 Τὸ
1195 1478 1254 1530 δέ
1284 1478 1524 1547 φανῆναι
1549 1479 1647 1549 μὲν
1679 1480 1770 1529 τὸν
1800 1479 2014 1547 ἔχοντα,

451 1563 550 1618 εἶτ’
587 1568 783 1636 αίφνης
817 1567 960 1626 οὕτω
1008 1586 1124 1631 πως
1155 1571 1217 1621 ἐκ
1251 1570 1432 1638 μέσων
1463 1568 1652 1622 τοῦτον
1680 1569 2015 1635 ἀποπτῆναι,

461 1657 774 1726 Ἡράκλεις,
803 1660 880 1723 ὡς
928 1664 1126 1728 πικρόν
1168 1679 1224 1716 τε
1277 1665 1372 1716 καὶ
1423 1664 1606 1716 πᾶσαν
1663 1661 2018 1730 παραμυθίαν

449 1749 781 1818 ὐπερνικῶν.
814 1751 909 1812 Τίς
956 1751 1171 1820 τοίνυν,
1202 1752 1286 1814 τίς
1331 1750 1526 1820 Τελχὶν
1559 1751 1858 1820 ἐφθόνησεν
1887 1751 2016 1819 ἡμῖν

449 1841 542 1894 τοῦ
590 1843 834 1895 τοιούτου
882 1842 1094 1910 καλοῦ;
1143 1842 1238 1905 Τίς
1273 1842 1372 1911 τῆς
1418 1843 1675 1911 τοιαύτης
1701 1840 1796 1894 τοῦ
1831 1842 2018 1908 γένους
2048 1822 2094 1882 Β

456 1934 662 2002 ζημίας
719 1935 817 1987 καὶ
868 1935 1290 2005 κακοδαιμονίας
1324 1937 1352 1987 ό
1385 1935 1627 2003 μάλιστα
1656 1933 1971 1996 αἰτιώτατος
2000 1951 2014 1999 ;

460 2025 634 2094 ’Υπὲρ
669 2027 828 2094 λόγον
860 2026 922 2079 τὸ
946 2026 1135 2089 πάθος.
1181 2026 1353 2096 ’Υπὲρ
1383 2025 1736 2097 παραμυθίαν
1795 2027 1825 2093 ὴ
1884 2043 2020 2094 συμ-

445 2116 609 2184 φορά.
650 2116 966 2185 Φιλοσοφεῖν
1004 2116 1104 2186 μέν
1137 2118 1306 2186 ἡμᾶς,
1335 2109 1378 2169 ὦ
1402 2118 1692 2187 παρόντες.
1721 2115 1889 2185 ἐχρῆν
1921 2118 2019 2168 καὶ

447 2209 506 2258 τὸ
533 2206 706 2268 πάθος
749 2207 1015 2274 γενναίως
1059 2210 1305 2274 ἐνεγκεῖν
1338 2208 1652 2278 βιάσασθαι,
1688 2211 1783 2261 καί
1809 2208 2021 2270 πάντας

453 2299 552 2364 μὲν
573 2337 586 2360 ,
623 2297 857 2366 μάλιστα
879 2298 934 2351 δὶ
963 2301 1089 2362 τοὺς
1117 2300 1212 2366 τῆς
1245 2299 1453 2368 ὑψηλῆς
1482 2298 1574 2353 τοῦ
1609 2301 1802 2370 ἀνδρδς
1829 2301 2021 2370 σοφίας

451 2390 866 2459 ἀντεχομένους,
897 2391 946 2444 οἳ
997 2395 1090 2445 καὶ.
1137 2393 1198 2444 τὸ
1242 2393 1322 2455 είς
1366 2392 1556 2459 λόγους
1593 2393 1866 2463 ὁσημέραι
1903 2396 2023 2446 τού-

452 2501 530 2552 τῳ
558 2483 811 2549 γενέσθαι
834 2483 1180 2552 εὐδαιμονίαν
1209 2484 1391 2552 σφίσιν
1421 2485 1678 2548 ἐτίθεντο,
1701 2486 2022 2554 προύργιαί-

446 2592 603 2644 τερον
649 2575 805 2629 τοῦτο
837 2575 945 2629 τῶν
979 2576 1154 2630 ἄλλων
1182 2577 1442 2646 οίόμενοι,
1475 2577 1668 2646 ἄνδρες
1695 2579 2019 2647 φιλομαθεῖς

450 2684 506 2717 τε
540 2667 632 2719 καὶ
662 2666 877 2734 φύσεως
903 2667 1083 2732 δεξιᾶς
1113 2669 1206 2721 καὶ
1239 2668 1462 2739 γνώμης
1496 2670 1769 2737 γενναίας,
1801 2672 1894 2724 καὶ
1923 2671 2024 2737 τῆς

451 2759 694 2829 μεγάλης
722 2758 815 2811 τοῦ
847 2759 1038 2830 ἀνδρὸς
1069 2761 1262 2830 σοφίας
1300 2763 1544 2830 ἐρασταί.
1594 2761 1732 2815 Ἀλλ’
1764 2763 1905 2831 ὑπὲρ
1936 2779 2026 2829 φι-

450 2850 704 2919 λοσοφίαν
726 2851 786 2904 τὺ
810 2851 997 2914 πάθος.
1018 2853 1201 2921 Μόνης
1229 2852 1326 2921 τῆς
1358 2853 1506 2916 θείας
1542 2854 1754 2905 ἐκείνου
1801 2853 2024 2923 γνώμης

451 2943 545 2995 καὶ
571 2944 824 3011 γενναίας
856 2944 1032 3014 ψυχῆς
1053 2947 1148 2998 καὶ
1180 2943 1341 3008 τοῦτο
1356 2946 1656 3015 τεκμήριον
1684 2947 1890 3013 γένοιτο
1921 2949 2020 3018 (ί),

456 3035 629 3109 ὃςίσα
664 3038 755 3089 καὶ
800 3038 1004 3091 ἀπαθεῖ
1051 3039 1273 3108 κάμνων
1303 3039 1486 3109 ἐῴκει,
1518 3040 1677 3094 ἄλλου
1704 3041 1760 3094 δὲ
1787 3041 2019 3106 οὐδενός.

2118 560 2220 627 μὸν
2273 560 2426 623 τοῦδε
2488 557 2580 611 τοῦ
2637 559 2857 623 παντὸς.
2904 560 2995 614 τὸν
3053 561 3330 614 θειότατον
3381 559 3476 611 καὶ
3511 558 3686 627 μέγαν

2114 650 2452 714 διδάσκαλον.
2483 634 2976 719 Κεκλείσθω,.φεῦ,
3016 653 3267 719 μουσεῖαο
3303 648 3569 720 οίχέσθων
3596 649 3687 702 λό-

2115 759 2222 809 γοι·
2265 743 2571 809 σιγάτωσαν
2621 741 2813 812 βίϐλοι,
2851 742 3051 812 μᾶλλον
3080 742 3136 795 δέ
3169 741 3687 812 διαγραφέσθωσαν.

2118 835 2309 887 Κεῖται
2332 833 2440 902 γὰρ
2476 832 2645 900 σιγῶν
2668 834 2695 885 ό
2719 833 2990 896 θειότατος
3023 834 3116 886 καὶ
3146 833 3318 901 μέγας
3340 832 3687 895 διδάσκαλος.

2117 921 2230 977 Εἴθ’
2260 926 2424 993 ἡμεῖς
2463 921 2563 993 ζῇν
2607 923 2746 987 ὅλως
2787 924 2878 978 καὶ
2909 927 3064 978 πνεῖν
3107 925 3202 977 καὶ
3234 923 3327 976 τὸν
3359 924 3511 993 ἥλιον
3555 927 3690 995 ὁρᾷν

2117 1016 2445 1086 ἀνεξόμεθα,
2478 1014 2747 1084 ὀρφανίας
2795 1015 3006 1085 ἔχοντες
3054 1014 3311 1084 τοιαύτης
3342 1013 3507 1068 αὐτὸν
3544 1016 3689 1087 μάρ-

2116 1121 2274 1178 τυρα.
2324 1107 2496 1175 ’Υπὲρ
2561 1103 2629 1177 ἧς
2681 1107 2860 1161 πάντα
2909 1106 3204 1176 προθύμως
3250 1108 3320 1162 ἂν
3365 1107 3693 1178 προῖέμεθα.

2116 1201 2211 1253 καὶ
2249 1199 2357 1253 τῶν
2402 1199 2854 1267 ἀναγκαιοτάτων
2902 1197 2966 1268 δὴ
3025 1197 3206 1266 μελῶν
3245 1198 3504 1269 στέρησιν
3557 1199 3693 1252 ἕκασ-

2119 1308 2242 1354 στος
2284 1293 2350 1344 ἂν
2382 1291 2726 1362 ἠνέγκαμεν,
2786 1293 2860 1354 ὼς
2913 1293 2979 1345 ἂν
3031 1291 3126 1346 ἕνα
3166 1290 3356 1345 τοῦτον
3396 1292 3693 1361 πριάμενοι

2118 1387 2198 1447 είς
2227 1383 2405 1436 κοινὸν
2436 1383 2940 1452 ἀπαθανατίσωμεν
2988 1383 3195 1453 κόσμον
3227 1385 3295 1453 τῇ
3329 1383 3571 1452 πατρίδι,
3616 1383 3695 1451 τῷ

2120 1475 2290 1542 γένει,
2322 1478 2386 1543 τῇ
2425 1473 2604 1541 φύσει.
2632 1469 2705 1526 Ὦ
2732 1474 2929 1544 πατρὶς
2960 1475 3065 1541 ἐμὴ
3087 1475 3467 1543 κακοδαίμων,
3501 1470 3696 1542 ἡ,τᾶλ-

2117 1565 2185 1618 λα
2233 1566 2332 1633 μὲν
2389 1563 2659 1634 δυστυχὴς
2687 1605 2701 1628 ,
2748 1565 2824 1626 ὡς
2877 1566 3095 1619 πάντων
3133 1561 3548 1635 ἄμοιρος.οὗσα
3587 1566 3697 1617 τῶν

2118 1656 2393 1725 χρηστῶν,
2429 1656 2508 1708 ἐνὶ
2527 1656 2582 1708 δὲ
2612 1654 2786 1725 τούτῳ
2818 1658 2965 1726 μόνῳ
2998 1656 3309 1726 ζηλουμένη
3333 1674 3393 1710 τε
3429 1659 3564 1710 πᾶσι
3599 1657 3696 1710 καὶ

2122 1746 2376 1816 ᾀδομένη,
2404 1746 2431 1799 ὃ
2462 1746 2556 1799 νῦν
2596 1746 2870 1800 ἀπεϐάλου
2903 1748 2996 1800 καὶ
3046 1748 3186 1803 τόδε.
3225 1749 3300 1802 Τὸ
3337 1749 3396 1801 δὲ
3445 1749 3510 1819 δὴ
3541 1748 3699 1818 χαλε--

2125 1837 2374 1908 πώτερον
2405 1840 2499 1892 καὶ
2530 1839 2666 1906 ὅπερ
2713 1839 2894 1906 ἥκιστ’
2946 1840 3190 1905 ἀνεκτὸν,
3226 1841 3317 1894 ἐπὶ
3359 1841 3466 1893 τίνι
3495 1841 3698 1911 μᾶλλον

2125 1930 2547 2000 ἐκαυχησάμεθ’,
2584 1930 2861 2002 ἄνθρωποί
2910 1949 2967 1983 τε
3008 1931 3160 1994 ὅντες
3202 1934 3299 1987 καίΙ
3346 1933 3490 2003 λόγῳ
3522 1933 3699 2003 τιμώ-

2128 2039 2276 2088 μενοι
2303 2039 2318 2089 ;
2361 2022 2594 2076 Πλοῦτόν
2623 2040 2770 2085 τινες
2795 2024 3132 2078 ἀπεϐάλοντο
3160 2043 3174 2091 ;
3220 2024 3388 2078 Ἀλλά
3426 2025 3696 2094 σφαλερόν

2123 2131 2185 2182 γε
2232 2117 2292 2167 τὸ
2342 2117 2546 2184 κτῆμα·
2603 2115 2835 2169 άστατον
2885 2119 2995 2184 γὰρ
3057 2118 3152 2172 καὶ
3202 2117 3391 2172 δοῦλον
3433 2119 3498 2187 τῇ
3537 2116 3696 2186 τύχῃ.

2124 2208 2322 2271 κακίας
2375 2225 2434 2260 τε
2499 2209 2703 2277 μᾶλλον
2752 2209 2946 2272 αἴτιον,
3011 2210 3106 2264 καὶ
3161 2211 3276 2274 τοῖς
3331 2210 3556 2278 φαύλοις
3591 2210 3700 2263 τῶν

2123 2301 2428 2372 ἀνθρώπων
2486 2302 2944 2373 περιγινόμενον,
3001 2303 3343 2358 ἐπικίνδυνόν
3401 2322 3462 2358 τε
3523 2305 3699 2374 ἐφάνη

2123 2398 2235 2455 τοῖς
2266 2394 2449 2462 ἔχουσι
2478 2393 2625 2458 νοῦν,
2657 2396 2753 2447 καὶ
2786 2395 2979 2463 σοφίας
3006 2397 3281 2465 δεόμενον,
3306 2391 3375 2468 ἧς
3402 2399 3462 2464 ἐξ
3490 2399 3702 2465 ἀνθρώ-

2126 2504 2243 2539 πων
2275 2488 2683 2555 ἀπογενομένης
2717 2488 2812 2540 καὶ
2856 2487 3083 2551 πλοῦτος
3119 2489 3338 2557 ἀχρεῖος
3379 2489 3473 2544 καὶ
3507 2486 3699 2553 τᾶλλα,

2126 2579 2379 2647 καθάπερ
2448 2579 2576 2639 ναῦς
2631 2579 2998 2650 ἀκυϐέρνητος
3045 2580 3201 2634 οὖσα.
3265 2580 3440 2649 ’ἰσχὺν
3487 2581 3702 2649 ἕτεροις

2130 2671 2236 2721 Καὶ
2272 2671 2490 2739 ⁴πρῶτον
2534 2670 2634 2737 μὲν
2667 2670 2782 2734 εἴγε
2813 2687 2896 2732 τις
2929 2670 3173 2738 ἀκριϐῶς
3217 2670 3471 2734 ἐξετάσαι
3507 2671 3703 2740 βουλη-

2127 2762 2267 2829 θείη,
2305 2762 2457 2814 οὐδέν
2513 2763 2670 2814 τοῦτο
2709 2763 2890 2830 μέγα.
2947 2763 3005 2815 Εί
3056 2764 3164 2833 γὰρ
3216 2763 3303 2816 διὰ
3350 2763 3544 2833 ῥώμην
3575 2764 3701 2826 τοὺς

2125 2853 2448 2922 ἀνθρώπους
2489 2855 2792 2924 τιμήσομεν
2819 2896 2833 2919 ,
2883 2856 3121 2924 λήσομεν
3154 2857 3295 2923 σφᾶς
3344 2856 3540 2918 αὐτοὺς
3575 2858 3705 2908 πολ-

2129 2944 2204 3013 λῷ
2235 2944 2343 2996 τῶν
2383 2945 2597 3012 ἀλόγων
2627 2945 2989 3012 φαυλοτέρους
3019 2950 3120 2998 ἀπε
3136 2949 3490 3017 ργασάμενοι,
3522 2948 3556 3002 ἃ
3578 2949 3706 3001 πολι

2130 3035 2207 3104 λῷ
2255 3037 2320 3104 τῇ
2370 3036 2528 3106 ῥώμῃ
2577 3037 2684 3089 τῶν
2730 3037 3036 3107 ἀνθρώπων
3086 3043 3432 3109 προέχουσιν.
3488 3041 3702 3094 Ἔπειθ’

450 3126 563 3180 Νῦν
591 3127 637 3181 δ’
671 3123 846 3198 οἶμαι,
897 3131 990 3182 καὶ
1043 3130 1152 3183 τῶν
1192 3132 1533 3202 ἀναισθήτων
1589 3135 1620 3202 ἡ
1668 3133 1829 3200 φύσις
1869 3151 2009 3201 συμ-
2050 3167 2093 3226 c
2128 3130 2229 3191 ὅτι,
2271 3131 2318 3182 εί
2357 3131 2451 3182 καὶ
2508 3130 2669 3184 τοῦτο
2715 3131 2959 3201 δώσομεν
3015 3134 3148 3196 ἴσως
3202 3133 3548 3202 βιασθέντες,
3585 3134 3703 3186 ἀλλ’

456 3220 674 3290 πάσχει,
707 3220 960 3291 αἴσθησίν
991 3240 1108 3275 τινα
1152 3223 1246 3276 τοῦ
1278 3223 1483 3286 πάθους
1514 3224 1884 3294 λαμϐάνουσα,
1919 3227 2014 3278 καὶ

455 3312 553 3382 τὴν
583 3313 768 3382 κοινὴν
792 3313 900 3366 τῶν
934 3315 1237 3384 ἀνθρώπων
1269 3316 1696 3384 κακοδαιμονίαν
1724 3319 2018 3370 ἀποκλαιο·

455 3403 614 3473 μένη.
641 3405 708 3456 Ὢ
733 3401 842 3456 οἷον
869 3407 1002 3474 ἡμῖν
1035 3407 1336 3477 ὑποστῆναι
1366 3409 1564 3478 συνέϐη
1596 3409 1788 3461 δεινόν.
1828 3409 2018 3464 Ὀποία

454 3494 665 3569 θρῄνων
701 3495 958 3556 ὑπόθεσις
991 3499 1297 3566 πρόκειται,
1330 3498 1698 3566 ἐπιλησομένη
1724 3501 2018 3569 μηδέποτε.

464 3565 675 3640 ’(ίποῖον
705 3589 839 3658 όρᾷν
885 3589 1190 3658 ἀνεχόμεθα
1227 3589 1405 3658 θέαμα
1453 3592 1563 3651 τοῖς
1598 3591 1734 3642 πᾶσι
1765 3592 2016 3659 φρικτὸν,

453 3676 496 3732 ὦ
523 3684 593 3750 γῆ
627 3683 717 3747 καὶ
749 3682 866 3749 ἥλιε
895 3682 989 3734 καὶ
1020 3681 1234 3750 λογικαὶ
1268 3682 1572 3749 φροντίδες.
1603 3684 1779 3751 Ὀναρ
1828 3682 1928 3752 μέν
1954 3684 2020 3736 ἀν

452 3792 533 3836 τις
572 3774 715 3835 ἰδὼν,
748 3775 866 3843 τάχ’
901 3776 965 3827 ἂν
989 3770 1179 3843 ἐξέστη
1224 3775 1316 3826 τοῦ
1346 3775 1460 3836 νοῦ,
1501 3776 1595 3828 καὶ
1633 3775 1825 3827 οἰωνὸν
1857 3776 2020 3828 ἀπαί-

457 3885 567 3919 σιον
619 3868 832 3929 πάντως
866 3868 1043 3938 ᾠήθη.
1077 3868 1268 3937 ’Ύπαρ
1315 3869 1358 3921 δ’
1403 3869 1562 3938 ἡμεῖς
1617 3868 1710 3919 νῦν
1762 3869 2017 3935 ὁρῶντες,

456 3961 568 4021 πώς
618 3961 884 4025 γενναίως
935 3961 1121 4028 φέρειν
1178 3959 1557 4028 ὑπομενοῦμεν
1587 3977 1601 4025 ;
1637 3962 1699 4011 Ὤ
1735 3957 1845 4011 οἷον
1888 3963 2022 4029 ἡμῖν

454 4055 711 4124 ῆνεγιιας,
748 4054 928 4122 χρόνε,
959 4053 1192 4120 πρᾶγμα
1216 4051 1448 4105 ἄπιστον
1480 4054 1572 4104 καὶ
1610 4052 1750 4120 μετᾶ
1774 4052 1870 4122 τὴν
1904 4054 2023 4104 πεῖ-

456 4165 576 4215 ραν,
613 4146 676 4197 Ὢ
700 4147 1012 4214 τραύματος
1041 4144 1364 4213 ἀνηκέστου.
1392 4145 1454 4195 ’Ὠ
1484 4145 1767 4214 συμφορᾶς
1802 4144 2024 4196 ἀνυποί-

458 4255 580 4291 στου
617 4237 713 4307 (‘2).
743 4238 936 4290 Καίτοι
981 4236 1156 4304 ἔγωγε
1202 4234 1381 4306 ᾤμην,
1415 4238 1463 4288 εί
1507 4232 1617 4288 οἷόν
1660 4254 1715 4288 τε
1748 4232 1814 4307 ἦν
1842 4236 1901 4287 ἐν
1929 4237 2022 4287 ἀν-

456 4330 692 4399 θρώποις
720 4331 1018 4382 ἀθανασίαν
1054 4328 1309 4395 φανῆναι,
1341 4328 1440 4380 οὐκ
1470 4328 1535 4380 ἂν
1564 4328 1709 4397 ἄλλῳ
1757 4345 1832 4394 τῳ
1887 4326 2022 4395 μᾶλ-

456 4427 542 4474 λον
571 4423 602 4491 ἦ
640 4422 773 4489 τῷδε
803 4420 1142 4488 ἐγγενέσθαι.
1182 4420 1346 4472 Ταῦτ’
1370 4421 1713 4489 ἐπεπείσμην
1753 4420 1929 4487 ἔγωγε
1956 4423 2023 4490 τῇ

2124 3222 2245 3285 ἐνὸς
2279 3223 2375 3292 μὲν
2416 3222 2546 3284 ἴσως
2607 3222 2764 3293 ῥώμῃ
2824 3241 2904 3286 τις
2959 3224 2989 3291 ἥ
3051 3226 3147 3276 καὶ
3205 3225 3422 3291 πλούτῳ
3457 3225 3698 3294 προέξτι·

2123 3317 2272 3369 δυοῖν
2335 3316 2390 3368 δὲ
2449 3317 2737 3385 οὐδαμῶς,
2772 3318 2909 3369 ὅπου
2961 3333 3022 3382 γε
3070 3317 3179 3368 οὐδ’
3222 3316 3535 3386 Ἰίρακλῆςσ
3569 3318 3617 3368 εἰ
3647 3317 3703 3368 δὲ

2121 3405 2291 3468 δυοῖν,
2320 3404 2380 3457 οὐ
2416 3404 2590 3472 δήπου
2622 3405 2718 3456 καὶ
2756 3404 3064 3472 τεττάρων·
3099 3406 3147 3456 εί
3194 3403 3250 3456 δέ
3299 3403 3504 3455 τούτων
3546 3404 3703 3465 ἴσως,

2122 3499 2183 3552 οὐ
2233 3498 2414 3568 δήπου
2451 3498 2544 3551 καί
2591 3498 2742 3558 δέκα,
2788 3497 2880 3549 καὶ
2912 3497 2989 3549 ἔτι
3025 3496 3230 3558 πόλεως
3267 3497 3416 3566 ὅλης,
3447 3495 3540 3547 καὶ
3571 3494 3705 3564 πρὸς

2125 3592 2336 3655 τούτοις
2365 3592 2577 3655 ἔθνους,
2611 3594 2704 3645 καὶ
2754 3592 2933 3660 πολλῷ
2971 3611 3033 3659 γε
3069 3593 3269 3662 μᾶλλον
3320 3593 3535 3645 πάντων
3561 3609 3574 3621 ·
3611 3609 3700 3642 σο-

2127 3684 2368 3754 φώτερος
2406 3685 2463 3735 δέ
2509 3702 2592 3747 τις
2649 3685 2747 3753 οὐχ
2801 3684 2919 3740 ἐνός
2953 3701 3098 3747 τινος
3159 3686 3251 3736 καὶ
3299 3683 3390 3736 δύο
3443 3685 3539 3737 καὶ
3572 3684 3704 3736 δέκι

2130 3781 2310 3844 μόνον,
2351 3780 2446 3832 καὶ
2492 3778 2717 3841 πόλεως,
2757 3779 2850 3830 καὶ
2909 3777 3116 3840 ἔθνους,
3164 3777 3304 3830 ἀλλά
3333 3776 3428 3830 καὶ
3471 3777 3578 3829 τῶν
3612 3778 3705 3827 ἐπὶ

2127 3872 2234 3939 γῆς
2276 3871 2514 3933 πάντων,
2552 3871 2776 3922 δυνατὸν
2817 3866 2977 3923 εἶναι.
3029 3868 3240 3932 Ὀποῖος
3295 3869 3360 3938 δὴ
3409 3873 3500 3921 καὶ
3535 3873 3563 3923 ό
3610 3870 3704 3920 νῦν

2125 3965 2258 4032 ἡμῖν
2291 3963 2381 4016 ἐπὶ
2410 3962 2595 4015 πένθει
2634 3961 3021 4032 προκείμενοςο
3058 3962 3218 4028 μόνος
3249 3962 3361 4032 γὰρ
3384 3956 3536 4023 οὗτος
3568 3963 3705 4031 ἔργα

2128 4055 2289 4122 λόγου
2333 4055 2570 4124 κρείττω
2621 4054 2953 4123 παρέσχετο,
2982 4053 3055 4114 ὼς
3089 4053 3378 4120 προλαϐὼν
3414 4055 3512 4122 μὲν
3543 4054 3705 4114 αὐτῖς

2127 4150 2239 4208 τοῖς
2270 4147 2470 4214 ἔργοις,
2511 4144 2622 4212 ἐγὼ
2651 4145 2706 4198 δέ
2750 4147 2864 4207 τοῖς
2921 4145 3103 4212 λόγοις
3160 4144 3461 4214 δεδήλωκα.
3516 4146 3703 4206 Οὕτως

2129 4239 2235 4290 οὐδ’
2261 4240 2310 4289 οἱ
2360 4237 2552 4307 ῥώμην
2596 4236 3001 4298 ἀποϐάλλοντες
3042 4237 3184 4304 μέγα
3228 4253 3282 4287 τι
3333 4235 3518 4288 λοιπὸν
3570 4238 3703 4288 ἀπο-

2133 4329 2345 4381 ϐάλλειν
2391 4327 2660 4392 δοκοῦσιν,
2710 4326 2834 4380 ἐπεὶ
2887 4327 2982 4378 καὶ
3034 4327 3176 4395 νόσῳ
3230 4327 3402 4396 ῥᾷστα
3444 4329 3702 4396 θηρᾶται,

2131 4426 2279 4493 γήρᾳ
2327 4438 2386 4472 τε
2450 4419 2771 4488 χαυνοῦταν
2809 4418 2972 4487 σοφία
3028 4418 3086 4469 δὲ
3142 4419 3280 4487 μόνη
3331 4419 3438 4469 τῶν
3485 4420 3704 4470 πάντωι

458 4514 674 4584 ἀκριϐεῖ
725 4515 965 4582 προσοχῇ
993 4512 1092 4582 τῆς
1143 4511 1354 4564 ἐκείνου
1388 4510 1619 4576 διαίτης,
1652 4513 2024 4580 τεκμαιρόμε-
2059 4519 2101 4573 D
2133 4514 2424 4565 ἀνάλωτον.
2490 4511 2550 4562 Εἰ
2608 4510 2664 4560 δὲ
2725 4509 2820 4561 καὶ
2860 4508 3290 4577 περιγενοίμεθα
3325 4509 3438 4560 ἔσθ’
3476 4509 3562 4560 ὅτε
3598 4510 3705 4559 τῶν

461 4625 546 4670 νος
579 4607 698 4659 τόδε
730 4607 807 4674 τῷ
849 4603 1129 4674 μηδέποτ’,
1160 4604 1219 4667 ἐξ
1239 4604 1362 4655 ὅτου
1395 4602 1651 4670 τοιαύτην
1681 4603 1856 4655 εἵλετο
1883 4603 2024 4655 δίαι-

460 4718 580 4762 ταν,
630 4699 867 4768 ἀλγῆσαί
906 4714 960 4749 τι
1012 4697 1120 4747 τῶν
1173 4694 1360 4748 αὐτοῦ.
1411 4695 1469 4746 Εἰ
1518 4695 1573 4746 δὲ
1628 4695 1724 4764 μὴ,
1759 4696 1894 4746 ἀλλά
1926 4695 2027 4746 κᾶν

459 4793 589 4859 γοῦν
637 4792 730 4844 ἐπὶ
792 4790 1218 4859 μακροϐιότητός
1279 4786 1626 4839 ἐπιπλεῖστον
1683 4789 1894 4849 ἐλάσαι,
1933 4793 2027 4840 καὶ

461 4883 541 4935 ὅτι
587 4883 861 4948 ἐγγύτατα
907 4880 1148 4932 Τιθωνοῦ
1179 4897 1237 4932 τε
1267 4879 1357 4930 καὶ
1401 4879 1798 4947 Ἀργανθωνίου
1833 4881 2028 4948 βιῶσαι

465 4975 496 5044 ἢ
543 4974 636 5026 τοῦ
699 4973 827 5043 παρ’
867 4975 999 5047 ἡμῖν
1048 4971 1401 5025 Μαθουσάλα.
1449 4972 1765 5024 Ἐλάνθανον
1813 4972 1867 5024 δὲ
1921 4973 2029 5040 ἄρα

461 5068 812 5137 ὴπατημένος
860 5065 981 5118 κατ’
1028 5065 1215 5133 ἄμφω.
1251 5065 1360 5117 Καὶ
1404 5065 1464 5115 τὸ
1524 5065 1623 5134 μὲν
1676 5066 1786 5125 τοῖς
1848 5065 2028 5128 ἄλλοις

464 5157 634 5220 οὓτως
671 5157 887 5208 ἐπιέναι
931 5172 990 5207 σε
1016 5195 1030 5218 ,
1081 5147 1125 5207 ὧ
1157 5154 1410 5218 θάνατος,
1447 5154 1614 5206 δεινόν
1651 5154 1729 5219 ὃν,
1764 5155 1823 5206 οὐ
1854 5155 2025 5207 δεινὸν

467 5251 619 5310 ίσως.
653 5247 784 5300 Νυνὶ
824 5247 881 5298 δέ
919 5245 970 5298 τί
1003 5245 1192 5298 παθὼν
1215 5246 1275 5296 τὸ
1311 5245 1486 5296 κοινὸν
1514 5247 1650 5313 ἡμῖν
1675 5244 1896 5311 ἀφείλου
1928 5263 2031 5298 κα-

464 5340 576 5402 λὸν,
609 5339 862 5407 ἀφορμήν
893 5355 952 5389 τε
981 5336 1193 5406 θρήνων
1218 5338 1350 5407 ἡμῖν
1372 5336 1590 5406 ἐξεῦρες
1620 5339 1801 5399 πάσας
1828 5339 2030 5406 παρελο

464 5431 663 5484 θοῦσαν
702 5432 799 5490 τάς
846 5428 1096 5496 προτοῦζ
1143 5430 1239 5495 τὴν
1287 5428 1380 5479 τοῦ
1413 5433 1604 5496 γένους
1658 5429 2027 5497 εὐδαιμονίαν,

461 5527 573 5583 τοῖς
605 5521 661 5573 εὖ
689 5519 942 5588 φρονοῦσι
970 5521 1067 5588 τὴν
1093 5518 1380 5588 θυμηδίαν,
1406 5522 1464 5570 τὸ
1490 5520 1588 5588 τῆς
1621 5519 1835 5586 φύσεως
1862 5521 2029 5586 ἀγαλ-

466 5632 561 5682 μα,
597 5615 686 5666 τοῦ
721 5612 1061 5680 ἀνθρωπίνου
1117 5614 1306 5677 γένους
1366 5612 1463 5678 τὴν
1528 5612 1873 5679 εὐκοσμίαν,
1936 5610 2028 5662 τὸν

533 5791 609 5861 (1)
640 5789 1008 5858 Supplcndum
1041 5787 1251 5840 videtur
1299 5787 1384 5840 ἄν.

723 5893 987 5950 ιἈτιιοι..
1026 5890 1139 5944 (ζει.
1174 5885 1347 5946 CLX.

2137 4604 2540 4668 ἀλκιμωτάτων
2577 4600 2806 4668 θηρίων,
2843 4601 2901 4650 οὐ
2948 4602 3014 4668 τῇ
3048 4599 3228 4668 ῥώμη,
3273 4599 3434 4668 σοφίᾳ
3473 4598 3527 4652 δὲ
3565 4600 3707 4667 μᾶλ-

2135 4696 2226 4747 λον
2284 4691 2697 4760 περιγινόμεθα.
2755 4691 2939 4742 ΙἈλλοι
2992 4689 3215 4758 βασιλέα
3272 4689 3457 4742 λοιπὸν
3496 4690 3708 4743 άπεὸάο

2139 4790 2287 4840 λοντο
2319 4803 2332 4851 ;
2365 4785 2501 4836 Ἀλλ’
2532 4783 2654 4836 οὐδέ
2683 4783 2841 4836 τοῦτο
2886 4782 3090 4835 δεινόν’
3128 4781 3322 4849 φαῦλοι
3370 4781 3479 4850 γὰρ
3509 4780 3584 4842 ὡς
3621 4784 3710 4833 ἐπὶ

2138 4885 2197 4931 τὸ
2237 4878 2490 4929 πλεῖστον
2543 4879 2591 4928 οί
2646 4875 2866 4938 πλείους
2921 4875 3123 4932 αὐτῶν,
3177 4875 3269 4926 καὶ⁹
3324 4874 3390 4925 δι’
3443 4875 3606 4944 εὐχῆς
3645 4877 3708 4926 τὸ

2140 4971 2381 5038 ὑπήκοον
2411 4966 2675 5029 πολλάκις
2707 4968 2848 5034 σφᾶς
2877 4965 3174 5018 ἀποϐαλεῖν
3209 4963 3415 5033 ἔχουσι,
3445 4967 3548 5018 καὶ
3573 4966 3708 5017 πολ-

2138 5063 2243 5114 λῶν
2299 5061 2564 5120 πολλάκις
2616 5061 2728 5121 τοῖς
2783 5059 3044 5126 ὑπηκόοις
3101 5057 3292 5108 δεινῶν
3350 5056 3660 5110 αἰτιώτατοι
3692 5096 3707 5119 ,

2140 5151 2396 5211 πολλάκις
2436 5166 2495 5200 τε
2525 5148 2583 5201 ὃν
2609 5148 2825 5217 ἔχουσιν
2878 5145 3276 5211 ἀποϐαλόντες,
3304 5145 3517 5214 ἔχουσιν
3551 5146 3608 5197 ὅν
3643 5148 3708 5198 ἀν

2139 5242 2601 5310 προσκτήσαιντο.
2661 5238 2797 5304 Δόξα
2865 5239 2970 5306 μὴν
3031 5237 3249 5304 σεμνὸν,
3299 5236 3434 5289 ἀλλὰ⁴
3493 5238 3709 5298 πάντως

2140 5333 2415 5397 ἀϐέϐαιον,
2445 5334 2538 5383 καὶ
2578 5323 2622 5397 ᾧ
2664 5346 2725 5396 γε
2773 5329 3020 5394 παριδεῖν
3056 5329 3259 5396 ταύτην
3289 5326 3523 5392 ἐγένετο,
3559 5328 3708 5390 δόξα.

2140 5425 2348 5484 Κάλλας
2403 5423 2459 5474 δὲ
2505 5424 2887 5492 περιμάχητον
2944 5421 3063 5488 μὲν,
3114 5420 3247 5473 ἀλλά
3293 5420 3505 5480 πάντως
3537 5419 3712 5486 ὀλιγο-

2137 5519 2371 5588 χρόνιον.
2432 5517 2541 5567 Καὶ
2590 5512 2748 5580 ὑγεία
2807 5513 2993 5580 τίμιον
3046 5514 3163 5581 μὲν,
3221 5511 3334 5564 ἀλλ’
3373 5512 3712 5579 εὐμετάστα-

2139 5629 2248 5664 τον.
2312 5611 2373 5662 Εἰ
2420 5608 2552 5676 γοῦν
2582 5609 2752 5660 ταῦτα
2778 5607 3000 5658 τοιαῦτα
3029 5647 3043 5670 ,
3083 5604 3333 5672 χαλεπῶς
3363 5605 3409 5658 δ’
3441 5600 3539 5658 οὖν
3563 5605 3714 5672 ὅμως

2212 5787 2288 5854 (‘2)
2314 5785 2422 5849 Sir,
2456 5785 2665 5854 passivo
2699 5801 2882 5849 sensu,
2923 5784 3101 5836 mi.sus
3139 5784 3344 5841 ﬁrmes}.

3186 5878 3257 5935 20
