4494 6458
763 364 867 433 819

2009 376 2335 441 GEOIIUH
2375 375 2812 440 PLETIIONIS

3957 378 4068 456 ’8ἳο

763 487 910 549 εἰκός
948 487 1095 539 ἐστιν
1118 488 1405 557 ἐνέχεσθαι
1443 494 1507 561 τῇ
1537 493 1737 563 φθορᾷ.
1774 493 1911 547 οὑδέ
1956 495 2086 563 γὰρ,
2126 497 2174 548 ει
2199 506 2365 563 σωμα
2390 495 2441 549 Α
2470 494 2552 556 τίς
2618 500 2859 567 μηχανὴ,
2929 502 3005 571 μὴ
3066 505 3159 558 καὶ
3216 506 3419 575 φθορᾶς
3475 509 3653 581 αὑτήν
3709 511 4064 569 ὑποτίθεσθαι

763 577 999 647 ὑπῆρχε,
1028 578 1116 632 διὰ
1150 580 1400 649 σώματος
1443 582 1510 635 ἂν
1545 585 1769 654 ἐχώρει,
1801 587 1925 638 ἐπεὶ
1974 589 2226 657 χωρῆσαι
2270 588 2362 642 διά

763 669 1017 739 σώματος
1043 669 1205 738 σῶμα
1238 673 1333 724 καὶ
1365 674 1474 725 τῶν
1501 675 1783 739 παντελῶς
1830 676 2135 745 ἀμηχάνων
2194 680 2363 749 ὑπερ-

759 761 935 814 ϐαίνει
958 760 1057 830 τὴν
1094 763 1279 831 φύσιν.
1315 765 1552 820 Ἔπειτα
1580 770 1677 820 καὶ
1734 771 2077 838 τεμνομένου
2128 771 2225 824 τοῦ
2253 773 2361 825 σώ-

761 870 950 923 ματος,
986 857 1239 924 μετεῖχεν
1298 858 1366 909 ἂν
1410 859 1641 928 κάκείνη
1693 860 1790 911 τοῦ
1847 862 2080 925 πάθους.
2140 864 2360 932 Προσῆν

755 940 800 993 δ’
839 945 978 1014 αὑτῇ
1011 946 1106 998 καὶ
1143 945 1375 1015 μέγεθος
1403 949 1601 1019 δήπου,
1638 952 1731 1005 καὶ
1761 953 1904 1006 τόνδ’
1936 956 2148 1007 ἐκείνου
2176 956 2360 1025 ψυχὴν

752 1036 898 1105 ἔχειν
921 1036 1093 1105 μείζω
1120 1037 1460 1104 συνέϐαινεν,
1497 1044 1634 1113 ὅπερ
1670 1045 1730 1096 οὑ
1762 1045 1928 1113 μόνον
1955 1047 2172 1117 ἐλέγχει
2208 1050 2359 1117 φιλοο

756 1129 940 1198 σοφία.
976 1131 1112 1183 ἀλλά
1132 1131 1194 1201 δὴ
1224 1134 1318 1186 καὶ
1349 1136 1381 1204 ή
1410 1136 1562 1205 παρὰ
1586 1140 1701 1201 τοῖς
1736 1139 1952 1203 πολλοῖς
1993 1142 2121 1207 δόξα
2156 1160 2359 1211 κεκρα-

751 1224 969 1290 τηκυῖα.
1003 1222 1141 1276 Οὐδὲ
1173 1225 1302 1295 γὰρ,
1340 1228 1390 1279 εί
1437 1228 1583 1280 τοῦθ’
1619 1230 1795 1293 οὕτως
1826 1228 1995 1301 εἶχεν,
2030 1237 2358 1305 ἐπιστήμην

709 1385 714 1391 1
753 1313 819 1365 ἄν
857 1329 943 1375 τις
980 1309 1092 1383 εἶχε
1129 1316 1516 1383 τῶνπάντων,
1586 1321 1702 1374 ἀλλ’
1737 1323 1996 1391 αἴσθησιν
2058 1329 2227 1396 μόνην
2279 1324 2355 1381 ὦν

753 1406 865 1475 εχει
893 1407 986 1460 νῦν
1010 1409 1343 1480 ἐπιστήμην.
1378 1414 1567 1482 Μόνης
1612 1415 1723 1484 γάρ
1772 1418 1889 1469 ἐστι
1917 1418 2015 1487 τῆς
2065 1419 2245 1488 ψυχῆς
2292 1420 2355 1472 τὸ

753 1497 989 1552 καθόλου
1018 1501 1047 1553 ὃ
1076 1500 1125 1553 τ’
1160 1503 1419 1574 ἀριθμὸς,
1467 1508 1559 1560 καὶ
1607 1509 1669 1562 τὸ
1720 1509 1969 1581 ἄπειρον,
2034 1512 2125 1580 ὑφ’
2181 1510 2351 1581 οὗπερ

748 1587 1035 1659 ἐπιστήμη
1076 1592 1169 1644 καὶ
1201 1589 1343 1656 εἶδος
1390 1596 1492 1666 τὴν
1548 1598 1729 1671 ἀρχὴν
1771 1601 2096 1672 είληφάτην.
2152 1606 2351 1673 Μάτην

746 1679 792 1731 δ’
820 1679 887 1732 ἂν
918 1680 1095 1747 οὑτως
1124 1686 1217 1737 καὶ
1240 1688 1306 1755 τῇ
1339 1688 1453 1740 τῶν
1493 1689 1667 1744 ὄντων
1700 1692 1931 1761 ἐφήδετο
1961 1693 2188 1765 θεωρίᾳ.
2255 1698 2349 1749 καὶ

745 1773 873 1835 τοὺς
903 1774 1013 1828 τῶν
1044 1778 1373 1845 κρειττόνων
1400 1783 1574 1848 γενῶν
1601 1783 1775 1853 αὐτῆς
1824 1784 2101 1855 ἐπεχείρει
2151 1788 2345 1854 λόγους

746 1861 954 1931 ζητεῖν.
1032 1867 1255 1922 Τούτων
1322 1872 1587 1937 πολλάκις
1659 1876 2075 1947 ἀποσπωμένη,
2152 1878 2344 1947 ὥσπερ

748 1958 1146 2026 προσηκόντων
1171 1961 1495 2028 ἀγανακτεῖ,
1554 1966 1650 2017 καὶ
1714 1967 1831 2029 τοῖς
1881 1969 2351 2038 προσισταμένοις

744 2051 1119 2120 ἀπεχθάνεται
1147 2056 1307 2109 πάνυ.
1352 2057 1515 2112 Ἀ).λά
1547 2060 1659 2129 μὴν
1681 2060 1783 2112 οὑκ
1807 2061 1873 2113 ἂν
1923 2062 2131 2130 ἐζήτει,
2170 2064 2219 2114 εί
2275 2064 2351 2134 μή

745 2148 1020 2218 συγγενής
1067 2150 1301 2204 ἐκείνων
1345 2152 1585 2223 ὑπῆρχε.
1639 2154 1921 2225 Συγγενής
1971 2156 2018 2208 δ’
2062 2156 2223 2221 οὑσα,
2266 2158 2351 2221 τίς

745 2237 967 2308 μηχανή
996 2240 1072 2309 μὴ
1103 2240 1195 2292 καὶ
1221 2240 1457 2297 Θανάτου
1492 2246 1690 2315 πεῖραν
1714 2247 1918 2308 παντὸς
1964 2248 2135 2319 αὑτὴν
2179 2248 2351 2318 ὑπερ-

740 2330 958 2384 κεῖσθαι
985 2348 1000 2397 ;
1051 2332 1205 2387 Ἐπεὶ
1237 2336 1467 2391 κάκεῖνα
1491 2340 1702 2410 φθορᾶς
1733 2340 2008 2412 ἀνώτερα,
2042 2345 2137 2397 καὶ
2164 2344 2349 2415 πάσης

740 2423 1065 2493 ὑπέρκειται
1101 2426 1474 2495 ἀλλοιώσεως,
1516 2428 1597 2495 οἷς
1629 2433 1771 2505 αὑτὴ
1821 2439 2097 2509 συγγενής
2122 2455 2135 2471 ·
2189 2439 2350 2492 τοῦτο

738 2520 848 2585 γάρ
882 2516 1062 2582 οὐδεὶς
1095 2519 1335 2590 ἀντερεῖ,
1369 2523 1480 2576 οὐδ’
1515 2525 1563 2577 οἱ
1613 2525 1802 2581 πολλοὶ
1855 2529 1967 2582 τῶν
2014 2531 2341 2602 ἀνθρώπων.

738 2615 1033 2685 ’Ᾱνάλογον
1069 2612 1165 2673 οῦν
1195 2618 1343 2689 ἔχειν
1375 2623 1540 2688 φασὶν
1562 2622 1611 2673 οί
1645 2623 1802 2691 σοφοὶ
1838 2624 2030 2676 οὐσίαν
2075 2644 2135 2679 τε
2164 2627 2349 2697 ἔργοις

738 2710 833 2761 καὶ
854 2708 1070 2772 οὑσίαις
1087 2704 1156 2764 αὑ
1190 2710 1354 2781 ἔργα.
1390 2712 1453 2766 El
1480 2716 1664 2767 τοίνυν
1694 2720 1951 2769 κοινωνεῖ
2002 2719 2116 2771 τῶν
2164 2720 2348 2791 ἔργων

737 2805 847 2867 τοῖς
884 2805 1167 2874 κρείττοσι
1204 2808 1421 2873 γένεσιν
1453 2810 1484 2878 ή
1538 2809 1711 2878 ψυχὴ,
1774 2810 1991 2881 ἀνάγκη
2040 2813 2217 2884 δήπου
2249 2815 2348 2869 καὶ

736 2896 837 2965 τῆς
865 2898 1077 2962 οὐσίας.
1110 2899 1328 2971 Ὠσπερ
1362 2900 1457 2953 οῦν
1506 2903 1899 2969 κοινωνοῦντες
1927 2910 2040 2972 τοῖς
2083 2909 2194 2964 τῶν
2250 2910 2347 2981 θη-

738 2989 872 3059 ρίων
902 2990 1113 3062 ἔργοις,
1140 2992 1238 3044 καὶ
1268 2994 1368 3062 τῆς
1393 2994 1584 3059 οὐσίας
1632 2999 2006 3069 κοινωνοῦμεν
2064 3002 2123 3071 ἐξ
2175 3003 2347 3071 ἀνάγ-

735 3100 839 3154 κης
903 3085 1117 3150 αὑτοῖς,
1170 3086 1254 3140 διὸ
1305 3086 1402 3139 καὶ
1443 3089 1658 3150 τούτοις
1712 3090 1919 3159 ὁμοίως
1978 3093 2342 3165 φθειρόμεθα,

2474 590 2731 655 κρείττω,
2768 594 2834 661 ῆν
2862 593 2984 661 δίχα
3017 600 3284 665 κινήσεως
3316 601 3569 654 ἐπελθεῖν
3610 605 3817 673 ότῳοῦν
3850 607 4062 676 ἀμήχα-

2468 676 2561 727 νόν
2613 680 2734 731 ἐστι
2788 682 3069 745 παντελῶς
3104 685 3206 745 ςεί
3258 688 3364 756 γάρ
3420 688 3530 742 ἐδει
3576 693 3707 744 ποτέ
3759 693 4059 763 φθαρῆναι,

2468 769 2562 821 ὑπ’
2586 771 2803 834 οὐδενὸς
2832 773 2980 837 εἰκὸς
3018 771 3088 844 ἦν
3141 777 3430 832 πείσεσθαι
3474 779 3635 835 τοῦτο
3671 784 3703 852 ἢ
3762 784 3923 851 μόνου
3963 783 4059 836 τοῦ

2465 859 2715 915 ἐναντίου
2746 863 2865 932 ἦτοι
2897 862 2999 932 τῆς
3031 866 3241 930 οἰκείας
3299 869 3499 933 κακίας
3532 887 3547 901 ο
3601 872 3777 924 πάντα
3809 873 3917 940 γὰρ
3944 876 4058 935 τοῖς

2464 952 2733 1014 ἐναντίοις
2760 953 3064 1009 ἁλίσκεται.
3115 956 3231 1010 Νῦν
3259 958 3305 1011 δ’
3352 960 3507 1013 οὐδὲν
3553 958 3719 1032 ἦττον
3762 962 3964 1026 ζῶντες
4007 967 4056 1017 οί

2464 1059 2504 1093 π
2541 1042 2698 1110 νηροὶ
2724 1042 2836 1096 τῶν
2866 1045 3174 1114 ἀνθρώπων
3207 1048 3300 1101 καὶ
3322 1050 3418 1116 τὴν
3448 1051 3685 1120 ὑποψίαν
3713 1052 4055 1124 ἐξελέγχουσι

2462 1135 2689 1203 ταύτην.
2736 1136 2814 1189 Οὑ
2843 1138 3005 1204 μόνον
3058 1136 3152 1191 οὑν
3191 1140 3290 1208 οὑχ
3342 1141 3640 1210 ὑφίσταται
3692 1147 3901 1217 φθοράν
3964 1151 4058 1203 καὶ

2462 1226 2776 1294 σκεδασμὸν
2805 1227 2901 1280 τοῦ
2953 1228 3210 1298 σώματος
3236 1232 3550 1300 ἐξελθοῦσα,
3580 1236 3723 1289 ἀλλά
3754 1240 3851 1291 καὶ
3879 1241 4057 1291 τελει-

2460 1317 2652 1375 ώσεως
2680 1322 2817 1389 αὐτῇ
2850 1322 3002 1372 τουτὶ
3031 1322 3295 1390 πρόξενον
3320 1330 3533 1391 γίνεται
3566 1332 3658 1381 καὶ
3704 1331 3804 1397 τῆς
3852 1332 4054 1384 τελεω-

2460 1413 2632 1480 τάτης
2665 1416 2841 1467 αίτιον
2868 1417 3177 1488 ἐνεργείας,
3213 1421 3355 1473 ὅπου
3404 1437 3490 1487 γε,
3538 1422 3635 1475 καὶ
3696 1425 3931 1476 συνοῦσα
3979 1426 4055 1493 τῷ

2458 1505 2719 1573 σώματι,
2770 1508 2891 1559 τότε
2948 1511 3339 1579 καθαρώτερον
3416 1517 3516 1582 τῆς
3583 1517 3733 1584 ίερᾶς
3793 1518 4053 1586 ἀληθείας

2457 1599 2973 1666 παραπο>.αὑει,ὃτε
3021 1603 3215 1657 τούτου
3280 1605 3487 1673 μᾶλλον
3544 1608 3745 1678 ἑαυτὴν
3794 1612 4051 1677 χωρίζειν

2452 1690 2755 1758 ἐπείγεται.
2806 1689 2891 1755 Ὧς
2942 1692 3040 1745 νῦν
3088 1711 3152 1758 γε
3199 1696 3288 1749 διὰ
3347 1700 3446 1765 τὴν
3501 1700 3696 1752 τούτου
3751 1702 4049 1772 σκαιότητα

2452 1781 2643 1850 ὥσπερ
2665 1783 3049 1853 ἀμαθαίνουσα
3073 1786 3105 1856 ἧ
3133 1785 3388 1856 λημῶσα,
3422 1790 3742 1860 περιφανῶς
3769 1794 3868 1845 οὑκ
3895 1795 4053 1862 ὀλίγα

2457 1874 2551 1926 καὶ
2606 1874 2707 1941 τῆς
2766 1877 2977 1939 οἰκείας
3044 1880 3329 1944 εὐγενείας
3380 1882 3579 1948 ἀνάξια
3636 1886 3851 1940 ἀκουσα
3911 1884 4051 1940 εἶναι

2458 1966 2777 2034 ὑφίσταται,
2877 1972 2971 2022 καὶ
3002 1967 3185 2042 πολλῷ
3209 1972 3277 2025 ἂν
3308 1974 3524 2045 ὑπῆρχε
3556 1975 3789 2045 βέλτιον,
3824 1979 4052 2033 Πλάτων

2455 2060 2613 2127 φησὶ,
2647 2063 2820 2130 χωρὶς
2856 2063 3059 2126 παντὸς
3088 2064 3345 2133 σώματος
3373 2066 3473 2136 ζῇν
3499 2067 3531 2137 ἡ
3582 2072 3895 2141 μιγνυμένη
3926 2072 4048 2125 τοὺ-

2454 2170 2534 2223 τῳ
2574 2169 2638 2219 γε
2698 2154 2796 2223 τῆς
2853 2155 3067 2209 ἐκεῖθεν
3120 2158 3246 2210 καθ’
3294 2160 3539 2231 ἑκάστην
3590 2164 4051 2235 ἀναπίμπλασθαι

2457 2247 2835 2317 προστροπῆς.
2875 2248 3090 2312 Ἄλλως
3117 2267 3177 2303 τε
3210 2253 3303 2305 καὶ
3332 2253 3456 2307 οὑδέ
3482 2271 3536 2307 τι
3564 2256 3676 2309 τῶν
3721 2259 4053 2329 παραλόγων

2452 2340 2482 2392 δ
2514 2340 2749 2406 θάνατος
2781 2339 2922 2396 εἶναι
2948 2344 3119 2408 δοκεῖ,
3146 2345 3385 2400 οὑδ⁹ἀπὸ
3435 2349 3783 2419 ταύτομάτου
3822 2352 4051 2421 συμσαῖ-

2455 2452 2545 2485 νον
2577 2452 2592 2467 ο
2622 2436 2842 2503 φὺσεως
2862 2437 2971 2507 γάρ
3002 2436 3168 2507 ἔργον
3206 2440 3325 2492 ἐστί
3348 2455 3363 2471 ·
3396 2441 3614 2507 φύσεως
3640 2443 3685 2493 δ’
3721 2443 3885 2511 ἔργον
3911 2445 4052 2499 Θεοῦ

2454 2527 2655 2595 θεσμὸς
2685 2527 2755 2580 ἂν
2799 2528 2886 2598 είη
2942 2530 3044 2582 οὑκ
3103 2516 3322 2599 ἄλογος.
3376 2532 3515 2585 Θεοὺ
3582 2533 3784 2604 θεσμὸν
3844 2536 3917 2604 μή
3972 2538 4053 2588 ὅτι

2456 2617 2693 2684 μάλιστα
2742 2618 2953 2685 βέλτιον
3001 2616 3141 2672 εἶναι
3190 2622 3492 2688 ὁμολογεῖν,
3551 2623 3625 2691 μὴ
3678 2624 3774 2691 οὑχ
3803 2625 3949 2676 ὅσιον

2457 2708 2681 2779 Ἀκρως
2729 2709 2838 2779 γὰρ
2886 2709 3095 2776 ἀγαθὸς
3144 2710 3429 2779 ὑπάρχων,
3461 2714 3560 2764 οὑκ
3578 2712 3643 2766 ἀν
3664 2729 3716 2765 τι
3736 2715 3907 2765 κακδν
3932 2732 4050 2765 ποι·

2451 2800 2563 2868 οίη.
2593 2800 2730 2854 υὺδέ
2758 2803 2867 2871 γάρ
2885 2803 2994 2856 οὐδ’
3018 2802 3168 2854 ἐστὶν
3184 2803 3375 2866 ἁπλῶς
3394 2805 3616 2857 πάντων
3643 2807 3815 2867 αῐτισς
3845 2810 3873 2859 ό
3896 2807 4052 2871 Θεὸς,

2450 2892 2588 2946 ἀλλὰ
2619 2878 2800 2962 μόνων
2829 2895 2940 2948 τῶν
2969 2895 3210 2964 ἀγαθῶν.
3245 2896 3369 2959 Πῶς
3394 2893 3489 2950 οὖν
3510 2899 3624 2959 τοῖς
3646 2898 3771 2966 τῇδε
3795 2898 4052 2968 ζήσασιν,

2450 2985 2645 3055 ὥσπερ
2674 2989 2701 3040 ὁ
2755 2989 2955 3055 μέγας,
3007 2988 3486 3058 σπουδαίως,,τὴν
3543 2990 3725 3058 ἄκραν
3772 2990 3914 3058 ἐχων
3956 2992 4052 3041 καὶ

2449 3076 2629 3131 ταῦτα
2654 3078 3036 3149 δικαιοσύνην,
3069 3080 3244 3133 κακοῦ
3274 3097 3422 3142 τινος
3448 3079 3663 3146 γένοιτο
3692 3082 3863 3143 αἴτιος
3903 3097 3916 3147 ;
3954 3081 4051 3142 Ὃς

734 3176 880 3230 οὑτω
901 3177 1005 3230 κάν
1036 3177 1146 3231 τῶν
1172 3179 1358 3249 ἔργων
1392 3183 1504 3245 τοῖς
1533 3181 1718 3248 γένεσι
1778 3187 2169 3252 κοινωνοῦντες
2200 3192 2345 3242 ἐκεί-
2371 3181 2415 3241 C
2449 3186 2513 3238 γι
2543 3173 2659 3234 τοῖς
2695 3173 3006 3235 σπουδαίως
3032 3173 3273 3229 ἐνταῦθα
3299 3172 3509 3243 βιοῦσιν
3560 3174 3912 3243 εὐδαιμονίαν
3960 3180 4053 3227 καὶ

734 3290 866 3335 νοις,
896 3272 1106 3345 φθορᾶς
1136 3275 1361 3346 ἀπάσης
1420 3277 1709 3346 κρείττους
1742 3276 1801 3343 ἐξ
1841 3280 2093 3351 ἀνάγκης
2155 3284 2344 3352 φανοί-

738 3363 899 3430 μεθα.
935 3364 1159 3435 ’Δκρως
1184 3366 1295 3436 γὰρ
1323 3367 1453 3420 ὄντα
1489 3367 1579 3419 τὸν
1610 3369 1745 3422 Θεὸν
1768 3369 1975 3437 ἀγαθὸν
2013 3372 2109 3425 καὶ
2138 3373 2345 3438 παντὸς

734 3457 839 3521 ἔξω
860 3456 1084 3526 φθόνου,
1124 3458 1343 3526 ἀνάγκη
1369 3460 1464 3511 καὶ
1494 3460 1595 3523 τὰς
1628 3462 1917 3533 ἐγγυτέρω
1962 3465 2366 3536 παραχθείσας

734 3552 925 3615 οὑσίας
980 3554 1134 3625 αὑτῷ
1170 3554 1484 3619 ἀθανάτους
1516 3559 1891 3625 παραγαγεῖν,
1917 3558 2044 3611 ἐπεὶ
2084 3560 2344 3623 κάκεῖνος

733 3645 975 3711 αἰώνιος.
1019 3648 1116 3712 Τίς
1148 3648 1216 3703 ἄν
1246 3650 1339 3703 καὶ
1366 3650 1476 3703 τῶν
1510 3652 1768 3722 ήδίστων,
1813 3656 1860 3707 εί
1887 3653 1963 3724 μὴ
1990 3652 2143 3709 τοῦθ’
2166 3655 2343 3719 οὕτως

732 3738 845 3812 εἶχε
877 3743 970 3795 καὶ
1005 3742 1175 3812 μηδέν
1193 3761 1241 3795 τι
1269 3742 1365 3796 τοῦ
1395 3743 1655 3815 σώματος
1686 3748 1939 3817 κρεῖττον
1972 3744 2041 3819 ἦν
2082 3750 2139 3802 ἐν
2184 3752 2341 3820 ἡμῖν,

734 3837 1015 3907 ὑπερορᾷν
1036 3835 1147 3889 τῶν
1184 3837 1407 3891 πάντων
1471 3840 1673 3909 ἠξίωσε
1706 3857 1721 3907 ;
1759 3841 1855 3905 Τίς
1886 3842 1944 3895 δέ
1978 3846 2071 3896 καὶ
2104 3843 2342 3897 θανάτου

731 3930 891 3999 δίκην
928 3929 1239 4001 ἐπήνεγκεν
1288 3931 1488 4001 ἐαυτῷ,
1551 3933 1646 3986 καὶ
1704 3934 1846 3987 ἐκὼν
1905 3932 2048 3986 εἶναι
2099 3934 2194 3987 τοῦ
2243 3932 2344 4003 ζῇν

731 4022 1050 4091 ἀπηλλάγη,
1082 4023 1242 4076 όπότε
1288 4025 1401 4088 τοῖς
1455 4024 1556 4095 τῆς
1588 4026 1768 4096 ψυχῆς
1814 4026 2191 4095 θεσπίσμασιν
2252 4029 2342 4081 αι’-

732 4119 921 4171 σθοιτο
984 4118 1082 4171 τοῦ
1151 4118 1405 4189 σώματος
1484 4121 1961 4187 ἐναντιουμένου;
2019 4121 2156 4174 Οὑδὲ
2232 4123 2343 4192 γὰρ

728 4212 839 4266 οὐδ’
887 4214 1038 4265 ἐστὶν
1066 4212 1222 4282 ἰσχὺς
1272 4214 1451 4267 οὐδενὶ
1484 4213 1610 4267 καθ’
1659 4213 1855 4277 αὑτοῦ,
1920 4214 2039 4265 ἀλλ’
2102 4214 2342 4267 ἕκαστον

731 4307 895 4358 έαυτδ
924 4304 1106 4359 πάντα
1140 4306 1349 4375 τρόπον
1383 4307 1580 4371 σώζειν
1609 4307 1915 4375 ἐπείγεται,
1948 4309 2043 4363 καὶ
2093 4311 2208 4373 τοῖς
2241 4310 2341 4382 τὴν

732 4400 1018 4469 σωτηρίαν
1050 4398 1358 4453 κωλύουσιν
1399 4401 1742 4455 ἀδιάλλακτα
1775 4402 1855 4473 (Ι)
1880 4404 2132 4473 πολεμεῖ.
2178 4406 2340 4459 Ἀλλά

732 4494 841 4562 μὴν
871 4496 916 4544 εἰ
943 4492 1020 4562 τῷ
1046 4493 1266 4564 σώματι
1291 4495 1417 4564 ἥκει
1448 4497 1696 4565 φέρουσα
1724 4498 1871 4568 ζωὴν
1926 4500 1957 4569 ή
2010 4499 2182 4569 ψυχὴ,
2245 4500 2339 4551 καὶ
2370 4545 2425 4607 D

724 4586 967 4641 ἀπιοῦσα
993 4587 1403 4657 καταλιμπάνει
1435 4589 1651 4658 νεκρὸν,
1682 4589 1801 4653 πῶς
1832 4593 1933 4644 οὑκ
1957 4592 2022 4645 ἂν
2054 4593 2180 4645 καθ’
2209 4595 2339 4646 ἐαυ-

725 4681 824 4752 τὴν
846 4679 1030 4751 πολλῷ
1055 4680 1261 4750 μᾶλλον
1288 4681 1560 4746 ἀθάνατος
1590 4684 1698 4753 είη,
1731 4685 1827 4737 καὶ
1873 4686 2082 4755 φθορᾶς
2115 4686 2337 4756 ἀπάσης

726 4775 1103 4846 ὑπερκειμένη
1134 4791 1147 4838 ;
1180 4773 1313 4828 Οὑδέ
1343 4773 1453 4845 γὰρ
1474 4775 1585 4827 οὔδ’
1615 4776 1763 4829 ἔστιν
1786 4778 1983 4840 εἰπεῖν,
2020 4777 2201 4842 ζῶσαν
2238 4779 2337 4848 μὲν

724 4870 975 4932 εἰσιέναι,
1011 4866 1266 4933 ἐξιοῦσιν
1292 4869 1348 4921 δέ
1377 4869 1651 4939 οἴχεσθαι,
1690 4870 1828 4923 ὅπου
1855 4888 1916 4938 γε
1949 4870 2066 4925 ἔνια
2099 4875 2194 4925 καὶ
2228 4872 2337 4925 τῶν

727 4961 937 5031 μορίων
963 4958 1060 5011 τοῦ
1097 4957 1357 5028 σώματος
1388 4960 1643 5012 πλεῖστον
1677 4962 1804 5015 ὅσον
1841 4963 2039 5032 χρόνον
2090 4964 2332 5033 ἀντέχει.

726 5055 785 5106 r2!
819 5055 925 5123 γὰρ
948 5054 1050 5123 τὴν
1082 5053 1274 5105 οὑσίαν
1303 5053 1558 5107 ὁπωσοῦν
1582 5056 1837 5119 ἐκινεῖτο,
1872 5057 1969 5108 καὶ
2026 5056 2150 5109 καθ’
2201 5059 2337 5111 αὑτὸ

724 5150 827 5203 κᾶν
862 5149 996 5212 ἴσως
1016 5149 1228 5218 ὑπέστη
1263 5152 1496 5220 φθοράν.
1537 5149 1823 5220 Ἀκίνητος
1856 5152 1903 5204 δ’
1931 5151 2065 5206 οὖσι
2129 5148 2331 5223 πάντη,

2449 3265 2690 3330 εὑζωῖαν
2723 3268 2818 3319 καὶ
2852 3266 3066 3346 μυρίαν,
3089 3266 3258 3336 ἀλλην
3286 3266 3676 3337 μακαριότητα
3721 3267 3861 3336 μετὰ
3911 3265 4049 3337 [τινι

2448 3360 2576 3427 τῇδε
2607 3359 2724 3429 βίον
2754 3360 3157 3427 ἐπαγγέλλεται
3208 3360 3513 3431 διαρρήδην
3550 3378 3561 3390 ·
3615 3354 3696 3422 οἷς
3753 3363 3856 3413 οὑκ
3906 3360 4050 3422 εἰκὸς

2448 3455 2728 3519 ἀπιστεῖν,
2760 3454 2948 3522 ἔργοις
2994 3454 3468 3524 ἀναπειθομένους
3526 3454 3736 3516 αὑτοῖς.
3813 3452 3955 3520 Ἐγώ
3993 3453 4051 3505 δὲ

2449 3549 2544 3600 καὶ
2567 3546 2667 3618 τὴν
2701 3547 2965 3619 τελευτὴν
3016 3546 3111 3601 τοῦ
3170 3548 3411 3617 μεγάλου
3468 3548 3567 3617 οὑχ
3629 3547 3819 3610 άπλῶς
3869 3548 3926 3598 ἐν
3973 3546 4052 3613 τῷ

2449 3634 2702 3711 παρόντι,
2737 3641 2856 3693 ἀλλ’
2889 3642 2952 3694 ἐκ
2984 3640 3136 3703 θείας
3178 3640 3380 3712 μοίρας
3430 3641 3786 3711 ἰσχυρίζομαι
3831 3642 4051 3708 γεγονέ-

2448 3753 2537 3788 ναι
2573 3752 2586 3767 ο
2619 3734 2679 3787 οὑ
2708 3734 2818 3803 γὰρ
2842 3733 3012 3797 ἔστιν,
3034 3733 3134 3786 οὑκ
3160 3733 3277 3786 ἐστι
3304 3733 3375 3785 τά
3411 3732 3521 3786 τῶν
3553 3732 3730 3794 οὕτως
3765 3731 4051 3800 βιούντων,

2449 3830 2525 3891 ώς
2582 3831 2611 3883 ό
2674 3830 2849 3898 μέγας
2897 3830 3127 3890 ἐκεῖνος,
3182 3827 3490 3897 πράγματα
3523 3826 3868 3896 ἀμεληθῆναί
3922 3841 4051 3878 ποτε

2451 3924 2558 3977 ὑπὸ
2590 3922 2684 3975 τοῦ
2742 3922 2899 3975 Θεοῦ.
2933 3920 3103 3975 Ταῦτ’
3133 3920 3227 3975 οὖν
3254 3919 3597 3983 ἐννοοῦντας,
3656 3922 3783 3973 ὅσον
3818 3920 4051 3985 ἔξεστιν,

2449 4016 2650 4084 ἀρετῆς
2674 4016 2971 4069 ἀνθεκτέον
3005 4015 3071 4068 ἂν
3102 4015 3213 4084 εἴη,
3250 4014 3422 4069 τάλλα
3464 4014 3643 4068 πάντα
3678 4012 3912 4081 δεύτερα
3972 4028 4053 4063 τι·

2449 4111 2737 4179 θεμένους,
2764 4109 2861 4162 καὶ
2881 4110 2979 4177 τὴν
3008 4107 3220 4160 ἐκείνου
3274 4107 3579 4169 πολιτείαν,
3636 4108 3762 4159 ὅσον
3820 4101 3934 4157 οἷόν
3989 4106 4051 4157 τέ

2448 4203 2588 4265 ἐστι,
2614 4204 2884 4270 μιμητέον
2919 4216 2932 4227 ·
2968 4196 3113 4255 οὓτω
3136 4197 3245 4268 γάρ
3265 4196 3333 4251 ἂν
3366 4198 3594 4264 ἄμεινον
3616 4192 3929 4262 πράξαιμεν
3959 4193 4055 4245 καὶ

2449 4297 2656 4363 ζῶντές
2681 4313 2740 4348 τε
2766 4299 2864 4349 καὶ
2892 4294 3283 4356 τελευτῶντες.
3333 4293 3490 4345 Ἐπεὶ
3526 4292 3623 4344 καὶ
3673 4289 3899 4342 Πλάτων
3958 4288 4055 4340 αὑ-

2447 4396 2537 4451 τός
2574 4406 2714 4460 φησι
2740 4392 2841 4460 τὴν
2871 4391 2952 4451 είς
2976 4387 3143 4458 ’ᾍδου
3169 4386 3269 4456 τὴν
3301 4384 3483 4454 ψυχὴν
3520 4382 3889 4451 στελλομένην
3913 4379 4051 4431 ἀπο·

2448 4484 2657 4555 δημίαν
2716 4483 2888 4553 μηδὲν
2930 4483 3278 4551 ἀπέρχεσθαι
3329 4482 3603 4551 φέρουσαν
3655 4476 3786 4529 ἄλλο
3839 4474 3873 4543 ἢ
3954 4472 4052 4541 τήν

2453 4581 2658 4651 ἀρετὴν
2678 4582 2774 4631 καὶ
2826 4578 3042 4644 σοφίαν.
3101 4578 3165 4628 ’Λ
3228 4575 3319 4626 τὸν
3374 4574 3549 4643 μέγαν
3585 4571 3768 4640 (ἴσμεν
3823 4568 4052 4633 πάντες)

2454 4675 2577 4747 μεθ’
2617 4674 2928 4744 ὑπερϐολῆς
2960 4672 3321 4741 κεκτημένον,
3354 4668 3513 4730 ἐλπίς
3542 4669 3691 4721 ἐστιν
3714 4667 3796 4719 ὅτι
3816 4662 4055 4733 μάλιστα

2450 4768 2510 4827 εὖ
2537 4772 2747 4842 πρᾶξαι
2777 4772 2914 4822 ἐκεῖ.
2953 4770 3176 4819 Δίκαιον
3199 4763 3292 4817 οὖν
3323 4763 3418 4815 καὶ
3444 4762 3591 4831 ἡμᾶς
3646 4755 4055 4827 συνεφήδεσθαι

2450 4871 2517 4937 τῇ
2553 4866 2768 4918 ἐκείνου
2811 4860 3155 4931 εὐδαιμονίᾳ,
3190 4858 3285 4911 καὶ
3319 4858 3393 4925 μὴ
3446 4855 3619 4916 οὕτως
3665 4852 3832 4921 ἐχειν,
3861 4850 4055 4914 ὥσπερ

2447 4966 2513 5020 ἄν
2546 4982 2598 5015 τι
2628 4962 2736 5015 τῶν
2769 4959 3106 5026 παραλόγων
3134 4941 3229 5008 καὶ
3277 4952 3472 5005 δεινῶν
3526 4949 3846 5008 ἐπεπόνθει,
3916 4942 4056 4997 ἀλλά

2446 5061 2542 5112 καὶ
2584 5058 2857 5128 μεγίστην
2891 5050 3259 5123 παραμυθίαν
3289 5051 3387 5103 καὶ
3420 5046 3629 5116 κόσμον
3652 5041 3911 5114 ήγεῖσθαι
3953 5037 4058 5108 τὴν

2444 5154 2649 5224 ἀρετὴν
2680 5153 2896 5204 ἐκείνου
2932 5150 3027 5202 καὶ
3067 5148 3169 5217 τῆν
3204 5145 3481 5214 θειότητα.

798 5334 873 5400 (I)
908 5332 1032 5389 Hanc
1078 5350 1131 5391 οι
1191 5333 1475 5404 sequentia
1520 5335 1776 5405 pleraque
1810 5334 1939 5392 huc.
1982 5338 2139 5393 ullala
2204 5354 2325 5395 esse
2360 5354 2423 5394 cx

2460 5337 2706 5394 Plnltmis
2744 5333 3027 5395 Pha’done,
3064 5328 3322 5387 monch
3374 5338 3473 5380 nos
3524 5322 3652 5377 olim
3699 5316 4054 5376 doctissimus

724 5409 973 5465 lahnius.
