4420 6448
377 416 482 478 329
1252 411 1352 473 DE
1387 411 1646 470 REBUS
1703 397 2431 473 PELOPONNESIACIS
2473 415 2764 476 (nemo
2811 418 2851 476 l.
3550 416 3656 482 830

373 529 486 591 τοῖς
534 527 635 595 μιν
686 523 1149 600 στρατευομένοις
1185 523 1322 591 πρὸς
1354 525 1416 574 το
1473 526 1657 592 πάσης
1698 524 1964 593 εἰσφορᾶς
1998 535 2041 588 Α
2070 540 2118 594 (ιι

1915 524 1964 587 ῖς
1998 535 2041 588 Α
2070 523 2298 594 quidem
2330 524 2426 578 sed
2460 525 2662 599 multas
2712 537 2766 578 et
2800 541 2830 577 a
2860 525 3047 581 multis
3094 538 3318 582 exactas
3350 543 3524 596 neque
3570 546 3660 598 pe-

374 617 634 686 ἀφεῖσθαι
667 617 808 687 (15),
862 615 1062 687 μηκέτι
1122 615 1306 683 μέντοι
1357 607 1702 666 οὖτωαατα
1757 617 1969 685 σμικρά
2071 634 2119 672 et

1918 617 1969 667 >ἀ
2071 617 2234 672 eunia
2291 627 2506 670 utentes
2556 605 2700 685 (1.οά
2730 620 2878 673 enim
2934 629 3096 687 pacto
3127 622 3282 687 longe
3337 623 3663 676 ditiieillima:

381 710 502 780 μὶν,
551 709 723 778 συχνά
769 708 848 772 δὲ,
906 708 1032 777 μηδ’
1081 708 1186 760 ὑπὸ
1222 703 1446 759 ,πολλῶν
1493 706 1967 775 είσπραττόμενα,
2070 726 2126 766 eo

1921 722 1967 772 ι,
2070 710 2395 766 collationes
2428 719 2541 763 tum
2572 711 2918 779 exigentibus
2952 722 3062 764 tmn
3102 715 3462 781 pendentibus
3493 715 3666 767 exsis-

385 801 522 869 μηδὲ
553 801 850 870 νομίσματι
883 800 1186 868 εἰσφέρειν.
1219 799 1623 851 Χαλεπώταται
1652 798 1760 866 γὰρ
1790 797 1970 860 οὕτως
2074 811 2130 856 ιιι

1923 808 1970 860 κ
2074 803 2242 867 tum).
2266 804 2358 857 sed
2386 805 2552 855 unius
2569 803 2786 866 quidem
2818 804 3404 872 generis'coliationem
3436 820 3668 874 eamque

383 895 440 946 αί
469 893 788 960 εἰσπράξεις
819 890 935 957 ἀτια
983 893 1190 958 ἀμφοῖν
1241 890 1336 942 καὶ
1380 892 1493 949 τοῖς
1532 892 1848 961 είσφέρουσι
1880 893 1974 943 καὶ
2078 910 2128 948 m

1925 893 1974 943 αὶ
2078 895 2357 948 mercibus
2417 894 2699 963 pendant,
2756 895 2920 964 idque
2975 898 3066 950 uui
3117 898 3393 951 ruidama
3441 898 3670 967 singulis

383 989 496 1049 τοῖς
523 985 917 1056 είστιράττουσι
969 983 1370 1036 καθίστανται·
1417 983 1555 1037 ἀλλὰ
1593 986 1720 1052 μίαν
1755 985 1854 1054 μὲν
1897 985 1977 1056 τῷ
2078 998 2128 1038 οι

1931 985 1977 1056 ᾦ
2078 984 2358 1054 exigenti;
2396 985 2557 1038 talem
2610 996 2792 1038 autem
2841 1001 2903 1039 ac
2941 995 3191 1052 tantam,
3231 988 3405 1055 qualis
3471 987 3672 1055 pariter

387 1079 517 1131 εῖδει
548 1079 649 1146 τὴν
675 1076 958 1144 εἰσφορὰν,
990 1076 1086 1127 καὶ
1117 1075 1324 1142 ταύτην
1357 1075 1639 1144 χρήμασιν
1673 1076 1974 1144 εἰσφέρειν,

392 1170 513 1232 ἑνός
539 1170 598 1222 τέ
629 1186 773 1232 τινος
805 1169 1226 1236 είσπράττοντος
1253 1170 1386 1236 παρ’
1407 1169 1642 1222 ἑκάστου
1670 1185 1685 1199 ο
1718 1169 1981 1238 τοιαύτην

2085 1085 2142 1130 et
2165 1077 2314 1143 justa
2355 1076 2426 1129 sit
2460 1088 2509 1128 et
2540 1078 2702 1132 rebus
2734 1089 3024 1132 succurrat
3059 1088 3112 1133 et
3145 1079 3277 1149 ipsis
3311 1079 3677 1149 pemlentibus

2087 1183 2195 1222 non
2225 1169 2295 1222 sit
2327 1170 2676 1238 gravissima.

391 1265 446 1317 δὲ
501 1265 593 1316 καὶ
628 1262 990 1332 τηλικαύτην,
1041 1260 1162 1315 οἵαν
1215 1261 1316 1330 τὴν
1351 1263 1524 1330 αὐτὴν
1572 1263 1634 1316 τό
1679 1279 1742 1314 τε
1773 1263 1987 1315 δίκαιον
2025 1263 2144 1331 ἅμα
2194 1261 2362 1326 ἕξειν,
2396 1262 2489 1314 καὶ
2552 1265 2664 1324 τοῖς
2706 1264 3026 1332 πράγμασιν
3072 1263 3424 1334 ἐπαρκέσει-ι,
3495 1265 3681 1326 αὐτοῖς

393 1370 453 1408 τι
515 1357 630 1415 τοῖς
689 1356 1021 1407 εἱσοίσουσιν
1081 1354 1156 1417 ὡς
1224 1355 1571 1423 κουφοτάτην
1641 1355 1708 1408 ἂν
1771 1353 2234 1425 ἔσεαβαιτρέρειν.

471 1471 557 1542 ιβ’.
594 1471 690 1532 τίς
744 1471 810 1523 ἂν
856 1471 950 1525 οὖν
979 1472 1214 1541 εἰσφορά
1270 1471 1362 1523 τοῦ
1401 1473 1617 1525 ἅπαντα
1660 1470 1813 1523 ταῦθ’
1874 1472 1993 1540 ἅμα

396 1564 654 1615 δύνασ”αι
711 1560 784 1623 ὡς
843 1563 1128 1628 ἐγγυτάτω
1173 1562 1285 1630 εἴη,
1345 1560 1457 1629 ἐγὼ
1506 1562 1680 1628 δήπου
1737 1559 1993 1628 δηλώσω.

400 1656 539 1716 Τοὺς
598 1653 957 1722 γιγνομένους
1013 1653 1124 1706 τῶν
1192 1653 1369 1724 ἔργων
1426 1653 1676 1706 ἑκάστων
1742 1652 1995 1721 καρποὺς

401 1746 553 1812 τρισί
580 1761 724 1813 φημι
761 1746 1063 1814 προσήκειν
1091 1745 1232 1798 κατά
1259 1745 1321 1796 τὸ
1352 1744 1565 1799 δίκαιον
1596 1744 1708 1816 (16)
1731 1760 1745 1773 °
1783 1745 1865 1797 ἑνὶ
1896 1745 1996 1812 μὲν

407 1835 562 1905 αύτῷ
595 1834 672 1904 τῷ
697 1834 806 1887 τῶν
832 1836 1007 1906 ἔργων
1032 1837 1260 1909 ἐργάτῃ.
1289 1835 1537 1904 δευτέρῳ
1563 1836 1620 1889 δὲ
1652 1836 1731 1904 τῷ
1763 1837 1830 1888 τα
1861 1835 1994 1905 τέλη

407 1929 854 1998 συνεκπορίζοντι
885 1931 996 1992 τοῖς
1026 1929 1232 2000 ἔργοις,
1264 1931 1359 1983 καὶ
1385 1928 1555 1999 τρίτῳ
1586 1929 1663 1996 τῷ
1694 1929 1791 1998 τὴν
1822 1929 2000 2000 ἀσφάέ

405 2022 557 2072 λειαν
587 2023 698 2080 τοῖς
734 2020 877 2081 ὅλοις
929 1999 1431 2090 παρασκευάζοντι.
1483 2020 1746 2089 Ἐργάται
1773 2019 1895 2087 νμὲν
1927 1999 2002 2088 δὴζ

409 2114 705 2183 ἀροτῆρες,
733 2113 1076 2184 σκαπτῆρες,
1110 2116 1295 2183 νομεῖς
1322 2130 1338 2146 θ
1381 2116 1512 2184 τέλη
1546 2115 1602 2166 δὲ
1642 2113 1855 2167 τούτων
1885 2116 2000 2178 τοῖς

410 2205 594 2272 ἔργοις
647 2204 791 2274 βόες,
826 2204 1177 2275 ἀμπελῶνες,
1211 2203 1560 2274 βοσκήματα,
1593 2203 1648 2255 εἴ
1687 2204 1747 2258 τέ
1776 2218 1829 2254 τι
1873 2202 2003 2256 ἀλλο

411 2295 522 2348 τῶν
551 2296 1009 2367 ,τοιουτοτρόπων
1035 2313 1052 2330 ο
1098 2298 1146 2350 oi
1200 2296 1256 2349 δὲ
1295 2295 1360 2366 δὴ
1405 2295 1506 2364 τὴν
1547 2295 1854 2364 ἀσφάλειαν
1890 2312 2003 2347 πα-

418 2389 858 2459 ρασκευάζοντες
913 2390 1028 2454 τοῖς
1077 2390 1245 2455 ὅλοις,
1296 2391 1347 2442 oi
1410 2389 1854 2458 στρατευόμενοι,
1907 2388 2004 2442 καὶ

416 2483 932 2554 προκινδυνεύοντες
982 2483 1098 2536 τῶν
1128 2483 1289 2548 ὅλων,
1323 2483 1377 2535 οῖ
1416 2499 1475 2536 τε
1515 2482 1783 2552 ἄρχοντές
1820 2499 1881 2535 τε
1913 2481 2008 2535 καὶ

421 2575 851 2642 ιπιστατοῦντες
883 2575 1036 2630 ἄλλοι
1067 2576 1250 2638 ἄλλοις
1279 2575 1391 2628 τῶν
1433 2576 1653 2642 κοινῶν,
1689 2577 1783 2628 καὶ
1812 2573 2022 2638 σωζον-.

421 2686 514 2733 τες
541 2669 754 2724 ἔκαστα
793 2671 887 2722 καὶ
924 2669 1098 2740 μείζω
1131 2670 1225 2722 καὶ
1268 2669 1498 2727 ίλάττω,
1538 2666 1795 2737 βασιλεύς
1829 2684 1888 2719 τε
1922 2685 2014 2719 κου

426 2763 656 2831 ρυφαῖος
688 2762 894 2815 ἅπασιν
939 2762 1254 2815 ἐπιστατῶν
1301 2762 1395 2813 καὶ
1431 2760 1613 2814 πάντα
1658 2758 2016 2813 κατευθύνων

427 2872 486 2909 τε
518 2860 613 2909 καὶ
647 2856 858 2920 σώζων.
892 2856 962 2910 Ὀ
1003 2873 1054 2908 τι
1081 2859 1188 2923 γὰρ
1220 2855 1286 2908 ἂν
1319 2855 1528 2907 τούτων
1554 2855 1693 2924 ἀπῇ,
1727 2852 1882 2906 οὐδὲν
1909 2853 2019 2905 τῶν

2180 1473 2269 1525 19..
2307 1470 2423 1526 Jam
2462 1487 2584 1542 qua:
2613 1472 2856 1536 collatio
2906 1473 3067 1526 simul
3119 1472 3229 1525 fere
3260 1473 3687 1542 comprehendat

2102 1565 2219 1620 lia‘c
2248 1565 2455 1627 omnia,
2493 1581 2673 1620 meum
2706 1576 2788 1619 est
2818 1566 3131 1619 ostendere.
3172 1564 3408 1634 Operum
3443 1567 3688 1619 omnium

2106 1658 2316 1712 fructus
2369 1657 2546 1712 tribus
2601 1659 2686 1711 aio
2753 1661 3102 1726 potissimum
3164 1659 3401 1722 deberi';
3457 1658 3690 1726 primum

2104 1748 2238 1816 ipsis
2266 1749 2470 1817 operis,
2502 1749 2701 1803 deinde
2737 1749 2810 1802 illi
2842 1749 2934 1818 qui
2967 1757 3216 1818 sumptus
3246 1750 3398 1812 facit,
3448 1757 3561 1801 tum
3604 1748 3694 1817 qui

2107 1841 2459 1894 securitatem
2491 1840 2766 1893 uiiiversis
2802 1850 3046 1908 pnestat.
3071 1841 3251 1909 Atque
3282 1839 3698 1909 operasquidem

2109 1942 2409 1987 censentur
2444 1944 2716 1996 aratores,
2785 1931 3061 1995 fossnres,
3116 1943 3404 2003 pastores:
3443 1939 3702 1998 sumptus

2109 2032 2290 2079 autem
2345 2025 2398 2078 iu
2459 2025 2672 2089 bobus,
2713 2024 2886 2078 vineis
2919 2065 2932 2086 ,
2994 2026 3284 2091 armentis,
3333 2041 3395 2079 ac
3432 2024 3705 2078 similibus

2116 2117 2430 2172 consistunt
2465 2134 2479 2171 :
2516 2118 2866 2172 securitatem
2897 2117 3130 2186 denique
3155 2119 3424 2172 universis
3450 2126 3708 2185 pnestaut

2113 2209 2314 2264 milites
2361 2219 2415 2262 et
2450 2210 2728 2278 praefecti,
2765 2211 2967 2280 quique
3009 2212 3102 2266 alii
3169 2211 3306 2265 alias
3351 2211 3486 2278 reip.
3528 2220 3710 2276 partes

2115 2310 2313 2356 curant
2339 2343 2354 2368 ,
2385 2302 2710 2374 singuiaque
2757 2314 2870 2359 tum
2900 2319 3065 2374 parva
3103 2313 3216 2358 tum
3256 2319 3448 2374 magna
3482 2317 3705 2357 conser-

2115 2404 2264 2456 vant,
2294 2405 2348 2449 et
2372 2397 2680 2466 praecipuus
2715 2412 2833 2461 rex,
2855 2397 3115 2452 omnibus
3148 2397 3451 2465 imperans,
3485 2396 3704 2448 omnia-

2119 2501 2224 2556 que
2262 2488 2580 2560 gubernans
2611 2501 2664 2544 et
2698 2490 3059 2544 conservans.
3088 2489 3144 2544 Si
3173 2488 3316 2558 quod
3349 2490 3495 2543 enim
3520 2486 3713 2550 horum

2125 2579 2294 2646 desit,
2354 2581 2566 2650 reliqua
2603 2581 2809 2636 nullius
2848 2584 3109 2636 momenti
3145 2592 3275 2636 sunt
3325 2580 3507 2635 futura
3538 2596 3552 2632 :
3588 2594 3715 2634 cum

2127 2680 2183 2725 et
2217 2686 2413 2740 operas
2459 2673 2696 2743 prinmm
2731 2683 2983 2744 oporteat
3015 2683 3336 2743 suppetere,
3377 2681 3432 2725 et
3465 2681 3721 2740 sumptus

2129 2764 2390 2834 operibus
2425 2766 2651 2835 praeberi
2691 2776 2744 2821 et
2774 2767 2934 2820 simul
2961 2767 3242 2832 custodes,
3278 2774 3335 2820 ut
3362 2781 3450 2819 res
3483 2764 3718 2833 alicujus

2131 2859 2202 2912 sit
2237 2857 2416 2927 pretii,
2449 2859 2668 2913 adesse.

428 2950 636 3002 λοιπῶν
664 2949 882 3016 δφελος·
915 2949 1052 3002 ἀλλὰ
1083 2947 1210 3010 τούς
1238 2965 1296 3001 τε
1329 2949 1734 3018 ἐργασομένους
1757 2947 1840 3000 δεῖ
1865 2948 2084 3016 πρῶτον
2119 2949 2411 3021 ὑπάρχειν,
2446 2951 2576 3022 τέλη
2643 2969 2701 3004 τε
2777 2952 2915 3006 ἄττα
2982 2953 3131 3022 σρῶν
3183 2956 3293 3016 τοῖς
3343 2953 3528 3023 ἔργοις
3595 2969 3698 3004 πα-

432 3047 631 3115 ρεῖναι,
668 3043 764 3095 καὶ
792 3043 909 3108 ἅμα
937 3042 1062 3103 τοὺς
1096 3040 1462 3109 φυλάξοντας,
1496 3041 1546 3092 εί
1595 3041 1784 3110 μέλλοι
1815 3058 1868 3094 τι
1898 3041 2095 3110 ἤφελος
2122 3041 2367 3098 ἔσεσθαι.

507 3177 598 3238 ιγ’.
631 3169 729 3222 Διὰ
766 3168 940 3222 ταῦτα
985 3167 1168 3219 τοίνυν
1202 3167 1297 3218 καὶ
1327 3166 1490 3234 τριχῆ
1538 3180 1682 3234 φημι
1732 3162 1847 3216 δεῖν
1881 3178 2034 3217 νενε-
2063 3164 2109 3226 c

438 3264 643 3336 μῆσοαι
677 3261 802 3322 τοὺς
833 3258 1194 3328 γιγνομένους
1242 3258 1497 3320 ἑκάστοις
1526 3257 1638 3310 τῶν
1669 3254 1848 3324 ἔργων
1891 3271 2027 3325 καρ-

440 3358 600 3421 ποὺς,
638 3356 749 3410 εἴτε
788 3355 935 3414 σῖτος
979 3349 1115 3416 εἷεν,
1148 3354 1259 3405 εῐτε
1306 3346 1469 3413 οἶνος,
1525 3351 1637 3405 εἴτε
1683 3350 1886 3411 ἔλαιον,
1922 3351 2033 3404 εἴτε

443 3448 778 3520 βαμόἓκινα,
824 3445 904 3496 ἔτι
935 3461 990 3497 τε
1044 3441 1411 3512 βοσκημάτων
1439 3442 1612 3504 τόκοι,
1661 3441 1824 3508 γάλα,
1867 3439 2036 3510 ἔριον,

443 3543 551 3594 εῖτε
579 3538 794 3594 τι-ἀλλο
822 3535 1211 3608 παραπλήσιον
1234 3550 1246 3562 ·
1274 3531 1646 3603 λογιζομένων
1670 3531 1781 3584 τῶν
1806 3531 2040 3601 καρπῶν

445 3633 713 3703 ἀροτῆρσι
754 3630 856 3698 μὲν
911 3628 1050 3698 μετά
1093 3627 1320 3697 τὴντῶν
1370 3626 1699 3694 σπερμάτων
1744 3624 2037 3694 ἐξαίρεσιν,

447 3725 672 3796 ποιεῦσι
694 3725 748 3778 δὲ
772 3725 912 3793 μετᾶ
933 3723 1032 3793 τὴν
1053 3721 1160 3776 τῶν
1182 3721 1428 3790 ἀρχαίων
1447 3718 1733 3773 ἀπσκατὰσ
1745 3733 1917 3769 τασιν·
1947 3717 2042 3768 καὶ

452 3823 584 3891 μίαν
643 3820 742 3891 μὲν
773 3816 922 3888 αὐτῷ
954 3816 1030 3887 τῷ
1067 3802 1276 3889 ἐργάτῃ
1310 3812 1640 3882 γεγενῆσθαι
1678 3816 1894 3882 μοῖραν,
1921 3812 2041 3864 δευ-

451 3918 617 3986 τέραν
646 3932 702 3967 τε
738 3915 852 3977 τοῖς
884 3911 1088 3973 τέλεσι,
1121 3910 1222 3978 τὴν
1261 3910 1450 3978 τρίτην
1482 3907 1538 3960 δὲ
1566 3901 1633 3959 αὖ
1668 3905 1744 3976 τῷ
1775 3905 2043 3975 δημοσίῳ.

453 4010 561 4063 Τὸν
623 4008 724 4078 μὲν
753 4001 848 4060 οὖν
894 4005 1120 4066 οἰκείοις
1169 4000 1545 4072 ἐργαζόμενον
1592 3999 1826 4061 τέλεσιν,
1857 3998 2050 4068 ἔχοντα

453 4104 550 4165 τὰς
579 4102 674 4157 δύο
708 4104 926 4172 μοίρας,
956 4099 1056 4168 τὴν
1089 4096 1284 4168 τρίτην
1312 4094 1392 4165 τῷ
1423 4095 1674 4164 δημοσίῳ
1705 4091 2011 4161 ἀποφέρειν
2034 4105 2047 4118 ·

455 4199 547 4252 τὸν
594 4196 638 4250 δ’
686 4194 758 4249 αὖ
815 4192 968 4265 παρὰ
998 4191 1105 4246 τῶν
1150 4190 1244 4243 ἐπὶ
1297 4190 1364 4258 τῇ
1417 4186 1657 4256 δημοσία
1690 4183 2054 4252 τεταγμένων

457 4290 876 4360 ὲκλαμόάνοντα
900 4286 971 4341 τὰ
1012 4285 1164 4354 τέλη,
1196 4281 1361 4335 αὐτὸν
1400 4282 1494 4332 ἐπὶ
1527 4281 1593 4348 τῇ
1630 4278 1792 4349 τρίτῃ
1822 4277 2052 4348 ἐργάζε-

461 4388 608 4449 σθαι,
641 4384 672 4445 ἦ
700 4383 753 4435 εἷ
781 4399 897 4444 πως
931 4380 997 4433 ἂν
1037 4377 1215 4438 ἄλλως
1242 4377 1394 4444 κοινῇ
1429 4371 1830 4440 συμϐαίνοντες
1860 4369 2055 4422 τούτου

460 4478 558 4534 τοῦ
590 4476 804 4532 δικαίου
844 4458 920 4543 μὴ
954 4470 1089 4524 πολύ
1121 4486 1206 4523 τοι
1254 4465 1640 4520 ἀπολείποιντο
1664 4480 1678 4495 ·
1718 4463 1811 4516 τὸν
1852 4461 1909 4515 δὲ
1941 4477 2057 4515 κοι-

426 4564 436 4580 “
463 4578 571 4638 νοῖς
607 4552 979 4643 ἐργαζόμενον
1009 4567 1124 4628 τοῖς
1168 4562 1384 4617 τέλεσιν
1411 4562 1503 4614 ἐπὶ
1535 4561 1602 4630 τῇ
1642 4559 1872 4629 ἡμισείᾳ
1895 4556 2063 4626 ὲργά-

463 4668 677 4735 ζεσθαι.
726 4664 889 4718 Ἀλλο
920 4662 977 4716 δὲ
1011 4659 1136 4733 μηδ’
1162 4655 1344 4712 ὁτιοῦν
1377 4657 1554 4710 τελεῖν
1585 4652 1800 4707 τούτων
1828 4651 2062 4722 μηδένα,

465 4765 494 4817 ὃ
523 4777 578 4813 τι
610 4760 675 4830 δὴ
706 4755 859 4823 ἀξιον
882 4753 1069 4822 λόγου.
1099 4751 1242 4814 Τοὺς
1274 4748 1332 4803 δὲ
1362 4747 1572 4816 ταύτην
1602 4744 1942 4806 είσοίσοντας
1965 4743 2065 4812 τὴν

466 4851 736 4923 εἰσφορὰν
765 4848 1021 4902 καλέσειε
1059 4843 1157 4915 (al.
1182 4839 1489 4909 κελεύσειε)
1514 4840 1614 4908 μὲν
1649 4838 1714 4892 ἄν
1751 4855 1832 4900 τις
1864 4837 2066 4889 οὑτωσὶ

467 4947 716 5006 Εἵλωτας
745 4941 880 5010 (l7),
915 4940 1004 4993 διὰ
1031 4939 1091 4990 τὸ
1115 4935 1449 5006 ἀφειμένους
1488 4934 1589 5001 τῆς
1637 4930 1930 5000 στρατείας
1977 4929 2070 4982 ἐπὶ

470 5044 532 5096 τὸ
571 5039 850 5108 εἰσφέρειν
881 5031 1147 5101 τετάχθαι
1171 5045 1185 5059 °
1220 5027 1475 5098 νομίζειν
1504 5026 1560 5079 δὲ
1593 5024 1792 5096 χρῆναι
1831 5022 2069 5085 κοινοὺς,

470 5133 696 5197 τούτους
724 5129 984 5202 τροφέας,
1041 5124 1140 5178 καὶ
1203 5121 1372 5193 μηδὲν
1411 5119 1578 5171 πλέον
1630 5117 1770 5187 μήτε
1809 5113 2070 5181 εἰσπράτ-

474 5246 588 5282 τειν
648 5226 799 5296 παρά
842 5222 1055 5293 ταύτην
1107 5235 1211 5288 την
1255 5217 1543 5284 είσφορὰν,
1583 5213 1708 5284 μηδ’
1741 5213 1882 5279 ὑπὲρ
1931 5210 2074 5272 ἐνὸς.

480 5323 618 5387 μήτε
669 5317 936 5384 ἀγγάρκις
998 5312 1199 5376 ἐξεῖναι
1252 5306 1490 5378 χρῆσθαι
1551 5305 1765 5395 μηδενὶ,
1825 5302 1940 5356 ἀλλ’
1999 5299 2075 5363 ὡς

481 5414 723 5482 psit-.03:
754 5411 1041 5480 περιέπειν
1067 5404 1176 5457 οὐδ’
1225 5399 1407 5455 ὁτιοῦν
1447 5398 1906 5470 ἁδικησομένους.

556 5625 670 5694 (tri)
723 5615 1044 5694 Ἃφεῖσοιιι.
1066 5613 1344 5694 lacunam
1372 5625 1399 5664 a
1425 5610 1671 5694 Cantero
1698 5609 2072 5668 observatam,

486 5681 612 5766 quia
656 5681 713 5747 in
766 5681 868 5744 :its.
901 5686 1120 5758 quoque
1156 5685 1398 5738 Floreut.
1438 5681 1721 5744 subdstit,
1753 5694 1950 5733 sanare
1985 5695 2074 5730 su-

487 5770 865 5837 persedentes.

563 5839 963 5906 (lt-)Jifuucr.
1169 5826 1306 5882 i‘lat.
1383 5827 1453 5881 De
1511 5827 1612 5896 leg.
1667 5825 1760 5879 lib.
1830 5839 1964 5888 \'tlt,
2026 5829 2079 5875 ct

488 5899 715 5965 Arialtil.
765 5903 899 5957 ίδυίιι
961 5915 995 5955 l.
1043 5899 1154 5953 γη.

2213 3163 2304 3217 l5.
2337 3161 2682 3234 Quapropter
2729 3163 2894 3218 etiam
2942 3177 3171 3230 eperum
3210 3163 3456 3216 omnium
3514 3161 3727 3214 iiut-tus

2146 3255 2418 3311 trifariam
2452 3259 2539 3311 aio
2561 3255 2728 3310 dividi
2763 3255 2985 3320 debere,
3008 3257 3126 3312 sive
3154 3256 3433 3310 frumento
3458 3263 3733 3317 cunstent,

2146 3347 2263 3402 sive
2297 3347 2447 3411 vino,
2481 3347 2600 3402 sive
2633 3347 2775 3410 oleo,
2813 3349 2927 3402 sive
2962 3347 3332 3417 bombycinis,
3370 3349 3486 3402 sive
3525 3361 3744 3400 armen-

2145 3448 2324 3494 torum
2367 3439 2504 3504 l'etu,
2546 3440 2709 3503 lacte,
2767 3440 2890 3494 lana
2939 3440 3058 3494 sive
3109 3455 3216 3510 qua
3265 3456 3321 3493 re
3353 3441 3495 3505 alia;
3529 3439 3745 3493 COiISli-

2143 3534 2282 3588 tutis
2307 3531 2514 3587 aratori
2550 3533 2774 3603 quidem
2811 3531 3088 3588 fructibus
3115 3542 3240 3602 post
3278 3532 3504 3586 seminis
3547 3532 3750 3586 collec-

2146 3629 2378 3691 tionem,
2445 3625 2655 3695 pastori
2691 3641 2822 3681 vero
2858 3636 2980 3696 post
3017 3626 3424 3682 restitutionem
3453 3625 3693 3693 priorum
3729 3638 3747 3677 :

2154 3717 2342 3786 itaque
2375 3727 2583 3786 partem
2626 3718 2850 3788 quidem
2889 3734 3050 3772 uuam
3087 3717 3251 3771 tribui
3289 3717 3494 3783 aperis,
3523 3715 3748 3769 alteram

2150 3822 2285 3861 vero
2342 3808 2656 3876 sumptibus
2686 3848 2700 3872 ,
2740 3811 2958 3862 tertiam
3003 3808 3248 3877 denique
3306 3806 3620 3875 reipublica:
3645 3846 3661 3870 ,
3697 3811 3754 3856 et

2153 3916 2279 3954 eum
2340 3902 2586 3970 quidem,
2625 3902 2718 3971 qui
2774 3904 2889 3956 suis
2922 3902 3134 3956 labet-et
3169 3901 3505 3970 sumptibus,
3539 3899 3757 3952 duabus

2157 3993 2431 4048 fruentem
2468 3996 2736 4063 partibus,
2769 3995 2986 4048 tertiam
3023 3993 3160 4064 reip.
3190 4004 3452 4063 prmStare
3482 4009 3496 4046 :
3528 3990 3616 4046 cui
3663 4006 3760 4042 an«

2158 4099 2262 4144 tem
2289 4104 2318 4143 a
2354 4089 2671 4158 reipublicae
2700 4087 2977 4159 prmiectis
3017 4101 3270 4158 sumptus
3315 4086 3758 4155 suppeditentur,

2160 4182 2320 4236 tertia
2358 4192 2512 4251 parte
2560 4193 2882 4236 contentum
2921 4197 3066 4244 esse,
3118 4193 3211 4235 aut
3243 4180 3289 4236 si
3332 4195 3444 4250 quo
3489 4178 3633 4234 inter
3664 4192 3763 4231 eos

2161 4276 2272 4330 alio
2329 4284 2511 4345 pacto,
2548 4276 2694 4345 quod
2731 4276 2801 4329 ab
2833 4275 2934 4328 hac
2969 4273 3228 4344 :Pquitate
3259 4287 3366 4326 non
3419 4271 3649 4325 multum
3683 4284 3768 4322 re-

2164 4369 2347 4432 cedat,
2381 4369 2704 4424 coovenerit
2737 4369 2864 4437 :qui
2906 4381 3040 4421 vero
3068 4364 3459 4419 communibus
3509 4369 3770 4431 operetur

2175 4463 2468 4534 impensis,
2499 4462 2725 4516 alteram
2764 4470 2976 4530 partem
3010 4458 3250 4524 auferre,
3274 4456 3419 4511 aliud
3444 4468 3608 4527 porro
3633 4453 3770 4509 nili-il

2174 4555 2373 4609 borum
2399 4568 2736 4624 quemquam
2781 4551 3057 4616 conferre,
3083 4551 3228 4622 quod
3277 4550 3348 4604 sit
3373 4549 3608 4621 alicujus
3633 4564 3774 4618 pon-

2175 4648 2349 4703 deris.
2403 4646 2506 4713 Qui
2569 4661 2733 4711 porro
2786 4655 2932 4703 ,sunt
2986 4645 3100 4700 haec
3153 4643 3434 4708 collaturi,
3508 4656 3605 4696 eos
3663 4655 3776 4695 non

2183 4739 2380 4809 injuria
2431 4738 2655 4809 quidem
2697 4736 2905 4792 Ililotas
2967 4736 3091 4807 quis
3129 4735 3481 4806 nuncupatit,
3507 4747 3775 4804 quoutam

2184 4842 2447 4886 vacantes
2477 4829 2697 4893 militia,
2721 4829 3002 4884 collationi
3033 4826 3408 4892 destinentur;
3466 4839 3565 4894 pro
3595 4823 3780 4892 publi-

2183 4925 2264 4978 eis
2315 4931 2496 4977 tamen
2563 4937 2659 4976 eos
2718 4919 3010 4975 conveniet
3059 4919 3264 4972 habere
3291 4915 3568 4980 nutriciis,
3605 4928 3785 4982 neque

2184 5022 2265 5070 vel
2296 5022 2493 5086 praeter
2517 5012 2864 5068 collationem
2895 5010 3039 5066 hanc
3078 5011 3148 5065 ab
3190 5010 3300 5064 illis
3334 5008 3634 5080 quidquam
3665 5006 3784 5062 exi-

2185 5126 2311 5180 gere
2344 5108 2427 5163 vel
2451 5106 2686 5176 amplius
2720 5119 2884 5176 quam
2925 5102 3120 5166 semel,
3163 5116 3265 5156 nec
3310 5100 3478 5154 ullam
3526 5099 3786 5167 cuiquam

2188 5203 2294 5257 vim
2332 5201 2579 5266 inferre,
2635 5213 2826 5254 verum
2885 5198 3024 5252 citra
3086 5210 3305 5251 onmem
3361 5194 3485 5250 illos
3526 5192 3789 5264 iniuriam

2186 5296 2603 5370 diligentissime
2627 5292 2830 5350 fovere.

2271 5603 2387 5676 (ιτ)
2433 5601 2726 5676 Εἵλωτας.
2776 5596 2996 5676 Deliae
3030 5592 3325 5676 servitutis
3363 5604 3561 5660 genere
3612 5597 3801 5676 utrum

2194 5666 2400 5733 bonum
2428 5690 2494 5728 an
2529 5673 2733 5727 malum
2759 5670 2849 5734 sit,
2886 5666 3122 5721 multum
3189 5667 3242 5718 in
3275 5673 3564 5734 utramque
3591 5671 3799 5734 partem

2194 5731 2545 5819 disputarant
2579 5731 3087 5819 alliitJiIi-VQL-Plﬂ!
3119 5735 3189 5819 ρο
3226 5736 3359 5806 ίυθη
3391 5736 3428 5788 1.
3467 5733 3556 5798 γι,
3594 5731 3800 5818 11ιὲιύ-

2191 5808 2303 5876 ιιυιῖ
2339 5818 2429 5884 IX,
2457 5817 2546 5882 ‘28,
2581 5827 2632 5870 ct
2657 5808 2906 5885 Tliucyd.
2951 5811 2984 5866 Ι.
3017 5808 3106 5874 ιν,
3134 5811 3185 5863 8.
3757 5816 3760 5818 '
