4420 6448
461 465 567 527 8ἱ5

1276 452 1372 518 DE
1414 459 1669 519 REBUS
1700 461 2407 526 PELOPONNESIACIS
2446 464 2734 529 ORATIO
2779 470 2866 530 ΙΙ.

3614 480 3720 544 8ίῦ

463 581 688 635 σκοπεῖν
716 579 905 650 ἁπάσῃ
933 580 1000 648 τῇ
1037 579 1242 650 σπουδῇ
1281 581 1374 632 καὶ
1427 580 1802 648 βουλεύεσθαι,
1840 583 1960 634 ὅθεν
1989 597 2048 634 τε
2078 607 2116 656 Α
2152 600 2208 652 ge

1989 597 2048 634 τε
2078 607 2116 656 Α
2152 586 2333 652 gentia
2367 588 2759 656 considerare,
2800 593 2994 661 quibus
3025 595 3202 650 modis
3256 596 3322 651 ad
3374 601 3718 658 securitatem

462 671 556 724 καὶ
609 671 758 731 ὅπως
814 670 871 732 ὲς
901 669 1202 738 ἀσφάλειάν
1237 686 1361 722 τινα
1416 673 1553 740 ἡμῖν
1608 674 1914 741 κατασταίη
1976 675 2045 725 τὰ
2148 677 2207 728 ali

1977 675 2045 725 τὰ
2148 675 2389 744 aliquam
2429 694 2519 733 res
2556 689 2763 735 nostra;
2822 685 3155 742 reducantur
3194 699 3249 744 et
3292 690 3573 746 tut-liorem
3623 710 3722 764 pro

459 763 786 833 πράγματα,
843 762 933 814 καὶ
977 763 1040 814 ὲκ
1092 761 1200 812 τῶν
1247 760 1489 814 δυνατῶν
1540 762 1932 832 εὐτυχέστερόν
1984 780 2042 814 τε

459 853 768 922 πράξαιμεν
805 853 899 904 καὶ
928 853 1175 919 ἄμεινον.
1215 852 1374 904 Ἔστι
1419 851 1464 905 δ’
1495 854 1593 905 οὐκ
1625 853 1783 916 ἄλλος
1806 871 1890 916 τις
1917 857 2045 923 τρόσ

457 964 556 1009 πος
589 947 680 998 τοῦ
717 950 778 998 ἐκ
823 947 1081 1014 χειρόνων
1114 944 1340 1013 ἄμεινον
1371 946 1580 1015 πρᾶξαι
1612 947 1766 1000 πόλιν
1805 947 1837 1017 ἦ
1889 948 2040 1004 ἔθνος

458 1040 692 1109 βεϐαίως
721 1039 853 1106 γοῦν
882 1041 976 1092 καὶ
1006 1038 1262 1105 ἀσφαλῶς
1299 1040 1398 1091 ὅσα
1430 1056 1494 1107 γε
1543 1040 1612 1092 τὰ
1657 1040 1974 1106 ἀνθρώπινα
2006 1041 2037 1110 ἦ

453 1130 554 1198 τὴν
586 1129 860 1181 πολιτείαν
886 1127 1467 1196 ἐπανορθωσαμένους.
1495 1127 1574 1182 Οὐ
1598 1129 1705 1196 γὰρ
1731 1127 1867 1195 ἄλλη
1891 1131 2040 1182 αίτία

453 1220 550 1273 τοῦ
584 1220 766 1282 πόλεις
798 1216 856 1272 εὖ
895 1220 926 1288 ἢ
965 1218 1153 1280 κακῶς
1202 1219 1465 1288 πράττειν
1501 1219 1534 1291 ἢ
1587 1221 1833 1272 πολιτεία
1872 1238 2037 1273 σπου-

453 1313 640 1382 δαίαῆ
675 1313 852 1382 φαύλη
901 1310 1492 1383 ἐγκαθεστηκυῖαβῖ).
1543 1311 1694 1382 Τύχῃ
1754 1312 1799 1363 δ’
1835 1312 1900 1382 ἣν
1953 1331 2033 1376 τις

404 1405 409 1409 ’
454 1409 549 1459 καὶ
577 1405 720 1459 κατὰ
753 1405 979 1476 γνώμην
1009 1404 1238 1475 πράξειε
1279 1404 1456 1467 πόλις.
1491 1402 1604 1456 ἀλλ’
1637 1404 1917 1469 ἀϐέϐαιον,
1943 1409 2037 1459 καὶ

451 1499 588 1566 ταχὺ
625 1497 772 1566 φιλεῖ
821 1515 923 1550 που
963 1497 1033 1550 τά
1069 1514 1132 1566 γε
1163 1496 1390 1549 τοιαῦτα
1437 1497 1872 1566 περιτρέπεσθαι
1903 1511 1915 1524 ·
1965 1496 2035 1547 τὰ

450 1589 506 1642 δὲ
536 1585 714 1641 πολλὰ
739 1589 807 1640 δι’
853 1588 1054 1658 ἀρετὴν
1094 1587 1377 1650 πολιτείας
1426 1587 1520 1640 καὶ
1557 1587 1824 1649 σώζονταί
1857 1604 1913 1640 τε
1942 1593 2034 1640 καὶ

449 1680 701 1750 αἴρονται
730 1683 786 1734 αί
825 1682 1041 1744 πόλεις’
1076 1684 1172 1734 καὶ
1206 1681 1520 1734 τούναντίον
1552 1678 1801 1746 φθίνουσι
1836 1696 1896 1732 τε
1939 1681 2033 1732 καὶ

446 1771 751 1826 διόλλυνται
801 1775 900 1845 τῆς
961 1774 1240 1838 πολιτείας
1297 1774 1452 1842 σφίσι
1493 1774 1763 1844 πρότερον
1810 1774 2030 1844 διεφθο-

449 1863 629 1933 ρυίας.

2148 766 2407 822 facultate
2476 781 2666 826 nostra
2729 781 2932 828 statum
2981 779 3140 834 nobis
3192 796 3599 850 comparemus.
3649 784 3721 840 Ut

2144 865 2325 911 autem
2382 858 2661 915 meliorem
2719 863 2824 918 sibi
2883 873 3083 920 statum
3118 870 3201 922 vel
3247 873 3441 927 civitas
3471 875 3556 930 vel
3584 891 3722 946 gens

2141 947 2322 1016 aliqtta
2379 948 2627 1015 ﬁrmiter,
2689 964 2954 1022 quantum
3023 960 3244 1028 quidem
3309 979 3397 1019 res
3468 967 3722 1024 humanm

2143 1038 2349 1103 rerum,
2382 1040 2727 1111 coinparent,
2760 1062 2868 1101 non
2903 1049 3007 1103 alia
3049 1067 3134 1105 res
3171 1052 3355 1116 eﬁicit,
3405 1072 3568 1125 quam
3609 1063 3719 1113 rei-

2144 1132 2372 1198 publith
2403 1135 2737 1191 emendatio.
2768 1136 2924 1192 Nulla
2954 1141 3222 1210 siquidem
3263 1146 3366 1200 alia
3401 1148 3718 1206 civitatibus

2137 1234 2220 1277 est
2253 1223 2333 1276 vel
2361 1225 2634 1281 felicitatis
2663 1229 2745 1284 vel
2790 1230 3125 1288 infelicitatis
3183 1250 3370 1304 causa,
3397 1256 3560 1309 quam
3604 1259 3720 1301 res-

2141 1315 2356 1384 publica
2379 1327 2527 1373 reete
2550 1321 2634 1374 vel
2668 1336 2827 1378 secus
2851 1325 3168 1380 constituta.
3192 1327 3345 1394 Quod
3371 1334 3415 1385 si
3434 1350 3541 1402 quo
3573 1350 3708 1390 casu

2140 1418 2283 1462 recte
2309 1424 2367 1464 se
2388 1413 2576 1467 civitas
2601 1415 2815 1480 habeat,
2849 1417 2900 1470 id
2925 1416 3139 1472 ﬁrmum
3168 1435 3274 1474 non
3300 1434 3402 1484 est,
3428 1440 3489 1479 ac
3521 1426 3624 1480 levi
3647 1428 3716 1484 de

2135 1517 2301 1558 causa
2343 1515 2519 1574 potest
2549 1507 2824 1562 immutari
2851 1526 2865 1576 ;
2897 1511 3215 1580 plerumque
3247 1525 3426 1570 autem
3454 1517 3533 1572 vel
3571 1517 3713 1572 bona

2140 1594 2417 1661 republica
2470 1609 2877 1653 conservantur
2932 1610 2986 1655 et
3017 1616 3269 1660 crescunt
3313 1609 3596 1672 civitates,
3628 1610 3716 1664 vel

2133 1699 2323 1739 contra
2360 1696 2618 1758 corrupta
2646 1699 2698 1745 et
2726 1691 2853 1762 ipsae
2883 1693 3236 1751 collabuntur
3258 1714 3320 1754 ac
3358 1712 3613 1769 pereunt.

517 1951 585 2010 ε’.
634 1955 802 2026 Κοινῇ
851 1973 908 2008 τε
943 1956 1052 2026 γὰρ
1098 1958 1147 2009 οἱ
1199 1956 1464 2028 Ἕλληνες
1509 1959 1569 2011 οὐ
1600 1959 1871 2030 πρότερον
1920 1959 2019 2032 τὴν
2054 1959 2094 2012 Β
2194 1957 2247 2011 5.

1957 1959 2019 2032 ὴν
2054 1959 2094 2012 Β
2194 1957 2247 2011 5.
2281 1957 2418 2013 Nam
2467 1969 2520 2013 et
2538 1963 2901 2017 communiter
2949 1964 3122 2020 Graeci
3152 1981 3258 2021 non
3287 1977 3411 2024 ante
3441 1969 3702 2027 latissime

446 2047 589 2100 κατὰ
621 2046 720 2116 τὴν
749 2050 1080 2118 οἰκουμένην
1107 2049 1264 2114 δόξαν
1293 2052 1472 2120 ἔσχον,
1507 2054 1638 2122 πρὶν
1669 2055 1811 2121 σφᾶς
1849 2053 2022 2124 Ἦρα-

443 2138 578 2207 κλῆς
612 2142 640 2192 ὁ
683 2140 1114 2210 Ἀμφιτρύωνος,
1155 2144 1372 2207 ἀδικίας
1409 2145 1659 2214 καθάρας
1693 2146 1831 2214 (58),
1871 2147 2022 2201 εὐνο-

448 2231 579 2298 μίαν
603 2248 659 2282 τε
701 2231 796 2284 καὶ
834 2231 997 2302 ζῆλον
1040 2233 1244 2304 ἀρετῆς
1282 2236 1668 2305 ἀντεισήγαγε.
1703 2237 1783 2289 Τὰ
1811 2238 1867 2290 δὲ
1916 2239 2024 2306 πρὸ

461 2320 798 2392 Ἡρακλέους
844 2325 904 2376 οὐ
939 2325 1077 2378 πάνυ
1127 2325 1335 2391 ἔνδοξον
1370 2329 1427 2381 τὸ
1460 2329 1569 2380 τῶν
1614 2328 1882 2399 Ἑλλήνων
1933 2331 2024 2395 γέ-

441 2433 551 2479 νος,
590 2409 650 2468 οὗ
683 2419 879 2470 Δαναοί
925 2437 985 2470 τε
1017 2418 1110 2472 καὶ
1163 2420 1402 2488 Κάδμοΐ,
1434 2423 1499 2474 ὲκ
1535 2421 1830 2492 βαρϐάρων
1856 2423 2022 2493 ἠκον-

441 2525 532 2570 τες
563 2509 827 2579 ἐπήλυδες
877 2509 1073 2580 ἄνδρες
1119 2513 1427 2580 ἐκράτουνο
1463 2514 1602 2582 μετὰ
1648 2511 1707 2565 δὲ
1750 2514 2021 2583 Ἠρακλέα

441 2599 496 2651 ai.
526 2600 715 2652 πολλαὶ
743 2600 836 2653 καὶ
871 2605 1103 2671 μεγάλαι
1144 2603 1415 2673 Ἑλλήνων
1440 2604 1590 2657 νίκαι
1625 2604 1683 2657 ἐν
1712 2624 1769 2658 τε
1798 2610 1875 2677 τῇ⁸
1902 2607 2022 2660 Ἐλ-

439 2690 558 2745 λάδι
594 2693 690 2744 καὶ
742 2693 1028 2764 βαρϐάρῳ.
1076 2697 1497 2765 Λακεδαιμόνιοί
1535 2715 1594 2751 τε
1645 2700 1706 2752 οὐ
1755 2701 2020 2772 πρότερον

438 2783 545 2836 τῶν
583 2783 854 2851 Ἐλλήνων
895 2786 1165 2855 ἡγεμόνες
1211 2789 1640 2859 ἀπεδείχθησαν,
1690 2792 1824 2856 πρὶν
1863 2794 2017 2861 σφίσι

438 2874 754 2942 Λυκοῦργος
783 2876 882 2946 τὴν
913 2876 1316 2948 ἐπαινουμένην
1357 2881 1576 2952 ἐκείνην
1621 2883 1899 2936 πολιτείαν
1934 2902 2018 2936 νε-

437 2965 794 3036 νομοθετήκει
821 2984 838 3000 ’
871 2968 995 3021 οὐδὲ
1024 2971 1294 3038 πρότερον
1323 2974 1687 3044 πεπλήγεσάν
1710 2991 1770 3027 τε
1799 2978 1890 3028 καὶ
1914 2977 2014 3046 τῆς

437 3058 763 3126 ήγεμονείας
830 3062 1283 3126 ἐκπεπτώκεσαν,
1338 3067 1469 3132 πρὶν
1514 3068 1613 3135 τῆς
1653 3066 2015 3135 καθεστώσης

435 3147 716 3210 πολιτείας
768 3151 1278 3222 παρημελήκεσαν·
1317 3155 1411 3208 καὶ
1452 3157 1552 3224 τῆς
1593 3157 1692 3225 μὲν
1738 3161 1882 3213 κατὰ
1913 3161 2012 3214 θά-

435 3245 632 3292 λατταν
665 3241 952 3310 δυνάμεως
997 3245 1450 3316 ἁντιπεποίηντο,
1481 3249 1582 3310 τὰς
1636 3251 1809 3314 πεζὰς
1857 3253 2011 3306 αὐτοὶ

435 3333 568 3394 τέως
602 3333 1034 3403 θεραπεύοντες·
1067 3337 1129 3388 τὸ
1165 3338 1210 3390 δ’
1240 3338 1465 3391 [mstbe
1509 3341 1746 3395 κάκιστα
1783 3344 1904 3396 τότε
1931 3341 2010 3396 εἷ-

433 3439 525 3490 χεν
556 3422 740 3486 αὐτοῖς
788 3425 925 3494 (39),
954 3426 1266 3494 τρεφόντων
1321 3429 1421 3496 μὲν
1470 3430 1596 3492 τοὺς
1643 3432 1845 3496 ἵππους
1900 3435 2010 3486 τῶν

432 3515 880 3582 πλουσιωτάτων,
909 3518 1004 3570 ἐπὶ
1043 3519 1101 3571 δὲ
1135 3519 1233 3587 τῆς
1270 3521 1460 3588 χρείας
1496 3523 1603 3574 τῶν
1635 3526 2008 3592 συντεταγμέ-

432 3623 536 3659 νων
562 3608 1122 3675 παραλαμϐανόντων,
1163 3611 1284 3680 μεθ’
1314 3612 1496 3666 ὃπλων
1537 3616 1698 3667 ὁποία
1727 3614 1837 3685 ἄρα
1861 3617 2002 3669 δοῖεν

430 3698 648 3760 αὐτοῖς·
707 3702 950 3754 καὶτῶν
1001 3703 1310 3773 συμμάχων
1361 3706 1419 3758 δὲ
1467 3707 1568 3758 οὑκ
1623 3707 1705 3760 ἐτι
1770 3711 2004 3779 μετρίως

428 3789 742 3859 ἐξηγοῦντο.
778 3793 1073 3862 Τοιγάρτοι
1126 3796 1229 3848 ὑπὸ
1258 3796 1518 3866 Θηϐαίων
1563 3799 1795 3870 ἥττηντο
1839 3803 2004 3856 Ἐπα-

431 3883 691 3951 μινώνδου
738 3886 1046 3955 ἡγουμένου
1095 3889 1298 3955 αὐτῶν,
1350 3891 1540 3960 ἀνδρὸς
1598 3893 1696 3959 τῆς
1752 3893 2003 3962 Πυθαγο-

432 3976 592 4043 ρείων
635 3979 887 4041 παιδείας
915 3981 1014 4033 οὐκ
1063 3983 1122 4034 ἐν
1170 3983 1430 4053 παρέργῳ
1469 3983 1844 4052 διακηκοότος.
1894 3988 2004 4039 Καὶ

425 4069 690 4132 Φίλιππος
735 4071 792 4124 δὲ
845 4072 950 4125 ὑπὸ
1020 4074 1402 4146 Ἐπαμινώνδᾳ
1446 4076 1624 4144 τούτῳ
1666 4079 1895 4147 τραφείς
1939 4095 2002 4130 τε

428 4159 519 4210 καὶ
575 4161 906 4224 παιδευθεὶς,
958 4165 1118 4216 ὁπότε
1165 4165 1318 4235 παρὰ
1367 4166 1628 4235 Θηϐαίοις
1679 4167 1995 4237 ὡμήρευεν,

427 4250 650 4318 ἡγεμὼν
674 4253 781 4304 τῶν
822 4253 1096 4324 Ἐλλήνων
1120 4258 1441 4327 ἀπεδείχθη.
1474 4260 1582 4310 Καὶ
1622 4259 1993 4330 Ἀλέξανδρος,

2130 2061 2404 2120 patentem
2435 2053 2790 2109 obtinuerunt
2812 2058 3041 2126 gloriam
3077 2075 3240 2129 quam
3278 2062 3538 2121 Hercules
3574 2070 3702 2122 Am-

2127 2142 2432 2212 phitryonis
2470 2144 2614 2199 ﬁlius
2669 2146 2931 2215 injustitia
2994 2152 3232 2218 sublata,
3277 2155 3472 2210 bonam
3515 2161 3703 2230 reipu-

2129 2235 2282 2288 blicae
2306 2237 2749 2291 constitutionem
2777 2240 3104 2312 virtutisque
3133 2245 3369 2300 studium
3405 2249 3537 2318 ipsis
3564 2266 3698 2307 con-

2125 2330 2327 2384 ciliavit
2359 2331 2650 2398 (siquidem
2686 2343 2811 2388 ante
2833 2333 3118 2392 Herculem
3149 2340 3366 2406 quidem
3401 2359 3510 2399 non
3539 2348 3698 2402 valde

2127 2420 2226 2474 fuit
2252 2422 2466 2476 celebre
2485 2421 2797 2477 Gratcorum
2824 2442 2996 2494 genus
3028 2429 3114 2483 cui
3144 2427 3312 2486 Danai
3332 2432 3698 2503 ctCadmi,ex

2124 2513 2375 2566 barbaria
2405 2514 2627 2568 advenae
2651 2517 3013 2585 imperarent;
3048 2532 3170 2589 post
3199 2521 3483 2581 Herculem
3509 2541 3694 2586 autent

2125 2607 2322 2661 multas
2371 2607 2540 2664 Graeci
2611 2626 2945 2681 magnasque
3003 2624 3115 2667 tum
3153 2629 3182 2668 a
3224 2614 3449 2686 Graecis,
3504 2632 3617 2677 tum
3663 2642 3694 2680 a

2125 2700 2368 2754 barbaris
2422 2703 2730 2757 retulerunt
2765 2705 3046 2775 victorias)
3083 2719 3137 2764 et
3166 2709 3561 2770 Lacedaemonii
3586 2731 3695 2772 non

2121 2801 2245 2846 ante
2266 2793 2352 2847 vel
2399 2794 2709 2849 Graecorum
2765 2796 2893 2853 facti
2927 2809 3056 2854 sunt
3114 2803 3413 2872 principes,
3466 2824 3630 2877 quam
3662 2827 3693 2866 a

2121 2880 2363 2952 Lycurgo
2394 2884 2709 2952 praeclaram
2735 2886 2881 2940 illam
2905 2889 3220 2953 reipublicae
3244 2895 3692 2951 constitutionem

2118 2973 2430 3041 accipereut
2463 2993 2478 3039 ;
2520 2977 2602 3030 vel
2634 2978 2941 3048 principatu
2984 2982 3125 3050 pulsi
3156 2980 3691 3056 expulerunt,quant

2117 3064 2370 3116 eamdem
2405 3065 2760 3136 ncgligerent,
2801 3084 2864 3122 ac
2913 3080 3026 3123 tum
3064 3071 3167 3126 sibi
3213 3075 3381 3130 maris
3406 3077 3690 3144 imperium

2119 3154 2480 3218 vindicarent,
2510 3159 2602 3226 qui
2643 3170 2844 3214 terram
2899 3171 3128 3218 eatenus
3180 3173 3515 3237 tenuerant;
3571 3179 3686 3224 tum

2116 3242 2358 3310 equitatu
2386 3245 2672 3300 minimum
2702 3249 2966 3314 valerent,
3002 3265 3163 3320 quem
3193 3262 3251 3306 ut
3285 3255 3500 3312 alebaut
3529 3257 3692 3314 ditis-

2116 3333 2241 3386 simi
2292 3335 2518 3404 quique,
2573 3337 2649 3392 ita
2685 3338 2810 3394 belli
2870 3351 3114 3409 tempore
3170 3342 3292 3399 aliis
3335 3359 3460 3400 cum
3517 3353 3691 3404 armis

2116 3423 2587 3497 qualibuscunque
2613 3431 2918 3494 tradebant,
2958 3441 3069 3487 tum
3111 3435 3276 3490 sociis
3303 3451 3412 3491 non
3452 3437 3692 3495 clemen-

2118 3527 2201 3571 ter
2231 3517 2465 3586 amplius
2500 3520 2856 3590 imperarent.
2890 3523 3160 3590 Quocirca
3193 3537 3321 3583 sunt
3353 3545 3385 3583 a
3413 3527 3690 3587 Thebanis

2116 3610 2316 3664 devicti
2349 3611 2516 3666 ductu
2547 3612 2958 3681 Epaminondae,
2990 3618 3084 3686 qui
3125 3617 3434 3674 doctrinam
3483 3621 3687 3693 Pytha-

2115 3703 2352 3771 goricam
2387 3719 2493 3758 non
2515 3706 2754 3774 segniter
2780 3717 3115 3778 perceperat.
3156 3709 3438 3781 Philippus
3467 3729 3686 3786 quoque

2111 3797 2178 3848 ab
2215 3796 2318 3850 hoc
2375 3795 2770 3866 Epaminonda,
2815 3816 2937 3855 cum
2995 3802 3202 3860 Thebis
3245 3805 3406 3862 obses
3463 3808 3683 3880 degeret

2111 3887 2412 3954 institutus,
2468 3891 2779 3948 Gratcorum
2835 3896 3085 3967 princeps
3155 3901 3372 3968 evasit;
3425 3917 3523 3958 nec
3573 3918 3684 3957 nou

2110 3981 2232 4048 ejus
2290 3980 2436 4036 ﬁlius
2492 3983 2796 4040 Alexander
2860 4004 2984 4042 cum
3037 3989 3267 4060 Philippi
3312 3993 3504 4062 patris,
3568 4003 3682 4050 tum

2110 4071 2422 4127 Aristotelis
2448 4073 2668 4144 insuper
2701 4076 3051 4135 institutione
3080 4093 3132 4135 et
3161 4081 3476 4138 Graecorum
3506 4083 3683 4154 impe-

2107 4171 2270 4236 rium,
2303 4179 2356 4225 et.
2381 4170 2524 4225 Asia:
2561 4186 2787 4244 regnum
2819 4176 3089 4243 superatis
3148 4175 3331 4234 Persis
3381 4179 3488 4236 sibi
3535 4193 3708 4234 com-.

2108 4263 2340 4329 paravit.

425 4345 616 4398 τούτου
653 4349 787 4410 υίὸς,
824 4349 929 4401 ὑπὸ
979 4352 1056 4421 τῷ
1093 4352 1242 4422 αὐτῷ
1274 4369 1330 4406 τε
1362 4357 1534 4425 πατρὶ
1579 4357 1832 4427 Φιλίππῳ
1868 4357 2206 4423 παιδευθεὶς,
2233 4359 2332 4411 καὶ
2394 4359 2476 4412 ἐτι
2532 4361 2917 4431 Ἀριστοτέλει,
2990 4365 3261 4437 Ἐλλήνων
3319 4387 3381 4425 τι
3433 4372 3679 4444 ἡγεμὼν,

425 4445 518 4495 καὶ
547 4446 644 4509 τῆς
690 4444 870 4509 Ἀσίας
901 4445 1150 4514 βασιλεὺς
1193 4448 1453 4521 κατέστη,
1499 4456 1713 4524 Πέρσας
1749 4455 2124 4525 παρελόμενος
2159 4457 2260 4526 τὴν
2292 4457 2491 4528 ἀρχήν.

496 4541 572 4597 ς’.
617 4536 879 4604 Ῥωμαῖοί
924 4555 981 4590 τε
1011 4539 1108 4604 ξὺν
1145 4541 1315 4612 ἀρετῇ
1348 4545 1628 4609 πολιτείας
1676 4548 1733 4609 ἐς
1772 4549 1872 4617 τὴν
1903 4564 1998 4615 με·
2033 4551 2074 4602 D
2174 4547 2227 4600 6.

1929 4564 1998 4598 ιε·
2033 4551 2074 4602 D
2174 4547 2227 4600 6.
2250 4544 2394 4612 Quin
2417 4549 2582 4602 etiam
2609 4549 2838 4606 Romani
2868 4553 2932 4607 ad
2972 4556 3271 4612 maximum
3305 4559 3674 4631 principatum

423 4625 595 4693 γάλην
628 4628 954 4696 ἡγεμονείαν
984 4631 1267 4702 παρῄεσαν
1287 4650 1300 4662 ·
1333 4635 1393 4687 οὺ
1424 4638 1684 4707 πρότερόν
1719 4656 1778 4692 τε
1813 4643 1998 4708 σφίσιν

422 4715 594 4766 ἐκλινέ
623 4734 680 4768 τε
704 4719 771 4769 τὰ
801 4721 1103 4787 πράγματα
1134 4724 1225 4775 καὶ
1250 4727 1434 4795 χεῖρον
1461 4729 1608 4796 ἔσχε,
1640 4735 1770 4800 πρὶν
1805 4731 1874 4783 τὰ
1902 4751 1995 4784 κα-

420 4807 662 4861 θεστῶτα
686 4813 1101 4881 ὲκεκινήκεσαν.
1124 4817 1469 4887 Σαῤῥακηνοὶ
1500 4824 1612 4891 (40)
1640 4816 1785 4876 οὗτοι
1808 4825 1870 4878 τὸ
1896 4827 1994 4893 μὲν

427 4899 589 4952 πάλαι
620 4902 680 4952 οὺ
737 4905 949 4974 μεγάλη
993 4923 1078 4969 τις
1128 4904 1272 4977 ἦσαν
1322 4913 1491 4979 μοῖρα
1546 4913 1816 4982 Ἀράϐων,
1862 4916 1992 4970 Ῥω-

421 4990 598 5057 μαίων
659 5011 715 5044 τε
775 4997 914 5056 τέως
964 4998 1240 5063 ὑπήκουον
1300 5006 1366 5053 τα
1422 5003 1632 5056 πολλά’
1696 5006 1810 5057 ἀλλ’
1841 5009 1990 5076 ὅμως

419 5080 605 5150 ἐπειδὴ
648 5082 832 5150 σφίσιν
875 5087 1058 5150 αὐτοῖς
1093 5091 1289 5158 νόμους
1321 5091 1470 5157 τινὰς
1508 5093 1713 5163 ἔθεντο,
1766 5103 1856 5151 καὶ
1891 5117 1988 5151 πο-

489 5303 599 5370 (57)
617 5304 1141 5372 Ἑγκαθεστηκυῖα.
1163 5307 1217 5363 ltt
1243 5310 1379 5366 hanc
1394 5319 1638 5369 eamdem
1667 5318 1988 5372 sententiam

415 5376 566 5456 Plato
729 5374 985 5456 nihilnil.
1035 5378 1161 5456 dicit
1201 5398 1216 5434 :
1276 5383 1441 5456 ilpoc
1474 5387 1636 5438 τοῦτο
1680 5388 1990 5456 βλέποντες,

439 5445 534 5526 τὴν
563 5443 716 5526 πόλιν
740 5445 1036 5526 οἰκίζομεν,
1077 5450 1222 5513 ὅπως
1265 5443 1589 5524 ὁείμάλιστα
1639 5443 1793 5526 ὃληὴ
1841 5443 1991 5522 πολίς

432 5515 589 5566 ἔσται
622 5515 918 5581 εὐδαίμων.

481 5585 595 5652 (58)
664 5584 922 5656 Ἀδικίας
949 5589 1229 5656 καθάρας.
1269 5593 1495 5648 Plcllton
1551 5595 1616 5648 ad
1668 5596 1976 5653 Graecorum

411 5657 574 5706 medii
600 5656 697 5706 atavi
745 5655 920 5738 instar.
971 5655 1343 5727 theologorum
1408 5681 1472 5738 ac
1530 5668 1977 5738 plttIUSOphoruut

411 5726 618 5802 priscos
649 5728 858 5809 tnytltos
908 5727 979 5779 ita
1010 5726 1230 5798 exponit
1262 5747 1316 5788 ttt
1341 5726 1624 5789 meliorum
1672 5726 1978 5809 tetitporunt

408 5809 531 5861 spes
569 5795 697 5846 inde
725 5796 962 5850 eluceat.

479 5864 588 5930 159)
628 5867 692 5915 Td
744 5864 797 5915 δ’
837 5868 1151 5924 ἱππικὸν...
1216 5875 1350 5928 Τίτε
1406 5871 1570 5944 εἶχεν
1628 5880 1830 5947 αὐτοῖς
1898 5880 1979 5935 Cf.

2107 4642 2415 4711 reipublica:
2472 4646 2716 4702 bonitate
2779 4664 3160 4719 pervenerunt,
3224 4672 3324 4710 nec
3372 4658 3524 4726 prius
3591 4675 3678 4716 res

2105 4736 2322 4790 illorum
2352 4737 2460 4791 labi
2488 4751 2789 4808 cmperant,
2843 4760 3007 4810 quam
3039 4749 3428 4816 rempublicam
3478 4751 3677 4805 immu-

2100 4838 2330 4883 tasseut.
2367 4830 2626 4886 Saraceni
2659 4837 2896 4904 denique
2955 4838 3042 4893 isti
3078 4841 3204 4894 olim
3257 4843 3478 4910 quidem
3509 4860 3674 4913 parva

2100 4922 2346 4989 qtncdatn
2384 4933 2541 4977 erant
2573 4926 2809 4980 Arabum
2831 4945 2978 4997 pars,
3006 4941 3058 4984 et
3090 4930 3353 4987 Romanis
3383 4935 3493 4991 fere
3517 4951 3674 5005 pare-

2101 5015 2230 5066 lmnt
2285 5032 2298 5078 ;
2363 5025 2648 5084 postquam
2722 5034 2850 5072 vero
2909 5033 3114 5076 mutata
3171 5025 3445 5093 republica
3527 5027 3672 5094 leges

2103 5105 2370 5174 quasdam
2408 5105 2538 5161 ferri
2567 5108 2668 5162 sibi
2701 5113 2846 5177 passi
2883 5121 3028 5175 sunt,
3063 5130 3183 5182 qua:
3215 5125 3271 5169 ut
3303 5131 3407 5170 nou
3433 5115 3498 5171 ad
3523 5117 3674 5172 aliud

2107 5320 2404 5391 Xcquhou
2444 5325 2653 5382 Hellen.
2688 5327 2775 5394 Vl,
2802 5334 2854 5394 4,
2892 5333 2980 5396 10,
3014 5333 3102 5386 ubi
3136 5334 3198 5388 de
3225 5332 3666 5397 Lacedaamonio-

2105 5409 2221 5444 l'ttttl
2255 5398 2494 5460 equitatu
2526 5412 2712 5461 parum
2743 5405 3164 5456 commendabili
3190 5408 3423 5460 disserit.

2176 5462 2301 5538 (4ολ
2329 5465 2722 5538 Σαρῤακηνοί.
2761 5471 3147 5525 Saracenorum
3207 5491 3400 5529 nomen
3439 5494 3466 5531 α
3501 5481 3669 5538 verbo

2089 5533 2472 5610 arab.§ar_aka
2514 5551 2722 5610 rapere,
2781 5543 3083 5594 derivatum
3141 5550 3373 5610 primum
3425 5533 3667 5606 uertirrit

2091 5605 2232 5678 apud
2267 5602 2640 5658 Ptolemaeum.
2674 5609 2868 5662 deinde
2900 5615 3038 5678 apud
3065 5602 3185 5667 Atti.
3215 5602 3668 5675 Marcellinum

2091 5672 2812 5758 Mttt‘Clallum.gngl‘apittlttl
2842 5681 2878 5733 V
2917 5672 3095 5758 sicculi
3156 5700 3296 5753 saepe
3333 5672 3664 5758 legitur;ati

2094 5749 2266 5823 tribus
2320 5745 2469 5823 ara_b.
2526 5745 2577 5798 itt
2631 5750 2822 5816 primis
2883 5752 3114 5806 rcl‘crtur
3169 5745 3288 5823 qua:
3339 5745 3410 5809 ad
3455 5745 3662 5816 Indiam

2089 5812 2296 5898 liii-ient.
2326 5823 2377 5866 et
2409 5812 2694 5898 Pyrenaeos
2742 5837 2915 5889 usque
2963 5827 3108 5880 cattle
3137 5812 3434 5898 ct't'apints

2092 5883 2436 5938 Occidentem
2468 5883 2882 5946 terreiecerunt.
