4420 6448
456 392 561 456 849

1275 395 1370 455 ΒΞ
1411 397 1658 456 iiEBtiS
1701 392 2397 458 FELOPONNESIACIS
2424 394 2710 454 ORATIO
2753 393 2834 458 il.

3617 392 3722 454 διο

453 505 657 558 κόντων
690 506 940 576 πράξεών
971 527 1029 560 τε
1067 510 1158 562 καὶ
1204 513 1677 582 ἐπιτηδευμάτων.
1718 515 1874 566 Ἔστι
1901 513 1945 566 δ’
1978 515 2036 565 ὲν
2061 518 2109 572 Ἀ
2142 528 2198 568 se

1978 515 2036 565 ὲν
2061 518 2109 572 ’Δ
2142 528 2203 568 se
2240 512 2573 568 immiscere.
2612 513 2770 582 Atqui
2801 513 2852 566 in
2880 511 3032 566 omni
3069 511 3180 566 fere
3234 511 3456 564 civitate
3485 509 3719 579 primum

452 593 604 648 πόλει
635 596 823 665 σχεδὸν
854 599 1040 670 ἁπάσῃ
1080 603 1298 669 πρῶτον
1331 603 1431 672 μὲν
1463 604 1557 656 καὶ
1603 603 2037 670 ἀναγκαιότατον

454 685 626 757 μέρος
661 689 754 742 καὶ
783 692 938 758 γένος
968 697 1063 747 καὶ
1107 696 1361 748 πλεῖστον
1390 696 1451 747 τὸ
1498 695 1884 765 αὑτουργικδν.
1915 697 2040 749 ὅσον

451 780 720 848 γεωργῶν
743 799 800 834 τε
830 783 923 834 καὶ
953 785 1167 851 νομέων
1193 786 1288 838 καὶ
1321 787 1655 856 ξυμπάντων
1685 788 1792 840 τῶν
1819 789 1947 850 τοὺς
1977 789 2038 839 ὲκ

452 872 556 939 γῆς
589 873 771 927 αὐτῶν
797 875 866 927 δι’
893 876 1075 930 αὐτῶν
1119 880 1500 947 ποριζομένων
1532 880 1782 946 καρπούς
1808 896 1820 909 ·
1850 881 2038 948 ἕτερον

449 965 506 1018 δὲ
534 965 594 1018 τὸ
628 966 836 1029 τούτοις
868 967 936 1022 αὖ
973 970 1070 1022 καὶ
1099 970 1174 1040 τῷ
1204 972 1350 1041 ἄλλῳ
1381 973 1592 1034 πόλεως
1625 971 1822 1042 πλήθει
1849 972 2037 1024 διακο-

449 1059 626 1122 νικὸν,
673 1061 798 1113 ὅσον
825 1061 1294 1133 δημιουργητικόν
1339 1082 1396 1116 τε
1440 1066 1533 1117 καὶ
1581 1065 1911 1135 ἐμπορικὸν,
1946 1066 2038 1116 καὶ

451 1151 759 1222 καπηλικὸν
788 1154 977 1221 φῦλον,
1031 1155 1127 1209 καὶ
1157 1159 1206 1208 εἰ
1235 1157 1297 1226 δή
1333 1176 1383 1211 τι
1412 1159 1542 1213 ἄλλο
1583 1160 1798 1221 τούτοις
1827 1157 2038 1228 προσῆ-

451 1260 548 1296 κον
575 1259 589 1273 ·
620 1245 973 1315 δημιουργῶν
1004 1247 1104 1315 μὲν
1129 1247 1197 1300 τὰ
1227 1249 1300 1319 μὴ
1328 1250 1454 1303 ὂντα
1482 1251 1590 1301 τῶν
1621 1253 1829 1307 σκευῶν
1854 1245 2038 1322 ὧνπερ

451 1337 731 1407 ἄνθρωποι
781 1341 838 1403 ἐς
865 1341 957 1393 τὸν
1005 1341 1120 1411 βίον
1152 1343 1382 1407 δέονται,
1418 1347 1473 1406 ἐς
1517 1346 1706 1398 οὐσίαν
1754 1347 1995 1413 ἀγόντων
2022 1363 2034 1376 ·

454 1431 718 1499 ἐμπόρων
746 1432 801 1484 δὲ
834 1433 900 1485 τὰ
947 1434 1313 1498 πλεονάζοντά
1342 1452 1400 1487 τε
1433 1437 1526 1489 καὶ
1574 1437 1889 1490 ἐλλείποντκ
1920 1441 2038 1502 ταῖς

449 1519 659 1590 χώραις
712 1523 971 1586 ἑκάσταις
1019 1525 1365 1578 ἁπισούντων
1409 1529 1474 1596 τῇ
1509 1529 1571 1579 ἐκ
1612 1527 1712 1592 τῆς
1762 1528 1954 1596 ἐτέρας
1981 1530 2036 1591 ἐς

447 1610 547 1681 τὴν
582 1612 775 1681 ἑτέραν
803 1614 1170 1684 μετακομιδῇ.
1193 1616 1373 1669 αὐτῶν
1397 1618 1454 1680 ἐς
1482 1618 1580 1684 τὴν
1609 1619 1881 1671 διακονίαν
1912 1619 2038 1671 ταύ-

447 1719 547 1770 την
578 1707 1028 1759 καταταττόντων
1057 1709 1275 1775 αὐτοὺς,
1310 1709 1404 1760 ἆτε
1436 1710 1496 1761 οὐ
1527 1710 1899 1777 σχολαζόντων
1927 1713 2035 1762 τῶν

449 1792 794 1861 αὑτουργῶν,
844 1794 949 1846 ὑπὸ
995 1796 1091 1848 τοῦ
1122 1800 1232 1860 τοῖς
1279 1798 1463 1849 αὐτῶν
1506 1800 1798 1867 πράγμασι
1833 1801 2031 1868 προσέο

2141 617 2196 659 et
2258 606 2498 661 maxime
2539 605 2909 658 necessarium
2955 613 3038 659 est
3097 611 3152 659 et
3209 601 3719 656 numerosissimum

2143 695 2476 751 rusticorum
2504 712 2699 766 genus,
2723 696 3084 765 agricolarum
3110 695 3386 757 videlicet,
3407 699 3714 762 pastorum,

2140 787 2342 853 quique
2374 787 2466 840 alii
2515 798 2675 841 terrae
2730 786 2945 839 fructus
2976 785 3212 854 propriis
3250 785 3503 838 inanibus
3571 782 3726 837 colli-

2140 888 2291 948 gunt.
2353 879 2599 932 Alterum
2631 887 2714 932 est
2769 879 3026 947 opiﬁcum
3085 893 3280 945 genus,
3327 887 3718 940 mercatorum,

2142 973 2459 1026 institorum
2485 980 2538 1025 et
2575 972 2835 1026 similium
2858 971 3003 1040 quod
3032 971 3226 1040 primis
3249 970 3356 1023 illis
3381 985 3446 1025 ac
3498 971 3723 1038 reliqua:

2141 1064 2348 1119 civitati
2394 1062 2813 1127 inseruit;dum
2857 1065 3079 1132 opitices
3122 1062 3348 1131 quidem
3405 1062 3722 1132 supellccti-

2143 1159 2246 1212 lem
2291 1159 2546 1212 humana:
2581 1157 2707 1211 vita:
2748 1157 3113 1210 necessariam
3149 1157 3201 1208 in
3237 1155 3477 1210 medium
3518 1155 3719 1222 produ-

2140 1260 2291 1314 cunt,
2336 1261 2665 1304 mercatores
2699 1259 2879 1302 autem
2951 1264 3072 1318 qua:
3105 1249 3337 1317 singulis
3407 1246 3722 1315 regionibus

2141 1343 2226 1395 vel
2291 1340 2472 1394 desint
2497 1341 2579 1394 vel
2611 1341 2909 1409 supersint,
2939 1341 3005 1396 de.
3038 1355 3144 1394 una
3179 1341 3233 1394 in
3291 1340 3452 1392 aliam
3487 1339 3721 1393 transfe-

2140 1433 2312 1485 rendo
2347 1441 2654 1499 exmquant,
2682 1441 2735 1485 et
2762 1432 3021 1498 quoniam
3054 1429 3142 1484 alii
3177 1430 3291 1483 suis
3315 1438 3581 1497 coguntur
3635 1443 3720 1480 τρο

2141 1522 2243 1576 bus
2285 1537 2495 1586 vacare,
2532 1524 2636 1592 ipsi
2695 1523 2834 1577 hanc
2865 1523 3205 1591 provinciam
3240 1522 3569 1590 suspiciunt,
3633 1521 3718 1574 in-

2141 1613 2366 1668 stitores
2389 1614 2625 1682 denique
2663 1617 2728 1667 de
2772 1614 3000 1667 rusticis
3029 1614 3246 1683 quidem
3281 1615 3366 1668 vel
3398 1615 3719 1668 intercatcrir

2143 1709 2247 1762 bus
2283 1717 2471 1763 emunt
2503 1709 2780 1769 universa,
2822 1708 3233 1776 requirentibus
3273 1719 3454 1761 autem
3490 1708 3721 1774 singulis

2143 1803 2581 1871 quandocnnque
2620 1809 2673 1853 et
2705 1815 3034 1868 quocunque
3073 1798 3242 1851 velint
3263 1812 3492 1851 numero
3521 1797 3713 1852 diven-

446 1899 600 1951 χεινο
659 1885 924 1953 καπήλων
975 1886 1054 1951 δὲ,
1107 1887 1258 1956 παρὰ
1316 1888 1416 1954 μὲν
1462 1889 1572 1938 τῶν
1624 1891 1946 1956 αὑτουργῶν
1995 1860 2191 1960 ﬁBdt

1995 1860 2294 1960 ﬁBdum,
2362 1890 2610 1943 nonnulli
2671 1890 2836 1942 etiam
2900 1888 3146 1956 corporis
3210 1889 3353 1942 vires
3414 1889 3719 1949 elocantcs,

445 1995 608 2030 τινων
639 1979 899 2049 ἐμπόρων
942 1979 1115 2050 ἀθρόα
1145 1979 1493 2049 ὠνουμένων,
1524 1983 1634 2034 τῶν
1674 1982 1729 2035 δὲ
1761 1983 2031 2049 δεομένων

447 2070 700 2132 existat;
731 2072 823 2123 ἐπὶ
855 2071 954 2139 τῆς
983 2072 1199 2140 χρείας,
1228 2073 1416 2136 ὁπότε,
1447 2074 1540 2127 καὶ
1569 2076 1780 2126 ὁπόσων
1808 2074 2031 2138 δέοιντο,

2141 2001 2285 2040 nunc
2346 1986 2434 2040 his
2483 1999 2627 2038 nunc
2687 1983 2792 2038 illis
2828 1983 3193 2039 ministerium
3251 1984 3560 2039 exhibendo
3611 1984 3726 2040 vic-

2147 2077 2327 2131 litant.

446 2162 868 2233 ἀποδιδομένων.
918 2165 1115 2225 Εἰσὶδ⁴
1143 2165 1197 2218 οἳ
1232 2166 1325 2218 καὶ
1371 2167 1472 2236 τὴν
1518 2167 1607 2219 τοῦ
1667 2169 1915 2237 σώματος
1987 2168 2175 2243 ῥώμην
2237 2171 2613 2242 μισθούμενοι,
2658 2169 3037 2232 διακονοῦντες
3099 2170 3290 2224 ἄλλοτε
3359 2170 3563 2233 ἄλλοις.
3608 2173 3726 2226 δια-

448 2256 638 2321 ζῶσιν.

523 2350 586 2404 0'.
634 2351 759 2403 Ἐπὶ
792 2351 852 2404 δὲ
899 2351 1110 2414 τούτοις
1162 2353 1223 2404 τὸ
1271 2353 1499 2423 ἀρχικὸν
1534 2355 1719 2422 φῦλον,
1769 2357 2034 2426 σωτήρων

447 2445 506 2498 τέ
536 2461 698 2496 τινων
725 2444 825 2512 τῆς
856 2444 984 2512 ὅλης
1017 2445 1223 2508 πόλεως
1252 2447 1285 2516 ἢ
1319 2448 1509 2514 γένους
1545 2449 1657 2518 (45)
1686 2449 1717 2520 ἢ
1746 2451 1924 2517 γενῶν
1969 2450 2036 2501 ἂν

450 2537 594 2591 οὕτω
619 2537 760 2609 τύχῃ
808 2540 902 2591 καὶ
949 2539 1242 2607 φυλάκωνο
1292 2535 1368 2593 ὧν
1414 2545 1711 2610 κορυφαῖος
1750 2543 1848 2611 μὲν
1882 2543 2036 2611 βασι-

449 2629 599 2693 λεὺς,
632 2631 665 2699 ἦ
697 2647 781 2693 τις
825 2632 1069 2701 ἡγεμὼν,
1107 2632 1226 2701 μεθ’
1253 2632 1313 2685 ὃν
1341 2633 1490 2686 ἄλλοι
1537 2633 1674 2687 ἄλλα
1702 2634 2036 2704 διειληφότες

451 2723 709 2793 γένουςῆ
760 2724 967 2788 πόλεως
1025 2726 1186 2795 μέρη,
1233 2725 1593 2788 διασῴζουσιν
1626 2727 1833 2781 ἕκαστα
1893 2727 1958 2780 ἄν
1987 2745 2037 2779 τι

457 2816 716 2886 γίγνηται
760 2817 871 2870 τῶν
914 2818 1054 2870 κατὰ
1087 2820 1307 2885 τρόπον.
1369 2818 1524 2872 Ἐπεὶ
1557 2817 1664 2888 γὰρ
1718 2819 1814 2889 οὐχ
1843 2815 1953 2873 οἶόν
1979 2836 2038 2872 τε

456 2909 666 2972 πάντας
690 2909 1018 2979 ,ἀνθρώπους
1050 2910 1342 2980 πεισθῆναι
1389 2912 1463 2973 ὡς
1493 2911 1552 2964 τὸ
1590 2913 1702 2963 ἴσον
1733 2913 1838 2982 χρὴ
1871 2912 2035 2981 ἔχειν,

453 3005 548 3057 καὶ
589 3004 662 3075 μὴ
714 3005 1083 3073 πλεονεκτεῖν,
1136 3005 1275 3074 μηδὲ
1318 3006 1433 3069 τοῖς
1472 3005 1773 3076 ἀλλοτρίοις
1819 3006 2040 3062 ἐπιϐου-

452 3097 633 3152 λεύειν
659 3113 671 3126 ·
707 3099 822 3151 ἀλλ’
849 3100 986 3151 εἰσιν
1014 3099 1065 3152 οἳ
1092 3098 1186 3153 τοῦ
1214 3101 1535 3170 αὐτουργεῖν
1577 3101 1979 3170 ἀμελήσαντες,
2004 3102 2037 3170 ἦ

452 3209 574 3244 τινα
604 3192 771 3262 ἄλλην
803 3194 910 3245 τῶν
938 3194 995 3255 ἐς
1047 3192 1140 3244 τὸν
1192 3192 1306 3262 βίον
1335 3193 1524 3262 χρείαν
1572 3193 1869 3257 συντελεῖν,
1919 3196 2030 3256 τοῖς

2214 2359 2268 2412 9.
2310 2358 2652 2413 Postremum
2691 2365 2775 2412 est
2823 2356 3132 2425 principum
3167 2371 3359 2424 genus,
3397 2357 3486 2426 qui
3521 2357 3603 2411 vel
3634 2373 3725 2412 ur-

2146 2451 2264 2503 bem
2299 2448 2380 2501 vel
2405 2457 2617 2519 gentem
2651 2456 2814 2501 lotam
2839 2459 3166 2502 conservant
3193 2457 3357 2517 atque
3377 2450 3721 2509 custodiunt.

2144 2554 2375 2609 quorum
2427 2548 2485 2592 ut
2535 2554 2826 2606 supremus
2878 2547 2963 2592 est
2995 2554 3110 2603 rex,
3150 2539 3221 2593 ita
3262 2549 3384 2609 pest
3444 2541 3595 2595 illum
3631 2542 3721 2596 alii

2146 2632 2280 2685 alias
2313 2631 2467 2685 urbis
2508 2632 2588 2685 vel
2612 2631 2786 2698 gentis
2816 2633 2992 2685 sortiti
3027 2642 3212 2699 partes
3250 2633 3350 2685 rite
3372 2644 3721 2688 conservant.

2146 2724 2282 2778 Cum
2329 2723 2475 2777 enim
2515 2725 2618 2778 hoc
2649 2724 2908 2778 omnibus
2936 2726 3250 2793 persuaderi
3276 2737 3532 2796 nequeat,
3557 2729 3724 2796 aequi-

2144 2823 2312 2870 tatem
2342 2815 2551 2885 absque
2590 2816 2787 2885 injuria
2824 2820 3138 2873 sectamlmn
3173 2834 3315 2882 esse.
3353 2835 3451 2874 nec
3497 2821 3726 2875 tenden—

2144 2909 2242 2964 das
2284 2909 2605 2978 cujusquam
2637 2911 2796 2966 bonis
2853 2912 3082 2966 insidias
3113 2931 3136 2978 ;-
3161 2913 3405 2968 nonnulli
3440 2923 3619 2968 autem
3640 2916 3723 2971 vrl

2142 3001 2304 3071 primi
2356 3003 2440 3056 vel
2472 3003 2697 3057 secundi
2763 3003 2977 3072 generis
3003 3004 3219 3058 Omissis
3274 3005 3532 3075 Operibus
3581 3005 3721 3066 suis.

2142 3094 2371 3148 aliorum
2397 3093 2608 3148 inhient
2647 3093 2922 3150 laboribus
2955 3112 2971 3162 ;
3003 3107 3193 3151 contra
3219 3097 3319 3152 hos
3342 3097 3571 3151 instituti
3597 3106 3727 3152 sunt

2138 3201 2203 3240 ex
2231 3186 2422 3241 amicis
2452 3186 2668 3258 quidem
2688 3187 2902 3256 judiccs
2933 3198 2987 3243 et
3012 3189 3204 3258 reliqui
3242 3188 3510 3258 praefecti,
3531 3205 3594 3244 ex
3623 3191 3698 3244 ini

454 3285 658 3355 ἐτέρων
694 3284 876 3346 πόνοις
905 3283 1248 3352 ἐπιφύονται.
1283 3283 1439 3337 Κατὰ
1465 3283 1530 3354 δὴ
1558 3282 1766 3340 τούτων
1792 3284 2024 3354 ἐτάχθη·
2056 3279 2100 3336 C
2133 3281 2199 3338 mi

1979 3303 2024 3353 π-
2056 3279 2100 3336 C
2133 3280 2292 3338 micis
2320 3295 2447 3335 vero
2471 3280 2672 3338 milites
2694 3293 2749 3337 et
2783 3281 2977 3336 horum
3008 3283 3198 3345 duces.
3227 3283 3427 3351 quibus
3452 3298 3575 3337 cum
3607 3292 3724 3336 tau-

456 3391 580 3439 σαν,
613 3375 806 3442 φιλίων
833 3377 931 3444 μὲν
957 3375 1353 3446 νομιζομένων,
1377 3375 1633 3429 δικασταί
1656 3392 1736 3442 τε,
1764 3376 1856 3429 καὶ
1886 3375 2033 3428 ἄλλοι

453 3465 756 3535 ἄρχοντες·
814 3469 1093 3537 πολεμίων
1148 3468 1228 3533 δὲ,
1276 3467 1606 3538 στρατιῶταί
1644 3484 1724 3530 τε,
1778 3469 1872 3522 καὶ
1921 3467 2036 3520 ὅσοι

457 3560 719 3630 ἄρχοντες
749 3559 980 3614 τούτων.
1029 3557 1126 3623 Οἷς
1160 3559 1580 3630 ἀσχολουμένοις
1624 3559 1752 3630 περὶ
1792 3558 1892 3631 τὴν
1930 3559 2037 3612 τῶν

455 3651 590 3704 ὅλων
613 3651 886 3723 φυλακὴν,
916 3653 1105 3723 ἐπειδὴ
1128 3651 1397 3720 ἑτέρωθεν
1421 3651 1526 3704 ἔδει
1557 3653 1666 3705 τῶν
1689 3653 2036 3720 ἐπιτηδείων,

457 3745 614 3812 φόροι
657 3745 808 3813 παρὰ
847 3745 953 3798 τῶν
1001 3744 1321 3813 αὐτουργῶν
1357 3743 1593 3812 μάλιστα
1627 3745 1871 3798 ἑκάστων
1920 3747 2037 3798 ἑτα-

2141 3389 2299 3442 quam
2322 3374 2550 3444 publica:
2571 3375 2793 3430 intentis
2813 3376 3069 3431 custodiae
3092 3377 3311 3431 aliunde
3330 3377 3723 3446 suppeditanda

2141 3476 2319 3521 essent
2388 3469 2718 3534 necessaria,
2783 3469 2983 3524 tributa
3036 3469 3260 3525 rusticis
3304 3470 3356 3523 in
3415 3469 3721 3544 dimensum

2143 3559 2486 3628 publicorum
2532 3561 2817 3614 custodum
2875 3562 3142 3631 imperata
3200 3573 3348 3625 sunt,
3385 3578 3597 3617 merces
3625 3578 3723 3632 pa-

2143 3651 2277 3706 riter
2332 3659 2386 3705 et
2419 3651 2701 3721 prmmium
2746 3654 3230 3716 custodiaet'utura.
3266 3664 3431 3723 atque
3473 3656 3588 3711 haec
3629 3654 3728 3712 tri-

2151 3748 2407 3802 hutorum
2467 3757 2548 3801 est
2585 3747 2766 3815 origo.

455 3841 668 3910 χοησαν
719 3837 1006 3909 φέρεσθαι,
1055 3838 1269 3907 σίτησις
1321 3842 1432 3901 τοῖς
1467 3841 1667 3901 κοινοῖς
1716 3838 1915 3907 quasi
1952 3845 2046 3890 κλι
2084 3840 2275 3908 μισθός
2303 3857 2382 3902 τις
2415 3845 2509 3892 καὶ
2540 3842 2654 3911 ἅμα
2685 3842 2853 3911 γέρας
2877 3842 2974 3910 τῆς
3005 3842 3271 3910 φυλακῆς.
3306 3844 3414 3896 Καὶ
3471 3842 3609 3913 αὕτη
3660 3846 3725 3914 δὴ

456 3939 669 4008 γένεσις
709 3939 912 4005 φόρων.

530 4031 584 4087 ι’.
613 4031 796 4097 Τριῶν
829 4031 892 4100 δὴ
936 4031 1142 4086 τούτων
1171 4033 1338 4087 ὄντων
1366 4036 1424 4087 ὲν
1472 4035 1620 4086 πόλει
1652 4035 1760 4086 τῶν
1810 4034 2042 4104 πρώτων

458 4124 633 4193 γενῶν
658 4127 800 4177 κατά
831 4141 892 4192 γε
921 4125 1104 4192 φύσιν,
1138 4127 1225 4179 ter
1252 4129 1390 4181 ἄττα
1418 4129 1510 4179 καὶ
1535 4128 1600 4178 τὰ
1629 4127 2038 4196 ἐπιτηδεύματα

460 4217 553 4270 καὶ
577 4218 631 4269 αἱ
664 4216 891 4286 πράξεις
923 4217 1190 4278 ἑκάστων,
1225 4219 1319 4271 καὶ
1344 4222 1369 4271 ὁ
1397 4219 1686 4280 σπουδαῖος
1716 4221 1878 4287 νόμος
1911 4223 2040 4272 αὖτὸ

456 4307 603 4361 τοῦθ’
652 4308 816 4373 ἑριεῖ,
873 4307 940 4358 τὰ
971 4307 1136 4360 αὑτοῦ
1196 4309 1459 4377 πράττειν
1511 4309 1763 4371 ἕκαστον,
1811 4309 1905 4361 καὶ
1966 4310 2036 4375 μὴ

456 4399 822 4453 ἀπαλλάττειν
852 4397 996 4467 ἄλλῳ
1027 4399 1172 4468 ἄλλῳ
1212 4400 1358 4466 γένει
1391 4401 1728 4467 ἐπιτήδευμα
1759 4401 1853 4452 καὶ
1898 4404 2033 4469 ττρᾶ-

458 4491 558 4557 ξιν.
603 4492 810 4545 Αὐτίκα
857 4492 983 4553 τοὺς
1039 4490 1307 4561 ἄρχοντας
1351 4492 1516 4560 μηδὲν
1571 4491 1678 4543 τῶν
1713 4492 2037 4546 διακονικῶν

455 4583 801 4654 ἐπιτηδεύειν
825 4601 838 4614 ·
872 4581 1262 4636 ἐναντιώτατον
1294 4583 1400 4651 γάρ
1435 4601 1536 4636 που
1577 4582 1820 4637 διακονία
1852 4586 1992 4654 ἀρχῇ
2025 4602 2036 4614 ·

455 4677 741 4731 διακονικὰ
793 4677 838 4730 δ’
873 4676 1306 4747 ἐπιτηδεύματα,
1363 4676 1499 4729 ἄλλα
1545 4693 1626 4738 τε,
1679 4676 1756 4738 ὡς
1804 4678 2037 4745 ἔφαμεν.

2223 4030 2308 4081 id.
2354 4026 2486 4081 Cum
2529 4042 2689 4094 porro
2719 4026 2801 4078 via
2848 4029 2959 4080 haec
3000 4026 3170 4093 prima
3210 4028 3320 4082 sint
3363 4029 3642 4082 hominum
3670 4031 3722 4082 in

2148 4123 2280 4174 urbe
2319 4133 2541 4185 genera,
2572 4119 2790 4185 prooiia
2825 4119 3071 4184 quiedam
3103 4118 3440 4186 singulorum
3472 4136 3596 4175 esse
3626 4122 3720 4176 de-

2147 4211 2277 4264 bent
2310 4210 2508 4275 oliicia,
2540 4225 2660 4278 qua:
2700 4209 2921 4278 quidem
2958 4211 3125 4277 proba
3165 4213 3250 4265 lex
3277 4212 3430 4265 obire
3454 4228 3726 4282 quemque

2139 4303 2322 4372 jubet,
2380 4318 2478 4355 nec
2537 4303 2678 4354 inter
2733 4317 2790 4355 se
2849 4301 3209 4356 confundere.
3245 4301 3532 4374 Principes
3563 4307 3725 4374 igitur

2145 4396 2353 4449 nullum
2389 4394 2622 4447 subeant
2651 4394 3039 4456 ministerium,
3079 4396 3523 4463 quandoquidem
3556 4398 3726 4466 impc-

2148 4488 2229 4542 rio
2263 4488 2498 4541 maxime
2524 4490 2859 4539 contrarium
2898 4497 2980 4540 est
3011 4487 3346 4541 ministrare.
3381 4487 3521 4542 Sunt
3544 4499 3722 4543 autem

2148 4582 2291 4635 inter
2323 4581 2627 4633 ministeria
2685 4596 2805 4632 eum
2835 4580 2962 4640 alia,
2997 4595 3117 4646 quae
3155 4584 3554 4643 reccnsuimus,
3613 4594 3724 4635 tum

2150 4671 2418 4723 instituria
2458 4681 2507 4724 et
2555 4680 2881 4724 mercatura.
2931 4674 2999 4723 At
3059 4671 3358 4739 principem
3431 4672 3586 4740 jubet
3643 4675 3722 4727 lex

457 4770 551 4821 καὶ
592 4769 863 4838 ἐμπορεία
915 4785 973 4819 τε
1023 4768 1121 4820 καὶ
1174 4768 1474 4832 καπηλεία.
1516 4769 1575 4820 ’Λ
1593 4785 1775 4836 ρχοντι
1803 4769 1856 4819 δὲ
1895 4770 1922 4820 ὃ
1978 4787 2041 4834 γε
2074 4756 2121 4813 Ῑ)
2153 4775 2202 4813 ιι(

1978 4787 2041 4834 γε
2074 4756 2121 4813 Ι)
2153 4775 2256 4813 non
2295 4771 2658 4813 mercaturam
2703 4776 2803 4812 nec
2838 4760 3397 4832 institoriamfacere,
3446 4777 3547 4815 nec
3579 4765 3721 4816 aliud

457 4861 744 4923 σπουδαῖος
800 4862 960 4927 νόμος
1016 4863 1158 4928 ὀριεί
1210 4860 1284 4929 μὴ
1344 4860 1550 4926 ἐξεῖναι
1606 4860 2034 4930 ἐμπορεύεσθαι,

460 4954 595 5023 μηδὲ
631 4952 989 5022 καπηλεύειν,
1025 4951 1147 5021 μηδ’
1179 4952 1339 5005 ἄλλου
1376 4953 1602 5020 μηδενὸς
1630 4953 1897 5005 ἅπτεσθαι
1929 4954 2038 5005 τῶν

456 5045 846 5112 όνελεοοέρων.
877 5042 1017 5106 Τούς
1048 5061 1105 5096 τε
1136 5044 1474 5113 στρατιώτας
1501 5044 1900 5111 ἀποκεκρίσθαι
1934 5046 2038 5098 τῶν

459 5136 691 5199 πολλῶν,
728 5135 819 5188 καὶ
857 5136 992 5196 ὅλως
1038 5135 1168 5196 τοὺς
1211 5135 1485 5198 σώζοντας
1519 5134 1626 5186 τῶν
1673 5135 2002 5204 σωζομένων
2027 5152 2040 5165 '

461 5229 557 5282 καὶ
587 5230 711 5290 τοὺς
740 5228 836 5296 μὲν
861 5228 1194 5297 ἀφειμένους
1222 5226 1424 5288 παντὸς
1452 5229 1617 5295 φόρον
1645 5227 2044 5295 στρατεύεσθαί

456 5339 518 5375 τε
543 5321 636 5373 καὶ
669 5320 1114 5390 προκινδυνεύειν
1149 5319 1259 5372 τῶν
1303 5319 1534 5380 πολλῶν,
1566 5320 1692 5380 τοὺς
1717 5319 1773 5371 δὲ
1812 5323 1923 5381 τοῖς
1951 5320 2046 5371 αὐο-

459 5415 571 5469 τῶν
599 5414 990 5482 προσέχοντας.
1028 5414 1245 5475 ἱκανούς
1295 5431 1352 5466 τε
1398 5412 1454 5475 ἐς
1500 5412 1753 5481 δύναμιν,
1789 5417 1882 5466 καὶ
1925 5415 2042 5482 ἅμα

463 5509 523 5562 οὐ
562 5507 747 5578 βαρεῖς
774 5523 926 5568 τινας
957 5506 1146 5575 φέρειν
1179 5507 1304 5567 τοὺς
1338 5506 1555 5575 φόρους,
1603 5507 1818 5570 σίτησιν
1849 5508 1960 5559 τοῖς
1988 5525 2044 5558 τε

463 5603 690 5670 ἄρχουσι
725 5600 821 5651 καὶ
873 5598 1219 5669 στρατιωτῶν
1266 5600 1380 5660 τοῖς
1434 5597 1644 5663 λογάσι.
1691 5596 1764 5649 Τὸ
1811 5598 1944 5656 πολὺ
1990 5599 2047 5651 δὲ

468 5695 566 5763 τῆς
603 5693 886 5762 στρατιᾶς,
927 5693 1024 5746 καὶ
1071 5693 1132 5744 τὸ
1183 5692 1636 5758 ἀναγκαιότατον,
1682 5689 1952 5759 ὁμόφυλον
1991 5709 2046 5744 τε

2147 4853 2447 4920 quidquam
2488 4869 2592 4907 non
2633 4852 2853 4906 liberale
2907 4862 3160 4907 tractare.
3221 4851 3538 4908 Similitera
3570 4857 3728 4924 vulgo

2147 4955 2505 5000 Secetnantur
2543 4946 2759 5006 milites,
2789 4959 2850 4996 ac
2889 4955 3194 4998 servatores
3228 4960 3255 4998 a
3313 4945 3630 5011 servandis;
3677 4958 3729 5000 ct

2149 5043 2223 5098 illi
2263 5039 2479 5109 quidem
2513 5039 2578 5090 ab
2607 5037 2756 5092 omni
2816 5038 3108 5090 collatione
3165 5039 3317 5093 liberi
3355 5039 3605 5102 militent,
3664 5055 3726 5093 ac

2149 5134 2406 5206 populum
2446 5141 2702 5184 tueantur
2735 5147 2747 5186 :
2787 5129 2838 5183 hi
2866 5144 2994 5182 vero
3030 5144 3158 5184 suas
3192 5146 3278 5183 res
3308 5141 3530 5198 agentes
3552 5133 3727 5186 idonei

2148 5236 2274 5282 sunt
2301 5222 2580 5294 rogitando
2609 5237 2705 5276 nec
2735 5223 2916 5289 gravia
2943 5222 3140 5274 tributa
3176 5223 3478 5293 principqu
3513 5235 3566 5278 et
3590 5227 3732 5280 mili-

2153 5321 2298 5375 tibus
2334 5317 2661 5370 nutrimenta
2710 5316 2966 5381 pendunt.
3003 5313 3173 5383 Major
3215 5331 3342 5370 vero
3377 5320 3500 5384 pars
3523 5336 3730 5376 exerci-

2155 5420 2238 5462 tus
2277 5417 2330 5459 et
2361 5405 2535 5474 potior
2565 5406 2762 5458 civium
2802 5405 2892 5465 sit,
2924 5419 2985 5456 ae
3013 5407 3473 5470 domesticorum,
3498 5427 3601 5463 non
3635 5428 3729 5480 pc.

2158 5501 2523 5571 regrinorum,
2592 5497 2856 5565 siquidem
2916 5511 3041 5551 raro
3097 5496 3218 5552 tidei
3283 5510 3411 5552 sunt
3463 5505 3730 5571 peregrini

2159 5593 2452 5661 multisque
2488 5589 2889 5644 mutationibus
2924 5590 3193 5642 interdum
3233 5606 3329 5659 pro
3360 5596 3734 5650 servatoril-us

2159 5699 2321 5757 atque
2353 5683 2678 5740 custodibus
2711 5683 2900 5738 hostes
2931 5682 3232 5750 CXSiSllilll,
3269 5683 3558 5743 domestici
3605 5705 3736 5745 vero

542 5856 654 5924 (53$)
688 5857 920 5923 Πόλεως
951 5855 982 5922 ἢ
1017 5856 1245 5925 γέεέιπς.
1312 5857 1425 5913 Viti.
1467 5857 1597 5913 l‘iat.
1630 5860 1663 5913 l.
1700 5858 1731 5909 Χῖ
1808 5855 1866 5910 'le
1898 5855 2195 5923 Republica.
