4420 6448
713 393 820 454 855

1947 397 2267 457 GEORGII
2316 398 2672 458 PLETHON
2696 400 2767 457 lS

3884 400 3987 460 με

712 510 864 567 cultu
910 524 1067 565 sacra
1121 509 1461 580 donariaque
1492 512 1657 567 modo
1685 522 1740 568 et
1795 516 1994 583 pietate
2029 516 2287 570 adhibitis
2326 526 2367 580 Α
2402 522 2457 582 μι

2244 517 2287 570 is
2326 526 2367 580 Α
2402 516 2530 583 μήτ’
2562 512 2654 568 οὖν
2686 517 2863 580 ἄλλως
2898 516 3025 585 μήθ’
3059 517 3152 569 ὑπ’
3190 515 3503 585 ἀνθρώπων
3540 515 3736 583 δώροις
3767 516 3801 584 ἦ
3850 532 3989 566 τισιν

713 600 975 665 oderant,
1032 603 1179 657 velut
1220 603 1347 659 inde
1376 604 1579 657 bonum
1614 621 1777 659 omne
1802 606 2077 675 proﬁcisci
2111 608 2286 661 faten-

715 704 821 759 tes,
850 710 951 749 ncc
1000 694 1078 747 vel
1109 696 1292 752 minus
1345 705 1688 766 praestantes.
1752 706 1849 751 aut
1896 699 2153 761 duarum,
2195 709 2291 752 aut

713 787 941 841 alterius
973 785 1166 841 salte'm
1197 788 1431 841 duarum
1471 789 1763 857 impietatis
1813 790 2110 846 formarum
2170 793 2288 860 opi-

716 876 931 930 nionem
964 876 1069 932 sibi
1102 886 1421 946 comparent
1450 877 1535 932 vel
1563 880 1734 934 nimio
1756 890 1979 949 sumptu
2014 892 2069 936 et
2096 883 2287 951 priva—

716 977 800 1022 tas
851 967 1045 1022 domos
1118 979 1173 1022 et
1259 970 1661 1037 rempublicam
1746 974 2063 1040 percientes,
2130 973 2287 1038 quasi

712 1056 1064 1114 denariorum
1140 1058 1442 1128 quidquam
1503 1062 1792 1131 proﬁceret
1866 1064 2291 1132 magniﬁcentia,

713 1161 816 1201 nec
845 1148 1083 1216 amplius
1132 1148 1263 1216 quid
1295 1148 1520 1215 oﬂcrre,
1553 1152 1647 1203 sed
1676 1150 1944 1205 redimere
1970 1154 2099 1219 visi,
2136 1155 2293 1206 tertio

713 1252 775 1292 se
866 1237 1161 1305 impietatis
1240 1240 1423 1307 generi
1485 1238 1854 1311 obstringunt.
1910 1241 2018 1297 Has
2074 1246 2293 1299 demum

712 1329 1017 1383 sententias
1091 1331 1305 1398 publice
1390 1330 1711 1401 privateque
1795 1334 2152 1391 continuatus
2221 1352 2288 1391 ac

711 1422 1028 1477 necessario
1052 1423 1225 1478 virtus
1252 1431 1309 1478 et
1334 1426 1547 1479 honesti
1583 1440 1746 1480 omne
1804 1428 2047 1482 studium
2111 1432 2293 1500 sequi-

714 1522 826 1566 IUI'.

2398 609 2579 671 ἄλλοις
2612 608 2995 677 θωπευόμενόν
3018 628 3076 662 τε
3108 610 3201 663 καὶ
3229 610 3723 676 παρατρτπόμενον
3752 621 3765 634 ⁸
3794 608 3855 657 οὐ
3880 607 3988 674 γὰρ

2398 699 2492 754 οὖν
2532 701 2708 764 ἐνδεὲς
2737 696 2879 754 εἶναι
2910 702 3239 771 ἀνθρώπων.
3278 697 3373 761 Οἷς
3410 701 3627 770 ἔχουσιν
3660 699 3832 760 οὕτως
3860 699 3988 750 ἒπε-

2399 812 2489 845 ται
2524 794 2616 845 καὶ
2654 794 2713 845 et
2744 796 2841 856 τὰς
2887 794 3023 863 πρὸς
3072 796 3134 845 τὸ
3170 793 3315 846 οεῖον
3352 794 3659 860 ἁγιστείας,
3706 790 3897 851 θυσίας
3930 806 3987 841 τε

2400 886 2499 938 xai
2542 885 2895 955 ἀναθήματα,
2948 886 3148 955 μέτριά
3198 904 3257 939 τε
3305 887 3401 939 xui
3446 885 3545 938 ἀπ’
3581 882 3842 944 εὐσεεοῦς
3884 882 3985 945 τῆς

2394 974 2624 1043 γνώμης
2655 976 2853 1040 τελεῖν,
2887 976 3183 1045 ὁμολογίας
3212 976 3342 1029 ὄντα
3374 975 3621 1044 ξύμϐολα
3654 973 3746 1026 τοῦ
3780 972 3987 1023 ἐκεῖθεν

2393 1069 2530 1135 ἡμῖν
2563 1063 2705 1120 εῖναι
2757 1068 2971 1136 τάγαθά
2997 1084 3012 1098 ο
3064 1068 3162 1120 καὶ
3219 1068 3346 1136 μήτ’
3398 1068 3776 1127 ἐκλείποντας,
3808 1065 3839 1129 ἦ
3873 1064 3989 1114 τοῖν

2393 1162 2565 1226 δυοῖν,
2603 1160 2636 1229 ἢ
2672 1160 2905 1234 θατέρου
2936 1161 3065 1229 γοῦν
3093 1165 3206 1214 τοῖν
3228 1160 3523 1231 προτέρων
3548 1158 3711 1209 είδοῖν
3737 1156 3836 1222 τῆς
3863 1157 3989 1208 ἀσε-

2398 1254 2555 1316 ϐείας
2587 1254 2949 1323 ἐνεχομένων,
2989 1254 3149 1320 δόξαν
3182 1252 3520 1324 παρέχεσθαι
3550 1267 3563 1281 ·
3596 1249 3726 1319 μήθ’
3756 1246 3992 1315 5115960-

2398 1344 2517 1407 λαῖς
2568 1345 2825 1399 δαπανῶν
2878 1346 3005 1408 τούς
3044 1362 3104 1397 τε
3153 1344 3315 1403 ίδίους
3352 1344 3535 1405 οἴκους
3589 1341 3685 1393 καὶ
3717 1342 3784 1391 τά
3832 1338 3987 1388 κοινᾶ

2402 1435 2747 1505 φθείροντας,
2784 1434 2861 1497 ὣς
2901 1452 2955 1487 τι
2992 1435 3155 1488 πλέον
3187 1436 3519 1505 ποιήσοντας
3561 1434 3626 1500 τῇ
3666 1428 3990 1495 πολυτελείᾳ

2400 1527 2512 1580 τῶν
2542 1528 2808 1598 ἀπαρχῶν
2842 1545 2902 1580 τε
2933 1529 3025 1580 καὶ
3068 1528 3461 1597 ἀναθημάτων,
3512 1525 3634 1593 μηδ’
3669 1522 3995 1590 ἀπαρχομέ-

712 1623 822 1661 νων
849 1605 951 1669 In.
1008 1606 1125 1661 ἀ)λ’
1161 1608 1241 1670 ὥς
1282 1608 1612 1678 ὠνουμένων
1652 1611 1810 1678 δόξαν
1860 1616 2294 1685 παρεχομένους,
2334 1618 2412 1686 τῷ
2444 1620 2612 1689 τρίτῳ
2644 1622 2776 1674 εῖδει
2809 1619 2908 1688 τῆς
2936 1620 3190 1681 ἀσεϐείας
3220 1619 3521 1689 ἐνέχεσθαι.
3554 1618 3691 1679 Ταῖς
3759 1616 3814 1667 δὲ
3881 1632 3994 1666 τοι-

712 1697 909 1761 αὑταις
931 1697 1111 1764 δόξαις
1146 1699 1253 1770 ἰδίᾳ
1278 1716 1337 1753 τι
1378 1702 1477 1753 καὶ
1504 1701 1743 1773 δημοσίᾳ
1812 1705 2203 1773 νομιζομέναις
2271 1710 2367 1762 καὶ
2406 1712 2738 1780 κρατούσαις
2795 1711 3081 1779 ἀμήχανον
3136 1712 3209 1781 μὴ
3259 1710 3320 1764 οὐ
3367 1712 3467 1762 καὶ
3517 1711 3718 1779 ἀρετὴν
3764 1706 3995 1759 ἕπεσθαι

714 1792 853 1846 πᾶσι
890 1795 1019 1860 παρ’
1044 1789 1123 1855 οἷς
1170 1795 1238 1848 ἀν
1266 1794 1471 1865 τύχωσι
1523 1801 1953 1868 κεκρατηκυῖαι.
1989 1801 2084 1853 καὶ
2118 1804 2301 1854 πᾶσαν
2338 1804 2439 1874 τὴν
2476 1807 2607 1874 περὶ
2638 1806 2701 1859 τὸ
2735 1805 2899 1859 καλὸν
2924 1805 3181 1874 σπουδήν.

786 1889 875 1944 l6.
913 1889 981 1942 At
1027 1892 1217 1944 vitium
1278 1894 1509 1960 quoivis
1568 1904 1620 1948 et
1688 1895 1926 1949 maxima
1981 1899 2295 1952 mortalium
2328 1901 2376 1960 Β

715 1993 943 2051 peccata
975 1983 1043 2037 de
1071 1986 1367 2039 contrariis
1398 1996 1699 2039 nascuntur
1740 1987 2042 2041 sententiis.
2073 1988 2301 2058 Semper

715 2075 862 2128 euim
893 2077 1163 2131 exsistunt
1194 2078 1438 2130 nonnulli
1472 2078 1655 2141 pravis
1686 2079 2041 2148 opinionibus
2086 2082 2298 2145 imbuti,

714 2176 770 2220 ιι
805 2168 888 2219 vel
932 2168 1140 2221 nullum
1174 2184 1294 2223 esse
1331 2185 1557 2238 prorsus
1600 2170 1771 2225 Deum
1816 2172 2162 2235 arbitrantes.
2220 2175 2300 2229 vel

710 2270 774 2313 ut
832 2261 923 2323 sit,
983 2275 1076 2316 res
1132 2270 1322 2315 tamen
1372 2262 1640 2317 humanas
1698 2264 1998 2335 negligere,
2058 2266 2141 2321 vel
2207 2268 2298 2321 de-

712 2352 883 2421 nique
919 2361 980 2406 ut
1017 2353 1090 2407 sit
1146 2363 1311 2420 atque
1370 2364 1544 2419 curet,
1610 2356 1888 2425 corruu-pi
1947 2358 2301 2414 nihilominus

709 2458 895 2511 posse.
952 2446 1235 2514 sacrisque
1284 2462 1348 2500 ac
1410 2448 1652 2502 donariis
1711 2450 1992 2503 delinitqu
2049 2468 2303 2507 nonnun-

709 2551 874 2605 quam
912 2536 980 2591 ab
1038 2536 1216 2593 ofﬁcio
1275 2538 1582 2596 deﬂectere.
1618 2544 1699 2596 Ah
1756 2544 1842 2599 his
1891 2545 2043 2599 enim
2085 2546 2300 2601 duabus

711 2627 858 2683 inter
878 2642 938 2682 se
974 2630 1267 2684 contrariis
1289 2630 1355 2687 de
1390 2631 1500 2686 Deo
1532 2636 1843 2699 sententiis,
1888 2647 2146 2707 tanquam
2176 2638 2299 2693 fon-

711 2718 887 2783 tibus,
918 2720 1030 2776 duo
1057 2721 1362 2791 procedunt
1412 2725 1537 2778 vitae
1558 2742 1758 2795 genera
1825 2729 2125 2798 plurimum
2156 2733 2302 2786 inter

711 2824 774 2865 se
808 2810 1133 2866 dissidentia
1170 2828 1185 2875 ;
1224 2828 1457 2881 quorum
1500 2816 1748 2870 alterum
1810 2819 2069 2873 virtutem
2098 2819 2180 2874 vel
2212 2835 2297 2875 so-

719 2902 859 2965 lum,
889 2903 975 2956 vel
1006 2918 1282 2958 summum
1322 2909 1717 2974 ponitbunum,
1776 2909 2007 2963 alterum
2042 2911 2295 2980 volupta-

724 3005 856 3050 tem.
891 2996 1102 3050 Etenim
1151 3012 1274 3052 cum
1339 3000 1573 3053 hominis
1636 3012 1828 3054 natura
1874 3003 2068 3070 partim
2119 3002 2300 3058 divina

723 3090 819 3152 sit,
863 3090 1061 3158 partim
1116 3090 1354 3144 humana
1387 3092 1555 3161 (quod
1594 3093 1848 3147 omnibus
1897 3104 1951 3147 et
2013 3094 2218 3150 Graecis
2247 3106 2301 3151 et

713 3180 971 3236 Barbaris
1002 3182 1086 3237 vel
1122 3182 1305 3252 aliqua
1336 3184 1580 3253 praeditis
1614 3195 1791 3239 mente
1843 3186 2019 3239 visum
2056 3185 2181 3256 fuit)
2212 3187 2299 3241 di-

712 3276 997 3330 vinitatem
1068 3275 1285 3344 quidem
1367 3277 1571 3339 animo,
1634 3276 2028 3331 humanitatem
2111 3287 2293 3333 autem

714 3366 1055 3434 exprimente
1126 3378 1355 3433 corpore
1414 3381 1430 3430 ;
1486 3366 1577 3433 qui
1665 3364 1885 3434 quidem
1956 3364 2293 3419 divinitatem

717 3458 914 3511 ducem
942 3457 1138 3521 secuti,
1173 3472 1297 3511 cum
1340 3465 1484 3509 recte
1517 3454 1583 3509 de
1615 3466 1844 3524 cognata
1879 3466 2072 3510 natura
2104 3472 2295 3512 sense-

715 3551 849 3614 rint,
882 3558 995 3603 tum
1031 3550 1095 3601 ad
1142 3550 1359 3602 virtutis
1414 3563 1663 3601 normam
1703 3549 1863 3602 vitam
1908 3564 2126 3602 onmem
2160 3550 2301 3603 dire-

721 3643 921 3705 xerint,
946 3642 1072 3696 boni
1099 3652 1220 3695 sunt
1244 3641 1425 3695 omnis
1455 3642 1593 3694 inter
1651 3642 1898 3696 hominis
1926 3642 2300 3711 auctores,qui

718 3752 851 3791 vero
876 3735 1096 3790 mortali
1116 3752 1181 3790 ac
1205 3735 1380 3789 ferina
1396 3745 1547 3803 parte
1571 3735 1740 3798 ducti,
1765 3752 1887 3788 cum
1920 3737 1985 3788 de
2003 3734 2111 3788 Deo
2143 3749 2303 3790 secus

720 3828 1017 3891 senserint,
1050 3836 1165 3881 tum
1234 3826 1300 3881 ad
1360 3826 1689 3895 voluptatem
1749 3826 2036 3880 retulerim
2091 3828 2301 3890 omnia,

720 3936 1040 3989 magnorum
1058 3930 1247 3975 contra
1268 3928 1666 3974 suntanctores
1687 3919 1981 3971 malorum.
2011 3919 2157 3972 Inter
2200 3920 2300 3974 hos

720 4014 883 4068 medii
905 4022 1101 4067 suntet
1121 4013 1214 4082 qui
1238 4012 1422 4079 gloriae
1448 4012 1693 4073 student,
1716 4020 1771 4065 et
1791 4011 1883 4079 qui
1909 4011 2116 4065 divitiis
2150 4026 2297 4078 ;cum

721 4106 1079 4160 simulacrum
1097 4105 1184 4157 illa
1203 4104 1273 4158 sit
1288 4104 1523 4166 virtutis,
1543 4103 1623 4156 hae
1642 4108 1943 4172 voluptates
1957 4105 2310 4161 eoncinnent.

2480 1908 2576 1966 ις’.
2618 1903 2806 1955 Κακία
2853 1901 2910 1954 δὲ
2960 1903 3111 1954 πᾶσα
3158 1902 3255 1953 καὶ
3301 1899 3370 1952 τά
3436 1900 3645 1969 μεγάλα
3685 1885 3994 1964 ἀνθρώποις

2404 1994 2786 2063 ἁμαρτήματα
2833 1996 2941 2046 ἀπὸ
2968 1995 3076 2046 τῶν
3120 1996 3386 2045 ἐναντίων
3422 1995 3667 2059 γίγνεται
3699 1985 3763 2041 αὖ
3797 1989 3988 2051 δοξῶν.

2404 2084 2689 2152 Γίγνονται
2737 2087 2848 2153 γὰρ
2882 2087 2991 2137 αἰεὶ
3024 2084 3135 2137 τῶν
3173 2085 3479 2154 ἀνθρώπων
3526 2085 3655 2135 ἔνιοι
3692 2082 3789 2151 οὐχ
3824 2080 3990 2148 ὑγιῶς

2404 2177 2534 2246 περὶ
2565 2178 2737 2231 ταῦτα
2784 2179 2999 2249 ἔχοντες
3021 2196 3035 2209 ·
3067 2179 3116 2231 ci
3158 2177 3259 2247 μὶν
3307 2177 3419 2230 οὐδ’
3451 2172 3589 2230 εἷναί
3626 2193 3677 2227 τι
3708 2176 3767 2227 τὸ
3822 2175 3997 2242 παρά-

2404 2286 2514 2323 παν
2544 2269 2691 2323 θεῖον
2734 2273 2793 2323 ἐν
2837 2273 2951 2334 τοῖς
2989 2271 3110 2323 οὖσι
3156 2270 3503 2340 νομίζοντες·
3536 2270 3583 2320 oi
3616 2267 3661 2320 δ’
3696 2262 3837 2318 εἶναι
3872 2266 3993 2333 μὲν,

2406 2362 2483 2431 μὴ
2518 2362 2833 2431 φροντίζειν
2864 2362 2918 2415 δὲ
2972 2361 3109 2431 μηδὲ
3146 2361 3255 2414 τῶν
3297 2360 3657 2427 ἀνθρωπίνων
3682 2375 3694 2387 ·
3724 2358 3772 2408 oi
3811 2355 3865 2407 δὲ
3900 2357 3994 2406 καὶ

2407 2447 2550 2504 εἶναι
2574 2453 2672 2504 καὶ
2700 2453 3113 2521 ἐπιμελεῖσθαι,
3141 2451 3481 2521 παραιτητὺν
3506 2450 3551 2503 δ’
3576 2444 3740 2510 εἶναι,
3764 2447 3857 2499 καί
3884 2462 3995 2497 τισι

2403 2542 2618 2604 θυσίαις
2654 2543 2748 2597 καὶ
2792 2544 3105 2614 ἀναθήμασι
3146 2545 3241 2595 καὶ
3289 2543 3477 2612 εὐχαῖς
3510 2540 3869 2612 κηλούμενον,
3915 2537 3991 2606 μὴ

2402 2636 2670 2705 ἀκριϐοῦν
2723 2637 2988 2689 ἑκάστοτε
3037 2638 3105 2690 τά
3159 2637 3366 2691 δίκαια.
3438 2636 3571 2687 Ἀπδ
3614 2636 3726 2702 γὰρ
3779 2635 3991 2685 τούτοιν

2401 2732 2547 2801 δυοῖν
2575 2732 2754 2785 ὄντοιν
2802 2731 3055 2801 ἀλλήλοιν
3086 2732 3355 2784 ἐναντίοιν
3403 2730 3565 2783 είδοῖν
3617 2729 3726 2781 τῶν
3758 2729 3887 2796 περὶ
3916 2725 3992 2778 ,τὸ

2403 2820 2766 2886 θεῖονδοξῶν,
2812 2816 3035 2891 οἷόνπερ
3066 2821 3176 2874 ἀπὸ
3232 2823 3460 2889 πηγαῖν,
3510 2820 3620 2872 δύω
3654 2818 3768 2887 βίου
3801 2834 3994 2885 προαι-

2408 2912 2564 2983 ρέσεε
2593 2914 2816 2982 πρόῖτον
2844 2913 3229 2967 ὲναντιωτάτω
3255 2911 3537 2980 ἀλλήλοινο
3570 2914 3602 2979 ή
3631 2910 3732 2979 μὲν
3755 2909 3866 2961 τῶν
3898 2906 3989 2975 μό.

2404 3020 2517 3063 νον,
2548 3004 2582 3071 ἢ
2616 3004 2859 3073 μάλιστα
2886 3004 2947 3055 τὸ
2971 3003 3136 3056 καλὸν
3165 3001 3472 3071 τιθεμένων
3496 3001 3720 3069 ἀγαθὸν,
3744 3001 3774 3069 ή
3804 2999 3860 3051 δὲ
3885 2998 3994 3050 τῶν

2404 3093 2503 3163 τὴν
2530 3094 2725 3163 ἡδονὴν
2756 3092 2909 3156 τέλος
2946 3093 3039 3146 τοῦ
3092 3092 3211 3162 βίου
3263 3092 3627 3161 ποιουμένων.
3673 3091 3835 3146 Ἐπεὶ
3884 3090 3993 3157 γάρ

2406 3186 2559 3237 ἐστιν
2589 3186 2618 3237 ὁ
2643 3184 2931 3254 ἄνθρωπος
2962 3184 3212 3249 ξύνθετός
3243 3203 3329 3248 τις
3354 3186 3517 3253 φύσις
3548 3183 3611 3236 ἐκ
3636 3200 3697 3236 τε
3726 3182 3876 3236 θείας
3908 3181 3996 3233 οὐ·

2402 3277 2525 3338 σίας
2548 3278 2641 3330 καὶ
2665 3277 2865 3348 θνητῆς
2897 3276 3033 3348 (49),
3062 3278 3141 3341 ὡς
3164 3278 3315 3330 δοκεῖ
3337 3276 3402 3346 δὴ
3432 3278 3566 3329 πᾶσι
3594 3275 3690 3327 καὶ
3724 3274 3993 3343 Ἑλλήνων

2404 3371 2500 3422 καὶ
2530 3369 2825 3440 βαρὸάρων
2878 3372 2994 3432 τοῖς
3042 3386 3106 3437 γε
3138 3371 3231 3422 καὶ
3272 3368 3499 3421 όσονοῦν
3551 3368 3646 3422 νοῦ
3677 3367 3988 3438 μετέχουσι,

2405 3464 2502 3516 καὶ
2533 3462 2594 3514 τδ
2624 3462 2724 3532 μὲν
2775 3462 2922 3516 θεῖον
2954 3462 3120 3515 αὐτοῦ
3153 3464 3185 3532 ή
3235 3462 3383 3539 ψυχή
3426 3464 3566 3525 ἐστι,
3607 3460 3669 3512 τὸ
3716 3460 3771 3510 δὲ
3800 3459 3995 3527 θνητόν

2406 3555 2467 3607 τὸ
2496 3553 2694 3624 σῶμα·
2730 3555 2781 3608 οἶ
2811 3555 2911 3624 μὲν
2941 3553 3009 3607 ἀν
3041 3554 3118 3623 τῷ
3157 3556 3215 3607 ὲν
3242 3554 3426 3615 αὐτοῖς
3460 3552 3591 3621 θείῳ
3623 3548 3994 3619 κεκρατηκότι

2410 3646 2792 3715 ἐπισπόμενοι,
2831 3649 2931 3710 τάς
2957 3664 3017 3700 τε
3045 3648 3177 3717 περὶ
3220 3646 3319 3716 τὴν
3347 3644 3583 3713 ξυγγενῆ
3612 3644 3806 3694 οὐσίαν
3835 3640 4000 3708 ἠκρι-

2410 3739 2652 3799 ϐωκότες
2692 3734 2801 3791 εἷεν
2830 3738 3011 3806 δόξας,
3046 3739 3139 3792 καὶ
3171 3740 3393 3809 ἀρετὴν,
3422 3738 3517 3791 καὶ
3544 3743 3604 3789 τὸ
3636 3737 3830 3797 κάλλος
3862 3751 3997 3785 πανε-

2409 3833 2500 3893 τὸς
2531 3830 2625 3884 τοῦ
2651 3832 2768 3898 βίου
2800 3832 3230 3901 προστήσαιντο,
3273 3832 3451 3885 πάντα
3483 3828 3665 3896 ἀγαθά
3696 3831 3754 3881 ὲν
3783 3825 3996 3894 ἀνθρὼ-

2407 3941 2531 3987 ποις
2552 3922 2963 3992 ἀπεργάζονται
2984 3939 2999 3955 ’
3035 3924 3149 3976 οίδ’
3171 3923 3239 3976 ἂν
3261 3923 3365 3975 ὑπὸ
3388 3921 3482 3975 τοῦ
3507 3924 3565 3975 έν
3587 3921 3772 3981 αὐτοῖς
3796 3918 3993 3988 θνητοῦ

2413 4018 2513 4070 καὶ
2565 4018 2864 4087 θηριώδους
2914 4017 3284 4089 κρατηθέντες
3330 4017 3428 4081 τάς
3460 4034 3517 4069 τε
3573 4017 3703 4084 περὶ
3748 4017 3809 4066 τὺ
3850 4015 3995 4067 θεῖον

2418 4109 2574 4174 δόξας
2634 4111 3029 4181 ἀμαρτάνοιεν,
3080 4111 3173 4164 καὶ
3230 4112 3394 4180 ἡδονῇ
3447 4109 3508 4161 τὸ
3555 4110 3665 4162 πᾶν
3710 4108 3851 4159 δοῖεν
3901 4102 3995 4156 τοῦ

723 4201 863 4270 βίου,
908 4202 977 4254 τὰ
1023 4200 1235 4268 μεγάλα
1276 4192 1339 4249 αὖ
1374 4196 1622 4265 πανταχῆ
1670 4194 2079 4264 ἀπεργάζονται
2125 4196 2294 4249 κακά.
2336 4193 2433 4251 Οἷν
2468 4200 2673 4268 μεταξὺ
2704 4198 2771 4255 αὖ
2803 4201 2899 4254 καὶ
2928 4201 2981 4253 οῖ
3032 4217 3092 4253 τε
3160 4201 3287 4267 περὶ
3357 4199 3517 4263 δόξαν
3576 4199 3993 4259 ἐσπουδακότες,

722 4296 820 4348 καὶ
869 4296 919 4348 οἱ
952 4295 1084 4364 περὶ
1128 4294 1422 4365 χρήματα·
1453 4291 1610 4358 δόξης
1658 4290 1756 4359 μὲν
1808 4289 2008 4359 ἀρετῆς
2058 4290 2151 4341 καὶ
2202 4288 2296 4341 τοῦ
2338 4291 2506 4345 καλοῦ
2539 4293 2706 4365 οὔσης
2732 4295 2978 4360 εἰδώλου,
3012 4294 3312 4365 χρημάτων
3347 4294 3404 4347 δὲ
3472 4295 3842 4363 παρασκευῶν
3907 4289 3995 4359 ἐφ’

720 4392 937 4465 ἡδονάς.

804 4487 888 4543 17.
930 4485 994 4540 Et
1025 4485 1080 4538 in
1120 4498 1309 4537 eorum
1347 4480 1567 4549 quidem
1618 4493 1872 4543 numero,
1915 4479 2007 4547 qui
2048 4478 2308 4532 virtutem

722 4590 854 4636 sunt
884 4578 1139 4649 amplexi,
1166 4590 1291 4629 cum
1328 4574 1417 4626 alii
1482 4572 1697 4627 seculis
1728 4572 1983 4625 omnibus
2021 4574 2302 4637 exstitere,

2490 4479 2576 4545 ιζ’.
2614 4480 2738 4533 Τῶν
2796 4481 2896 4551 μὲν
2943 4478 3038 4534 οὖν
3077 4480 3208 4550 περὶ
3262 4479 3323 4532 τὺ
3368 4478 3533 4532 καλὸν
3582 4478 3995 4531 ἐσπουδακότων

2412 4574 2561 4626 ἄλλοι
2592 4590 2650 4626 τε
2679 4573 2930 4638 ἐγένοντο
2966 4576 3024 4623 ὲν
3052 4573 3131 4643 τῷ
3162 4574 3325 4626 παντὶ
3363 4571 3540 4635 αίῶνι,
3581 4571 3679 4623 καὶ
3720 4570 3995 4638 Ἡρακλῆς

722 4685 836 4728 tum
860 4669 1281 4741 Amphitryonis
1306 4666 1343 4718 ί.
1383 4664 1665 4729 Hercules,
1702 4679 1864 4732 quem
1902 4664 2139 4716 diximus
2166 4665 2303 4717 bona
2340 4696 2383 4750 ο
2412 4684 2467 4719 π‹

2247 4679 2303 4715 na
2340 4696 2383 4750 Β
2412 4684 2542 4719 ποτε
2597 4669 2625 4718 ὁ
2672 4666 3104 4735 Ἀμφιτρύωνος,
3159 4664 3220 4716 ὃν
3261 4662 3523 4727 εὐνομίαν
3574 4679 3634 4713 τε
3686 4665 3783 4714 καὶ
3831 4661 3992 4729 ζῆλον

722 4765 1037 4837 ιοίριιωίοαι
1074 4759 1464 4814 constitutione
1514 4756 1835 4823 vfttutisque
1866 4755 2049 4808 studio
2098 4754 2305 4809 Graecis

723 4858 1036 4917 conciliato,
1070 4850 1458 4907 celeberrimos
1508 4848 1632 4901 illos
1694 4846 2015 4908 reddidisse,
2047 4863 2171 4900 cum
2199 4848 2304 4899 sibi

724 4955 959 5025 primum
994 4948 1097 5017 ipsi
1133 4947 1391 4999 virtutem
1432 4941 1640 4995 crebris
1668 4940 1949 4994 laboribus
1971 4948 2025 4992 et
2052 4938 2305 4993 certami-

726 5046 890 5101 nibus
924 5048 1297 5110 comparasset
1330 5054 1345 5089 :
1388 5034 1670 5105 Lycurgus
1705 5034 1833 5086 item
1860 5031 2307 5085 Lacedannonius

727 5137 819 5207 qui
852 5134 1018 5189 lralre
1059 5144 1183 5198 rege
1246 5129 1366 5181 sine
1404 5125 1588 5177 liberis
1635 5131 1873 5183 mortuo,
1917 5137 2041 5175 cum
2082 5122 2303 5187 coniux,

722 5243 846 5297 «μιαν
874 5223 1153 5293 gravidam
1189 5236 1247 5275 se
1277 5226 1455 5279 norat,
1490 5215 1555 5269 ad
1599 5217 1775 5284 ipsum
1825 5228 1903 5277 se,
1936 5214 2044 5269 fetu
2080 5216 2305 5277 abolito,

722 5335 951 5391 regnum
981 5330 1084 5369 una
1125 5329 1248 5368 cum
1275 5310 1623 5365 matrimonio
1655 5308 1960 5362 delaturum
1987 5308 2305 5377 recepisset,

722 5428 784 5467 re
841 5426 949 5463 nou
1025 5420 1309 5469 concessa,
1369 5402 1625 5472 qu0niatn
1681 5402 1910 5467 justitiaz
1974 5401 2308 5470 repugnabat

725 5504 1020 5571 fratrisque
1049 5498 1165 5552 ﬁlio
1194 5507 1307 5551 tum
1352 5496 1461 5548 vita
1511 5493 1844 5556 .couciliata,
1908 5503 2019 5546 tum
2077 5502 2307 5562 paterno

724 5597 971 5653 dominio
1006 5590 1585 5658 restituto,_aliquanto
1635 5596 1761 5656 post
1816 5596 2056 5654 tempore
2094 5585 2303 5655 legisla-

725 5706 811 5744 tor
868 5704 896 5741 a
953 5687 1069 5741 suis
1132 5686 1460 5738 constitutus
1513 5682 1769 5749 praeclara
1845 5679 1935 5732 illa
1997 5678 2312 5745 reipublicm

2411 4761 2520 4812 τῶν
2551 4758 2729 4811 καῦὦν
2766 4758 2975 4825 ἔφαμεν
3001 4758 3076 4822 τῷ
3117 4756 3225 4807 τῶν
3268 4754 3539 4823 Ἑλλήνων
3579 4755 3995 4822 ἐμπεποιηκότα

2412 4853 2583 4918 γένει,
2612 4849 2955 4913 ἐνδοξότατον
2982 4851 3039 4900 ἐν
3065 4852 3130 4917 τῇ
3171 4848 3470 4918 οἰκουμένῃ
3514 4846 3811 4914 ἀποφῦπαι,
3844 4845 3994 4912 αὐτῷ

2412 4944 2679 5011 πρότερον
2709 4942 2809 5009 τὴν
2839 4941 3041 5011 ἀρετὴν
3078 4942 3294 5008 συχνοῖς
3326 4942 3434 5001 τοῖς
3476 4940 3657 5001 πόνοις
3686 4939 3778 4990 καί
3811 4939 3994 4999 ἄθλοις

2414 5035 2921 5104 περιποιησάμενον
2949 5050 2962 5063 ·
2994 5033 3086 5085 καὶ
3133 5031 3449 5100 Λυκοῦργος
3475 5031 3501 5082 ὁ
3542 5030 3993 5097 Λακεδαιμόνιος,

2411 5129 2464 5190 ὃς
2502 5126 2732 5195 ἀδελφοῦ
2784 5127 3047 5194 βασιλέως
3094 5125 3323 5187 ἄπαιδος
3356 5126 3494 5185 τέως
3544 5123 3994 5190 τελευτήσαντος,

2414 5218 2604 5287 ἐπειδὴ
2650 5211 2900 5287 ὴνύμφη
2955 5218 3108 5269 κύειν
3138 5216 3462 5284 αίσθομένη,
3504 5213 3869 5282 ἐπηγγέλλετο
3906 5214 3997 5263 ἐπὶ

2414 5310 2492 5381 τῷ
2519 5313 2689 5379 αὐτῆς
2715 5312 2899 5380 γάμῳ,
2926 5309 3293 5379 διαφθείρασα
3325 5309 3384 5361 τὸ
3410 5307 3671 5377 ἔμϐρυον,
3702 5307 3799 5374 τὴν
3842 5306 3998 5376 βασι-

2414 5405 2561 5458 λεέαν
2598 5404 2746 5473 αὐτῷ
2798 5402 3202 5471 περιποιήσειν,
3239 5402 3301 5452 οὐ
3349 5400 3688 5468 προσέμενος
3717 5399 3816 5467 τὴν
3860 5402 4000 5464 πρᾶ-

2417 5496 2520 5561 ξιν,
2564 5496 2751 5566 ἐπειδή
2791 5497 2838 5547 οἱ
2877 5495 2952 5564 μὴ
2996 5494 3135 5561 μετὰ.
3161 5493 3256 5545 τοῦ
3302 5492 3512 5544 δικαίου
3549 5493 3816 5558 ἐγίγνετο,
3860 5490 3997 5542 ἀλλά

2415 5588 2493 5658 τῷ
2540 5587 2774 5658 ἀδελφοῦ
2805 5589 2999 5656 παιδίῳ
3039 5587 3189 5656 πάσῃ
3238 5587 3454 5653 μηχανῇ
3496 5584 3557 5635 τό
3598 5600 3655 5633 τε
3705 5582 3804 5651 ζῇν
3838 5599 3995 5649 περι-

2423 5680 2677 5747 πιιήσας,
2712 5684 2805 5730 καὶ
2837 5679 2895 5730 τὸ
2940 5679 3108 5745 γέρας
3137 5677 3197 5727 τὸ
3228 5675 3482 5743 πατρῷον
3515 5675 3768 5735 ἀποδοὺς,
3808 5672 3997 5724 ἔπειτα

797 5811 908 5875 (1m
949 5809 1175 5872 Οὐσίας
1211 5804 1309 5856 καὶ
1335 5800 1579 5868 θνητῆς.
1636 5798 1705 5852 cf.
1758 5798 2000 5851 Platonis
2036 5795 2311 5859 i‘hilebus,
2354 5796 2442 5851 ubi
2481 5798 2542 5851 de

2251 5811 2311 5859 Is,
2354 5796 2442 5851 ubi
2481 5798 2547 5851 de
2614 5795 2803 5850 eadem
2841 5795 3063 5847 tn.-tctia
3120 5793 3314 5855 iusius,
3382 5806 3554 5858 neque
3617 5804 3741 5843 veto
3805 5788 3996 5843 melius

728 5898 926 5954 aallhi.
