4420 6448
445 384 552 450 857

1256 387 1356 449 DE
1399 383 1658 448 REBUS
1713 388 2429 456 PELOPUNNESIACIS
2466 394 2752 456 ORATXO
2789 393 2868 456 lI.

3611 398 3716 460 8’13

441 502 620 572 χρόνῳ
646 501 870 574 ὕστερον
897 501 1198 574 νομοθέτης
1233 502 1339 557 ὑπὸ
1371 504 1469 575 τῆς
1502 506 1711 570 πόλεως
1755 508 2016 578 αἱρεθεὶς,
2047 507 2090 560 Δ
2119 526 2184 566 co

1968 526 2016 573 ς,
2047 507 2090 560 Α
2119 513 2511 570 constitutione
2576 513 2910 577 introducta,
2965 512 3377 568 celeberrimam
3415 511 3588 568 imam
3619 529 3713 567 ur-

442 593 538 645 καὶ
579 596 678 663 τὴν
726 593 833 646 ὑπὸ
883 593 1100 647 πάντων
1152 595 1554 666 ἐπαινουμένην
1606 599 2020 668 ἐγκαταστήσας

445 685 722 737 πολιτείαν
769 685 931 753 αὐτῇ,
965 685 1410 755 εὐδοκιμωτάτην
1464 689 1674 741 πόλεων
1717 690 1774 742 ἐν
1806 707 1865 742 τε
1897 692 2025 745 "Ei.-

443 776 570 845 λησι
625 778 718 830 καὶ
753 778 1048 848 βαρϐάροις
1099 770 1393 848 ἀπέφηνε·
1439 783 1536 835 καὶ
1599 782 1947 854 Ἀλέξανδρος
1996 789 2025 840 ὁ

445 868 771 922 Μακεδόνων
798 871 1074 940 βασιλεὺς,
1108 873 1166 934 ὃς
1199 875 1267 926 δι’
1299 875 1505 944 ἀρετήν
1547 892 1605 929 τε
1636 881 1730 930 καὶ
1762 880 2023 948 φρόνημα

446 959 822 1027 ἡγεμονεύσας
860 961 1156 1032 Ἑλλήνων,
1184 966 1410 1036 Ἕλλησί
1438 985 1497 1022 τε
1527 969 1664 1036 ὁμοῦ
1710 971 1805 1024 καὶ
1837 973 2024 1024 Μακε-

444 1050 558 1103 δόσι
593 1051 691 1120 τὴν
732 1052 915 1116 Ἀσίας
949 1056 1281 1125 ἡγεμονείαν
1321 1059 1677 1130 περιεποίησε
1701 1075 1715 1090 °
1750 1064 1844 1116 καὶ
1897 1063 2026 1134 βαρο

445 1143 633 1205 δὰρων
667 1144 724 1198 δέ
767 1145 949 1216 Κῦρος
985 1149 1014 1200 ὁ
1060 1149 1296 1218 Πέρσης,
1329 1151 1388 1210 δς
1442 1153 1653 1222 Πέρσας
1691 1157 1816 1217 τοὺς
1853 1156 2025 1210 αὑτοῦ

448 1235 670 1298 πολίτας
706 1236 777 1290 δι’
799 1238 1002 1308 ἀρετὴν
1031 1239 1196 1295 αὐτοῦ
1220 1242 1335 1311 ἆμα
1366 1244 1464 1312 μὲν
1489 1244 1590 1313 τῆς
1623 1247 1822 1313 Μήδων
1851 1248 2026 1318 ἀπήλο

447 1326 574 1392 λαξε
608 1329 877 1394 δουλείας,
913 1331 1030 1401 ἅμα
1063 1334 1119 1387 δὲ
1148 1339 1239 1389 καὶ
1277 1335 1486 1391 τούτων
1516 1356 1575 1391 τε
1604 1340 1698 1392 καὶ
1729 1341 1830 1410 τῆς
1860 1342 2029 1413 ἄλλης

461 1419 645 1483 ’Δσίας
679 1422 957 1490 ἡγεμόνας
987 1425 1258 1493 ἀπέφηνε.

523 1518 612 1581 ιη’.
640 1511 763 1567 Τῶν
805 1513 853 1567 δ’
894 1514 1098 1583 ἐτέρων
1154 1517 1307 1571 ἄλλοι
1356 1535 1415 1572 τε
1466 1520 1562 1573 καὶ
1603 1521 1954 1587 Ἀλέξανδρος
2002 1524 2030 1574 δ

449 1604 706 1672 Πριάμου
757 1607 786 1657 ό
830 1605 1039 1671 Ἰλιεὺς,
1076 1607 1136 1672 ὃς
1181 1611 1238 1662 ἐν
1287 1613 1354 1681 τῇ
1407 1613 1584 1680 κρίσει
1635 1613 1744 1666 τῶν
1791 1613 1929 1667 θεῶν
1958 1617 2025 1684 τῇ

449 1694 661 1762 αίρέσει
691 1698 758 1765 τῇ
786 1696 895 1748 τῶν
926 1697 1081 1766 βίων,
1111 1699 1387 1770 ὑπεριδὼν
1414 1701 1513 1770 μέν
1547 1703 1750 1772 Ἤρας,
1779 1705 1878 1773 τῆς
1905 1705 2032 1774 ἀρε-

449 1784 550 1852 τῆς
605 1787 804 1856 ἐφόρου
835 1788 996 1855 Θεοῦ,
1043 1791 1317 1861 ὑπεριδὼν
1349 1794 1404 1846 δὲ
1449 1795 1701 1864 Ἀθηνᾶς,
1735 1798 1835 1864 τῆς
1873 1796 2031 1865 δόξης

450 1874 518 1931 αὗ
558 1883 990 1949 προεστηκυίας,
1040 1884 1387 1955 Ἀφροδίτην,
1418 1887 1494 1950 ὡς
1530 1888 1593 1957 δὴ
1641 1889 1832 1958 ἡδονῆς
1867 1888 2031 1942 οὖσαν

451 1969 604 2032 Oe‘v,
642 1974 944 2044 προῦκρινέ
990 1993 1049 2028 τε
1095 1979 1185 2030 καὶ
1215 1980 1523 2046 προείλετο.
1555 1980 1849 2050 Τοιγάρτοι
1880 1981 2030 2051 βασι-

450 2059 598 2124 λείας
633 2066 732 2131 μὲν
771 2066 878 2120 ὑπὸ
915 2066 1094 2134 Ἥρας
1123 2070 1409 2138 διδομένης
1432 2072 1776 2142 ὀλιγωρήσας
1805 2071 1896 2125 τοῦ
1929 2092 2035 2142 μα-

453 2157 800 2224 καριωτάτου
842 2159 959 2228 βίου
1011 2161 1106 2214 τοῦ
1142 2161 1264 2214 κατ’
1312 2163 1537 2234 ἀρετὴν,
1574 2168 1667 2218 καὶ
1700 2167 1934 2235 κράτους
1966 2163 2034 2218 αὖ

454 2245 713 2316 πολέμων
741 2248 847 2300 ὑπὸ
881 2249 1135 2320 Ἀθηνᾶς,
1160 2252 1256 2304 τοῦ
1291 2254 1572 2322 φιλοτίμου
1606 2255 1744 2324 βίου,
1787 2257 2036 2328 καὶπερὶ

453 2335 551 2407 τὴν
582 2337 740 2402 δόξαν
768 2340 1006 2409 ἔχοντος.
1052 2342 1275 2413 Ἑλένην
1316 2345 1373 2398 δὲ
1418 2346 1518 2414 τὴν
1548 2347 1838 2417 Τυνδάρεω
1869 2349 2036 2416 θυγα-

453 2431 611 2500 τέρα,
645 2433 898 2486 Μενέλεω
927 2435 982 2486 δὲ
1008 2438 1243 2503 γυναῖκα
1284 2439 1380 2490 τοῦ
1425 2439 1668 2508 Ἀτρέως
1700 2440 1801 2509 τὴν
1830 2442 2035 2496 Λάκαι-

453 2541 574 2586 ναν,
605 2524 780 2593 δῶρον
805 2526 898 2579 ἐπὶ
930 2527 1102 2598 ταύτῃ
1135 2532 1200 2598 τῇ
1235 2529 1408 2600 ἀδίκῳ
1443 2531 1623 2600 κρίσει
1665 2532 1927 2602 εἰληφὼς,
1961 2535 2036 2599 ὼς

454 2616 518 2686 δὴ
546 2617 842 2685 κεφάλαιον
873 2619 1040 2672 οὖσαν
1071 2621 1290 2690 ἡδονῆς,
1325 2623 1621 2693 καλλίστην
1655 2624 1754 2693 μὲν
1781 2624 1886 2678 τῶν
1914 2626 2035 2678 τότε

454 2707 720 2761 δοκοῦσαν
760 2711 861 2780 τὴν
904 2712 1069 2777 ἰδέαν,
1098 2715 1196 2782 τὴν
1232 2714 1287 2766 δὲ
1312 2713 1490 2784 ψυχὴν
1533 2715 1704 2778 ἄλλως
1750 2717 2036 2785 αἰσχίστην

458 2797 554 2852 καί
588 2799 970 2868 μοιχεύτριαν,
1002 2804 1142 2872 πρὸς
1167 2805 1343 2876 ταύτῃ
1374 2806 1534 2858 αὐτόν
1567 2823 1624 2858 τε
1651 2806 1788 2876 ὁμοῦ
1818 2809 1913 2860 καὶ
1940 2806 2036 2877 τὴν

459 2892 694 2959 πατρίδα
736 2895 1150 2963 προσαπώλεσε.
1183 2897 1293 2950 Kal
1316 2897 1734 2968 Σαρδανάπαλος
1762 2899 1818 2952 δὲ
1847 2901 1873 2952 ὁ
1914 2902 2038 2953 Ἀσι-

459 2984 669 3050 σὺριος,
697 2984 753 3048 ὃς
782 2986 871 3039 διὰ
903 2988 1174 3055 μαλακίαν
1208 2991 1303 3042 καὶ
1333 2992 1547 3060 τρυφὴν
1593 2992 1905 3061 Ἀσσυρίοις
1936 2994 2036 3061 μὲν

454 3077 569 3137 τοῖς
601 3076 765 3129 αὑτοῦ
816 3078 1066 3143 πολίταις
1097 3080 1196 3149 τὴν
1227 3082 1325 3152 τῆς
1373 3082 1558 3145 Ἀσίας
1592 3082 1876 3137 ἀπώλεσεν
1908 3086 2038 3153 ἠγε-

457 3168 698 3236 μονείαν,
733 3170 940 3239 Μήδοις
964 3172 1022 3225 δὲ
1062 3175 1550 3244 παρακεχωρήκει..
1598 3176 1708 3229 Kal
1742 3175 2036 3246 Ῥωμαίων

2130 605 2250 656 bem
2285 619 2406 658 cum
2439 606 2578 659 inter
2614 604 2832 660 Graecos
2887 616 3002 658 tum
3039 605 3182 658 inter
3229 603 3503 657 Bai-navos
3535 605 3688 657 reddi

2131 693 2230 749 dit.
2259 693 2568 748 Alexander
2629 709 2849 764 quoque
2879 710 2971 747 rex
3033 693 3388 749 Iaeedonum
3451 696 3548 762 qui
3615 712 3708 758 pm

2130 787 2390 840 virtutem
2429 787 2594 840 simul
2625 796 2679 842 et
2703 787 2870 841 animi
2932 788 3366 853 magnitudine.
3395 787 3713 843 Craterum

2132 878 2386 948 princeps
2452 878 2705 945 effectus,
2769 881 2903 950 ipsis
2960 880 3167 951 pariter
3213 889 3270 935 et
3328 880 3716 936 Ιδοοιὰοηὶὺκε

2134 972 2274 1026 Asia
2307 971 2640 1041 comparavit
2666 973 2971 1041 imperium,
3005 988 3104 1028 nec
3135 988 3240 1027 non
3285 974 3427 1027 inter
3510 971 3714 1027 Barba-

2136 1079 2226 1121 ros
2259 1065 2423 1121 Persa
2457 1064 2634 1136 Cyrus
2662 1066 2754 1134 qui
2792 1068 2984 1122 Persas
3039 1083 3174 1126 ειιοε
3235 1070 3434 1122 virtute
3495 1069 3710 1135 propria

2134 1171 2257 1212 cum
2294 1159 2578 1229 tyranni-le
2610 1159 2890 1213 Medorum
2953 1159 3232 1226 liberavit,
3262 1171 3375 1216 tu
3409 1170 3466 1217 et
3515 1161 3708 1216 borum

2134 1260 2188 1306 et
2217 1252 2359 1307 Asia:
2404 1251 2626 1319 reliqua!
2665 1252 2919 1307 dominos
2945 1255 3251 1309 constituit.

2212 1526 2297 1581 18.
2329 1527 2386 1580 In
2419 1526 2589 1581 altero
2619 1541 2747 1580 vero
2780 1542 3007 1582 numero
3058 1546 3181 1585 cum
3205 1531 3292 1585 alii
3333 1542 3708 1598 recensentur,

2138 1628 2250 1675 tum
2313 1618 2621 1674 Alexander
2675 1620 2970 1688 Troianus,
3013 1621 3211 1676 Priami
3278 1625 3437 1683 illius,
3500 1628 3592 1694 qui
3655 1628 3705 1677 in

2139 1712 2364 1766 dearum
2403 1711 2630 1780 judicio,
2667 1712 2900 1780 vitmque
2959 1729 3219 1783 generum
3276 1717 3562 1782 electione,
3600 1727 3713 1769 tum

2139 1801 2351 1856 Junonc
2380 1811 2687 1869 contempta
2744 1804 2967 1856 virtutis
3023 1805 3273 1871 przeside,
3323 1816 3432 1858 tum
3491 1815 3717 1860 anc-tote

2139 1893 2324 1962 gloriae
2359 1892 2621 1957 Minerva,
2648 1893 2907 1947 Venerem
2944 1895 3237 1964 voluptatis
3271 1897 3424 1951 dcam
3462 1900 3716 1966 praztnlit.

2140 1985 2487 2053 Quapropter
2517 1984 2782 2051 neglectis
2821 1994 2930 2038 tum
2961 2000 3132 2054 regno
3172 2000 3198 2038 a
3239 1985 3452 2044 Iunone
3491 2005 3720 2046 conces-

2139 2093 2222 2139 so,
2259 2077 2362 2130 vita
2397 2092 2514 2129 cum
2552 2078 2753 2130 virtute
2779 2085 2835 2130 et
2873 2077 3132 2131 felicitate
3193 2080 3509 2148 conjuncta,
3540 2091 3652 2135 tum
3685 2098 3714 2137 α

2142 2164 2387 2219 Minerva
2429 2166 2608 2220 oblata
2647 2150 2873 2220 victoria
2905 2166 3101 2221 bellica
3136 2169 3243 2222 vita
3268 2170 3529 2236 gloriosa,
3565 2170 3721 2226 llele-

2143 2277 2206 2313 na
2271 2277 2402 2314 vero
2455 2263 2680 2316 Lacaena
2739 2263 3007 2333 Tyndarei
3059 2264 3190 2325 lilia,
3253 2266 3474 2320 Menelai
3519 2268 3722 2322 Atridae

2139 2354 2390 2418 conjuge,
2425 2353 2646 2417 praemio
2685 2362 2793 2406 tam
2854 2354 3024 2419 iniqui
3077 2356 3263 2423 iudicii
3323 2372 3563 2425 accepta,
3594 2371 3718 2414 tan-

2139 2459 2303 2513 quam
2355 2445 2647 2512 voluptatis
2705 2445 3030 2514 coloplione,
3075 2458 3133 2501 ut
3189 2465 3418 2517 corpore
3473 2457 3719 2506 omnium

2142 2535 2538 2604 pulcherrima,
2565 2537 2645 2591 sic
2676 2538 2861 2590 animo
2894 2539 3210 2605 turpissima
3241 2549 3294 2593 et
3319 2541 3562 2597 adultera
3597 2560 3721 2598 cum

2141 2632 2240 2682 hac
2307 2643 2429 2684 srse
2497 2627 2659 2682 simul
2729 2637 2782 2682 et
2832 2629 3061 2697 patriam
3126 2631 3538 2698 pessumdedit;
3599 2635 3728 2690 Sar-

2141 2721 2445 2788 danapalus
2470 2729 2598 2773 item
2655 2719 2914 2789 Assyrius
2953 2724 3044 2789 qui
3085 2736 3180 2789 per
3240 2723 3519 2777 mollitiem
3551 2735 3602 2780 et
3641 2726 3724 2779 In.

2141 2827 2264 2864 xum
2294 2810 2432 2862 Asite
2465 2808 2747 2874 imperium
2787 2808 3025 2878 Assyriis
3068 2810 3284 2876 quidem
3315 2815 3431 2864 suis
3473 2812 3701 2875 ademit,

2141 2898 2309 2952 Medis
2333 2907 2509 2949 autem
2551 2898 2848 2959 concessit,
2889 2912 2987 2951 nec
3018 2913 3126 2951 non
3175 2898 3241 2952 de
3269 2897 3526 2953 Romanis
3561 2898 3722 2964 Nero,

2147 2991 2242 3060 qui
2279 3006 2398 3044 cum
2435 2989 2558 3042 aliis
2583 2988 2840 3056 gravibus
2871 2999 2925 3043 et
2950 2989 3203 3044 nefandis
3225 2993 3568 3061 perpetratis,
3597 3002 3709 3048 tuin

2145 3081 2328 3135 occisa
2359 3089 2554 3144 matre,
2586 3079 2825 3146 seipsum
2860 3094 3081 3148 quoque
3111 3080 3326 3135 tandem
3356 3083 3556 3136 malum
3585 3085 3725 3139 male

2140 3171 2407 3242 perdidit;
2445 3184 2568 3223 nam
2626 3170 2857 3238 patriam
2913 3170 3167 3237 cupiebat
3195 3172 3438 3241 quidem,
3482 3175 3575 3229 sed
3609 3189 3719 3244 prie

456 3256 513 3309 δὲ
546 3257 758 3330 Νέρων,
787 3263 843 3326 ὂς
870 3261 1006 3318 ἄλλα
1040 3282 1098 3317 τε
1125 3265 1275 3319 δεινὰ
1299 3266 1394 3318 καὶ
1421 3267 1612 3320 ἀνόσια
1643 3270 2038 3339 ἐργασάμενος,
2071 3260 2112 3314 C
2153 3266 2195 3318 Β

1800 3270 2038 3339 τάμενος,
2071 3260 2112 3314 C
2153 3266 2524 3318 Romanorum
2550 3261 2750 3317 virtute
2778 3263 3017 3316 nomium
3048 3272 3258 3330 poterat
3283 3273 3545 3320 evertere.

456 3355 553 3409 καὶ
609 3356 705 3425 τὴν
757 3357 970 3427 μητέρα
1023 3358 1373 3424 ἀποκτείνας,
1427 3360 1694 3413 τελευτῶν
1727 3364 1820 3414 καὶ
1872 3361 2036 3415 αὐτὸν
2117 3359 2288 3412 κακὸν
2344 3358 2529 3419 κακῶς
2585 3354 3088 3426 προσαπολωλέκει.
3139 3356 3251 3427 Τὴν
3329 3357 3438 3429 γὰρ
3491 3360 3727 3431 πατρίδα

456 3449 698 3519 ἠμέλησε
735 3447 854 3516 μὲν,
883 3447 972 3501 διὰ
1019 3449 1075 3501 δὲ
1104 3450 1202 3519 τὴν
1241 3451 1363 3503 τότε
1394 3449 1474 3502 ἔτι
1518 3451 1804 3522 Ῥωμαίων
1836 3455 2039 3522 ἀρετὴν
2077 3452 2176 3523 οὐχ
2206 3446 2314 3511 οἶός
2347 3467 2404 3501 τε
2435 3448 2746 3517 διαφθεῖραι
2780 3448 3020 3514 ἐγένετο.

535 3538 622 3593 ιθ’.
658 3542 768 3593 Καὶ
800 3539 844 3593 δ’
875 3540 1025 3593 ἄλλοι
1054 3540 1097 3593 δ’
1129 3541 1238 3593 αἰεὶ
1281 3540 1559 3608 γίγνονται
1593 3545 1778 3612 συχνοὶ
1821 3547 1915 3596 καὶ
1945 3545 2040 3595 δυ-

460 3633 670 3685 ναστῶν
700 3632 790 3685 καὶ
843 3634 1071 3685 ἰδιωτῶν
1098 3633 1290 3686 τούτου
1325 3633 1420 3685 τοῦ
1466 3633 1749 3702 κόμματος
1778 3634 1912 3704 (50),
1948 3637 2042 3688 καὶ

467 3727 642 3799 μείζω
673 3726 802 3786 ίσως
836 3724 931 3778 καὶ
961 3725 1170 3778 ἐλάττω
1199 3726 1666 3794 ἐξαμαρτάνοντες
1692 3745 1704 3760 ο
1744 3721 1820 3781 ὧν
1851 3728 2041 3781 κάκεῖ·-

462 3838 492 3873 ν
527 3838 567 3883 ι,
597 3818 646 3871 οἳ
674 3820 732 3870 τὸ
761 3817 861 3886 μὲν
890 3817 1098 3869 δίκαιον
1142 3816 1236 3868 καὶ
1275 3818 1374 3885 τὴν
1405 3816 1663 3886 ἀλήθειαν
1712 3819 1806 3872 καὶ
1835 3819 1893 3871 τὸ
1922 3836 2035 3870 κοι-

463 3913 551 3964 νὸν
583 3909 789 3977 ἀγαθὸν
820 3909 978 3961 σκιὰν
1012 3910 1100 3960 καὶ
1135 3907 1359 3976 ὀνόματ’
1407 3909 1578 3971 ἄλλως
1611 3909 1868 3979 ἥγηνται,
1902 3910 2039 3978 πρὸς

458 4005 515 4058 δὲ
544 4006 604 4057 τὸ
655 4001 876 4074 χρυσίον
909 4004 1004 4054 καὶ
1046 4001 1216 4054 τᾶλλα
1257 4002 1326 4054 τὰ
1354 4000 1580 4054 τοιαῦτα
1623 4003 1904 4072 κεχήνασι,
1939 4003 2040 4071 τὴν

461 4096 814 4164 εὐδαιμονίαν
843 4094 1035 4161 ἐσθῆσι
1064 4093 1159 4146 καὶ
1186 4092 1413 4164 ἀργύρῳ
1442 4096 1535 4146 καὶ
1565 4094 1750 4163 χρυσῷ
1779 4095 2039 4164 μετροῦν-

462 4207 574 4254 τες,
602 4187 696 4240 καὶ
725 4191 790 4257 τῇ
823 4186 956 4256 παρ’
985 4186 1201 4256 ἡμέραν
1231 4187 1485 4258 ῥᾳστώνῃ
1515 4188 1608 4238 καὶ
1635 4189 1838 4256 τρυφῇ,
1870 4187 1969 4258 τὴν
1994 4187 2038 4240 δ’

464 4283 766 4350 ἀσφάλειαν
797 4281 948 4348 σφῶν
974 4297 1032 4332 τε
1058 4280 1238 4332 αὐτῶν
1277 4278 1394 4347 ἅμα
1420 4280 1516 4330 καὶ
1549 4278 1752 4331 παίδων
1786 4281 1880 4331 καὶ
1909 4279 2038 4347 ὅλης

461 4377 558 4445 τῆς
594 4374 873 4445 πατρίδος,
924 4373 1020 4426 καὶ
1066 4371 1404 4440 ἐλευθερίαν,
1438 4369 1572 4439 παρ’
1600 4369 1752 4423 οὐδὲν
1800 4369 2040 4439 ἡγούμε-

463 4487 566 4524 νοι.
617 4467 736 4520 Εἰσὶ
767 4467 811 4518 δ’
840 4465 888 4517 οἳ
940 4466 1034 4517 καὶ
1060 4464 1167 4526 ἕως
1200 4463 1299 4532 μὲν
1329 4462 1396 4516 ἂν
1423 4460 1625 4531 χρυσοῦ
1654 4462 1746 4514 καὶ
1789 4461 1899 4514 τῶν
1931 4479 2042 4514 τοι-

459 4559 634 4610 οὑτων
664 4558 723 4608 τὸ
751 4558 987 4625 πρᾶγμα
1010 4553 1316 4624 καθαρεύῃ,
1341 4557 1430 4606 καὶ
1453 4553 1577 4605 καθ’
1603 4553 1736 4606 αὐτὸ
1767 4555 2038 4619 σκοπῶσι,

2218 3542 2302 3597 19.
2345 3542 2424 3594 Ac
2449 3555 2592 3608 sagpe
2619 3540 2799 3607 plures
2835 3539 3104 3593 exsistunt
3154 3540 3315 3610 hujus
3344 3546 3564 3612 generis
3611 3558 3724 3601 tum

2147 3635 2286 3689 inter
2331 3633 2604 3702 principes
2640 3643 2748 3683 tum
2779 3630 2916 3683 inter
2940 3631 3201 3699 piivatos.
3235 3632 3325 3687 alii
3355 3639 3574 3704 gravius
3604 3639 3726 3692 aliis

2145 3726 2531 3795 peccantibus;
2570 3723 2622 3775 in
2656 3725 2738 3775 his
2793 3724 2958 3774 etiam
3011 3723 3112 3784 illi,
3149 3723 3241 3792 qui
3268 3724 3538 3791 justitiam
3602 3732 3725 3796 qui-

2147 3818 2268 3869 dem
2298 3823 2353 3874 et
2390 3813 2671 3867 veritatem
2700 3819 2752 3864 et
2787 3811 2984 3864 bonum
3023 3825 3317 3866 commune
3377 3829 3474 3882 pro
3511 3818 3726 3870 umbris

2147 3909 2374 3968 ducunt,
2405 3922 2539 3960 auro
2589 3915 2767 3959 autent
2796 3917 2860 3957 ac
2896 3904 3170 3958 similibus
3205 3906 3438 3974 inhiant,
3488 3906 3726 3961 felicita-

2148 4009 2252 4055 tem
2308 4000 2525 4069 quidem
2573 4001 2624 4053 in
2675 4004 2937 4067 vestibus,
2979 4017 3138 4066 auro,
3195 4011 3421 4071 argento
3478 4002 3729 4070 luxuque

2146 4096 2468 4165 quotidiano
2519 4106 2804 4163 ponentes,
2843 4095 3118 4164 pr0priam
3155 4109 3282 4148 vero
3305 4093 3467 4146 simul
3508 4104 3562 4147 et
3588 4094 3723 4148 libe-

2148 4204 2334 4243 rorum
2377 4197 2431 4241 et
2465 4187 2654 4256 patria:
2702 4188 2874 4241 totius
2927 4188 3236 4241 libertatem
3274 4201 3339 4240 ac
3369 4185 3728 4240 securitatem

2148 4281 2506 4348 negligentes.
2547 4277 2778 4344 Quidam
2800 4278 2987 4340 etiam,
3012 4279 3186 4331 donec
3210 4292 3346 4329 auro
3367 4285 3419 4330 et
3448 4276 3724 4331 similibus

2142 4387 2231 4426 res
2267 4380 2438 4436 caret,
2476 4385 2538 4424 ac
2567 4385 2660 4437 per
2690 4385 2748 4424 se
2800 4369 3206 4429 consideratur.
3245 4368 3720 4422 vehementissime

2140 4464 2413 4531 justitiam
2444 4473 2498 4516 ct
2528 4464 2808 4515 veritatem
2850 4460 3153 4514 defendunt
3189 4477 3204 4513 :
3240 4461 3333 4513 sed
3369 4460 3530 4513 simul
3557 4467 3726 4528 atque

2145 4551 2226 4605 vel
2254 4566 2446 4604 aurum
2497 4550 2579 4603 vel
2633 4549 2752 4603 auri
2783 4549 2908 4618 quid
2970 4549 3147 4604 simile
3179 4548 3452 4612 micucrit,
3505 4564 3629 4602 mox
3663 4565 3719 4603 et

459 4651 755 4704 δεινότατοι
787 4648 926 4716 ὑπὲρ
960 4645 1052 4699 τοῦ
1106 4646 1316 4698 δικαίου
1364 4647 1456 4698 καὶ
1496 4647 1596 4714 τῆς
1642 4646 1901 4714 ἀληθείας
1935 4647 2035 4717 ρἡ
2072 4672 2114 4726 D
2147 4641 2204 4694 Iit

1974 4647 2035 4715 ἡ.
2072 4672 2114 4726 D
2147 4641 2324 4706 lingua
2385 4641 2584 4708 ligatur
2638 4650 2690 4692 et
2721 4654 2783 4691 os
2821 4641 3132 4698 obturatur,
3166 4653 3231 4691 ac
3262 4637 3567 4704 dejustitia
3595 4640 3719 4706 qui-

460 4739 618 4808 τορές
644 4740 782 4791 εἰσιν
810 4752 824 4767 ⁸
856 4736 1076 4789 ἐπειδὰν
1096 4736 1151 4787 δέ
1179 4751 1280 4786 που
1305 4736 1527 4803 χρυσίον
1557 4735 1738 4802 σφίσιν
1762 4737 2033 4805 ὑποφανῇ,

460 4833 493 4902 ἧ
523 4848 575 4883 τι
603 4829 729 4885 ἄλλο
759 4831 905 4893 ἄξιον
933 4828 1189 4897 χρυσίου,
1219 4828 1523 4895 πεπέδηται
1550 4827 1711 4890 εὐθὺς
1738 4829 1770 4894 ἠ
1798 4829 2036 4895 γλῶττα,

460 4925 846 4994 ἐμπέφρακται
875 4921 935 4972 τὸ
967 4919 1160 4983 στόμα,
1192 4920 1287 4972 καὶ
1316 4919 1453 4988 πρὸς
1485 4918 1584 4986 μὲν
1615 4920 1685 4972 τὰ
1731 4920 1916 4972 δίκαια
1953 4938 2037 4972 σε·

462 5018 776 5086 σιγήκασιν,
809 5018 896 5065 ἐπὶ
923 5013 976 5066 δέ
1011 5013 1271 5065 τάναντία
1302 5015 1447 5064 πᾶσα
1490 5011 1670 5078 εκείνη
1705 5012 2039 5081 μεθέστηκεν

460 5111 494 5179 ἡ
525 5110 786 5178 δεινότης,
825 5107 964 5158 ’Υπδ
993 5106 1098 5172 γὰρ
1129 5103 1333 5155 τούτων
1363 5105 1457 5155 καὶ
1481 5102 1588 5154 τῶν
1618 5102 1876 5156 τοιούτων
1908 5105 2037 5157 διοι-

459 5199 722 5265 κοὺμεναι
754 5199 807 5250 αἱ
862 5197 1071 5258 πόλεις,
1129 5194 1318 5256 κακῶς
1373 5194 1702 5262 πράττουσιν
1750 5193 2033 5257 ἑκάστοτε,

458 5292 580 5344 οζδὲ
621 5291 729 5343 τῶν
785 5289 1225 5341 cmmemoratum
1269 5287 1336 5338 ἂν
1381 5283 1803 5351 ἐγκαθεστώτων
1856 5286 2038 5354 νόμων

459 5385 664 5455 κυρίων
711 5383 904 5448 ὄντων,
957 5381 1096 5432 ἀλλὰ
1133 5381 1354 5432 πάντων
1408 5377 1529 5446 είκῆ
1578 5377 1673 5429 καὶ
1709 5375 2035 5446 ἀδιακρίτων

462 5477 812 5545 φυρομένων.
853 5473 1006 5525 Ἐπεί
1047 5489 1130 5524 τοι
1171 5471 1232 5522 οὐ
1265 5468 1570 5521 σπουδαίων
1599 5465 1707 5534 ἆρα
1750 5465 1830 5518 δεῖ
1855 5467 2034 5535 νόμων

2145 4733 2267 4786 dem
2311 4733 2492 4794 silent,
2530 4730 2594 4782 ad
2629 4729 2901 4782 contraria
2946 4743 3074 4782 vero
3127 4728 3306 4781 omnis
3340 4728 3430 4781 illa
3488 4745 3720 4782 conver~

2149 4825 2277 4876 titur
2308 4821 2670 4875 vehementia.
2723 4819 3002 4889 Siquidem
3034 4819 3100 4872 ab
3130 4818 3216 4873 his
3244 4834 3290 4872 ei
3316 4820 3475 4888 hujus
3506 4822 3720 4886 generis

2150 4913 2462 4966 hominibus
2508 4927 2630 4965 cum
2662 4920 2926 4980 reguntur
2987 4909 3302 4979 respublica:
3350 4925 3561 4977 semper
3590 4921 3714 4965 sunt

2149 5006 2413 5066 infelices,
2455 5003 2676 5072 quando
2711 5017 2774 5056 ac
2803 5003 3142 5072 probissima:
3177 5003 3390 5071 quidem
3425 5005 3542 5055 lata:
3575 5003 3720 5069 luges

2155 5099 2422 5151 habentur
2465 5107 2624 5159 ratae,
2678 5097 2774 5150 sed
2838 5096 3021 5149 omnia
3057 5105 3257 5149 temere
3297 5098 3720 5166 permiscentur.

2147 5190 2261 5242 Non
2319 5189 2462 5242 enim
2525 5197 2733 5242 tantum
2773 5188 2972 5256 probas
3029 5186 3173 5258 leges
3211 5189 3496 5256 requirunt
3526 5205 3719 5258 respu-

2147 5283 2300 5337 blica:
2353 5280 2446 5334 sed
2507 5281 2672 5334 etiam
2735 5290 2905 5342 ratas,
2935 5279 3123 5348 quales
3157 5281 3374 5350 quidem
3422 5296 3519 5350 per
3541 5283 3720 5334 virtu-

2143 5385 2251 5430 tem
2309 5373 2613 5443 principum
2665 5383 2959 5437 exsnstnut,
2998 5388 3160 5440 quam
3192 5374 3291 5426 tria
3329 5375 3595 5443 praecipua
3628 5390 3724 5443 ge-

2147 5484 2274 5519 nera
2317 5467 2554 5518 diximus
2582 5466 2865 5532 consequi.

459 5571 623 5639 μόνον
670 5569 888 5620 πόλεσιν
925 5565 1206 5626 ἑκάστοτε,
1244 5560 1381 5614 ἀλλὰ
1432 5560 1526 5612 καὶ
1564 5559 1770 5627 κυρίων
1796 5571 1809 5584 ·
1848 5559 2029 5628 κύριοι
2067 5559 2113 5610 δ’
2144 5554 2212 5611 αὖ
2243 5559 2518 5626 γίγνονται
2550 5559 2598 5609 οί
2631 5559 2780 5626 νόμοι
2811 5557 2897 5609 διὰ
2926 5558 3024 5628 τὴν
3070 5556 3177 5609 τῶν
3241 5556 3521 5627 ἀρχόντων
3590 5559 3722 5631 ἀρε-

456 5668 575 5738 τὴν,
605 5669 668 5736 ἦν
694 5664 751 5717 δὲ
773 5664 916 5732 τρισὶ
944 5661 1040 5729 τῆς
1081 5659 1392 5720 θεοσεϐείας
1430 5655 1661 5726 μάλιστα
1697 5655 1790 5707 καὶ
1823 5657 2185 5722 κυριωτάτοις
2214 5657 2412 5709 εἴδεσιν
2441 5656 2652 5724 ἔφαμεν
2692 5656 2941 5710 ἕπεσθαι.

532 5843 642 5912 (50)
677 5841 901 5894 Τούτου
931 5840 1034 5893 τοῦ
1070 5839 1389 5906 κόμματος.
1445 5834 1528 5889 Cf.
1564 5832 1699 5887 l’lat.
1747 5831 1823 5886 De
1881 5831 1977 5900 (eg.
2007 5846 2122 5885 vm.
