4420 6448
451 352 550 420 861

452 471 724 558 ϐώσεσθαι
756 480 868 531 δεῖ·
919 484 1077 538 τοῦτο
1105 486 1159 539 δὲ
1190 489 1287 558 οὐχ
1328 486 1442 544 οἷόν
1487 511 1566 558 τε,

450 560 603 663 τρισίν
651 555 1222 641 επηορθωσαμένοις.
1255 555 1382 634 ⁷Καὶ
1415 555 1821 648 γὰρ-νοσοῦσιν
1870 555 2029 663 ἰὰν-η

451 653 671 756 εἰωθυῖα
717 659 898 714 δίαιτα
929 665 1005 732 μὴ
1054 667 1331 752 λυσιτελῇ,
1358 674 1457 737 οὐκ
1501 675 1651 730 ἐστιν
1683 680 1816 750 άλλη
1847 653 2138 756 ἀπαλλαγὴ
2165 691 2257 744 τοῦ

450 747 809 818 τελήσουσαν.

662 865 895 961 ’ἔπειτα
935 872 996 924 τὸ
1047 875 1183 927 πολὺ
1216 878 1314 946 τῆς
1358 885 1618 951 στρατιᾶς
1668 887 2022 961 διακάθαρον,

454 952 644 1008 διελῶν
676 959 1139 1034 Πελοποννησίους
1179 974 1347 1038 χωρὶς
1385 974 1485 1040 μὲν
1527 977 1583 1040 ὲς
1612 979 1740 1043 τοὺς
1770 952 2030 1052 στρατευζ

461 1049 749 1146 σομξνους,
779 1056 948 1124 χωρὶς
977 1054 1023 1109 δ’
1046 1058 1101 1121 ις
1121 1066 1245 1124 τοὺς
1280 1064 1635 1134 εἰσοίσοντας,
1666 1066 1700 1146 ᾖ
1729 1073 1795 1127 av
1813 1049 2035 1129 ἔκαστοι

452 1138 686 1195 δοκῶσιν
719 1145 1174 1220 ἐπιτηδειοτέροις
1219 1155 1384 1224 ἔχειν,
1421 1158 1494 1220 ὡς
1532 1161 1635 1213 οὐχ’
1680 1163 1760 1216 ἔτι
1793 1166 1904 1218 τῶν
1938 1168 2034 1221 αύ-

454 1231 567 1327 τῶν
595 1241 1088 1327 στρατευσομὲνων
1113 1261 1173 1297 τε
1203 1247 1342 1314 ὁμοῦ
1366 1251 1459 1302 καὶ
1489 1254 2028 1327 φορολογησομένων.

453 1324 531 1417 Oti
583 1326 694 1396 γὰρ
725 1324 838 1392 οἷός
887 1333 936 1385 τ’
987 1333 1086 1406 ἔσῃ
1129 1339 1327 1392 σαυτόν
1377 1358 1442 1394 τε
1489 1342 1605 1412 ἅμα
1642 1324 1842 1400 καὶτὸ⁷
1877 1353 2032 1417 γένος

455 1416 673 1510 σιξζειν,
727 1421 800 1491 μὴ
832 1424 1040 1492 περιὼν
1087 1427 1198 1480 τῶν
1233 1432 1511 1501 πολεμίων
1539 1451 1552 1465 ο
1607 1437 1727 1490 οὐδὲ
1762 1416 2032 1510 περιεῖναι
2089 1436 2091 1438 ’

454 1508 566 1603 ⁴τῶν
593 1510 891 1581 πολεμίων,
921 1519 1000 1587 μὴ
1033 1521 1295 1588 στρατιὰν
1337 1523 1530 1578 εὔνουν
1557 1545 1615 1580 τε
1651 1531 1748 1582 καὶ
1776 1508 2029 1603 φρόνημα

453 1596 687 1667 ἔχουσαν
717 1607 1062 1674 κτησάμενος
1090 1610 1291 1679 μᾶλλον
1323 1614 1355 1683 ἢ
1389 1617 1579 1673 πλείω.
1625 1596 2024 1693 Φορολνογουμέ-

453 1707 553 1786 νην
582 1692 638 1746 δὲ
667 1695 928 1763 στρατιὰν
957 1699 1017 1752 τό
1041 1717 1100 1753 τε
1129 1703 1385 1773 φρόνημα
1428 1706 1625 1770 σώζειν
1653 1712 1768 1781 ἅμα
1805 1715 1901 1768 καὶ
1928 1692 2026 1786 τὴν
2052 1778 2055 1781 _

1262 375 1362 435 DE
1431 377 1683 441 REBUS
1738 385 2426 457 PELOF‘ONNESIACIS
2464 400 2748 462 ORATIO
2788 405 2867 466 ll.

3602 410 3710 474 862

1621 496 1834 589 μὴῌτὴν
1860 503 2014 557 πολι·
2053 513 2096 568 Α
2127 523 2235 563 non
2258 511 2414 566 aliter
2446 527 2732 582 sanantur,
2767 535 2926 589 quam
2959 538 3083 577 cum
3105 522 3207 579 bac
3242 526 3366 580 omli

1960 523 2014 557 ιι·
2053 513 2096 568 Α
2127 523 2235 563 non
2258 511 2414 566 aliter
2446 527 2732 582 sanantur,
2767 535 2926 589 quam
2959 538 3083 577 cum
3105 522 3207 579 bac
3242 526 3442 583 omissa
3461 541 3705 585 commo-

2140 601 2354 654 diorem
2389 600 2655 674 deligunt'.
2699 618 2704 623 '

2290 692 2469 749 δεινοῦ
2505 698 2768 770 ἦταύτης
2838 702 3029 756 ὲκδᾶσι
3097 707 3328 778 ζητῆσαι
3398 708 3496 778 τὴν
3555 709 3710 764 λυσι-

2211 896 2306 952 25.
2341 896 2545 954 Deinde
2579 901 2835 970 maiorem
2879 906 3152 960 exercitus
3177 915 3384 974 partem
3425 889 3662 978 expurga
3688 945 3707 971 .

2142 988 2334 1044 divisis
2374 990 2626 1046 bifariam
2661 993 3048 1064 Peloponnesia
3101 998 3154 1052 in
3191 999 3485 1054 militantes
3516 1008 3567 1052 et
3601 1001 3710 1053 col-

2141 1077 2400 1134 lationem
2444 1084 2768 1150 pendentes,
2805 1096 2973 1154 prout
2999 1087 3340 1156 singulorum
3377 1087 3512 1144 feret
3537 1090 3710 1154 ratio;

2140 1171 2222 1225 sic
2257 1181 2312 1225 ut
2342 1188 2449 1225 non
2482 1175 2720 1242 amplius
2756 1177 2918 1232 iidem
2953 1178 3113 1232 simul
3142 1191 3195 1234 et
3224 1181 3457 1235 militent
3491 1190 3543 1236 et
3575 1195 3710 1252 pen-

2139 1264 2291 1317 dant.
2343 1265 2550 1319 Etenim
2589 1282 2690 1322 nec
2729 1270 2962 1338 teipsum
2996 1272 3199 1338 pariter
3247 1281 3302 1326 et
3351 1283 3564 1342 gentem
3599 1289 3712 1329 ser-

2140 1369 2267 1408 vare
2293 1357 2494 1425 poteris
2526 1357 2629 1412 nisi
2667 1361 2848 1416 hostes
2868 1363 3160 1430 deviceris;
3187 1378 3287 1417 nec
3316 1364 3502 1418 hestes
3527 1365 3711 1418 devin-

2138 1459 2280 1522 cere,
2302 1447 2402 1502 nisi
2429 1450 2731 1504 exercitum
2759 1451 2936 1520 potius
2971 1453 3292 1508 benevolum
3320 1463 3372 1508 et
3403 1455 3710 1510 animosum

2137 1552 2298 1605 quam
2327 1540 2608 1606 capiosum
2632 1540 2916 1596 habueris.
2943 1541 3234 1598 Dimculter
3257 1553 3434 1598 autem
3467 1545 3710 1613 pendens

2130 1627 2403 1683 exercitus
2428 1629 2860 1686 benevolentiam
2886 1633 3049 1687 simul
3078 1644 3132 1688 et
3155 1635 3368 1690 animos
3396 1643 3706 1696 conservat,

2131 1722 2224 1775 sed
2262 1731 2552 1794 utrumque
2578 1723 2693 1781 fere
2724 1725 2921 1793 perdit.

452 1781 1074 1894 sbvoiav'uyxdltmv,
1107 1793 1224 1845 ἀλλ’
1252 1794 1438 1867 ερῤειν
1480 1801 1698 1873 ἀνάγκη
1726 1803 1798 1858 τὰ
1830 1781 2024 1876 πολλά,
2063 1811 2133 1865 τά
2168 1830 2227 1866 τε
2256 1781 2737 1888 φρονήμζαταβήν.
2759 1817 2810 1871 τ’
2847 1816 3062 1876 εὔνοιαν
3125 1822 3478 1894 στρατιωτῶν
3542 1837 3707 1891 φορο·

454 1879 817 1947 λογουμένων.

525 2017 627 2126 26':
658 2021 769 2126 καὶ
814 2024 942 2088 τοὺς
996 2027 1266 2099 ἄρχοντας
1310 2031 1368 2087 δὲ
1409 2033 1744 2106 διακαθᾶραι
1789 2041 1871 2094 δεῖ
1922 2023 2029 2097 τῶν
2063 2033 2105 2092 Β
2203 2051 2270 2108 24

1962 2041 2029 2097 ὧν
2063 2033 2105 2092 Β
2203 2051 2295 2109 24.
2325 2054 2569 2111 Praefecti
2596 2072 2814 2126 quoque
2848 2071 3205 2113 secernautur
3232 2074 3260 2112 a
3288 2059 3707 2124 mercatoribus,

452 2112 894 2182 καπηλευόντων,
957 2122 1051 2172 καὶ
1083 2128 1371 2191 προειπεῖν
1426 2129 1528 2197 μὶν
1562 2128 1760 2196 ἅπασι,
1805 2134 1878 2203 μὴ
1931 2150 2034 2188 κα-

453 2203 712 2283 πηλεύειν
746 2209 870 2276 μηδ’
911 2210 1318 2281 ἐμπορεύεσθαι
1347 2216 1443 2269 τοῦ
1490 2218 1701 2287 λοιποῦ,
1751 2223 1870 2276 ἀλλ’
1898 2223 2034 2278 αὐτὸ

455 2295 614 2349 τοῦτο
654 2297 929 2370 ἄρχοντας
955 2302 1033 2383 τῷ
1065 2303 1180 2359 δντι
1213 2305 1374 2372 εἷναι,
1419 2311 1514 2364 ἐπὶ
1543 2314 1762 2385 φυλακῇ
1806 2315 1901 2369 καὶ
1931 2333 2036 2370 σω-

454 2389 620 2460 τηρίᾳ
651 2395 1060 2463 προεστηκότας
1089 2397 1202 2450 τῶν
1239 2399 1476 2466 πολλῶν,
1507 2404 1566 2455 οὐ
1601 2403 1886 2459 διακονικὰ
1916 2409 2034 2460 ἐπι-

455 2481 770 2552 τηδεύματα
822 2487 1264 2558 ἐπιτηδεύοντας,
1317 2494 1412 2544 καὶ
1461 2495 1725 2549 διακόνων
1777 2499 2033 2568 πονηρῶν

455 2575 665 2638 ἀδίκοις
697 2578 1002 2645 σταθμίοις,
1032 2583 1128 2634 καὶ
1173 2584 1341 2636 παντὶ
1369 2586 1476 2656 ὅτῳ
1509 2588 1575 2640 ἂν
1610 2587 1877 2644 δύνωνται
1908 2593 2032 2663 τρό-

457 2681 567 2734 πῳ.
617 2671 730 2730 τοῖς
780 2669 890 2722 τῶν
947 2672 1313 2743 ταλαιπώρων
1360 2678 1681 2749 αύτουργῶν
1741 2684 2033 2753 πράγμασι

455 2756 892 2830 λυμαιικμένων.
931 2763 997 2817 Εί
1040 2765 1102 2819 τι
1130 2781 1277 2831 τινες
1321 2771 1414 2821 καὶ
1455 2772 1519 2823 ὲκ
1549 2772 1813 2841 καπήλων
1846 2777 1902 2837 ἐς
1933 2776 2033 2839 τὰς

455 2852 634 2924 ἀρχὰς
663 2856 1046 2926 παρεωσμένοι
1101 2853 1234 2924 εἷεν,
1275 2865 1372 2915 καὶ
1411 2863 1634 2927 τούτους
1667 2866 1746 2932 δὲ,
1793 2867 1859 2921 ἄν
1891 2885 2033 2931 τινες

456 2943 720 3012 χρήσιμοι
763 2947 1014 3014 δοκῶσιν,
1050 2950 1108 3018 ἦ,
1143 2955 1514 3022 πεπαυμένων
1557 2957 1662 3027 ήδη
1710 2959 1804 3012 τοῦ
1849 2977 2033 3027 καπη-

456 3033 654 3100 λεύειν,
687 3037 897 3108 ἄρχειν,
930 3042 963 3111 ἢ
997 3042 1374 3109 άπεληλάσθαι
1412 3047 1518 3100 τῶν
1552 3051 1762 3119 ἀρχῶν.
1805 3053 1898 3122 Μὴ
1926 3053 2033 3124 γάρ

454 3126 832 3197 διακεκρίσθαι
874 3131 944 3183 τὰ
988 3134 1237 3202 τοιαῦτα,
1284 3137 1421 3188 ἀλλὰ
1463 3141 1743 3208 καπήλους
1793 3141 1892 3208 μὲν
1935 3142 2034 3208 ἄρ.

457 3235 647 3284 χουσιν
681 3223 1077 3291 ἀναμεμίχθαι,
1119 3229 1458 3297 στρατιώτας
1486 3231 1532 3282 δ’
1572 3231 1903 3298 είλωτεύειν,
1938 3236 2031 3285 ἐπὶ

2135 2156 2189 2202 et
2224 2147 2442 2203 cunctis
2470 2149 2692 2219 quidem
2745 2150 3046 2219 imperetur
3088 2166 3158 2206 ne
3208 2162 3572 2206 mercaturam
3628 2152 3708 2205 vel

2135 2239 2461 2294 institoriam
2496 2239 2753 2309 deinceps
2800 2251 3111 2306 exerceant,
3151 2244 3242 2298 sed
3277 2258 3335 2297 se
3389 2257 3489 2310 pro
3523 2241 3711 2313 praeie-

2134 2331 2238 2384 ctis
2273 2340 2486 2402 gerant,
2525 2333 2838 2402 reipublicae
2863 2334 3168 2389 custodiam
3215 2343 3270 2388 et
3317 2335 3547 2390 salutem
3580 2348 3708 2401 pro-

2133 2434 2413 2490 curantes,
2446 2441 2553 2480 non
2606 2426 2826 2480 servilia
2857 2429 3129 2481 obeuntes
3158 2427 3360 2490 ollicia,
3393 2439 3446 2481 et
3479 2428 3706 2495 quidem

2134 2531 2370 2584 nequam
2407 2531 2719 2582 servorum,
2757 2503 2850 2586 qui
2882 2519 3215 2589 ponderibus
3250 2520 3466 2587 injustis
3488 2531 3540 2574 et
3576 2536 3713 2589 qua-

2133 2617 2354 2671 cunque
2415 2619 2474 2657 re
2515 2605 2616 2658 alia
2655 2606 2887 2662 miseros
2914 2609 3150 2663 rusticos
3177 2609 3378 2664 damno
3408 2609 3654 2663 aﬂiciuut
3690 2628 3705 2664 :

2135 2693 2219 2745 sin
2256 2695 2418 2748 etiam
2455 2695 2524 2749 de
2574 2699 2974 2754 mercatoribus
3005 2701 3173 2770 aliqui
3209 2702 3410 2756 fuerint
3439 2703 3506 2757 ad
3539 2703 3708 2771 magi-

2154 2798 2356 2842 stratus
2383 2792 2580 2854 evecti,
2618 2790 2654 2843 ii
2689 2793 2770 2846 vel
2807 2794 2993 2847 relicta
3026 2804 3358 2862 mercatura,
3412 2797 3458 2852 si
3510 2796 3713 2851 fuerint

2136 2877 2320 2931 idonei
2377 2893 2605 2934 munere
2667 2879 2982 2950 fungantur,
3041 2885 3122 2939 vel
3179 2887 3297 2941 loco
3360 2899 3707 2943 moveantur.

2132 2967 2361 3030 Oportet
2383 2969 2527 3023 enim
2558 2972 2673 3025 haec
2699 2975 2934 3038 secerni,
2969 2990 3074 3029 non
3101 2976 3386 3044 praefectos
3409 2995 3533 3033 cum
3564 2996 3712 3032 mer-

2135 3060 2414 3114 cntoribus
2447 3063 2789 3130 permisceri,
2817 3082 2916 3119 nec
2947 3068 3144 3122 milites
3178 3084 3339 3138 agros
3372 3071 3572 3136 colere,
3610 3087 3710 3125 nec

2134 3150 2356 3203 rusticis
2399 3168 2747 3208 communem
2791 3157 3022 3211 salutem
3064 3159 3334 3214 committi
3365 3201 3380 3225 ,
3412 3176 3533 3227 quae
3575 3174 3708 3216 sunt

2131 3241 2314 3293 omnia
2347 3243 2656 3310 reipublicae
2680 3245 3036 3312 pravissimis,
3060 3264 3286 3318 qumque
3310 3252 3442 3304 nihil
3474 3267 3710 3318 unquam

454 3310 642 3364 εἵλωσι
665 3312 721 3366 δὲ
755 3315 824 3368 τά
853 3315 948 3386 τῆς
972 3319 1246 3387 σωτηρίας
1284 3315 1445 3382 εἶναι,
1489 3322 1833 3393 φαυλοτάτης
1855 3324 2031 3378 ταῦτα
2077 3401 2090 3403 ξ
2134 3344 2199 3380 In:

1965 3341 2031 3378 τα
2077 3401 2090 3403 ξ
2134 3344 2387 3395 magnum
2421 3331 2501 3384 vel
2537 3333 2855 3401 praeclarum
2884 3326 3131 3403 gesserit.
3164 3335 3452 3389 Enimvero
3478 3352 3574 3391 nec
3600 3339 3710 3392 asi-

457 3404 756 3470 πολιτείας,
786 3410 881 3461 καὶ
904 3409 1161 3463 οὐδέποτε
1191 3411 1349 3467 οὐδὲν
1380 3415 1523 3484 μέγα
1551 3417 1583 3487 ἢ
1612 3417 1775 3470 καλὸν
1807 3419 2034 3487 διαπρα-
2059 3401 2101 3454 C
2138 3419 2202 3471 ni:

1967 3435 2034 3471 ιαο
2059 3401 2101 3454 C
2138 3419 2220 3473 nis
2245 3421 2310 3473 ad
2336 3437 2604 3488 equorum
2642 3424 2849 3478 utimur
2885 3440 3079 3494 opera,
3111 3442 3210 3480 nec
3245 3427 3400 3496 cquis
3426 3427 3492 3481 ad
3528 3429 3712 3482 asino-

458 3495 711 3576 ξομένης.
752 3501 936 3565 Ὀνοις
967 3503 1100 3570 γοῦν
1135 3507 1195 3557 ού
1227 3507 1486 3576 χρώμεθα
1535 3511 1624 3562 ἐπὶ
1657 3512 1726 3564 τὰ
1762 3512 1871 3565 τῶν
1916 3528 2040 3577 γεν-
2142 3529 2200 3564 ru

1964 3528 2040 3564 εν-
2142 3529 2285 3579 rum;
2327 3515 2573 3583 adeoque
2612 3531 2714 3570 nec
2749 3518 2904 3586 equis
2935 3519 3126 3574 iisdem
3160 3519 3224 3573 ad
3269 3523 3450 3574 omnia
3477 3561 3492 3583 ,
3523 3535 3709 3574 verum

456 3589 622 3641 ναίων
679 3592 864 3646 ἵππων
911 3595 1072 3663 ἔργα,
1109 3599 1227 3650 οὐδὲ
1280 3600 1545 3674 γενναίοις
1598 3603 1790 3664 ἵπποις
1847 3604 1941 3656 ἐπὶ
1973 3605 2041 3656 τὰ
2141 3605 2201 3659 ali

1973 3605 2041 3656 τὰ
2141 3605 2264 3659 aliis
2302 3605 2464 3669 bello,
2498 3607 2620 3662 aliis
2653 3608 2719 3661 ad
2753 3608 3044 3675 sarcinas;
3077 3619 3131 3664 at
3172 3611 3274 3664 boc
3321 3611 3612 3664 discrimen
3657 3610 3713 3663 in

456 3680 566 3733 τῶν
603 3683 741 3738 ὄνων
767 3701 782 3716 °
816 3681 973 3756 οἶμαι
1018 3690 1062 3741 δ’
1095 3691 1203 3742 οὐδ’
1239 3693 1427 3756 ίπποις
1475 3697 1588 3755 τοῖς
1622 3696 1807 3756 αὐτοῖς
1846 3697 1939 3748 ἐπὶ
1973 3698 2041 3748 τὰ
2144 3697 2201 3747 ha

1716 3698 1807 3756 τοῖς
1846 3697 1939 3748 ἐπὶ
1973 3698 2041 3748 τὰ
2144 3695 2456 3749 hominibus
2490 3698 2661 3750 multo
2689 3698 2862 3768 magis
2888 3699 3294 3754 observandum
3327 3710 3461 3753 erat.

458 3776 619 3845 αὐτὰ,
660 3779 778 3832 ἀλλ’
811 3782 916 3853 ίδίᾳ
940 3783 1043 3852 μὲν
1077 3785 1543 3858 πολεμιστηρίοις,
1583 3789 1688 3860 ἰδίᾳ
1715 3789 1760 3842 δ’
1790 3789 2116 3861 ἀχθοφόροις
2176 3788 2460 3859 χρώμεθα.
2503 3789 2690 3860 Πολλῷ
2749 3790 2814 3859 δὴ
2861 3792 3129 3862 πρότερον
3173 3794 3267 3847 καὶ
3334 3791 3422 3844 ἐπ’
3504 3792 3714 3862 ἀνθρώ·

412 3898 413 3901 η
458 3895 578 3931 πων
607 3879 673 3932 τΞι
696 3880 922 3934 τοιαῦτα
959 3880 1064 3933 ἔδει
1094 3882 1415 3953 διακρίνειν,
1446 3884 1541 3937 καὶ
1568 3883 1643 3955 μὴ
1677 3888 1922 3956 συγχεῖν.

528 4003 627 4050 κε’.
666 3998 774 4050 Καὶ
818 3999 940 4062 τοὺς
981 4000 1180 4070 φόρους
1223 4001 1280 4053 δὲ
1315 4003 1442 4065 τοὺς
1484 4003 1713 4064 πολλοὺς
1746 4005 1838 4056 καὶ
1889 4006 2031 4059 κατὰ

461 4091 667 4159 σμικρὰ
702 4091 797 4142 καὶ
821 4091 1143 4157 ἀνωμάλους
1167 4091 1392 4155 τούτους
1419 4092 1647 4159 ἀνελὼν,
1679 4095 1885 4146 ἐκεῖνον
1913 4096 2035 4147 ἀντὶ

458 4183 678 4235 πάντων
711 4182 1082 4250 κατάστησον,
1108 4183 1168 4237 ὃν
1195 4183 1274 4253 τῷ
1303 4185 1628 4254 δικαιοτάτῳ
1657 4186 1800 4256 λόγῳ
1825 4186 2034 4255 ἔφαμεν

456 4276 648 4344 τρίτην
680 4277 964 4344 γίγνεσθαι
998 4278 1096 4346 τὴν
1129 4279 1468 4347 γιγνομένων
1510 4281 1729 4347 μοῖραν,
1767 4281 2034 4347 κουφότα-

458 4369 550 4433 ¹ιξόν
577 4385 634 4419 τε
678 4368 815 4436 ὁμοῦ
860 4371 972 4432 τοῖς
1002 4370 1321 4435 είσοίσουσι,
1373 4372 1468 4424 καλ⁸
1497 4372 1614 4433 τοῖς
1653 4374 1853 4432 κοινοῖς
1883 4373 2035 4424 λυσιο

456 4459 772 4511 τελέστατον
817 4461 909 4512 τὸν
936 4459 1084 4514 αὐτὸ·
1149 4461 1426 4528 ἐσόμενον.
1456 4454 1662 4514 Ἦττόν
1704 4478 1763 4514 τε
1812 4463 1921 4531 γάρ
1950 4455 2034 4523 τις

395 4557 406 4572 “
457 4552 545 4604 διὰ
567 4552 756 4604 τοῦτον
783 4551 876 4603 τὸν
903 4552 1069 4622 φόρον
1099 4552 1492 4621 ἀποδράσεται,
1519 4547 1684 4623 ἧττόν
1706 4570 1763 4604 τε
1793 4553 1898 4605 ὑπὸ
1924 4555 2032 4604 τῶν

2160 4031 2164 4035 ~
2214 4000 2305 4054 9.5.
2344 3999 2585 4052 Tribulis
2619 4012 2842 4065 quoque
2876 3995 3066 4049 multis
3096 3995 3236 4058 istis,
3261 3993 3472 4048 crebris
3499 4002 3552 4046 et
3591 3992 3720 4045 ina:-

2141 4093 2402 4162 qualibus
2435 4092 2690 4152 sublatis,
2724 4090 2856 4144 illud
2893 4090 3138 4142 omnium
3177 4088 3298 4141 loco
3331 4101 3532 4154 repone
3571 4090 3715 4154 quod

2143 4199 2326 4238 rerum
2357 4183 2697 4237 nascentium
2723 4183 2936 4235 tertiam
2965 4179 3205 4233 diximus
3230 4177 3541 4246 azquissime
3566 4192 3718 4231 com-

2140 4278 2299 4346 plecti
2342 4287 2547 4345 partem
2576 4274 2912 4328 levissimum
2943 4275 3102 4326 simul
3140 4271 3506 4339 pendentibus
3529 4279 3583 4323 et
3615 4269 3719 4323 rei-

2139 4370 2365 4439 publicae
2402 4369 2752 4423 utilissimum
2802 4368 2944 4421 idem
3002 4365 3271 4420 futurum.
3325 4364 3459 4418 Nam
3493 4371 3714 4432 propter

2141 4469 2242 4516 hoc
2292 4462 2556 4514 trilmtum
2609 4475 2706 4513 nec
2758 4469 2964 4513 temere
3018 4460 3140 4526 quis
3191 4448 3452 4525 aufugtet,
3496 4471 3593 4509 nec
3646 4456 3716 4505 ab

2138 4554 2489 4608 exactoribus
2518 4553 2774 4622 iniuriam
2809 4551 3064 4619 accipiet,
3090 4552 3215 4602 dum
3251 4549 3324 4603 illi
3352 4549 3714 4616 pendentibus

456 4643 852 4712 πραττομένων
901 4644 1244 4709 ἀδικήσεται,
1288 4643 1364 4705 ὡς
1389 4645 1451 4695 τὸ
1502 4644 1649 4705 είκδς
1696 4643 2036 4711 βουλομένων
2065 4624 2117 4682 D
2144 4661 2201 4712 ιιι

1968 4662 2036 4695 ων
2065 4624 2117 4682 D
2144 4643 2545 4712 quamplurima
2579 4642 2767 4714 volunt
2792 4640 3110 4701 attribuere,
3138 4633 3255 4706 quo
3275 4639 3523 4692 videlicet
3550 4639 3713 4693 simul

457 4733 522 4785 ἂν
549 4734 624 4795 ὡς
683 4735 910 4787 πλεῖστα
947 4734 1232 4801 γίγνεσθαι
1277 4736 1391 4797 τοῖς
1441 4733 2032 4804 εἰσπραχθησομένοις,

457 4825 544 4877 ἵνα
579 4824 644 4894 δὴ
677 4825 770 4877 xiii.
801 4825 987 4893 σφίσιν
1015 4826 1092 4883 ὡς
1143 4825 1347 4894 μείζων
1374 4828 1615 4894 γίγνοιτο
1644 4828 1672 4878 ὁ
1699 4827 1883 4894 φόρος.
1915 4825 2036 4877 Τῶν

456 4917 513 4968 δὲ
552 4917 811 4969 τοιούτων
868 4919 1118 4988 Εἱλωτων
1163 4917 1358 4986 πρῶτα
1395 4918 1497 4986 μὲν
1525 4919 1584 4979 ὲς
1632 4917 1724 4968 τὸν
1761 4917 1854 4969 σὸν
1888 4911 2038 4970 οἷκον

457 5005 656 5083 ὲέελεῖν
691 5007 922 5069 ὁπόσους
950 5006 1015 5058 ἂν
1051 5005 1225 5072 δόξειε
1265 5008 1380 5060 δεῖν
1401 5022 1416 5040 ·
1442 5008 1568 5070 τοὺς
1594 5007 1650 5060 δὲ
1678 5007 1900 5069 λοιποὺς
1923 5010 2036 5070 τοῖς

458 5097 687 5166 ἄρχουσί
715 5115 774 5150 τε
811 5100 904 5151 καὶ
933 5099 1043 5151 τῶν
1079 5101 1431 5168 στρατιωτῶν
1461 5099 1707 5167 λογάσιν,
1733 5102 1840 5170 ὅπη
1880 5120 1940 5154 τε
1971 5103 2037 5154 ἂν

459 5191 676 5256 ἑκάστῳ
712 5191 807 5242 καὶ
841 5194 1075 5254 ὁπόσους
1122 5192 1349 5262 βούλοιο.
1384 5194 1733 5261 Κατανείμας
1771 5195 1829 5246 δὲ
1867 5195 2036 5260 ἀναγ-

459 5282 652 5346 κάζειν
685 5283 829 5335 κατὰ
859 5284 1016 5352 λόγον
1048 5288 1149 5352 τῆς
1179 5274 1558 5354 νενεμημένης
1605 5286 1888 5349 εἱλωτείας
1919 5287 2041 5355 τρέ-

460 5391 580 5441 φειν
609 5374 840 5427 ικαστον
864 5378 956 5428 καὶ
977 5381 1103 5439 τοὺς
1134 5377 1393 5440 πελάτας,
1424 5379 1853 5441 στρατιωτικούς
1881 5397 2039 5441 τινας

460 5466 836 5534 θεράπονταςο
881 5471 973 5521 καὶ
1028 5469 1104 5540 μὴ
1157 5469 1280 5540 είκῆ
1333 5470 1604 5539 ὲντρυφᾷν
1655 5472 1767 5532 τοῖς
1822 5474 2039 5532 κοινοί;,

463 5558 590 5625 μηδ’
617 5559 652 5612 ἃ
683 5561 732 5611 οἱ
771 5550 1019 5628 πολέμιοι
1068 5561 1303 5624 εὖξαιντ’
1335 5561 1421 5626 ἂν,
1455 5561 1551 5622 τὰς
1584 5561 1724 5631 ὑπὲρ
1769 5563 1864 5628 τῆς
1905 5565 2041 5629 ἡμε-

460 5651 628 5718 τέρας
677 5651 981 5724 ἀσφαλείκς
1038 5654 1285 5715 δαπάνας
1335 5652 1457 5720 εἱκῆ
1514 5651 1846 5714 διόλλυσθαι,
1886 5652 2042 5705 ταῦτ’

461 5741 659 5803 αὐτοὺς
715 5743 1004 5810 φαίνεσθαι
1072 5745 1617 5814 διαπραττομένους⁹
1691 5743 1920 5815 ἑ[ξελεῖν
1979 5763 2039 5797 τε

470 5831 701 5903 μάλιστα
735 5838 825 5889 καὶ
869 5838 1067 5890 σαυτοῦ
1114 5838 1204 5890 καὶ
1237 5838 1342 5891 τῶν
1378 5837 1553 5891 ἄλλων
1582 5837 1790 5908 τροφὴν
1817 5837 1906 5889 καὶ
1937 5854 2036 5889 πρ-

2142 4737 2409 4789 tributum
2450 4746 2682 4790 ereSi-at.
2768 4735 2840 4787 De
2896 4734 2980 4786 his
3028 4742 3207 4787 autem
3246 4734 3440 4788 Hilotis
3472 4735 3712 4802 primum

2140 4841 2245 4878 iure
2277 4823 2497 4878 familia:
2525 4824 2672 4892 quod
2708 4823 2983 4876 videbitur
3020 4838 3159 4889 opus
3184 4863 3196 4884 ,
3234 4823 3403 4890 selige
3431 4840 3444 4888 ;
3479 4825 3718 4891 reliquos

2138 4916 2337 4970 deinde
2370 4913 2647 4986 praefectis
2678 4925 2731 4969 et
2760 4915 3027 4968 militibus
3064 4914 3344 4980 primariis
3376 4922 3582 4982 quiante
3618 4930 3717 4966 vo-

2139 5011 2217 5062 les
2254 5024 2482 5062 nnmero
2521 5009 2786 5063 concede.
2839 5008 2978 5061 Tum
3029 5022 3156 5059 vero
3207 5016 3473 5074 cogantur
3515 5007 3711 5075 singuli

2140 5116 2235 5166 pro
2271 5100 2571 5154 "ilotarum
2610 5102 2973 5167 ascriptorum
3009 5115 3235 5152 numero
3289 5099 3514 5152 clientes
3544 5099 3713 5164 alere,

2140 5207 2329 5245 servos
2358 5191 2607 5244 videlicet
2629 5191 2909 5256 militares,
2934 5208 3002 5244 ne
3028 5192 3311 5257 pecuniam
3341 5193 3609 5259 publicam
3639 5203 3716 5246 te-

2143 5296 2288 5334 mere
2319 5279 2672 5348 profundant,
2692 5272 2923 5349 qumque
2947 5280 3220 5339 liostesju
3247 5283 3387 5334 votis
3412 5283 3633 5345 habent,
3659 5296 3718 5338 ut

2143 5371 2334 5425 salutis
2361 5373 2674 5425 communis
2699 5373 2955 5439 impensa:
2977 5373 3202 5439 turpiter
3233 5373 3586 5441 dissipentur,
3615 5380 3713 5444 ipsi

2146 5464 2432 5516 videantur
2463 5478 2783 5532 procurare,
2818 5464 2915 5517 abs
2959 5474 3008 5516 te
3043 5473 3224 5517 autem
3255 5477 3417 5533 atque
3461 5468 3583 5522 aliis
3618 5470 3716 5522 ali-.-

2146 5566 2324 5609 Inentu
2356 5571 2417 5609 ac
2442 5568 2692 5625 sumplus
2723 5557 2956 5625 grandes
2988 5567 3235 5609 avertere
3266 5596 3281 5618 ,
3316 5560 3497 5610 onlnia
3529 5573 3713 5614 autem

2150 5652 2203 5702 in
2261 5649 2383 5703 belli
2433 5659 2731 5718 apparatus
2780 5658 3141 5713 convertere;
3192 5650 3392 5701 nemini
3424 5652 3567 5703 enim
3600 5644 3714 5708 non

2152 5743 2324 5812 magis
2349 5757 2512 5811 quam
2553 5741 2686 5808 regi,
2719 5750 2814 5794 aut
2857 5741 3087 5794 militum
3142 5741 3265 5793 duci
3314 5742 3719 5810 magistratium

2149 5847 2398 5905 sumptus
2424 5838 2768 5892 incumbunt,
2797 5834 3012 5901 Quanto
3050 5833 3168 5902 plus
3197 5835 3395 5887 etenim
3421 5837 3484 5889 ad
3512 5835 3715 5891 bellum
