4420 6448
682 394 792 458 863

1877 394 2201 456 GEORGII
2245 397 2676 460 PLETIION‘lS

3857 404 3962 465 86$

685 513 983 582 gerendum
1002 511 1349 584 impendunt,
1381 523 1446 563 eo
1471 507 1651 563 minus
1676 508 1926 577 spectati;
1951 507 2064 561 imo
2095 509 2268 578 magis
2297 515 2342 570 Α
2370 511 2430 562 λυ

2206 509 2268 577 gis
2297 515 2342 570 Α
2370 511 2650 563 λυτέλειαν
2671 525 2685 538 ’
2724 511 2814 562 ἐπὶ
2844 509 2899 562 δὲ
2931 510 3023 574 τὰς
3055 508 3185 579 πρὸς
3212 510 3302 562 τὶν
3334 511 3569 580 πῦλεμον
3595 514 3951 582 παρασκευὰς

687 606 1076 662 contemnendi
1114 605 1388 664 hostibus.
1421 613 1473 656 et
1501 604 1692 657 amicis
1721 609 1906 654 erunt.

688 701 918 771 ἡγεμόνι
969 701 1065 752 καὶ
1099 699 1266 752 παντὶ⁵
1315 698 1538 767 ἄρχοντι
1575 699 1840 767 προσήκει
1898 696 2220 749 πολυτέλεια
2248 712 2262 727 ·

2376 602 2436 654 τὸ
2461 603 2606 656 ἆπαν
2659 602 2894 671 τρέψαι⁵
2943 602 3018 664 ὡς
3064 607 3224 655 παντὶ
3272 605 3472 670 μᾶλλον
3524 605 3554 671 ἢ
3610 604 3822 672 βασιλεῖ
3869 607 3962 657 καὶ

2341 697 2467 747 ὅσον
2531 696 2640 763 γὰρ
2688 694 2786 761 τῆς
2823 695 2960 763 πρὸς
3005 696 3098 748 τον
3150 697 3385 760 πόλεμον
3431 696 3734 749 ἀπολλύασι
3779 713 3959 765 παρα-

698 797 906 860 σκευῆς
932 795 1126 849 ἄλλοσε
1164 794 1539 855 δαπανῶντες,
1583 791 1836 845 τοσοῦτον
1879 795 1980 862 τῆς
2012 791 2163 860 σφῶν
2193 791 2374 842 αὐτῶν
2398 789 2555 854 ἀξίας
2589 789 2928 843 ἀπολλύασιν
2991 788 3614 860 εὖκαταιρρονηὶτὸτεροι
3677 791 3789 858 (52)
3863 789 3960 857 μὲν

687 894 804 950 τοῖς
840 890 1144 959 πολεμίοις,
1181 888 1576 958 ἀχρηστότεροι
1621 888 1677 940 δὲ
1713 889 1827 950 τοῖς
1865 887 2064 954 φιλίοις
2088 883 2423 952 γιγνόμενοι.

757 987 850 1040 26.
887 987 1013 1041 “me
1042 1001 1262 1054 quoque
1314 993 1523 1037 naturae
1559 981 2042 1041 consieleres'licet
2075 993 2269 1032 exem-

691 1079 779 1149 pla
830 1080 1022 1148 Aquila
1058 1093 1149 1130 rex
1183 1074 1398 1142 quidem
1433 1084 1518 1128 est
1551 1080 1730 1127 avium
1764 1084 1817 1126 et
1847 1072 1968 1126 Jnvi
2015 1071 2115 1124 fuit
2146 1071 2274 1122 olim

690 1177 1070 1226 consecratus,
1110 1165 1332 1216 minime
1363 1174 1538 1217 tamen
1562 1164 1741 1217 varias
1767 1172 1858 1216 aut
1887 1161 2152 1231 fulgentes
2185 1164 2278 1214 ba-

691 1257 789 1313 bet
817 1258 949 1311 alas.
986 1255 1133 1309 Pavo
1165 1266 1356 1310 contra
1392 1256 1576 1309 varius
1605 1255 1824 1323 quidem
1861 1262 1941 1307 est
1968 1262 2022 1307 et
2044 1251 2276 1321 fulgens,

692 1348 789 1404 sed
821 1348 1044 1401 minime
1081 1349 1222 1416 regia
1255 1358 1465 1408 natura,
1512 1347 1814 1416 pluresque
1872 1360 1999 1400 aves
2039 1345 2155 1398 alim
2188 1358 2282 1411 pa-

695 1453 835 1493 vone
867 1439 1022 1508 longe
1053 1438 1274 1492 viliores
1309 1438 1554 1492 colorum
1599 1447 1728 1493 sunt
1782 1437 2044 1490 varietate
2079 1435 2276 1488 distin—

693 1542 814 1587 (ιω.
870 1531 1048 1596 Quare
1082 1531 1318 1594 videtur,
1355 1531 1447 1599 qui
1482 1530 1725 1584 vestibus
1765 1529 2045 1598 praetextis
2086 1541 2149 1580 ac
2197 1527 2275 1580 si-

702 1621 919 1672 milibus
957 1619 1225 1688 superbit,
1261 1619 1801 1686 tanquam'pat'onis
1867 1617 2272 1687 pulchritudine

699 1711 938 1778 gloriari.
961 1710 1077 1764 .lam
1114 1711 1244 1762 illud
1279 1720 1486 1779 specta,
1521 1711 1661 1764 sitne
1685 1711 1968 1764 honestius
1991 1709 2272 1779 acjurun-

700 1801 848 1864 dius,
887 1802 991 1855 huc
1020 1803 1287 1868 praecipue
1339 1802 1684 1865 tendentem,
1722 1809 1777 1853 et
1826 1800 1967 1853 bello
2007 1808 2271 1866 quantum

700 1895 830 1948 licet
853 1893 1251 1958 consulentem,
1281 1892 1566 1947 moderato
1598 1900 1708 1944 tum
1752 1889 1968 1953 vestitu,
2009 1898 2121 1941 tum
2160 1888 2282 1940 reli-

699 1998 810 2050 quo
845 1983 1058 2036 vivendi
1111 1984 1295 2047 modo,
1337 1985 1524 2036 hostes
1560 1982 1776 2050 quidem
1806 1989 2178 2043 contemnere,
2215 1978 2282 2030 de

701 2075 932 2142 imperio
984 2085 1166 2129 autem
1227 2090 1288 2130 ac
1339 2091 1503 2142 regno
1536 2089 1786 2128 securum
1850 2089 1992 2138 esse,
2030 2088 2096 2124 an
2135 2083 2282 2124 veSIe

702 2179 959 2238 praetexta
1030 2169 1334 2222 involutum
1400 2181 1631 2221 tremere
1681 2180 1731 2222 et
1767 2168 1955 2221 hostes
1993 2168 2285 2220 metuere?

707 2260 860 2326 Quod
907 2261 950 2313 si
985 2275 1148 2330 porro
1186 2270 1428 2328 pastores
1460 2259 1676 2325 essetis,
1710 2267 1834 2311 utro
1863 2258 2022 2312 modo
2063 2257 2145 2309 lac
2180 2257 2283 2306 int-

703 2349 996 2419 pendetis?
1025 2359 1208 2402 utrum
1247 2361 1456 2416 partem
1488 2347 1704 2416 quidem
1741 2348 1967 2401 alteram
2019 2346 2119 2416 ipsi
2151 2361 2283 2398 cnn-

703 2441 1020 2500 sumeretis.
1057 2439 1223 2492 altera
1255 2454 1385 2492 vero
1424 2453 1587 2492 canes
1626 2439 1881 2491 robustos
1913 2438 2155 2495 aleretis.
2190 2438 2282 2506 qui

709 2548 740 2585 a
777 2532 1015 2585 terarum
1072 2532 1288 2585 insidiis
1345 2532 1489 2584 ovile
1541 2532 1919 2594 defenderent,
1962 2539 2020 2583 ut
2050 2546 2116 2584 eo
2151 2546 2286 2584 Con-

707 2639 925 2684 secratn
965 2637 1079 2681 tum
1112 2638 1358 2696 pastores
1390 2642 1533 2692 esse,
1568 2636 1681 2679 tum
1722 2625 1991 2680 fructibus
2037 2627 2129 2678 diu
2174 2624 2279 2677 frui

705 2721 939 2790 possetis
969 2737 983 2775 :
1019 2736 1084 2771 an
1125 2723 1226 2774 hoc
1272 2721 1544 2786 neglecto,
1580 2728 1785 2786 partem
1812 2719 2030 2786 quidem
2061 2718 2285 2771 alteram

703 2813 1115 2881 ingurgitaretis
1143 2823 1197 2864 et
1227 2814 1548 2864 vestimenta
1580 2810 1927 2881 prolueretis,
1968 2810 2134 2863 altera
2163 2824 2288 2862 vero

704 2905 1062 2959 robustorum
1105 2903 1223 2955 loco
1259 2902 1514 2956 Melitaeos
1545 2902 1770 2956 eatellos
1797 2910 1849 2953 et
1878 2901 2069 2967 vulpes
2113 2901 2287 2953 alere-

705 2998 802 3059 tis,
840 3004 936 3049 aut
973 3010 1158 3056 ursos,
1196 3004 1254 3046 ut
1306 2996 1697 3049 voracissimas
1736 2994 1938 3050 bestias
1983 2993 2056 3046 ita
2098 3008 2287 3061 parum

705 3091 948 3143 intentas
973 3088 1252 3142 custodire.
1288 3088 1519 3142 Istorum
1553 3087 1697 3140 enim
1731 3085 1947 3141 insidiis
1979 3100 2104 3152 grex
2141 3086 2286 3137 brevi

2452 985 2548 1041 κς¹
2599 977 2808 1047 Σκέψαι
2839 977 2895 1030 δέ
2931 978 3028 1032 καὶ
3070 979 3133 1031 ἐκ
3165 977 3381 1032 τοιῶνδε
3408 981 3507 1046 τῆς
3543 978 3758 1046 φύσεως
3787 995 3963 1044 παρα-

2382 1070 2712 1135 δειγμάτων.
2755 1069 2944 1130 ’Λετδς
2977 1071 3076 1137 μὲν
3112 1069 3366 1136 βασιλεὺς
3393 1070 3543 1124 δοκεῖ
3570 1088 3652 1132 τις
3685 1070 3834 1136 ὅρνις
3867 1071 3961 1121 καὶ

2383 1161 2734 1230 ἡγεμονικὸς,
2771 1162 2892 1223 Διός
2919 1178 2978 1213 τε
3017 1162 3161 1230 ίερδς
3205 1162 3372 1213 παλαι
3403 1163 3726 1228 νιινόιμιιστο⁸
3762 1163 3962 1231 ἥκιστα

2387 1254 2572 1322 μέντοι
2597 1253 2865 1315 ποικίλος,
2898 1253 3018 1306 οὐδὲ
3045 1254 3360 1322 χρυσαυγὴς
3388 1254 3489 1321 ἔφυ
3517 1254 3615 1320 τὴν
3648 1255 3926 1323 πτέρωσιν
3945 1272 3960 1286 ·

2381 1342 2527 1404 ταὼς
2561 1342 2617 1394 δὲ
2670 1343 2916 1404 ποικίλος
2972 1343 3071 1410 μὲν
3126 1345 3220 1396 καὶ
3266 1345 3607 1412 χρυσαυγὴς,
3665 1344 3869 1412 ἥκιστα
3919 1342 3964 1395 δ’

2376 1433 2705 1502 ἡγεμονικὸς
2729 1434 2828 1500 τὴν
2883 1434 3064 1499 φύσιν.
3121 1434 3301 1503 Συχνα
3349 1452 3406 1487 τε
3456 1435 3590 1487 ἄλλα
3639 1435 3802 1504 ὖρνεα
3846 1435 3962 1488 ταὼ

2379 1524 2563 1590 πολλῷ
2619 1524 2930 1592 φαυλότερα
2978 1525 3329 1579 πεποίκιλταί
3369 1543 3429 1578 τε
3481 1528 3577 1580 καὶ
3615 1526 3962 1594 διήνθισταιο

2376 1614 2517 1668 ὥστε
2555 1615 2859 1668 κινδυνεύει
2911 1616 2965 1668 εί
2992 1633 3078 1678 τις
3126 1616 3218 1668 ἐπὶ
3259 1616 3492 1685 ποικίλῳ
3528 1634 3584 1669 τε
3629 1619 3721 1670 καὶ
3773 1635 3970 1708 χρυσοῖ

2377 1708 2574 1776 πάστῳ
2627 1707 2959 1774 σεμνύνεται
3012 1706 3200 1774 ἐσθῆτι
3243 1711 3340 1761 καὶ
3386 1713 3499 1770 τοῖς
3541 1710 3828 1773 τοιούτοις,
3879 1711 3950 1761 ἐπ

2383 1797 2535 1850 οὐδὲν
2575 1798 2886 1868 σεμνοτέρῳ
2905 1799 2945 1876 ,ἢ
2994 1799 3108 1852 ταὼ
3133 1800 3320 1853 κάλλει
3367 1801 3512 1868 μέγα
3543 1804 3780 1869 φρονεῖν.
3837 1802 3968 1853 Σκό-

2384 1903 2476 1937 πει
2507 1887 2563 1938 δὲ
2609 1889 2853 1947 κάκεῖνο,
2894 1888 3101 1958 πότερα
3154 1891 3485 1959 σεμνότερον
3517 1891 3549 1961 ἢ
3585 1893 3758 1960 ἣδιον,
3794 1892 3968 1964 ταύτῃ

2387 1979 2624 2047 μάλιστα
2656 1980 3028 2048 τραπόμενον,
3072 1981 3167 2034 καὶ
3199 1983 3337 2051 πρὸς
3365 1983 3457 2036 τὸν
3491 1984 3728 2053 πόλεμον
3757 1986 3824 2036 ἐκ
3859 1985 3968 2036 τῶν

2384 2071 2613 2123 ἐνόντων
2661 2071 3109 2139 ἀσφαλισάμενον
3155 2075 3212 2126 ἐν
3249 2075 3446 2144 μετρίᾳ
3483 2079 3582 2144 μὲν
3627 2078 3841 2147 ἐσθῆτι,
3877 2095 3973 2147 με·

2384 2163 2512 2233 τρία
2534 2163 2591 2215 δὲ
2621 2165 2687 2233 τῇ
2717 2164 2853 2235 ἄλλῃ
2902 2165 3106 2236 διαίτῃ,
3137 2171 3503 2237 καταφρονεῖν
3534 2170 3632 2238 μὲν
3673 2171 3782 2223 τῶν
3813 2174 3973 2223 πολε-

2389 2257 2550 2325 μίων,
2590 2255 2814 2327 θαρρεῖν
2849 2258 2893 2310 δ’
2931 2259 3069 2326 ὑπὲρ
3113 2260 3214 2327 τῆς
3251 2261 3431 2330 ἀρχῆς
3468 2265 3562 2317 καὶ
3612 2265 3908 2332 βασιλείας,
3938 2266 3972 2330 ἦ

2385 2348 2758 2417 χρυσοπάστῳ
2811 2349 3000 2415 ἐσθῆτι
3052 2351 3422 2420 ἐνειλημένον,
3455 2355 3682 2424 τρέμειν
3739 2358 3833 2409 καὶ
3890 2356 3974 2409 δε·

2385 2441 2557 2492 διέναι
2585 2440 2714 2502 τοὺς
2768 2442 3014 2511 ἐχθροὺς.
3056 2443 3115 2494 El
3147 2443 3203 2496 δὲ
3235 2446 3329 2497 καὶ
3361 2449 3622 2514 ποιμένες
3663 2444 3782 2512 ἦτε,
3823 2452 3977 2501 ποτέ-

2393 2550 2496 2601 ρως
2528 2532 2594 2584 ἂν
2644 2532 2722 2603 τῷ
2755 2534 2990 2600 γάλακτι
3049 2536 3400 2607 ἐπιχρῆσθε;
3458 2540 3664 2609 πότερα
3720 2541 3812 2593 τοῦ
3877 2543 3976 2611 μὲν

2387 2624 2542 2678 αὐτοὶ
2579 2624 2817 2693 μετρίως
2873 2626 3263 2690 ἀπολαύοντες,
3303 2629 3396 2682 τοῦ
3434 2631 3491 2683 δὲ
3543 2631 3713 2694 κύνας
3750 2632 3816 2684 ἂν
3849 2633 3976 2701 τρέ-

2391 2733 2585 2784 φοντες
2614 2716 2879 2783 ἀλκίμους
2901 2734 2961 2769 τε
2993 2720 3088 2771 καὶ
3113 2720 3602 2788 προϐατευτικοίλς,
3633 2722 3710 2792 τῷ
3737 2726 3978 2792 ποιμνίῳ

2391 2809 2488 2861 ἐπὶ
2515 2811 2582 2859 τὰ
2613 2809 3042 2862 ἐπιϐουλεύοντα
3083 2812 3194 2865 τῶν
3241 2812 3448 2881 Θηρίων
3481 2814 3848 2884 ἀμυνοῦντας,
3892 2816 3978 2868 ἴνα

2391 2901 2455 2970 δὴ
2487 2901 2617 2968 ὑμῖν
2643 2901 2704 2957 τὸ
2756 2901 3013 2972 ποίμνιον
3049 2904 3362 2974 σωζόμενον
3405 2906 3720 2977 παρείχετο,
3756 2908 3980 2974 ποιμέσι

2393 3011 2452 3046 τε
2485 2990 2651 3057 εἶναι,
2681 2994 2778 3046 καὶ
2830 2995 2924 3048 ἐπὶ
2982 2995 3118 3049 πολὺ
3167 2997 3463 3051 ἀπολαύειν
3495 2999 3604 3053 τῶν
3639 3002 3868 3069 καρπῶν
3896 3016 3910 3066 ;
3945 2999 3978 3067 ἦ

2395 3085 2800 3156 ἀμελήσαντες,
2837 3088 2933 3141 τοῦ
2968 3089 3068 3156 μὲν
3101 3089 3356 3159 ἀμέτρως
3393 3092 3730 3163 ἐνεφορεῖσθ’
3764 3092 3852 3154 ἂν,
3888 3093 3981 3143 καὶ

709 3181 990 3233 dilabitur.
1043 3178 1166 3232 Mihi
1204 3180 1420 3247 quidem
1458 3178 1668 3233 similes
1714 3177 1923 3246 aliqum
1983 3177 2082 3230 viri
2136 3177 2290 3230 vobis
2319 3202 2360 3259 ο
2398 3196 2454 3231 κα

2236 3177 2290 3230 Iis
2319 3202 2360 3259 ο
2398 3180 2542 3233 κατά
2584 3180 2694 3233 τῶν
2733 3180 2970 3250 ἱματίων
3010 3182 3365 3252 κατεχεῖσοε⁶
3403 3184 3496 3237 τοῦ
3547 3184 3594 3237 δ’
3641 3185 3762 3238 ἀντὶ
3807 3186 3981 3238 κυνῶν

703 3272 936 3326 insidias
966 3288 1028 3327 ac
1059 3272 1302 3326 frandem
1329 3283 1540 3326 struere
1572 3271 1850 3334 videntur,
1879 3271 1972 3340 qui
2002 3270 2286 3324 libidinum

709 3367 931 3418 mulum
973 3375 1156 3418 tenent
1196 3367 1429 3419 nullum.

2395 3272 2650 3341 ἀλκίμων
2683 3273 2959 3327 Μελιταῖά
2987 3290 3046 3327 τε
3080 3275 3291 3328 κυνίδια
3337 3277 3432 3329 καὶ
3464 3276 3757 3340 ἀλώπεκας
3797 3276 3984 3346 ἐντρέ-

2397 3381 2550 3434 φετε,
2581 3366 2614 3435 ἢ
2648 3366 2910 3435 ἄρκτους,
2955 3365 3244 3436 βορώτατα
3296 3368 3398 3437 μὲν
3429 3369 3656 3438 θηρίων,
3700 3369 3904 3438 ἥκιστα
3927 3366 3982 3419 δὲ

705 3459 1019 3524 φυλακτικα
1050 3475 1063 3522 ;
1106 3457 1228 3524 Ὑφ’
1277 3451 1352 3510 ὧν
1401 3459 1531 3525 ύμῖν
1574 3460 1671 3511 καὶ
1710 3458 1818 3510 τῶν
1849 3457 2024 3512 ἄλλων
2074 3459 2141 3510 ἂν
2171 3457 2283 3510 τῶν
2322 3455 2546 3527 έξ[ωθεν
2575 3455 3044 3511 ἐπιϐουλευόντων
3068 3460 3206 3529 ταχὺ
3240 3459 3306 3512 ἂν
3333 3458 3530 3528 ἔμελλε
3607 3461 3668 3514 τὸ
3731 3460 3986 3530 ποίμνιον

706 3552 1044 3604 διασπασοὲν
1082 3553 1426 3619 οἰχήσεόαι.
1476 3553 1902 3622 Παραπλησὲους
1968 3552 2074 3619 γάρ
2123 3569 2212 3619 μοι
2279 3551 2490 3604 δοκεῖτε
2543 3552 2769 3621 τρέφειν
2809 3551 3017 3605 τούτων
3061 3553 3260 3618 ἐνίους,
3321 3554 3430 3607 τῶν
3479 3554 3616 3624 πρὸς
3695 3553 3986 3607 κολακείαν

711 3653 808 3701 καὶ
837 3650 988 3701 δόλον
1027 3650 1156 3716 ὑμῖν
1186 3650 1648 3720 προσφερομένων
1675 3650 1705 3701 ἦ
1738 3648 2040 3719 συλλήϐδην
2073 3649 2289 3702 ἅπαντα
2331 3649 2698 3703 καταπίεσθαι
2751 3650 3063 3718 κεχηνότων
3107 3649 3347 3721 οὐδαμοῦ
3418 3668 3478 3703 τε
3546 3655 3647 3721 τῆς
3687 3651 3985 3720 ἐπιθυμίας

714 3742 908 3807 στῆναι
957 3741 1292 3810 δυναμένων.

781 3834 874 3887 27.
913 3833 994 3886 Tu
1015 3849 1166 3895 vero,
1187 3834 1513 3901 sijustitiam
1535 3851 1790 3890 exercere
1806 3847 1858 3891 et
1884 3838 2093 3891 ca'tcris
2121 3846 2181 3891 ut
2205 3837 2298 3891 tibi

713 3926 818 3993 ipsi
861 3926 1116 3993 prodesse
1141 3929 1222 3980 vis
1245 3937 1296 3980 et
1318 3928 1648 3994 voluptatem
1681 3931 1906 3983 sectaris
1924 3930 2041 3984 viro
2065 3930 2298 3997 ingenuo

714 4019 960 4086 dignam,
989 4020 1115 4072 illue
1140 4034 1302 4072 omne
1329 4020 1567 4072 studium
1594 4028 1868 4086 converte,
1891 4021 2022 4074 nihil
2043 4022 2299 4074 omittens

721 4126 899 4177 neque
917 4121 1241 4179 prmtexens,
1265 4113 1378 4166 sive
1395 4110 1522 4180 quid
1542 4121 1634 4164 aut
1654 4112 1894 4182 priorum
1917 4128 2099 4181 regum
2120 4113 2301 4174 alicui,

717 4207 813 4255 aut
842 4203 942 4270 ipsi
977 4203 1070 4256 tibi
1115 4203 1272 4257 aliter
1295 4203 1424 4256 olim
1467 4203 1571 4256 fuit
1605 4205 1805 4269 visum,
1833 4202 1944 4257 sive
1969 4203 2292 4271 quibusdam

715 4312 824 4350 non
844 4306 928 4351 est
953 4313 1037 4350 res
1057 4296 1343 4365 placitura;
1367 4294 1458 4349 sed
1480 4310 1603 4348 cum
1621 4294 1802 4347 omnia
1826 4309 2072 4357 movens,
2089 4302 2200 4346 tum
2219 4293 2300 4346 ni-

715 4389 793 4442 hil
831 4405 934 4441 nun
969 4391 1036 4443 ad
1054 4403 1400 4441 communem
1430 4388 1656 4440 salutem
1683 4388 1952 4456 pertinere
1980 4387 2154 4439 visum
2183 4394 2299 4439 ten-

713 4491 867 4541 tans.
894 4483 1112 4550 quando
1141 4496 1207 4533 ne
1242 4480 1438 4533 medici
1463 4479 1680 4548 quidem
1710 4493 1806 4532 sua
1837 4492 2051 4546 semper
2069 4485 2298 4545 possunt

713 4587 942 4626 scrvare
987 4573 1226 4632 decreta,
1256 4569 1350 4623 sed
1382 4585 1503 4623 cum
1539 4568 1723 4621 omnia
1753 4577 1994 4632 movent,
2023 4576 2136 4619 tum
2167 4566 2297 4619 nihil

715 4664 785 4718 ad
807 4664 1094 4716 sanitatem
1121 4663 1400 4730 pertinens
1424 4661 1702 4724 omittunt,
1734 4675 1795 4713 ac
1819 4667 2006 4714 secant
2027 4659 2189 4711 etiam
2218 4657 2299 4710 vel

715 4764 909 4816 urunt,
955 4769 1288 4820 unacunque
1326 4752 1597 4805 interdum
1633 4753 1717 4805 vel
1754 4752 1940 4819 pedem
1982 4750 2207 4818 insuper
2231 4747 2299 4802 ob

717 4848 950 4902 salutem
996 4845 1162 4899 totius
1199 4844 1446 4911 corporis
1477 4843 1830 4896 abscindunt.
1871 4843 2074 4896 llorutu
2128 4842 2302 4910 siqui-

719 4942 840 4992 dem
876 4942 990 5006 ipse
1021 4937 1296 5004 quaedam,
1331 4936 1372 4990 si
1410 4935 1702 4994 videbitur,
1736 4951 1857 4988 cum
1893 4936 2055 4988 liceat
2089 4975 2102 4997 ,
2141 4951 2301 5003 pera-

719 5048 835 5103 ges,
873 5030 1132 5083 nonmtlla
1161 5030 1228 5082 ab
1250 5029 1494 5097 Augusto
1529 5028 1856 5097 imperatore
1879 5037 1934 5080 et
1962 5026 2126 5081 Patre
2156 5027 2304 5081 salu-

722 5126 793 5176 tis
827 5123 1057 5192 publica:
1103 5135 1270 5174 causa
1323 5120 1622 5188 postulahis
1649 5161 1663 5184 ,
1694 5135 1872 5190 neque
1903 5121 2001 5175 tibi
2033 5122 2120 5174 ille
2163 5121 2301 5175 ditii-

722 5218 898 5269 enlter
928 5231 991 5268 ea
1022 5213 1311 5278 concedet,
1343 5229 1467 5266 cum
1505 5214 1611 5267 huc
1651 5226 1902 5292 spectare
1940 5216 2298 5283 cognoverit,

722 5313 1002 5378 ingenium
1055 5309 1214 5360 simul
1267 5317 1321 5360 et
1367 5307 1628 5374 impetum
1684 5308 1928 5362 divinum
1977 5309 2302 5361 admiratus.

719 5404 995 5458 Cmtcrum
1031 5401 1139 5464 his,
1171 5414 1292 5469 quae
1319 5399 1554 5452 maxime
1585 5408 1633 5453 et
1667 5400 1919 5466 proxime
1957 5399 2208 5453 videntur
2235 5400 2300 5452 ad

793 5579 905 5644 (59.)
938 5577 1749 5650 Ἐ[ξε.2οεῖν..,εὐκαταφογηῙ
1779 5578 2002 5643 δεύτεροι
2029 5579 2146 5650 κτλ.
2176 5579 2305 5641 Quae

722 5653 868 5706 inter
901 5649 1069 5704 uncus
1103 5652 1352 5716 leguntur
1388 5667 1415 5701 e
1470 5653 1591 5704 eod.
1632 5649 1761 5702 Tur.
1810 5659 2055 5699 restituta
2086 5649 2301 5701 danuts.

726 5723 918 5774 Denuo
947 5723 1252 5788 iuspicii-nli
1297 5721 1425 5772 Inibi
1450 5720 1585 5775 Cod.
1647 5721 1858 5772 Monac.
1914 5719 1977 5768 ad
2007 5720 2305 5781 tuarginv-ut

726 5810 778 5846 ιι.
838 5792 1006 5843 Andr.
1083 5791 1345 5843 llalmarii
1403 5808 1563 5843 manu
1633 5791 1892 5855 scriptum
1953 5804 2008 5837 se
2075 5788 2303 5840 obtulit:

728 5863 877 5913 ἐστὶν
897 5861 1142 5929 ἐξίτηλον
1168 5863 1778 5931 ὑπὸτῆςὰρχαιὸτητος.
1809 5858 1938 5928 Iltnl:
1960 5860 2077 5911 t'Utl.
2107 5859 2227 5912 Muli
2248 5862 2302 5910 ιι.

2475 3830 2579 3897 κζ’.
2624 3831 2765 3883 Ἀλλ’
2792 3831 2838 3884 εί
2871 3830 3051 3900 βούλει
3081 3831 3148 3884 τά
3175 3848 3233 3883 τε
3265 3830 3583 3884 δικαιότατα
3621 3835 3798 3884 ποιεῖν
3835 3831 3903 3884 τά
3929 3848 3982 3883 τε

2403 3925 2825 3979 λυσιτελέστατα
2867 3922 3051 3991 σαυτῷ
3089 3939 3148 3976 τε
3210 3924 3324 3992 ἅμα
3358 3923 3455 3976 καὶ
3507 3924 3585 3991 τῷ
3626 3925 3772 3992 ἄλλῳ
3813 3924 3981 3990 γένει.

2402 4021 2472 4074 τά
2505 4018 2552 4071 Θ’
2592 4017 2753 4087 ἡδονῇ
2812 4015 3050 4069 νικῶντα
3099 4019 3165 4086 τῇ
3208 4015 3421 4084 ἀλιθινῇ
3471 4017 3562 4069 καὶ
3596 4015 3834 4087 καθαρᾷ]
3893 4019 3984 4069 καὶ

2403 4112 2560 4180 ἀνῖρὶ
2595 4107 2947 4180 προσηκούσῃ
2997 4107 3146 4175 καλῷ
3176 4124 3235 4160 τε
3266 4108 3522 4177 κάγαθῷ,
3569 4110 3742 4179 ταύτῃ
3771 4110 3984 4179 τράπου

2407 4202 2612 4270 σπουδῇ
2666 4200 2841 4272 πάσῃ,
2888 4200 3045 4252 οὐδὲν
3092 4201 3410 4268 ὑφιέμενος,
3443 4202 3552 4253 οὐδ’
3591 4201 3984 4268 ὑπολογιζόμε-

2403 4312 2514 4357 νος,
2545 4291 2656 4345 οὖτ’
2683 4294 2734 4345 εἰ
2765 4311 2871 4345 τινι
2909 4294 3020 4345 τῶν
3049 4293 3315 4364 πρότερον
3358 4293 3646 4362 βασιλέων,
3693 4296 3724 4364 ἢ
3783 4297 3986 4364 ήγεμιι⁴

2403 4405 2532 4452 νων,
2562 4385 2676 4438 οὔτ’
2705 4388 2758 4440 εί
2790 4403 2871 4439 σοι
2903 4385 3052 4454 αὐτῷ
3085 4385 3286 4456 ἑτέρως
3320 4403 3419 4438 που
3444 4386 3690 4440 δέδοκται
3719 4387 3818 4456 ἤδη
3859 4390 3987 4455 περὶ

2404 4480 2514 4533 τῶν
2543 4479 2745 4542 αὐτῶν,
2781 4477 2897 4530 οὔτ’
2926 4479 2979 4531 εί
3005 4495 3152 4530 τισιν
3188 4471 3247 4530 οὗ
3285 4467 3408 4531 καθ’
3448 4479 3644 4548 ἡδονήν
3688 4497 3740 4532 τι
3773 4480 3988 4545 μέλλεις

2407 4574 2582 4626 ποιεῖν
2603 4589 2616 4601 ·
2655 4571 2790 4625 ἀλλά
2824 4573 3003 4624 πάντα
3037 4571 3226 4634 κινῶν,
3260 4574 3354 4624 καὶ
3399 4573 3617 4625 πάντων
3647 4572 3988 4642 πειρώμενος

2341 4681 2379 4731 D
2404 4665 2510 4716 τῶν
2551 4664 2688 4732 πρὸς
2725 4664 2999 4733 σωτηρίαν
3049 4665 3239 4732 φέρειν
3273 4663 3578 4718 δοκούντων
3623 4665 3722 4733 τὴν
3760 4667 3986 4733 κοινήν·

2404 4755 2560 4818 εἰδὼς
2591 4757 2684 4806 καὶ
2715 4756 2843 4817 τοὺς
2875 4755 3096 4824 ἰατροὺς
3124 4755 3469 4823 δεδογμένοις
3502 4754 3631 4808 οὔτε
3657 4758 3769 4818 τοῖς
3802 4758 3986 4822 σφίσιν

2403 4850 2505 4920 ἢδη
2535 4849 2720 4907 αὐτοῖς
2747 4849 3010 4917 ἐμμένειν
3031 4847 3291 4900 ἑκάστοτε
3318 4848 3819 4917 ἀναγκαζομένους,
3853 4848 3988 4899 ἀλλὰ

2407 4942 2586 4994 πάντα
2642 4941 2741 5010 μὲν
2776 4941 3083 5003 κινοῦντας,
3125 4942 3476 5008 φειδομένους
3516 4943 3570 4993 δὲ
3607 4942 3840 5002 ούῖενός,
3883 4942 3910 4993 ὅ
3939 4957 3990 4990 τι

2407 5034 2475 5089 ἂν
2506 5035 2642 5105 πρὸς
2676 5033 2737 5086 τὸ
2781 5035 2954 5104 παρὸν
2994 5033 3225 5100 ὠφελεῖν
3256 5034 3386 5104 δοκῇ
3408 5050 3422 5064 ο
3461 5033 3558 5086 καὶ
3607 5033 3905 5102 τέμνοντας
3935 5030 3991 5084 δὲ

2405 5128 2501 5181 καὶ
2534 5128 2813 5191 καίοντας,
2845 5128 2939 5179 καὶ
2990 5129 3152 5198 χεῖρα
3181 5127 3328 5180 ἔστιν
3361 5130 3448 5180 ὅτε
3489 5127 3584 5179 καὶ
3617 5126 3750 5178 πόδα
3790 5124 3992 5176 ἀποκό-

2410 5237 2640 5283 πτοντας
2689 5221 2830 5290 ὑπὲρ
2859 5220 2956 5287 τῆς
3000 5220 3096 5272 τοῦ
3130 5221 3252 5274 ὅλου
3288 5219 3541 5289 σώματος
3591 5217 3888 5285 σωτηρίας.
3922 5243 3988 5253 -

2408 5308 2628 5362 Τούτων
2682 5311 2791 5377 γὰρ
2844 5309 2911 5362 τὰ
2948 5310 3048 5378 μὲν
3096 5309 3258 5371 αὐτὸς
3311 5310 3431 5372 ἐξόν
3478 5326 3560 5361 σοι
3597 5310 3842 5374 ποιήσεις
3877 5308 3991 5371 εἴγε

2411 5401 2622 5471 βούλοιο
2647 5418 2660 5433 ⁶
2699 5401 2769 5454 τὰ
2800 5401 2858 5453 δὲ
2907 5401 3002 5455 καὶ
3052 5401 3146 5453 τοῦ
3181 5403 3457 5456 Θειοτὰτου
3504 5401 3767 5471 βασιλέως
3810 5415 3868 5450 τε
3901 5399 3993 5449 καὶ

2419 5581 2674 5636 identitas
2734 5595 2858 5632 rum
2921 5579 3179 5634 Sambuci
3235 5596 3344 5644 quo
3405 5580 3670 5632 Cztnlt‘rtts
3728 5591 3859 5628 usus
3910 5588 3992 5632 est

2413 5664 2567 5705 extra
2610 5652 2834 5704 dubium
2877 5661 2958 5702 est
2997 5652 3190 5715 posita.
3234 5649 3360 5702 ltcm
3421 5652 3664 5701 videmus
3725 5648 3839 5698 loca
3899 5652 3992 5700 ah—

2417 5723 2588 5774 sentia
2620 5737 2745 5782 non,
2784 5720 2912 5771 utin
2940 5719 3061 5771 cod.
3092 5719 3298 5772 Monac.
3324 5738 3349 5769 ιι
3384 5719 3738 5770 lihrarioesse
3763 5719 3988 5782 ntuissa,

2416 5795 2507 5847 sed
2545 5794 2611 5845 ob
2651 5802 2971 5846 vetustatem
3009 5791 3292 5843 oculorum
3329 5793 3495 5843 aricm
3527 5791 3726 5856 ingere.
