4420 6448
669 395 770 458 867

1871 379 2193 453 GEORGII
2237 375 2668 438 PLETHONIS

3826 351 3927 418 868

667 505 810 574 quod
843 503 1121 568 convenit,
1164 510 1324 572 prout
1363 498 1652 554 referimur
1701 495 1766 552 ad
1803 495 2024 566 quidvis
2065 491 2237 547 aliud.
2272 494 2316 550 Α
2344 493 2412 544 αὐ

2185 491 2237 544 d.
2272 494 2316 550 Α
2344 491 2538 555 αὐτοῦ,
2576 490 2710 558 περὶ
2747 488 2847 559 μὲν
2868 486 2934 540 τὰ.
2971 485 3126 556 βίαια
3164 483 3270 535 τῶν
3303 476 3646 548 παθημάτων
3673 469 3930 574 Exim-ﬁv-

669 600 950 663 Quatenus
972 610 1099 650 vero
1122 607 1306 648 secum
1333 594 1450 661 ipse
1469 599 1838 661 comparatur,
1870 590 1914 643 si
1936 602 1996 640 ea
2025 601 2112 640 res
2125 599 2244 638 ver-

670 702 824 742 setur
858 689 909 740 ir.
938 686 1188 740 violentis
1224 685 1440 739 casibus
1465 726 1477 748 ,
1512 681 1773 737 fortitudo
1833 680 1886 732 in
1936 692 2001 732 eo
2038 675 2244 737 existit,

672 780 718 833 si
756 780 808 831 in
838 777 1160 830 voluntariis
1188 817 1201 841 ,
1238 775 1620 844 temperantia,
1673 786 1904 840 quarum
1964 777 2024 821 ut
2071 781 2248 835 eaque

677 869 916 922 melioris
951 869 1125 922 nostri
1160 869 1329 936 partis
1376 866 1694 934 dignitatem
1725 863 1988 917 adversus
2020 860 2248 912 deterio-

676 970 788 1021 rem
844 970 1059 1024 semper
1114 964 1318 1009 tuetur.
1377 953 1674 1006 Dicendum
1709 961 1890 1005 autem
1942 964 2134 1002 rursus
2169 957 2250 1000 est

675 1046 948 1113 exquisite
973 1047 1146 1115 magis
1179 1048 1244 1099 de
1278 1044 1408 1112 ipsis
1438 1043 1732 1096 virtutibus
1757 1043 1835 1096 sic
1868 1050 1924 1094 ut
1959 1041 2025 1093 ab
2051 1041 2248 1107 imper-

678 1139 973 1192 fectissinia
1011 1139 1361 1207 auspicemur
1392 1177 1406 1200 ,
1442 1145 1496 1191 ct
1553 1136 1620 1189 ad
1665 1132 2116 1203 per-feelissimam
2163 1146 2254 1184 se-

676 1232 915 1286 cuitdum
970 1239 1220 1284 naturain
1258 1229 1468 1282 ratione
1521 1226 1961 1296 progrediamur.
2001 1225 2077 1277 Ac
2115 1223 2255 1278 Deus

677 1323 896 1390 quidem
951 1336 1136 1375 revera
1175 1321 1374 1374 nullius
1414 1319 1491 1371 rei
1527 1325 1670 1386 eget,
1707 1332 1830 1370 cum
1867 1324 1921 1371 et
1970 1313 2256 1384 perfectis-

680 1417 855 1469 simus
876 1416 968 1481 sit,
990 1424 1042 1469 et
1068 1427 1228 1482 quam
1270 1411 1508 1465 maxime
1530 1411 1707 1480 sieipso
1737 1406 2253 1463 contentus.Verum

682 1515 741 1558 ut
783 1505 944 1558 homo
978 1505 1183 1558 nullius
1211 1518 1436 1572 prorsus
1462 1503 1534 1556 rei
1567 1510 1741 1570 egeat,
1775 1500 1888 1553 fieri
1920 1499 2068 1551 nullo
2095 1499 2258 1551 modo

683 1606 882 1665 potest,
923 1597 1017 1650 sed
1078 1597 1172 1665 qui
1240 1595 1592 1662 paucioribus
1646 1603 1701 1646 et
1764 1591 2014 1661 pluribus
2069 1600 2255 1660 egeat,

685 1696 905 1756 pr0pter
944 1690 1193 1741 virtutem
1227 1697 1280 1741 et
1315 1687 1504 1740 vitium
1553 1685 1798 1739 invenire
1831 1685 1999 1750 licet;
2029 1684 2172 1753 quod
2209 1683 2255 1736 si

684 1781 1036 1847 paucissimis
1066 1789 1238 1846 egeat,
1266 1790 1379 1832 tum
1409 1778 1517 1832 Deo
1545 1777 1857 1833 simillimus
1894 1786 1998 1839 est,
2032 1785 2086 1829 et
2120 1775 2172 1828 in
2195 1789 2260 1828 eo

685 1876 768 1927 sui
827 1883 970 1927 statu
1024 1873 1226 1941 optime
1262 1875 1637 1930 constitutus;
1681 1871 1762 1923 sin
1796 1869 2046 1938 pluribus
2094 1883 2253 1936 egere

685 1964 869 2031 cwpit,
901 1973 1010 2016 ttttn
1039 1964 1144 2016 Deo
1172 1962 1405 2015 maxime
1435 1961 1719 2014 dissimilis
1742 1970 1828 2013 est
1854 1967 1909 2010 et
1938 1957 2172 2026 pessime
2202 1973 2261 2011 se

689 2055 871 2110 habet.
899 2053 994 2107 Est
1033 2063 1211 2106 autem
1243 2068 1305 2104 ea
1345 2051 1558 2104 virtutis
1594 2065 1718 2118 pars
1749 2065 1870 2118 qua:
1898 2049 2260 2116 temperantia

688 2147 908 2208 dicitur,
945 2144 1162 2198 babitus
1193 2144 1380 2206 animi,
1410 2153 1701 2196 contentus
1732 2140 2100 2210 paucissimis,
2143 2154 2262 2208 qua:

687 2237 756 2292 ad
789 2238 953 2291 vitam
1005 2236 1304 2305 degendam
1352 2235 1728 2302 requiruntur.
1756 2233 2092 2286 Pancissima
2134 2246 2263 2284 vero

689 2341 874 2383 rerum
929 2327 995 2381 ad
1053 2328 1222 2380 vitam
1268 2325 1569 2393 degendam
1644 2325 2109 2388 necessariarmn,
2158 2322 2263 2375 alia

691 2422 949 2476 videlicet
969 2430 1097 2474 sunt
1117 2418 1485 2479 multitudine,
1511 2417 1613 2468 alia
1647 2415 1926 2479 facultate,
1952 2415 2262 2482 cujusmodi

694 2524 846 2579 sunt,
877 2513 1077 2583 quibus
1113 2513 1247 2564 citra
1283 2525 1536 2579 magnum
1576 2510 1853 2578 negotium
1895 2509 2058 2578 potiri
2084 2509 2264 2573 liceat,

699 2615 759 2656 ιιι
793 2603 968 2671 magis
1017 2599 1344 2668 probabilia,
1383 2598 1571 2650 viliora
1606 2606 1660 2650 et
1710 2595 1974 2662 faciliora,
2012 2612 2152 2666 quas
2180 2612 2265 2651 res

694 2696 949 2764 amplecti
989 2695 1172 2764 potius
1198 2709 1360 2762 quam
1393 2707 1488 2744 eas
1520 2706 1639 2758 quae
1670 2691 1944 2744 difficilius
1979 2699 2266 2760 parantur,

694 2800 749 2843 et
782 2787 1136 2857 pretiosiores
1182 2795 1332 2849 sunt,
1372 2792 1425 2838 et
1462 2782 1822 2842 difliciliores.
1869 2781 2103 2837 oflicium
2162 2784 2264 2837 viri

697 2878 1048 2946 temperantis
1075 2885 1126 2930 et
1157 2891 1256 2928 sua
1287 2883 1432 2929 sorte
1462 2875 1700 2928 contenti
1748 2874 1971 2930 fuerint.
2001 2872 2120 2930 Jam
2142 2892 2269 2931 vero

697 2969 862 3022 etiam
915 2968 1214 3021 immobilis
1270 2976 1354 3020 est
1388 2967 1568 3030 Deus,
1620 2967 1896 3020 hominem
1936 2979 2115 3021 autem
2157 2985 2267 3022 non

699 3064 906 3116 moveri
939 3060 1044 3114 tilla
1081 3077 1160 3125 re,
1192 3075 1290 3114 nec
1333 3061 1446 3114 fieri
1474 3069 1648 3128 potest
1681 3074 1782 3113 nec
1811 3061 2062 3128 expedit,
2094 3078 2270 3130 neque

697 3155 844 3208 enim
885 3152 1135 3208 honestis
1185 3152 1348 3204 etiam
1381 3151 1550 3206 rebus
1589 3165 1740 3218 aeque
1779 3165 1887 3205 non
1941 3153 2148 3206 moveri
2179 3153 2269 3207 de-

697 3247 911 3306 cuerit,
969 3250 1060 3298 sed
1114 3259 1212 3297 nec
1269 3243 1602 3296 commoveri
1645 3243 1808 3297 rebus
1847 3243 2025 3307 malis,
2058 3253 2113 3298 et
2163 3261 2270 3298 non

697 3336 858 3404 dejici
883 3334 952 3388 de
989 3333 1370 3388 statu-mentis
1403 3333 1470 3388 ab
1501 3333 1833 3387 adversariis
1859 3334 1982 3387 vitae
2016 3335 2268 3400 casibus,

705 3443 884 3496 neque
919 3427 1094 3496 ipsum
1129 3427 1198 3480 ab
1239 3426 1366 3480 ullis
1405 3441 1524 3494 qua:
1553 3425 1798 3479 incidunt
1826 3426 1988 3480 rebus
2013 3443 2114 3479 una
2147 3443 2270 3482 cum

705 3520 977 3573 deteriore
1011 3519 1095 3572 sui
1126 3527 1276 3584 parte
1314 3527 1369 3571 et
1401 3525 1594 3570 natura
1633 3515 1904 3571 imbecilla
1931 3557 1945 3580 ,
1973 3519 2126 3586 pejus
2189 3517 2274 3572 af-

704 3613 788 3664 fici
821 3650 836 3674 ,
886 3610 1400 3679 priestantissiumm
1459 3607 1625 3663 fuerit
1668 3621 1722 3662 et
1767 3608 1875 3663 Deo
1925 3611 2144 3664 simile.-
2182 3609 2276 3664 Est

703 3713 884 3757 autem
910 3718 973 3756 ea
1008 3701 1226 3755 virtutis
1247 3717 1373 3770 pars
1416 3717 1537 3770 qua:
1567 3700 1825 3755 fortitudo
1867 3701 2089 3765 dicitur,
2120 3702 2274 3756 babi-

689 3809 790 3851 ιιυε
819 3795 1118 3864 animi,qui
1146 3795 1444 3849 contrariis
1477 3796 1593 3848 vita:
1623 3795 1839 3850 casibus
1867 3810 1974 3848 non
2009 3805 2274 3849 movetur.

703 3890 972 3952 Quoniam
1031 3899 1216 3940 autem
1257 3887 1638 3956 unusquisque
1677 3897 1923 3949 nostrum
1993 3886 2065 3939 ita
2117 3899 2278 3941 natus

702 3990 787 4033 est
821 3988 879 4030 ιιι
918 3976 1009 4030 Dei
1043 3977 1321 4044 quoddam
1355 3977 1426 4030 sit
1449 3991 1608 4044 opus,
1637 3990 1743 4028 non
1786 3974 1945 4042 plane
1995 3973 2231 4026 alienum
2263 4012 2278 4036 ,

705 4072 799 4125 sed
835 4069 1235 4138 quotlaunnodo
1287 4068 1646 4121 domesticum
1699 4075 1867 4135 atque
1903 4066 2276 4132 conjnttclum,

705 4164 903 4217 deinde
933 4163 1097 4215 veluti
1129 4159 1394 4228 particula
1418 4159 1646 4212 aliarum
1675 4159 1935 4226 partium,
1965 4172 2082 4224 qua!
2110 4157 2280 4223 majo-

707 4271 794 4309 res
825 4255 981 4307 nobis
1017 4261 1164 4316 sunt,
1207 4251 1456 4305 videlicet
1491 4249 1652 4319 hujus
1711 4250 2112 4310 universitatis,
2159 4263 2281 4317 qua:

707 4357 789 4398 est
839 4353 1014 4397 totum
1051 4354 1106 4396 cl
1131 4357 1296 4394 unum
1324 4340 1578 4410 quiddam
1613 4337 1905 4394 conﬂatum
1929 4355 1960 4392 e
1985 4339 2194 4402 multis,
2224 4349 2280 4390 ttt

710 4438 913 4504 ubique
979 4435 1224 4488 obtineat
1283 4433 1456 4486 locum
1523 4431 1955 4501 qualemcunque
2009 4441 2067 4484 ut
2119 4446 2280 4498 quant

2344 584 2491 650 δρία,
2527 584 2656 650 περὶ
2690 581 2746 634 δὲ
2775 582 2844 633 τὰ
2869 577 3094 632 ἑκούσια
3158 571 3508 644 σωφροσύνη,
3541 566 3775 629 σώζοντε
3806 563 3935 614 ἑκα-

2344 676 2492 744 τὲρω
2510 674 2722 726 τούτοιν
2741 673 2841 738 τὴν
2869 671 2963 724 τοῦ
2993 668 3277 739 ἀμείνονος
3294 665 3402 717 τῶν
3428 662 3558 730 παρ’
3589 660 3720 728 ἡμῖν
3745 655 3935 715 αὐτοῖς

2348 769 2483 835 πρὸς
2510 767 2568 820 τὸ
2611 767 2792 834 χεῖρον
2824 764 3084 816 ἑκάστοτε
3113 759 3291 824 ἀξίαν.
3331 753 3552 824 Ῥητὲον
3583 751 3638 803 δὲ
3669 744 3828 808 αὖθις
3861 744 3936 797 δι’

2349 857 2636 927 ἀκριϐείας
2669 857 2871 928 μᾶλλον
2909 853 3039 922 περὶ
3087 850 3291 913 αὐτῶν,
3329 845 3658 918 ἀρξαμένοις
3690 840 3796 894 ἀπὸ
3834 835 3936 904 τῆς

2351 951 2849 1020 ἁτε).εστάτης,ὲπὶ
2876 949 2931 1002 δὲ
2965 947 3064 1016 τὴν
3089 945 3426 1011 τελεωτάτην
3448 938 3589 991 κατὰ
3616 935 3777 1003 φύσιν
3799 929 3935 982 ἰοῦσι

2351 1046 2429 1113 τῷ
2452 1045 2618 1113 λόγῳ.
2664 1019 2722 1096 ’ῨΟ
2759 1041 2858 1111 μὲν
2885 1040 2977 1093 οὖν
3008 1039 3139 1099 Θεὸς
3170 1036 3245 1104 τῷ
3285 1036 3399 1088 δντι
3427 1028 3714 1095 ἁνεπιδεὴς
3743 1019 3937 1076 τελεώ-

2352 1137 2512 1199 τατὸς
2537 1154 2596 1188 τε
2627 1133 2851 1196 ὣν,.κα“ι
2880 1132 2953 1194 ὼς
2983 1124 3094 1182 οἷον
3128 1145 3184 1181 τε
3241 1126 3475 1196 μάλιστα
3505 1121 3812 1188 αὐτάρκης.
3847 1115 3940 1167 ἄν,

2356 1231 2573 1299 θρωπον
2624 1229 2682 1280 δὲ
2746 1227 3036 1279 ἀνεπιδεέα
3095 1224 3192 1289 μὲν
3264 1217 3522 1285 γενέσθαι
3592 1212 3941 1267 παντάπασιν

2357 1324 2672 1390 ἀμήχανον·
2727 1321 3028 1372 ὲλαττιὶνων
3083 1316 3266 1384 μέντοι
3296 1312 3388 1364 καὶ
3417 1310 3658 1361 πλεόνων
3686 1305 3940 1373 δεόμενον

2358 1411 2424 1466 δι’
2449 1411 2652 1479 ἀρετήν
2682 1425 2741 1460 τε
2769 1408 2865 1459 καὶ
2901 1407 3101 1458 κακίαν
3158 1403 3306 1456 ἔστιν
3356 1401 3558 1468 εὑρεῖν.
3607 1395 3938 1463 Ἐλαχίστων

2365 1504 2463 1570 μὲν
2490 1497 2582 1554 οὖν
2612 1500 2886 1568 δεόμενος,
2915 1497 3035 1565 Θεῷ
3063 1513 3121 1550 τε
3145 1495 3444 1564 ὁμοιότατα
3475 1492 3637 1560 ίσχει,
3673 1487 3770 1540 καὶ
3803 1484 3942 1554 κρά-

2360 1612 2519 1647 τιστα
2552 1592 2712 1653 αὐτὸς
2741 1591 2913 1645 αὑτοῦ
2935 1605 2951 1620 ο
2992 1589 3233 1641 πλεόνων
3264 1587 3317 1638 δὲ
3344 1584 3668 1652 γιγνόμενος
3699 1577 3939 1643 ἐπιδεὴς,

2361 1685 2481 1756 Θεῷ
2505 1703 2564 1738 τε
2593 1685 2982 1754 ἀνομοιότατα,
3036 1683 3132 1733 καὶ
3183 1680 3434 1749 χείριστα
3472 1675 3630 1744 ἴσχει.
3670 1673 3778 1727 Καὶ
3825 1671 3943 1723 ἐστι

2367 1776 2713 1845 σωφροσύνη,
2747 1775 2906 1828 τοῦτο
2929 1774 2993 1841 δὴ
3036 1773 3095 1826 τὸ
3127 1773 3316 1842 μόριον
3352 1770 3577 1838 ἀρετῆς,
3625 1767 3738 1832 ἕξις
3766 1764 3945 1834 ψυχῆς

2365 1869 2645 1939 αὐτάρκης
2680 1867 2764 1920 ἐπ’
2798 1866 3102 1934 ἐλαχίστοις
3150 1866 3264 1926 τοῖς
3305 1863 3446 1932 πρὸς
3491 1862 3583 1912 τὸν
3645 1858 3757 1927 βίον
3783 1858 3948 1922 ἀναγ-

2365 1962 2561 2022 καίοις,
2593 1960 2853 2029 ἐλάχιστα
2887 1960 2942 2011 δὲ
2974 1957 3083 2011 τῶν
3151 1955 3286 2022 προς
3323 1955 3414 2004 τὸν
3469 1952 3581 2021 βίον
3608 1947 3942 2014 ἀναγκαίων,

2362 2053 2433 2106 τὰ
2467 2055 2565 2120 μέν
2598 2068 2701 2104 που
2739 2050 2963 2119 πλήθει,
2987 2049 3054 2100 τὰ
3085 2049 3140 2100 δὲ
3169 2047 3264 2100 καὶ
3287 2045 3536 2114 δυνάμει.
3562 2040 3748 2094 Ταῦτα
3780 2038 3824 2089 δ’
3854 2039 3941 2107 εἴη

2364 2145 2450 2210 ἂν,
2482 2141 2555 2197 ὢν
2585 2143 2854 2213 δήπουθεν
2900 2143 2960 2194 οὐ
3015 2140 3186 2192 πολλὰ
3229 2139 3369 2192 ἄττα
3417 2133 3946 2204 πραγματευόμενον

2365 2238 2483 2289 ἐστι
2516 2237 2809 2305 τυγχάνειν
2833 2248 2848 2265 ο
2907 2227 2997 2285 οἷα
3049 2231 3115 2282 τὰ
3144 2228 3571 2299 εὐποριστὸτερα
3605 2225 3697 2278 καὶ
3730 2223 3946 2276 εὐτελέ-

2370 2345 2536 2398 στερα
2571 2328 2665 2378 καὶ
2692 2326 2806 2396 ῥᾴω
2847 2323 3104 2394 μάλιστα,
3139 2321 3175 2375 ἃ
3209 2321 3272 2389 δὴ
3305 2319 3412 2389 πρὸ
3443 2319 3554 2369 τῶν
3585 2317 3946 2381 δυσποριστο-

2367 2421 2538 2490 τὲρων
2588 2421 2681 2472 καὶ
2731 2417 3227 2486 πολυτελεστέρων,
3283 2414 3378 2465 καὶ
3428 2411 3854 2482 χαλεπωτέρων,
3885 2410 3941 2460 ὲν

2367 2515 2478 2575 τοῖς
2504 2511 2767 2573 τοιούτοις
2821 2507 3097 2578 αἱρεῖσθαι
3147 2505 3283 2573 πρὸς
3311 2504 3407 2556 τοῦ
3441 2502 3717 2573 σώφρονός
3751 2519 3809 2554 τε
3851 2499 3950 2553 καὶ

2369 2605 2679 2675 αὐτάρκους
2724 2604 2789 2656 ἂν
2837 2601 2922 2671 εῐη
2956 2599 3171 2668 ἀνδρός.
3209 2597 3370 2650 Ἀλλὰ
3402 2597 3467 2665 δὴ
3496 2597 3592 2648 καὶ
3640 2596 3894 2662 ἀκίνητος
3922 2593 3952 2646 δ

2369 2699 2526 2760 Θεός.
2594 2696 2915 2764 ’Ἄνθρωπον
2956 2693 3011 2746 δὲ
3077 2693 3218 2761 πρὸς
3286 2691 3384 2759 μὲν
3432 2689 3613 2742 πάντα
3677 2689 3952 2756 ἀκινήτως

2371 2789 2536 2858 ἔχειν,
2571 2781 2686 2840 οὗθ’
2717 2781 2828 2839 οἷόν
2857 2803 2915 2838 τε
2943 2784 3067 2837 οὗτε
3119 2783 3345 2851 ἀγαθόν.
3395 2780 3530 2835 Οὐδὲ
3573 2779 3680 2849 γάρ
3715 2796 3820 2832 που
3852 2779 3947 2832 καὶ

2371 2882 2506 2948 πρὸς
2532 2879 2599 2931 τὰ
2629 2877 2770 2931 καλὰ
2793 2876 2964 2938 οὕτως
3011 2876 3094 2929 δεῖ
3114 2875 3261 2943 ἔχειν
3289 2873 3586 2942 ἀκινήτως,
3626 2870 3734 2923 ἀπὸ
3767 2873 3954 2940 μέντοι

2371 2973 2479 3025 τῶν
2504 2971 2682 3024 καλῶν
2713 2972 2972 3040 ἀκίνητόν
3006 2987 3065 3023 τε
3096 2966 3260 3030 εἶναι,
3290 2969 3384 3020 καὶ
3416 2967 3522 3019 ὑπὸ
3547 2967 3656 3018 τῶν
3690 2964 3834 3018 κατὰ
3864 2964 3955 3016 τον

2375 3063 2487 3131 βίον
2511 3062 2701 3132 βιαίων
2736 3059 2831 3113 τοῦ
2865 3059 3270 3128 καθεστηκότος
3298 3059 3376 3128 μὴ
3425 3055 3764 3121 ἐξίστασθαι,
3812 3055 3950 3124 μηδὲ

2375 3153 2453 3223 τῷ
2476 3153 2677 3224 χείρονι
2693 3153 2800 3207 τῶν
2823 3151 3019 3220 ἑαυτῷ,
3035 3152 3128 3204 καὶ
3160 3150 3426 3218 πεφυκότι
3451 3149 3702 3218 κάμνειν,
3727 3147 3831 3200 ὑπὸ
3849 3146 3959 3200 τῶν

2379 3244 2838 3314 προσπιπτόντων
2867 3241 3140 3304 ἑκάστων,
3172 3242 3269 3295 καὶ
3311 3241 3474 3296 αὐτὸν
3521 3241 3703 3310 χεῖρόν
3743 3258 3796 3293 τι
3831 3256 3956 3292 συν-

2374 3334 2710 3390 διατίθεσθαι
2739 3335 3033 3405 κράτιστον
3055 3333 3122 3386 ἂν
3154 3332 3263 3402 εἴη,
3297 3334 3391 3384 καὶ
3411 3331 3531 3401 Θεῷ
3554 3330 3959 3398 παραπλήσιον.

2377 3429 2628 3482 Κα“ι·ἔστι
2657 3428 2818 3482 τοῦτο
2844 3428 3035 3500 ἀνδρία
3066 3427 3126 3478 τὸ
3162 3428 3351 3495 μόριον
3387 3426 3605 3494 ἀρετῆς,
3638 3424 3753 3490 ἕξις
3783 3425 3961 3493 ψυχῆς

2377 3519 2632 3588 ἀκίνητος
2665 3518 2770 3570 ὑπὸ
2785 3517 2892 3570 τῶν
2922 3517 3065 3572 κατὰ
3097 3517 3189 3570 τδν
3228 3516 3340 3587 βίον
3375 3515 3564 3585 βιαίων
3598 3515 3936 3581 παθημάτων

2390 3609 2543 3663 Ἐπεὶ
2567 3609 2613 3662 δ’
2637 3608 2795 3678 ἡμῶν
2846 3608 3076 3665 ἕκαστος
3116 3607 3308 3674 γέγονε
3347 3606 3563 3674 πρῶτον
3593 3606 3690 3674 μὲν
3726 3603 3863 3657 Θεοῦ
3909 3621 3963 3658 τι

2379 3701 2538 3768 ἔργον
2569 3700 2631 3751 οὺ
2691 3698 2832 3751 πάνυ
2872 3715 2954 3750 τοι
2994 3697 3296 3767 ἀλλότριον.
3335 3696 3474 3751 ἀλλά
3540 3713 3617 3763 πη
3650 3698 3850 3748 οἰκεῖόν
3902 3712 3960 3748 τε

2381 3795 2474 3846 καὶ
2501 3791 2784 3861 ξυγγενὲς,
2822 3791 3018 3844 ἔπειτα
3045 3792 3232 3861 μόριον
3271 3790 3450 3844 ἄλλων
3480 3807 3540 3843 τε
3577 3791 3736 3860 ἡμῶν
3777 3791 3962 3860 μειζό-

2383 3903 2489 3940 νων
2548 3885 2745 3955 μερῶν
2773 3885 2926 3938 τοῦδε
2970 3883 3064 3937 τοῦ
3096 3884 3313 3949 παντὸς,
3376 3883 3498 3935 ὅλου
3529 3900 3587 3935 τε
3627 3885 3721 3936 καὶ
3755 3884 3871 3942 sva;
3903 3885 3967 3935 ἐκ

2382 3977 2594 4031 πολλῶν
2639 3978 2812 4040 ὄντος,
2849 3976 3034 4046 χώραν
3087 3975 3339 4046 ἡντινοῦν
3383 3974 3807 4044 ἀποπληρώσων
3837 3974 3967 4026 ἑκα-

2383 4070 2602 4140 σταχοῦ,
2641 4070 2712 4130 ὡς
2737 4072 2802 4123 ἂν
2818 4071 2901 4122 ὅτι
2937 4069 3170 4139 μάλιστα
3201 4068 3350 4137 αὐτῷ
3372 4086 3431 4121 τε
3459 4069 3551 4122 καὶ
3575 4068 3649 4134 τῷ
3674 4068 3779 4136 ὅλῳ
3810 4066 3969 4132 ἔμελ-

2381 4164 2439 4215 λε
2512 4162 2811 4215 συνοίσειν’
2845 4161 2926 4214 δεῖ
2951 4162 3124 4231 δήπου
3157 4161 3291 4231 μηδὲ
3316 4159 3522 4228 ταύτην
3555 4161 3793 4232 ἑκάστην
3825 4161 3962 4213 ἀπο-

2382 4253 2590 4306 λείπειν
2620 4254 2720 4322 τὴν
2770 4252 2975 4322 χώραν,
3005 4253 3063 4304 ὲν
3175 4254 3203 4304 ὁ
3233 4250 3367 4314 Θεὸς
3398 4251 3612 4317 ἔταξεν,
3646 4250 3762 4304 ἀλλ’
3788 4250 3964 4319 ἐμμέ-

2383 4363 2496 4396 νειν
2531 4347 2674 4397 κατὰ
2697 4345 2951 4414 δύναμιν,
2983 4346 3042 4396 τὸ
3080 4349 3146 4413 τῇ
3188 4345 3341 4414 χώρᾳ
3387 4345 3665 4414 προσῆκον
3695 4345 3969 4396 ἀποδιδόν-

2384 4454 2472 4499 τα,
2501 4436 2688 4507 μόριον
2717 4436 2776 4488 δὲ
2825 4439 2970 4490 ᾶπαν
2999 4435 3296 4502 ὁμολογοῦν
3339 4453 3396 4487 τε
3453 4435 3648 4504 ἐκείνῳ
3683 4430 3858 4505 οὗπερ
3902 4436 3969 4490 ἂν

712 4530 942 4581 mnium
969 4543 1090 4580 cum
1121 4527 1222 4595 ipsi
1258 4537 1369 4578 tum
1401 4522 1746 4576 universitati
1787 4523 2129 4588 profuturum
2169 4522 2233 4576 sit
2265 4560 2278 4582 ,
2316 4569 2357 4620 υ
2391 4531 2456 4598 μό

2224 4534 2233 4575 l
2265 4560 2278 4582 ν
2316 4569 2357 4620 υ
2391 4531 2575 4598 μόριον
2611 4531 2718 4596 είη,
2776 4531 2868 4581 καὶ
2906 4532 2982 4598 μὴ
3034 4528 3356 4595 ﬁnemve-3v,
3411 4531 3550 4580 κατὰ
3587 4522 3757 4594 φύσιν
3777 4547 3836 4582 τε
3877 4532 3969 4583 καὶ

709 4622 839 4672 ηυὶιι
865 4621 1022 4670 διλιὶυ
1050 4636 1111 4671 ea
1139 4617 1438 4671 deserenda
1470 4627 1573 4678 est,
1618 4616 1669 4668 in
1719 4631 1825 4684 qua
1868 4614 2010 4669 Deus
2038 4616 2275 4682 aliquem

710 4712 1035 4774 constituit,
1101 4711 1194 4762 sed
1256 4709 1713 4777 perseverandum
1773 4723 1835 4760 ac
1884 4723 1980 4776 pio
2036 4708 2174 4760 virili
2238 4708 2285 4760 id

713 4804 1105 4870 pratstandum,
1143 4801 1289 4868 quod
1327 4801 1414 4854 illa
1461 4801 1735 4868 postulare
1771 4800 2288 4864 videtur.Qua:libet

716 4907 894 4946 autem
935 4909 1083 4962 pars,
1123 4895 1165 4946 si
1194 4909 1312 4945 cum
1348 4895 1438 4946 illo
1473 4893 1634 4962 cujus
1666 4909 1788 4960 pars
1819 4903 1923 4957 est,
1957 4893 2284 4953 consentiat,

715 5003 821 5038 non
858 4997 1035 5037 autent
1072 4984 1380 5048 dissentiat,
1415 4987 1485 5038 ita
1516 4997 1569 5039 et
1590 4985 1889 5038 rectissime
1911 4996 1963 5038 et
1987 4987 2286 5039 secundum

715 5090 964 5129 naturam
1022 5092 1080 5130 se
1137 5077 1379 5130 habebit.
1456 5076 1626 5130 Porro
1698 5094 1820 5129 cum
1914 5079 2290 5147 unusquisque

714 5180 963 5223 nostrum
1025 5185 1150 5236 pars
1179 5172 1424 5236 quietiam
1487 5172 1555 5222 sit
1617 5172 1812 5237 partim
1851 5171 2054 5223 domus
2089 5171 2285 5238 partim

712 5264 992 5317 socii-tatis
1015 5264 1268 5330 alicujus.
1294 5277 1415 5329 quae
1451 5263 1530 5315 vel
1578 5264 1628 5313 iu
1652 5263 1804 5323 urbe,
1841 5264 1922 5316 vel
1949 5263 2000 5315 in
2034 5275 2214 5332 gente.
2237 5264 2288 5316 in

717 5365 831 5406 toto
868 5356 1100 5422 denique
1135 5356 1391 5407 universo
1420 5356 1590 5422 posita
1621 5365 1726 5417 est,
1772 5356 1816 5407 si
1847 5370 1911 5408 ea
1953 5356 2141 5408 tribuit
2179 5358 2288 5409 sin-

713 5445 854 5508 gulis
882 5460 1000 5513 qum
1026 5445 1330 5497 debentur:
1369 5445 1706 5512 parentibus,
1728 5447 1909 5515 qualia
1945 5448 2126 5499 liberis
2159 5462 2287 5515 erga

711 5548 969 5605 parentes
1005 5539 1373 5599 conveniunt,
1428 5539 1632 5600 liberis,
1692 5539 1870 5605 qualia
1914 5554 2040 5608 erga
2089 5539 2289 5592 liberos

714 5629 948 5696 parenti,
981 5629 1167 5690 sociis,
1205 5629 1385 5696 qualia
1420 5644 1548 5697 erga
1585 5634 1762 5682 socios
1795 5630 1968 5691 socio,
1992 5631 2287 5683 convictori

713 5739 839 5789 erga
867 5721 1230 5782 convictores,
1272 5721 1449 5773 vicino
1496 5737 1621 5790 erga
1670 5723 1895 5786 \icinos,
1942 5724 2124 5775 comiti
2164 5741 2288 5792 erga

714 5817 964 5880 comites,
1010 5814 1114 5867 civi
1142 5827 1268 5882 erga
1307 5815 1606 5878 cititatcm,
1647 5829 1906 5882 prtctcrea
1936 5829 2060 5886 erga
2099 5814 2285 5882 Detuu,

2390 4617 2449 4674 εὖ
2479 4622 2717 4689 μάλιστα
2758 4624 3005 4690 πράττοι.
3053 4621 3160 4672 Καὶ
3217 4620 3338 4672 ἐπεί
3368 4622 3518 4672 ἐστιν
3552 4620 3707 4689 ἡμῶν
3741 4621 3970 4682 ἕκαστος

2395 4716 2556 4784 μέρος
2587 4731 2638 4767 τι
2672 4713 2830 4766 τοῦτο
2868 4716 2964 4783 μὲν
2995 4714 3194 4774 οἰκίας,
3228 4713 3388 4766 τοῦτο
3420 4714 3473 4766 δὲ
3501 4713 3777 4783 ἑταιρείας
3825 4716 3972 4776 τινὸς

2393 4808 2628 4870 πόλεως,
2658 4807 2866 4867 ἔθνους,
2901 4807 3033 4867 ὅλως
3060 4806 3212 4857 τοῦδε
3241 4806 3334 4858 τοῦ
3363 4808 3564 4867 παντὸς
3594 4806 3878 4868 ἀποδιδοὺς
3907 4809 3973 4858 τὰ

2393 4902 2741 4970 προσήκοντα
2764 4901 3017 4961 ἑκάστοις
3040 4917 3052 4929 ·
3088 4899 3306 4966 γονεῦσι
3328 4901 3447 4968 μὲν,
3474 4901 3634 4952 ὁποῖα
3659 4900 3808 4952 τ’-ἔιιιιδὶ
3839 4901 3974 4969 πρὸς

2392 4994 2586 5058 γονέας
2618 4993 2907 5061 προσήκει,
2968 4993 3118 5044 παιδὶ
3148 4992 3203 5044 δὲ
3231 5034 3244 5056 ,
3280 4995 3438 5044 ὁποῖα
3472 4992 3604 5058 πρὸς
3642 4994 3836 5054 παῖδας
3879 5009 3972 5058 γο-

2393 5087 2525 5145 νεῖς,
2557 5084 2787 5152 ἑτέροις,
2825 5087 2982 5136 ὁποῖα
3012 5084 3144 5150 πρδς
3186 5085 3430 5152 ἐτέρους,
3470 5085 3692 5152 ἑταίρῳ,
3729 5084 3971 5152 συσσίτῳ

2395 5177 2526 5243 πρὸς
2560 5175 2832 5242 ἑταίρους,
2875 5177 3183 5238 συσσίτους,
3226 5177 3362 5247 πρὸς
3415 5177 3658 5242 γείτονας
3750 5177 3973 5243 γείτονι,

2397 5265 2599 5334 συνόδῳ
2660 5268 2792 5332 προς
2864 5266 3135 5329 συνόδους,
3182 5267 3395 5335 πολίτῃ,
3432 5267 3568 5335 πρὶς
3617 5267 3860 5327 πολίτας,
3894 5264 3973 5316 ἔτι

2396 5372 2449 5404 τε
2483 5363 2615 5423 πρὸς
2650 5356 2803 5420 Θεὸν,
2861 5357 3018 5407 ὁποῖα
3051 5355 3366 5424 θεράποντι,
3413 5357 3504 5407 καὶ
3549 5357 3693 5425 ἔργῳ
3720 5356 3854 5423 πρὸς
3882 5355 3970 5406 δε-

2397 5449 2598 5513 σπότην
2634 5463 2690 5497 τε
2724 5450 2818 5499 καὶ
2847 5447 3186 5514 δημιουργόν
3217 5463 3230 5474 ·
3275 5447 3417 5498 οὕτω
3448 5447 3612 5499 ταῦτα
3667 5447 3975 5512 ἀποδιδοὺς,

2397 5539 2590 5590 ἑαυτοῦ
2621 5555 2678 5590 τε
2700 5537 2864 5589 σώσει
2892 5538 3051 5590 τοῦτο
3077 5538 3207 5590 αὐτὸ
3236 5540 3371 5608 ὅπερ
3407 5541 3520 5588 ἐστὶ
3560 5541 3691 5606 πρὸς
3722 5539 3976 5603 ἕκαστον,

2395 5631 2514 5697 Θεῴ
2539 5648 2595 5680 τε
2630 5630 2821 5696 ἕψεται
2928 5632 3186 5682 τέτακται
3235 5632 3387 5700 χώρα
3435 5632 3670 5698 μάλιστα
3701 5631 3974 5698 ἐμμένων,

2399 5723 2602 5790 ἄριστά
2635 5740 2691 5773 τε
2719 5722 2850 5786 ἕξει,
2883 5723 2957 5785 ὠς
2997 5725 3060 5776 iv
3091 5724 3168 5790 τῷ
3222 5727 3429 5792 ἀρίστῳ
3458 5724 3744 5789 ἑπόμενος.
3778 5723 3873 5791 Εῐη
3915 5739 3974 5774 τε

2394 5816 2459 5866 Ξιν
2492 5816 2827 5886 δικαιοσύνη,
2884 5817 3037 5869 τοῦτο
3105 5818 3295 5886 μ’ὶριον
3359 5817 3560 5887 ἀρετῆς
3587 5859 3602 5884 ι
3630 5817 3741 5882 ἕξις
3773 5815 3974 5884 ψυχῆς.
