  <div class='ocr_page' id='page_1' title='image "/cluster/home/n/w/nwhite01/storage/ocr_20150623/160/nnc1.0046980687/444.png"; bbox 0 0 4420 6448; ppageno 0'>
   <div class='ocr_carea' id='block_1_1' title="bbox 454 384 569 447">
    <p class='ocr_par' dir='ltr' id='par_1_1' title="bbox 454 384 569 447">
     <span class='ocr_line' id='line_1_1' title="bbox 454 384 569 447; baseline 0.009 -1"><span class='ocrx_word' id='word_1_1' title='bbox 454 384 569 447; x_wconf 72' lang='grc' dir='ltr'><strong>8ῧο</strong></span> 
     </span>
    </p>
   </div>
   <div class='ocr_carea' id='block_1_2' title="bbox 1702 388 2341 451">
    <p class='ocr_par' dir='ltr' id='par_1_2' title="bbox 1702 388 2341 451">
     <span class='ocr_line' id='line_1_2' title="bbox 1702 388 2341 451; baseline 0.005 -4"><span class='ocrx_word' id='word_1_2' title='bbox 1702 389 1804 447; x_wconf 78' lang='lat' dir='ltr'><strong>DE</strong></span> <span class='ocrx_word' id='word_1_3' title='bbox 1841 388 2341 451; x_wconf 79' lang='lat' dir='ltr'><strong>VIRTUTIBUS.</strong></span> 
     </span>
    </p>
   </div>
   <div class='ocr_carea' id='block_1_3' title="bbox 3609 399 3718 462">
    <p class='ocr_par' dir='ltr' id='par_1_3' title="bbox 3609 399 3718 462">
     <span class='ocr_line' id='line_1_3' title="bbox 3609 399 3718 462; baseline 0.018 -2"><span class='ocrx_word' id='word_1_4' title='bbox 3609 399 3718 462; x_wconf 79' lang='lat'><strong>870</strong></span> 
     </span>
    </p>
   </div>
   <div class='ocr_carea' id='block_1_4' title="bbox 454 495 2199 572">
    <p class='ocr_par' dir='ltr' id='par_1_4' title="bbox 454 495 2199 569">
     <span class='ocr_line' id='line_1_4' title="bbox 454 495 2199 569; baseline 0 -19"><span class='ocrx_word' id='word_1_5' title='bbox 454 495 714 562; x_wconf 79' lang='grc' dir='ltr'>σώζουσα</span> <span class='ocrx_word' id='word_1_6' title='bbox 763 508 817 549; x_wconf 80' lang='grc' dir='ltr'><strong>το</strong></span> <span class='ocrx_word' id='word_1_7' title='bbox 879 497 1155 568; x_wconf 86' lang='grc' dir='ltr'>προσῆκον</span> <span class='ocrx_word' id='word_1_8' title='bbox 1216 498 1365 566; x_wconf 75' lang='grc' dir='ltr'>αύτῷ</span> <span class='ocrx_word' id='word_1_9' title='bbox 1417 497 1632 564; x_wconf 79' lang='grc' dir='ltr'>ἑκάστῳ</span> <span class='ocrx_word' id='word_1_10' title='bbox 1689 500 1868 566; x_wconf 71' lang='grc' dir='ltr'>ἡμῶν,</span> <span class='ocrx_word' id='word_1_11' title='bbox 1901 499 2039 569; x_wconf 84' lang='grc' dir='ltr'>ὅπερ</span> <span class='ocrx_word' id='word_1_12' title='bbox 2069 505 2112 559; x_wconf 76' lang='grc' dir='ltr'><strong>Α</strong></span> <span class='ocrx_word' id='word_1_13' title='bbox 2143 515 2199 565; x_wconf 80' lang='grc' dir='ltr'><strong>ιιι</strong></span> 
     </span>
    </p>
   </div>
   <div class='ocr_carea' id='block_1_5' title="bbox 1926 495 3671 572">
    <p class='ocr_par' dir='ltr' id='par_1_5' title="bbox 1926 500 3671 572">
     <span class='ocr_line' id='line_1_5' title="bbox 1926 500 3671 572; baseline 0.007 -27"><span class='ocrx_word' id='word_1_14' title='bbox 1926 502 2039 569; x_wconf 66' lang='lat' dir='ltr'><strong>map</strong></span> <span class='ocrx_word' id='word_1_15' title='bbox 2069 505 2112 559; x_wconf 76' lang='grc' dir='ltr'><strong>Α</strong></span> <span class='ocrx_word' id='word_1_16' title='bbox 2143 500 2325 565; x_wconf 82' lang='lat' dir='ltr'><strong>qualia</strong></span> <span class='ocrx_word' id='word_1_17' title='bbox 2363 515 2522 554; x_wconf 78' lang='lat' dir='ltr'><strong>servo</strong></span> <span class='ocrx_word' id='word_1_18' title='bbox 2555 508 2608 554; x_wconf 90' lang='lat' dir='ltr'><strong>ct</strong></span> <span class='ocrx_word' id='word_1_19' title='bbox 2642 501 2793 568; x_wconf 88' lang='lat' dir='ltr'><strong>operi</strong></span> <span class='ocrx_word' id='word_1_20' title='bbox 2828 516 2955 572; x_wconf 68' lang='lat' dir='ltr'><strong>erga</strong></span> <span class='ocrx_word' id='word_1_21' title='bbox 2987 501 3268 554; x_wconf 81' lang='lat' dir='ltr'><strong>dominum</strong></span> <span class='ocrx_word' id='word_1_22' title='bbox 3320 511 3372 555; x_wconf 87' lang='lat' dir='ltr'><strong>et</strong></span> <span class='ocrx_word' id='word_1_23' title='bbox 3421 503 3671 570; x_wconf 85' lang='lat' dir='ltr'><strong>opiticem</strong></span> 
     </span>
    </p>
   </div>
   <div class='ocr_carea' id='block_1_6' title="bbox 461 577 2033 660">
    <p class='ocr_par' dir='ltr' id='par_1_6' title="bbox 461 577 2033 660">
     <span class='ocr_line' id='line_1_6' title="bbox 461 577 2033 660; baseline 0.003 -21"><span class='ocrx_word' id='word_1_24' title='bbox 461 577 809 657; x_wconf 48' lang='grc' dir='ltr'>ἑσμὲνξπρδς</span> <span class='ocrx_word' id='word_1_25' title='bbox 836 589 1084 644; x_wconf 79' lang='grc' dir='ltr'>ἑκαστον.</span> <span class='ocrx_word' id='word_1_26' title='bbox 1131 591 1286 643; x_wconf 71' lang='grc' dir='ltr'>Ἐπεὶ</span> <span class='ocrx_word' id='word_1_27' title='bbox 1326 590 1386 642; x_wconf 83' lang='grc' dir='ltr'>δὲ</span> <span class='ocrx_word' id='word_1_28' title='bbox 1416 589 1538 643; x_wconf 84' lang='grc' dir='ltr'>καθ’</span> <span class='ocrx_word' id='word_1_29' title='bbox 1562 590 1721 642; x_wconf 75' lang='grc' dir='ltr'>αὐτὸν</span> <span class='ocrx_word' id='word_1_30' title='bbox 1747 592 2033 660; x_wconf 83' lang='grc' dir='ltr'>ἄνθρωπος</span> 
     </span>
    </p>
   </div>
   <div class='ocr_carea' id='block_1_7' title="bbox 459 680 2038 750">
    <p class='ocr_par' dir='ltr' id='par_1_7' title="bbox 459 680 2038 750">
     <span class='ocr_line' id='line_1_7' title="bbox 459 680 2038 750; baseline 0.003 -20"><span class='ocrx_word' id='word_1_31' title='bbox 459 682 680 744; x_wconf 85' lang='grc' dir='ltr'>γέγονεν</span> <span class='ocrx_word' id='word_1_32' title='bbox 709 681 809 732; x_wconf 72' lang='grc' dir='ltr'>οὐκ</span> <span class='ocrx_word' id='word_1_33' title='bbox 841 680 971 733; x_wconf 79' lang='grc' dir='ltr'>ἄλλο</span> <span class='ocrx_word' id='word_1_34' title='bbox 999 698 1051 732; x_wconf 88' lang='grc' dir='ltr'><strong>τι</strong></span> <span class='ocrx_word' id='word_1_35' title='bbox 1087 681 1323 748; x_wconf 85' lang='grc' dir='ltr'>μάλιστα</span> <span class='ocrx_word' id='word_1_36' title='bbox 1348 681 1388 747; x_wconf 67' lang='grc' dir='ltr'>ιῆ</span> <span class='ocrx_word' id='word_1_37' title='bbox 1423 681 1638 746; x_wconf 83' lang='grc' dir='ltr'>λογικόν</span> <span class='ocrx_word' id='word_1_38' title='bbox 1669 699 1718 732; x_wconf 83' lang='grc' dir='ltr'><strong>τι</strong></span> <span class='ocrx_word' id='word_1_39' title='bbox 1752 683 1912 746; x_wconf 73' lang='grc' dir='ltr'>ζῶον,</span> <span class='ocrx_word' id='word_1_40' title='bbox 1944 684 2038 750; x_wconf 80' lang='grc' dir='ltr'><strong>δῆ⁹</strong></span> 
     </span>
    </p>
   </div>
   <div class='ocr_carea' id='block_1_8' title="bbox 459 759 2036 843">
    <p class='ocr_par' dir='ltr' id='par_1_8' title="bbox 459 759 2036 843">
     <span class='ocr_line' id='line_1_8' title="bbox 459 759 2036 843; baseline 0.004 -23"><span class='ocrx_word' id='word_1_41' title='bbox 459 771 549 822; x_wconf 89' lang='grc' dir='ltr'><strong>λον</strong></span> <span class='ocrx_word' id='word_1_42' title='bbox 567 771 630 839; x_wconf 80' lang='grc' dir='ltr'>δὴ</span> <span class='ocrx_word' id='word_1_43' title='bbox 665 773 741 834; x_wconf 86' lang='grc' dir='ltr'><strong>ὡς</strong></span> <span class='ocrx_word' id='word_1_44' title='bbox 772 759 973 839; x_wconf 83' lang='grc' dir='ltr'>θεωρός</span> <span class='ocrx_word' id='word_1_45' title='bbox 1010 788 1092 834; x_wconf 87' lang='grc' dir='ltr'><strong>τις</strong></span> <span class='ocrx_word' id='word_1_46' title='bbox 1139 761 1362 841; x_wconf 74' lang='grc' dir='ltr'>οἷόνπερ</span> <span class='ocrx_word' id='word_1_47' title='bbox 1401 775 1460 825; x_wconf 86' lang='grc' dir='ltr'><strong>ἑν</strong></span> <span class='ocrx_word' id='word_1_48' title='bbox 1506 773 1839 842; x_wconf 74' lang='grc' dir='ltr'><strong>πανηγύρει,</strong></span> <span class='ocrx_word' id='word_1_49' title='bbox 1901 774 2036 843; x_wconf 78' lang='grc' dir='ltr'>τῷδε</span> 
     </span>
    </p>
   </div>
   <div class='ocr_carea' id='block_1_9' title="bbox 458 861 2038 934">
    <p class='ocr_par' dir='ltr' id='par_1_9' title="bbox 458 861 2038 934">
     <span class='ocr_line' id='line_1_9' title="bbox 458 861 2038 934; baseline 0.003 -22"><span class='ocrx_word' id='word_1_50' title='bbox 458 861 535 930; x_wconf 84' lang='grc' dir='ltr'>τῷ</span> <span class='ocrx_word' id='word_1_51' title='bbox 566 864 730 914; x_wconf 86' lang='grc' dir='ltr'>παντὶ</span> <span class='ocrx_word' id='word_1_52' title='bbox 759 864 1032 931; x_wconf 75' lang='grc' dir='ltr'><strong>εἰσῆκται,</strong></span> <span class='ocrx_word' id='word_1_53' title='bbox 1087 863 1516 931; x_wconf 72' lang='grc' dir='ltr'><strong>ἐπισκεψόμενος</strong></span> <span class='ocrx_word' id='word_1_54' title='bbox 1570 865 1648 926; x_wconf 82' lang='grc' dir='ltr'><strong>είς</strong></span> <span class='ocrx_word' id='word_1_55' title='bbox 1681 865 1915 934; x_wconf 84' lang='grc' dir='ltr'>δύναμιν</span> <span class='ocrx_word' id='word_1_56' title='bbox 1945 866 2038 918; x_wconf 77' lang='grc' dir='ltr'>καὶ</span> 
     </span>
    </p>
   </div>
   <div class='ocr_carea' id='block_1_10' title="bbox 460 951 2035 1022">
    <p class='ocr_par' dir='ltr' id='par_1_10' title="bbox 460 951 2035 1022">
     <span class='ocr_line' id='line_1_10' title="bbox 460 951 2035 1022; baseline 0.003 -20"><span class='ocrx_word' id='word_1_57' title='bbox 460 951 750 1021; x_wconf 83' lang='grc' dir='ltr'><strong>θεωρήσων</strong></span> <span class='ocrx_word' id='word_1_58' title='bbox 807 952 859 1005; x_wconf 89' lang='grc' dir='ltr'><strong>τί</strong></span> <span class='ocrx_word' id='word_1_59' title='bbox 894 953 953 1004; x_wconf 83' lang='grc' dir='ltr'>τέ</span> <span class='ocrx_word' id='word_1_60' title='bbox 986 953 1105 1005; x_wconf 84' lang='grc' dir='ltr'>ἑστι</span> <span class='ocrx_word' id='word_1_61' title='bbox 1159 954 1268 1005; x_wconf 81' lang='grc' dir='ltr'>τῶν</span> <span class='ocrx_word' id='word_1_62' title='bbox 1307 953 1475 1006; x_wconf 80' lang='grc' dir='ltr'>όντων</span> <span class='ocrx_word' id='word_1_63' title='bbox 1509 953 1762 1020; x_wconf 71' lang='grc' dir='ltr'>ἕκαστον,</span> <span class='ocrx_word' id='word_1_64' title='bbox 1829 953 1925 1006; x_wconf 72' lang='grc' dir='ltr'><strong>καὶ</strong></span> <span class='ocrx_word' id='word_1_65' title='bbox 1957 951 2035 1022; x_wconf 83' lang='grc' dir='ltr'>πῆ</span> 
     </span>
    </p>
   </div>
   <div class='ocr_carea' id='block_1_11' title="bbox 459 1043 2034 1115">
    <p class='ocr_par' dir='ltr' id='par_1_11' title="bbox 459 1043 2034 1115">
     <span class='ocr_line' id='line_1_11' title="bbox 459 1043 2034 1115; baseline 0.003 -19"><span class='ocrx_word' id='word_1_66' title='bbox 459 1062 597 1097; x_wconf 88' lang='grc' dir='ltr'>ποτε·</span> <span class='ocrx_word' id='word_1_67' title='bbox 625 1047 760 1115; x_wconf 62' lang='grc' dir='ltr'>πρὶς</span> <span class='ocrx_word' id='word_1_68' title='bbox 793 1043 996 1110; x_wconf 82' lang='grc' dir='ltr'>ἄλληλα</span> <span class='ocrx_word' id='word_1_69' title='bbox 1032 1045 1166 1114; x_wconf 75' lang='grc' dir='ltr'>ἔχει,</span> <span class='ocrx_word' id='word_1_70' title='bbox 1211 1048 1304 1098; x_wconf 72' lang='grc' dir='ltr'>καὶ</span> <span class='ocrx_word' id='word_1_71' title='bbox 1342 1047 1429 1099; x_wconf 72' lang='grc' dir='ltr'>διὰ</span> <span class='ocrx_word' id='word_1_72' title='bbox 1459 1046 1513 1098; x_wconf 89' lang='grc' dir='ltr'><strong>τί</strong></span> <span class='ocrx_word' id='word_1_73' title='bbox 1542 1045 1753 1099; x_wconf 71' lang='grc' dir='ltr'>ἕκαστα</span> <span class='ocrx_word' id='word_1_74' title='bbox 1787 1046 2034 1114; x_wconf 87' lang='grc' dir='ltr'>γίγνεται</span> 
     </span>
    </p>
   </div>
   <div class='ocr_carea' id='block_1_12' title="bbox 457 1134 2036 1204">
    <p class='ocr_par' dir='ltr' id='par_1_12' title="bbox 457 1134 2036 1204">
     <span class='ocr_line' id='line_1_12' title="bbox 457 1134 2036 1204; baseline 0.003 -20"><span class='ocrx_word' id='word_1_75' title='bbox 457 1134 563 1186; x_wconf 79' lang='grc' dir='ltr'>τῶν</span> <span class='ocrx_word' id='word_1_76' title='bbox 594 1135 950 1204; x_wconf 72' lang='grc' dir='ltr'>γιγνομὲνων.</span> <span class='ocrx_word' id='word_1_77' title='bbox 986 1135 1084 1204; x_wconf 85' lang='grc' dir='ltr'><strong>Εἴη</strong></span> <span class='ocrx_word' id='word_1_78' title='bbox 1115 1151 1174 1187; x_wconf 90' lang='grc' dir='ltr'><strong>τε</strong></span> <span class='ocrx_word' id='word_1_79' title='bbox 1208 1134 1273 1187; x_wconf 79' lang='grc' dir='ltr'>ἂν</span> <span class='ocrx_word' id='word_1_80' title='bbox 1312 1138 1407 1187; x_wconf 79' lang='grc' dir='ltr'>καὶ</span> <span class='ocrx_word' id='word_1_81' title='bbox 1444 1134 1601 1187; x_wconf 85' lang='grc' dir='ltr'>τοῦτο</span> <span class='ocrx_word' id='word_1_82' title='bbox 1637 1137 1925 1204; x_wconf 82' lang='grc' dir='ltr'>φρόνησις,</span> <span class='ocrx_word' id='word_1_83' title='bbox 1975 1137 2036 1189; x_wconf 78' lang='grc' dir='ltr'>τὸ</span> 
     </span>
    </p>
   </div>
   <div class='ocr_carea' id='block_1_13' title="bbox 458 1227 2034 1298">
    <p class='ocr_par' dir='ltr' id='par_1_13' title="bbox 458 1227 2034 1298">
     <span class='ocr_line' id='line_1_13' title="bbox 458 1227 2034 1298; baseline 0.004 -24"><span class='ocrx_word' id='word_1_84' title='bbox 458 1227 641 1278; x_wconf 70' lang='grc' dir='ltr'>λοιπὸν</span> <span class='ocrx_word' id='word_1_85' title='bbox 675 1227 768 1280; x_wconf 74' lang='grc' dir='ltr'><strong>καὶ</strong></span> <span class='ocrx_word' id='word_1_86' title='bbox 793 1227 1121 1280; x_wconf 77' lang='grc' dir='ltr'><strong>τελεώτατον</strong></span> <span class='ocrx_word' id='word_1_87' title='bbox 1172 1227 1362 1296; x_wconf 79' lang='grc' dir='ltr'>μόριον</span> <span class='ocrx_word' id='word_1_88' title='bbox 1407 1229 1630 1297; x_wconf 76' lang='grc' dir='ltr'>ἀρετῆς,</span> <span class='ocrx_word' id='word_1_89' title='bbox 1695 1229 1810 1292; x_wconf 80' lang='grc' dir='ltr'>ἑξις</span> <span class='ocrx_word' id='word_1_90' title='bbox 1856 1228 2034 1298; x_wconf 76' lang='grc' dir='ltr'>ψυχῆς</span> 
     </span>
    </p>
   </div>
   <div class='ocr_carea' id='block_1_14' title="bbox 460 1313 2029 1395">
    <p class='ocr_par' dir='ltr' id='par_1_14' title="bbox 460 1313 2029 1395">
     <span class='ocr_line' id='line_1_14' title="bbox 460 1313 2029 1395; baseline 0.002 -27"><span class='ocrx_word' id='word_1_91' title='bbox 460 1317 768 1387; x_wconf 79' lang='grc' dir='ltr'>θεωρητικὴ</span> <span class='ocrx_word' id='word_1_92' title='bbox 814 1317 923 1369; x_wconf 86' lang='grc' dir='ltr'><strong>τῶν</strong></span> <span class='ocrx_word' id='word_1_93' title='bbox 947 1317 1141 1381; x_wconf 73' lang='grc' dir='ltr'>ὄντων,</span> <span class='ocrx_word' id='word_1_94' title='bbox 1164 1313 1310 1390; x_wconf 79' lang='grc' dir='ltr'>ᾖπέρ</span> <span class='ocrx_word' id='word_1_95' title='bbox 1342 1321 1490 1370; x_wconf 77' lang='grc' dir='ltr'>ἑστιν</span> <span class='ocrx_word' id='word_1_96' title='bbox 1523 1316 1753 1372; x_wconf 69' lang='grc' dir='ltr'>ἕκαστα.</span> <span class='ocrx_word' id='word_1_97' title='bbox 1788 1318 1940 1395; x_wconf 76' lang='grc' dir='ltr'>Εἶναί</span> <span class='ocrx_word' id='word_1_98' title='bbox 1968 1336 2029 1372; x_wconf 88' lang='grc' dir='ltr'><strong>τε</strong></span> 
     </span>
    </p>
   </div>
   <div class='ocr_carea' id='block_1_15' title="bbox 458 1391 2033 1478">
    <p class='ocr_par' dir='ltr' id='par_1_15' title="bbox 458 1391 2033 1478">
     <span class='ocr_line' id='line_1_15' title="bbox 458 1391 2033 1478; baseline 0.002 -19"><span class='ocrx_word' id='word_1_99' title='bbox 458 1393 688 1478; x_wconf 80' lang='grc' dir='ltr'>τέτταρα</span> <span class='ocrx_word' id='word_1_100' title='bbox 717 1407 815 1477; x_wconf 73' lang='grc' dir='ltr'>μὲν</span> <span class='ocrx_word' id='word_1_101' title='bbox 844 1409 912 1462; x_wconf 77' lang='grc' dir='ltr'><strong>τά</strong></span> <span class='ocrx_word' id='word_1_102' title='bbox 954 1393 1186 1478; x_wconf 79' lang='grc' dir='ltr'>μέγιστα</span> <span class='ocrx_word' id='word_1_103' title='bbox 1247 1410 1413 1478; x_wconf 86' lang='grc' dir='ltr'>μόρια</span> <span class='ocrx_word' id='word_1_104' title='bbox 1481 1409 1703 1478; x_wconf 75' lang='grc' dir='ltr'>ἀρετῆς,</span> <span class='ocrx_word' id='word_1_105' title='bbox 1747 1391 2033 1478; x_wconf 56' lang='grc' dir='ltr'>σωφροσύ-</span> 
     </span>
    </p>
   </div>
   <div class='ocr_carea' id='block_1_16' title="bbox 458 1497 2035 1570">
    <p class='ocr_par' dir='ltr' id='par_1_16' title="bbox 458 1497 2035 1570">
     <span class='ocr_line' id='line_1_16' title="bbox 458 1497 2035 1570; baseline 0.002 -18"><span class='ocrx_word' id='word_1_106' title='bbox 458 1518 574 1569; x_wconf 89' lang='grc' dir='ltr'>νην,</span> <span class='ocrx_word' id='word_1_107' title='bbox 607 1501 850 1570; x_wconf 79' lang='grc' dir='ltr'>άνδρίαν,</span> <span class='ocrx_word' id='word_1_108' title='bbox 885 1497 1260 1568; x_wconf 80' lang='grc' dir='ltr'>δικαιοσύνην.</span> <span class='ocrx_word' id='word_1_109' title='bbox 1321 1502 1610 1570; x_wconf 86' lang='grc' dir='ltr'>φρόνησιν.</span> <span class='ocrx_word' id='word_1_110' title='bbox 1644 1501 1868 1569; x_wconf 80' lang='grc' dir='ltr'><strong>Τούτων</strong></span> <span class='ocrx_word' id='word_1_111' title='bbox 1893 1502 1946 1554; x_wconf 85' lang='grc' dir='ltr'><strong>’δ’</strong></span> <span class='ocrx_word' id='word_1_112' title='bbox 1969 1502 2035 1555; x_wconf 77' lang='grc' dir='ltr'><strong>αὖ</strong></span> 
     </span>
    </p>
   </div>
   <div class='ocr_carea' id='block_1_17' title="bbox 458 1578 2045 1663">
    <p class='ocr_par' dir='ltr' id='par_1_17' title="bbox 458 1578 2045 1663">
     <span class='ocr_line' id='line_1_17' title="bbox 458 1578 2045 1663; baseline 0.001 -20"><span class='ocrx_word' id='word_1_113' title='bbox 458 1593 689 1650; x_wconf 78' lang='grc' dir='ltr'><strong>ἑκάστου</strong></span> <span class='ocrx_word' id='word_1_114' title='bbox 716 1591 840 1663; x_wconf 80' lang='grc' dir='ltr'>τρία</span> <span class='ocrx_word' id='word_1_115' title='bbox 873 1578 1042 1661; x_wconf 79' lang='grc' dir='ltr'>μόρια</span> <span class='ocrx_word' id='word_1_116' title='bbox 1093 1593 1202 1644; x_wconf 83' lang='grc' dir='ltr'>δεῖν</span> <span class='ocrx_word' id='word_1_117' title='bbox 1235 1589 1396 1656; x_wconf 81' lang='grc' dir='ltr'>εἶναι,</span> <span class='ocrx_word' id='word_1_118' title='bbox 1427 1593 1656 1661; x_wconf 80' lang='grc' dir='ltr'>πρῶτον·</span> <span class='ocrx_word' id='word_1_119' title='bbox 1689 1589 1789 1658; x_wconf 71' lang='grc' dir='ltr'><strong>μὲν</strong></span> <span class='ocrx_word' id='word_1_120' title='bbox 1824 1607 2045 1661; x_wconf 85' lang='grc' dir='ltr'>σωφρο-</span> 
     </span>
    </p>
   </div>
   <div class='ocr_carea' id='block_1_18' title="bbox 461 1698 649 1753">
    <p class='ocr_par' dir='ltr' id='par_1_18' title="bbox 461 1698 649 1753">
     <span class='ocr_line' id='line_1_18' title="bbox 461 1698 649 1753; baseline -0.005 -18"><span class='ocrx_word' id='word_1_121' title='bbox 461 1698 649 1753; x_wconf 86' lang='grc' dir='ltr'>συνης.</span> 
     </span>
    </p>
   </div>
   <div class='ocr_carea' id='block_1_19' title="bbox 2148 589 3716 657">
    <p class='ocr_par' dir='ltr' id='par_1_19' title="bbox 2148 589 3716 657">
     <span class='ocr_line' id='line_1_19' title="bbox 2148 589 3716 657; baseline 0.002 -17"><span class='ocrx_word' id='word_1_122' title='bbox 2148 591 2192 640; x_wconf 89' lang='lat' dir='ltr'><strong>si</strong></span> <span class='ocrx_word' id='word_1_123' title='bbox 2221 589 2342 654; x_wconf 83' lang='lat' dir='ltr'><strong>quis</strong></span> <span class='ocrx_word' id='word_1_124' title='bbox 2375 590 2612 656; x_wconf 76' lang='lat' dir='ltr'><strong>inquam&#39;</strong></span> <span class='ocrx_word' id='word_1_125' title='bbox 2631 589 2744 642; x_wconf 64' lang='lat' dir='ltr'><strong>haec</strong></span> <span class='ocrx_word' id='word_1_126' title='bbox 2776 589 2851 641; x_wconf 77' lang='lat' dir='ltr'><strong>ita</strong></span> <span class='ocrx_word' id='word_1_127' title='bbox 2888 601 3136 657; x_wconf 57' lang='lat' dir='ltr'><strong>pra-stet,</strong></span> <span class='ocrx_word' id='word_1_128' title='bbox 3163 597 3295 653; x_wconf 66' lang='lat' dir='ltr'><strong>dum</strong></span> <span class='ocrx_word' id='word_1_129' title='bbox 3351 589 3481 642; x_wconf 88' lang='lat' dir='ltr'><strong>illud</strong></span> <span class='ocrx_word' id='word_1_130' title='bbox 3527 605 3716 644; x_wconf 79' lang='lat' dir='ltr'><strong>secum</strong></span> 
     </span>
    </p>
   </div>
   <div class='ocr_carea' id='block_1_20' title="bbox 2147 680 3716 748">
    <p class='ocr_par' dir='ltr' id='par_1_20' title="bbox 2147 680 3716 748">
     <span class='ocr_line' id='line_1_20' title="bbox 2147 680 3716 748; baseline 0.001 -18"><span class='ocrx_word' id='word_1_131' title='bbox 2147 694 2371 743; x_wconf 87' lang='lat' dir='ltr'><strong>munus,</strong></span> <span class='ocrx_word' id='word_1_132' title='bbox 2404 695 2510 748; x_wconf 84' lang='lat' dir='ltr'><strong>quo</strong></span> <span class='ocrx_word' id='word_1_133' title='bbox 2545 680 2846 748; x_wconf 85' lang='lat' dir='ltr'><strong>unicuique</strong></span> <span class='ocrx_word' id='word_1_134' title='bbox 2873 680 3166 735; x_wconf 83' lang='lat' dir='ltr'><strong>obstrictus</strong></span> <span class='ocrx_word' id='word_1_135' title='bbox 3196 681 3580 747; x_wconf 87' lang='lat' dir='ltr'><strong>est,tnebitur,</strong></span> <span class='ocrx_word' id='word_1_136' title='bbox 3602 691 3716 735; x_wconf 91' lang='lat' dir='ltr'><strong>tum</strong></span> 
     </span>
    </p>
   </div>
   <div class='ocr_carea' id='block_1_21' title="bbox 2148 769 3714 840">
    <p class='ocr_par' dir='ltr' id='par_1_21' title="bbox 2148 769 3714 840">
     <span class='ocr_line' id='line_1_21' title="bbox 2148 769 3714 840; baseline 0.001 -19"><span class='ocrx_word' id='word_1_137' title='bbox 2148 769 2312 822; x_wconf 86' lang='lat' dir='ltr'><strong>Deum</strong></span> <span class='ocrx_word' id='word_1_138' title='bbox 2363 781 2640 838; x_wconf 78' lang='lat' dir='ltr'><strong>sequetur,</strong></span> <span class='ocrx_word' id='word_1_139' title='bbox 2694 787 3050 840; x_wconf 72' lang='lat' dir='ltr'><strong>perseverans</strong></span> <span class='ocrx_word' id='word_1_140' title='bbox 3113 773 3167 826; x_wconf 93' lang='lat' dir='ltr'><strong>in</strong></span> <span class='ocrx_word' id='word_1_141' title='bbox 3226 786 3290 825; x_wconf 88' lang='lat' dir='ltr'><strong>ea</strong></span> <span class='ocrx_word' id='word_1_142' title='bbox 3339 773 3574 826; x_wconf 73' lang='lat' dir='ltr'><strong>statione</strong></span> <span class='ocrx_word' id='word_1_143' title='bbox 3606 787 3714 839; x_wconf 84' lang='lat' dir='ltr'><strong>qua</strong></span> 
     </span>
    </p>
   </div>
   <div class='ocr_carea' id='block_1_22' title="bbox 2144 861 3714 932">
    <p class='ocr_par' dir='ltr' id='par_1_22' title="bbox 2144 861 3714 932">
     <span class='ocr_line' id='line_1_22' title="bbox 2144 861 3714 932; baseline 0.001 -19"><span class='ocrx_word' id='word_1_144' title='bbox 2144 861 2375 915; x_wconf 88' lang='lat' dir='ltr'><strong>collatus</strong></span> <span class='ocrx_word' id='word_1_145' title='bbox 2398 872 2504 927; x_wconf 85' lang='lat' dir='ltr'><strong>est,</strong></span> <span class='ocrx_word' id='word_1_146' title='bbox 2527 870 2648 914; x_wconf 88' lang='lat' dir='ltr'><strong>tum-</strong></span> <span class='ocrx_word' id='word_1_147' title='bbox 2673 863 2726 915; x_wconf 90' lang='lat' dir='ltr'><strong>in</strong></span> <span class='ocrx_word' id='word_1_148' title='bbox 2747 863 2950 931; x_wconf 87' lang='lat' dir='ltr'><strong>optimo</strong></span> <span class='ocrx_word' id='word_1_149' title='bbox 2973 864 3073 915; x_wconf 89' lang='lat' dir='ltr'><strong>erit</strong></span> <span class='ocrx_word' id='word_1_150' title='bbox 3105 872 3250 917; x_wconf 90' lang='lat' dir='ltr'><strong>statu</strong></span> <span class='ocrx_word' id='word_1_151' title='bbox 3274 862 3418 916; x_wconf 86' lang='lat' dir='ltr'><strong>velut</strong></span> <span class='ocrx_word' id='word_1_152' title='bbox 3461 865 3508 918; x_wconf 91' lang='lat' dir='ltr'><strong>is</strong></span> <span class='ocrx_word' id='word_1_153' title='bbox 3535 864 3627 932; x_wconf 86' lang='lat' dir='ltr'><strong>qui</strong></span> <span class='ocrx_word' id='word_1_154' title='bbox 3662 862 3714 915; x_wconf 91' lang='lat' dir='ltr'><strong>id</strong></span> 
     </span>
    </p>
   </div>
   <div class='ocr_carea' id='block_1_23' title="bbox 2141 949 3717 1022">
    <p class='ocr_par' dir='ltr' id='par_1_23' title="bbox 2141 949 3717 1022">
     <span class='ocr_line' id='line_1_23' title="bbox 2141 949 3717 1022; baseline 0.002 -17"><span class='ocrx_word' id='word_1_155' title='bbox 2141 953 2284 1018; x_wconf 87' lang='lat' dir='ltr'><strong>quod</strong></span> <span class='ocrx_word' id='word_1_156' title='bbox 2334 949 2597 1021; x_wconf 88' lang='lat' dir='ltr'><strong>optimum</strong></span> <span class='ocrx_word' id='word_1_157' title='bbox 2634 964 2720 1008; x_wconf 90' lang='lat' dir='ltr'><strong>cst</strong></span> <span class='ocrx_word' id='word_1_158' title='bbox 2787 955 3056 1022; x_wconf 88' lang='lat' dir='ltr'><strong>sequitur.</strong></span> <span class='ocrx_word' id='word_1_159' title='bbox 3107 955 3220 1008; x_wconf 85' lang='lat' dir='ltr'><strong>Erit</strong></span> <span class='ocrx_word' id='word_1_160' title='bbox 3261 964 3439 1008; x_wconf 89' lang='lat' dir='ltr'><strong>autem</strong></span> <span class='ocrx_word' id='word_1_161' title='bbox 3477 970 3602 1022; x_wconf 90' lang='lat' dir='ltr'><strong>pars</strong></span> <span class='ocrx_word' id='word_1_162' title='bbox 3651 970 3717 1008; x_wconf 85' lang='lat' dir='ltr'><strong>ea</strong></span> 
     </span>
    </p>
   </div>
   <div class='ocr_carea' id='block_1_24' title="bbox 2146 1045 3718 1115">
    <p class='ocr_par' dir='ltr' id='par_1_24' title="bbox 2146 1045 3718 1115">
     <span class='ocr_line' id='line_1_24' title="bbox 2146 1045 3718 1115; baseline 0.003 -21"><span class='ocrx_word' id='word_1_163' title='bbox 2146 1045 2364 1098; x_wconf 85' lang='lat' dir='ltr'><strong>virtutis</strong></span> <span class='ocrx_word' id='word_1_164' title='bbox 2392 1046 2630 1112; x_wconf 89' lang='lat' dir='ltr'><strong>justitia,</strong></span> <span class='ocrx_word' id='word_1_165' title='bbox 2658 1062 2780 1115; x_wconf 69' lang='lat' dir='ltr'><strong>quae</strong></span> <span class='ocrx_word' id='word_1_166' title='bbox 2814 1046 3032 1100; x_wconf 86' lang='lat' dir='ltr'><strong>habitus</strong></span> <span class='ocrx_word' id='word_1_167' title='bbox 3063 1047 3230 1100; x_wconf 88' lang='lat' dir='ltr'><strong>animi</strong></span> <span class='ocrx_word' id='word_1_168' title='bbox 3272 1058 3374 1111; x_wconf 71' lang='lat' dir='ltr'><strong>est,</strong></span> <span class='ocrx_word' id='word_1_169' title='bbox 3403 1045 3458 1100; x_wconf 86' lang='lat' dir='ltr'><strong>id</strong></span> <span class='ocrx_word' id='word_1_170' title='bbox 3491 1061 3718 1100; x_wconf 66' lang='lat' dir='ltr'><strong>conser-</strong></span> 
     </span>
    </p>
   </div>
   <div class='ocr_carea' id='block_1_25' title="bbox 2146 1136 3717 1206">
    <p class='ocr_par' dir='ltr' id='par_1_25' title="bbox 2146 1136 3717 1206">
     <span class='ocr_line' id='line_1_25' title="bbox 2146 1136 3717 1206; baseline -0.001 -15"><span class='ocrx_word' id='word_1_171' title='bbox 2146 1152 2280 1191; x_wconf 87' lang='lat' dir='ltr'><strong>vans</strong></span> <span class='ocrx_word' id='word_1_172' title='bbox 2311 1137 2455 1204; x_wconf 89' lang='lat' dir='ltr'><strong>quod</strong></span> <span class='ocrx_word' id='word_1_173' title='bbox 2483 1140 2736 1192; x_wconf 82' lang='lat' dir='ltr'><strong>coovenit</strong></span> <span class='ocrx_word' id='word_1_174' title='bbox 2775 1137 3071 1206; x_wconf 85' lang='lat' dir='ltr'><strong>unicuique</strong></span> <span class='ocrx_word' id='word_1_175' title='bbox 3090 1147 3365 1203; x_wconf 85' lang='lat' dir='ltr'><strong>nostrum,</strong></span> <span class='ocrx_word' id='word_1_176' title='bbox 3395 1139 3448 1192; x_wconf 90' lang='lat' dir='ltr'><strong>in</strong></span> <span class='ocrx_word' id='word_1_177' title='bbox 3476 1153 3543 1193; x_wconf 89' lang='lat' dir='ltr'><strong>eo</strong></span> <span class='ocrx_word' id='word_1_178' title='bbox 3570 1136 3717 1206; x_wconf 91' lang='lat' dir='ltr'><strong>quod</strong></span> 
     </span>
    </p>
   </div>
   <div class='ocr_carea' id='block_1_26' title="bbox 2144 1228 3720 1298">
    <p class='ocr_par' dir='ltr' id='par_1_26' title="bbox 2144 1228 3720 1298">
     <span class='ocr_line' id='line_1_26' title="bbox 2144 1228 3720 1298; baseline -0.001 -17"><span class='ocrx_word' id='word_1_179' title='bbox 2144 1242 2358 1294; x_wconf 80' lang='lat' dir='ltr'><strong>sumus,</strong></span> <span class='ocrx_word' id='word_1_180' title='bbox 2394 1228 2659 1282; x_wconf 73' lang='lat' dir='ltr'><strong>relatione</strong></span> <span class='ocrx_word' id='word_1_181' title='bbox 2695 1230 2759 1283; x_wconf 85' lang='lat' dir='ltr'><strong>ad</strong></span> <span class='ocrx_word' id='word_1_182' title='bbox 2788 1228 3008 1295; x_wconf 79' lang='lat' dir='ltr'><strong>quidvis</strong></span> <span class='ocrx_word' id='word_1_183' title='bbox 3042 1230 3212 1283; x_wconf 83' lang='lat' dir='ltr'><strong>aliud.</strong></span> <span class='ocrx_word' id='word_1_184' title='bbox 3239 1230 3374 1283; x_wconf 88' lang='lat' dir='ltr'><strong>Cum</strong></span> <span class='ocrx_word' id='word_1_185' title='bbox 3407 1239 3586 1283; x_wconf 88' lang='lat' dir='ltr'><strong>autem</strong></span> <span class='ocrx_word' id='word_1_186' title='bbox 3620 1243 3720 1298; x_wconf 82' lang='lat' dir='ltr'><strong>per</strong></span> 
     </span>
    </p>
   </div>
   <div class='ocr_carea' id='block_1_27' title="bbox 2146 1321 3715 1392">
    <p class='ocr_par' dir='ltr' id='par_1_27' title="bbox 2146 1321 3715 1392">
     <span class='ocr_line' id='line_1_27' title="bbox 2146 1321 3715 1392; baseline -0.001 -17"><span class='ocrx_word' id='word_1_187' title='bbox 2146 1335 2204 1375; x_wconf 89' lang='lat' dir='ltr'><strong>se</strong></span> <span class='ocrx_word' id='word_1_188' title='bbox 2237 1321 2398 1375; x_wconf 87' lang='lat' dir='ltr'><strong>homo</strong></span> <span class='ocrx_word' id='word_1_189' title='bbox 2426 1336 2534 1374; x_wconf 91' lang='lat' dir='ltr'><strong>non</strong></span> <span class='ocrx_word' id='word_1_190' title='bbox 2578 1322 2725 1375; x_wconf 85' lang='lat' dir='ltr'><strong>aliud</strong></span> <span class='ocrx_word' id='word_1_191' title='bbox 2763 1322 2875 1376; x_wconf 80' lang='lat' dir='ltr'><strong>fere</strong></span> <span class='ocrx_word' id='word_1_192' title='bbox 2902 1324 2974 1376; x_wconf 89' lang='lat' dir='ltr'><strong>sit</strong></span> <span class='ocrx_word' id='word_1_193' title='bbox 3009 1337 3174 1392; x_wconf 89' lang='lat' dir='ltr'><strong>quam</strong></span> <span class='ocrx_word' id='word_1_194' title='bbox 3206 1323 3408 1377; x_wconf 80' lang='lat' dir='ltr'><strong>animal</strong></span> <span class='ocrx_word' id='word_1_195' title='bbox 3441 1323 3715 1391; x_wconf 80' lang='lat' dir='ltr'><strong>quoddam</strong></span> 
     </span>
    </p>
   </div>
   <div class='ocr_carea' id='block_1_28' title="bbox 2146 1411 3714 1482">
    <p class='ocr_par' dir='ltr' id='par_1_28' title="bbox 2146 1411 3714 1482">
     <span class='ocr_line' id='line_1_28' title="bbox 2146 1411 3714 1482; baseline 0 -18"><span class='ocrx_word' id='word_1_196' title='bbox 2146 1411 2373 1465; x_wconf 85' lang='lat' dir='ltr'><strong>rationis</strong></span> <span class='ocrx_word' id='word_1_197' title='bbox 2395 1413 2683 1482; x_wconf 78' lang='lat' dir='ltr'><strong>particeps,</strong></span> <span class='ocrx_word' id='word_1_198' title='bbox 2728 1415 3074 1481; x_wconf 85' lang='lat' dir='ltr'><strong>perspicuum</strong></span> <span class='ocrx_word' id='word_1_199' title='bbox 3128 1422 3234 1480; x_wconf 87' lang='lat' dir='ltr'><strong>est,</strong></span> <span class='ocrx_word' id='word_1_200' title='bbox 3275 1428 3399 1468; x_wconf 86' lang='lat' dir='ltr'><strong>eum</strong></span> <span class='ocrx_word' id='word_1_201' title='bbox 3456 1421 3714 1481; x_wconf 88' lang='lat' dir='ltr'><strong>tanquam</strong></span> 
     </span>
    </p>
   </div>
   <div class='ocr_carea' id='block_1_29' title="bbox 2112 1500 3711 1573">
    <p class='ocr_par' dir='ltr' id='par_1_29' title="bbox 2112 1500 3711 1573">
     <span class='ocr_line' id='line_1_29' title="bbox 2112 1500 3711 1573; baseline -0.002 -16"><span class='ocrx_word' id='word_1_202' title='bbox 2112 1500 2506 1571; x_wconf 63' lang='lat' dir='ltr'><strong>&#39;Spectatorem</strong></span> <span class='ocrx_word' id='word_1_203' title='bbox 2547 1504 2839 1573; x_wconf 84' lang='lat' dir='ltr'><strong>quemdam</strong></span> <span class='ocrx_word' id='word_1_204' title='bbox 2880 1504 2933 1556; x_wconf 94' lang='lat' dir='ltr'><strong>in</strong></span> <span class='ocrx_word' id='word_1_205' title='bbox 2971 1505 3071 1557; x_wconf 91' lang='lat' dir='ltr'><strong>hoc</strong></span> <span class='ocrx_word' id='word_1_206' title='bbox 3117 1505 3434 1561; x_wconf 86' lang='lat' dir='ltr'><strong>universum</strong></span> <span class='ocrx_word' id='word_1_207' title='bbox 3467 1503 3613 1557; x_wconf 89' lang='lat' dir='ltr'><strong>velut</strong></span> <span class='ocrx_word' id='word_1_208' title='bbox 3655 1502 3711 1555; x_wconf 91' lang='lat' dir='ltr'><strong>in</strong></span> 
     </span>
    </p>
   </div>
   <div class='ocr_carea' id='block_1_30' title="bbox 2144 1594 3718 1661">
    <p class='ocr_par' dir='ltr' id='par_1_30' title="bbox 2144 1594 3718 1661">
     <span class='ocr_line' id='line_1_30' title="bbox 2144 1594 3718 1661; baseline -0.001 -14"><span class='ocrx_word' id='word_1_209' title='bbox 2144 1595 2460 1654; x_wconf 74' lang='lat' dir='ltr'><strong>celebritate</strong></span> <span class='ocrx_word' id='word_1_210' title='bbox 2494 1595 2866 1649; x_wconf 88' lang='lat' dir='ltr'><strong>introductum</strong></span> <span class='ocrx_word' id='word_1_211' title='bbox 2892 1611 3033 1661; x_wconf 90' lang='lat' dir='ltr'><strong>esse,</strong></span> <span class='ocrx_word' id='word_1_212' title='bbox 3070 1605 3128 1648; x_wconf 92' lang='lat' dir='ltr'><strong>ut</strong></span> <span class='ocrx_word' id='word_1_213' title='bbox 3158 1594 3471 1650; x_wconf 77' lang='lat' dir='ltr'><strong>consideret</strong></span> <span class='ocrx_word' id='word_1_214' title='bbox 3497 1601 3549 1648; x_wconf 89' lang='lat' dir='ltr'><strong>et</strong></span> <span class='ocrx_word' id='word_1_215' title='bbox 3585 1608 3718 1646; x_wconf 84' lang='lat' dir='ltr'><strong>con-</strong></span> 
     </span>
    </p>
   </div>
   <div class='ocr_carea' id='block_1_31' title="bbox 2145 1685 3722 1755">
    <p class='ocr_par' dir='ltr' id='par_1_31' title="bbox 2145 1685 3722 1755">
     <span class='ocr_line' id='line_1_31' title="bbox 2145 1685 3722 1755; baseline -0.001 -17"><span class='ocrx_word' id='word_1_216' title='bbox 2145 1687 2437 1753; x_wconf 86' lang='lat' dir='ltr'><strong>tcmpletnr</strong></span> <span class='ocrx_word' id='word_1_217' title='bbox 2466 1699 2564 1754; x_wconf 92' lang='lat' dir='ltr'><strong>pro</strong></span> <span class='ocrx_word' id='word_1_218' title='bbox 2601 1687 2775 1750; x_wconf 86' lang='lat' dir='ltr'><strong>virili,</strong></span> <span class='ocrx_word' id='word_1_219' title='bbox 2807 1687 3067 1755; x_wconf 86' lang='lat' dir='ltr'><strong>quidnam</strong></span> <span class='ocrx_word' id='word_1_220' title='bbox 3098 1686 3168 1741; x_wconf 91' lang='lat' dir='ltr'><strong>sit</strong></span> <span class='ocrx_word' id='word_1_221' title='bbox 3197 1685 3631 1754; x_wconf 87' lang='lat' dir='ltr'><strong>unumquidque,</strong></span> <span class='ocrx_word' id='word_1_222' title='bbox 3662 1692 3722 1737; x_wconf 87' lang='lat' dir='ltr'><strong>et</strong></span> 
     </span>
    </p>
   </div>
   <div class='ocr_carea' id='block_1_32' title="bbox 458 1777 3720 1852">
    <p class='ocr_par' dir='ltr' id='par_1_32' title="bbox 458 1777 3720 1852">
     <span class='ocr_line' id='line_1_32' title="bbox 458 1777 3720 1852; baseline -0.001 -20"><span class='ocrx_word' id='word_1_223' title='bbox 458 1793 567 1848; x_wconf 89' lang='lat' dir='ltr'><strong>quo</strong></span> <span class='ocrx_word' id='word_1_224' title='bbox 598 1791 754 1849; x_wconf 81' lang='lat' dir='ltr'><strong>pacto</strong></span> <span class='ocrx_word' id='word_1_225' title='bbox 796 1794 925 1852; x_wconf 75' lang='lat' dir='ltr'><strong>erga</strong></span> <span class='ocrx_word' id='word_1_226' title='bbox 948 1795 1006 1836; x_wconf 75' lang='lat' dir='ltr'><strong>se</strong></span> <span class='ocrx_word' id='word_1_227' title='bbox 1030 1781 1263 1836; x_wconf 81' lang='lat' dir='ltr'><strong>invicem</strong></span> <span class='ocrx_word' id='word_1_228' title='bbox 1295 1779 1405 1835; x_wconf 87' lang='lat' dir='ltr'><strong>sint</strong></span> <span class='ocrx_word' id='word_1_229' title='bbox 1437 1778 1650 1843; x_wconf 83' lang='lat' dir='ltr'><strong>aﬂ&#39;ecta,</strong></span> <span class='ocrx_word' id='word_1_230' title='bbox 1689 1786 1745 1833; x_wconf 91' lang='lat' dir='ltr'><strong>et</strong></span> <span class='ocrx_word' id='word_1_231' title='bbox 1801 1791 1965 1847; x_wconf 89' lang='lat' dir='ltr'><strong>quam</strong></span> <span class='ocrx_word' id='word_1_232' title='bbox 2019 1778 2089 1830; x_wconf 90' lang='lat' dir='ltr'><strong>ob</strong></span> <span class='ocrx_word' id='word_1_233' title='bbox 2140 1791 2359 1830; x_wconf 82' lang='lat' dir='ltr'><strong>causam</strong></span> <span class='ocrx_word' id='word_1_234' title='bbox 2389 1777 2602 1843; x_wconf 63' lang='lat' dir='ltr'><strong>singula</strong></span> <span class='ocrx_word' id='word_1_235' title='bbox 2654 1795 2775 1847; x_wconf 70' lang='lat' dir='ltr'><strong>qua:</strong></span> <span class='ocrx_word' id='word_1_236' title='bbox 2809 1782 3087 1847; x_wconf 85' lang='lat' dir='ltr'><strong>eveniunt,</strong></span> <span class='ocrx_word' id='word_1_237' title='bbox 3137 1781 3411 1837; x_wconf 84' lang='lat' dir='ltr'><strong>accidant.</strong></span> <span class='ocrx_word' id='word_1_238' title='bbox 3447 1779 3519 1833; x_wconf 86' lang='lat' dir='ltr'><strong>Ea</strong></span> <span class='ocrx_word' id='word_1_239' title='bbox 3554 1791 3720 1846; x_wconf 89' lang='lat' dir='ltr'><strong>porro</strong></span> 
     </span>
    </p>
   </div>
   <div class='ocr_carea' id='block_1_33' title="bbox 461 1871 3716 1946">
    <p class='ocr_par' dir='ltr' id='par_1_33' title="bbox 461 1871 3716 1946">
     <span class='ocr_line' id='line_1_33' title="bbox 461 1871 3716 1946; baseline -0.001 -18"><span class='ocrx_word' id='word_1_240' title='bbox 461 1877 747 1946; x_wconf 87' lang='lat' dir='ltr'><strong>prudentia</strong></span> <span class='ocrx_word' id='word_1_241' title='bbox 805 1877 972 1932; x_wconf 80' lang='lat' dir='ltr'><strong>fuerit</strong></span> <span class='ocrx_word' id='word_1_242' title='bbox 1004 1876 1230 1946; x_wconf 81' lang='lat' dir='ltr'><strong>reliqua</strong></span> <span class='ocrx_word' id='word_1_243' title='bbox 1287 1876 1508 1930; x_wconf 87' lang='lat' dir='ltr'><strong>virtutis</strong></span> <span class='ocrx_word' id='word_1_244' title='bbox 1551 1891 1675 1945; x_wconf 88' lang='lat' dir='ltr'><strong>pars</strong></span> <span class='ocrx_word' id='word_1_245' title='bbox 1713 1882 1769 1930; x_wconf 91' lang='lat' dir='ltr'><strong>et</strong></span> <span class='ocrx_word' id='word_1_246' title='bbox 1816 1871 2236 1943; x_wconf 79' lang='lat' dir='ltr'><strong>perfectissima.</strong></span> <span class='ocrx_word' id='word_1_247' title='bbox 2275 1887 2395 1940; x_wconf 66' lang='lat' dir='ltr'><strong>quae</strong></span> <span class='ocrx_word' id='word_1_248' title='bbox 2450 1881 2533 1927; x_wconf 86' lang='lat' dir='ltr'><strong>est</strong></span> <span class='ocrx_word' id='word_1_249' title='bbox 2586 1874 2804 1929; x_wconf 84' lang='lat' dir='ltr'><strong>habitus</strong></span> <span class='ocrx_word' id='word_1_250' title='bbox 2858 1875 3051 1939; x_wconf 89' lang='lat' dir='ltr'><strong>animi,</strong></span> <span class='ocrx_word' id='word_1_251' title='bbox 3080 1877 3156 1928; x_wconf 81' lang='lat' dir='ltr'><strong>ita</strong></span> <span class='ocrx_word' id='word_1_252' title='bbox 3203 1891 3289 1930; x_wconf 88' lang='lat' dir='ltr'><strong>res</strong></span> <span class='ocrx_word' id='word_1_253' title='bbox 3333 1874 3716 1934; x_wconf 84' lang='lat' dir='ltr'><strong>considerans,</strong></span> 
     </span>
    </p>
   </div>
   <div class='ocr_carea' id='block_1_34' title="bbox 381 1964 3716 2047">
    <p class='ocr_par' dir='ltr' id='par_1_34' title="bbox 381 1964 3716 2047">
     <span class='ocr_line' id='line_1_34' title="bbox 381 1964 3716 2047; baseline -0.002 -25"><span class='ocrx_word' id='word_1_254' title='bbox 381 2004 385 2008; x_wconf 88' lang='lat'><strong><em>-</em></strong></span> <span class='ocrx_word' id='word_1_255' title='bbox 460 1977 622 2038; x_wconf 87' lang='lat' dir='ltr'><strong>prout</strong></span> <span class='ocrx_word' id='word_1_256' title='bbox 661 1984 892 2039; x_wconf 67' lang='lat' dir='ltr'><strong>quaeque</strong></span> <span class='ocrx_word' id='word_1_257' title='bbox 935 1979 1088 2026; x_wconf 87' lang='lat' dir='ltr'><strong>sunt.</strong></span> <span class='ocrx_word' id='word_1_258' title='bbox 1137 1967 1394 2034; x_wconf 78' lang='lat' dir='ltr'><strong>Quatuor</strong></span> <span class='ocrx_word' id='word_1_259' title='bbox 1436 1964 1622 2037; x_wconf 85' lang='lat' dir='ltr'><strong>itaque</strong></span> <span class='ocrx_word' id='word_1_260' title='bbox 1684 1967 1902 2022; x_wconf 88' lang='lat' dir='ltr'><strong>virtutis</strong></span> <span class='ocrx_word' id='word_1_261' title='bbox 1949 1966 2195 2047; x_wconf 70' lang='lat' dir='ltr'><strong>maximae</strong></span> <span class='ocrx_word' id='word_1_262' title='bbox 2228 1975 2409 2032; x_wconf 86' lang='lat' dir='ltr'><strong>partes</strong></span> <span class='ocrx_word' id='word_1_263' title='bbox 2455 1973 2582 2018; x_wconf 88' lang='lat' dir='ltr'><strong>sunt</strong></span> <span class='ocrx_word' id='word_1_264' title='bbox 2634 1967 2921 2030; x_wconf 80' lang='lat' dir='ltr'><strong>modestia,</strong></span> <span class='ocrx_word' id='word_1_265' title='bbox 2956 1967 3242 2032; x_wconf 79' lang='lat' dir='ltr'><strong>fortitudo,</strong></span> <span class='ocrx_word' id='word_1_266' title='bbox 3278 1966 3506 2033; x_wconf 77' lang='lat' dir='ltr'><strong>iustitia,</strong></span> <span class='ocrx_word' id='word_1_267' title='bbox 3581 1979 3716 2034; x_wconf 82' lang='lat' dir='ltr'><strong>prti-</strong></span> 
     </span>
    </p>
   </div>
   <div class='ocr_carea' id='block_1_35' title="bbox 457 2058 3648 2130">
    <p class='ocr_par' dir='ltr' id='par_1_35' title="bbox 457 2058 3648 2130">
     <span class='ocr_line' id='line_1_35' title="bbox 457 2058 3648 2130; baseline -0.003 -12"><span class='ocrx_word' id='word_1_268' title='bbox 457 2064 658 2123; x_wconf 87' lang='lat' dir='ltr'><strong>dentia.</strong></span> <span class='ocrx_word' id='word_1_269' title='bbox 704 2062 918 2118; x_wconf 78' lang='lat' dir='ltr'><strong>Rursus</strong></span> <span class='ocrx_word' id='word_1_270' title='bbox 953 2060 1390 2130; x_wconf 57' lang='lat' dir='ltr'><strong>uniuscujusque</strong></span> <span class='ocrx_word' id='word_1_271' title='bbox 1415 2060 1612 2115; x_wconf 88' lang='lat' dir='ltr'><strong>barum</strong></span> <span class='ocrx_word' id='word_1_272' title='bbox 1645 2059 1913 2114; x_wconf 85' lang='lat' dir='ltr'><strong>virtutum</strong></span> <span class='ocrx_word' id='word_1_273' title='bbox 1945 2065 2054 2110; x_wconf 90' lang='lat' dir='ltr'><strong>tres</strong></span> <span class='ocrx_word' id='word_1_274' title='bbox 2109 2071 2229 2110; x_wconf 79' lang='lat' dir='ltr'><strong>esse</strong></span> <span class='ocrx_word' id='word_1_275' title='bbox 2263 2066 2448 2124; x_wconf 90' lang='lat' dir='ltr'><strong>partes</strong></span> <span class='ocrx_word' id='word_1_276' title='bbox 2496 2072 2719 2112; x_wconf 89' lang='lat' dir='ltr'><strong>necesse</strong></span> <span class='ocrx_word' id='word_1_277' title='bbox 2751 2065 2857 2119; x_wconf 89' lang='lat' dir='ltr'><strong>est,</strong></span> <span class='ocrx_word' id='word_1_278' title='bbox 2882 2073 2944 2112; x_wconf 89' lang='lat' dir='ltr'><strong>ac</strong></span> <span class='ocrx_word' id='word_1_279' title='bbox 2972 2058 3201 2127; x_wconf 88' lang='lat' dir='ltr'><strong>primam</strong></span> <span class='ocrx_word' id='word_1_280' title='bbox 3252 2058 3648 2126; x_wconf 73' lang='lat' dir='ltr'><strong>temperantiae.</strong></span> 
     </span>
    </p>
   </div>
   <div class='ocr_carea' id='block_1_36' title="bbox 541 2147 2286 2227">
    <p class='ocr_par' dir='ltr' id='par_1_36' title="bbox 541 2147 2286 2227">
     <span class='ocr_line' id='line_1_36' title="bbox 541 2147 2286 2227; baseline -0.007 -14"><span class='ocrx_word' id='word_1_281' title='bbox 541 2157 694 2212; x_wconf 82' lang='grc' dir='ltr'>Ἐπεί</span> <span class='ocrx_word' id='word_1_282' title='bbox 725 2157 843 2210; x_wconf 83' lang='grc' dir='ltr'>ἑστι</span> <span class='ocrx_word' id='word_1_283' title='bbox 864 2156 1184 2227; x_wconf 83' lang='grc' dir='ltr'><strong>σωφροσύνη</strong></span> <span class='ocrx_word' id='word_1_284' title='bbox 1216 2155 1516 2224; x_wconf 80' lang='grc' dir='ltr'><strong>αὐτάρκεια</strong></span> <span class='ocrx_word' id='word_1_285' title='bbox 1537 2155 1646 2206; x_wconf 83' lang='grc' dir='ltr'>τῶν</span> <span class='ocrx_word' id='word_1_286' title='bbox 1669 2153 1806 2222; x_wconf 67' lang='grc' dir='ltr'>πρὸς</span> <span class='ocrx_word' id='word_1_287' title='bbox 1827 2151 1918 2204; x_wconf 81' lang='grc' dir='ltr'>τὸν</span> <span class='ocrx_word' id='word_1_288' title='bbox 1937 2150 2049 2221; x_wconf 83' lang='grc' dir='ltr'>βίον</span> <span class='ocrx_word' id='word_1_289' title='bbox 2083 2152 2126 2210; x_wconf 83' lang='grc' dir='ltr'><strong>Β</strong></span> <span class='ocrx_word' id='word_1_290' title='bbox 2226 2147 2286 2214; x_wconf 78' lang='grc' dir='ltr'><strong>ρ.</strong></span> 
     </span>
    </p>
   </div>
   <div class='ocr_carea' id='block_1_37' title="bbox 1966 2147 3711 2227">
    <p class='ocr_par' dir='ltr' id='par_1_37' title="bbox 1966 2147 3711 2220">
     <span class='ocr_line' id='line_1_37' title="bbox 1966 2147 3711 2220; baseline -0.001 -18"><span class='ocrx_word' id='word_1_291' title='bbox 1966 2152 2049 2204; x_wconf 51' lang='grc' dir='ltr'>κίον</span> <span class='ocrx_word' id='word_1_292' title='bbox 2083 2152 2126 2210; x_wconf 82' lang='grc' dir='ltr'><strong>Β</strong></span> <span class='ocrx_word' id='word_1_293' title='bbox 2226 2147 2492 2214; x_wconf 85' lang='lat' dir='ltr'><strong>Quoniam</strong></span> <span class='ocrx_word' id='word_1_294' title='bbox 2523 2158 2702 2204; x_wconf 86' lang='lat' dir='ltr'><strong>autem</strong></span> <span class='ocrx_word' id='word_1_295' title='bbox 2736 2152 3094 2220; x_wconf 79' lang='lat' dir='ltr'><strong>temperantia</strong></span> <span class='ocrx_word' id='word_1_296' title='bbox 3150 2150 3204 2204; x_wconf 92' lang='lat' dir='ltr'><strong>in</strong></span> <span class='ocrx_word' id='word_1_297' title='bbox 3262 2150 3426 2206; x_wconf 87' lang='lat' dir='ltr'><strong>rebus</strong></span> <span class='ocrx_word' id='word_1_298' title='bbox 3450 2151 3514 2203; x_wconf 90' lang='lat' dir='ltr'><strong>ad</strong></span> <span class='ocrx_word' id='word_1_299' title='bbox 3543 2149 3711 2203; x_wconf 88' lang='lat' dir='ltr'><strong>vitam</strong></span> 
     </span>
    </p>
   </div>
   <div class='ocr_carea' id='block_1_38' title="bbox 459 2242 2204 2318">
    <p class='ocr_par' dir='ltr' id='par_1_38' title="bbox 459 2243 2204 2318">
     <span class='ocr_line' id='line_1_38' title="bbox 459 2243 2204 2318; baseline -0.003 -16"><span class='ocrx_word' id='word_1_300' title='bbox 459 2250 794 2315; x_wconf 77' lang='grc' dir='ltr'>ἀναγκαίων,</span> <span class='ocrx_word' id='word_1_301' title='bbox 815 2246 980 2318; x_wconf 80' lang='grc' dir='ltr'>τριῶν</span> <span class='ocrx_word' id='word_1_302' title='bbox 1008 2246 1064 2300; x_wconf 76' lang='grc' dir='ltr'>δὲ</span> <span class='ocrx_word' id='word_1_303' title='bbox 1089 2246 1296 2300; x_wconf 79' lang='grc' dir='ltr'>τούτοιν</span> <span class='ocrx_word' id='word_1_304' title='bbox 1324 2245 1460 2314; x_wconf 68' lang='grc' dir='ltr'>πρὸς</span> <span class='ocrx_word' id='word_1_305' title='bbox 1505 2244 1595 2298; x_wconf 70' lang='grc' dir='ltr'><strong>τὸν</strong></span> <span class='ocrx_word' id='word_1_306' title='bbox 1634 2243 1746 2315; x_wconf 87' lang='grc' dir='ltr'>βίον</span> <span class='ocrx_word' id='word_1_307' title='bbox 1787 2243 2038 2312; x_wconf 83' lang='grc' dir='ltr'>δεόμεθα,</span> <span class='ocrx_word' id='word_1_308' title='bbox 2064 2258 2066 2260; x_wconf 76' lang='lat'><strong>&#39;</strong></span> <span class='ocrx_word' id='word_1_309' title='bbox 2153 2258 2204 2297; x_wconf 72' lang='lat' dir='ltr'><strong>nt</strong></span> 
     </span>
    </p>
   </div>
   <div class='ocr_carea' id='block_1_39' title="bbox 1971 2242 3716 2318">
    <p class='ocr_par' dir='ltr' id='par_1_39' title="bbox 1971 2242 3716 2313">
     <span class='ocr_line' id='line_1_39' title="bbox 1971 2242 3716 2313; baseline 0.001 -22"><span class='ocrx_word' id='word_1_310' title='bbox 1971 2249 2038 2307; x_wconf 79' lang='lat' dir='ltr'><strong>la,</strong></span> <span class='ocrx_word' id='word_1_311' title='bbox 2064 2258 2066 2260; x_wconf 67' lang='lat'><strong>&#39;</strong></span> <span class='ocrx_word' id='word_1_312' title='bbox 2153 2243 2480 2297; x_wconf 74' lang='lat' dir='ltr'><strong>necessariis</strong></span> <span class='ocrx_word' id='word_1_313' title='bbox 2509 2252 2684 2297; x_wconf 86' lang='lat' dir='ltr'><strong>status</strong></span> <span class='ocrx_word' id='word_1_314' title='bbox 2708 2254 2790 2299; x_wconf 91' lang='lat' dir='ltr'><strong>est</strong></span> <span class='ocrx_word' id='word_1_315' title='bbox 2820 2245 3010 2313; x_wconf 78' lang='lat' dir='ltr'><strong>seipso.</strong></span> <span class='ocrx_word' id='word_1_316' title='bbox 3043 2253 3356 2306; x_wconf 90' lang='lat' dir='ltr'><strong>contentus,</strong></span> <span class='ocrx_word' id='word_1_317' title='bbox 3413 2242 3586 2296; x_wconf 89' lang='lat' dir='ltr'><strong>tribus</strong></span> <span class='ocrx_word' id='word_1_318' title='bbox 3617 2257 3716 2294; x_wconf 89' lang='lat' dir='ltr'><strong>an-</strong></span> 
     </span>
    </p>
   </div>
   <div class='ocr_carea' id='block_1_40' title="bbox 462 2333 2207 2413">
    <p class='ocr_par' dir='ltr' id='par_1_40' title="bbox 462 2335 2201 2413">
     <span class='ocr_line' id='line_1_40' title="bbox 462 2335 2201 2413; baseline -0.004 -18"><span class='ocrx_word' id='word_1_319' title='bbox 462 2342 685 2413; x_wconf 79' lang='grc' dir='ltr'>ἡδονῶν,</span> <span class='ocrx_word' id='word_1_320' title='bbox 720 2341 1043 2412; x_wconf 87' lang='grc' dir='ltr'>χρημάτων,</span> <span class='ocrx_word' id='word_1_321' title='bbox 1075 2339 1255 2408; x_wconf 82' lang='grc' dir='ltr'>δόξης·</span> <span class='ocrx_word' id='word_1_322' title='bbox 1281 2339 1367 2409; x_wconf 75' lang='grc' dir='ltr'><strong>ἐφ’</strong></span> <span class='ocrx_word' id='word_1_323' title='bbox 1389 2337 1604 2407; x_wconf 84' lang='grc' dir='ltr'>ἑκάστῳ</span> <span class='ocrx_word' id='word_1_324' title='bbox 1625 2336 1828 2390; x_wconf 86' lang='grc' dir='ltr'>τούτων</span> <span class='ocrx_word' id='word_1_325' title='bbox 1856 2335 1940 2406; x_wconf 85' lang='grc' dir='ltr'><strong>εἴη</strong></span> <span class='ocrx_word' id='word_1_326' title='bbox 1974 2337 2040 2389; x_wconf 79' lang='grc' dir='ltr'>ἄν</span> <span class='ocrx_word' id='word_1_327' title='bbox 2152 2346 2201 2388; x_wconf 83' lang='lat' dir='ltr'><strong>te</strong></span> 
     </span>
    </p>
   </div>
   <div class='ocr_carea' id='block_1_41' title="bbox 1970 2333 3715 2413">
    <p class='ocr_par' dir='ltr' id='par_1_41' title="bbox 1974 2333 3715 2406">
     <span class='ocr_line' id='line_1_41' title="bbox 1974 2333 3715 2406; baseline -0.003 -17"><span class='ocrx_word' id='word_1_328' title='bbox 1974 2337 2040 2389; x_wconf 79' lang='grc' dir='ltr'><strong>ἄν</strong></span> <span class='ocrx_word' id='word_1_329' title='bbox 2152 2346 2256 2388; x_wconf 81' lang='lat' dir='ltr'><strong>tem</strong></span> <span class='ocrx_word' id='word_1_330' title='bbox 2303 2336 2385 2390; x_wconf 86' lang='lat' dir='ltr'><strong>his</strong></span> <span class='ocrx_word' id='word_1_331' title='bbox 2419 2337 2483 2390; x_wconf 89' lang='lat' dir='ltr'><strong>ad</strong></span> <span class='ocrx_word' id='word_1_332' title='bbox 2517 2335 2680 2389; x_wconf 90' lang='lat' dir='ltr'><strong>vitam</strong></span> <span class='ocrx_word' id='word_1_333' title='bbox 2733 2336 3033 2406; x_wconf 79' lang='lat' dir='ltr'><strong>degendam</strong></span> <span class='ocrx_word' id='word_1_334' title='bbox 3069 2350 3313 2404; x_wconf 75' lang='lat' dir='ltr'><strong>egemus,</strong></span> <span class='ocrx_word' id='word_1_335' title='bbox 3343 2333 3715 2403; x_wconf 78' lang='lat' dir='ltr'><strong>voluptatibus</strong></span> 
     </span>
    </p>
   </div>
   <div class='ocr_carea' id='block_1_42' title="bbox 461 2425 2206 2502">
    <p class='ocr_par' dir='ltr' id='par_1_42' title="bbox 461 2427 2200 2502">
     <span class='ocr_line' id='line_1_42' title="bbox 461 2427 2200 2502; baseline -0.003 -16"><span class='ocrx_word' id='word_1_336' title='bbox 461 2451 515 2486; x_wconf 87' lang='grc' dir='ltr'><strong>τι</strong></span> <span class='ocrx_word' id='word_1_337' title='bbox 540 2433 726 2502; x_wconf 87' lang='grc' dir='ltr'>μόριον</span> <span class='ocrx_word' id='word_1_338' title='bbox 749 2431 1119 2501; x_wconf 75' lang='grc' dir='ltr'><strong>σωφροσύνης,</strong></span> <span class='ocrx_word' id='word_1_339' title='bbox 1135 2431 1402 2498; x_wconf 78' lang='grc' dir='ltr'>φυλάττον</span> <span class='ocrx_word' id='word_1_340' title='bbox 1426 2430 1484 2482; x_wconf 76' lang='grc' dir='ltr'><strong>τὸ</strong></span> <span class='ocrx_word' id='word_1_341' title='bbox 1504 2427 1773 2498; x_wconf 73' lang='grc' dir='ltr'>αὕταρκες</span> <span class='ocrx_word' id='word_1_342' title='bbox 1793 2429 1884 2479; x_wconf 77' lang='grc' dir='ltr'><strong>καὶ</strong></span> <span class='ocrx_word' id='word_1_343' title='bbox 1905 2429 2006 2497; x_wconf 80' lang='grc' dir='ltr'>χρή</span> <span class='ocrx_word' id='word_1_344' title='bbox 2149 2427 2200 2482; x_wconf 91' lang='lat' dir='ltr'><strong>ni</strong></span> 
     </span>
    </p>
   </div>
   <div class='ocr_carea' id='block_1_43' title="bbox 1969 2425 3714 2502">
    <p class='ocr_par' dir='ltr' id='par_1_43' title="bbox 1969 2425 3714 2497">
     <span class='ocr_line' id='line_1_43' title="bbox 1969 2425 3714 2497; baseline -0.003 -15"><span class='ocrx_word' id='word_1_345' title='bbox 1969 2429 2006 2497; x_wconf 66' lang='grc' dir='ltr'>νή</span> <span class='ocrx_word' id='word_1_346' title='bbox 2149 2427 2423 2490; x_wconf 84' lang='lat' dir='ltr'><strong>nimirum,</strong></span> <span class='ocrx_word' id='word_1_347' title='bbox 2460 2427 2628 2495; x_wconf 78' lang='lat' dir='ltr'><strong>gloria</strong></span> <span class='ocrx_word' id='word_1_348' title='bbox 2664 2436 2717 2480; x_wconf 93' lang='lat' dir='ltr'><strong>et</strong></span> <span class='ocrx_word' id='word_1_349' title='bbox 2751 2427 3005 2496; x_wconf 85' lang='lat' dir='ltr'><strong>pecunia,</strong></span> <span class='ocrx_word' id='word_1_350' title='bbox 3036 2427 3090 2480; x_wconf 91' lang='lat' dir='ltr'><strong>in</strong></span> <span class='ocrx_word' id='word_1_351' title='bbox 3126 2441 3449 2495; x_wconf 83' lang='lat' dir='ltr'><strong>unaquaque</strong></span> <span class='ocrx_word' id='word_1_352' title='bbox 3518 2425 3714 2478; x_wconf 85' lang='lat' dir='ltr'><strong>harum</strong></span> 
     </span>
    </p>
   </div>
   <div class='ocr_carea' id='block_1_44' title="bbox 466 2509 2211 2594">
    <p class='ocr_par' dir='ltr' id='par_1_44' title="bbox 466 2521 2211 2594">
     <span class='ocr_line' id='line_1_44' title="bbox 466 2521 2211 2594; baseline -0.006 -15"><span class='ocrx_word' id='word_1_353' title='bbox 466 2543 623 2594; x_wconf 81' lang='grc' dir='ltr'>σιμον</span> <span class='ocrx_word' id='word_1_354' title='bbox 650 2525 1008 2587; x_wconf 74' lang='grc' dir='ltr'>ἑκάστου,ἑπὶ</span> <span class='ocrx_word' id='word_1_355' title='bbox 1032 2524 1128 2592; x_wconf 85' lang='grc' dir='ltr'><strong>μὲν</strong></span> <span class='ocrx_word' id='word_1_356' title='bbox 1153 2524 1360 2594; x_wconf 73' lang='grc' dir='ltr'>ἡδοναῖς</span> <span class='ocrx_word' id='word_1_357' title='bbox 1381 2525 1696 2590; x_wconf 78' lang='grc' dir='ltr'><strong>κοσμιότης,</strong></span> <span class='ocrx_word' id='word_1_358' title='bbox 1722 2521 1811 2573; x_wconf 69' lang='grc' dir='ltr'>ἐπὶ</span> <span class='ocrx_word' id='word_1_359' title='bbox 1828 2521 1884 2573; x_wconf 86' lang='grc' dir='ltr'>δὲ</span> <span class='ocrx_word' id='word_1_360' title='bbox 1910 2522 2042 2590; x_wconf 82' lang='grc' dir='ltr'>χρή·</span> <span class='ocrx_word' id='word_1_361' title='bbox 2148 2536 2211 2573; x_wconf 79' lang='lat' dir='ltr'><strong>re</strong></span> 
     </span>
    </p>
   </div>
   <div class='ocr_carea' id='block_1_45' title="bbox 1970 2509 3715 2594">
    <p class='ocr_par' dir='ltr' id='par_1_45' title="bbox 1970 2509 3715 2589">
     <span class='ocr_line' id='line_1_45' title="bbox 1970 2509 3715 2589; baseline -0.002 -19"><span class='ocrx_word' id='word_1_362' title='bbox 1970 2522 2042 2589; x_wconf 70' lang='grc' dir='ltr'><strong>ιή-</strong></span> <span class='ocrx_word' id='word_1_363' title='bbox 2148 2535 2326 2573; x_wconf 81' lang='lat' dir='ltr'><strong>rerum</strong></span> <span class='ocrx_word' id='word_1_364' title='bbox 2381 2519 2696 2573; x_wconf 86' lang='lat' dir='ltr'><strong>necessario</strong></span> <span class='ocrx_word' id='word_1_365' title='bbox 2759 2509 3014 2573; x_wconf 65' lang='lat' dir='ltr'><strong>versatur</strong></span> <span class='ocrx_word' id='word_1_366' title='bbox 3084 2520 3263 2587; x_wconf 89' lang='lat' dir='ltr'><strong>aliqua</strong></span> <span class='ocrx_word' id='word_1_367' title='bbox 3343 2515 3715 2584; x_wconf 67' lang='lat' dir='ltr'><strong>temperantia:</strong></span> 
     </span>
    </p>
   </div>
   <div class='ocr_carea' id='block_1_46' title="bbox 468 2610 2042 2683">
    <p class='ocr_par' dir='ltr' id='par_1_46' title="bbox 468 2610 2042 2683">
     <span class='ocr_line' id='line_1_46' title="bbox 468 2610 2042 2683; baseline -0.004 -14"><span class='ocrx_word' id='word_1_368' title='bbox 468 2634 631 2683; x_wconf 85' lang='grc' dir='ltr'>μασιν</span> <span class='ocrx_word' id='word_1_369' title='bbox 660 2614 1055 2683; x_wconf 79' lang='grc' dir='ltr'>ἐλευθεριότης,</span> <span class='ocrx_word' id='word_1_370' title='bbox 1082 2615 1172 2666; x_wconf 76' lang='grc' dir='ltr'>ἑπὶ</span> <span class='ocrx_word' id='word_1_371' title='bbox 1192 2614 1248 2665; x_wconf 87' lang='grc' dir='ltr'>δὲ</span> <span class='ocrx_word' id='word_1_372' title='bbox 1281 2612 1407 2682; x_wconf 83' lang='grc' dir='ltr'>δόξῃ</span> <span class='ocrx_word' id='word_1_373' title='bbox 1437 2611 1748 2680; x_wconf 73' lang='grc' dir='ltr'>μετριότης.</span> <span class='ocrx_word' id='word_1_374' title='bbox 1794 2610 2042 2678; x_wconf 81' lang='grc' dir='ltr'><strong>Ἀνδρίας</strong></span> 
     </span>
    </p>
   </div>
   <div class='ocr_carea' id='block_1_47' title="bbox 462 2703 2042 2777">
    <p class='ocr_par' dir='ltr' id='par_1_47' title="bbox 462 2703 2042 2777">
     <span class='ocr_line' id='line_1_47' title="bbox 462 2703 2042 2777; baseline -0.005 -16"><span class='ocrx_word' id='word_1_375' title='bbox 462 2708 540 2772; x_wconf 77' lang='grc' dir='ltr'>δὲ,</span> <span class='ocrx_word' id='word_1_376' title='bbox 563 2707 765 2777; x_wconf 84' lang='grc' dir='ltr'>ὁμοίως</span> <span class='ocrx_word' id='word_1_377' title='bbox 784 2708 911 2776; x_wconf 85' lang='grc' dir='ltr'>τρία</span> <span class='ocrx_word' id='word_1_378' title='bbox 939 2707 1057 2758; x_wconf 65' lang='grc' dir='ltr'>ἑστι</span> <span class='ocrx_word' id='word_1_379' title='bbox 1089 2707 1273 2775; x_wconf 81' lang='grc' dir='ltr'>μόρια.</span> <span class='ocrx_word' id='word_1_380' title='bbox 1311 2705 1462 2757; x_wconf 84' lang='grc' dir='ltr'>Ἐπεί</span> <span class='ocrx_word' id='word_1_381' title='bbox 1484 2705 1627 2756; x_wconf 85' lang='grc' dir='ltr'>ἑστιν</span> <span class='ocrx_word' id='word_1_382' title='bbox 1657 2703 1892 2757; x_wconf 75' lang='grc' dir='ltr'>ἀπάθεια</span> <span class='ocrx_word' id='word_1_383' title='bbox 1940 2703 2042 2755; x_wconf 77' lang='grc' dir='ltr'><strong>ὑπὸ</strong></span> 
     </span>
    </p>
   </div>
   <div class='ocr_carea' id='block_1_48' title="bbox 463 2795 2034 2868">
    <p class='ocr_par' dir='ltr' id='par_1_48' title="bbox 463 2795 2034 2868">
     <span class='ocr_line' id='line_1_48' title="bbox 463 2795 2034 2868; baseline -0.004 -17"><span class='ocrx_word' id='word_1_384' title='bbox 463 2799 571 2852; x_wconf 85' lang='grc' dir='ltr'><strong>τῶν</strong></span> <span class='ocrx_word' id='word_1_385' title='bbox 604 2800 744 2853; x_wconf 83' lang='grc' dir='ltr'><strong>κατά</strong></span> <span class='ocrx_word' id='word_1_386' title='bbox 771 2800 864 2853; x_wconf 86' lang='grc' dir='ltr'><strong>τδν</strong></span> <span class='ocrx_word' id='word_1_387' title='bbox 888 2799 1003 2868; x_wconf 82' lang='grc' dir='ltr'>βίον</span> <span class='ocrx_word' id='word_1_388' title='bbox 1030 2798 1220 2867; x_wconf 85' lang='grc' dir='ltr'>βιαίων</span> <span class='ocrx_word' id='word_1_389' title='bbox 1248 2796 1611 2866; x_wconf 72' lang='grc' dir='ltr'><strong>παθημάτων,</strong></span> <span class='ocrx_word' id='word_1_390' title='bbox 1651 2797 1856 2848; x_wconf 89' lang='grc' dir='ltr'>τούτων</span> <span class='ocrx_word' id='word_1_391' title='bbox 1888 2795 1944 2846; x_wconf 83' lang='grc' dir='ltr'>δὲ</span> <span class='ocrx_word' id='word_1_392' title='bbox 1969 2796 2034 2846; x_wconf 71' lang='grc' dir='ltr'><strong>τά</strong></span> 
     </span>
    </p>
   </div>
   <div class='ocr_carea' id='block_1_49' title="bbox 468 2884 2039 2958">
    <p class='ocr_par' dir='ltr' id='par_1_49' title="bbox 468 2884 2039 2958">
     <span class='ocr_line' id='line_1_49' title="bbox 468 2884 2039 2958; baseline -0.003 -17"><span class='ocrx_word' id='word_1_393' title='bbox 468 2890 566 2958; x_wconf 76' lang='grc' dir='ltr'><strong>μὲν</strong></span> <span class='ocrx_word' id='word_1_394' title='bbox 599 2887 752 2941; x_wconf 73' lang='grc' dir='ltr'>αὐτοί</span> <span class='ocrx_word' id='word_1_395' title='bbox 791 2904 895 2941; x_wconf 89' lang='grc' dir='ltr'><strong>που</strong></span> <span class='ocrx_word' id='word_1_396' title='bbox 949 2886 1227 2940; x_wconf 71' lang='grc' dir='ltr'>ἐθελονταὶ</span> <span class='ocrx_word' id='word_1_397' title='bbox 1259 2886 1626 2954; x_wconf 75' lang='grc' dir='ltr'>ὑφιστάμεθα,</span> <span class='ocrx_word' id='word_1_398' title='bbox 1651 2885 1934 2952; x_wconf 77' lang='grc' dir='ltr'>’μειζόνων</span> <span class='ocrx_word' id='word_1_399' title='bbox 1963 2884 2039 2937; x_wconf 83' lang='grc' dir='ltr'>εἴ·</span> 
     </span>
    </p>
   </div>
   <div class='ocr_carea' id='block_1_50' title="bbox 465 2977 2042 3047">
    <p class='ocr_par' dir='ltr' id='par_1_50' title="bbox 465 2977 2042 3047">
     <span class='ocr_line' id='line_1_50' title="bbox 465 2977 2042 3047; baseline -0.002 -15"><span class='ocrx_word' id='word_1_400' title='bbox 465 2998 596 3034; x_wconf 83' lang='grc' dir='ltr'>νεκα</span> <span class='ocrx_word' id='word_1_401' title='bbox 626 2980 867 3047; x_wconf 81' lang='grc' dir='ltr'><strong>ἀγαθῶν,</strong></span> <span class='ocrx_word' id='word_1_402' title='bbox 907 2979 983 3042; x_wconf 84' lang='grc' dir='ltr'>ὡς</span> <span class='ocrx_word' id='word_1_403' title='bbox 1007 2981 1134 3032; x_wconf 83' lang='grc' dir='ltr'>ὅταν</span> <span class='ocrx_word' id='word_1_404' title='bbox 1166 2980 1359 3040; x_wconf 86' lang='grc' dir='ltr'>πόνους</span> <span class='ocrx_word' id='word_1_405' title='bbox 1386 2981 1415 3044; x_wconf 80' lang='grc' dir='ltr'>ἢ</span> <span class='ocrx_word' id='word_1_406' title='bbox 1452 2978 1727 3040; x_wconf 82' lang='grc' dir='ltr'>κινδύνους</span> <span class='ocrx_word' id='word_1_407' title='bbox 1755 2979 1789 3046; x_wconf 73' lang='grc' dir='ltr'>ἢ</span> <span class='ocrx_word' id='word_1_408' title='bbox 1827 2995 1882 3030; x_wconf 87' lang='grc' dir='ltr'><strong>τι</strong></span> <span class='ocrx_word' id='word_1_409' title='bbox 1911 2977 2042 3030; x_wconf 80' lang='grc' dir='ltr'>ἄλλο</span> 
     </span>
    </p>
   </div>
   <div class='ocr_carea' id='block_1_51' title="bbox 464 3067 2041 3142">
    <p class='ocr_par' dir='ltr' id='par_1_51' title="bbox 464 3067 2041 3142">
     <span class='ocr_line' id='line_1_51' title="bbox 464 3067 2041 3142; baseline 0 -18"><span class='ocrx_word' id='word_1_410' title='bbox 464 3073 895 3142; x_wconf 82' lang='grc' dir='ltr'>προσαιρὼμεθα</span> <span class='ocrx_word' id='word_1_411' title='bbox 923 3067 997 3125; x_wconf 81' lang='grc' dir='ltr'>ὧν</span> <span class='ocrx_word' id='word_1_412' title='bbox 1027 3073 1155 3126; x_wconf 77' lang='grc' dir='ltr'>ἄνευ</span> <span class='ocrx_word' id='word_1_413' title='bbox 1193 3071 1268 3141; x_wconf 76' lang='grc' dir='ltr'>μὴ</span> <span class='ocrx_word' id='word_1_414' title='bbox 1316 3067 1428 3124; x_wconf 75' lang='grc' dir='ltr'>οἷόν</span> <span class='ocrx_word' id='word_1_415' title='bbox 1462 3088 1521 3123; x_wconf 91' lang='grc' dir='ltr'><strong>τε</strong></span> <span class='ocrx_word' id='word_1_416' title='bbox 1561 3073 1647 3140; x_wconf 83' lang='grc' dir='ltr'><strong>εῖη</strong></span> <span class='ocrx_word' id='word_1_417' title='bbox 1675 3071 1784 3122; x_wconf 81' lang='grc' dir='ltr'>τῶν</span> <span class='ocrx_word' id='word_1_418' title='bbox 1809 3069 2041 3124; x_wconf 82' lang='grc' dir='ltr'>δεόντων</span> 
     </span>
    </p>
   </div>
   <div class='ocr_carea' id='block_1_52' title="bbox 465 3162 2040 3234">
    <p class='ocr_par' dir='ltr' id='par_1_52' title="bbox 465 3162 2040 3234">
     <span class='ocr_line' id='line_1_52' title="bbox 465 3162 2040 3234; baseline -0.004 -17"><span class='ocrx_word' id='word_1_419' title='bbox 465 3183 560 3217; x_wconf 90' lang='grc' dir='ltr'><strong>του</strong></span> <span class='ocrx_word' id='word_1_420' title='bbox 593 3167 776 3234; x_wconf 81' lang='grc' dir='ltr'>τυχεῖν</span> <span class='ocrx_word' id='word_1_421' title='bbox 799 3179 816 3198; x_wconf 80' lang='grc' dir='ltr'><strong><em>ο</em></strong></span> <span class='ocrx_word' id='word_1_422' title='bbox 878 3164 947 3216; x_wconf 80' lang='grc' dir='ltr'><strong>τά</strong></span> <span class='ocrx_word' id='word_1_423' title='bbox 1004 3163 1049 3215; x_wconf 80' lang='grc' dir='ltr'>δ’</span> <span class='ocrx_word' id='word_1_424' title='bbox 1079 3163 1303 3216; x_wconf 84' lang='grc' dir='ltr'>ἑκούσια</span> <span class='ocrx_word' id='word_1_425' title='bbox 1340 3164 1434 3214; x_wconf 74' lang='grc' dir='ltr'>καὶ</span> <span class='ocrx_word' id='word_1_426' title='bbox 1475 3163 1537 3213; x_wconf 88' lang='grc' dir='ltr'>οὑ</span> <span class='ocrx_word' id='word_1_427' title='bbox 1585 3162 2040 3231; x_wconf 75' lang='grc' dir='ltr'>προσδεχομένοις</span> 
     </span>
    </p>
   </div>
   <div class='ocr_carea' id='block_1_53' title="bbox 465 3251 2038 3321">
    <p class='ocr_par' dir='ltr' id='par_1_53' title="bbox 465 3251 2038 3321">
     <span class='ocr_line' id='line_1_53' title="bbox 465 3251 2038 3321; baseline -0.003 -15"><span class='ocrx_word' id='word_1_428' title='bbox 465 3255 664 3307; x_wconf 77' lang='grc' dir='ltr'>ἔπεισι.</span> <span class='ocrx_word' id='word_1_429' title='bbox 715 3254 935 3307; x_wconf 88' lang='grc' dir='ltr'>Τούτων</span> <span class='ocrx_word' id='word_1_430' title='bbox 989 3270 1070 3306; x_wconf 88' lang='grc' dir='ltr'>τε.</span> <span class='ocrx_word' id='word_1_431' title='bbox 1103 3253 1173 3306; x_wconf 82' lang='grc' dir='ltr'><strong>αὖ</strong></span> <span class='ocrx_word' id='word_1_432' title='bbox 1206 3254 1274 3306; x_wconf 79' lang='grc' dir='ltr'>τὰ</span> <span class='ocrx_word' id='word_1_433' title='bbox 1308 3254 1427 3321; x_wconf 78' lang='grc' dir='ltr'>μὲν,</span> <span class='ocrx_word' id='word_1_434' title='bbox 1461 3251 1536 3314; x_wconf 84' lang='grc' dir='ltr'>ὡς</span> <span class='ocrx_word' id='word_1_435' title='bbox 1596 3252 1783 3314; x_wconf 83' lang='grc' dir='ltr'>ἁπλῶς</span> <span class='ocrx_word' id='word_1_436' title='bbox 1839 3255 2038 3318; x_wconf 82' lang='grc' dir='ltr'>εἰπεῖν,</span> 
     </span>
    </p>
   </div>
   <div class='ocr_carea' id='block_1_54' title="bbox 469 3343 2041 3414">
    <p class='ocr_par' dir='ltr' id='par_1_54' title="bbox 469 3343 2041 3414">
     <span class='ocr_line' id='line_1_54' title="bbox 469 3343 2041 3414; baseline -0.001 -15"><span class='ocrx_word' id='word_1_437' title='bbox 469 3347 623 3414; x_wconf 83' lang='grc' dir='ltr'>παρὰ</span> <span class='ocrx_word' id='word_1_438' title='bbox 645 3348 739 3400; x_wconf 83' lang='grc' dir='ltr'><strong>τοῦ</strong></span> <span class='ocrx_word' id='word_1_439' title='bbox 787 3348 935 3401; x_wconf 89' lang='grc' dir='ltr'>θείου</span> <span class='ocrx_word' id='word_1_440' title='bbox 967 3364 1046 3409; x_wconf 85' lang='grc' dir='ltr'><strong>τε,</strong></span> <span class='ocrx_word' id='word_1_441' title='bbox 1073 3347 1171 3399; x_wconf 75' lang='grc' dir='ltr'>καὶ</span> <span class='ocrx_word' id='word_1_442' title='bbox 1192 3351 1250 3397; x_wconf 76' lang='grc' dir='ltr'>τὸ</span> <span class='ocrx_word' id='word_1_443' title='bbox 1287 3347 1408 3399; x_wconf 84' lang='grc' dir='ltr'>ὅλον</span> <span class='ocrx_word' id='word_1_444' title='bbox 1436 3343 1596 3398; x_wconf 78' lang='grc' dir='ltr'>τοῦτο</span> <span class='ocrx_word' id='word_1_445' title='bbox 1641 3345 2041 3407; x_wconf 71' lang='grc' dir='ltr'>διατάττοντος,</span> 
     </span>
    </p>
   </div>
   <div class='ocr_carea' id='block_1_55' title="bbox 465 3431 2044 3510">
    <p class='ocr_par' dir='ltr' id='par_1_55' title="bbox 465 3431 2044 3510">
     <span class='ocr_line' id='line_1_55' title="bbox 465 3431 2044 3510; baseline -0.002 -19"><span class='ocrx_word' id='word_1_446' title='bbox 465 3435 682 3510; x_wconf 72' lang='grc' dir='ltr'>οἷαίπερ</span> <span class='ocrx_word' id='word_1_447' title='bbox 721 3441 776 3493; x_wconf 87' lang='grc' dir='ltr'><strong>αί</strong></span> <span class='ocrx_word' id='word_1_448' title='bbox 834 3439 1165 3509; x_wconf 78' lang='grc' dir='ltr'>καλούμεναι</span> <span class='ocrx_word' id='word_1_449' title='bbox 1227 3438 1547 3508; x_wconf 78' lang='grc' dir='ltr'>ξυμφοραί·</span> <span class='ocrx_word' id='word_1_450' title='bbox 1598 3439 1665 3502; x_wconf 67' lang='grc' dir='ltr'><strong>τά</strong></span> <span class='ocrx_word' id='word_1_451' title='bbox 1707 3437 1751 3489; x_wconf 86' lang='grc' dir='ltr'>δ’</span> <span class='ocrx_word' id='word_1_452' title='bbox 1793 3431 1860 3488; x_wconf 79' lang='grc' dir='ltr'><strong>αὖ</strong></span> <span class='ocrx_word' id='word_1_453' title='bbox 1915 3435 2044 3506; x_wconf 88' lang='grc' dir='ltr'>παρ’</span> 
     </span>
    </p>
   </div>
   <div class='ocr_carea' id='block_1_56' title="bbox 464 3527 2044 3600">
    <p class='ocr_par' dir='ltr' id='par_1_56' title="bbox 464 3527 2044 3600">
     <span class='ocr_line' id='line_1_56' title="bbox 464 3527 2044 3600; baseline -0.001 -16"><span class='ocrx_word' id='word_1_454' title='bbox 464 3531 786 3600; x_wconf 75' lang='grc' dir='ltr'>ἀνθρώπων,</span> <span class='ocrx_word' id='word_1_455' title='bbox 815 3527 1035 3599; x_wconf 81' lang='grc' dir='ltr'>οἷαίπερ</span> <span class='ocrx_word' id='word_1_456' title='bbox 1060 3532 1116 3584; x_wconf 83' lang='grc' dir='ltr'>αἱ</span> <span class='ocrx_word' id='word_1_457' title='bbox 1155 3530 1285 3600; x_wconf 82' lang='grc' dir='ltr'>παρ’</span> <span class='ocrx_word' id='word_1_458' title='bbox 1323 3533 1479 3583; x_wconf 83' lang='grc' dir='ltr'>ἑνίων</span> <span class='ocrx_word' id='word_1_459' title='bbox 1511 3530 1648 3598; x_wconf 69' lang='grc' dir='ltr'>πρὸς</span> <span class='ocrx_word' id='word_1_460' title='bbox 1674 3531 1822 3598; x_wconf 82' lang='grc' dir='ltr'>ἡμᾶς</span> <span class='ocrx_word' id='word_1_461' title='bbox 1853 3529 2044 3582; x_wconf 83' lang='grc' dir='ltr'>δυσκο-</span> 
     </span>
    </p>
   </div>
   <div class='ocr_carea' id='block_1_57' title="bbox 465 3620 2044 3694">
    <p class='ocr_par' dir='ltr' id='par_1_57' title="bbox 465 3620 2044 3694">
     <span class='ocr_line' id='line_1_57' title="bbox 465 3620 2044 3694; baseline 0 -22"><span class='ocrx_word' id='word_1_462' title='bbox 465 3623 575 3675; x_wconf 77' lang='grc' dir='ltr'>λίαι</span> <span class='ocrx_word' id='word_1_463' title='bbox 608 3641 664 3674; x_wconf 90' lang='grc' dir='ltr'><strong>τε</strong></span> <span class='ocrx_word' id='word_1_464' title='bbox 697 3625 792 3675; x_wconf 80' lang='grc' dir='ltr'><strong>καὶ</strong></span> <span class='ocrx_word' id='word_1_465' title='bbox 824 3624 1159 3694; x_wconf 77' lang='grc' dir='ltr'>δυσχέρειαι,</span> <span class='ocrx_word' id='word_1_466' title='bbox 1197 3624 1246 3674; x_wconf 81' lang='grc' dir='ltr'><strong>εί</strong></span> <span class='ocrx_word' id='word_1_467' title='bbox 1293 3624 1397 3674; x_wconf 71' lang='grc' dir='ltr'><strong>κᾶν</strong></span> <span class='ocrx_word' id='word_1_468' title='bbox 1429 3623 1523 3674; x_wconf 78' lang='grc' dir='ltr'><strong>καὶ</strong></span> <span class='ocrx_word' id='word_1_469' title='bbox 1554 3620 1640 3690; x_wconf 79' lang='grc' dir='ltr'><strong>ἐφ’</strong></span> <span class='ocrx_word' id='word_1_470' title='bbox 1679 3621 1896 3691; x_wconf 81' lang='grc' dir='ltr'><strong>ἑκάστῳ</strong></span> <span class='ocrx_word' id='word_1_471' title='bbox 1919 3621 2044 3673; x_wconf 88' lang='grc' dir='ltr'>τού-</span> 
     </span>
    </p>
   </div>
   <div class='ocr_carea' id='block_1_58' title="bbox 465 3712 2048 3784">
    <p class='ocr_par' dir='ltr' id='par_1_58' title="bbox 465 3712 2048 3784">
     <span class='ocr_line' id='line_1_58' title="bbox 465 3712 2048 3784; baseline -0.001 -19"><span class='ocrx_word' id='word_1_472' title='bbox 465 3732 572 3767; x_wconf 86' lang='grc' dir='ltr'><strong>των</strong></span> <span class='ocrx_word' id='word_1_473' title='bbox 599 3715 733 3767; x_wconf 81' lang='grc' dir='ltr'>ἵδιόν</span> <span class='ocrx_word' id='word_1_474' title='bbox 766 3734 813 3767; x_wconf 87' lang='grc' dir='ltr'>τι</span> <span class='ocrx_word' id='word_1_475' title='bbox 855 3716 1046 3784; x_wconf 87' lang='grc' dir='ltr'>μόριον</span> <span class='ocrx_word' id='word_1_476' title='bbox 1077 3714 1302 3783; x_wconf 81' lang='grc' dir='ltr'>ἀνδρίας</span> <span class='ocrx_word' id='word_1_477' title='bbox 1347 3713 1521 3776; x_wconf 75' lang='grc' dir='ltr'>σῶζον</span> <span class='ocrx_word' id='word_1_478' title='bbox 1551 3713 1612 3764; x_wconf 81' lang='grc' dir='ltr'>τὸ</span> <span class='ocrx_word' id='word_1_479' title='bbox 1658 3713 1917 3781; x_wconf 79' lang='grc' dir='ltr'>ἀκίνητον</span> <span class='ocrx_word' id='word_1_480' title='bbox 1951 3712 2048 3764; x_wconf 75' lang='grc' dir='ltr'><strong>καὶ</strong></span> 
     </span>
    </p>
   </div>
   <div class='ocr_carea' id='block_1_59' title="bbox 464 3803 2046 3873">
    <p class='ocr_par' dir='ltr' id='par_1_59' title="bbox 464 3803 2046 3873">
     <span class='ocr_line' id='line_1_59' title="bbox 464 3803 2046 3873; baseline -0.001 -16"><span class='ocrx_word' id='word_1_481' title='bbox 464 3805 675 3866; x_wconf 65' lang='grc' dir='ltr'>ἀπαθὲς</span> <span class='ocrx_word' id='word_1_482' title='bbox 701 3806 805 3857; x_wconf 80' lang='grc' dir='ltr'>ὑπὸ</span> <span class='ocrx_word' id='word_1_483' title='bbox 851 3803 959 3857; x_wconf 83' lang='grc' dir='ltr'>τῶν</span> <span class='ocrx_word' id='word_1_484' title='bbox 990 3803 1250 3873; x_wconf 85' lang='grc' dir='ltr'>χειρόνων</span> <span class='ocrx_word' id='word_1_485' title='bbox 1284 3804 1552 3867; x_wconf 78' lang='grc' dir='ltr'>ἑκάστων,</span> <span class='ocrx_word' id='word_1_486' title='bbox 1603 3804 1925 3872; x_wconf 78' lang='grc' dir='ltr'>γενναιότης</span> <span class='ocrx_word' id='word_1_487' title='bbox 1947 3803 2046 3872; x_wconf 75' lang='grc' dir='ltr'>μὲν</span> 
     </span>
    </p>
   </div>
   <div class='ocr_carea' id='block_1_60' title="bbox 467 3892 2047 3962">
    <p class='ocr_par' dir='ltr' id='par_1_60' title="bbox 467 3892 2047 3962">
     <span class='ocr_line' id='line_1_60' title="bbox 467 3892 2047 3962; baseline 0.002 -19"><span class='ocrx_word' id='word_1_488' title='bbox 467 3892 558 3943; x_wconf 74' lang='grc' dir='ltr'><strong>ἐπὶ</strong></span> <span class='ocrx_word' id='word_1_489' title='bbox 586 3894 695 3953; x_wconf 89' lang='grc' dir='ltr'>τοῖς</span> <span class='ocrx_word' id='word_1_490' title='bbox 723 3893 983 3961; x_wconf 82' lang='grc' dir='ltr'>αἱρετοίς,</span> <span class='ocrx_word' id='word_1_491' title='bbox 1017 3896 1108 3945; x_wconf 83' lang='grc' dir='ltr'>ἑπὶ</span> <span class='ocrx_word' id='word_1_492' title='bbox 1133 3892 1190 3944; x_wconf 82' lang='grc' dir='ltr'>δὲ</span> <span class='ocrx_word' id='word_1_493' title='bbox 1215 3895 1322 3954; x_wconf 85' lang='grc' dir='ltr'>τοῖς</span> <span class='ocrx_word' id='word_1_494' title='bbox 1355 3894 1630 3957; x_wconf 75' lang='grc' dir='ltr'>ἑκουσίοις</span> <span class='ocrx_word' id='word_1_495' title='bbox 1686 3893 1894 3962; x_wconf 80' lang='grc' dir='ltr'>ἀψυχία</span> <span class='ocrx_word' id='word_1_496' title='bbox 1946 3893 2047 3962; x_wconf 75' lang='grc' dir='ltr'>μὶν</span> 
     </span>
    </p>
   </div>
   <div class='ocr_carea' id='block_1_61' title="bbox 465 3984 2045 4055">
    <p class='ocr_par' dir='ltr' id='par_1_61' title="bbox 465 3984 2045 4055">
     <span class='ocr_line' id='line_1_61' title="bbox 465 3984 2045 4055; baseline 0 -18"><span class='ocrx_word' id='word_1_497' title='bbox 465 3985 553 4037; x_wconf 68' lang='grc' dir='ltr'><strong>ἐπὶ</strong></span> <span class='ocrx_word' id='word_1_498' title='bbox 579 3988 691 4047; x_wconf 85' lang='grc' dir='ltr'>τοῖς</span> <span class='ocrx_word' id='word_1_499' title='bbox 722 3985 872 4054; x_wconf 73' lang='grc' dir='ltr'>παρὰ</span> <span class='ocrx_word' id='word_1_500' title='bbox 903 3984 993 4037; x_wconf 80' lang='grc' dir='ltr'>τοῦ</span> <span class='ocrx_word' id='word_1_501' title='bbox 1028 3986 1170 4037; x_wconf 83' lang='grc' dir='ltr'>θείου</span> <span class='ocrx_word' id='word_1_502' title='bbox 1197 4026 1213 4050; x_wconf 91' lang='grc'><strong>,</strong></span> <span class='ocrx_word' id='word_1_503' title='bbox 1255 3987 1498 4055; x_wconf 77' lang='grc' dir='ltr'>πραότης</span> <span class='ocrx_word' id='word_1_504' title='bbox 1553 3987 1609 4040; x_wconf 83' lang='grc' dir='ltr'>δὲ</span> <span class='ocrx_word' id='word_1_505' title='bbox 1649 3987 1743 4041; x_wconf 74' lang='grc' dir='ltr'><strong>ἰπὶ</strong></span> <span class='ocrx_word' id='word_1_506' title='bbox 1765 3988 1878 4048; x_wconf 86' lang='grc' dir='ltr'>τοῖς</span> <span class='ocrx_word' id='word_1_507' title='bbox 1914 3986 2045 4054; x_wconf 85' lang='grc' dir='ltr'>παρ’</span> 
     </span>
    </p>
   </div>
   <div class='ocr_carea' id='block_1_62' title="bbox 466 4073 2047 4144">
    <p class='ocr_par' dir='ltr' id='par_1_62' title="bbox 466 4073 2047 4144">
     <span class='ocr_line' id='line_1_62' title="bbox 466 4073 2047 4144; baseline 0.001 -19"><span class='ocrx_word' id='word_1_508' title='bbox 466 4073 786 4143; x_wconf 84' lang='grc' dir='ltr'>ἀνθρώπων.</span> <span class='ocrx_word' id='word_1_509' title='bbox 823 4074 1148 4142; x_wconf 80' lang='grc' dir='ltr'>Δικαιοσύνη</span> <span class='ocrx_word' id='word_1_510' title='bbox 1181 4074 1236 4125; x_wconf 83' lang='grc' dir='ltr'>δὲ</span> <span class='ocrx_word' id='word_1_511' title='bbox 1261 4075 1381 4126; x_wconf 78' lang='grc' dir='ltr'>ἑπεί</span> <span class='ocrx_word' id='word_1_512' title='bbox 1421 4077 1538 4127; x_wconf 70' lang='grc' dir='ltr'>ἐστι</span> <span class='ocrx_word' id='word_1_513' title='bbox 1564 4077 1808 4143; x_wconf 84' lang='grc' dir='ltr'>σωτηρία</span> <span class='ocrx_word' id='word_1_514' title='bbox 1843 4076 2047 4144; x_wconf 72' lang='grc' dir='ltr'>ὁμοίων</span> 
     </span>
    </p>
   </div>
   <div class='ocr_carea' id='block_1_63' title="bbox 467 4161 2045 4236">
    <p class='ocr_par' dir='ltr' id='par_1_63' title="bbox 467 4161 2045 4236">
     <span class='ocr_line' id='line_1_63' title="bbox 467 4161 2045 4236; baseline 0 -18"><span class='ocrx_word' id='word_1_515' title='bbox 467 4167 658 4218; x_wconf 70' lang='grc' dir='ltr'>τούτου</span> <span class='ocrx_word' id='word_1_516' title='bbox 682 4165 870 4230; x_wconf 80' lang='grc' dir='ltr'>αὑτοῦ,</span> <span class='ocrx_word' id='word_1_517' title='bbox 900 4161 1072 4236; x_wconf 72' lang='grc' dir='ltr'>οὗπέρ</span> <span class='ocrx_word' id='word_1_518' title='bbox 1107 4169 1278 4235; x_wconf 78' lang='grc' dir='ltr'>ἐσμεν</span> <span class='ocrx_word' id='word_1_519' title='bbox 1295 4168 1441 4236; x_wconf 81' lang='grc' dir='ltr'>,πρὸς</span> <span class='ocrx_word' id='word_1_520' title='bbox 1464 4166 1500 4220; x_wconf 71' lang='grc' dir='ltr'>ἃ</span> <span class='ocrx_word' id='word_1_521' title='bbox 1526 4168 1776 4232; x_wconf 82' lang='grc' dir='ltr'>ἑκαστον,</span> <span class='ocrx_word' id='word_1_522' title='bbox 1805 4169 1970 4236; x_wconf 76' lang='grc' dir='ltr'>ἐσμὲν</span> <span class='ocrx_word' id='word_1_523' title='bbox 1990 4167 2045 4219; x_wconf 77' lang='grc' dir='ltr'>δὲ</span> 
     </span>
    </p>
   </div>
   <div class='ocr_carea' id='block_1_64' title="bbox 466 4257 2042 4329">
    <p class='ocr_par' dir='ltr' id='par_1_64' title="bbox 466 4257 2042 4329">
     <span class='ocr_line' id='line_1_64' title="bbox 466 4257 2042 4329; baseline 0.001 -19"><span class='ocrx_word' id='word_1_524' title='bbox 466 4258 528 4327; x_wconf 80' lang='grc' dir='ltr'>δὴ</span> <span class='ocrx_word' id='word_1_525' title='bbox 559 4257 693 4310; x_wconf 79' lang='grc' dir='ltr'>Θεοῦ</span> <span class='ocrx_word' id='word_1_526' title='bbox 733 4259 830 4328; x_wconf 80' lang='grc' dir='ltr'>μὲν</span> <span class='ocrx_word' id='word_1_527' title='bbox 859 4257 994 4328; x_wconf 74' lang='grc' dir='ltr'>ἔργα</span> <span class='ocrx_word' id='word_1_528' title='bbox 1047 4275 1106 4310; x_wconf 81' lang='grc' dir='ltr'><strong>τε</strong></span> <span class='ocrx_word' id='word_1_529' title='bbox 1167 4261 1261 4312; x_wconf 72' lang='grc' dir='ltr'>καὶ</span> <span class='ocrx_word' id='word_1_530' title='bbox 1298 4261 1582 4328; x_wconf 87' lang='grc' dir='ltr'>κτήματα,</span> <span class='ocrx_word' id='word_1_531' title='bbox 1638 4259 1952 4329; x_wconf 83' lang='grc' dir='ltr'>ἀνθρώποις</span> <span class='ocrx_word' id='word_1_532' title='bbox 1985 4259 2042 4312; x_wconf 72' lang='grc' dir='ltr'>δὲ</span> 
     </span>
    </p>
   </div>
   <div class='ocr_carea' id='block_1_65' title="bbox 467 4349 2097 4422">
    <p class='ocr_par' dir='ltr' id='par_1_65' title="bbox 467 4349 2097 4422">
     <span class='ocr_line' id='line_1_65' title="bbox 467 4349 2097 4422; baseline 0.002 -20"><span class='ocrx_word' id='word_1_533' title='bbox 467 4351 744 4418; x_wconf 76' lang='grc' dir='ltr'>ξυγγενεῖς</span> <span class='ocrx_word' id='word_1_534' title='bbox 765 4366 866 4402; x_wconf 92' lang='grc' dir='ltr'><strong>που</strong></span> <span class='ocrx_word' id='word_1_535' title='bbox 884 4354 1042 4416; x_wconf 78' lang='grc' dir='ltr'>πᾶσι,</span> <span class='ocrx_word' id='word_1_536' title='bbox 1074 4350 1176 4404; x_wconf 85' lang='grc' dir='ltr'>κᾶν</span> <span class='ocrx_word' id='word_1_537' title='bbox 1203 4349 1338 4419; x_wconf 73' lang='grc' dir='ltr'>πρὸς</span> <span class='ocrx_word' id='word_1_538' title='bbox 1369 4351 1560 4414; x_wconf 69' lang='grc' dir='ltr'>ἄλλους</span> <span class='ocrx_word' id='word_1_539' title='bbox 1579 4351 1754 4414; x_wconf 81' lang='grc' dir='ltr'>άλλως</span> <span class='ocrx_word' id='word_1_540' title='bbox 1777 4368 1891 4411; x_wconf 76' lang='grc' dir='ltr'><strong>πως</strong></span> <span class='ocrx_word' id='word_1_541' title='bbox 1913 4351 2068 4422; x_wconf 70' lang='grc' dir='ltr'><strong>ἔχω·⁸</strong></span> <span class='ocrx_word' id='word_1_542' title='bbox 2094 4381 2097 4383; x_wconf 96' lang='grc'><strong>-</strong></span> 
     </span>
    </p>
   </div>
   <div class='ocr_carea' id='block_1_66' title="bbox 469 4442 2046 4512">
    <p class='ocr_par' dir='ltr' id='par_1_66' title="bbox 469 4442 2046 4512">
     <span class='ocr_line' id='line_1_66' title="bbox 469 4442 2046 4512; baseline 0.001 -20"><span class='ocrx_word' id='word_1_543' title='bbox 469 4459 588 4511; x_wconf 85' lang='grc' dir='ltr'>μεν,</span> <span class='ocrx_word' id='word_1_544' title='bbox 647 4443 734 4509; x_wconf 82' lang='grc' dir='ltr'>εἴη</span> <span class='ocrx_word' id='word_1_545' title='bbox 766 4443 832 4494; x_wconf 81' lang='grc' dir='ltr'><strong>ἂν</strong></span> <span class='ocrx_word' id='word_1_546' title='bbox 863 4447 955 4494; x_wconf 76' lang='grc' dir='ltr'>καὶ</span> <span class='ocrx_word' id='word_1_547' title='bbox 1004 4442 1178 4510; x_wconf 82' lang='grc' dir='ltr'>αὐτῆς</span> <span class='ocrx_word' id='word_1_548' title='bbox 1208 4443 1426 4510; x_wconf 80' lang='grc' dir='ltr'>ὁσιότης</span> <span class='ocrx_word' id='word_1_549' title='bbox 1487 4442 1586 4511; x_wconf 68' lang='grc' dir='ltr'><strong>μὲν</strong></span> <span class='ocrx_word' id='word_1_550' title='bbox 1636 4443 1730 4494; x_wconf 75' lang='grc' dir='ltr'><strong>ἐπὶ</strong></span> <span class='ocrx_word' id='word_1_551' title='bbox 1759 4444 1870 4503; x_wconf 86' lang='grc' dir='ltr'>τοῖς</span> <span class='ocrx_word' id='word_1_552' title='bbox 1907 4445 2046 4512; x_wconf 77' lang='grc' dir='ltr'>πρὸς</span> 
     </span>
    </p>
   </div>
   <div class='ocr_carea' id='block_1_67' title="bbox 2149 2607 3713 2681">
    <p class='ocr_par' dir='ltr' id='par_1_67' title="bbox 2149 2607 3713 2681">
     <span class='ocr_line' id='line_1_67' title="bbox 2149 2607 3713 2681; baseline -0.004 -16"><span class='ocrx_word' id='word_1_553' title='bbox 2149 2628 2293 2681; x_wconf 83' lang='lat' dir='ltr'><strong>pars.</strong></span> <span class='ocrx_word' id='word_1_554' title='bbox 2365 2627 2486 2681; x_wconf 68' lang='lat' dir='ltr'><strong>qua!</strong></span> <span class='ocrx_word' id='word_1_555' title='bbox 2545 2619 2761 2665; x_wconf 86' lang='lat' dir='ltr'><strong>tueatur</strong></span> <span class='ocrx_word' id='word_1_556' title='bbox 2796 2612 2846 2664; x_wconf 93' lang='lat' dir='ltr'><strong>id</strong></span> <span class='ocrx_word' id='word_1_557' title='bbox 2880 2612 3026 2680; x_wconf 89' lang='lat' dir='ltr'><strong>quod</strong></span> <span class='ocrx_word' id='word_1_558' title='bbox 3084 2611 3216 2665; x_wconf 77' lang='lat' dir='ltr'><strong>satis</strong></span> <span class='ocrx_word' id='word_1_559' title='bbox 3256 2610 3353 2671; x_wconf 85' lang='lat' dir='ltr'><strong>sit,</strong></span> <span class='ocrx_word' id='word_1_560' title='bbox 3383 2619 3438 2663; x_wconf 94' lang='lat' dir='ltr'><strong>et</strong></span> <span class='ocrx_word' id='word_1_561' title='bbox 3461 2608 3511 2661; x_wconf 92' lang='lat' dir='ltr'><strong>id</strong></span> <span class='ocrx_word' id='word_1_562' title='bbox 3566 2607 3713 2676; x_wconf 86' lang='lat' dir='ltr'><strong>quod</strong></span> 
     </span>
    </p>
   </div>
   <div class='ocr_carea' id='block_1_68' title="bbox 2149 2695 3720 2769">
    <p class='ocr_par' dir='ltr' id='par_1_68' title="bbox 2149 2695 3720 2769">
     <span class='ocr_line' id='line_1_68' title="bbox 2149 2695 3720 2769; baseline -0.003 -18"><span class='ocrx_word' id='word_1_563' title='bbox 2149 2701 2281 2759; x_wconf 83' lang='lat' dir='ltr'><strong>utile</strong></span> <span class='ocrx_word' id='word_1_564' title='bbox 2327 2700 2383 2753; x_wconf 87' lang='lat' dir='ltr'><strong>in</strong></span> <span class='ocrx_word' id='word_1_565' title='bbox 2433 2715 2758 2769; x_wconf 83' lang='lat' dir='ltr'><strong>unaquaque</strong></span> <span class='ocrx_word' id='word_1_566' title='bbox 2819 2715 2891 2752; x_wconf 85' lang='lat' dir='ltr'><strong>re.</strong></span> <span class='ocrx_word' id='word_1_567' title='bbox 2951 2699 3028 2752; x_wconf 86' lang='lat' dir='ltr'><strong>Ac</strong></span> <span class='ocrx_word' id='word_1_568' title='bbox 3056 2699 3109 2752; x_wconf 92' lang='lat' dir='ltr'><strong>in</strong></span> <span class='ocrx_word' id='word_1_569' title='bbox 3142 2697 3510 2765; x_wconf 89' lang='lat' dir='ltr'><strong>voluptatibus</strong></span> <span class='ocrx_word' id='word_1_570' title='bbox 3538 2695 3720 2748; x_wconf 88' lang='lat' dir='ltr'><strong>nomi-</strong></span> 
     </span>
    </p>
   </div>
   <div class='ocr_carea' id='block_1_69' title="bbox 2146 2787 3715 2860">
    <p class='ocr_par' dir='ltr' id='par_1_69' title="bbox 2146 2787 3715 2860">
     <span class='ocr_line' id='line_1_69' title="bbox 2146 2787 3715 2860; baseline -0.002 -18"><span class='ocrx_word' id='word_1_571' title='bbox 2146 2801 2305 2843; x_wconf 67' lang='lat' dir='ltr'><strong>netur</strong></span> <span class='ocrx_word' id='word_1_572' title='bbox 2356 2791 2641 2853; x_wconf 84' lang='lat' dir='ltr'><strong>modestia,</strong></span> <span class='ocrx_word' id='word_1_573' title='bbox 2693 2793 2744 2844; x_wconf 90' lang='lat' dir='ltr'><strong>in</strong></span> <span class='ocrx_word' id='word_1_574' title='bbox 2805 2791 3033 2860; x_wconf 87' lang='lat' dir='ltr'><strong>pecunia</strong></span> <span class='ocrx_word' id='word_1_575' title='bbox 3085 2790 3403 2853; x_wconf 60' lang='lat' dir='ltr'><strong>liberalitas,</strong></span> <span class='ocrx_word' id='word_1_576' title='bbox 3467 2789 3519 2842; x_wconf 85' lang='lat' dir='ltr'><strong>in</strong></span> <span class='ocrx_word' id='word_1_577' title='bbox 3543 2787 3715 2853; x_wconf 72' lang='lat' dir='ltr'><strong>gloria</strong></span> 
     </span>
    </p>
   </div>
   <div class='ocr_carea' id='block_1_70' title="bbox 2146 2864 3716 2948">
    <p class='ocr_par' dir='ltr' id='par_1_70' title="bbox 2146 2864 3716 2948">
     <span class='ocr_line' id='line_1_70' title="bbox 2146 2864 3716 2948; baseline -0.003 -15"><span class='ocrx_word' id='word_1_578' title='bbox 2146 2882 2514 2935; x_wconf 87' lang='lat' dir='ltr'><strong>mediocritas.</strong></span> <span class='ocrx_word' id='word_1_579' title='bbox 2579 2882 2938 2936; x_wconf 85' lang='lat' dir='ltr'><strong>Fortitudinis</strong></span> <span class='ocrx_word' id='word_1_580' title='bbox 3025 2881 3150 2934; x_wconf 87' lang='lat' dir='ltr'><strong>item</strong></span> <span class='ocrx_word' id='word_1_581' title='bbox 3213 2889 3390 2948; x_wconf 72' lang='lat' dir='ltr'><strong>partes</strong></span> <span class='ocrx_word' id='word_1_582' title='bbox 3422 2887 3550 2932; x_wconf 87' lang='lat' dir='ltr'><strong>sunt</strong></span> <span class='ocrx_word' id='word_1_583' title='bbox 3581 2864 3716 2929; x_wconf 79' lang='lat' dir='ltr'><strong>tres.</strong></span> 
     </span>
    </p>
   </div>
   <div class='ocr_carea' id='block_1_71' title="bbox 2143 2967 3720 3042">
    <p class='ocr_par' dir='ltr' id='par_1_71' title="bbox 2143 2967 3720 3042">
     <span class='ocr_line' id='line_1_71' title="bbox 2143 2967 3720 3042; baseline -0.002 -19"><span class='ocrx_word' id='word_1_584' title='bbox 2143 2970 2277 3025; x_wconf 73' lang='lat' dir='ltr'><strong>Nam</strong></span> <span class='ocrx_word' id='word_1_585' title='bbox 2333 2989 2457 3027; x_wconf 91' lang='lat' dir='ltr'><strong>cum</strong></span> <span class='ocrx_word' id='word_1_586' title='bbox 2491 2973 2581 3026; x_wconf 89' lang='lat' dir='ltr'><strong>illa</strong></span> <span class='ocrx_word' id='word_1_587' title='bbox 2638 2972 3012 3042; x_wconf 86' lang='lat' dir='ltr'><strong>tranquillitas</strong></span> <span class='ocrx_word' id='word_1_588' title='bbox 3048 2972 3291 3040; x_wconf 71' lang='lat' dir='ltr'><strong>quaedam</strong></span> <span class='ocrx_word' id='word_1_589' title='bbox 3322 2971 3416 3031; x_wconf 85' lang='lat' dir='ltr'><strong>sit,</strong></span> <span class='ocrx_word' id='word_1_590' title='bbox 3445 2983 3564 3038; x_wconf 67' lang='lat' dir='ltr'><strong>quae</strong></span> <span class='ocrx_word' id='word_1_591' title='bbox 3592 2967 3720 3020; x_wconf 72' lang='lat' dir='ltr'><strong>vitae</strong></span> 
     </span>
    </p>
   </div>
   <div class='ocr_carea' id='block_1_72' title="bbox 2144 3063 3716 3126">
    <p class='ocr_par' dir='ltr' id='par_1_72' title="bbox 2144 3063 3716 3126">
     <span class='ocr_line' id='line_1_72' title="bbox 2144 3063 3716 3126; baseline -0.005 -9"><span class='ocrx_word' id='word_1_592' title='bbox 2144 3064 2363 3117; x_wconf 85' lang='lat' dir='ltr'><strong>casibus</strong></span> <span class='ocrx_word' id='word_1_593' title='bbox 2395 3063 2647 3117; x_wconf 73' lang='lat' dir='ltr'><strong>violentis</strong></span> <span class='ocrx_word' id='word_1_594' title='bbox 2680 3079 2784 3116; x_wconf 92' lang='lat' dir='ltr'><strong>non</strong></span> <span class='ocrx_word' id='word_1_595' title='bbox 2839 3073 3237 3126; x_wconf 87' lang='lat' dir='ltr'><strong>commovetur,</strong></span> <span class='ocrx_word' id='word_1_596' title='bbox 3293 3075 3484 3113; x_wconf 89' lang='lat' dir='ltr'><strong>eorum</strong></span> <span class='ocrx_word' id='word_1_597' title='bbox 3534 3066 3716 3112; x_wconf 89' lang='lat' dir='ltr'><strong>autem</strong></span> 
     </span>
    </p>
   </div>
   <div class='ocr_carea' id='block_1_73' title="bbox 2148 3149 3714 3226">
    <p class='ocr_par' dir='ltr' id='par_1_73' title="bbox 2148 3149 3714 3226">
     <span class='ocr_line' id='line_1_73' title="bbox 2148 3149 3714 3226; baseline -0.005 -17"><span class='ocrx_word' id='word_1_598' title='bbox 2148 3172 2376 3210; x_wconf 64' lang='lat' dir='ltr'><strong>casuum</strong></span> <span class='ocrx_word' id='word_1_599' title='bbox 2451 3157 2588 3210; x_wconf 88' lang='lat' dir='ltr'><strong>alios</strong></span> <span class='ocrx_word' id='word_1_600' title='bbox 2667 3156 2772 3226; x_wconf 90' lang='lat' dir='ltr'><strong>ipsi</strong></span> <span class='ocrx_word' id='word_1_601' title='bbox 2861 3155 3009 3209; x_wconf 90' lang='lat' dir='ltr'><strong>ultro</strong></span> <span class='ocrx_word' id='word_1_602' title='bbox 3069 3153 3320 3208; x_wconf 85' lang='lat' dir='ltr'><strong>subimus</strong></span> <span class='ocrx_word' id='word_1_603' title='bbox 3392 3151 3447 3205; x_wconf 90' lang='lat' dir='ltr'><strong>in</strong></span> <span class='ocrx_word' id='word_1_604' title='bbox 3504 3149 3714 3220; x_wconf 83' lang='lat' dir='ltr'><strong>appeti-</strong></span> 
     </span>
    </p>
   </div>
   <div class='ocr_carea' id='block_1_74' title="bbox 2148 3243 3706 3315">
    <p class='ocr_par' dir='ltr' id='par_1_74' title="bbox 2148 3243 3706 3315">
     <span class='ocr_line' id='line_1_74' title="bbox 2148 3243 3706 3315; baseline -0.003 -15"><span class='ocrx_word' id='word_1_605' title='bbox 2148 3247 2294 3301; x_wconf 84' lang='lat' dir='ltr'><strong>tione</strong></span> <span class='ocrx_word' id='word_1_606' title='bbox 2381 3248 2647 3315; x_wconf 84' lang='lat' dir='ltr'><strong>majorum</strong></span> <span class='ocrx_word' id='word_1_607' title='bbox 2706 3246 2998 3308; x_wconf 85' lang='lat' dir='ltr'><strong>bonorum,</strong></span> <span class='ocrx_word' id='word_1_608' title='bbox 3060 3245 3222 3298; x_wconf 86' lang='lat' dir='ltr'><strong>veluti</strong></span> <span class='ocrx_word' id='word_1_609' title='bbox 3285 3258 3408 3298; x_wconf 91' lang='lat' dir='ltr'><strong>cum</strong></span> <span class='ocrx_word' id='word_1_610' title='bbox 3471 3243 3706 3304; x_wconf 87' lang='lat' dir='ltr'><strong>labores,</strong></span> 
     </span>
    </p>
   </div>
   <div class='ocr_carea' id='block_1_75' title="bbox 2147 3329 3712 3410">
    <p class='ocr_par' dir='ltr' id='par_1_75' title="bbox 2147 3329 3712 3410">
     <span class='ocr_line' id='line_1_75' title="bbox 2147 3329 3712 3410; baseline -0.004 -17"><span class='ocrx_word' id='word_1_611' title='bbox 2147 3351 2238 3394; x_wconf 90' lang='lat' dir='ltr'><strong>aut</strong></span> <span class='ocrx_word' id='word_1_612' title='bbox 2297 3339 2574 3410; x_wconf 84' lang='lat' dir='ltr'><strong>pericula,</strong></span> <span class='ocrx_word' id='word_1_613' title='bbox 2654 3353 2748 3393; x_wconf 84' lang='lat' dir='ltr'><strong>aut</strong></span> <span class='ocrx_word' id='word_1_614' title='bbox 2796 3338 2946 3393; x_wconf 89' lang='lat' dir='ltr'><strong>aliud</strong></span> <span class='ocrx_word' id='word_1_615' title='bbox 3005 3329 3284 3406; x_wconf 81' lang='lat' dir='ltr'><strong>quidpiam</strong></span> <span class='ocrx_word' id='word_1_616' title='bbox 3355 3334 3712 3403; x_wconf 73' lang='lat' dir='ltr'><strong>suscipimus,</strong></span> 
     </span>
    </p>
   </div>
   <div class='ocr_carea' id='block_1_76' title="bbox 2145 3426 3716 3503">
    <p class='ocr_par' dir='ltr' id='par_1_76' title="bbox 2145 3426 3716 3503">
     <span class='ocr_line' id='line_1_76' title="bbox 2145 3426 3716 3503; baseline -0.005 -17"><span class='ocrx_word' id='word_1_617' title='bbox 2145 3433 2262 3486; x_wconf 88' lang='lat' dir='ltr'><strong>sine</strong></span> <span class='ocrx_word' id='word_1_618' title='bbox 2311 3431 2509 3501; x_wconf 90' lang='lat' dir='ltr'><strong>quibus</strong></span> <span class='ocrx_word' id='word_1_619' title='bbox 2564 3429 2824 3497; x_wconf 87' lang='lat' dir='ltr'><strong>consequi</strong></span> <span class='ocrx_word' id='word_1_620' title='bbox 2886 3443 2995 3482; x_wconf 93' lang='lat' dir='ltr'><strong>non</strong></span> <span class='ocrx_word' id='word_1_621' title='bbox 3044 3429 3169 3482; x_wconf 76' lang='lat' dir='ltr'><strong>licet</strong></span> <span class='ocrx_word' id='word_1_622' title='bbox 3201 3443 3264 3482; x_wconf 86' lang='lat' dir='ltr'><strong>ea</strong></span> <span class='ocrx_word' id='word_1_623' title='bbox 3295 3443 3416 3497; x_wconf 66' lang='lat' dir='ltr'><strong>quae</strong></span> <span class='ocrx_word' id='word_1_624' title='bbox 3491 3426 3716 3503; x_wconf 75' lang='lat' dir='ltr'><strong>deside-</strong></span> 
     </span>
    </p>
   </div>
   <div class='ocr_carea' id='block_1_77' title="bbox 2148 3514 3719 3586">
    <p class='ocr_par' dir='ltr' id='par_1_77' title="bbox 2148 3514 3719 3586">
     <span class='ocr_line' id='line_1_77' title="bbox 2148 3514 3719 3586; baseline -0.003 -10"><span class='ocrx_word' id='word_1_625' title='bbox 2148 3538 2354 3586; x_wconf 89' lang='lat' dir='ltr'><strong>ramus,</strong></span> <span class='ocrx_word' id='word_1_626' title='bbox 2409 3522 2496 3575; x_wconf 90' lang='lat' dir='ltr'><strong>alii</strong></span> <span class='ocrx_word' id='word_1_627' title='bbox 2549 3536 2677 3577; x_wconf 90' lang='lat' dir='ltr'><strong>vero</strong></span> <span class='ocrx_word' id='word_1_628' title='bbox 2735 3514 2892 3575; x_wconf 77' lang='lat' dir='ltr'><strong>caslis</strong></span> <span class='ocrx_word' id='word_1_629' title='bbox 2957 3535 3062 3574; x_wconf 93' lang='lat' dir='ltr'><strong>non</strong></span> <span class='ocrx_word' id='word_1_630' title='bbox 3123 3518 3416 3574; x_wconf 80' lang='lat' dir='ltr'><strong>voluntarii</strong></span> <span class='ocrx_word' id='word_1_631' title='bbox 3478 3527 3604 3572; x_wconf 85' lang='lat' dir='ltr'><strong>sunt</strong></span> <span class='ocrx_word' id='word_1_632' title='bbox 3662 3526 3719 3571; x_wconf 85' lang='lat' dir='ltr'><strong>et</strong></span> 
     </span>
    </p>
   </div>
   <div class='ocr_carea' id='block_1_78' title="bbox 2149 3609 3722 3682">
    <p class='ocr_par' dir='ltr' id='par_1_78' title="bbox 2149 3609 3722 3682">
     <span class='ocr_line' id='line_1_78' title="bbox 2149 3609 3722 3682; baseline -0.004 -14"><span class='ocrx_word' id='word_1_633' title='bbox 2149 3616 2292 3668; x_wconf 91' lang='lat' dir='ltr'><strong>ultra</strong></span> <span class='ocrx_word' id='word_1_634' title='bbox 2347 3614 2511 3667; x_wconf 82' lang='lat' dir='ltr'><strong>etiam</strong></span> <span class='ocrx_word' id='word_1_635' title='bbox 2586 3628 2694 3666; x_wconf 92' lang='lat' dir='ltr'><strong>non</strong></span> <span class='ocrx_word' id='word_1_636' title='bbox 2733 3612 3196 3682; x_wconf 81' lang='lat' dir='ltr'><strong>exspectantibus,</strong></span> <span class='ocrx_word' id='word_1_637' title='bbox 3266 3609 3722 3673; x_wconf 78' lang='lat' dir='ltr'><strong>oﬂcrnntur,eo-</strong></span> 
     </span>
    </p>
   </div>
   <div class='ocr_carea' id='block_1_79' title="bbox 2149 3703 3724 3779">
    <p class='ocr_par' dir='ltr' id='par_1_79' title="bbox 2149 3703 3724 3779">
     <span class='ocr_line' id='line_1_79' title="bbox 2149 3703 3724 3779; baseline -0.005 -15"><span class='ocrx_word' id='word_1_638' title='bbox 2149 3724 2378 3779; x_wconf 89' lang='lat' dir='ltr'><strong>rumque</strong></span> <span class='ocrx_word' id='word_1_639' title='bbox 2433 3709 2514 3779; x_wconf 88' lang='lat' dir='ltr'><strong>(ut</strong></span> <span class='ocrx_word' id='word_1_640' title='bbox 2584 3709 2818 3762; x_wconf 87' lang='lat' dir='ltr'><strong>breviter</strong></span> <span class='ocrx_word' id='word_1_641' title='bbox 2893 3703 3098 3775; x_wconf 87' lang='lat' dir='ltr'><strong>dicam)</strong></span> <span class='ocrx_word' id='word_1_642' title='bbox 3155 3705 3247 3760; x_wconf 88' lang='lat' dir='ltr'><strong>alii</strong></span> <span class='ocrx_word' id='word_1_643' title='bbox 3283 3721 3311 3758; x_wconf 89' lang='lat' dir='ltr'><strong>a</strong></span> <span class='ocrx_word' id='word_1_644' title='bbox 3379 3705 3607 3770; x_wconf 79' lang='lat' dir='ltr'><strong>nomine</strong></span> <span class='ocrx_word' id='word_1_645' title='bbox 3666 3711 3724 3757; x_wconf 87' lang='lat' dir='ltr'><strong>ct</strong></span> 
     </span>
    </p>
   </div>
   <div class='ocr_carea' id='block_1_80' title="bbox 2148 3783 3721 3873">
    <p class='ocr_par' dir='ltr' id='par_1_80' title="bbox 2148 3783 3721 3873">
     <span class='ocr_line' id='line_1_80' title="bbox 2148 3783 3721 3873; baseline -0.004 -17"><span class='ocrx_word' id='word_1_646' title='bbox 2148 3783 2514 3873; x_wconf 73' lang='lat' dir='ltr'><strong>gubernatore</strong></span> <span class='ocrx_word' id='word_1_647' title='bbox 2591 3800 2756 3868; x_wconf 87' lang='lat' dir='ltr'><strong>hujus</strong></span> <span class='ocrx_word' id='word_1_648' title='bbox 2829 3799 3083 3854; x_wconf 85' lang='lat' dir='ltr'><strong>universi&#39;</strong></span> <span class='ocrx_word' id='word_1_649' title='bbox 3139 3797 3468 3864; x_wconf 82' lang='lat' dir='ltr'><strong>dependent,</strong></span> <span class='ocrx_word' id='word_1_650' title='bbox 3528 3797 3721 3866; x_wconf 83' lang='lat' dir='ltr'><strong>cujus-</strong></span> 
     </span>
    </p>
   </div>
   <div class='ocr_carea' id='block_1_81' title="bbox 2150 3891 3726 3961">
    <p class='ocr_par' dir='ltr' id='par_1_81' title="bbox 2150 3891 3726 3961">
     <span class='ocr_line' id='line_1_81' title="bbox 2150 3891 3726 3961; baseline -0.005 -13"><span class='ocrx_word' id='word_1_651' title='bbox 2150 3895 2294 3948; x_wconf 89' lang='lat' dir='ltr'><strong>modi</strong></span> <span class='ocrx_word' id='word_1_652' title='bbox 2385 3899 2515 3948; x_wconf 87' lang='lat' dir='ltr'><strong>sunt</strong></span> <span class='ocrx_word' id='word_1_653' title='bbox 2578 3908 2655 3946; x_wconf 70' lang='lat' dir='ltr'><strong>eae</strong></span> <span class='ocrx_word' id='word_1_654' title='bbox 2737 3906 2860 3961; x_wconf 67' lang='lat' dir='ltr'><strong>quae</strong></span> <span class='ocrx_word' id='word_1_655' title='bbox 2933 3891 3276 3945; x_wconf 88' lang='lat' dir='ltr'><strong>calamitates</strong></span> <span class='ocrx_word' id='word_1_656' title='bbox 3351 3893 3726 3952; x_wconf 83' lang='lat' dir='ltr'><strong>nominantur,</strong></span> 
     </span>
    </p>
   </div>
   <div class='ocr_carea' id='block_1_82' title="bbox 2149 3982 3726 4047">
    <p class='ocr_par' dir='ltr' id='par_1_82' title="bbox 2149 3982 3726 4047">
     <span class='ocr_line' id='line_1_82' title="bbox 2149 3982 3726 4047; baseline -0.003 -8"><span class='ocrx_word' id='word_1_657' title='bbox 2149 3988 2239 4040; x_wconf 86' lang='lat' dir='ltr'><strong>alii</strong></span> <span class='ocrx_word' id='word_1_658' title='bbox 2271 3985 2338 4039; x_wconf 84' lang='lat' dir='ltr'><strong>ab</strong></span> <span class='ocrx_word' id='word_1_659' title='bbox 2376 3983 2712 4045; x_wconf 88' lang='lat' dir='ltr'><strong>hominibus,</strong></span> <span class='ocrx_word' id='word_1_660' title='bbox 2747 3983 2909 4036; x_wconf 81' lang='lat' dir='ltr'><strong>veluti</strong></span> <span class='ocrx_word' id='word_1_661' title='bbox 2970 3982 3467 4047; x_wconf 78' lang='lat' dir='ltr'><strong>suntoﬂ&#39;ensioncs,</strong></span> <span class='ocrx_word' id='word_1_662' title='bbox 3506 3989 3560 4035; x_wconf 84' lang='lat' dir='ltr'><strong>et</strong></span> <span class='ocrx_word' id='word_1_663' title='bbox 3609 3996 3726 4035; x_wconf 91' lang='lat' dir='ltr'><strong>mo-</strong></span> 
     </span>
    </p>
   </div>
   <div class='ocr_carea' id='block_1_83' title="bbox 2148 4073 3723 4145">
    <p class='ocr_par' dir='ltr' id='par_1_83' title="bbox 2148 4073 3723 4145">
     <span class='ocr_line' id='line_1_83' title="bbox 2148 4073 3723 4145; baseline -0.004 -14"><span class='ocrx_word' id='word_1_664' title='bbox 2148 4079 2336 4140; x_wconf 64' lang='lat' dir='ltr'><strong>lestiae,</strong></span> <span class='ocrx_word' id='word_1_665' title='bbox 2395 4092 2532 4145; x_wconf 85' lang='lat' dir='ltr'><strong>quas</strong></span> <span class='ocrx_word' id='word_1_666' title='bbox 2579 4076 2746 4144; x_wconf 87' lang='lat' dir='ltr'><strong>aliqui</strong></span> <span class='ocrx_word' id='word_1_667' title='bbox 2801 4076 2958 4129; x_wconf 91' lang='lat' dir='ltr'><strong>nobis</strong></span> <span class='ocrx_word' id='word_1_668' title='bbox 2994 4074 3277 4140; x_wconf 77' lang='lat' dir='ltr'><strong>exhibent,</strong></span> <span class='ocrx_word' id='word_1_669' title='bbox 3311 4076 3419 4128; x_wconf 88' lang='lat' dir='ltr'><strong>erit</strong></span> <span class='ocrx_word' id='word_1_670' title='bbox 3465 4073 3630 4126; x_wconf 84' lang='lat' dir='ltr'><strong>etiam</strong></span> <span class='ocrx_word' id='word_1_671' title='bbox 3669 4073 3723 4125; x_wconf 91' lang='lat' dir='ltr'><strong>in</strong></span> 
     </span>
    </p>
   </div>
   <div class='ocr_carea' id='block_1_84' title="bbox 2150 4165 3722 4239">
    <p class='ocr_par' dir='ltr' id='par_1_84' title="bbox 2150 4165 3722 4239">
     <span class='ocr_line' id='line_1_84' title="bbox 2150 4165 3722 4239; baseline -0.004 -15"><span class='ocrx_word' id='word_1_672' title='bbox 2150 4182 2487 4239; x_wconf 83' lang='lat' dir='ltr'><strong>unoquoque</strong></span> <span class='ocrx_word' id='word_1_673' title='bbox 2508 4169 2701 4221; x_wconf 88' lang='lat' dir='ltr'><strong>borum</strong></span> <span class='ocrx_word' id='word_1_674' title='bbox 2735 4166 3020 4238; x_wconf 86' lang='lat' dir='ltr'><strong>peculiaris</strong></span> <span class='ocrx_word' id='word_1_675' title='bbox 3054 4165 3391 4220; x_wconf 81' lang='lat' dir='ltr'><strong>fortitudinis</strong></span> <span class='ocrx_word' id='word_1_676' title='bbox 3418 4179 3570 4234; x_wconf 88' lang='lat' dir='ltr'><strong>pars,</strong></span> <span class='ocrx_word' id='word_1_677' title='bbox 3599 4180 3722 4234; x_wconf 73' lang='lat' dir='ltr'><strong>qua:</strong></span> 
     </span>
    </p>
   </div>
   <div class='ocr_carea' id='block_1_85' title="bbox 2150 4259 3722 4332">
    <p class='ocr_par' dir='ltr' id='par_1_85' title="bbox 2150 4259 3722 4332">
     <span class='ocr_line' id='line_1_85' title="bbox 2150 4259 3722 4332; baseline -0.003 -16"><span class='ocrx_word' id='word_1_678' title='bbox 2150 4262 2203 4316; x_wconf 91' lang='lat' dir='ltr'><strong>id</strong></span> <span class='ocrx_word' id='word_1_679' title='bbox 2235 4272 2484 4332; x_wconf 68' lang='lat' dir='ltr'><strong>praestet,</strong></span> <span class='ocrx_word' id='word_1_680' title='bbox 2515 4262 2721 4327; x_wconf 92' lang='lat' dir='ltr'><strong>nequis</strong></span> <span class='ocrx_word' id='word_1_681' title='bbox 2778 4269 3058 4314; x_wconf 86' lang='lat' dir='ltr'><strong>moveatur</strong></span> <span class='ocrx_word' id='word_1_682' title='bbox 3089 4275 3118 4312; x_wconf 89' lang='lat' dir='ltr'><strong>a</strong></span> <span class='ocrx_word' id='word_1_683' title='bbox 3154 4262 3319 4314; x_wconf 80' lang='lat' dir='ltr'><strong>rebus</strong></span> <span class='ocrx_word' id='word_1_684' title='bbox 3350 4259 3621 4322; x_wconf 80' lang='lat' dir='ltr'><strong>adversis,</strong></span> <span class='ocrx_word' id='word_1_685' title='bbox 3668 4266 3722 4311; x_wconf 83' lang='lat' dir='ltr'><strong>et</strong></span> 
     </span>
    </p>
   </div>
   <div class='ocr_carea' id='block_1_86' title="bbox 2151 4350 3724 4423">
    <p class='ocr_par' dir='ltr' id='par_1_86' title="bbox 2151 4350 3724 4423">
     <span class='ocr_line' id='line_1_86' title="bbox 2151 4350 3724 4423; baseline -0.003 -16"><span class='ocrx_word' id='word_1_686' title='bbox 2151 4354 2517 4423; x_wconf 85' lang='lat' dir='ltr'><strong>perturbetur.</strong></span> <span class='ocrx_word' id='word_1_687' title='bbox 2567 4352 2644 4407; x_wconf 82' lang='lat' dir='ltr'><strong>Ac</strong></span> <span class='ocrx_word' id='word_1_688' title='bbox 2692 4351 3030 4418; x_wconf 71' lang='lat' dir='ltr'><strong>generositas</strong></span> <span class='ocrx_word' id='word_1_689' title='bbox 3061 4350 3282 4419; x_wconf 80' lang='lat' dir='ltr'><strong>quidem</strong></span> <span class='ocrx_word' id='word_1_690' title='bbox 3315 4358 3369 4404; x_wconf 88' lang='lat' dir='ltr'><strong>et</strong></span> <span class='ocrx_word' id='word_1_691' title='bbox 3396 4350 3617 4415; x_wconf 89' lang='lat' dir='ltr'><strong>llducia,</strong></span> <span class='ocrx_word' id='word_1_692' title='bbox 3668 4350 3724 4403; x_wconf 91' lang='lat' dir='ltr'><strong>in</strong></span> 
     </span>
    </p>
   </div>
   <div class='ocr_carea' id='block_1_87' title="bbox 2154 4443 3728 4515">
    <p class='ocr_par' dir='ltr' id='par_1_87' title="bbox 2154 4443 3728 4515">
     <span class='ocr_line' id='line_1_87' title="bbox 2154 4443 3728 4515; baseline -0.003 -15"><span class='ocrx_word' id='word_1_693' title='bbox 2154 4448 2220 4501; x_wconf 92' lang='lat' dir='ltr'><strong>iis</strong></span> <span class='ocrx_word' id='word_1_694' title='bbox 2255 4461 2380 4515; x_wconf 78' lang='lat' dir='ltr'><strong>qua:</strong></span> <span class='ocrx_word' id='word_1_695' title='bbox 2428 4445 2600 4500; x_wconf 86' lang='lat' dir='ltr'><strong>nostri</strong></span> <span class='ocrx_word' id='word_1_696' title='bbox 2662 4445 2876 4499; x_wconf 83' lang='lat' dir='ltr'><strong>arbitrii</strong></span> <span class='ocrx_word' id='word_1_697' title='bbox 2927 4445 3159 4507; x_wconf 79' lang='lat' dir='ltr'><strong>sunt,in</strong></span> <span class='ocrx_word' id='word_1_698' title='bbox 3219 4459 3324 4495; x_wconf 90' lang='lat' dir='ltr'><strong>non</strong></span> <span class='ocrx_word' id='word_1_699' title='bbox 3399 4443 3728 4496; x_wconf 85' lang='lat' dir='ltr'><strong>voluntariis</strong></span> 
     </span>
    </p>
   </div>
   <div class='ocr_carea' id='block_1_88' title="bbox 394 4533 2139 4608">
    <p class='ocr_par' dir='ltr' id='par_1_88' title="bbox 394 4534 2123 4608">
     <span class='ocr_line' id='line_1_88' title="bbox 394 4534 2123 4608; baseline 0.002 -23"><span class='ocrx_word' id='word_1_700' title='bbox 394 4584 404 4600; x_wconf 40' lang='grc' dir='ltr'><strong>η</strong></span> <span class='ocrx_word' id='word_1_701' title='bbox 464 4535 524 4586; x_wconf 82' lang='grc' dir='ltr'>τὸ</span> <span class='ocrx_word' id='word_1_702' title='bbox 553 4535 712 4598; x_wconf 84' lang='grc' dir='ltr'>θεῖον,</span> <span class='ocrx_word' id='word_1_703' title='bbox 751 4536 844 4586; x_wconf 80' lang='grc' dir='ltr'><strong>ἐπὶ</strong></span> <span class='ocrx_word' id='word_1_704' title='bbox 882 4535 934 4586; x_wconf 56' lang='grc' dir='ltr'>δὲ</span> <span class='ocrx_word' id='word_1_705' title='bbox 973 4538 1088 4595; x_wconf 84' lang='grc' dir='ltr'>τοῖς</span> <span class='ocrx_word' id='word_1_706' title='bbox 1127 4534 1263 4605; x_wconf 84' lang='grc' dir='ltr'>πρὸς</span> <span class='ocrx_word' id='word_1_707' title='bbox 1317 4535 1637 4604; x_wconf 81' lang='grc' dir='ltr'>ἀνθρώπους</span> <span class='ocrx_word' id='word_1_708' title='bbox 1669 4535 1918 4588; x_wconf 82' lang='grc' dir='ltr'>πολιτεία</span> <span class='ocrx_word' id='word_1_709' title='bbox 1944 4536 2044 4606; x_wconf 75' lang='grc' dir='ltr'>μὲν</span> <span class='ocrx_word' id='word_1_710' title='bbox 2071 4546 2123 4608; x_wconf 80' lang='lat' dir='ltr'><strong>D</strong></span> 
     </span>
    </p>
   </div>
   <div class='ocr_carea' id='block_1_89' title="bbox 1976 4533 3721 4608">
    <p class='ocr_par' dir='ltr' id='par_1_89' title="bbox 1976 4533 3721 4608">
     <span class='ocr_line' id='line_1_89' title="bbox 1976 4533 3721 4608; baseline -0.003 -18"><span class='ocrx_word' id='word_1_711' title='bbox 1976 4536 2044 4590; x_wconf 73' lang='grc' dir='ltr'>ιὲν</span> <span class='ocrx_word' id='word_1_712' title='bbox 2071 4546 2123 4608; x_wconf 78' lang='grc' dir='ltr'><strong>ι)</strong></span> <span class='ocrx_word' id='word_1_713' title='bbox 2149 4548 2331 4593; x_wconf 92' lang='lat' dir='ltr'><strong>autem</strong></span> <span class='ocrx_word' id='word_1_714' title='bbox 2351 4578 2366 4602; x_wconf 95' lang='lat'><strong>,</strong></span> <span class='ocrx_word' id='word_1_715' title='bbox 2398 4536 2723 4599; x_wconf 85' lang='lat' dir='ltr'><strong>constantia,</strong></span> <span class='ocrx_word' id='word_1_716' title='bbox 2759 4537 2811 4588; x_wconf 91' lang='lat' dir='ltr'><strong>in</strong></span> <span class='ocrx_word' id='word_1_717' title='bbox 2876 4535 2945 4591; x_wconf 90' lang='lat' dir='ltr'><strong>iis</strong></span> <span class='ocrx_word' id='word_1_718' title='bbox 2965 4550 3087 4604; x_wconf 72' lang='lat' dir='ltr'><strong>qua:</strong></span> <span class='ocrx_word' id='word_1_719' title='bbox 3117 4534 3382 4588; x_wconf 87' lang='lat' dir='ltr'><strong>divinitus</strong></span> <span class='ocrx_word' id='word_1_720' title='bbox 3414 4533 3673 4586; x_wconf 71' lang='lat' dir='ltr'><strong>accidunt</strong></span> <span class='ocrx_word' id='word_1_721' title='bbox 3703 4549 3721 4598; x_wconf 90' lang='lat'><strong>;</strong></span> 
     </span>
    </p>
   </div>
   <div class='ocr_carea' id='block_1_90' title="bbox 467 4626 2042 4697">
    <p class='ocr_par' dir='ltr' id='par_1_90' title="bbox 467 4626 2042 4697">
     <span class='ocr_line' id='line_1_90' title="bbox 467 4626 2042 4697; baseline 0.001 -18"><span class='ocrx_word' id='word_1_722' title='bbox 467 4629 600 4696; x_wconf 69' lang='grc' dir='ltr'>πρὸς</span> <span class='ocrx_word' id='word_1_723' title='bbox 628 4627 696 4679; x_wconf 77' lang='grc' dir='ltr'><strong>τά</strong></span> <span class='ocrx_word' id='word_1_724' title='bbox 747 4626 924 4690; x_wconf 68' lang='grc' dir='ltr'>κοινά,</span> <span class='ocrx_word' id='word_1_725' title='bbox 959 4630 1264 4697; x_wconf 85' lang='grc' dir='ltr'>χρηστότης</span> <span class='ocrx_word' id='word_1_726' title='bbox 1297 4626 1341 4679; x_wconf 85' lang='grc' dir='ltr'>δ’</span> <span class='ocrx_word' id='word_1_727' title='bbox 1379 4627 1446 4681; x_wconf 80' lang='grc' dir='ltr'>αὖ</span> <span class='ocrx_word' id='word_1_728' title='bbox 1503 4629 1640 4696; x_wconf 60' lang='grc' dir='ltr'>πρὶς</span> <span class='ocrx_word' id='word_1_729' title='bbox 1667 4629 1734 4680; x_wconf 83' lang='grc' dir='ltr'>τὰ</span> <span class='ocrx_word' id='word_1_730' title='bbox 1773 4627 2042 4680; x_wconf 81' lang='grc' dir='ltr'>ίδιωτικά.</span> 
     </span>
    </p>
   </div>
   <div class='ocr_carea' id='block_1_91' title="bbox 465 4715 2040 4787">
    <p class='ocr_par' dir='ltr' id='par_1_91' title="bbox 465 4715 2040 4787">
     <span class='ocr_line' id='line_1_91' title="bbox 465 4715 2040 4787; baseline 0.002 -21"><span class='ocrx_word' id='word_1_731' title='bbox 465 4715 733 4784; x_wconf 76' lang='grc' dir='ltr'>Φρόνησις</span> <span class='ocrx_word' id='word_1_732' title='bbox 754 4716 808 4767; x_wconf 84' lang='grc' dir='ltr'>δὲ</span> <span class='ocrx_word' id='word_1_733' title='bbox 843 4717 876 4785; x_wconf 82' lang='grc' dir='ltr'><strong>ἡ</strong></span> <span class='ocrx_word' id='word_1_734' title='bbox 917 4718 1016 4785; x_wconf 82' lang='grc' dir='ltr'>μὲν</span> <span class='ocrx_word' id='word_1_735' title='bbox 1061 4716 1189 4784; x_wconf 78' lang='grc' dir='ltr'>περὶ</span> <span class='ocrx_word' id='word_1_736' title='bbox 1240 4718 1308 4768; x_wconf 86' lang='grc' dir='ltr'>τὰ</span> <span class='ocrx_word' id='word_1_737' title='bbox 1338 4717 1459 4769; x_wconf 77' lang='grc' dir='ltr'>θεῖά</span> <span class='ocrx_word' id='word_1_738' title='bbox 1487 4733 1548 4768; x_wconf 85' lang='grc' dir='ltr'><strong>τε</strong></span> <span class='ocrx_word' id='word_1_739' title='bbox 1579 4722 1675 4769; x_wconf 80' lang='grc' dir='ltr'>καὶ</span> <span class='ocrx_word' id='word_1_740' title='bbox 1704 4719 1791 4770; x_wconf 73' lang='grc' dir='ltr'><strong>ἀεὶ</strong></span> <span class='ocrx_word' id='word_1_741' title='bbox 1822 4717 1974 4782; x_wconf 73' lang='grc' dir='ltr'>ὄντα,</span> <span class='ocrx_word' id='word_1_742' title='bbox 2008 4720 2040 4787; x_wconf 77' lang='grc' dir='ltr'>ἡ</span> 
     </span>
    </p>
   </div>
   <div class='ocr_carea' id='block_1_92' title="bbox 467 4807 2045 4878">
    <p class='ocr_par' dir='ltr' id='par_1_92' title="bbox 467 4807 2045 4878">
     <span class='ocr_line' id='line_1_92' title="bbox 467 4807 2045 4878; baseline 0.002 -20"><span class='ocrx_word' id='word_1_743' title='bbox 467 4807 521 4858; x_wconf 78' lang='grc' dir='ltr'>δὲ</span> <span class='ocrx_word' id='word_1_744' title='bbox 554 4807 682 4876; x_wconf 70' lang='grc' dir='ltr'>περὶ</span> <span class='ocrx_word' id='word_1_745' title='bbox 707 4808 868 4874; x_wconf 81' lang='grc' dir='ltr'>φύσιν</span> <span class='ocrx_word' id='word_1_746' title='bbox 891 4824 946 4859; x_wconf 89' lang='grc' dir='ltr'><strong>τε</strong></span> <span class='ocrx_word' id='word_1_747' title='bbox 982 4810 1076 4860; x_wconf 78' lang='grc' dir='ltr'><strong>καὶ</strong></span> <span class='ocrx_word' id='word_1_748' title='bbox 1109 4808 1178 4860; x_wconf 86' lang='grc' dir='ltr'>τὰ</span> <span class='ocrx_word' id='word_1_749' title='bbox 1209 4809 1490 4877; x_wconf 82' lang='grc' dir='ltr'>γινόμενα,</span> <span class='ocrx_word' id='word_1_750' title='bbox 1518 4810 1550 4875; x_wconf 84' lang='grc' dir='ltr'>ἡ</span> <span class='ocrx_word' id='word_1_751' title='bbox 1582 4809 1639 4874; x_wconf 75' lang='grc' dir='ltr'>δὲ</span> <span class='ocrx_word' id='word_1_752' title='bbox 1667 4811 1801 4878; x_wconf 77' lang='grc' dir='ltr'>,περὶ</span> <span class='ocrx_word' id='word_1_753' title='bbox 1825 4810 2045 4878; x_wconf 62' lang='grc' dir='ltr'><strong>τὰςήμέι-</strong></span> 
     </span>
    </p>
   </div>
   <div class='ocr_carea' id='block_1_93' title="bbox 465 4897 2044 4969">
    <p class='ocr_par' dir='ltr' id='par_1_93' title="bbox 465 4897 2044 4969">
     <span class='ocr_line' id='line_1_93' title="bbox 465 4897 2044 4969; baseline 0.002 -19"><span class='ocrx_word' id='word_1_754' title='bbox 465 4902 602 4966; x_wconf 82' lang='grc' dir='ltr'>τερά</span> <span class='ocrx_word' id='word_1_755' title='bbox 624 4916 681 4950; x_wconf 65' lang='grc' dir='ltr'><strong>τε</strong></span> <span class='ocrx_word' id='word_1_756' title='bbox 716 4899 809 4953; x_wconf 81' lang='grc' dir='ltr'>καὶ</span> <span class='ocrx_word' id='word_1_757' title='bbox 857 4897 1197 4969; x_wconf 81' lang='grc' dir='ltr'>ἀνθρώπεια.</span> <span class='ocrx_word' id='word_1_758' title='bbox 1224 4899 1374 4952; x_wconf 76' lang='grc' dir='ltr'>Ὣστ¹</span> <span class='ocrx_word' id='word_1_759' title='bbox 1424 4900 1512 4968; x_wconf 73' lang='grc' dir='ltr'><strong>εἴη</strong></span> <span class='ocrx_word' id='word_1_760' title='bbox 1546 4901 1612 4952; x_wconf 83' lang='grc' dir='ltr'><strong>ἂν</strong></span> <span class='ocrx_word' id='word_1_761' title='bbox 1665 4900 1758 4952; x_wconf 78' lang='grc' dir='ltr'>καὶ</span> <span class='ocrx_word' id='word_1_762' title='bbox 1807 4900 1979 4968; x_wconf 73' lang='grc' dir='ltr'>αὐτῆς</span> <span class='ocrx_word' id='word_1_763' title='bbox 2012 4903 2044 4969; x_wconf 81' lang='grc' dir='ltr'><strong>ἡ</strong></span> 
     </span>
    </p>
   </div>
   <div class='ocr_carea' id='block_1_94' title="bbox 471 4990 2044 5064">
    <p class='ocr_par' dir='ltr' id='par_1_94' title="bbox 471 4990 2044 5064">
     <span class='ocr_line' id='line_1_94' title="bbox 471 4990 2044 5064; baseline 0.003 -22"><span class='ocrx_word' id='word_1_764' title='bbox 471 4992 568 5060; x_wconf 79' lang='grc' dir='ltr'>μὲν</span> <span class='ocrx_word' id='word_1_765' title='bbox 594 4993 722 5060; x_wconf 76' lang='grc' dir='ltr'>περὶ</span> <span class='ocrx_word' id='word_1_766' title='bbox 769 4990 941 5044; x_wconf 74' lang='grc' dir='ltr'>ταῦτα</span> <span class='ocrx_word' id='word_1_767' title='bbox 989 4992 1052 5061; x_wconf 81' lang='grc' dir='ltr'>δὴ</span> <span class='ocrx_word' id='word_1_768' title='bbox 1094 4991 1161 5043; x_wconf 78' lang='grc' dir='ltr'><strong>τὰ</strong></span> <span class='ocrx_word' id='word_1_769' title='bbox 1215 4991 1551 5061; x_wconf 82' lang='grc' dir='ltr'>ἀνθρώπεια,</span> <span class='ocrx_word' id='word_1_770' title='bbox 1610 4991 1886 5057; x_wconf 76' lang='grc' dir='ltr'>εὐϐουλία,</span> <span class='ocrx_word' id='word_1_771' title='bbox 1921 4996 1953 5064; x_wconf 80' lang='grc' dir='ltr'>ὴ</span> <span class='ocrx_word' id='word_1_772' title='bbox 1988 4995 2044 5047; x_wconf 75' lang='grc' dir='ltr'>δὲ</span> 
     </span>
    </p>
   </div>
   <div class='ocr_carea' id='block_1_95' title="bbox 465 5081 2044 5152">
    <p class='ocr_par' dir='ltr' id='par_1_95' title="bbox 465 5081 2044 5152">
     <span class='ocr_line' id='line_1_95' title="bbox 465 5081 2044 5152; baseline 0.004 -20"><span class='ocrx_word' id='word_1_773' title='bbox 465 5083 599 5152; x_wconf 68' lang='grc' dir='ltr'>περὶ</span> <span class='ocrx_word' id='word_1_774' title='bbox 631 5083 813 5149; x_wconf 78' lang='grc' dir='ltr'>φύσιν,</span> <span class='ocrx_word' id='word_1_775' title='bbox 856 5083 1096 5152; x_wconf 77' lang='grc' dir='ltr'>φυσική·</span> <span class='ocrx_word' id='word_1_776' title='bbox 1153 5084 1185 5152; x_wconf 83' lang='grc' dir='ltr'>ἠ</span> <span class='ocrx_word' id='word_1_777' title='bbox 1223 5082 1268 5134; x_wconf 85' lang='grc' dir='ltr'>δ’</span> <span class='ocrx_word' id='word_1_778' title='bbox 1316 5081 1382 5135; x_wconf 83' lang='grc' dir='ltr'><strong>αὖ</strong></span> <span class='ocrx_word' id='word_1_779' title='bbox 1413 5085 1542 5152; x_wconf 69' lang='grc' dir='ltr'>περὶ</span> <span class='ocrx_word' id='word_1_780' title='bbox 1590 5086 1660 5138; x_wconf 82' lang='grc' dir='ltr'><strong>τὰ,</strong></span> <span class='ocrx_word' id='word_1_781' title='bbox 1694 5084 1832 5149; x_wconf 79' lang='grc' dir='ltr'>θεῖα,</span> <span class='ocrx_word' id='word_1_782' title='bbox 1860 5084 2044 5138; x_wconf 87' lang='grc' dir='ltr'>θεοσέ-</span> 
     </span>
    </p>
   </div>
   <div class='ocr_carea' id='block_1_96' title="bbox 470 5171 2049 5245">
    <p class='ocr_par' dir='ltr' id='par_1_96' title="bbox 470 5171 2049 5245">
     <span class='ocr_line' id='line_1_96' title="bbox 470 5171 2049 5245; baseline 0.004 -21"><span class='ocrx_word' id='word_1_783' title='bbox 470 5176 611 5233; x_wconf 80' lang='grc' dir='ltr'>6εια.</span> <span class='ocrx_word' id='word_1_784' title='bbox 646 5176 708 5227; x_wconf 79' lang='grc' dir='ltr'>Δί</span> <span class='ocrx_word' id='word_1_785' title='bbox 746 5174 843 5243; x_wconf 76' lang='grc' dir='ltr'>μὲν</span> <span class='ocrx_word' id='word_1_786' title='bbox 879 5175 944 5245; x_wconf 73' lang='grc' dir='ltr'>δὴ</span> <span class='ocrx_word' id='word_1_787' title='bbox 970 5175 1079 5227; x_wconf 81' lang='grc' dir='ltr'>τῶν</span> <span class='ocrx_word' id='word_1_788' title='bbox 1105 5176 1317 5244; x_wconf 80' lang='grc' dir='ltr'>ἀρετῶν</span> <span class='ocrx_word' id='word_1_789' title='bbox 1345 5177 1479 5229; x_wconf 72' lang='grc' dir='ltr'>ἰδέαι</span> <span class='ocrx_word' id='word_1_790' title='bbox 1507 5171 1691 5242; x_wconf 76' lang='grc' dir='ltr'>αὗται,</span> <span class='ocrx_word' id='word_1_791' title='bbox 1733 5181 1824 5232; x_wconf 78' lang='grc' dir='ltr'>καὶ</span> <span class='ocrx_word' id='word_1_792' title='bbox 1853 5179 2049 5231; x_wconf 84' lang='grc' dir='ltr'>τοσαῦ-</span> 
     </span>
    </p>
   </div>
   <div class='ocr_carea' id='block_1_97' title="bbox 471 5269 2047 5341">
    <p class='ocr_par' dir='ltr' id='par_1_97' title="bbox 471 5269 2047 5341">
     <span class='ocr_line' id='line_1_97' title="bbox 471 5269 2047 5341; baseline 0.003 -21"><span class='ocrx_word' id='word_1_793' title='bbox 471 5285 594 5321; x_wconf 78' lang='grc' dir='ltr'>ταιο</span> <span class='ocrx_word' id='word_1_794' title='bbox 621 5269 736 5321; x_wconf 85' lang='grc' dir='ltr'>ἑνδν</span> <span class='ocrx_word' id='word_1_795' title='bbox 787 5270 887 5340; x_wconf 69' lang='grc' dir='ltr'><strong>μὲν</strong></span> <span class='ocrx_word' id='word_1_796' title='bbox 940 5271 1032 5322; x_wconf 75' lang='grc' dir='ltr'><strong>καὶ</strong></span> <span class='ocrx_word' id='word_1_797' title='bbox 1067 5273 1145 5333; x_wconf 86' lang='grc' dir='ltr'>εἰς</span> <span class='ocrx_word' id='word_1_798' title='bbox 1176 5271 1348 5324; x_wconf 86' lang='grc' dir='ltr'>πλείω</span> <span class='ocrx_word' id='word_1_799' title='bbox 1400 5289 1456 5323; x_wconf 83' lang='grc' dir='ltr'><strong>τε</strong></span> <span class='ocrx_word' id='word_1_800' title='bbox 1498 5274 1591 5325; x_wconf 83' lang='grc' dir='ltr'>καὶ</span> <span class='ocrx_word' id='word_1_801' title='bbox 1625 5273 1692 5325; x_wconf 82' lang='grc' dir='ltr'>τὰ</span> <span class='ocrx_word' id='word_1_802' title='bbox 1747 5273 2047 5341; x_wconf 80' lang='grc' dir='ltr'>μικρότερα</span> 
     </span>
    </p>
   </div>
   <div class='ocr_carea' id='block_1_98' title="bbox 468 5359 2044 5437">
    <p class='ocr_par' dir='ltr' id='par_1_98' title="bbox 468 5359 2044 5437">
     <span class='ocr_line' id='line_1_98' title="bbox 468 5359 2044 5437; baseline 0.005 -27"><span class='ocrx_word' id='word_1_803' title='bbox 468 5359 682 5420; x_wconf 78' lang='grc' dir='ltr'>διελεῖν,</span> <span class='ocrx_word' id='word_1_804' title='bbox 720 5362 976 5430; x_wconf 83' lang='grc' dir='ltr'>ἀποχρῶν</span> <span class='ocrx_word' id='word_1_805' title='bbox 1001 5360 1044 5413; x_wconf 83' lang='grc' dir='ltr'>δ’</span> <span class='ocrx_word' id='word_1_806' title='bbox 1073 5361 1201 5437; x_wconf 82' lang='grc' dir='ltr'>ἴσως</span> <span class='ocrx_word' id='word_1_807' title='bbox 1229 5362 1320 5414; x_wconf 80' lang='grc' dir='ltr'>καὶ</span> <span class='ocrx_word' id='word_1_808' title='bbox 1344 5363 1473 5430; x_wconf 77' lang='grc' dir='ltr'>ἄχρι</span> <span class='ocrx_word' id='word_1_809' title='bbox 1495 5363 1791 5416; x_wconf 85' lang='grc' dir='ltr'>τοσούτων.</span> <span class='ocrx_word' id='word_1_810' title='bbox 1824 5364 2044 5418; x_wconf 78' lang='grc' dir='ltr'>Τούτων</span> 
     </span>
    </p>
   </div>
   <div class='ocr_carea' id='block_1_99' title="bbox 469 5448 2047 5524">
    <p class='ocr_par' dir='ltr' id='par_1_99' title="bbox 469 5448 2047 5524">
     <span class='ocr_line' id='line_1_99' title="bbox 469 5448 2047 5524; baseline 0.004 -23"><span class='ocrx_word' id='word_1_811' title='bbox 469 5450 524 5515; x_wconf 63' lang='lat' dir='ltr'><strong>at</strong></span> <span class='ocrx_word' id='word_1_812' title='bbox 552 5452 691 5522; x_wconf 81' lang='grc' dir='ltr'>αρχὴ</span> <span class='ocrx_word' id='word_1_813' title='bbox 732 5452 829 5520; x_wconf 81' lang='grc' dir='ltr'>μὲν</span> <span class='ocrx_word' id='word_1_814' title='bbox 871 5451 1108 5520; x_wconf 82' lang='grc' dir='ltr'>μάλιστα</span> <span class='ocrx_word' id='word_1_815' title='bbox 1142 5448 1260 5516; x_wconf 72' lang='grc' dir='ltr'>ταῖς</span> <span class='ocrx_word' id='word_1_816' title='bbox 1312 5455 1497 5516; x_wconf 75' lang='grc' dir='ltr'>ἄλλαις</span> <span class='ocrx_word' id='word_1_817' title='bbox 1534 5454 1766 5524; x_wconf 82' lang='grc' dir='ltr'>ὅθενπερ</span> <span class='ocrx_word' id='word_1_818' title='bbox 1799 5456 2047 5524; x_wconf 76' lang='grc' dir='ltr'>ἀρξάμε-</span> 
     </span>
    </p>
   </div>
   <div class='ocr_carea' id='block_1_100' title="bbox 470 5543 2045 5616">
    <p class='ocr_par' dir='ltr' id='par_1_100' title="bbox 470 5543 2045 5616">
     <span class='ocr_line' id='line_1_100' title="bbox 470 5543 2045 5616; baseline 0.004 -25"><span class='ocrx_word' id='word_1_819' title='bbox 470 5558 578 5607; x_wconf 80' lang='grc' dir='ltr'>νοῑ,</span> <span class='ocrx_word' id='word_1_820' title='bbox 611 5544 704 5594; x_wconf 80' lang='grc' dir='ltr'>καὶ</span> <span class='ocrx_word' id='word_1_821' title='bbox 731 5543 836 5595; x_wconf 84' lang='grc' dir='ltr'>τῶν</span> <span class='ocrx_word' id='word_1_822' title='bbox 869 5543 1071 5610; x_wconf 76' lang='grc' dir='ltr'>λοιπῶν</span> <span class='ocrx_word' id='word_1_823' title='bbox 1105 5546 1342 5611; x_wconf 71' lang='grc' dir='ltr'>ἑκάστην</span> <span class='ocrx_word' id='word_1_824' title='bbox 1399 5547 1530 5616; x_wconf 68' lang='grc' dir='ltr'>ῥᾷον</span> <span class='ocrx_word' id='word_1_825' title='bbox 1564 5548 1814 5614; x_wconf 79' lang='grc' dir='ltr'>κτήσαιτ’</span> <span class='ocrx_word' id='word_1_826' title='bbox 1846 5550 1909 5600; x_wconf 85' lang='grc' dir='ltr'><strong>άν</strong></span> <span class='ocrx_word' id='word_1_827' title='bbox 1945 5564 2045 5610; x_wconf 87' lang='grc' dir='ltr'>τις,</span> 
     </span>
    </p>
   </div>
   <div class='ocr_carea' id='block_1_101' title="bbox 463 5627 2072 5709">
    <p class='ocr_par' dir='ltr' id='par_1_101' title="bbox 463 5627 2072 5709">
     <span class='ocr_line' id='line_1_101' title="bbox 463 5627 2072 5709; baseline 0.004 -25"><span class='ocrx_word' id='word_1_828' title='bbox 463 5634 502 5702; x_wconf 74' lang='grc' dir='ltr'><strong>ἡ</strong></span> <span class='ocrx_word' id='word_1_829' title='bbox 526 5651 588 5703; x_wconf 82' lang='grc' dir='ltr'>γε</span> <span class='ocrx_word' id='word_1_830' title='bbox 616 5638 915 5706; x_wconf 84' lang='grc' dir='ltr'>κοσμιότης</span> <span class='ocrx_word' id='word_1_831' title='bbox 943 5637 1030 5703; x_wconf 74' lang='grc' dir='ltr'>εἴη</span> <span class='ocrx_word' id='word_1_832' title='bbox 1048 5639 1133 5692; x_wconf 84' lang='grc' dir='ltr'><strong>ἄν.</strong></span> <span class='ocrx_word' id='word_1_833' title='bbox 1160 5639 1280 5689; x_wconf 84' lang='grc' dir='ltr'><strong>Τῶν</strong></span> <span class='ocrx_word' id='word_1_834' title='bbox 1312 5641 1420 5707; x_wconf 85' lang='grc' dir='ltr'><strong>γάρ</strong></span> <span class='ocrx_word' id='word_1_835' title='bbox 1444 5655 1546 5690; x_wconf 83' lang='grc' dir='ltr'><strong>που</strong></span> <span class='ocrx_word' id='word_1_836' title='bbox 1568 5638 1796 5706; x_wconf 71' lang='grc' dir='ltr'>ἡδονῶν,</span> <span class='ocrx_word' id='word_1_837' title='bbox 1824 5638 1877 5690; x_wconf 88' lang='grc' dir='ltr'><strong>αἳ</strong></span> <span class='ocrx_word' id='word_1_838' title='bbox 1902 5627 2072 5709; x_wconf 46' lang='lat' dir='ltr'><strong>apto?</strong></span> 
     </span>
    </p>
   </div>
   <div class='ocr_carea' id='block_1_102' title="bbox 470 5731 2052 5804">
    <p class='ocr_par' dir='ltr' id='par_1_102' title="bbox 470 5731 2052 5804">
     <span class='ocr_line' id='line_1_102' title="bbox 470 5731 2052 5804; baseline 0.003 -24"><span class='ocrx_word' id='word_1_839' title='bbox 470 5747 560 5782; x_wconf 85' lang='grc' dir='ltr'><strong>τον</strong></span> <span class='ocrx_word' id='word_1_840' title='bbox 609 5731 761 5799; x_wconf 77' lang='grc' dir='ltr'>ἡμῶν</span> <span class='ocrx_word' id='word_1_841' title='bbox 796 5735 886 5784; x_wconf 76' lang='grc' dir='ltr'>καὶ</span> <span class='ocrx_word' id='word_1_842' title='bbox 917 5734 981 5783; x_wconf 76' lang='grc' dir='ltr'>ἐκ</span> <span class='ocrx_word' id='word_1_843' title='bbox 1010 5734 1130 5784; x_wconf 78' lang='grc' dir='ltr'>νέου</span> <span class='ocrx_word' id='word_1_844' title='bbox 1175 5731 1523 5800; x_wconf 74' lang='grc' dir='ltr'>τυραννοῦσι,</span> <span class='ocrx_word' id='word_1_845' title='bbox 1564 5733 1802 5802; x_wconf 81' lang='grc' dir='ltr'>μάλιστα</span> <span class='ocrx_word' id='word_1_846' title='bbox 1843 5734 2052 5804; x_wconf 63' lang='grc' dir='ltr'>ἐπιχει-</span> 
     </span>
    </p>
   </div>
   <div class='ocr_carea' id='block_1_103' title="bbox 474 5817 2048 5895">
    <p class='ocr_par' dir='ltr' id='par_1_103' title="bbox 474 5817 2048 5895">
     <span class='ocr_line' id='line_1_103' title="bbox 474 5817 2048 5895; baseline 0.006 -24"><span class='ocrx_word' id='word_1_847' title='bbox 474 5822 558 5889; x_wconf 78' lang='grc' dir='ltr'><strong>ρεῖ</strong></span> <span class='ocrx_word' id='word_1_848' title='bbox 589 5825 807 5892; x_wconf 82' lang='grc' dir='ltr'>κρατεῖν</span> <span class='ocrx_word' id='word_1_849' title='bbox 841 5817 979 5894; x_wconf 75' lang='grc' dir='ltr'>αὕτη</span> <span class='ocrx_word' id='word_1_850' title='bbox 1012 5825 1256 5894; x_wconf 76' lang='grc' dir='ltr'>ἡάρετὴ,</span> <span class='ocrx_word' id='word_1_851' title='bbox 1284 5823 1566 5894; x_wconf 83' lang='grc' dir='ltr'>διελομένη</span> <span class='ocrx_word' id='word_1_852' title='bbox 1605 5824 1700 5887; x_wconf 63' lang='grc' dir='ltr'>τὰς</span> <span class='ocrx_word' id='word_1_853' title='bbox 1731 5824 1830 5892; x_wconf 72' lang='grc' dir='ltr'>μὲν</span> <span class='ocrx_word' id='word_1_854' title='bbox 1881 5827 2048 5895; x_wconf 82' lang='grc' dir='ltr'><strong>ἀναγ-</strong></span> 
     </span>
    </p>
   </div>
   <div class='ocr_carea' id='block_1_104' title="bbox 2153 4627 3724 4695">
    <p class='ocr_par' dir='ltr' id='par_1_104' title="bbox 2153 4627 3724 4695">
     <span class='ocr_line' id='line_1_104' title="bbox 2153 4627 3724 4695; baseline -0.001 -10"><span class='ocrx_word' id='word_1_855' title='bbox 2153 4631 2470 4691; x_wconf 77' lang='lat' dir='ltr'><strong>clementia,</strong></span> <span class='ocrx_word' id='word_1_856' title='bbox 2502 4630 2554 4682; x_wconf 92' lang='lat' dir='ltr'><strong>in</strong></span> <span class='ocrx_word' id='word_1_857' title='bbox 2605 4630 2672 4682; x_wconf 89' lang='lat' dir='ltr'><strong>iis</strong></span> <span class='ocrx_word' id='word_1_858' title='bbox 2697 4644 2817 4695; x_wconf 65' lang='lat' dir='ltr'><strong>qua:</strong></span> <span class='ocrx_word' id='word_1_859' title='bbox 2875 4629 2942 4682; x_wconf 89' lang='lat' dir='ltr'><strong>ab</strong></span> <span class='ocrx_word' id='word_1_860' title='bbox 3015 4628 3330 4682; x_wconf 85' lang='lat' dir='ltr'><strong>hominibus</strong></span> <span class='ocrx_word' id='word_1_861' title='bbox 3387 4627 3724 4684; x_wconf 56' lang='lat' dir='ltr'><strong>oderantur»</strong></span> 
     </span>
    </p>
   </div>
   <div class='ocr_carea' id='block_1_105' title="bbox 2146 4717 3728 4788">
    <p class='ocr_par' dir='ltr' id='par_1_105' title="bbox 2146 4717 3728 4788">
     <span class='ocr_line' id='line_1_105' title="bbox 2146 4717 3728 4788; baseline -0.002 -12"><span class='ocrx_word' id='word_1_862' title='bbox 2146 4721 2378 4776; x_wconf 72' lang='lat' dir='ltr'><strong>.Iustitize</strong></span> <span class='ocrx_word' id='word_1_863' title='bbox 2422 4737 2586 4788; x_wconf 84' lang='lat' dir='ltr'><strong>porro</strong></span> <span class='ocrx_word' id='word_1_864' title='bbox 2621 4717 2810 4776; x_wconf 80' lang='lat' dir='ltr'><strong>eadem</strong></span> <span class='ocrx_word' id='word_1_865' title='bbox 2847 4721 2983 4774; x_wconf 88' lang='lat' dir='ltr'><strong>ratio</strong></span> <span class='ocrx_word' id='word_1_866' title='bbox 3025 4730 3126 4786; x_wconf 87' lang='lat' dir='ltr'><strong>est,</strong></span> <span class='ocrx_word' id='word_1_867' title='bbox 3187 4735 3308 4786; x_wconf 80' lang='lat' dir='ltr'><strong>qua:</strong></span> <span class='ocrx_word' id='word_1_868' title='bbox 3351 4719 3728 4774; x_wconf 81' lang='lat' dir='ltr'><strong>conservatrix</strong></span> 
     </span>
    </p>
   </div>
   <div class='ocr_carea' id='block_1_106' title="bbox 2147 4814 3730 4883">
    <p class='ocr_par' dir='ltr' id='par_1_106' title="bbox 2147 4814 3730 4883">
     <span class='ocr_line' id='line_1_106' title="bbox 2147 4814 3730 4883; baseline -0.002 -15"><span class='ocrx_word' id='word_1_869' title='bbox 2147 4829 2228 4868; x_wconf 75' lang='lat' dir='ltr'><strong>est</strong></span> <span class='ocrx_word' id='word_1_870' title='bbox 2280 4815 2398 4883; x_wconf 90' lang='lat' dir='ltr'><strong>ejus</strong></span> <span class='ocrx_word' id='word_1_871' title='bbox 2480 4814 2652 4869; x_wconf 88' lang='lat' dir='ltr'><strong>nostri</strong></span> <span class='ocrx_word' id='word_1_872' title='bbox 2725 4815 2969 4868; x_wconf 85' lang='lat' dir='ltr'><strong>muneris</strong></span> <span class='ocrx_word' id='word_1_873' title='bbox 3039 4830 3148 4883; x_wconf 89' lang='lat' dir='ltr'><strong>quo</strong></span> <span class='ocrx_word' id='word_1_874' title='bbox 3224 4829 3349 4867; x_wconf 90' lang='lat' dir='ltr'><strong>cum</strong></span> <span class='ocrx_word' id='word_1_875' title='bbox 3399 4826 3730 4882; x_wconf 88' lang='lat' dir='ltr'><strong>unoquoque</strong></span> 
     </span>
    </p>
   </div>
   <div class='ocr_carea' id='block_1_107' title="bbox 2151 4904 3728 4975">
    <p class='ocr_par' dir='ltr' id='par_1_107' title="bbox 2151 4904 3728 4975">
     <span class='ocr_line' id='line_1_107' title="bbox 2151 4904 3728 4975; baseline -0.003 -15"><span class='ocrx_word' id='word_1_876' title='bbox 2151 4921 2538 4975; x_wconf 90' lang='lat' dir='ltr'><strong>comparamur</strong></span> <span class='ocrx_word' id='word_1_877' title='bbox 2571 4907 2977 4974; x_wconf 84' lang='lat' dir='ltr'><strong>(comparamur</strong></span> <span class='ocrx_word' id='word_1_878' title='bbox 3025 4915 3206 4959; x_wconf 89' lang='lat' dir='ltr'><strong>autem</strong></span> <span class='ocrx_word' id='word_1_879' title='bbox 3263 4921 3387 4960; x_wconf 91' lang='lat' dir='ltr'><strong>cum</strong></span> <span class='ocrx_word' id='word_1_880' title='bbox 3446 4904 3575 4965; x_wconf 75' lang='lat' dir='ltr'><strong>Deo,</strong></span> <span class='ocrx_word' id='word_1_881' title='bbox 3605 4913 3728 4956; x_wconf 76' lang='lat' dir='ltr'><strong>tan-</strong></span> 
     </span>
    </p>
   </div>
   <div class='ocr_carea' id='block_1_108' title="bbox 2154 4995 3724 5066">
    <p class='ocr_par' dir='ltr' id='par_1_108' title="bbox 2154 4995 3724 5066">
     <span class='ocr_line' id='line_1_108' title="bbox 2154 4995 3724 5066; baseline 0 -16"><span class='ocrx_word' id='word_1_882' title='bbox 2154 5011 2508 5066; x_wconf 62' lang='lat' dir='ltr'><strong>quam~0pera</strong></span> <span class='ocrx_word' id='word_1_883' title='bbox 2546 4995 2664 5063; x_wconf 83' lang='lat' dir='ltr'><strong>ejus</strong></span> <span class='ocrx_word' id='word_1_884' title='bbox 2706 5007 2754 5050; x_wconf 94' lang='lat' dir='ltr'><strong>et</strong></span> <span class='ocrx_word' id='word_1_885' title='bbox 2783 4998 3186 5066; x_wconf 83' lang='lat' dir='ltr'><strong>possessiones,</strong></span> <span class='ocrx_word' id='word_1_886' title='bbox 3220 5013 3344 5050; x_wconf 86' lang='lat' dir='ltr'><strong>cum</strong></span> <span class='ocrx_word' id='word_1_887' title='bbox 3406 4997 3724 5050; x_wconf 87' lang='lat' dir='ltr'><strong>hominibus</strong></span> 
     </span>
    </p>
   </div>
   <div class='ocr_carea' id='block_1_109' title="bbox 2150 5089 3724 5160">
    <p class='ocr_par' dir='ltr' id='par_1_109' title="bbox 2150 5089 3724 5160">
     <span class='ocr_line' id='line_1_109' title="bbox 2150 5089 3724 5160; baseline 0.001 -18"><span class='ocrx_word' id='word_1_888' title='bbox 2150 5101 2352 5157; x_wconf 87' lang='lat' dir='ltr'><strong>autem,</strong></span> <span class='ocrx_word' id='word_1_889' title='bbox 2395 5089 2537 5145; x_wconf 91' lang='lat' dir='ltr'><strong>sicut</strong></span> <span class='ocrx_word' id='word_1_890' title='bbox 2593 5091 2811 5160; x_wconf 71' lang='lat' dir='ltr'><strong>cegnati</strong></span> <span class='ocrx_word' id='word_1_891' title='bbox 2841 5091 3013 5146; x_wconf 89' lang='lat' dir='ltr'><strong>simus</strong></span> <span class='ocrx_word' id='word_1_892' title='bbox 3053 5090 3334 5151; x_wconf 87' lang='lat' dir='ltr'><strong>omnibus,</strong></span> <span class='ocrx_word' id='word_1_893' title='bbox 3376 5091 3592 5145; x_wconf 89' lang='lat' dir='ltr'><strong>tametsi</strong></span> <span class='ocrx_word' id='word_1_894' title='bbox 3619 5090 3724 5144; x_wconf 85' lang='lat' dir='ltr'><strong>alia</strong></span> 
     </span>
    </p>
   </div>
   <div class='ocr_carea' id='block_1_110' title="bbox 2152 5182 3730 5252">
    <p class='ocr_par' dir='ltr' id='par_1_110' title="bbox 2152 5182 3730 5252">
     <span class='ocr_line' id='line_1_110' title="bbox 2152 5182 3730 5252; baseline -0.001 -16"><span class='ocrx_word' id='word_1_895' title='bbox 2152 5182 2324 5237; x_wconf 88' lang='lat' dir='ltr'><strong>nostri</strong></span> <span class='ocrx_word' id='word_1_896' title='bbox 2377 5197 2506 5252; x_wconf 77' lang='lat' dir='ltr'><strong>erga</strong></span> <span class='ocrx_word' id='word_1_897' title='bbox 2547 5182 2686 5237; x_wconf 85' lang='lat' dir='ltr'><strong>alios</strong></span> <span class='ocrx_word' id='word_1_898' title='bbox 2749 5184 2888 5236; x_wconf 88' lang='lat' dir='ltr'><strong>ratio</strong></span> <span class='ocrx_word' id='word_1_899' title='bbox 2954 5183 3068 5252; x_wconf 89' lang='lat' dir='ltr'><strong>sit).</strong></span> <span class='ocrx_word' id='word_1_900' title='bbox 3104 5183 3222 5236; x_wconf 88' lang='lat' dir='ltr'><strong>Erit</strong></span> <span class='ocrx_word' id='word_1_901' title='bbox 3277 5183 3438 5249; x_wconf 69' lang='lat' dir='ltr'><strong>igitur</strong></span> <span class='ocrx_word' id='word_1_902' title='bbox 3503 5197 3565 5236; x_wconf 88' lang='lat' dir='ltr'><strong>ea</strong></span> <span class='ocrx_word' id='word_1_903' title='bbox 3605 5197 3730 5236; x_wconf 84' lang='lat' dir='ltr'><strong>san-</strong></span> 
     </span>
    </p>
   </div>
   <div class='ocr_carea' id='block_1_111' title="bbox 2150 5273 3732 5344">
    <p class='ocr_par' dir='ltr' id='par_1_111' title="bbox 2150 5273 3732 5344">
     <span class='ocr_line' id='line_1_111' title="bbox 2150 5273 3732 5344; baseline -0.003 -14"><span class='ocrx_word' id='word_1_904' title='bbox 2150 5275 2307 5330; x_wconf 88' lang='lat' dir='ltr'><strong>ctitas</strong></span> <span class='ocrx_word' id='word_1_905' title='bbox 2335 5273 2386 5326; x_wconf 91' lang='lat' dir='ltr'><strong>iu</strong></span> <span class='ocrx_word' id='word_1_906' title='bbox 2420 5276 2586 5329; x_wconf 86' lang='lat' dir='ltr'><strong>rebus</strong></span> <span class='ocrx_word' id='word_1_907' title='bbox 2617 5275 2858 5339; x_wconf 77' lang='lat' dir='ltr'><strong>divinis;</strong></span> <span class='ocrx_word' id='word_1_908' title='bbox 2906 5275 2958 5328; x_wconf 92' lang='lat' dir='ltr'><strong>in</strong></span> <span class='ocrx_word' id='word_1_909' title='bbox 2995 5275 3249 5330; x_wconf 85' lang='lat' dir='ltr'><strong>Immanis</strong></span> <span class='ocrx_word' id='word_1_910' title='bbox 3285 5275 3609 5344; x_wconf 85' lang='lat' dir='ltr'><strong>respublica,</strong></span> <span class='ocrx_word' id='word_1_911' title='bbox 3646 5289 3732 5327; x_wconf 78' lang='lat' dir='ltr'><strong>ra-</strong></span> 
     </span>
    </p>
   </div>
   <div class='ocr_carea' id='block_1_112' title="bbox 2154 5367 3727 5438">
    <p class='ocr_par' dir='ltr' id='par_1_112' title="bbox 2154 5367 3727 5438">
     <span class='ocr_line' id='line_1_112' title="bbox 2154 5367 3727 5438; baseline 0.001 -18"><span class='ocrx_word' id='word_1_912' title='bbox 2154 5368 2299 5421; x_wconf 86' lang='lat' dir='ltr'><strong>tione</strong></span> <span class='ocrx_word' id='word_1_913' title='bbox 2330 5367 2566 5422; x_wconf 82' lang='lat' dir='ltr'><strong>civitatis</strong></span> <span class='ocrx_word' id='word_1_914' title='bbox 2594 5385 2608 5433; x_wconf 88' lang='lat'><strong>;</strong></span> <span class='ocrx_word' id='word_1_915' title='bbox 2636 5367 2852 5421; x_wconf 88' lang='lat' dir='ltr'><strong>bonitas</strong></span> <span class='ocrx_word' id='word_1_916' title='bbox 2884 5379 3087 5432; x_wconf 85' lang='lat' dir='ltr'><strong>autem,</strong></span> <span class='ocrx_word' id='word_1_917' title='bbox 3111 5381 3365 5438; x_wconf 83' lang='lat' dir='ltr'><strong>rcspecm</strong></span> <span class='ocrx_word' id='word_1_918' title='bbox 3394 5369 3727 5437; x_wconf 82' lang='lat' dir='ltr'><strong>privatorum</strong></span> 
     </span>
    </p>
   </div>
   <div class='ocr_carea' id='block_1_113' title="bbox 2151 5447 3719 5527">
    <p class='ocr_par' dir='ltr' id='par_1_113' title="bbox 2151 5447 3719 5527">
     <span class='ocr_line' id='line_1_113' title="bbox 2151 5447 3719 5527; baseline 0.001 -15"><span class='ocrx_word' id='word_1_919' title='bbox 2151 5461 2457 5513; x_wconf 89' lang='lat' dir='ltr'><strong>hominum.</strong></span> <span class='ocrx_word' id='word_1_920' title='bbox 2508 5457 2628 5511; x_wconf 85' lang='lat' dir='ltr'><strong>Jam</strong></span> <span class='ocrx_word' id='word_1_921' title='bbox 2665 5458 2951 5527; x_wconf 82' lang='lat' dir='ltr'><strong>prudentia</strong></span> <span class='ocrx_word' id='word_1_922' title='bbox 2985 5460 3089 5513; x_wconf 86' lang='lat' dir='ltr'><strong>alia</strong></span> <span class='ocrx_word' id='word_1_923' title='bbox 3124 5469 3373 5514; x_wconf 83' lang='lat' dir='ltr'><strong>versatur</strong></span> <span class='ocrx_word' id='word_1_924' title='bbox 3428 5461 3484 5512; x_wconf 89' lang='lat' dir='ltr'><strong>in</strong></span> <span class='ocrx_word' id='word_1_925' title='bbox 3519 5447 3719 5518; x_wconf 84' lang='lat' dir='ltr'><strong>divinis</strong></span> 
     </span>
    </p>
   </div>
   <div class='ocr_carea' id='block_1_114' title="bbox 2151 5549 3724 5618">
    <p class='ocr_par' dir='ltr' id='par_1_114' title="bbox 2151 5549 3724 5618">
     <span class='ocr_line' id='line_1_114' title="bbox 2151 5549 3724 5618; baseline -0.002 -15"><span class='ocrx_word' id='word_1_926' title='bbox 2151 5560 2204 5603; x_wconf 93' lang='lat' dir='ltr'><strong>et</strong></span> <span class='ocrx_word' id='word_1_927' title='bbox 2235 5549 2539 5618; x_wconf 84' lang='lat' dir='ltr'><strong>perpetuis,</strong></span> <span class='ocrx_word' id='word_1_928' title='bbox 2572 5551 2678 5602; x_wconf 85' lang='lat' dir='ltr'><strong>alia</strong></span> <span class='ocrx_word' id='word_1_929' title='bbox 2720 5550 2772 5601; x_wconf 88' lang='lat' dir='ltr'><strong>in</strong></span> <span class='ocrx_word' id='word_1_930' title='bbox 2808 5558 2999 5603; x_wconf 55' lang='lat' dir='ltr'><strong>natura</strong></span> <span class='ocrx_word' id='word_1_931' title='bbox 3031 5559 3084 5602; x_wconf 88' lang='lat' dir='ltr'><strong>ct</strong></span> <span class='ocrx_word' id='word_1_932' title='bbox 3125 5549 3189 5602; x_wconf 91' lang='lat' dir='ltr'><strong>iis</strong></span> <span class='ocrx_word' id='word_1_933' title='bbox 3241 5565 3362 5617; x_wconf 70' lang='lat' dir='ltr'><strong>quae</strong></span> <span class='ocrx_word' id='word_1_934' title='bbox 3394 5557 3724 5613; x_wconf 86' lang='lat' dir='ltr'><strong>nascuntur,</strong></span> 
     </span>
    </p>
   </div>
   <div class='ocr_carea' id='block_1_115' title="bbox 2152 5629 3729 5706">
    <p class='ocr_par' dir='ltr' id='par_1_115' title="bbox 2152 5629 3729 5706">
     <span class='ocr_line' id='line_1_115' title="bbox 2152 5629 3729 5706; baseline -0.001 -13"><span class='ocrx_word' id='word_1_935' title='bbox 2152 5643 2253 5693; x_wconf 85' lang='lat' dir='ltr'><strong>alia</strong></span> <span class='ocrx_word' id='word_1_936' title='bbox 2322 5641 2375 5692; x_wconf 90' lang='lat' dir='ltr'><strong>in</strong></span> <span class='ocrx_word' id='word_1_937' title='bbox 2435 5629 2839 5694; x_wconf 27' lang='lat' dir='ltr'><strong>rebus-nostris</strong></span> <span class='ocrx_word' id='word_1_938' title='bbox 2868 5651 2932 5696; x_wconf 31' lang='lat' dir='ltr'><strong>et.</strong></span> <span class='ocrx_word' id='word_1_939' title='bbox 2974 5641 3228 5693; x_wconf 87' lang='lat' dir='ltr'><strong>humanis</strong></span> <span class='ocrx_word' id='word_1_940' title='bbox 3259 5654 3273 5701; x_wconf 87' lang='lat'><strong>;</strong></span> <span class='ocrx_word' id='word_1_941' title='bbox 3308 5639 3535 5706; x_wconf 88' lang='lat' dir='ltr'><strong>proinde</strong></span> <span class='ocrx_word' id='word_1_942' title='bbox 3562 5641 3729 5692; x_wconf 84' lang='lat' dir='ltr'><strong>etiam</strong></span> 
     </span>
    </p>
   </div>
   <div class='ocr_carea' id='block_1_116' title="bbox 2151 5733 3734 5804">
    <p class='ocr_par' dir='ltr' id='par_1_116' title="bbox 2151 5733 3734 5804">
     <span class='ocr_line' id='line_1_116' title="bbox 2151 5733 3734 5804; baseline 0 -18"><span class='ocrx_word' id='word_1_943' title='bbox 2151 5733 2270 5800; x_wconf 82' lang='lat' dir='ltr'><strong>ejus</strong></span> <span class='ocrx_word' id='word_1_944' title='bbox 2314 5733 2475 5787; x_wconf 81' lang='lat' dir='ltr'><strong>fuerit</strong></span> <span class='ocrx_word' id='word_1_945' title='bbox 2529 5747 2591 5787; x_wconf 82' lang='lat' dir='ltr'><strong>ea</strong></span> <span class='ocrx_word' id='word_1_946' title='bbox 2623 5749 2767 5803; x_wconf 86' lang='lat' dir='ltr'><strong>pars,</strong></span> <span class='ocrx_word' id='word_1_947' title='bbox 2812 5749 2930 5804; x_wconf 75' lang='lat' dir='ltr'><strong>qua:</strong></span> <span class='ocrx_word' id='word_1_948' title='bbox 2955 5734 3118 5788; x_wconf 81' lang='lat' dir='ltr'><strong>rebus</strong></span> <span class='ocrx_word' id='word_1_949' title='bbox 3176 5735 3431 5788; x_wconf 86' lang='lat' dir='ltr'><strong>humanis</strong></span> <span class='ocrx_word' id='word_1_950' title='bbox 3497 5749 3734 5803; x_wconf 85' lang='lat' dir='ltr'><strong>occupa-</strong></span> 
     </span>
    </p>
   </div>
   <div class='ocr_carea' id='block_1_117' title="bbox 2155 5825 3733 5894">
    <p class='ocr_par' dir='ltr' id='par_1_117' title="bbox 2155 5825 3733 5894">
     <span class='ocr_line' id='line_1_117' title="bbox 2155 5825 3733 5894; baseline 0 -14"><span class='ocrx_word' id='word_1_951' title='bbox 2155 5836 2240 5880; x_wconf 89' lang='lat' dir='ltr'><strong>tur</strong></span> <span class='ocrx_word' id='word_1_952' title='bbox 2292 5825 2504 5881; x_wconf 85' lang='lat' dir='ltr'><strong>consilii</strong></span> <span class='ocrx_word' id='word_1_953' title='bbox 2554 5826 2801 5894; x_wconf 69' lang='lat' dir='ltr'><strong>capiundi</strong></span> <span class='ocrx_word' id='word_1_954' title='bbox 2861 5826 3106 5894; x_wconf 80' lang='lat' dir='ltr'><strong>solertia,</strong></span> <span class='ocrx_word' id='word_1_955' title='bbox 3182 5841 3304 5891; x_wconf 69' lang='lat' dir='ltr'><strong>qua:</strong></span> <span class='ocrx_word' id='word_1_956' title='bbox 3346 5842 3473 5882; x_wconf 87' lang='lat' dir='ltr'><strong>vero</strong></span> <span class='ocrx_word' id='word_1_957' title='bbox 3526 5837 3733 5880; x_wconf 71' lang='lat' dir='ltr'><strong>natura:</strong></span> 
     </span>
    </p>
   </div>
  </div>
