  <div class='ocr_page' id='page_1' title='image "/cluster/home/n/w/nwhite01/storage/ocr_20150623/160/nnc1.0046980687/445.png"; bbox 0 0 4406 6450; ppageno 0'>
   <div class='ocr_carea' id='block_1_1' title="bbox 748 397 851 459">
    <p class='ocr_par' dir='ltr' id='par_1_1' title="bbox 748 397 851 459">
     <span class='ocr_line' id='line_1_1' title="bbox 748 397 851 459; baseline -0.01 -2"><span class='ocrx_word' id='word_1_1' title='bbox 748 397 851 459; x_wconf 75' lang='grc'><strong>811</strong></span> 
     </span>
    </p>
   </div>
   <div class='ocr_carea' id='block_1_2' title="bbox 1954 381 2760 469">
    <p class='ocr_par' dir='ltr' id='par_1_2' title="bbox 1954 381 2760 469">
     <span class='ocr_line' id='line_1_2' title="bbox 1954 381 2760 469; baseline -0.009 -22"><span class='ocrx_word' id='word_1_2' title='bbox 1954 386 2299 469; x_wconf 73' lang='lat' dir='ltr'><strong>CEOitGll</strong></span> <span class='ocrx_word' id='word_1_3' title='bbox 2332 381 2760 441; x_wconf 63' lang='lat' dir='ltr'><strong>P1151110le</strong></span> 
     </span>
    </p>
   </div>
   <div class='ocr_carea' id='block_1_3' title="bbox 3906 368 4011 431">
    <p class='ocr_par' dir='ltr' id='par_1_3' title="bbox 3906 368 4011 431">
     <span class='ocr_line' id='line_1_3' title="bbox 3906 368 4011 431; baseline 0.019 -3"><span class='ocrx_word' id='word_1_4' title='bbox 3906 368 4011 431; x_wconf 79' lang='lat'><strong>872</strong></span> 
     </span>
    </p>
   </div>
   <div class='ocr_carea' id='block_1_4' title="bbox 747 480 2487 569">
    <p class='ocr_par' dir='ltr' id='par_1_4' title="bbox 747 500 2487 569">
     <span class='ocr_line' id='line_1_4' title="bbox 747 500 2487 569; baseline -0.004 -11"><span class='ocrx_word' id='word_1_5' title='bbox 747 507 1139 562; x_wconf 84' lang='lat' dir='ltr'><strong>obscuritatem</strong></span> <span class='ocrx_word' id='word_1_6' title='bbox 1206 512 1420 564; x_wconf 87' lang='lat' dir='ltr'><strong>tractat,</strong></span> <span class='ocrx_word' id='word_1_7' title='bbox 1500 501 1764 556; x_wconf 74' lang='lat' dir='ltr'><strong>naturalis</strong></span> <span class='ocrx_word' id='word_1_8' title='bbox 1840 502 2143 569; x_wconf 77' lang='lat' dir='ltr'><strong>sapientia;</strong></span> <span class='ocrx_word' id='word_1_9' title='bbox 2216 500 2487 566; x_wconf 69' lang='lat' dir='ltr'><strong>quach:</strong></span> 
     </span>
    </p>
   </div>
   <div class='ocr_carea' id='block_1_5' title="bbox 2269 480 4009 569">
    <p class='ocr_par' dir='ltr' id='par_1_5' title="bbox 2269 480 4009 557">
     <span class='ocr_line' id='line_1_5' title="bbox 2269 480 4009 557; baseline -0.009 -10"><span class='ocrx_word' id='word_1_10' title='bbox 2269 511 2334 549; x_wconf 72' lang='lat' dir='ltr'><strong>ne</strong></span> <span class='ocrx_word' id='word_1_11' title='bbox 2366 500 2407 551; x_wconf 86' lang='grc' dir='ltr'><strong>Α</strong></span> <span class='ocrx_word' id='word_1_12' title='bbox 2441 492 2597 553; x_wconf 70' lang='lat' dir='ltr'><strong>nia;</strong></span> <span class='ocrx_word' id='word_1_13' title='bbox 2632 491 2834 554; x_wconf 75' lang='grc' dir='ltr'>αὐτῶν,</span> <span class='ocrx_word' id='word_1_14' title='bbox 2866 488 2963 552; x_wconf 72' lang='grc' dir='ltr'><strong>τὰς</strong></span> <span class='ocrx_word' id='word_1_15' title='bbox 3025 488 3080 540; x_wconf 81' lang='grc' dir='ltr'>δὲ</span> <span class='ocrx_word' id='word_1_16' title='bbox 3124 489 3231 557; x_wconf 80' lang='grc' dir='ltr'><strong>μή·</strong></span> <span class='ocrx_word' id='word_1_17' title='bbox 3285 486 3377 537; x_wconf 75' lang='grc' dir='ltr'>καὶ</span> <span class='ocrx_word' id='word_1_18' title='bbox 3420 484 3527 537; x_wconf 84' lang='grc' dir='ltr'><strong>τῶν</strong></span> <span class='ocrx_word' id='word_1_19' title='bbox 3569 485 3645 552; x_wconf 79' lang='grc' dir='ltr'>μὴ</span> <span class='ocrx_word' id='word_1_20' title='bbox 3693 480 4009 545; x_wconf 78' lang='grc' dir='ltr'>ἀναγκαίων</span> 
     </span>
    </p>
   </div>
   <div class='ocr_carea' id='block_1_6' title="bbox 751 592 2326 664">
    <p class='ocr_par' dir='ltr' id='par_1_6' title="bbox 751 592 2326 664">
     <span class='ocr_line' id='line_1_6' title="bbox 751 592 2326 664; baseline -0.004 -13"><span class='ocrx_word' id='word_1_21' title='bbox 751 608 932 653; x_wconf 87' lang='lat' dir='ltr'><strong>autem</strong></span> <span class='ocrx_word' id='word_1_22' title='bbox 1005 596 1191 650; x_wconf 86' lang='lat' dir='ltr'><strong>divina</strong></span> <span class='ocrx_word' id='word_1_23' title='bbox 1268 594 1671 664; x_wconf 87' lang='lat' dir='ltr'><strong>contemplatur</strong></span> <span class='ocrx_word' id='word_1_24' title='bbox 1745 596 1939 664; x_wconf 88' lang='lat' dir='ltr'><strong>pietas.</strong></span> <span class='ocrx_word' id='word_1_25' title='bbox 1993 593 2071 646; x_wconf 81' lang='lat' dir='ltr'><strong>Ac</strong></span> <span class='ocrx_word' id='word_1_26' title='bbox 2154 592 2326 645; x_wconf 86' lang='lat' dir='ltr'><strong>virtu-</strong></span> 
     </span>
    </p>
   </div>
   <div class='ocr_carea' id='block_1_7' title="bbox 752 682 2326 753">
    <p class='ocr_par' dir='ltr' id='par_1_7' title="bbox 752 682 2326 753">
     <span class='ocr_line' id='line_1_7' title="bbox 752 682 2326 753; baseline -0.005 -12"><span class='ocrx_word' id='word_1_27' title='bbox 752 698 868 741; x_wconf 89' lang='lat' dir='ltr'><strong>tum</strong></span> <span class='ocrx_word' id='word_1_28' title='bbox 947 686 1161 753; x_wconf 90' lang='lat' dir='ltr'><strong>quident</strong></span> <span class='ocrx_word' id='word_1_29' title='bbox 1223 693 1306 738; x_wconf 74' lang='lat' dir='ltr'><strong>ttae</strong></span> <span class='ocrx_word' id='word_1_30' title='bbox 1381 694 1436 739; x_wconf 88' lang='lat' dir='ltr'><strong>et</strong></span> <span class='ocrx_word' id='word_1_31' title='bbox 1488 694 1567 739; x_wconf 92' lang='lat' dir='ltr'><strong>tot</strong></span> <span class='ocrx_word' id='word_1_32' title='bbox 1644 693 1772 739; x_wconf 92' lang='lat' dir='ltr'><strong>sunt</strong></span> <span class='ocrx_word' id='word_1_33' title='bbox 1830 682 2040 746; x_wconf 63' lang='lat' dir='ltr'><strong>ferinae,</strong></span> <span class='ocrx_word' id='word_1_34' title='bbox 2126 690 2186 735; x_wconf 92' lang='lat' dir='ltr'><strong>ut</strong></span> <span class='ocrx_word' id='word_1_35' title='bbox 2233 694 2326 733; x_wconf 87' lang='lat' dir='ltr'><strong>eas</strong></span> 
     </span>
    </p>
   </div>
   <div class='ocr_carea' id='block_1_8' title="bbox 752 772 2319 842">
    <p class='ocr_par' dir='ltr' id='par_1_8' title="bbox 752 772 2319 842">
     <span class='ocr_line' id='line_1_8' title="bbox 752 772 2319 842; baseline -0.004 -15"><span class='ocrx_word' id='word_1_36' title='bbox 752 776 918 828; x_wconf 86' lang='lat' dir='ltr'><strong>dividi</strong></span> <span class='ocrx_word' id='word_1_37' title='bbox 976 789 1071 842; x_wconf 87' lang='lat' dir='ltr'><strong>par</strong></span> <span class='ocrx_word' id='word_1_38' title='bbox 1117 782 1221 827; x_wconf 90' lang='lat' dir='ltr'><strong>est.</strong></span> <span class='ocrx_word' id='word_1_39' title='bbox 1295 774 1553 839; x_wconf 87' lang='lat' dir='ltr'><strong>Quamvis</strong></span> <span class='ocrx_word' id='word_1_40' title='bbox 1610 775 1753 828; x_wconf 88' lang='lat' dir='ltr'><strong>enim</strong></span> <span class='ocrx_word' id='word_1_41' title='bbox 1815 774 1867 827; x_wconf 89' lang='lat' dir='ltr'><strong>itt</strong></span> <span class='ocrx_word' id='word_1_42' title='bbox 1928 773 2112 842; x_wconf 82' lang='lat' dir='ltr'><strong>plures</strong></span> <span class='ocrx_word' id='word_1_43' title='bbox 2162 772 2319 825; x_wconf 87' lang='lat' dir='ltr'><strong>liceat</strong></span> 
     </span>
    </p>
   </div>
   <div class='ocr_carea' id='block_1_9' title="bbox 753 863 2326 933">
    <p class='ocr_par' dir='ltr' id='par_1_9' title="bbox 753 863 2326 933">
     <span class='ocr_line' id='line_1_9' title="bbox 753 863 2326 933; baseline -0.001 -18"><span class='ocrx_word' id='word_1_44' title='bbox 753 865 988 916; x_wconf 89' lang='lat' dir='ltr'><strong>tribuere</strong></span> <span class='ocrx_word' id='word_1_45' title='bbox 1036 864 1267 930; x_wconf 79' lang='lat' dir='ltr'><strong>species,</strong></span> <span class='ocrx_word' id='word_1_46' title='bbox 1301 874 1356 919; x_wconf 86' lang='lat' dir='ltr'><strong>et</strong></span> <span class='ocrx_word' id='word_1_47' title='bbox 1409 864 1673 919; x_wconf 91' lang='lat' dir='ltr'><strong>minutius</strong></span> <span class='ocrx_word' id='word_1_48' title='bbox 1709 863 1985 933; x_wconf 81' lang='lat' dir='ltr'><strong>persequi,</strong></span> <span class='ocrx_word' id='word_1_49' title='bbox 2056 871 2237 914; x_wconf 91' lang='lat' dir='ltr'><strong>tamen</strong></span> <span class='ocrx_word' id='word_1_50' title='bbox 2271 871 2326 914; x_wconf 89' lang='lat' dir='ltr'><strong>ct</strong></span> 
     </span>
    </p>
   </div>
   <div class='ocr_carea' id='block_1_10' title="bbox 754 950 2321 1023">
    <p class='ocr_par' dir='ltr' id='par_1_10' title="bbox 754 950 2321 1023">
     <span class='ocr_line' id='line_1_10' title="bbox 754 950 2321 1023; baseline -0.002 -17"><span class='ocrx_word' id='word_1_51' title='bbox 754 955 855 1007; x_wconf 85' lang='lat' dir='ltr'><strong>hac</strong></span> <span class='ocrx_word' id='word_1_52' title='bbox 887 956 1179 1021; x_wconf 85' lang='lat' dir='ltr'><strong>partitione</strong></span> <span class='ocrx_word' id='word_1_53' title='bbox 1247 955 1488 1009; x_wconf 88' lang='lat' dir='ltr'><strong>contenti</strong></span> <span class='ocrx_word' id='word_1_54' title='bbox 1521 970 1644 1009; x_wconf 87' lang='lat' dir='ltr'><strong>esse</strong></span> <span class='ocrx_word' id='word_1_55' title='bbox 1685 969 2001 1023; x_wconf 83' lang='lat' dir='ltr'><strong>possumus.</strong></span> <span class='ocrx_word' id='word_1_56' title='bbox 2030 952 2172 1004; x_wconf 88' lang='lat' dir='ltr'><strong>Inter</strong></span> <span class='ocrx_word' id='word_1_57' title='bbox 2222 950 2321 1003; x_wconf 86' lang='lat' dir='ltr'><strong>bas</strong></span> 
     </span>
    </p>
   </div>
   <div class='ocr_carea' id='block_1_11' title="bbox 754 1044 2319 1112">
    <p class='ocr_par' dir='ltr' id='par_1_11' title="bbox 754 1044 2319 1112">
     <span class='ocr_line' id='line_1_11' title="bbox 754 1044 2319 1112; baseline -0.001 -17"><span class='ocrx_word' id='word_1_58' title='bbox 754 1052 933 1095; x_wconf 87' lang='lat' dir='ltr'><strong>autem</strong></span> <span class='ocrx_word' id='word_1_59' title='bbox 1000 1046 1229 1097; x_wconf 73' lang='lat' dir='ltr'><strong>virtutes</strong></span> <span class='ocrx_word' id='word_1_60' title='bbox 1286 1045 1651 1112; x_wconf 86' lang='lat' dir='ltr'><strong>principatum</strong></span> <span class='ocrx_word' id='word_1_61' title='bbox 1706 1046 1919 1097; x_wconf 87' lang='lat' dir='ltr'><strong>obtinet</strong></span> <span class='ocrx_word' id='word_1_62' title='bbox 1942 1044 2228 1101; x_wconf 73' lang='lat' dir='ltr'><strong>modestia,</strong></span> <span class='ocrx_word' id='word_1_63' title='bbox 2289 1055 2319 1093; x_wconf 90' lang='lat' dir='ltr'><strong>a</strong></span> 
     </span>
    </p>
   </div>
   <div class='ocr_carea' id='block_1_12' title="bbox 755 1131 2320 1201">
    <p class='ocr_par' dir='ltr' id='par_1_12' title="bbox 755 1131 2320 1201">
     <span class='ocr_line' id='line_1_12' title="bbox 755 1131 2320 1201; baseline 0.001 -20"><span class='ocrx_word' id='word_1_64' title='bbox 755 1146 861 1195; x_wconf 79' lang='lat' dir='ltr'><strong>qua</strong></span> <span class='ocrx_word' id='word_1_65' title='bbox 922 1131 964 1185; x_wconf 89' lang='lat' dir='ltr'><strong>si</strong></span> <span class='ocrx_word' id='word_1_66' title='bbox 1020 1132 1289 1201; x_wconf 84' lang='lat' dir='ltr'><strong>quispiam</strong></span> <span class='ocrx_word' id='word_1_67' title='bbox 1346 1134 1689 1200; x_wconf 86' lang='lat' dir='ltr'><strong>auspicetur,</strong></span> <span class='ocrx_word' id='word_1_68' title='bbox 1765 1133 1932 1186; x_wconf 89' lang='lat' dir='ltr'><strong>etiam</strong></span> <span class='ocrx_word' id='word_1_69' title='bbox 1986 1131 2320 1197; x_wconf 86' lang='lat' dir='ltr'><strong>reliquarum</strong></span> 
     </span>
    </p>
   </div>
   <div class='ocr_carea' id='block_1_13' title="bbox 754 1222 2324 1291">
    <p class='ocr_par' dir='ltr' id='par_1_13' title="bbox 754 1222 2324 1291">
     <span class='ocr_line' id='line_1_13' title="bbox 754 1222 2324 1291; baseline -0.001 -17"><span class='ocrx_word' id='word_1_70' title='bbox 754 1222 994 1289; x_wconf 76' lang='lat' dir='ltr'><strong>singulas</strong></span> <span class='ocrx_word' id='word_1_71' title='bbox 1030 1237 1221 1289; x_wconf 90' lang='lat' dir='ltr'><strong>parare</strong></span> <span class='ocrx_word' id='word_1_72' title='bbox 1245 1222 1349 1276; x_wconf 83' lang='lat' dir='ltr'><strong>sibi</strong></span> <span class='ocrx_word' id='word_1_73' title='bbox 1378 1231 1539 1291; x_wconf 87' lang='lat' dir='ltr'><strong>queat</strong></span> <span class='ocrx_word' id='word_1_74' title='bbox 1566 1223 1963 1289; x_wconf 75' lang='lat' dir='ltr'><strong>voluptatibus,</strong></span> <span class='ocrx_word' id='word_1_75' title='bbox 2030 1222 2177 1275; x_wconf 88' lang='lat' dir='ltr'><strong>enim</strong></span> <span class='ocrx_word' id='word_1_76' title='bbox 2214 1223 2324 1288; x_wconf 88' lang='lat' dir='ltr'><strong>pri-</strong></span> 
     </span>
    </p>
   </div>
   <div class='ocr_carea' id='block_1_14' title="bbox 754 1315 2317 1383">
    <p class='ocr_par' dir='ltr' id='par_1_14' title="bbox 754 1315 2317 1383">
     <span class='ocr_line' id='line_1_14' title="bbox 754 1315 2317 1383; baseline 0.001 -20"><span class='ocrx_word' id='word_1_77' title='bbox 754 1328 901 1364; x_wconf 89' lang='lat' dir='ltr'><strong>ntum</strong></span> <span class='ocrx_word' id='word_1_78' title='bbox 929 1316 979 1365; x_wconf 93' lang='lat' dir='ltr'><strong>in</strong></span> <span class='ocrx_word' id='word_1_79' title='bbox 1008 1328 1128 1376; x_wconf 89' lang='lat' dir='ltr'><strong>nos,</strong></span> <span class='ocrx_word' id='word_1_80' title='bbox 1186 1324 1239 1367; x_wconf 91' lang='lat' dir='ltr'><strong>et</strong></span> <span class='ocrx_word' id='word_1_81' title='bbox 1274 1315 1325 1368; x_wconf 88' lang='lat' dir='ltr'><strong>in</strong></span> <span class='ocrx_word' id='word_1_82' title='bbox 1359 1315 1721 1368; x_wconf 81' lang='lat' dir='ltr'><strong>adolescentia</strong></span> <span class='ocrx_word' id='word_1_83' title='bbox 1805 1315 2177 1383; x_wconf 87' lang='lat' dir='ltr'><strong>potissimum,</strong></span> <span class='ocrx_word' id='word_1_84' title='bbox 2235 1322 2317 1382; x_wconf 83' lang='lat' dir='ltr'><strong>ty-</strong></span> 
     </span>
    </p>
   </div>
   <div class='ocr_carea' id='block_1_15' title="bbox 752 1403 2318 1472">
    <p class='ocr_par' dir='ltr' id='par_1_15' title="bbox 752 1403 2318 1472">
     <span class='ocr_line' id='line_1_15' title="bbox 752 1403 2318 1472; baseline 0.001 -18"><span class='ocrx_word' id='word_1_85' title='bbox 752 1403 1036 1455; x_wconf 89' lang='lat' dir='ltr'><strong>rannidem</strong></span> <span class='ocrx_word' id='word_1_86' title='bbox 1063 1415 1337 1469; x_wconf 82' lang='lat' dir='ltr'><strong>exercent,</strong></span> <span class='ocrx_word' id='word_1_87' title='bbox 1395 1406 1630 1458; x_wconf 88' lang='lat' dir='ltr'><strong>instituit</strong></span> <span class='ocrx_word' id='word_1_88' title='bbox 1665 1404 1935 1472; x_wconf 88' lang='lat' dir='ltr'><strong>imperare</strong></span> <span class='ocrx_word' id='word_1_89' title='bbox 1974 1404 2090 1457; x_wconf 71' lang='lat' dir='ltr'><strong>inec</strong></span> <span class='ocrx_word' id='word_1_90' title='bbox 2119 1404 2318 1463; x_wconf 85' lang='lat' dir='ltr'><strong>virtus,</strong></span> 
     </span>
    </p>
   </div>
   <div class='ocr_carea' id='block_1_16' title="bbox 752 1494 2317 1563">
    <p class='ocr_par' dir='ltr' id='par_1_16' title="bbox 752 1494 2317 1563">
     <span class='ocr_line' id='line_1_16' title="bbox 752 1494 2317 1563; baseline 0.001 -17"><span class='ocrx_word' id='word_1_91' title='bbox 752 1503 807 1546; x_wconf 83' lang='lat' dir='ltr'><strong>et</strong></span> <span class='ocrx_word' id='word_1_92' title='bbox 845 1509 937 1547; x_wconf 84' lang='lat' dir='ltr'><strong>cas</strong></span> <span class='ocrx_word' id='word_1_93' title='bbox 1007 1494 1079 1547; x_wconf 87' lang='lat' dir='ltr'><strong>ita</strong></span> <span class='ocrx_word' id='word_1_94' title='bbox 1130 1496 1407 1563; x_wconf 75' lang='lat' dir='ltr'><strong>distinguit</strong></span> <span class='ocrx_word' id='word_1_95' title='bbox 1450 1507 1503 1549; x_wconf 91' lang='lat' dir='ltr'><strong>et</strong></span> <span class='ocrx_word' id='word_1_96' title='bbox 1561 1496 1755 1563; x_wconf 86' lang='lat' dir='ltr'><strong>partim</strong></span> <span class='ocrx_word' id='word_1_97' title='bbox 1792 1496 1904 1549; x_wconf 91' lang='lat' dir='ltr'><strong>sint</strong></span> <span class='ocrx_word' id='word_1_98' title='bbox 1955 1494 2317 1557; x_wconf 77' lang='lat' dir='ltr'><strong>necessariae,</strong></span> 
     </span>
    </p>
   </div>
   <div class='ocr_carea' id='block_1_17' title="bbox 755 1584 2321 1653">
    <p class='ocr_par' dir='ltr' id='par_1_17' title="bbox 755 1584 2321 1653">
     <span class='ocr_line' id='line_1_17' title="bbox 755 1584 2321 1653; baseline 0.002 -19"><span class='ocrx_word' id='word_1_99' title='bbox 755 1584 950 1651; x_wconf 86' lang='lat' dir='ltr'><strong>partim</strong></span> <span class='ocrx_word' id='word_1_100' title='bbox 1010 1600 1450 1653; x_wconf 66' lang='lat' dir='ltr'><strong>supermeanem,</strong></span> <span class='ocrx_word' id='word_1_101' title='bbox 1510 1601 1573 1638; x_wconf 91' lang='lat' dir='ltr'><strong>ac</strong></span> <span class='ocrx_word' id='word_1_102' title='bbox 1601 1601 1794 1639; x_wconf 86' lang='lat' dir='ltr'><strong>rursus</strong></span> <span class='ocrx_word' id='word_1_103' title='bbox 1832 1600 1939 1638; x_wconf 89' lang='lat' dir='ltr'><strong>non</strong></span> <span class='ocrx_word' id='word_1_104' title='bbox 1981 1584 2321 1638; x_wconf 87' lang='lat' dir='ltr'><strong>necessarias</strong></span> 
     </span>
    </p>
   </div>
   <div class='ocr_carea' id='block_1_18' title="bbox 754 1673 2320 1742">
    <p class='ocr_par' dir='ltr' id='par_1_18' title="bbox 754 1673 2320 1742">
     <span class='ocr_line' id='line_1_18' title="bbox 754 1673 2320 1742; baseline 0.002 -20"><span class='ocrx_word' id='word_1_105' title='bbox 754 1674 1013 1739; x_wconf 87' lang='lat' dir='ltr'><strong>quasdam</strong></span> <span class='ocrx_word' id='word_1_106' title='bbox 1039 1674 1270 1742; x_wconf 80' lang='lat' dir='ltr'><strong>partitur</strong></span> <span class='ocrx_word' id='word_1_107' title='bbox 1310 1674 1361 1727; x_wconf 91' lang='lat' dir='ltr'><strong>in</strong></span> <span class='ocrx_word' id='word_1_108' title='bbox 1393 1674 1965 1741; x_wconf 54' lang='lat' dir='ltr'><strong>legibusazontrarias,</strong></span> <span class='ocrx_word' id='word_1_109' title='bbox 1999 1684 2055 1727; x_wconf 90' lang='lat' dir='ltr'><strong>et</strong></span> <span class='ocrx_word' id='word_1_110' title='bbox 2099 1673 2320 1741; x_wconf 88' lang='lat' dir='ltr'><strong>nequis-</strong></span> 
     </span>
    </p>
   </div>
   <div class='ocr_carea' id='block_1_19' title="bbox 751 1764 2315 1832">
    <p class='ocr_par' dir='ltr' id='par_1_19' title="bbox 751 1764 2315 1832">
     <span class='ocr_line' id='line_1_19' title="bbox 751 1764 2315 1832; baseline -0.001 -16"><span class='ocrx_word' id='word_1_111' title='bbox 751 1764 919 1816; x_wconf 82' lang='lat' dir='ltr'><strong>simas</strong></span> <span class='ocrx_word' id='word_1_112' title='bbox 962 1773 1016 1818; x_wconf 90' lang='lat' dir='ltr'><strong>et</strong></span> <span class='ocrx_word' id='word_1_113' title='bbox 1075 1766 1283 1819; x_wconf 87' lang='lat' dir='ltr'><strong>homini</strong></span> <span class='ocrx_word' id='word_1_114' title='bbox 1336 1765 1559 1818; x_wconf 83' lang='lat' dir='ltr'><strong>minime</strong></span> <span class='ocrx_word' id='word_1_115' title='bbox 1616 1774 2002 1832; x_wconf 82' lang='lat' dir='ltr'><strong>congruentes,</strong></span> <span class='ocrx_word' id='word_1_116' title='bbox 2088 1777 2142 1817; x_wconf 85' lang='lat' dir='ltr'><strong>et</strong></span> <span class='ocrx_word' id='word_1_117' title='bbox 2219 1766 2315 1816; x_wconf 87' lang='lat' dir='ltr'><strong>bas</strong></span> 
     </span>
    </p>
   </div>
   <div class='ocr_carea' id='block_1_20' title="bbox 752 1845 2389 1925">
    <p class='ocr_par' dir='ltr' id='par_1_20' title="bbox 752 1845 2389 1925">
     <span class='ocr_line' id='line_1_20' title="bbox 752 1845 2389 1925; baseline -0.002 -18"><span class='ocrx_word' id='word_1_118' title='bbox 752 1873 974 1925; x_wconf 77' lang='lat' dir='ltr'><strong>prorsus</strong></span> <span class='ocrx_word' id='word_1_119' title='bbox 1008 1856 1253 1924; x_wconf 88' lang='lat' dir='ltr'><strong>repudiat</strong></span> <span class='ocrx_word' id='word_1_120' title='bbox 1310 1864 1361 1909; x_wconf 92' lang='lat' dir='ltr'><strong>et</strong></span> <span class='ocrx_word' id='word_1_121' title='bbox 1399 1865 1605 1909; x_wconf 90' lang='lat' dir='ltr'><strong>resecat</strong></span> <span class='ocrx_word' id='word_1_122' title='bbox 1630 1855 1697 1908; x_wconf 87' lang='lat' dir='ltr'><strong>ab</strong></span> <span class='ocrx_word' id='word_1_123' title='bbox 1723 1854 1968 1917; x_wconf 87' lang='lat' dir='ltr'><strong>omnino,</strong></span> <span class='ocrx_word' id='word_1_124' title='bbox 1999 1870 2179 1921; x_wconf 85' lang='lat' dir='ltr'><strong>neque</strong></span> <span class='ocrx_word' id='word_1_125' title='bbox 2236 1855 2315 1921; x_wconf 88' lang='lat' dir='ltr'><strong>ip-</strong></span> <span class='ocrx_word' id='word_1_126' title='bbox 2351 1845 2389 1897; x_wconf 77' lang='grc' dir='ltr'>Β</span> 
     </span>
    </p>
   </div>
   <div class='ocr_carea' id='block_1_21' title="bbox 751 1946 2315 2014">
    <p class='ocr_par' dir='ltr' id='par_1_21' title="bbox 751 1946 2315 2014">
     <span class='ocr_line' id='line_1_21' title="bbox 751 1946 2315 2014; baseline -0.001 -15"><span class='ocrx_word' id='word_1_127' title='bbox 751 1966 843 2000; x_wconf 80' lang='lat' dir='ltr'><strong>sas</strong></span> <span class='ocrx_word' id='word_1_128' title='bbox 891 1949 1090 2010; x_wconf 88' lang='lat' dir='ltr'><strong>solum,</strong></span> <span class='ocrx_word' id='word_1_129' title='bbox 1122 1946 1214 2000; x_wconf 87' lang='lat' dir='ltr'><strong>sed</strong></span> <span class='ocrx_word' id='word_1_130' title='bbox 1254 1958 1308 2000; x_wconf 92' lang='lat' dir='ltr'><strong>et</strong></span> <span class='ocrx_word' id='word_1_131' title='bbox 1344 1962 1528 1999; x_wconf 88' lang='lat' dir='ltr'><strong>carum</strong></span> <span class='ocrx_word' id='word_1_132' title='bbox 1588 1946 1967 2014; x_wconf 90' lang='lat' dir='ltr'><strong>appetittones,</strong></span> <span class='ocrx_word' id='word_1_133' title='bbox 2029 1961 2122 1998; x_wconf 79' lang='lat' dir='ltr'><strong>eas</strong></span> <span class='ocrx_word' id='word_1_134' title='bbox 2186 1961 2315 1999; x_wconf 86' lang='lat' dir='ltr'><strong>vero</strong></span> 
     </span>
    </p>
   </div>
   <div class='ocr_carea' id='block_1_22' title="bbox 752 2037 2318 2106">
    <p class='ocr_par' dir='ltr' id='par_1_22' title="bbox 752 2037 2318 2106">
     <span class='ocr_line' id='line_1_22' title="bbox 752 2037 2318 2106; baseline 0 -16"><span class='ocrx_word' id='word_1_135' title='bbox 752 2055 870 2106; x_wconf 76' lang='lat' dir='ltr'><strong>qua:</strong></span> <span class='ocrx_word' id='word_1_136' title='bbox 910 2040 976 2091; x_wconf 86' lang='lat' dir='ltr'><strong>ad</strong></span> <span class='ocrx_word' id='word_1_137' title='bbox 1010 2038 1176 2090; x_wconf 84' lang='lat' dir='ltr'><strong>vitam</strong></span> <span class='ocrx_word' id='word_1_138' title='bbox 1205 2039 1521 2091; x_wconf 57' lang='lat' dir='ltr'><strong>necessaria}</strong></span> <span class='ocrx_word' id='word_1_139' title='bbox 1548 2046 1695 2099; x_wconf 89' lang='lat' dir='ltr'><strong>suttt,</strong></span> <span class='ocrx_word' id='word_1_140' title='bbox 1751 2044 1866 2089; x_wconf 90' lang='lat' dir='ltr'><strong>tum</strong></span> <span class='ocrx_word' id='word_1_141' title='bbox 1907 2037 2173 2105; x_wconf 88' lang='lat' dir='ltr'><strong>cujusque</strong></span> <span class='ocrx_word' id='word_1_142' title='bbox 2204 2038 2318 2105; x_wconf 92' lang='lat' dir='ltr'><strong>pri-</strong></span> 
     </span>
    </p>
   </div>
   <div class='ocr_carea' id='block_1_23' title="bbox 753 2128 2317 2196">
    <p class='ocr_par' dir='ltr' id='par_1_23' title="bbox 753 2128 2317 2196">
     <span class='ocr_line' id='line_1_23' title="bbox 753 2128 2317 2196; baseline 0.003 -20"><span class='ocrx_word' id='word_1_143' title='bbox 753 2128 954 2189; x_wconf 72' lang='lat' dir='ltr'><strong>vittattt,</strong></span> <span class='ocrx_word' id='word_1_144' title='bbox 992 2140 1103 2181; x_wconf 86' lang='lat' dir='ltr'><strong>tum</strong></span> <span class='ocrx_word' id='word_1_145' title='bbox 1161 2128 1433 2196; x_wconf 81' lang='lat' dir='ltr'><strong>publicam</strong></span> <span class='ocrx_word' id='word_1_146' title='bbox 1467 2128 1835 2196; x_wconf 78' lang='lat' dir='ltr'><strong>amplectitur,</strong></span> <span class='ocrx_word' id='word_1_147' title='bbox 1864 2142 1957 2181; x_wconf 89' lang='lat' dir='ltr'><strong>eas</strong></span> <span class='ocrx_word' id='word_1_148' title='bbox 1980 2136 2161 2180; x_wconf 88' lang='lat' dir='ltr'><strong>autem</strong></span> <span class='ocrx_word' id='word_1_149' title='bbox 2196 2143 2317 2195; x_wconf 59' lang='lat' dir='ltr'><strong>qua:</strong></span> 
     </span>
    </p>
   </div>
   <div class='ocr_carea' id='block_1_24' title="bbox 751 2217 2312 2286">
    <p class='ocr_par' dir='ltr' id='par_1_24' title="bbox 751 2217 2312 2286">
     <span class='ocr_line' id='line_1_24' title="bbox 751 2217 2312 2286; baseline 0.001 -17"><span class='ocrx_word' id='word_1_150' title='bbox 751 2234 874 2269; x_wconf 87' lang='lat' dir='ltr'><strong>cum</strong></span> <span class='ocrx_word' id='word_1_151' title='bbox 902 2224 1215 2271; x_wconf 68' lang='lat' dir='ltr'><strong>necessariae</strong></span> <span class='ocrx_word' id='word_1_152' title='bbox 1241 2234 1346 2271; x_wconf 91' lang='lat' dir='ltr'><strong>non</strong></span> <span class='ocrx_word' id='word_1_153' title='bbox 1387 2219 1499 2275; x_wconf 77' lang='lat' dir='ltr'><strong>sint</strong></span> <span class='ocrx_word' id='word_1_154' title='bbox 1530 2232 1635 2271; x_wconf 88' lang='lat' dir='ltr'><strong>non</strong></span> <span class='ocrx_word' id='word_1_155' title='bbox 1663 2227 1846 2271; x_wconf 89' lang='lat' dir='ltr'><strong>tamen</strong></span> <span class='ocrx_word' id='word_1_156' title='bbox 1874 2217 2136 2286; x_wconf 79' lang='lat' dir='ltr'><strong>improba:</strong></span> <span class='ocrx_word' id='word_1_157' title='bbox 2164 2228 2312 2283; x_wconf 85' lang='lat' dir='ltr'><strong>sunt,</strong></span> 
     </span>
    </p>
   </div>
   <div class='ocr_carea' id='block_1_25' title="bbox 752 2309 2315 2378">
    <p class='ocr_par' dir='ltr' id='par_1_25' title="bbox 752 2309 2315 2378">
     <span class='ocr_line' id='line_1_25' title="bbox 752 2309 2315 2378; baseline 0.001 -17"><span class='ocrx_word' id='word_1_158' title='bbox 752 2309 999 2378; x_wconf 72' lang='lat' dir='ltr'><strong>negligit,</strong></span> <span class='ocrx_word' id='word_1_159' title='bbox 1030 2310 1353 2377; x_wconf 85' lang='lat' dir='ltr'><strong>cupiditates</strong></span> <span class='ocrx_word' id='word_1_160' title='bbox 1404 2321 1581 2364; x_wconf 75' lang='lat' dir='ltr'><strong>autem</strong></span> <span class='ocrx_word' id='word_1_161' title='bbox 1617 2324 1806 2363; x_wconf 88' lang='lat' dir='ltr'><strong>earum</strong></span> <span class='ocrx_word' id='word_1_162' title='bbox 1878 2310 2095 2378; x_wconf 89' lang='lat' dir='ltr'><strong>penitus</strong></span> <span class='ocrx_word' id='word_1_163' title='bbox 2167 2324 2315 2362; x_wconf 87' lang='lat' dir='ltr'><strong>rese-</strong></span> 
     </span>
    </p>
   </div>
   <div class='ocr_carea' id='block_1_26' title="bbox 755 2402 2311 2471">
    <p class='ocr_par' dir='ltr' id='par_1_26' title="bbox 755 2402 2311 2471">
     <span class='ocr_line' id='line_1_26' title="bbox 755 2402 2311 2471; baseline 0 -17"><span class='ocrx_word' id='word_1_164' title='bbox 755 2414 865 2465; x_wconf 85' lang='lat' dir='ltr'><strong>cat,</strong></span> <span class='ocrx_word' id='word_1_165' title='bbox 902 2413 957 2453; x_wconf 92' lang='lat' dir='ltr'><strong>ut</strong></span> <span class='ocrx_word' id='word_1_166' title='bbox 987 2403 1234 2455; x_wconf 78' lang='lat' dir='ltr'><strong>videlicet</strong></span> <span class='ocrx_word' id='word_1_167' title='bbox 1262 2403 1530 2471; x_wconf 88' lang='lat' dir='ltr'><strong>quispiam</strong></span> <span class='ocrx_word' id='word_1_168' title='bbox 1565 2402 1674 2455; x_wconf 89' lang='lat' dir='ltr'><strong>ulla</strong></span> <span class='ocrx_word' id='word_1_169' title='bbox 1707 2417 1763 2456; x_wconf 92' lang='lat' dir='ltr'><strong>re</strong></span> <span class='ocrx_word' id='word_1_170' title='bbox 1813 2417 1988 2471; x_wconf 78' lang='lat' dir='ltr'><strong>egeat,</strong></span> <span class='ocrx_word' id='word_1_171' title='bbox 2046 2413 2311 2469; x_wconf 89' lang='lat' dir='ltr'><strong>quantum</strong></span> 
     </span>
    </p>
   </div>
   <div class='ocr_carea' id='block_1_27' title="bbox 749 2491 2319 2561">
    <p class='ocr_par' dir='ltr' id='par_1_27' title="bbox 749 2491 2319 2561">
     <span class='ocr_line' id='line_1_27' title="bbox 749 2491 2319 2561; baseline 0.002 -19"><span class='ocrx_word' id='word_1_172' title='bbox 749 2493 863 2543; x_wconf 72' lang='lat' dir='ltr'><strong>lieni</strong></span> <span class='ocrx_word' id='word_1_173' title='bbox 908 2501 1107 2558; x_wconf 81' lang='lat' dir='ltr'><strong>potest,</strong></span> <span class='ocrx_word' id='word_1_174' title='bbox 1175 2492 1268 2545; x_wconf 90' lang='lat' dir='ltr'><strong>sed</strong></span> <span class='ocrx_word' id='word_1_175' title='bbox 1326 2500 1469 2546; x_wconf 89' lang='lat' dir='ltr'><strong>statu</strong></span> <span class='ocrx_word' id='word_1_176' title='bbox 1551 2491 1698 2545; x_wconf 82' lang='lat' dir='ltr'><strong>nulla</strong></span> <span class='ocrx_word' id='word_1_177' title='bbox 1751 2506 1809 2545; x_wconf 90' lang='lat' dir='ltr'><strong>re</strong></span> <span class='ocrx_word' id='word_1_178' title='bbox 1873 2495 2319 2561; x_wconf 71' lang='lat' dir='ltr'><strong>egetttegautleat</strong></span> 
     </span>
    </p>
   </div>
   <div class='ocr_carea' id='block_1_28' title="bbox 751 2583 2312 2652">
    <p class='ocr_par' dir='ltr' id='par_1_28' title="bbox 751 2583 2312 2652">
     <span class='ocr_line' id='line_1_28' title="bbox 751 2583 2312 2652; baseline 0.001 -19"><span class='ocrx_word' id='word_1_179' title='bbox 751 2583 942 2649; x_wconf 77' lang='lat' dir='ltr'><strong>magis,</strong></span> <span class='ocrx_word' id='word_1_180' title='bbox 1017 2598 1178 2649; x_wconf 87' lang='lat' dir='ltr'><strong>quant</strong></span> <span class='ocrx_word' id='word_1_181' title='bbox 1227 2584 1361 2651; x_wconf 80' lang='lat' dir='ltr'><strong>ipsis</strong></span> <span class='ocrx_word' id='word_1_182' title='bbox 1402 2585 1648 2651; x_wconf 84' lang='lat' dir='ltr'><strong>corporis</strong></span> <span class='ocrx_word' id='word_1_183' title='bbox 1696 2584 2083 2652; x_wconf 79' lang='lat' dir='ltr'><strong>voluptatibus.</strong></span> <span class='ocrx_word' id='word_1_184' title='bbox 2115 2583 2312 2637; x_wconf 85' lang='lat' dir='ltr'><strong>Statim</strong></span> 
     </span>
    </p>
   </div>
   <div class='ocr_carea' id='block_1_29' title="bbox 751 2672 2315 2739">
    <p class='ocr_par' dir='ltr' id='par_1_29' title="bbox 751 2672 2315 2739">
     <span class='ocr_line' id='line_1_29' title="bbox 751 2672 2315 2739; baseline 0.003 -17"><span class='ocrx_word' id='word_1_185' title='bbox 751 2672 915 2739; x_wconf 52' lang='lat' dir='ltr'><strong>igitur</strong></span> <span class='ocrx_word' id='word_1_186' title='bbox 965 2675 1133 2725; x_wconf 85' lang='lat' dir='ltr'><strong>virtus</strong></span> <span class='ocrx_word' id='word_1_187' title='bbox 1194 2674 1282 2725; x_wconf 83' lang='lat' dir='ltr'><strong>illa</strong></span> <span class='ocrx_word' id='word_1_188' title='bbox 1333 2690 1361 2725; x_wconf 88' lang='lat' dir='ltr'><strong>a</strong></span> <span class='ocrx_word' id='word_1_189' title='bbox 1413 2675 1601 2728; x_wconf 81' lang='lat' dir='ltr'><strong>bestiis</strong></span> <span class='ocrx_word' id='word_1_190' title='bbox 1649 2681 1703 2727; x_wconf 89' lang='lat' dir='ltr'><strong>et</strong></span> <span class='ocrx_word' id='word_1_191' title='bbox 1729 2674 1895 2728; x_wconf 86' lang='lat' dir='ltr'><strong>rebus</strong></span> <span class='ocrx_word' id='word_1_192' title='bbox 1951 2675 2315 2729; x_wconf 88' lang='lat' dir='ltr'><strong>deterioribus</strong></span> 
     </span>
    </p>
   </div>
   <div class='ocr_carea' id='block_1_30' title="bbox 746 2764 2307 2834">
    <p class='ocr_par' dir='ltr' id='par_1_30' title="bbox 746 2764 2307 2834">
     <span class='ocr_line' id='line_1_30' title="bbox 746 2764 2307 2834; baseline 0.003 -19"><span class='ocrx_word' id='word_1_193' title='bbox 746 2780 847 2816; x_wconf 86' lang='lat' dir='ltr'><strong>nus</strong></span> <span class='ocrx_word' id='word_1_194' title='bbox 905 2779 1158 2831; x_wconf 78' lang='lat' dir='ltr'><strong>Separare</strong></span> <span class='ocrx_word' id='word_1_195' title='bbox 1201 2764 1414 2832; x_wconf 89' lang='lat' dir='ltr'><strong>incipit,</strong></span> <span class='ocrx_word' id='word_1_196' title='bbox 1466 2781 1589 2833; x_wconf 72' lang='lat' dir='ltr'><strong>qua:</strong></span> <span class='ocrx_word' id='word_1_197' title='bbox 1630 2766 1901 2819; x_wconf 87' lang='lat' dir='ltr'><strong>suavitate</strong></span> <span class='ocrx_word' id='word_1_198' title='bbox 1961 2777 2105 2819; x_wconf 91' lang='lat' dir='ltr'><strong>eteo</strong></span> <span class='ocrx_word' id='word_1_199' title='bbox 2162 2765 2307 2834; x_wconf 85' lang='lat' dir='ltr'><strong>quod</strong></span> 
     </span>
    </p>
   </div>
   <div class='ocr_carea' id='block_1_31' title="bbox 748 2856 2314 2924">
    <p class='ocr_par' dir='ltr' id='par_1_31' title="bbox 748 2856 2314 2924">
     <span class='ocr_line' id='line_1_31' title="bbox 748 2856 2314 2924; baseline 0.003 -18"><span class='ocrx_word' id='word_1_200' title='bbox 748 2869 913 2906; x_wconf 77' lang='lat' dir='ltr'><strong>suave</strong></span> <span class='ocrx_word' id='word_1_201' title='bbox 952 2870 1058 2906; x_wconf 87' lang='lat' dir='ltr'><strong>non</strong></span> <span class='ocrx_word' id='word_1_202' title='bbox 1091 2866 1192 2917; x_wconf 83' lang='lat' dir='ltr'><strong>est,</strong></span> <span class='ocrx_word' id='word_1_203' title='bbox 1229 2856 1527 2908; x_wconf 89' lang='lat' dir='ltr'><strong>metiuntur</strong></span> <span class='ocrx_word' id='word_1_204' title='bbox 1553 2856 1603 2908; x_wconf 90' lang='lat' dir='ltr'><strong>id</strong></span> <span class='ocrx_word' id='word_1_205' title='bbox 1631 2856 1775 2924; x_wconf 91' lang='lat' dir='ltr'><strong>quod</strong></span> <span class='ocrx_word' id='word_1_206' title='bbox 1825 2858 2188 2924; x_wconf 79' lang='lat' dir='ltr'><strong>expetendum</strong></span> <span class='ocrx_word' id='word_1_207' title='bbox 2221 2860 2314 2924; x_wconf 89' lang='lat' dir='ltr'><strong>sit,</strong></span> 
     </span>
    </p>
   </div>
   <div class='ocr_carea' id='block_1_32' title="bbox 746 2943 2311 3014">
    <p class='ocr_par' dir='ltr' id='par_1_32' title="bbox 746 2943 2311 3014">
     <span class='ocr_line' id='line_1_32' title="bbox 746 2943 2311 3014; baseline 0.004 -20"><span class='ocrx_word' id='word_1_208' title='bbox 746 2944 955 3010; x_wconf 83' lang='lat' dir='ltr'><strong>etquod</strong></span> <span class='ocrx_word' id='word_1_209' title='bbox 982 2943 1318 3011; x_wconf 75' lang='lat' dir='ltr'><strong>fugiendum.</strong></span> <span class='ocrx_word' id='word_1_210' title='bbox 1345 2943 1675 2997; x_wconf 86' lang='lat' dir='ltr'><strong>Cuntautettt</strong></span> <span class='ocrx_word' id='word_1_211' title='bbox 1705 2945 1901 2998; x_wconf 77' lang='lat' dir='ltr'><strong>habeat</strong></span> <span class='ocrx_word' id='word_1_212' title='bbox 1931 2947 2311 3014; x_wconf 76' lang='lat' dir='ltr'><strong>cognationem</strong></span> 
     </span>
    </p>
   </div>
   <div class='ocr_carea' id='block_1_33' title="bbox 745 3040 2312 3109">
    <p class='ocr_par' dir='ltr' id='par_1_33' title="bbox 745 3040 2312 3109">
     <span class='ocr_line' id='line_1_33' title="bbox 745 3040 2312 3109; baseline 0.004 -21"><span class='ocrx_word' id='word_1_213' title='bbox 745 3053 871 3105; x_wconf 75' lang='lat' dir='ltr'><strong>erga</strong></span> <span class='ocrx_word' id='word_1_214' title='bbox 904 3041 1279 3106; x_wconf 70' lang='lat' dir='ltr'><strong>prazstantiora</strong></span> <span class='ocrx_word' id='word_1_215' title='bbox 1339 3054 1559 3106; x_wconf 81' lang='lat' dir='ltr'><strong>genera,</strong></span> <span class='ocrx_word' id='word_1_216' title='bbox 1596 3047 1708 3092; x_wconf 91' lang='lat' dir='ltr'><strong>tum</strong></span> <span class='ocrx_word' id='word_1_217' title='bbox 1770 3040 1907 3109; x_wconf 88' lang='lat' dir='ltr'><strong>ipsis</strong></span> <span class='ocrx_word' id='word_1_218' title='bbox 1944 3040 2312 3109; x_wconf 81' lang='lat' dir='ltr'><strong>voluptatibus</strong></span> 
     </span>
    </p>
   </div>
   <div class='ocr_carea' id='block_1_34' title="bbox 745 3120 2307 3197">
    <p class='ocr_par' dir='ltr' id='par_1_34' title="bbox 745 3120 2307 3197">
     <span class='ocr_line' id='line_1_34' title="bbox 745 3120 2307 3197; baseline 0.002 -20"><span class='ocrx_word' id='word_1_219' title='bbox 745 3128 988 3180; x_wconf 79' lang='lat' dir='ltr'><strong>ordinem</strong></span> <span class='ocrx_word' id='word_1_220' title='bbox 1036 3140 1085 3181; x_wconf 90' lang='lat' dir='ltr'><strong>et</strong></span> <span class='ocrx_word' id='word_1_221' title='bbox 1121 3120 1371 3181; x_wconf 82' lang='lat' dir='ltr'><strong>ornatum</strong></span> <span class='ocrx_word' id='word_1_222' title='bbox 1415 3129 1666 3197; x_wconf 85' lang='lat' dir='ltr'><strong>imponit,</strong></span> <span class='ocrx_word' id='word_1_223' title='bbox 1696 3136 1808 3182; x_wconf 91' lang='lat' dir='ltr'><strong>tum</strong></span> <span class='ocrx_word' id='word_1_224' title='bbox 1839 3129 2126 3197; x_wconf 82' lang='lat' dir='ltr'><strong>expeditos</strong></span> <span class='ocrx_word' id='word_1_225' title='bbox 2182 3130 2307 3183; x_wconf 82' lang='lat' dir='ltr'><strong>red—</strong></span> 
     </span>
    </p>
   </div>
   <div class='ocr_carea' id='block_1_35' title="bbox 746 3219 2312 3288">
    <p class='ocr_par' dir='ltr' id='par_1_35' title="bbox 746 3219 2312 3288">
     <span class='ocr_line' id='line_1_35' title="bbox 746 3219 2312 3288; baseline 0.004 -20"><span class='ocrx_word' id='word_1_226' title='bbox 746 3221 825 3271; x_wconf 75' lang='lat' dir='ltr'><strong>dit</strong></span> <span class='ocrx_word' id='word_1_227' title='bbox 857 3228 909 3272; x_wconf 89' lang='lat' dir='ltr'><strong>et</strong></span> <span class='ocrx_word' id='word_1_228' title='bbox 932 3219 1076 3271; x_wconf 88' lang='lat' dir='ltr'><strong>leves</strong></span> <span class='ocrx_word' id='word_1_229' title='bbox 1106 3228 1319 3288; x_wconf 85' lang='lat' dir='ltr'><strong>preptcr</strong></span> <span class='ocrx_word' id='word_1_230' title='bbox 1349 3220 1592 3273; x_wconf 62' lang='lat' dir='ltr'><strong>aritnum</strong></span> <span class='ocrx_word' id='word_1_231' title='bbox 1625 3234 1722 3273; x_wconf 86' lang='lat' dir='ltr'><strong>sua</strong></span> <span class='ocrx_word' id='word_1_232' title='bbox 1775 3228 1919 3274; x_wconf 85' lang='lat' dir='ltr'><strong>sorte</strong></span> <span class='ocrx_word' id='word_1_233' title='bbox 1974 3229 2312 3275; x_wconf 89' lang='lat' dir='ltr'><strong>contentum.</strong></span> 
     </span>
    </p>
   </div>
   <div class='ocr_carea' id='block_1_36' title="bbox 744 3308 2311 3379">
    <p class='ocr_par' dir='ltr' id='par_1_36' title="bbox 744 3308 2311 3379">
     <span class='ocr_line' id='line_1_36' title="bbox 744 3308 2311 3379; baseline 0.003 -18"><span class='ocrx_word' id='word_1_234' title='bbox 744 3312 917 3377; x_wconf 83' lang='lat' dir='ltr'><strong>Atque</strong></span> <span class='ocrx_word' id='word_1_235' title='bbox 944 3311 1057 3363; x_wconf 70' lang='lat' dir='ltr'><strong>lucc</strong></span> <span class='ocrx_word' id='word_1_236' title='bbox 1081 3309 1299 3378; x_wconf 87' lang='lat' dir='ltr'><strong>quidem</strong></span> <span class='ocrx_word' id='word_1_237' title='bbox 1352 3308 1615 3363; x_wconf 87' lang='lat' dir='ltr'><strong>modestia</strong></span> <span class='ocrx_word' id='word_1_238' title='bbox 1658 3308 1992 3379; x_wconf 88' lang='lat' dir='ltr'><strong>reliquarum</strong></span> <span class='ocrx_word' id='word_1_239' title='bbox 2049 3311 2311 3365; x_wconf 87' lang='lat' dir='ltr'><strong>virtutum</strong></span> 
     </span>
    </p>
   </div>
   <div class='ocr_carea' id='block_1_37' title="bbox 744 3400 2306 3472">
    <p class='ocr_par' dir='ltr' id='par_1_37' title="bbox 744 3400 2306 3472">
     <span class='ocr_line' id='line_1_37' title="bbox 744 3400 2306 3472; baseline 0.003 -19"><span class='ocrx_word' id='word_1_240' title='bbox 744 3402 905 3455; x_wconf 86' lang='lat' dir='ltr'><strong>veluti</strong></span> <span class='ocrx_word' id='word_1_241' title='bbox 936 3402 1253 3472; x_wconf 78' lang='lat' dir='ltr'><strong>principium</strong></span> <span class='ocrx_word' id='word_1_242' title='bbox 1284 3400 1557 3471; x_wconf 90' lang='lat' dir='ltr'><strong>quoddam</strong></span> <span class='ocrx_word' id='word_1_243' title='bbox 1598 3410 1701 3466; x_wconf 91' lang='lat' dir='ltr'><strong>est,</strong></span> <span class='ocrx_word' id='word_1_244' title='bbox 1749 3417 1874 3455; x_wconf 89' lang='lat' dir='ltr'><strong>nam</strong></span> <span class='ocrx_word' id='word_1_245' title='bbox 1907 3412 2133 3458; x_wconf 67' lang='lat' dir='ltr'><strong>caeteras</strong></span> <span class='ocrx_word' id='word_1_246' title='bbox 2174 3419 2306 3472; x_wconf 81' lang='lat' dir='ltr'><strong>quo-</strong></span> 
     </span>
    </p>
   </div>
   <div class='ocr_carea' id='block_1_38' title="bbox 743 3495 3735 3594">
    <p class='ocr_par' dir='ltr' id='par_1_38' title="bbox 743 3495 3735 3594">
     <span class='ocr_line' id='line_1_38' title="bbox 743 3495 3735 3594; baseline 0.013 -50"><span class='ocrx_word' id='word_1_247' title='bbox 743 3511 851 3561; x_wconf 88' lang='lat' dir='ltr'><strong>que</strong></span> <span class='ocrx_word' id='word_1_248' title='bbox 876 3496 1248 3563; x_wconf 73' lang='lat' dir='ltr'><strong>temperantiae</strong></span> <span class='ocrx_word' id='word_1_249' title='bbox 1280 3505 1458 3563; x_wconf 89' lang='lat' dir='ltr'><strong>partes</strong></span> <span class='ocrx_word' id='word_1_250' title='bbox 1494 3495 1781 3548; x_wconf 85' lang='lat' dir='ltr'><strong>universas</strong></span> <span class='ocrx_word' id='word_1_251' title='bbox 1831 3504 2090 3563; x_wconf 61' lang='lat' dir='ltr'><strong>praeterea</strong></span> <span class='ocrx_word' id='word_1_252' title='bbox 2140 3504 2194 3551; x_wconf 91' lang='lat' dir='ltr'><strong>et</strong></span> <span class='ocrx_word' id='word_1_253' title='bbox 2248 3497 2582 3557; x_wconf 80' lang='lat' dir='ltr'><strong>fortitudinis</strong></span> <span class='ocrx_word' id='word_1_254' title='bbox 2640 3515 2693 3559; x_wconf 90' lang='lat' dir='ltr'><strong>et</strong></span> <span class='ocrx_word' id='word_1_255' title='bbox 2749 3508 2974 3577; x_wconf 62' lang='lat' dir='ltr'><strong>iustitiae</strong></span> <span class='ocrx_word' id='word_1_256' title='bbox 3034 3522 3089 3568; x_wconf 90' lang='lat' dir='ltr'><strong>et</strong></span> <span class='ocrx_word' id='word_1_257' title='bbox 3132 3518 3432 3585; x_wconf 64' lang='lat' dir='ltr'><strong>prudentiae</strong></span> <span class='ocrx_word' id='word_1_258' title='bbox 3494 3522 3735 3594; x_wconf 78' lang='lat' dir='ltr'><strong>facilius,</strong></span> 
     </span>
    </p>
   </div>
   <div class='ocr_carea' id='block_1_39' title="bbox 2431 575 4009 653">
    <p class='ocr_par' dir='ltr' id='par_1_39' title="bbox 2431 575 4009 653">
     <span class='ocr_line' id='line_1_39' title="bbox 2431 575 4009 653; baseline -0.008 -16"><span class='ocrx_word' id='word_1_259' title='bbox 2431 581 2497 639; x_wconf 84' lang='grc' dir='ltr'>αὖ</span> <span class='ocrx_word' id='word_1_260' title='bbox 2530 585 2697 647; x_wconf 80' lang='grc' dir='ltr'>ἐνίας,</span> <span class='ocrx_word' id='word_1_261' title='bbox 2732 582 3075 653; x_wconf 75' lang='grc' dir='ltr'><strong>παρανόμους</strong></span> <span class='ocrx_word' id='word_1_262' title='bbox 3093 598 3174 643; x_wconf 86' lang='grc' dir='ltr'><strong>τε,</strong></span> <span class='ocrx_word' id='word_1_263' title='bbox 3203 580 3298 632; x_wconf 78' lang='grc' dir='ltr'><strong>καὶ</strong></span> <span class='ocrx_word' id='word_1_264' title='bbox 3324 578 3764 647; x_wconf 81' lang='grc' dir='ltr'>μοχθηρότητας,</span> <span class='ocrx_word' id='word_1_265' title='bbox 3788 577 3883 626; x_wconf 75' lang='grc' dir='ltr'><strong>καὶ</strong></span> <span class='ocrx_word' id='word_1_266' title='bbox 3909 575 4009 627; x_wconf 70' lang='grc' dir='ltr'><strong>οὐκ</strong></span> 
     </span>
    </p>
   </div>
   <div class='ocr_carea' id='block_1_40' title="bbox 2428 670 4008 748">
    <p class='ocr_par' dir='ltr' id='par_1_40' title="bbox 2428 670 4008 748">
     <span class='ocr_line' id='line_1_40' title="bbox 2428 670 4008 748; baseline -0.009 -17"><span class='ocrx_word' id='word_1_267' title='bbox 2428 678 2703 748; x_wconf 82' lang='grc' dir='ltr'><strong>ἀνθρώπῳ</strong></span> <span class='ocrx_word' id='word_1_268' title='bbox 2764 674 3105 744; x_wconf 71' lang='grc' dir='ltr'><strong>πρεπούσας,</strong></span> <span class='ocrx_word' id='word_1_269' title='bbox 3150 675 3244 725; x_wconf 67' lang='grc' dir='ltr'>καὶ</span> <span class='ocrx_word' id='word_1_270' title='bbox 3292 671 3497 732; x_wconf 79' lang='grc' dir='ltr'>ταύτας</span> <span class='ocrx_word' id='word_1_271' title='bbox 3532 670 3629 738; x_wconf 71' lang='grc' dir='ltr'>μὲν</span> <span class='ocrx_word' id='word_1_272' title='bbox 3658 671 4008 722; x_wconf 67' lang='grc' dir='ltr'>παντάπασιν</span> 
     </span>
    </p>
   </div>
   <div class='ocr_carea' id='block_1_41' title="bbox 2427 763 4008 839">
    <p class='ocr_par' dir='ltr' id='par_1_41' title="bbox 2427 763 4008 839">
     <span class='ocr_line' id='line_1_41' title="bbox 2427 763 4008 839; baseline -0.009 -13"><span class='ocrx_word' id='word_1_273' title='bbox 2427 770 2766 839; x_wconf 80' lang='grc' dir='ltr'><strong>ἀπωσαμένη</strong></span> <span class='ocrx_word' id='word_1_274' title='bbox 2819 786 2877 822; x_wconf 84' lang='grc' dir='ltr'><strong>τε</strong></span> <span class='ocrx_word' id='word_1_275' title='bbox 2934 770 3028 821; x_wconf 80' lang='grc' dir='ltr'>καὶ</span> <span class='ocrx_word' id='word_1_276' title='bbox 3058 766 3342 835; x_wconf 72' lang='grc' dir='ltr'>ὶκκόψασα</span> <span class='ocrx_word' id='word_1_277' title='bbox 3378 763 3480 834; x_wconf 81' lang='grc' dir='ltr'>τῆς</span> <span class='ocrx_word' id='word_1_278' title='bbox 3510 764 3715 832; x_wconf 78' lang='grc' dir='ltr'>ψυχῆς,</span> <span class='ocrx_word' id='word_1_279' title='bbox 3744 764 3913 824; x_wconf 77' lang='grc' dir='ltr'>αὑτάς</span> <span class='ocrx_word' id='word_1_280' title='bbox 3948 776 4008 811; x_wconf 80' lang='grc' dir='ltr'><strong>τε</strong></span> 
     </span>
    </p>
   </div>
   <div class='ocr_carea' id='block_1_42' title="bbox 2426 854 4007 929">
    <p class='ocr_par' dir='ltr' id='par_1_42' title="bbox 2426 854 4007 929">
     <span class='ocr_line' id='line_1_42' title="bbox 2426 854 4007 929; baseline -0.007 -14"><span class='ocrx_word' id='word_1_281' title='bbox 2426 867 2522 917; x_wconf 70' lang='grc' dir='ltr'><strong>καὶ</strong></span> <span class='ocrx_word' id='word_1_282' title='bbox 2573 862 2872 929; x_wconf 75' lang='grc' dir='ltr'><strong>ἐπιθυμίας</strong></span> <span class='ocrx_word' id='word_1_283' title='bbox 2923 860 3137 913; x_wconf 83' lang='grc' dir='ltr'>αὐτῶν·</span> <span class='ocrx_word' id='word_1_284' title='bbox 3169 859 3274 921; x_wconf 81' lang='grc' dir='ltr'>τὰς</span> <span class='ocrx_word' id='word_1_285' title='bbox 3304 857 3350 910; x_wconf 81' lang='grc' dir='ltr'>δ’</span> <span class='ocrx_word' id='word_1_286' title='bbox 3386 858 3693 925; x_wconf 77' lang='grc' dir='ltr'>ἀναγκαίας</span> <span class='ocrx_word' id='word_1_287' title='bbox 3731 855 3869 923; x_wconf 69' lang='grc' dir='ltr'>πρδς</span> <span class='ocrx_word' id='word_1_288' title='bbox 3915 854 4007 905; x_wconf 66' lang='grc' dir='ltr'><strong>τὸν</strong></span> 
     </span>
    </p>
   </div>
   <div class='ocr_carea' id='block_1_43' title="bbox 2428 947 4005 1022">
    <p class='ocr_par' dir='ltr' id='par_1_43' title="bbox 2428 947 4005 1022">
     <span class='ocr_line' id='line_1_43' title="bbox 2428 947 4005 1022; baseline -0.005 -19"><span class='ocrx_word' id='word_1_289' title='bbox 2428 953 2541 1022; x_wconf 80' lang='grc' dir='ltr'>βίον</span> <span class='ocrx_word' id='word_1_290' title='bbox 2573 951 2665 1003; x_wconf 85' lang='grc' dir='ltr'><strong>τόν</strong></span> <span class='ocrx_word' id='word_1_291' title='bbox 2689 967 2747 1003; x_wconf 84' lang='grc' dir='ltr'><strong>τε</strong></span> <span class='ocrx_word' id='word_1_292' title='bbox 2777 950 2908 1002; x_wconf 82' lang='grc' dir='ltr'>ῐδιον</span> <span class='ocrx_word' id='word_1_293' title='bbox 2939 948 3171 1003; x_wconf 67' lang='grc' dir='ltr'>ἑκάστου</span> <span class='ocrx_word' id='word_1_294' title='bbox 3202 949 3297 1001; x_wconf 59' lang='grc' dir='ltr'><strong>καὶ⁵</strong></span> <span class='ocrx_word' id='word_1_295' title='bbox 3318 948 3411 1001; x_wconf 75' lang='grc' dir='ltr'>τὸν</span> <span class='ocrx_word' id='word_1_296' title='bbox 3460 947 3644 1001; x_wconf 83' lang='grc' dir='ltr'>κοινὸν</span> <span class='ocrx_word' id='word_1_297' title='bbox 3674 962 4005 1015; x_wconf 79' lang='grc' dir='ltr'>προσαιρου-</span> 
     </span>
    </p>
   </div>
   <div class='ocr_carea' id='block_1_44' title="bbox 2431 1037 4003 1113">
    <p class='ocr_par' dir='ltr' id='par_1_44' title="bbox 2431 1037 4003 1113">
     <span class='ocr_line' id='line_1_44' title="bbox 2431 1037 4003 1113; baseline -0.006 -18"><span class='ocrx_word' id='word_1_298' title='bbox 2431 1044 2591 1113; x_wconf 68' lang='grc' dir='ltr'>μένῃ,</span> <span class='ocrx_word' id='word_1_299' title='bbox 2624 1041 2731 1097; x_wconf 84' lang='grc' dir='ltr'><strong>τῶν</strong></span> <span class='ocrx_word' id='word_1_300' title='bbox 2776 1042 2833 1094; x_wconf 83' lang='grc' dir='ltr'>δέ</span> <span class='ocrx_word' id='word_1_301' title='bbox 2867 1058 2931 1109; x_wconf 80' lang='grc' dir='ltr'>γι</span> <span class='ocrx_word' id='word_1_302' title='bbox 2967 1039 3044 1109; x_wconf 81' lang='grc' dir='ltr'>μὴ</span> <span class='ocrx_word' id='word_1_303' title='bbox 3082 1040 3400 1107; x_wconf 82' lang='grc' dir='ltr'>ἀναγκαίων</span> <span class='ocrx_word' id='word_1_304' title='bbox 3442 1041 3560 1108; x_wconf 78' lang='grc' dir='ltr'>μὲν,</span> <span class='ocrx_word' id='word_1_305' title='bbox 3597 1040 3657 1092; x_wconf 80' lang='grc' dir='ltr'><strong>ού</strong></span> <span class='ocrx_word' id='word_1_306' title='bbox 3711 1037 4003 1106; x_wconf 80' lang='grc' dir='ltr'><strong>μοχθηρῶν</strong></span> 
     </span>
    </p>
   </div>
   <div class='ocr_carea' id='block_1_45' title="bbox 2424 1131 4005 1203">
    <p class='ocr_par' dir='ltr' id='par_1_45' title="bbox 2424 1131 4005 1203">
     <span class='ocr_line' id='line_1_45' title="bbox 2424 1131 4005 1203; baseline -0.001 -16"><span class='ocrx_word' id='word_1_307' title='bbox 2424 1136 2506 1200; x_wconf 84' lang='grc' dir='ltr'>δὲ,</span> <span class='ocrx_word' id='word_1_308' title='bbox 2532 1132 2716 1189; x_wconf 81' lang='grc' dir='ltr'>αὐτῶν</span> <span class='ocrx_word' id='word_1_309' title='bbox 2750 1134 2849 1203; x_wconf 81' lang='grc' dir='ltr'>μὲν</span> <span class='ocrx_word' id='word_1_310' title='bbox 2878 1132 3241 1202; x_wconf 78' lang='grc' dir='ltr'>ὀλιγωροῦσα,</span> <span class='ocrx_word' id='word_1_311' title='bbox 3264 1134 3363 1195; x_wconf 70' lang='grc' dir='ltr'>τὰς</span> <span class='ocrx_word' id='word_1_312' title='bbox 3399 1132 3443 1185; x_wconf 82' lang='grc' dir='ltr'>δ’</span> <span class='ocrx_word' id='word_1_313' title='bbox 3478 1131 3774 1201; x_wconf 75' lang='grc' dir='ltr'>ἐπιθυμίας</span> <span class='ocrx_word' id='word_1_314' title='bbox 3800 1133 4005 1185; x_wconf 85' lang='grc' dir='ltr'>παντά-</span> 
     </span>
    </p>
   </div>
   <div class='ocr_carea' id='block_1_46' title="bbox 2425 1225 4005 1297">
    <p class='ocr_par' dir='ltr' id='par_1_46' title="bbox 2425 1225 4005 1297">
     <span class='ocr_line' id='line_1_46' title="bbox 2425 1225 4005 1297; baseline -0.001 -20"><span class='ocrx_word' id='word_1_315' title='bbox 2425 1242 2593 1278; x_wconf 84' lang='grc' dir='ltr'>πασιν</span> <span class='ocrx_word' id='word_1_316' title='bbox 2614 1227 2958 1279; x_wconf 79' lang='grc' dir='ltr'><strong>ἐκκόπτουσα</strong></span> <span class='ocrx_word' id='word_1_317' title='bbox 2979 1241 2993 1256; x_wconf 80' lang='grc'><strong><em>⁸</em></strong></span> <span class='ocrx_word' id='word_1_318' title='bbox 3024 1227 3111 1279; x_wconf 85' lang='grc' dir='ltr'><strong>ἴνα</strong></span> <span class='ocrx_word' id='word_1_319' title='bbox 3148 1226 3213 1297; x_wconf 79' lang='grc' dir='ltr'>δὴ</span> <span class='ocrx_word' id='word_1_320' title='bbox 3236 1229 3312 1287; x_wconf 88' lang='grc' dir='ltr'><strong>εἰς</strong></span> <span class='ocrx_word' id='word_1_321' title='bbox 3338 1226 3569 1294; x_wconf 87' lang='grc' dir='ltr'>δύναμιν</span> <span class='ocrx_word' id='word_1_322' title='bbox 3606 1225 3895 1295; x_wconf 82' lang='grc' dir='ltr'>ἀνεπιδεής</span> <span class='ocrx_word' id='word_1_323' title='bbox 3924 1243 4005 1288; x_wconf 83' lang='grc' dir='ltr'><strong>τις</strong></span> 
     </span>
    </p>
   </div>
   <div class='ocr_carea' id='block_1_47' title="bbox 2422 1311 4006 1387">
    <p class='ocr_par' dir='ltr' id='par_1_47' title="bbox 2422 1311 4006 1387">
     <span class='ocr_line' id='line_1_47' title="bbox 2422 1311 4006 1387; baseline -0.002 -16"><span class='ocrx_word' id='word_1_324' title='bbox 2422 1311 2477 1385; x_wconf 81' lang='grc' dir='ltr'>ᾖ,</span> <span class='ocrx_word' id='word_1_325' title='bbox 2532 1319 2599 1385; x_wconf 79' lang='grc' dir='ltr'>τῇ</span> <span class='ocrx_word' id='word_1_326' title='bbox 2631 1318 2935 1387; x_wconf 77' lang='grc' dir='ltr'>αὐταρκείᾳ</span> <span class='ocrx_word' id='word_1_327' title='bbox 2986 1316 3193 1386; x_wconf 88' lang='grc' dir='ltr'>χαίρων</span> <span class='ocrx_word' id='word_1_328' title='bbox 3236 1317 3438 1385; x_wconf 79' lang='grc' dir='ltr'>μᾶλλον</span> <span class='ocrx_word' id='word_1_329' title='bbox 3468 1317 3501 1386; x_wconf 83' lang='grc' dir='ltr'>ἢ</span> <span class='ocrx_word' id='word_1_330' title='bbox 3544 1317 3735 1377; x_wconf 84' lang='grc' dir='ltr'>αὐταῖς</span> <span class='ocrx_word' id='word_1_331' title='bbox 3766 1319 3886 1376; x_wconf 84' lang='grc' dir='ltr'>ταῖς</span> <span class='ocrx_word' id='word_1_332' title='bbox 3916 1314 4006 1368; x_wconf 83' lang='grc' dir='ltr'><strong>διὰ</strong></span> 
     </span>
    </p>
   </div>
   <div class='ocr_carea' id='block_1_48' title="bbox 2422 1389 4003 1477">
    <p class='ocr_par' dir='ltr' id='par_1_48' title="bbox 2422 1389 4003 1477">
     <span class='ocr_line' id='line_1_48' title="bbox 2422 1389 4003 1477; baseline 0.001 -20"><span class='ocrx_word' id='word_1_333' title='bbox 2422 1406 2516 1457; x_wconf 82' lang='grc' dir='ltr'>τοῦ</span> <span class='ocrx_word' id='word_1_334' title='bbox 2590 1389 2844 1476; x_wconf 81' lang='grc' dir='ltr'>σώματος</span> <span class='ocrx_word' id='word_1_335' title='bbox 2917 1408 3151 1477; x_wconf 73' lang='grc' dir='ltr'>ἡδοναῖς.</span> <span class='ocrx_word' id='word_1_336' title='bbox 3220 1408 3400 1472; x_wconf 71' lang='grc' dir='ltr'>Εὐθὺς</span> <span class='ocrx_word' id='word_1_337' title='bbox 3460 1405 3558 1461; x_wconf 84' lang='grc' dir='ltr'>οὖν</span> <span class='ocrx_word' id='word_1_338' title='bbox 3629 1407 3771 1476; x_wconf 77' lang='grc' dir='ltr'>αὕτη</span> <span class='ocrx_word' id='word_1_339' title='bbox 3834 1407 4003 1477; x_wconf 86' lang='grc' dir='ltr'>ἀρετὴ</span> 
     </span>
    </p>
   </div>
   <div class='ocr_carea' id='block_1_49' title="bbox 2420 1498 4006 1570">
    <p class='ocr_par' dir='ltr' id='par_1_49' title="bbox 2420 1498 4006 1570">
     <span class='ocr_line' id='line_1_49' title="bbox 2420 1498 4006 1570; baseline -0.001 -21"><span class='ocrx_word' id='word_1_340' title='bbox 2420 1498 2531 1549; x_wconf 82' lang='grc' dir='ltr'><strong>τῶν</strong></span> <span class='ocrx_word' id='word_1_341' title='bbox 2596 1498 2696 1567; x_wconf 86' lang='grc' dir='ltr'>μὲν</span> <span class='ocrx_word' id='word_1_342' title='bbox 2750 1498 2953 1567; x_wconf 79' lang='grc' dir='ltr'>θηρίων</span> <span class='ocrx_word' id='word_1_343' title='bbox 3019 1502 3113 1554; x_wconf 80' lang='grc' dir='ltr'>καὶ</span> <span class='ocrx_word' id='word_1_344' title='bbox 3175 1502 3440 1570; x_wconf 83' lang='grc' dir='ltr'>χειρόνων</span> <span class='ocrx_word' id='word_1_345' title='bbox 3498 1501 3726 1570; x_wconf 77' lang='grc' dir='ltr'>ἄρχεται</span> <span class='ocrx_word' id='word_1_346' title='bbox 3794 1500 4006 1567; x_wconf 77' lang='grc' dir='ltr'>διιστᾷν</span> 
     </span>
    </p>
   </div>
   <div class='ocr_carea' id='block_1_50' title="bbox 2422 1588 4008 1661">
    <p class='ocr_par' dir='ltr' id='par_1_50' title="bbox 2422 1588 4008 1661">
     <span class='ocr_line' id='line_1_50' title="bbox 2422 1588 4008 1661; baseline 0.001 -22"><span class='ocrx_word' id='word_1_347' title='bbox 2422 1588 2579 1657; x_wconf 85' lang='grc' dir='ltr'>ήμῶν</span> <span class='ocrx_word' id='word_1_348' title='bbox 2649 1588 2687 1643; x_wconf 78' lang='grc' dir='ltr'><strong>ἃ</strong></span> <span class='ocrx_word' id='word_1_349' title='bbox 2752 1591 2831 1658; x_wconf 79' lang='grc' dir='ltr'>τῷ</span> <span class='ocrx_word' id='word_1_350' title='bbox 2897 1590 3011 1658; x_wconf 70' lang='grc' dir='ltr'>ἡδεῖ</span> <span class='ocrx_word' id='word_1_351' title='bbox 3081 1608 3143 1644; x_wconf 78' lang='grc' dir='ltr'>τι</span> <span class='ocrx_word' id='word_1_352' title='bbox 3207 1594 3301 1644; x_wconf 71' lang='grc' dir='ltr'>καὶ</span> <span class='ocrx_word' id='word_1_353' title='bbox 3358 1592 3480 1661; x_wconf 80' lang='grc' dir='ltr'>μὴ,</span> <span class='ocrx_word' id='word_1_354' title='bbox 3538 1594 3599 1643; x_wconf 91' lang='grc' dir='ltr'><strong>τό</strong></span> <span class='ocrx_word' id='word_1_355' title='bbox 3661 1609 3722 1645; x_wconf 85' lang='grc' dir='ltr'><strong>τε</strong></span> <span class='ocrx_word' id='word_1_356' title='bbox 3793 1591 4008 1661; x_wconf 72' lang='grc' dir='ltr'>αίρετδν</span> 
     </span>
    </p>
   </div>
   <div class='ocr_carea' id='block_1_51' title="bbox 2423 1679 4008 1753">
    <p class='ocr_par' dir='ltr' id='par_1_51' title="bbox 2423 1679 4008 1753">
     <span class='ocr_line' id='line_1_51' title="bbox 2423 1679 4008 1753; baseline 0.004 -24"><span class='ocrx_word' id='word_1_357' title='bbox 2423 1679 2514 1730; x_wconf 82' lang='grc' dir='ltr'>καὶ</span> <span class='ocrx_word' id='word_1_358' title='bbox 2576 1681 2653 1749; x_wconf 83' lang='grc' dir='ltr'>μὴ</span> <span class='ocrx_word' id='word_1_359' title='bbox 2716 1680 2962 1743; x_wconf 80' lang='grc' dir='ltr'>τοιοῦτο,</span> <span class='ocrx_word' id='word_1_360' title='bbox 3034 1682 3209 1751; x_wconf 77' lang='grc' dir='ltr'>ὁρίζει</span> <span class='ocrx_word' id='word_1_361' title='bbox 3280 1685 3370 1734; x_wconf 72' lang='grc' dir='ltr'><strong>ἐπὶ</strong></span> <span class='ocrx_word' id='word_1_362' title='bbox 3446 1684 3501 1737; x_wconf 82' lang='grc' dir='ltr'>δὲ</span> <span class='ocrx_word' id='word_1_363' title='bbox 3572 1685 3671 1753; x_wconf 75' lang='grc' dir='ltr'>τὴν</span> <span class='ocrx_word' id='word_1_364' title='bbox 3738 1684 3873 1752; x_wconf 76' lang='grc' dir='ltr'>πρὸς</span> <span class='ocrx_word' id='word_1_365' title='bbox 3938 1686 4008 1737; x_wconf 64' lang='grc' dir='ltr'><strong>τά</strong></span> 
     </span>
    </p>
   </div>
   <div class='ocr_carea' id='block_1_52' title="bbox 2420 1769 4004 1847">
    <p class='ocr_par' dir='ltr' id='par_1_52' title="bbox 2420 1769 4004 1847">
     <span class='ocr_line' id='line_1_52' title="bbox 2420 1769 4004 1847; baseline 0.008 -28"><span class='ocrx_word' id='word_1_366' title='bbox 2420 1769 2654 1833; x_wconf 76' lang='grc' dir='ltr'><strong>κρείττω</strong></span> <span class='ocrx_word' id='word_1_367' title='bbox 2712 1773 2845 1840; x_wconf 85' lang='grc' dir='ltr'>γένη</span> <span class='ocrx_word' id='word_1_368' title='bbox 2898 1772 3219 1841; x_wconf 81' lang='grc' dir='ltr'>ξυγγένειαν</span> <span class='ocrx_word' id='word_1_369' title='bbox 3264 1776 3469 1844; x_wconf 78' lang='grc' dir='ltr'><strong>ἀνέχει,</strong></span> <span class='ocrx_word' id='word_1_370' title='bbox 3507 1780 3629 1838; x_wconf 82' lang='grc' dir='ltr'>ταῖς</span> <span class='ocrx_word' id='word_1_371' title='bbox 3686 1796 3742 1830; x_wconf 86' lang='grc' dir='ltr'><strong>τε</strong></span> <span class='ocrx_word' id='word_1_372' title='bbox 3791 1780 4004 1847; x_wconf 67' lang='grc' dir='ltr'>ἡδοναῖς</span> 
     </span>
    </p>
   </div>
   <div class='ocr_carea' id='block_1_53' title="bbox 2420 1860 4008 1935">
    <p class='ocr_par' dir='ltr' id='par_1_53' title="bbox 2420 1860 4008 1935">
     <span class='ocr_line' id='line_1_53' title="bbox 2420 1860 4008 1935; baseline 0.007 -26"><span class='ocrx_word' id='word_1_373' title='bbox 2420 1860 2609 1920; x_wconf 74' lang='grc' dir='ltr'>αὑταῖς</span> <span class='ocrx_word' id='word_1_374' title='bbox 2662 1860 2815 1924; x_wconf 81' lang='grc' dir='ltr'>τάξιν</span> <span class='ocrx_word' id='word_1_375' title='bbox 2859 1880 2919 1915; x_wconf 90' lang='grc' dir='ltr'><strong>τε</strong></span> <span class='ocrx_word' id='word_1_376' title='bbox 2961 1866 3056 1917; x_wconf 76' lang='grc' dir='ltr'>καὶ</span> <span class='ocrx_word' id='word_1_377' title='bbox 3102 1867 3306 1933; x_wconf 81' lang='grc' dir='ltr'>κόσμον</span> <span class='ocrx_word' id='word_1_378' title='bbox 3359 1866 3687 1930; x_wconf 68' lang='grc' dir='ltr'><strong>ἐπιτιθεῖσα,</strong></span> <span class='ocrx_word' id='word_1_379' title='bbox 3738 1869 3835 1920; x_wconf 80' lang='grc' dir='ltr'>καὶ</span> <span class='ocrx_word' id='word_1_380' title='bbox 3890 1868 4008 1935; x_wconf 76' lang='grc' dir='ltr'>ἅμα</span> 
     </span>
    </p>
   </div>
   <div class='ocr_carea' id='block_1_54' title="bbox 2422 1951 4008 2029">
    <p class='ocr_par' dir='ltr' id='par_1_54' title="bbox 2422 1951 4008 2029">
     <span class='ocr_line' id='line_1_54' title="bbox 2422 1951 4008 2029; baseline 0.008 -28"><span class='ocrx_word' id='word_1_381' title='bbox 2422 1951 2700 2014; x_wconf 75' lang='grc' dir='ltr'>εὐσταλεῖς</span> <span class='ocrx_word' id='word_1_382' title='bbox 2767 1970 2825 2005; x_wconf 87' lang='grc' dir='ltr'><strong>τε</strong></span> <span class='ocrx_word' id='word_1_383' title='bbox 2896 1956 2988 2008; x_wconf 76' lang='grc' dir='ltr'>καὶ</span> <span class='ocrx_word' id='word_1_384' title='bbox 3048 1956 3283 2023; x_wconf 79' lang='grc' dir='ltr'>κούφους</span> <span class='ocrx_word' id='word_1_385' title='bbox 3344 1958 3412 2011; x_wconf 80' lang='grc' dir='ltr'><strong>δι’</strong></span> <span class='ocrx_word' id='word_1_386' title='bbox 3470 1960 3800 2029; x_wconf 80' lang='grc' dir='ltr'>αὐτάρκειαν</span> <span class='ocrx_word' id='word_1_387' title='bbox 3875 1962 4008 2013; x_wconf 87' lang='grc' dir='ltr'>ἀπο-</span> 
     </span>
    </p>
   </div>
   <div class='ocr_carea' id='block_1_55' title="bbox 2422 2045 4010 2124">
    <p class='ocr_par' dir='ltr' id='par_1_55' title="bbox 2422 2045 4010 2124">
     <span class='ocr_line' id='line_1_55' title="bbox 2422 2045 4010 2124; baseline 0.007 -29"><span class='ocrx_word' id='word_1_388' title='bbox 2422 2045 2709 2108; x_wconf 71' lang='grc' dir='ltr'>φαίνουσα.</span> <span class='ocrx_word' id='word_1_389' title='bbox 2772 2046 2921 2116; x_wconf 79' lang='grc' dir='ltr'>Α’ύτη</span> <span class='ocrx_word' id='word_1_390' title='bbox 2983 2053 3081 2117; x_wconf 84' lang='grc' dir='ltr'>μὲν</span> <span class='ocrx_word' id='word_1_391' title='bbox 3140 2050 3255 2116; x_wconf 82' lang='grc' dir='ltr'>οὖν,</span> <span class='ocrx_word' id='word_1_392' title='bbox 3322 2046 3543 2121; x_wconf 76' lang='grc' dir='ltr'>οἷόνπερ</span> <span class='ocrx_word' id='word_1_393' title='bbox 3574 2054 3718 2124; x_wconf 72' lang='grc' dir='ltr'>ἀρχὴ</span> <span class='ocrx_word' id='word_1_394' title='bbox 3744 2057 3863 2117; x_wconf 81' lang='grc' dir='ltr'>ταῖς</span> <span class='ocrx_word' id='word_1_395' title='bbox 3915 2056 4010 2108; x_wconf 81' lang='grc' dir='ltr'><strong>ἆλ-</strong></span> 
     </span>
    </p>
   </div>
   <div class='ocr_carea' id='block_1_56' title="bbox 2420 2134 4005 2215">
    <p class='ocr_par' dir='ltr' id='par_1_56' title="bbox 2420 2134 4005 2215">
     <span class='ocr_line' id='line_1_56' title="bbox 2420 2134 4005 2215; baseline 0.008 -30"><span class='ocrx_word' id='word_1_396' title='bbox 2420 2134 2559 2200; x_wconf 75' lang='grc' dir='ltr'>ὶαις,</span> <span class='ocrx_word' id='word_1_397' title='bbox 2594 2136 2718 2188; x_wconf 71' lang='grc' dir='ltr'>ἐπεὶ</span> <span class='ocrx_word' id='word_1_398' title='bbox 2750 2138 2841 2190; x_wconf 75' lang='grc' dir='ltr'>καὶ</span> <span class='ocrx_word' id='word_1_399' title='bbox 2875 2138 3041 2192; x_wconf 82' lang='grc' dir='ltr'><strong>τᾶλλα</strong></span> <span class='ocrx_word' id='word_1_400' title='bbox 3069 2141 3137 2194; x_wconf 72' lang='grc' dir='ltr'>τὰ</span> <span class='ocrx_word' id='word_1_401' title='bbox 3171 2142 3269 2210; x_wconf 84' lang='grc' dir='ltr'>τῆς</span> <span class='ocrx_word' id='word_1_402' title='bbox 3295 2143 3653 2213; x_wconf 84' lang='grc' dir='ltr'>σωφροσύνης</span> <span class='ocrx_word' id='word_1_403' title='bbox 3703 2147 3885 2215; x_wconf 86' lang='grc' dir='ltr'>μόρια,</span> <span class='ocrx_word' id='word_1_404' title='bbox 3925 2146 4005 2199; x_wconf 73' lang='grc' dir='ltr'>ἔτι</span> 
     </span>
    </p>
   </div>
   <div class='ocr_carea' id='block_1_57' title="bbox 2424 2228 4007 2307">
    <p class='ocr_par' dir='ltr' id='par_1_57' title="bbox 2424 2228 4007 2307">
     <span class='ocr_line' id='line_1_57' title="bbox 2424 2228 4007 2307; baseline 0.008 -30"><span class='ocrx_word' id='word_1_405' title='bbox 2424 2244 2482 2277; x_wconf 85' lang='grc' dir='ltr'><strong>τε</strong></span> <span class='ocrx_word' id='word_1_406' title='bbox 2509 2228 2577 2279; x_wconf 85' lang='grc' dir='ltr'>τὰ</span> <span class='ocrx_word' id='word_1_407' title='bbox 2601 2230 2699 2295; x_wconf 74' lang='grc' dir='ltr'>τῆς</span> <span class='ocrx_word' id='word_1_408' title='bbox 2725 2230 2965 2298; x_wconf 81' lang='grc' dir='ltr'>ἀνδρίας,</span> <span class='ocrx_word' id='word_1_409' title='bbox 3004 2234 3097 2285; x_wconf 77' lang='grc' dir='ltr'>καὶ</span> <span class='ocrx_word' id='word_1_410' title='bbox 3129 2233 3496 2305; x_wconf 83' lang='grc' dir='ltr'>δικαιοσύνης,</span> <span class='ocrx_word' id='word_1_411' title='bbox 3528 2236 3623 2289; x_wconf 77' lang='grc' dir='ltr'>καὶ</span> <span class='ocrx_word' id='word_1_412' title='bbox 3687 2239 4007 2307; x_wconf 73' lang='grc' dir='ltr'>φρονήσεως</span> 
     </span>
    </p>
   </div>
   <div class='ocr_carea' id='block_1_58' title="bbox 2423 2318 4006 2399">
    <p class='ocr_par' dir='ltr' id='par_1_58' title="bbox 2423 2318 4006 2399">
     <span class='ocr_line' id='line_1_58' title="bbox 2423 2318 4006 2399; baseline 0.009 -30"><span class='ocrx_word' id='word_1_413' title='bbox 2423 2318 2714 2389; x_wconf 77' lang='grc' dir='ltr'>σύμπαντα</span> <span class='ocrx_word' id='word_1_414' title='bbox 2741 2323 2871 2391; x_wconf 76' lang='grc' dir='ltr'>ῥᾷον</span> <span class='ocrx_word' id='word_1_415' title='bbox 2893 2324 2957 2376; x_wconf 85' lang='grc' dir='ltr'>ἄν</span> <span class='ocrx_word' id='word_1_416' title='bbox 2982 2342 3063 2386; x_wconf 90' lang='grc' dir='ltr'><strong>τις</strong></span> <span class='ocrx_word' id='word_1_417' title='bbox 3097 2324 3192 2377; x_wconf 80' lang='grc' dir='ltr'>σὺν</span> <span class='ocrx_word' id='word_1_418' title='bbox 3237 2328 3410 2399; x_wconf 81' lang='grc' dir='ltr'>ταύτῃ</span> <span class='ocrx_word' id='word_1_419' title='bbox 3450 2330 3644 2397; x_wconf 85' lang='grc' dir='ltr'>μετίοι.</span> <span class='ocrx_word' id='word_1_420' title='bbox 3701 2330 4006 2396; x_wconf 80' lang='grc' dir='ltr'>Κεφάλαιον</span> 
     </span>
    </p>
   </div>
   <div class='ocr_carea' id='block_1_59' title="bbox 2417 2409 4007 2495">
    <p class='ocr_par' dir='ltr' id='par_1_59' title="bbox 2417 2409 4007 2495">
     <span class='ocr_line' id='line_1_59' title="bbox 2417 2409 4007 2495; baseline 0.008 -32"><span class='ocrx_word' id='word_1_421' title='bbox 2417 2410 2473 2463; x_wconf 77' lang='grc' dir='ltr'>δὲ</span> <span class='ocrx_word' id='word_1_422' title='bbox 2505 2413 2725 2477; x_wconf 81' lang='grc' dir='ltr'>πάσαις,</span> <span class='ocrx_word' id='word_1_423' title='bbox 2761 2409 2818 2465; x_wconf 74' lang='grc' dir='ltr'>οἵ</span> <span class='ocrx_word' id='word_1_424' title='bbox 2848 2432 2909 2467; x_wconf 89' lang='grc' dir='ltr'><strong>τε</strong></span> <span class='ocrx_word' id='word_1_425' title='bbox 2943 2416 3236 2485; x_wconf 82' lang='grc' dir='ltr'>ξυμπάσας</span> <span class='ocrx_word' id='word_1_426' title='bbox 3257 2420 3336 2472; x_wconf 85' lang='grc' dir='ltr'><strong>δεῖ</strong></span> <span class='ocrx_word' id='word_1_427' title='bbox 3378 2421 3593 2483; x_wconf 86' lang='grc' dir='ltr'>τείνειν,</span> <span class='ocrx_word' id='word_1_428' title='bbox 3634 2423 3728 2476; x_wconf 82' lang='grc' dir='ltr'>καὶ</span> <span class='ocrx_word' id='word_1_429' title='bbox 3780 2418 3848 2495; x_wconf 86' lang='grc' dir='ltr'>ἦς</span> <span class='ocrx_word' id='word_1_430' title='bbox 3902 2442 4007 2493; x_wconf 82' lang='grc' dir='ltr'>χω-</span> 
     </span>
    </p>
   </div>
   <div class='ocr_carea' id='block_1_60' title="bbox 2423 2504 4006 2584">
    <p class='ocr_par' dir='ltr' id='par_1_60' title="bbox 2423 2504 4006 2584">
     <span class='ocr_line' id='line_1_60' title="bbox 2423 2504 4006 2584; baseline 0.011 -32"><span class='ocrx_word' id='word_1_431' title='bbox 2423 2505 2504 2571; x_wconf 76' lang='grc' dir='ltr'>ρὶς</span> <span class='ocrx_word' id='word_1_432' title='bbox 2534 2504 2647 2555; x_wconf 78' lang='grc' dir='ltr'>οὐδ’</span> <span class='ocrx_word' id='word_1_433' title='bbox 2680 2504 2747 2556; x_wconf 85' lang='grc' dir='ltr'>ἂν</span> <span class='ocrx_word' id='word_1_434' title='bbox 2780 2506 2888 2559; x_wconf 85' lang='grc' dir='ltr'><strong>τῶν</strong></span> <span class='ocrx_word' id='word_1_435' title='bbox 2914 2507 3089 2561; x_wconf 75' lang='grc' dir='ltr'>ἄλλων</span> <span class='ocrx_word' id='word_1_436' title='bbox 3120 2527 3173 2561; x_wconf 88' lang='grc' dir='ltr'><strong>τι</strong></span> <span class='ocrx_word' id='word_1_437' title='bbox 3211 2510 3402 2579; x_wconf 72' lang='grc' dir='ltr'>ὄφελος</span> <span class='ocrx_word' id='word_1_438' title='bbox 3431 2514 3538 2581; x_wconf 71' lang='grc' dir='ltr'>εἴη,</span> <span class='ocrx_word' id='word_1_439' title='bbox 3576 2515 3609 2584; x_wconf 80' lang='grc' dir='ltr'>ἦ</span> <span class='ocrx_word' id='word_1_440' title='bbox 3634 2530 3696 2581; x_wconf 90' lang='grc' dir='ltr'><strong>γε</strong></span> <span class='ocrx_word' id='word_1_441' title='bbox 3726 2515 4006 2569; x_wconf 75' lang='grc' dir='ltr'>θεοσέϐεια</span> 
     </span>
    </p>
   </div>
   <div class='ocr_carea' id='block_1_61' title="bbox 2418 2592 4006 2675">
    <p class='ocr_par' dir='ltr' id='par_1_61' title="bbox 2418 2592 4006 2675">
     <span class='ocr_line' id='line_1_61' title="bbox 2418 2592 4006 2675; baseline 0.009 -32"><span class='ocrx_word' id='word_1_442' title='bbox 2418 2594 2502 2662; x_wconf 78' lang='grc' dir='ltr'>εἴη</span> <span class='ocrx_word' id='word_1_443' title='bbox 2533 2592 2599 2646; x_wconf 85' lang='grc' dir='ltr'>ἂν</span> <span class='ocrx_word' id='word_1_444' title='bbox 2629 2595 2885 2664; x_wconf 80' lang='grc' dir='ltr'>μάλιστα.</span> <span class='ocrx_word' id='word_1_445' title='bbox 2918 2592 2989 2668; x_wconf 63' lang='grc' dir='ltr'><strong>⁷ῼ</strong></span> <span class='ocrx_word' id='word_1_446' title='bbox 3015 2600 3122 2669; x_wconf 87' lang='grc' dir='ltr'><strong>γάρ</strong></span> <span class='ocrx_word' id='word_1_447' title='bbox 3148 2619 3249 2653; x_wconf 89' lang='grc' dir='ltr'><strong>που</strong></span> <span class='ocrx_word' id='word_1_448' title='bbox 3281 2603 3437 2672; x_wconf 78' lang='grc' dir='ltr'>ἡμεῖς</span> <span class='ocrx_word' id='word_1_449' title='bbox 3471 2606 3579 2666; x_wconf 88' lang='grc' dir='ltr'>τοῖς</span> <span class='ocrx_word' id='word_1_450' title='bbox 3639 2606 3736 2673; x_wconf 85' lang='grc' dir='ltr'>μὲν</span> <span class='ocrx_word' id='word_1_451' title='bbox 3766 2606 4006 2675; x_wconf 68' lang='grc' dir='ltr'>κρείττο-</span> 
     </span>
    </p>
   </div>
   <div class='ocr_carea' id='block_1_62' title="bbox 2421 2687 4004 2765">
    <p class='ocr_par' dir='ltr' id='par_1_62' title="bbox 2421 2687 4004 2765">
     <span class='ocr_line' id='line_1_62' title="bbox 2421 2687 4004 2765; baseline 0.01 -30"><span class='ocrx_word' id='word_1_452' title='bbox 2421 2701 2475 2735; x_wconf 91' lang='grc' dir='ltr'><strong>σι</strong></span> <span class='ocrx_word' id='word_1_453' title='bbox 2516 2687 2882 2755; x_wconf 81' lang='grc' dir='ltr'>κοινωνοῦμεν</span> <span class='ocrx_word' id='word_1_454' title='bbox 2914 2690 3119 2756; x_wconf 82' lang='grc' dir='ltr'>γένεσι,</span> <span class='ocrx_word' id='word_1_455' title='bbox 3168 2692 3279 2745; x_wconf 85' lang='grc' dir='ltr'>τῶν</span> <span class='ocrx_word' id='word_1_456' title='bbox 3336 2693 3392 2746; x_wconf 79' lang='grc' dir='ltr'>δὲ</span> <span class='ocrx_word' id='word_1_457' title='bbox 3447 2695 3709 2765; x_wconf 85' lang='grc' dir='ltr'>χειρόνων</span> <span class='ocrx_word' id='word_1_458' title='bbox 3766 2699 4004 2765; x_wconf 78' lang='grc' dir='ltr'>μάλιστα</span> 
     </span>
    </p>
   </div>
   <div class='ocr_carea' id='block_1_63' title="bbox 2418 2776 4004 2859">
    <p class='ocr_par' dir='ltr' id='par_1_63' title="bbox 2418 2776 4004 2859">
     <span class='ocr_line' id='line_1_63' title="bbox 2418 2776 4004 2859; baseline 0.009 -31"><span class='ocrx_word' id='word_1_459' title='bbox 2418 2776 2823 2847; x_wconf 78' lang='grc' dir='ltr'>διενηνόχαμεν,</span> <span class='ocrx_word' id='word_1_460' title='bbox 2900 2782 3187 2849; x_wconf 85' lang='grc' dir='ltr'>κράτιστόν</span> <span class='ocrx_word' id='word_1_461' title='bbox 3259 2786 3316 2838; x_wconf 85' lang='grc' dir='ltr'><em>τέ</em></span> <span class='ocrx_word' id='word_1_462' title='bbox 3376 2788 3492 2841; x_wconf 82' lang='grc' dir='ltr'>ἐστι</span> <span class='ocrx_word' id='word_1_463' title='bbox 3559 2789 3668 2843; x_wconf 84' lang='grc' dir='ltr'>τῶν</span> <span class='ocrx_word' id='word_1_464' title='bbox 3721 2791 4004 2859; x_wconf 76' lang='grc' dir='ltr'>ἡμετέρων</span> 
     </span>
    </p>
   </div>
   <div class='ocr_carea' id='block_1_64' title="bbox 2418 2865 4004 2951">
    <p class='ocr_par' dir='ltr' id='par_1_64' title="bbox 2418 2865 4004 2951">
     <span class='ocr_line' id='line_1_64' title="bbox 2418 2865 4004 2951; baseline 0.011 -36"><span class='ocrx_word' id='word_1_465' title='bbox 2418 2865 2567 2919; x_wconf 69' lang='grc' dir='ltr'>οὐδὲν</span> <span class='ocrx_word' id='word_1_466' title='bbox 2594 2867 2722 2920; x_wconf 75' lang='grc' dir='ltr'>ἀλλο</span> <span class='ocrx_word' id='word_1_467' title='bbox 2751 2868 2835 2938; x_wconf 75' lang='grc' dir='ltr'>εἴη</span> <span class='ocrx_word' id='word_1_468' title='bbox 2871 2870 3031 2925; x_wconf 83' lang='grc' dir='ltr'>τοῦτό</span> <span class='ocrx_word' id='word_1_469' title='bbox 3064 2890 3127 2941; x_wconf 90' lang='grc' dir='ltr'><strong>γε</strong></span> <span class='ocrx_word' id='word_1_470' title='bbox 3161 2876 3193 2945; x_wconf 87' lang='grc' dir='ltr'><strong>ἧ</strong></span> <span class='ocrx_word' id='word_1_471' title='bbox 3229 2880 3414 2945; x_wconf 83' lang='grc' dir='ltr'>νόησις</span> <span class='ocrx_word' id='word_1_472' title='bbox 3453 2894 3467 2909; x_wconf 75' lang='grc'><em>³</em></span> <span class='ocrx_word' id='word_1_473' title='bbox 3500 2880 3607 2933; x_wconf 82' lang='grc' dir='ltr'><strong>τῶν</strong></span> <span class='ocrx_word' id='word_1_474' title='bbox 3632 2880 3687 2932; x_wconf 84' lang='grc' dir='ltr'>δὲ</span> <span class='ocrx_word' id='word_1_475' title='bbox 3736 2882 3800 2951; x_wconf 78' lang='grc' dir='ltr'>δὴ</span> <span class='ocrx_word' id='word_1_476' title='bbox 3826 2883 4004 2935; x_wconf 69' lang='lat' dir='ltr'><strong>von-3v-</strong></span> 
     </span>
    </p>
   </div>
   <div class='ocr_carea' id='block_1_65' title="bbox 2416 2961 4003 3036">
    <p class='ocr_par' dir='ltr' id='par_1_65' title="bbox 2416 2961 4003 3036">
     <span class='ocr_line' id='line_1_65' title="bbox 2416 2961 4003 3036; baseline 0.013 -28"><span class='ocrx_word' id='word_1_477' title='bbox 2416 2973 2546 3022; x_wconf 89' lang='grc' dir='ltr'>των,</span> <span class='ocrx_word' id='word_1_478' title='bbox 2566 2961 2661 3011; x_wconf 80' lang='grc' dir='ltr'>καὶ</span> <span class='ocrx_word' id='word_1_479' title='bbox 2692 2963 2819 3030; x_wconf 78' lang='grc' dir='ltr'>περὶ</span> <span class='ocrx_word' id='word_1_480' title='bbox 2847 2961 2882 3014; x_wconf 78' lang='grc' dir='ltr'><strong>ἀ</strong></span> <span class='ocrx_word' id='word_1_481' title='bbox 2903 2963 3088 3033; x_wconf 85' lang='grc' dir='ltr'>νόησις</span> <span class='ocrx_word' id='word_1_482' title='bbox 3111 2972 3584 3036; x_wconf 83' lang='grc' dir='ltr'>πραγματεύεται,</span> <span class='ocrx_word' id='word_1_483' title='bbox 3615 2973 3724 3025; x_wconf 84' lang='grc' dir='ltr'>τῶν</span> <span class='ocrx_word' id='word_1_484' title='bbox 3748 2991 3805 3025; x_wconf 89' lang='grc' dir='ltr'><strong>τε</strong></span> <span class='ocrx_word' id='word_1_485' title='bbox 3834 2975 4003 3028; x_wconf 78' lang='grc' dir='ltr'>ὄντων</span> 
     </span>
    </p>
   </div>
   <div class='ocr_carea' id='block_1_66' title="bbox 2419 3040 4002 3137">
    <p class='ocr_par' dir='ltr' id='par_1_66' title="bbox 2419 3040 4002 3137">
     <span class='ocr_line' id='line_1_66' title="bbox 2419 3040 4002 3137; baseline 0.014 -38"><span class='ocrx_word' id='word_1_486' title='bbox 2419 3048 2775 3118; x_wconf 79' lang='grc' dir='ltr'>ξυμπάντων,</span> <span class='ocrx_word' id='word_1_487' title='bbox 2803 3056 2829 3105; x_wconf 86' lang='grc' dir='ltr'><strong>ό</strong></span> <span class='ocrx_word' id='word_1_488' title='bbox 2850 3054 2981 3118; x_wconf 84' lang='grc' dir='ltr'>Θεὸς</span> <span class='ocrx_word' id='word_1_489' title='bbox 3004 3056 3064 3109; x_wconf 83' lang='grc' dir='ltr'>τὸ</span> <span class='ocrx_word' id='word_1_490' title='bbox 3094 3040 3339 3127; x_wconf 66' lang='grc' dir='ltr'>ἀρίστον.</span> <span class='ocrx_word' id='word_1_491' title='bbox 3380 3062 3470 3130; x_wconf 84' lang='grc' dir='ltr'><strong>Τῷ</strong></span> <span class='ocrx_word' id='word_1_492' title='bbox 3496 3064 3559 3137; x_wconf 80' lang='grc' dir='ltr'>δὴ</span> <span class='ocrx_word' id='word_1_493' title='bbox 3588 3068 3865 3137; x_wconf 80' lang='grc' dir='ltr'>κρατίστῳ</span> <span class='ocrx_word' id='word_1_494' title='bbox 3895 3069 4002 3121; x_wconf 85' lang='grc' dir='ltr'>τῶν</span> 
     </span>
    </p>
   </div>
   <div class='ocr_carea' id='block_1_67' title="bbox 2426 3142 3996 3228">
    <p class='ocr_par' dir='ltr' id='par_1_67' title="bbox 2426 3142 3996 3228">
     <span class='ocr_line' id='line_1_67' title="bbox 2426 3142 3996 3228; baseline 0.016 -37"><span class='ocrx_word' id='word_1_495' title='bbox 2426 3142 2709 3211; x_wconf 67' lang='grc' dir='ltr'>ἡμετέρων</span> <span class='ocrx_word' id='word_1_496' title='bbox 2742 3144 2836 3197; x_wconf 82' lang='grc' dir='ltr'>τοῦ</span> <span class='ocrx_word' id='word_1_497' title='bbox 2868 3149 3163 3217; x_wconf 87' lang='grc' dir='ltr'>κρατίστου</span> <span class='ocrx_word' id='word_1_498' title='bbox 3220 3154 3330 3206; x_wconf 86' lang='grc' dir='ltr'><strong>τῶν</strong></span> <span class='ocrx_word' id='word_1_499' title='bbox 3383 3156 3552 3208; x_wconf 67' lang='grc' dir='ltr'>ὄντων</span> <span class='ocrx_word' id='word_1_500' title='bbox 3610 3159 3996 3228; x_wconf 88' lang='grc' dir='ltr'>ἀπολαύοντες,</span> 
     </span>
    </p>
   </div>
   <div class='ocr_carea' id='block_1_68' title="bbox 2428 3234 3999 3324">
    <p class='ocr_par' dir='ltr' id='par_1_68' title="bbox 2428 3234 3999 3324">
     <span class='ocr_line' id='line_1_68' title="bbox 2428 3234 3999 3324; baseline 0.017 -41"><span class='ocrx_word' id='word_1_501' title='bbox 2428 3234 2798 3302; x_wconf 86' lang='grc' dir='ltr'>μακαριώτατ’</span> <span class='ocrx_word' id='word_1_502' title='bbox 2831 3237 2897 3290; x_wconf 84' lang='grc' dir='ltr'>ἂν</span> <span class='ocrx_word' id='word_1_503' title='bbox 2927 3239 3070 3294; x_wconf 77' lang='grc' dir='ltr'>οὕτω</span> <span class='ocrx_word' id='word_1_504' title='bbox 3100 3242 3333 3311; x_wconf 84' lang='grc' dir='ltr'>βιοῖμεν,</span> <span class='ocrx_word' id='word_1_505' title='bbox 3370 3246 3500 3301; x_wconf 79' lang='grc' dir='ltr'>ὥστ’</span> <span class='ocrx_word' id='word_1_506' title='bbox 3560 3251 3644 3321; x_wconf 80' lang='grc' dir='ltr'>εἴη</span> <span class='ocrx_word' id='word_1_507' title='bbox 3700 3252 3767 3305; x_wconf 78' lang='grc' dir='ltr'>ἂν</span> <span class='ocrx_word' id='word_1_508' title='bbox 3818 3256 3852 3324; x_wconf 83' lang='grc' dir='ltr'><strong>ή</strong></span> <span class='ocrx_word' id='word_1_509' title='bbox 3904 3257 3999 3309; x_wconf 81' lang='grc' dir='ltr'><strong>τοῦ</strong></span> 
     </span>
    </p>
   </div>
   <div class='ocr_carea' id='block_1_69' title="bbox 2420 3324 3999 3420">
    <p class='ocr_par' dir='ltr' id='par_1_69' title="bbox 2420 3324 3999 3420">
     <span class='ocr_line' id='line_1_69' title="bbox 2420 3324 3999 3420; baseline 0.017 -45"><span class='ocrx_word' id='word_1_510' title='bbox 2420 3324 2769 3420; x_wconf 39' lang='grc' dir='ltr'>θεοῦ-νόησις</span> <span class='ocrx_word' id='word_1_511' title='bbox 2795 3329 3302 3420; x_wconf 73' lang='grc' dir='ltr'>τὸμακαριώτατον</span> <span class='ocrx_word' id='word_1_512' title='bbox 3336 3340 3431 3407; x_wconf 80' lang='grc' dir='ltr'>τῆς</span> <span class='ocrx_word' id='word_1_513' title='bbox 3457 3342 3799 3416; x_wconf 87' lang='grc' dir='ltr'>ἀνθρωπίνης</span> <span class='ocrx_word' id='word_1_514' title='bbox 3826 3345 3999 3420; x_wconf 78' lang='grc' dir='ltr'>ζωῆς,</span> 
     </span>
    </p>
   </div>
   <div class='ocr_carea' id='block_1_70' title="bbox 2418 3410 3583 3494">
    <p class='ocr_par' dir='ltr' id='par_1_70' title="bbox 2418 3410 3583 3494">
     <span class='ocr_line' id='line_1_70' title="bbox 2418 3410 3583 3494; baseline 0.023 -32"><span class='ocrx_word' id='word_1_515' title='bbox 2418 3410 2450 3478; x_wconf 80' lang='grc' dir='ltr'><strong>ἢ</strong></span> <span class='ocrx_word' id='word_1_516' title='bbox 2491 3414 2585 3464; x_wconf 82' lang='grc' dir='ltr'>καὶ</span> <span class='ocrx_word' id='word_1_517' title='bbox 2632 3415 2939 3483; x_wconf 80' lang='grc' dir='ltr'>θεοσεϐείας</span> <span class='ocrx_word' id='word_1_518' title='bbox 2977 3424 3095 3476; x_wconf 73' lang='grc' dir='ltr'>ἐστὶ</span> <span class='ocrx_word' id='word_1_519' title='bbox 3156 3425 3218 3478; x_wconf 80' lang='grc' dir='ltr'>τὸ</span> <span class='ocrx_word' id='word_1_520' title='bbox 3265 3410 3583 3494; x_wconf 43' lang='grc' dir='ltr'>κεφάλαιον,</span> 
     </span>
    </p>
   </div>
   <div class='ocr_carea' id='block_1_71' title="bbox 3789 3530 3996 3587">
    <p class='ocr_par' dir='ltr' id='par_1_71' title="bbox 3789 3530 3996 3587">
     <span class='ocr_line' id='line_1_71' title="bbox 3789 3530 3996 3587; baseline 0.014 -3"><span class='ocrx_word' id='word_1_521' title='bbox 3789 3530 3833 3584; x_wconf 89' lang='lat' dir='ltr'><strong>si</strong></span> <span class='ocrx_word' id='word_1_522' title='bbox 3894 3532 3996 3587; x_wconf 79' lang='lat' dir='ltr'><strong>bat.</strong></span> 
     </span>
    </p>
   </div>
   <div class='ocr_carea' id='block_1_72' title="bbox 747 3588 3993 3695">
    <p class='ocr_par' dir='ltr' id='par_1_72' title="bbox 747 3588 3993 3695">
     <span class='ocr_line' id='line_1_72' title="bbox 747 3588 3993 3695; baseline 0.013 -56"><span class='ocrx_word' id='word_1_523' title='bbox 747 3591 1044 3695; x_wconf 52' lang='lat' dir='ltr'><strong>instruatis</strong></span> <span class='ocrx_word' id='word_1_524' title='bbox 1098 3588 1263 3643; x_wconf 80' lang='lat' dir='ltr'><strong>fuerit</strong></span> <span class='ocrx_word' id='word_1_525' title='bbox 1320 3604 1639 3658; x_wconf 87' lang='lat' dir='ltr'><strong>comparare</strong></span> <span class='ocrx_word' id='word_1_526' title='bbox 1698 3589 1803 3645; x_wconf 87' lang='lat' dir='ltr'><strong>sibi</strong></span> <span class='ocrx_word' id='word_1_527' title='bbox 1858 3591 2128 3659; x_wconf 88' lang='lat' dir='ltr'><strong>quispiam</strong></span> <span class='ocrx_word' id='word_1_528' title='bbox 2183 3599 2375 3661; x_wconf 85' lang='lat' dir='ltr'><strong>possit.</strong></span> <span class='ocrx_word' id='word_1_529' title='bbox 2437 3596 2692 3656; x_wconf 86' lang='lat' dir='ltr'><strong>Omnium</strong></span> <span class='ocrx_word' id='word_1_530' title='bbox 2750 3614 2929 3661; x_wconf 86' lang='lat' dir='ltr'><strong>autem</strong></span> <span class='ocrx_word' id='word_1_531' title='bbox 2972 3610 3237 3671; x_wconf 87' lang='lat' dir='ltr'><strong>virtutum</strong></span> <span class='ocrx_word' id='word_1_532' title='bbox 3299 3631 3486 3689; x_wconf 91' lang='lat' dir='ltr'><strong>caput,</strong></span> <span class='ocrx_word' id='word_1_533' title='bbox 3522 3622 3592 3678; x_wconf 88' lang='lat' dir='ltr'><strong>ad</strong></span> <span class='ocrx_word' id='word_1_534' title='bbox 3649 3588 3811 3695; x_wconf 81' lang='lat' dir='ltr'><strong>quam</strong></span> <span class='ocrx_word' id='word_1_535' title='bbox 3869 3630 3993 3683; x_wconf 90' lang='lat' dir='ltr'><strong>uni-</strong></span> 
     </span>
    </p>
   </div>
   <div class='ocr_carea' id='block_1_73' title="bbox 745 3678 3992 3783">
    <p class='ocr_par' dir='ltr' id='par_1_73' title="bbox 745 3678 3992 3783">
     <span class='ocr_line' id='line_1_73' title="bbox 745 3678 3992 3783; baseline 0.015 -56"><span class='ocrx_word' id='word_1_536' title='bbox 745 3678 1119 3732; x_wconf 68' lang='lat' dir='ltr'><strong>versmreferri</strong></span> <span class='ocrx_word' id='word_1_537' title='bbox 1167 3680 1384 3743; x_wconf 88' lang='lat' dir='ltr'><strong>debent,</strong></span> <span class='ocrx_word' id='word_1_538' title='bbox 1417 3695 1482 3735; x_wconf 92' lang='lat' dir='ltr'><strong>ac</strong></span> <span class='ocrx_word' id='word_1_539' title='bbox 1550 3680 1683 3735; x_wconf 89' lang='lat' dir='ltr'><strong>citra</strong></span> <span class='ocrx_word' id='word_1_540' title='bbox 1745 3694 1904 3747; x_wconf 88' lang='lat' dir='ltr'><strong>quant</strong></span> <span class='ocrx_word' id='word_1_541' title='bbox 1950 3682 2133 3736; x_wconf 88' lang='lat' dir='ltr'><strong>nullus</strong></span> <span class='ocrx_word' id='word_1_542' title='bbox 2185 3695 2505 3741; x_wconf 75' lang='lat' dir='ltr'><strong>cetarrarum</strong></span> <span class='ocrx_word' id='word_1_543' title='bbox 2558 3706 2693 3748; x_wconf 87' lang='lat' dir='ltr'><strong>usns</strong></span> <span class='ocrx_word' id='word_1_544' title='bbox 2752 3710 2873 3751; x_wconf 89' lang='lat' dir='ltr'><strong>esse</strong></span> <span class='ocrx_word' id='word_1_545' title='bbox 2925 3711 3121 3771; x_wconf 88' lang='lat' dir='ltr'><strong>potest,</strong></span> <span class='ocrx_word' id='word_1_546' title='bbox 3176 3678 3383 3779; x_wconf 36' lang='lat' dir='ltr'><strong>religion</strong></span> <span class='ocrx_word' id='word_1_547' title='bbox 3417 3678 3763 3783; x_wconf 42' lang='lat' dir='ltr'><strong>potissim‘utu</strong></span> 
     </span>
    </p>
   </div>
   <div class='ocr_carea' id='block_1_74' title="bbox 742 3769 3993 3883">
    <p class='ocr_par' dir='ltr' id='par_1_74' title="bbox 742 3769 3993 3883">
     <span class='ocr_line' id='line_1_74' title="bbox 742 3769 3993 3883; baseline 0.015 -60"><span class='ocrx_word' id='word_1_548' title='bbox 742 3769 860 3835; x_wconf 86' lang='lat' dir='ltr'><strong>Quo</strong></span> <span class='ocrx_word' id='word_1_549' title='bbox 891 3773 1038 3825; x_wconf 85' lang='lat' dir='ltr'><strong>enim</strong></span> <span class='ocrx_word' id='word_1_550' title='bbox 1083 3773 1135 3825; x_wconf 89' lang='lat' dir='ltr'><strong>itt</strong></span> <span class='ocrx_word' id='word_1_551' title='bbox 1190 3774 1506 3827; x_wconf 87' lang='lat' dir='ltr'><strong>societatem</strong></span> <span class='ocrx_word' id='word_1_552' title='bbox 1565 3773 2005 3842; x_wconf 66' lang='lat' dir='ltr'><strong>praestantiorum</strong></span> <span class='ocrx_word' id='word_1_553' title='bbox 2052 3790 2311 3843; x_wconf 80' lang='lat' dir='ltr'><strong>generum</strong></span> <span class='ocrx_word' id='word_1_554' title='bbox 2354 3782 2619 3848; x_wconf 84' lang='lat' dir='ltr'><strong>venimus,</strong></span> <span class='ocrx_word' id='word_1_555' title='bbox 2662 3800 2689 3837; x_wconf 92' lang='lat' dir='ltr'><strong>a</strong></span> <span class='ocrx_word' id='word_1_556' title='bbox 2732 3769 3112 3851; x_wconf 85' lang='lat' dir='ltr'><strong>deterioribus</strong></span> <span class='ocrx_word' id='word_1_557' title='bbox 3141 3769 3321 3857; x_wconf 73' lang='lat' dir='ltr'><strong>autem</strong></span> <span class='ocrx_word' id='word_1_558' title='bbox 3368 3769 3602 3864; x_wconf 65' lang='lat' dir='ltr'><strong>maxime</strong></span> <span class='ocrx_word' id='word_1_559' title='bbox 3650 3769 3993 3883; x_wconf 41' lang='lat' dir='ltr'><strong>diii‘eriui&#39;us;</strong></span> 
     </span>
    </p>
   </div>
   <div class='ocr_carea' id='block_1_75' title="bbox 745 3864 3751 3963">
    <p class='ocr_par' dir='ltr' id='par_1_75' title="bbox 745 3864 3751 3963">
     <span class='ocr_line' id='line_1_75' title="bbox 745 3864 3751 3963; baseline 0.012 -47"><span class='ocrx_word' id='word_1_560' title='bbox 745 3864 1000 3933; x_wconf 87' lang='lat' dir='ltr'><strong>quodque</strong></span> <span class='ocrx_word' id='word_1_561' title='bbox 1045 3865 1098 3917; x_wconf 88' lang='lat' dir='ltr'><strong>in</strong></span> <span class='ocrx_word' id='word_1_562' title='bbox 1132 3865 1296 3919; x_wconf 91' lang='lat' dir='ltr'><strong>rebus</strong></span> <span class='ocrx_word' id='word_1_563' title='bbox 1327 3865 1529 3919; x_wconf 87' lang='lat' dir='ltr'><strong>nostris</strong></span> <span class='ocrx_word' id='word_1_564' title='bbox 1582 3864 2091 3932; x_wconf 71' lang='lat' dir='ltr'><strong>prazstantissimum</strong></span> <span class='ocrx_word' id='word_1_565' title='bbox 2126 3877 2229 3933; x_wconf 87' lang='lat' dir='ltr'><strong>est,</strong></span> <span class='ocrx_word' id='word_1_566' title='bbox 2268 3870 2316 3923; x_wconf 88' lang='lat' dir='ltr'><strong>id</strong></span> <span class='ocrx_word' id='word_1_567' title='bbox 2352 3874 2568 3940; x_wconf 91' lang='lat' dir='ltr'><strong>quidem</strong></span> <span class='ocrx_word' id='word_1_568' title='bbox 2620 3877 2755 3932; x_wconf 83' lang='lat' dir='ltr'><strong>nihil</strong></span> <span class='ocrx_word' id='word_1_569' title='bbox 2813 3883 2958 3937; x_wconf 89' lang='lat' dir='ltr'><strong>aliud</strong></span> <span class='ocrx_word' id='word_1_570' title='bbox 3016 3888 3365 3963; x_wconf 79' lang='lat' dir='ltr'><strong>fueritquam</strong></span> <span class='ocrx_word' id='word_1_571' title='bbox 3419 3864 3751 3962; x_wconf 55' lang='lat' dir='ltr'><strong>intellecti];</strong></span> 
     </span>
    </p>
   </div>
   <div class='ocr_carea' id='block_1_76' title="bbox 744 3961 2990 4049">
    <p class='ocr_par' dir='ltr' id='par_1_76' title="bbox 744 3961 2990 4049">
     <span class='ocr_line' id='line_1_76' title="bbox 744 3961 2990 4049; baseline 0.012 -39"><span class='ocrx_word' id='word_1_572' title='bbox 744 3977 907 4031; x_wconf 84' lang='lat' dir='ltr'><strong>porro</strong></span> <span class='ocrx_word' id='word_1_573' title='bbox 937 3977 1123 4016; x_wconf 88' lang='lat' dir='ltr'><strong>earum</strong></span> <span class='ocrx_word' id='word_1_574' title='bbox 1146 3979 1268 4032; x_wconf 72' lang='lat' dir='ltr'><strong>qua:</strong></span> <span class='ocrx_word' id='word_1_575' title='bbox 1299 3961 1696 4033; x_wconf 72' lang='lat' dir='ltr'><strong>intelliguntur,</strong></span> <span class='ocrx_word' id='word_1_576' title='bbox 1733 3971 1786 4016; x_wconf 87' lang='lat' dir='ltr'><strong>et</strong></span> <span class='ocrx_word' id='word_1_577' title='bbox 1826 3964 1878 4017; x_wconf 93' lang='lat' dir='ltr'><strong>in</strong></span> <span class='ocrx_word' id='word_1_578' title='bbox 1906 3964 2105 4032; x_wconf 85' lang='lat' dir='ltr'><strong>quibus</strong></span> <span class='ocrx_word' id='word_1_579' title='bbox 2166 3965 2473 4023; x_wconf 76' lang='lat' dir='ltr'><strong>intellettus</strong></span> <span class='ocrx_word' id='word_1_580' title='bbox 2527 3986 2795 4042; x_wconf 82' lang='lat' dir='ltr'><strong>versatur,</strong></span> <span class='ocrx_word' id='word_1_581' title='bbox 2828 3988 2990 4049; x_wconf 91' lang='lat' dir='ltr'><strong>atque</strong></span> 
     </span>
    </p>
   </div>
   <div class='ocr_carea' id='block_1_77' title="bbox 741 4056 3403 4157">
    <p class='ocr_par' dir='ltr' id='par_1_77' title="bbox 741 4056 3403 4157">
     <span class='ocr_line' id='line_1_77' title="bbox 741 4056 3403 4157; baseline 0.014 -50"><span class='ocrx_word' id='word_1_582' title='bbox 741 4056 883 4110; x_wconf 83' lang='lat' dir='ltr'><strong>Deus</strong></span> <span class='ocrx_word' id='word_1_583' title='bbox 930 4069 1009 4111; x_wconf 87' lang='lat' dir='ltr'><strong>est</strong></span> <span class='ocrx_word' id='word_1_584' title='bbox 1050 4059 1552 4127; x_wconf 79' lang='lat' dir='ltr'><strong>pra-stantissimus.</strong></span> <span class='ocrx_word' id='word_1_585' title='bbox 1586 4056 1639 4110; x_wconf 89' lang='lat' dir='ltr'><strong>Si</strong></span> <span class='ocrx_word' id='word_1_586' title='bbox 1668 4058 1830 4125; x_wconf 79' lang='lat' dir='ltr'><strong>igitur</strong></span> <span class='ocrx_word' id='word_1_587' title='bbox 1873 4074 1967 4127; x_wconf 92' lang='lat' dir='ltr'><strong>per</strong></span> <span class='ocrx_word' id='word_1_588' title='bbox 2002 4056 2053 4110; x_wconf 91' lang='lat' dir='ltr'><strong>id</strong></span> <span class='ocrx_word' id='word_1_589' title='bbox 2098 4064 2239 4130; x_wconf 89' lang='lat' dir='ltr'><strong>quod</strong></span> <span class='ocrx_word' id='word_1_590' title='bbox 2265 4063 2316 4117; x_wconf 94' lang='lat' dir='ltr'><strong>in</strong></span> <span class='ocrx_word' id='word_1_591' title='bbox 2353 4067 2552 4121; x_wconf 86' lang='lat' dir='ltr'><strong>nostris</strong></span> <span class='ocrx_word' id='word_1_592' title='bbox 2602 4071 2762 4125; x_wconf 91' lang='lat' dir='ltr'><strong>rebus</strong></span> <span class='ocrx_word' id='word_1_593' title='bbox 2792 4086 2876 4128; x_wconf 91' lang='lat' dir='ltr'><strong>est</strong></span> <span class='ocrx_word' id='word_1_594' title='bbox 2901 4086 3403 4157; x_wconf 68' lang='lat' dir='ltr'><strong>prazstatttissimus,</strong></span> 
     </span>
    </p>
   </div>
   <div class='ocr_carea' id='block_1_78' title="bbox 3788 3908 3990 3966">
    <p class='ocr_par' dir='ltr' id='par_1_78' title="bbox 3788 3908 3990 3966">
     <span class='ocr_line' id='line_1_78' title="bbox 3788 3908 3990 3966; baseline 0.025 -5"><span class='ocrx_word' id='word_1_595' title='bbox 3788 3908 3990 3966; x_wconf 72' lang='lat' dir='ltr'><strong>Rerum</strong></span> 
     </span>
    </p>
   </div>
   <div class='ocr_carea' id='block_1_79' title="bbox 3046 3986 3995 4074">
    <p class='ocr_par' dir='ltr' id='par_1_79' title="bbox 3046 3986 3995 4074">
     <span class='ocr_line' id='line_1_79' title="bbox 3046 3986 3995 4074; baseline 0.023 -35"><span class='ocrx_word' id='word_1_596' title='bbox 3046 3986 3183 4041; x_wconf 86' lang='lat' dir='ltr'><strong>adeo</strong></span> <span class='ocrx_word' id='word_1_597' title='bbox 3212 3994 3457 4049; x_wconf 89' lang='lat' dir='ltr'><strong>omnium</strong></span> <span class='ocrx_word' id='word_1_598' title='bbox 3484 4012 3663 4054; x_wconf 87' lang='lat' dir='ltr'><strong>rerum</strong></span> <span class='ocrx_word' id='word_1_599' title='bbox 3695 4018 3817 4072; x_wconf 77' lang='lat' dir='ltr'><strong>qua:</strong></span> <span class='ocrx_word' id='word_1_600' title='bbox 3844 4017 3995 4074; x_wconf 90' lang='lat' dir='ltr'><strong>sunt,</strong></span> 
     </span>
    </p>
   </div>
   <div class='ocr_carea' id='block_1_80' title="bbox 3440 4098 3986 4162">
    <p class='ocr_par' dir='ltr' id='par_1_80' title="bbox 3440 4098 3986 4162">
     <span class='ocr_line' id='line_1_80' title="bbox 3440 4098 3986 4162; baseline 0.018 -15"><span class='ocrx_word' id='word_1_601' title='bbox 3440 4110 3505 4148; x_wconf 91' lang='lat' dir='ltr'><strong>eo</strong></span> <span class='ocrx_word' id='word_1_602' title='bbox 3546 4098 3636 4162; x_wconf 89' lang='lat' dir='ltr'><strong>qui</strong></span> <span class='ocrx_word' id='word_1_603' title='bbox 3658 4100 3822 4155; x_wconf 84' lang='lat' dir='ltr'><strong>totius</strong></span> <span class='ocrx_word' id='word_1_604' title='bbox 3867 4106 3986 4156; x_wconf 85' lang='lat' dir='ltr'><strong>uui-</strong></span> 
     </span>
    </p>
   </div>
   <div class='ocr_carea' id='block_1_81' title="bbox 738 4148 3979 4252">
    <p class='ocr_par' dir='ltr' id='par_1_81' title="bbox 738 4148 3979 4252">
     <span class='ocr_line' id='line_1_81' title="bbox 738 4148 3979 4252; baseline 0.011 -54"><span class='ocrx_word' id='word_1_605' title='bbox 738 4149 1538 4219; x_wconf 73' lang='lat' dir='ltr'><strong>versiestptmstantissitnum,</strong></span> <span class='ocrx_word' id='word_1_606' title='bbox 1565 4148 1932 4213; x_wconf 84' lang='lat' dir='ltr'><strong>lruamur,sic</strong></span> <span class='ocrx_word' id='word_1_607' title='bbox 1977 4149 2197 4204; x_wconf 89' lang='lat' dir='ltr'><strong>dentutu</strong></span> <span class='ocrx_word' id='word_1_608' title='bbox 2236 4153 2547 4211; x_wconf 84' lang='lat' dir='ltr'><strong>beatissime</strong></span> <span class='ocrx_word' id='word_1_609' title='bbox 2590 4160 2855 4223; x_wconf 83' lang='lat' dir='ltr'><strong>vivemus.</strong></span> <span class='ocrx_word' id='word_1_610' title='bbox 2917 4168 3009 4226; x_wconf 88' lang='lat' dir='ltr'><strong>Dei</strong></span> <span class='ocrx_word' id='word_1_611' title='bbox 3053 4174 3232 4246; x_wconf 85' lang='lat' dir='ltr'><strong>itaque</strong></span> <span class='ocrx_word' id='word_1_612' title='bbox 3279 4148 3518 4252; x_wconf 53' lang='lat' dir='ltr'><strong>cognitio</strong></span> 
     </span>
    </p>
   </div>
   <div class='ocr_carea' id='block_1_82' title="bbox 736 4247 3041 4334">
    <p class='ocr_par' dir='ltr' id='par_1_82' title="bbox 736 4247 3041 4334">
     <span class='ocr_line' id='line_1_82' title="bbox 736 4247 3041 4334; baseline 0.01 -34"><span class='ocrx_word' id='word_1_613' title='bbox 736 4247 991 4303; x_wconf 81' lang='lat' dir='ltr'><strong>humana:</strong></span> <span class='ocrx_word' id='word_1_614' title='bbox 1046 4253 1172 4304; x_wconf 74' lang='lat' dir='ltr'><strong>\ita:</strong></span> <span class='ocrx_word' id='word_1_615' title='bbox 1221 4266 1423 4305; x_wconf 85' lang='lat' dir='ltr'><strong>munus</strong></span> <span class='ocrx_word' id='word_1_616' title='bbox 1480 4254 1606 4316; x_wconf 88' lang='lat' dir='ltr'><strong>erit,</strong></span> <span class='ocrx_word' id='word_1_617' title='bbox 1646 4266 1768 4318; x_wconf 69' lang='lat' dir='ltr'><strong>quae</strong></span> <span class='ocrx_word' id='word_1_618' title='bbox 1816 4252 2006 4307; x_wconf 85' lang='lat' dir='ltr'><strong>eadem</strong></span> <span class='ocrx_word' id='word_1_619' title='bbox 2070 4258 2234 4313; x_wconf 86' lang='lat' dir='ltr'><strong>etiam</strong></span> <span class='ocrx_word' id='word_1_620' title='bbox 2290 4262 2571 4332; x_wconf 76' lang='lat' dir='ltr'><strong>religionis</strong></span> <span class='ocrx_word' id='word_1_621' title='bbox 2616 4276 2777 4334; x_wconf 80' lang='lat' dir='ltr'><strong>caput</strong></span> <span class='ocrx_word' id='word_1_622' title='bbox 2806 4267 3041 4323; x_wconf 79' lang='lat' dir='ltr'><strong>exsistit.</strong></span> 
     </span>
    </p>
   </div>
   <div class='ocr_carea' id='block_1_83' title="bbox 814 4346 2311 4422">
    <p class='ocr_par' dir='ltr' id='par_1_83' title="bbox 814 4346 2311 4422">
     <span class='ocr_line' id='line_1_83' title="bbox 814 4346 2311 4422; baseline 0.006 -24"><span class='ocrx_word' id='word_1_623' title='bbox 814 4346 943 4399; x_wconf 81' lang='lat' dir='ltr'><strong>Post</strong></span> <span class='ocrx_word' id='word_1_624' title='bbox 975 4347 1294 4401; x_wconf 88' lang='lat' dir='ltr'><strong>modestiam</strong></span> <span class='ocrx_word' id='word_1_625' title='bbox 1342 4355 1522 4399; x_wconf 83' lang='lat' dir='ltr'><strong>autem</strong></span> <span class='ocrx_word' id='word_1_626' title='bbox 1575 4350 1956 4416; x_wconf 84' lang='lat' dir='ltr'><strong>consequentia</strong></span> <span class='ocrx_word' id='word_1_627' title='bbox 2002 4351 2109 4406; x_wconf 91' lang='lat' dir='ltr'><strong>erit</strong></span> <span class='ocrx_word' id='word_1_628' title='bbox 2150 4368 2311 4422; x_wconf 79' lang='lat' dir='ltr'><strong>gene-</strong></span> 
     </span>
    </p>
   </div>
   <div class='ocr_carea' id='block_1_84' title="bbox 736 4438 2309 4508">
    <p class='ocr_par' dir='ltr' id='par_1_84' title="bbox 736 4438 2309 4508">
     <span class='ocr_line' id='line_1_84' title="bbox 736 4438 2309 4508; baseline 0.003 -15"><span class='ocrx_word' id='word_1_629' title='bbox 736 4442 960 4499; x_wconf 86' lang='lat' dir='ltr'><strong>rositas,</strong></span> <span class='ocrx_word' id='word_1_630' title='bbox 995 4441 1109 4492; x_wconf 69' lang='lat' dir='ltr'><strong>bzec</strong></span> <span class='ocrx_word' id='word_1_631' title='bbox 1139 4438 1342 4491; x_wconf 88' lang='lat' dir='ltr'><strong>etenim</strong></span> <span class='ocrx_word' id='word_1_632' title='bbox 1381 4439 1554 4492; x_wconf 86' lang='lat' dir='ltr'><strong>virtus</strong></span> <span class='ocrx_word' id='word_1_633' title='bbox 1576 4453 1698 4491; x_wconf 89' lang='lat' dir='ltr'><strong>cum</strong></span> <span class='ocrx_word' id='word_1_634' title='bbox 1732 4452 2005 4508; x_wconf 73' lang='lat' dir='ltr'><strong>praeparet</strong></span> <span class='ocrx_word' id='word_1_635' title='bbox 2057 4442 2309 4497; x_wconf 80' lang='lat' dir='ltr'><strong>homines</strong></span> 
     </span>
    </p>
   </div>
   <div class='ocr_carea' id='block_1_85' title="bbox 2492 4362 3995 4451">
    <p class='ocr_par' dir='ltr' id='par_1_85' title="bbox 2492 4362 3995 4451">
     <span class='ocr_line' id='line_1_85' title="bbox 2492 4362 3995 4451; baseline 0.013 -35"><span class='ocrx_word' id='word_1_636' title='bbox 2492 4362 2649 4416; x_wconf 76' lang='grc' dir='ltr'>Μετά</span> <span class='ocrx_word' id='word_1_637' title='bbox 2677 4363 2733 4415; x_wconf 70' lang='grc' dir='ltr'>δὲ</span> <span class='ocrx_word' id='word_1_638' title='bbox 2764 4365 3097 4434; x_wconf 83' lang='grc' dir='ltr'>κοσμιότητα</span> <span class='ocrx_word' id='word_1_639' title='bbox 3124 4368 3157 4437; x_wconf 80' lang='grc' dir='ltr'>ἠ</span> <span class='ocrx_word' id='word_1_640' title='bbox 3189 4374 3502 4439; x_wconf 77' lang='grc' dir='ltr'>γενναιότης</span> <span class='ocrx_word' id='word_1_641' title='bbox 3520 4394 3620 4429; x_wconf 90' lang='grc' dir='ltr'><strong>που</strong></span> <span class='ocrx_word' id='word_1_642' title='bbox 3649 4379 3716 4432; x_wconf 81' lang='grc' dir='ltr'><strong>ἀν</strong></span> <span class='ocrx_word' id='word_1_643' title='bbox 3734 4383 3819 4450; x_wconf 87' lang='grc' dir='ltr'><strong>εῖη</strong></span> <span class='ocrx_word' id='word_1_644' title='bbox 3847 4400 3995 4451; x_wconf 84' lang='grc' dir='ltr'>μετι-</span> 
     </span>
    </p>
   </div>
   <div class='ocr_carea' id='block_1_86' title="bbox 2417 4455 3989 4539">
    <p class='ocr_par' dir='ltr' id='par_1_86' title="bbox 2417 4455 3989 4539">
     <span class='ocr_line' id='line_1_86' title="bbox 2417 4455 3989 4539; baseline 0.015 -34"><span class='ocrx_word' id='word_1_645' title='bbox 2417 4455 2533 4505; x_wconf 85' lang='grc' dir='ltr'><strong>τέα·</strong></span> <span class='ocrx_word' id='word_1_646' title='bbox 2561 4456 2754 4517; x_wconf 79' lang='grc' dir='ltr'>πόνους</span> <span class='ocrx_word' id='word_1_647' title='bbox 2772 4473 2827 4509; x_wconf 88' lang='grc' dir='ltr'><strong>τε</strong></span> <span class='ocrx_word' id='word_1_648' title='bbox 2851 4457 2956 4525; x_wconf 81' lang='grc' dir='ltr'><strong>γὰρ</strong></span> <span class='ocrx_word' id='word_1_649' title='bbox 2978 4460 3349 4531; x_wconf 70' lang='grc' dir='ltr'>ἐγκαρτερεῖν,</span> <span class='ocrx_word' id='word_1_650' title='bbox 3376 4467 3467 4518; x_wconf 77' lang='grc' dir='ltr'>καὶ</span> <span class='ocrx_word' id='word_1_651' title='bbox 3482 4469 3756 4535; x_wconf 88' lang='grc' dir='ltr'>κινδύνους</span> <span class='ocrx_word' id='word_1_652' title='bbox 3778 4476 3989 4539; x_wconf 77' lang='grc' dir='ltr'>ἑαυτοῖς</span> 
     </span>
    </p>
   </div>
   <div class='ocr_carea' id='block_1_87' title="bbox 734 4526 2474 4631">
    <p class='ocr_par' dir='ltr' id='par_1_87' title="bbox 734 4526 2474 4601">
     <span class='ocr_line' id='line_1_87' title="bbox 734 4526 2474 4601; baseline 0.004 -22"><span class='ocrx_word' id='word_1_653' title='bbox 734 4538 795 4580; x_wconf 85' lang='lat' dir='ltr'><strong>tit</strong></span> <span class='ocrx_word' id='word_1_654' title='bbox 853 4529 1068 4580; x_wconf 83' lang='lat' dir='ltr'><strong>labores</strong></span> <span class='ocrx_word' id='word_1_655' title='bbox 1116 4526 1371 4589; x_wconf 88' lang='lat' dir='ltr'><strong>tolerent,</strong></span> <span class='ocrx_word' id='word_1_656' title='bbox 1434 4536 1490 4579; x_wconf 92' lang='lat' dir='ltr'><strong>et</strong></span> <span class='ocrx_word' id='word_1_657' title='bbox 1517 4528 1757 4595; x_wconf 87' lang='lat' dir='ltr'><strong>pericula</strong></span> <span class='ocrx_word' id='word_1_658' title='bbox 1808 4528 1862 4581; x_wconf 90' lang='lat' dir='ltr'><strong>in</strong></span> <span class='ocrx_word' id='word_1_659' title='bbox 1900 4544 1960 4583; x_wconf 88' lang='lat' dir='ltr'><strong>se</strong></span> <span class='ocrx_word' id='word_1_660' title='bbox 2012 4535 2315 4601; x_wconf 74' lang='lat' dir='ltr'><strong>suscipiant</strong></span> <span class='ocrx_word' id='word_1_661' title='bbox 2346 4540 2474 4598; x_wconf 65' lang='lat' dir='ltr'><strong>Dat</strong></span> 
     </span>
    </p>
   </div>
   <div class='ocr_carea' id='block_1_88' title="bbox 2246 4526 3986 4631">
    <p class='ocr_par' dir='ltr' id='par_1_88' title="bbox 2246 4526 3986 4631">
     <span class='ocr_line' id='line_1_88' title="bbox 2246 4526 3986 4631; baseline 0.016 -36"><span class='ocrx_word' id='word_1_662' title='bbox 2246 4542 2315 4631; x_wconf 56' lang='grc' dir='ltr'><strong>ιξὶι</strong></span> <span class='ocrx_word' id='word_1_663' title='bbox 2346 4540 2395 4598; x_wconf 84' lang='lat' dir='ltr'><strong><em>D</em></strong></span> <span class='ocrx_word' id='word_1_664' title='bbox 2422 4547 2712 4615; x_wconf 68' lang='grc' dir='ltr'>αἱρεῖσθαι,</span> <span class='ocrx_word' id='word_1_665' title='bbox 2735 4553 2867 4617; x_wconf 78' lang='grc' dir='ltr'>πρὸς</span> <span class='ocrx_word' id='word_1_666' title='bbox 2913 4552 3084 4604; x_wconf 84' lang='grc' dir='ltr'>πολλὰ</span> <span class='ocrx_word' id='word_1_667' title='bbox 3245 4526 3474 4611; x_wconf 79' lang='grc' dir='ltr'>δεόντων</span> <span class='ocrx_word' id='word_1_668' title='bbox 3495 4526 3986 4631; x_wconf 60' lang='grc' dir='ltr'>παρασκευάζουσα</span> 
     </span>
    </p>
   </div>
   <div class='ocr_carea' id='block_1_89' title="bbox 733 4617 2303 4691">
    <p class='ocr_par' dir='ltr' id='par_1_89' title="bbox 733 4617 2303 4691">
     <span class='ocr_line' id='line_1_89' title="bbox 733 4617 2303 4691; baseline 0.002 -17"><span class='ocrx_word' id='word_1_669' title='bbox 733 4622 801 4674; x_wconf 85' lang='lat' dir='ltr'><strong>ad</strong></span> <span class='ocrx_word' id='word_1_670' title='bbox 837 4619 1005 4672; x_wconf 88' lang='lat' dir='ltr'><strong>multa</strong></span> <span class='ocrx_word' id='word_1_671' title='bbox 1030 4618 1201 4672; x_wconf 85' lang='lat' dir='ltr'><strong>oﬂicia</strong></span> <span class='ocrx_word' id='word_1_672' title='bbox 1235 4617 1517 4671; x_wconf 89' lang='lat' dir='ltr'><strong>retinenda</strong></span> <span class='ocrx_word' id='word_1_673' title='bbox 1540 4619 1948 4674; x_wconf 84' lang='lat' dir='ltr'><strong>eﬂicacissintos</strong></span> <span class='ocrx_word' id='word_1_674' title='bbox 1985 4623 2036 4674; x_wconf 84' lang='lat' dir='ltr'><strong>iit</strong></span> <span class='ocrx_word' id='word_1_675' title='bbox 2092 4625 2303 4691; x_wconf 81' lang='lat' dir='ltr'><strong>agendo</strong></span> 
     </span>
    </p>
   </div>
   <div class='ocr_carea' id='block_1_90' title="bbox 734 4709 2306 4780">
    <p class='ocr_par' dir='ltr' id='par_1_90' title="bbox 734 4709 2306 4780">
     <span class='ocr_line' id='line_1_90' title="bbox 734 4709 2306 4780; baseline 0.003 -15"><span class='ocrx_word' id='word_1_676' title='bbox 734 4711 933 4774; x_wconf 83' lang='lat' dir='ltr'><strong>reddit,</strong></span> <span class='ocrx_word' id='word_1_677' title='bbox 995 4718 1159 4776; x_wconf 91' lang='lat' dir='ltr'><strong>atque</strong></span> <span class='ocrx_word' id='word_1_678' title='bbox 1214 4709 1278 4761; x_wconf 89' lang='lat' dir='ltr'><strong>ad</strong></span> <span class='ocrx_word' id='word_1_679' title='bbox 1339 4709 1573 4772; x_wconf 85' lang='lat' dir='ltr'><strong>reliquas</strong></span> <span class='ocrx_word' id='word_1_680' title='bbox 1604 4709 1837 4765; x_wconf 85' lang='lat' dir='ltr'><strong>virtutes</strong></span> <span class='ocrx_word' id='word_1_681' title='bbox 1895 4715 2306 4780; x_wconf 82' lang='lat' dir='ltr'><strong>consequendas</strong></span> 
     </span>
    </p>
   </div>
   <div class='ocr_carea' id='block_1_91' title="bbox 733 4799 2303 4873">
    <p class='ocr_par' dir='ltr' id='par_1_91' title="bbox 733 4799 2303 4873">
     <span class='ocr_line' id='line_1_91' title="bbox 733 4799 2303 4873; baseline 0.002 -18"><span class='ocrx_word' id='word_1_682' title='bbox 733 4803 1186 4856; x_wconf 82' lang='lat' dir='ltr'><strong>instructissimus</strong></span> <span class='ocrx_word' id='word_1_683' title='bbox 1225 4801 1405 4853; x_wconf 84' lang='lat' dir='ltr'><strong>eﬂicit.</strong></span> <span class='ocrx_word' id='word_1_684' title='bbox 1449 4799 1568 4853; x_wconf 75' lang='lat' dir='ltr'><strong>Jam</strong></span> <span class='ocrx_word' id='word_1_685' title='bbox 1629 4818 1756 4855; x_wconf 89' lang='lat' dir='ltr'><strong>vero</strong></span> <span class='ocrx_word' id='word_1_686' title='bbox 1810 4818 1875 4856; x_wconf 82' lang='lat' dir='ltr'><strong>ne</strong></span> <span class='ocrx_word' id='word_1_687' title='bbox 1910 4804 2041 4857; x_wconf 82' lang='lat' dir='ltr'><strong>illud</strong></span> <span class='ocrx_word' id='word_1_688' title='bbox 2085 4806 2303 4873; x_wconf 88' lang='lat' dir='ltr'><strong>quidem</strong></span> 
     </span>
    </p>
   </div>
   <div class='ocr_carea' id='block_1_92' title="bbox 734 4891 2306 4963">
    <p class='ocr_par' dir='ltr' id='par_1_92' title="bbox 734 4891 2306 4963">
     <span class='ocr_line' id='line_1_92' title="bbox 734 4891 2306 4963; baseline 0.004 -18"><span class='ocrx_word' id='word_1_689' title='bbox 734 4894 1102 4962; x_wconf 73' lang='lat' dir='ltr'><strong>ignorandqu</strong></span> <span class='ocrx_word' id='word_1_690' title='bbox 1159 4901 1241 4945; x_wconf 86' lang='lat' dir='ltr'><strong>est</strong></span> <span class='ocrx_word' id='word_1_691' title='bbox 1269 4891 1410 4957; x_wconf 89' lang='lat' dir='ltr'><strong>quod</strong></span> <span class='ocrx_word' id='word_1_692' title='bbox 1444 4891 1706 4946; x_wconf 83' lang='lat' dir='ltr'><strong>modestis</strong></span> <span class='ocrx_word' id='word_1_693' title='bbox 1736 4901 1789 4946; x_wconf 90' lang='lat' dir='ltr'><strong>et</strong></span> <span class='ocrx_word' id='word_1_694' title='bbox 1848 4898 2140 4963; x_wconf 76' lang='lat' dir='ltr'><strong>generosis</strong></span> <span class='ocrx_word' id='word_1_695' title='bbox 2177 4898 2306 4951; x_wconf 86' lang='lat' dir='ltr'><strong>viris</strong></span> 
     </span>
    </p>
   </div>
   <div class='ocr_carea' id='block_1_93' title="bbox 730 4982 2304 5051">
    <p class='ocr_par' dir='ltr' id='par_1_93' title="bbox 730 4982 2304 5051">
     <span class='ocr_line' id='line_1_93' title="bbox 730 4982 2304 5051; baseline 0.003 -14"><span class='ocrx_word' id='word_1_696' title='bbox 730 4985 947 5045; x_wconf 86' lang='lat' dir='ltr'><strong>accidit,</strong></span> <span class='ocrx_word' id='word_1_697' title='bbox 1005 4982 1165 5050; x_wconf 86' lang='lat' dir='ltr'><strong>quasi</strong></span> <span class='ocrx_word' id='word_1_698' title='bbox 1228 4992 1428 5051; x_wconf 59' lang='lat' dir='ltr'><strong>praeter</strong></span> <span class='ocrx_word' id='word_1_699' title='bbox 1474 4983 1595 5037; x_wconf 67' lang='lat' dir='ltr'><strong>vitae</strong></span> <span class='ocrx_word' id='word_1_700' title='bbox 1628 4984 1965 5039; x_wconf 90' lang='lat' dir='ltr'><strong>institutum.</strong></span> <span class='ocrx_word' id='word_1_701' title='bbox 2006 4986 2218 5041; x_wconf 85' lang='lat' dir='ltr'><strong>Etenim</strong></span> <span class='ocrx_word' id='word_1_702' title='bbox 2258 4988 2304 5041; x_wconf 83' lang='lat' dir='ltr'><strong>si</strong></span> 
     </span>
    </p>
   </div>
   <div class='ocr_carea' id='block_1_94' title="bbox 730 5074 2304 5143">
    <p class='ocr_par' dir='ltr' id='par_1_94' title="bbox 730 5074 2304 5143">
     <span class='ocr_line' id='line_1_94' title="bbox 730 5074 2304 5143; baseline 0.005 -17"><span class='ocrx_word' id='word_1_703' title='bbox 730 5076 850 5143; x_wconf 91' lang='lat' dir='ltr'><strong>quis</strong></span> <span class='ocrx_word' id='word_1_704' title='bbox 903 5090 1014 5126; x_wconf 87' lang='lat' dir='ltr'><strong>rem</strong></span> <span class='ocrx_word' id='word_1_705' title='bbox 1071 5084 1219 5126; x_wconf 87' lang='lat' dir='ltr'><strong>reete</strong></span> <span class='ocrx_word' id='word_1_706' title='bbox 1271 5074 1604 5141; x_wconf 88' lang='lat' dir='ltr'><strong>consideret,</strong></span> <span class='ocrx_word' id='word_1_707' title='bbox 1646 5090 1747 5129; x_wconf 89' lang='lat' dir='ltr'><strong>nec</strong></span> <span class='ocrx_word' id='word_1_708' title='bbox 1794 5077 2167 5132; x_wconf 87' lang='lat' dir='ltr'><strong>modestorum</strong></span> <span class='ocrx_word' id='word_1_709' title='bbox 2198 5082 2304 5134; x_wconf 89' lang='lat' dir='ltr'><strong>vita</strong></span> 
     </span>
    </p>
   </div>
   <div class='ocr_carea' id='block_1_95' title="bbox 732 5164 2306 5234">
    <p class='ocr_par' dir='ltr' id='par_1_95' title="bbox 732 5164 2306 5234">
     <span class='ocr_line' id='line_1_95' title="bbox 732 5164 2306 5234; baseline 0.006 -21"><span class='ocrx_word' id='word_1_710' title='bbox 732 5166 1013 5233; x_wconf 81' lang='lat' dir='ltr'><strong>pauciores</strong></span> <span class='ocrx_word' id='word_1_711' title='bbox 1055 5164 1220 5217; x_wconf 86' lang='lat' dir='ltr'><strong>liabet</strong></span> <span class='ocrx_word' id='word_1_712' title='bbox 1255 5168 1580 5234; x_wconf 86' lang='lat' dir='ltr'><strong>voluptates,</strong></span> <span class='ocrx_word' id='word_1_713' title='bbox 1641 5168 1734 5234; x_wconf 91' lang='lat' dir='ltr'><strong>qui</strong></span> <span class='ocrx_word' id='word_1_714' title='bbox 1765 5169 1999 5222; x_wconf 88' lang='lat' dir='ltr'><strong>modesti</strong></span> <span class='ocrx_word' id='word_1_715' title='bbox 2038 5184 2147 5224; x_wconf 88' lang='lat' dir='ltr'><strong>non</strong></span> <span class='ocrx_word' id='word_1_716' title='bbox 2178 5181 2306 5225; x_wconf 90' lang='lat' dir='ltr'><strong>sunt</strong></span> 
     </span>
    </p>
   </div>
   <div class='ocr_carea' id='block_1_96' title="bbox 732 5256 2301 5328">
    <p class='ocr_par' dir='ltr' id='par_1_96' title="bbox 732 5256 2301 5328">
     <span class='ocr_line' id='line_1_96' title="bbox 732 5256 2301 5328; baseline 0.004 -18"><span class='ocrx_word' id='word_1_717' title='bbox 732 5272 832 5310; x_wconf 90' lang='lat' dir='ltr'><strong>nec</strong></span> <span class='ocrx_word' id='word_1_718' title='bbox 866 5256 1115 5322; x_wconf 75' lang='lat' dir='ltr'><strong>generosi</strong></span> <span class='ocrx_word' id='word_1_719' title='bbox 1142 5256 1210 5310; x_wconf 85' lang='lat' dir='ltr'><strong>ab</strong></span> <span class='ocrx_word' id='word_1_720' title='bbox 1250 5258 1316 5311; x_wconf 90' lang='lat' dir='ltr'><strong>iis</strong></span> <span class='ocrx_word' id='word_1_721' title='bbox 1346 5259 1439 5325; x_wconf 89' lang='lat' dir='ltr'><strong>qui</strong></span> <span class='ocrx_word' id='word_1_722' title='bbox 1472 5268 1599 5312; x_wconf 87' lang='lat' dir='ltr'><strong>sunt</strong></span> <span class='ocrx_word' id='word_1_723' title='bbox 1633 5259 1957 5328; x_wconf 75' lang='lat' dir='ltr'><strong>degeneres,</strong></span> <span class='ocrx_word' id='word_1_724' title='bbox 2001 5261 2053 5313; x_wconf 89' lang='lat' dir='ltr'><strong>in</strong></span> <span class='ocrx_word' id='word_1_725' title='bbox 2095 5262 2301 5316; x_wconf 65' lang='lat' dir='ltr'><strong>labori.</strong></span> 
     </span>
    </p>
   </div>
   <div class='ocr_carea' id='block_1_97' title="bbox 730 5348 2306 5421">
    <p class='ocr_par' dir='ltr' id='par_1_97' title="bbox 730 5348 2306 5421">
     <span class='ocr_line' id='line_1_97' title="bbox 730 5348 2306 5421; baseline 0.004 -18"><span class='ocrx_word' id='word_1_726' title='bbox 730 5355 833 5408; x_wconf 82' lang='lat' dir='ltr'><strong>bus</strong></span> <span class='ocrx_word' id='word_1_727' title='bbox 870 5359 1220 5420; x_wconf 77' lang='lat' dir='ltr'><strong>superantur.</strong></span> <span class='ocrx_word' id='word_1_728' title='bbox 1281 5348 1416 5403; x_wconf 84' lang='lat' dir='ltr'><strong>Nam</strong></span> <span class='ocrx_word' id='word_1_729' title='bbox 1445 5362 1498 5404; x_wconf 90' lang='lat' dir='ltr'><strong>et</strong></span> <span class='ocrx_word' id='word_1_730' title='bbox 1536 5351 1875 5421; x_wconf 83' lang='lat' dir='ltr'><strong>voluptatum</strong></span> <span class='ocrx_word' id='word_1_731' title='bbox 1913 5366 1977 5405; x_wconf 86' lang='lat' dir='ltr'><strong>ea</strong></span> <span class='ocrx_word' id='word_1_732' title='bbox 2044 5353 2153 5407; x_wconf 80' lang='lat' dir='ltr'><strong>fere</strong></span> <span class='ocrx_word' id='word_1_733' title='bbox 2208 5372 2306 5409; x_wconf 89' lang='lat' dir='ltr'><strong>na-</strong></span> 
     </span>
    </p>
   </div>
   <div class='ocr_carea' id='block_1_98' title="bbox 728 5443 2300 5515">
    <p class='ocr_par' dir='ltr' id='par_1_98' title="bbox 728 5443 2300 5515">
     <span class='ocr_line' id='line_1_98' title="bbox 728 5443 2300 5515; baseline 0.003 -18"><span class='ocrx_word' id='word_1_734' title='bbox 728 5455 847 5497; x_wconf 90' lang='lat' dir='ltr'><strong>tura</strong></span> <span class='ocrx_word' id='word_1_735' title='bbox 878 5460 997 5499; x_wconf 84' lang='lat' dir='ltr'><strong>esse</strong></span> <span class='ocrx_word' id='word_1_736' title='bbox 1021 5444 1252 5506; x_wconf 87' lang='lat' dir='ltr'><strong>videtur,</strong></span> <span class='ocrx_word' id='word_1_737' title='bbox 1296 5452 1353 5493; x_wconf 93' lang='lat' dir='ltr'><strong>ut</strong></span> <span class='ocrx_word' id='word_1_738' title='bbox 1377 5456 1472 5495; x_wconf 88' lang='lat' dir='ltr'><strong>eos</strong></span> <span class='ocrx_word' id='word_1_739' title='bbox 1502 5444 1595 5510; x_wconf 91' lang='lat' dir='ltr'><strong>qui</strong></span> <span class='ocrx_word' id='word_1_740' title='bbox 1626 5443 1843 5497; x_wconf 86' lang='lat' dir='ltr'><strong>labores</strong></span> <span class='ocrx_word' id='word_1_741' title='bbox 1877 5444 2125 5513; x_wconf 77' lang='lat' dir='ltr'><strong>fugiunt,</strong></span> <span class='ocrx_word' id='word_1_742' title='bbox 2155 5447 2300 5515; x_wconf 89' lang='lat' dir='ltr'><strong>ipsas</strong></span> 
     </span>
    </p>
   </div>
   <div class='ocr_carea' id='block_1_99' title="bbox 729 5537 2301 5605">
    <p class='ocr_par' dir='ltr' id='par_1_99' title="bbox 729 5537 2301 5605">
     <span class='ocr_line' id='line_1_99' title="bbox 729 5537 2301 5605; baseline 0.006 -23"><span class='ocrx_word' id='word_1_743' title='bbox 729 5548 857 5585; x_wconf 83' lang='lat' dir='ltr'><strong>vero</strong></span> <span class='ocrx_word' id='word_1_744' title='bbox 908 5545 1110 5597; x_wconf 84' lang='lat' dir='ltr'><strong>amant,</strong></span> <span class='ocrx_word' id='word_1_745' title='bbox 1137 5547 1439 5597; x_wconf 87' lang='lat' dir='ltr'><strong>eorumque</strong></span> <span class='ocrx_word' id='word_1_746' title='bbox 1462 5548 1647 5586; x_wconf 84' lang='lat' dir='ltr'><strong>amore</strong></span> <span class='ocrx_word' id='word_1_747' title='bbox 1683 5537 1904 5589; x_wconf 89' lang='lat' dir='ltr'><strong>attoniti</strong></span> <span class='ocrx_word' id='word_1_748' title='bbox 1941 5548 2097 5602; x_wconf 87' lang='lat' dir='ltr'><strong>sunt,</strong></span> <span class='ocrx_word' id='word_1_749' title='bbox 2133 5541 2301 5605; x_wconf 77' lang='lat' dir='ltr'><strong>magis</strong></span> 
     </span>
    </p>
   </div>
   <div class='ocr_carea' id='block_1_100' title="bbox 724 5622 2294 5695">
    <p class='ocr_par' dir='ltr' id='par_1_100' title="bbox 724 5622 2294 5695">
     <span class='ocr_line' id='line_1_100' title="bbox 724 5622 2294 5695; baseline 0.004 -17"><span class='ocrx_word' id='word_1_750' title='bbox 724 5626 1004 5689; x_wconf 86' lang='lat' dir='ltr'><strong>deserant,</strong></span> <span class='ocrx_word' id='word_1_751' title='bbox 1054 5632 1217 5692; x_wconf 85' lang='lat' dir='ltr'><strong>atque</strong></span> <span class='ocrx_word' id='word_1_752' title='bbox 1258 5622 1493 5677; x_wconf 86' lang='lat' dir='ltr'><strong>elIiciant</strong></span> <span class='ocrx_word' id='word_1_753' title='bbox 1544 5634 1604 5677; x_wconf 93' lang='lat' dir='ltr'><strong>ut</strong></span> <span class='ocrx_word' id='word_1_754' title='bbox 1655 5637 1876 5695; x_wconf 87' lang='lat' dir='ltr'><strong>propter</strong></span> <span class='ocrx_word' id='word_1_755' title='bbox 1905 5630 2208 5682; x_wconf 88' lang='lat' dir='ltr'><strong>satietatem</strong></span> <span class='ocrx_word' id='word_1_756' title='bbox 2244 5642 2294 5684; x_wconf 88' lang='lat' dir='ltr'><strong>et</strong></span> 
     </span>
    </p>
   </div>
   <div class='ocr_carea' id='block_1_101' title="bbox 725 5716 2295 5790">
    <p class='ocr_par' dir='ltr' id='par_1_101' title="bbox 725 5716 2295 5790">
     <span class='ocr_line' id='line_1_101' title="bbox 725 5716 2295 5790; baseline 0.001 -20"><span class='ocrx_word' id='word_1_757' title='bbox 725 5716 1200 5778; x_wconf 77' lang='lat' dir='ltr'><strong>consuetudinem,</strong></span> <span class='ocrx_word' id='word_1_758' title='bbox 1255 5718 1437 5769; x_wconf 91' lang='lat' dir='ltr'><strong>minus</strong></span> <span class='ocrx_word' id='word_1_759' title='bbox 1484 5730 1671 5771; x_wconf 86' lang='lat' dir='ltr'><strong>carum</strong></span> <span class='ocrx_word' id='word_1_760' title='bbox 1721 5733 1914 5773; x_wconf 86' lang='lat' dir='ltr'><strong>sensus</strong></span> <span class='ocrx_word' id='word_1_761' title='bbox 1939 5722 2295 5790; x_wconf 88' lang='lat' dir='ltr'><strong>percipiatur,</strong></span> 
     </span>
    </p>
   </div>
   <div class='ocr_carea' id='block_1_102' title="bbox 724 5810 2296 5885">
    <p class='ocr_par' dir='ltr' id='par_1_102' title="bbox 724 5810 2296 5885">
     <span class='ocr_line' id='line_1_102' title="bbox 724 5810 2296 5885; baseline 0.004 -23"><span class='ocrx_word' id='word_1_762' title='bbox 724 5810 820 5862; x_wconf 85' lang='lat' dir='ltr'><strong>sed</strong></span> <span class='ocrx_word' id='word_1_763' title='bbox 859 5810 910 5861; x_wconf 92' lang='lat' dir='ltr'><strong>in</strong></span> <span class='ocrx_word' id='word_1_764' title='bbox 984 5810 1045 5862; x_wconf 91' lang='lat' dir='ltr'><strong>iis</strong></span> <span class='ocrx_word' id='word_1_765' title='bbox 1102 5812 1479 5877; x_wconf 82' lang='lat' dir='ltr'><strong>assequendis,</strong></span> <span class='ocrx_word' id='word_1_766' title='bbox 1546 5811 1751 5867; x_wconf 72' lang='lat' dir='ltr'><strong>viribus</strong></span> <span class='ocrx_word' id='word_1_767' title='bbox 1796 5815 2120 5885; x_wconf 87' lang='lat' dir='ltr'><strong>plerumque</strong></span> <span class='ocrx_word' id='word_1_768' title='bbox 2159 5816 2296 5876; x_wconf 83' lang='lat' dir='ltr'><strong>cele-</strong></span> 
     </span>
    </p>
   </div>
   <div class='ocr_carea' id='block_1_103' title="bbox 2414 4637 3983 4726">
    <p class='ocr_par' dir='ltr' id='par_1_103' title="bbox 2414 4637 3983 4726">
     <span class='ocr_line' id='line_1_103' title="bbox 2414 4637 3983 4726; baseline 0.016 -40"><span class='ocrx_word' id='word_1_769' title='bbox 2414 4637 2553 4704; x_wconf 73' lang='grc' dir='ltr'>αὕτη</span> <span class='ocrx_word' id='word_1_770' title='bbox 2575 4638 2609 4706; x_wconf 76' lang='grc' dir='ltr'><strong>ἡ</strong></span> <span class='ocrx_word' id='word_1_771' title='bbox 2652 4638 2842 4707; x_wconf 81' lang='grc' dir='ltr'>ἀρετὴ,</span> <span class='ocrx_word' id='word_1_772' title='bbox 2874 4640 3281 4708; x_wconf 83' lang='grc' dir='ltr'>δυνατωτάτους</span> <span class='ocrx_word' id='word_1_773' title='bbox 3304 4666 3360 4701; x_wconf 85' lang='grc' dir='ltr'><strong>τε</strong></span> <span class='ocrx_word' id='word_1_774' title='bbox 3388 4652 3645 4718; x_wconf 84' lang='grc' dir='ltr'>πράττειν</span> <span class='ocrx_word' id='word_1_775' title='bbox 3664 4660 3983 4726; x_wconf 67' lang='grc' dir='ltr'>παρέχεται,</span> 
     </span>
    </p>
   </div>
   <div class='ocr_carea' id='block_1_104' title="bbox 2408 4727 3982 4813">
    <p class='ocr_par' dir='ltr' id='par_1_104' title="bbox 2408 4727 3982 4813">
     <span class='ocr_line' id='line_1_104' title="bbox 2408 4727 3982 4813; baseline 0.018 -39"><span class='ocrx_word' id='word_1_776' title='bbox 2408 4727 2499 4776; x_wconf 81' lang='grc' dir='ltr'>καὶ</span> <span class='ocrx_word' id='word_1_777' title='bbox 2531 4727 2665 4795; x_wconf 87' lang='grc' dir='ltr'>πρὸς</span> <span class='ocrx_word' id='word_1_778' title='bbox 2718 4729 2815 4789; x_wconf 83' lang='grc' dir='ltr'>τὰς</span> <span class='ocrx_word' id='word_1_779' title='bbox 2860 4730 3027 4793; x_wconf 80' lang='grc' dir='ltr'>ἄλλας</span> <span class='ocrx_word' id='word_1_780' title='bbox 3066 4734 3263 4803; x_wconf 83' lang='grc' dir='ltr'>ἀρετὰς</span> <span class='ocrx_word' id='word_1_781' title='bbox 3288 4739 3648 4807; x_wconf 78' lang='grc' dir='ltr'>ἱκανωτάτους</span> <span class='ocrx_word' id='word_1_782' title='bbox 3670 4745 3982 4813; x_wconf 65' lang='grc' dir='ltr'>ἀποφαίνει.</span> 
     </span>
    </p>
   </div>
   <div class='ocr_carea' id='block_1_105' title="bbox 2408 4819 3985 4909">
    <p class='ocr_par' dir='ltr' id='par_1_105' title="bbox 2408 4819 3985 4909">
     <span class='ocr_line' id='line_1_105' title="bbox 2408 4819 3985 4909; baseline 0.016 -42"><span class='ocrx_word' id='word_1_783' title='bbox 2408 4820 2495 4868; x_wconf 84' lang='grc' dir='ltr'>Δεῖ</span> <span class='ocrx_word' id='word_1_784' title='bbox 2536 4819 2719 4886; x_wconf 84' lang='grc' dir='ltr'>μέντοι</span> <span class='ocrx_word' id='word_1_785' title='bbox 2768 4820 2887 4888; x_wconf 85' lang='grc' dir='ltr'>μηδ’</span> <span class='ocrx_word' id='word_1_786' title='bbox 2920 4823 3094 4876; x_wconf 82' lang='grc' dir='ltr'>ἐκεῖνο</span> <span class='ocrx_word' id='word_1_787' title='bbox 3121 4827 3357 4893; x_wconf 84' lang='grc' dir='ltr'>ἀγνοεῖν,</span> <span class='ocrx_word' id='word_1_788' title='bbox 3392 4830 3506 4896; x_wconf 84' lang='grc' dir='ltr'>βίου</span> <span class='ocrx_word' id='word_1_789' title='bbox 3535 4836 3813 4906; x_wconf 85' lang='grc' dir='ltr'>πάρεργον</span> <span class='ocrx_word' id='word_1_790' title='bbox 3850 4841 3985 4909; x_wconf 82' lang='grc' dir='ltr'>ξυμ-</span> 
     </span>
    </p>
   </div>
   <div class='ocr_carea' id='block_1_106' title="bbox 2408 4910 3987 4998">
    <p class='ocr_par' dir='ltr' id='par_1_106' title="bbox 2408 4910 3987 4998">
     <span class='ocr_line' id='line_1_106' title="bbox 2408 4910 3987 4998; baseline 0.018 -40"><span class='ocrx_word' id='word_1_791' title='bbox 2408 4910 2589 4960; x_wconf 77' lang='grc' dir='ltr'>ϐαῖνον</span> <span class='ocrx_word' id='word_1_792' title='bbox 2617 4913 2727 4972; x_wconf 88' lang='grc' dir='ltr'>τοῖς</span> <span class='ocrx_word' id='word_1_793' title='bbox 2756 4927 2813 4963; x_wconf 88' lang='grc' dir='ltr'><strong>τε</strong></span> <span class='ocrx_word' id='word_1_794' title='bbox 2844 4915 3090 4981; x_wconf 80' lang='grc' dir='ltr'>κοσμίοις</span> <span class='ocrx_word' id='word_1_795' title='bbox 3121 4920 3211 4969; x_wconf 70' lang='grc' dir='ltr'>καὶ</span> <span class='ocrx_word' id='word_1_796' title='bbox 3242 4923 3509 4986; x_wconf 70' lang='grc' dir='ltr'>γενναίοις</span> <span class='ocrx_word' id='word_1_797' title='bbox 3538 4926 3644 4977; x_wconf 85' lang='grc' dir='ltr'>τῶν</span> <span class='ocrx_word' id='word_1_798' title='bbox 3667 4929 3895 4998; x_wconf 84' lang='grc' dir='ltr'>ἀνδρῶν.</span> <span class='ocrx_word' id='word_1_799' title='bbox 3920 4936 3987 4986; x_wconf 78' lang='lat' dir='ltr'><strong>Ui</strong></span> 
     </span>
    </p>
   </div>
   <div class='ocr_carea' id='block_1_107' title="bbox 2407 5000 3982 5085">
    <p class='ocr_par' dir='ltr' id='par_1_107' title="bbox 2407 5000 3982 5085">
     <span class='ocr_line' id='line_1_107' title="bbox 2407 5000 3982 5085; baseline 0.02 -38"><span class='ocrx_word' id='word_1_800' title='bbox 2407 5014 2468 5065; x_wconf 84' lang='grc' dir='ltr'><strong>γε</strong></span> <span class='ocrx_word' id='word_1_801' title='bbox 2498 5000 2606 5068; x_wconf 75' lang='grc' dir='ltr'>γὰρ</span> <span class='ocrx_word' id='word_1_802' title='bbox 2647 5001 2863 5069; x_wconf 80' lang='grc' dir='ltr'>κόσμιοι</span> <span class='ocrx_word' id='word_1_803' title='bbox 2914 5006 3021 5056; x_wconf 86' lang='grc' dir='ltr'><strong>τῶν</strong></span> <span class='ocrx_word' id='word_1_804' title='bbox 3085 5008 3159 5077; x_wconf 81' lang='grc' dir='ltr'>μὴ</span> <span class='ocrx_word' id='word_1_805' title='bbox 3206 5010 3464 5065; x_wconf 77' lang='grc' dir='ltr'>τοιούτων</span> <span class='ocrx_word' id='word_1_806' title='bbox 3524 5017 3643 5071; x_wconf 71' lang='grc' dir='ltr'>οὐδὲ</span> <span class='ocrx_word' id='word_1_807' title='bbox 3705 5024 3845 5075; x_wconf 82' lang='grc' dir='ltr'><strong>κατά</strong></span> <span class='ocrx_word' id='word_1_808' title='bbox 3884 5026 3982 5085; x_wconf 82' lang='grc' dir='ltr'>τὰς</span> 
     </span>
    </p>
   </div>
   <div class='ocr_carea' id='block_1_108' title="bbox 2406 5090 3983 5177">
    <p class='ocr_par' dir='ltr' id='par_1_108' title="bbox 2406 5090 3983 5177">
     <span class='ocr_line' id='line_1_108' title="bbox 2406 5090 3983 5177; baseline 0.02 -37"><span class='ocrx_word' id='word_1_809' title='bbox 2406 5090 2596 5156; x_wconf 67' lang='grc' dir='ltr'>ἡδονὰς</span> <span class='ocrx_word' id='word_1_810' title='bbox 2620 5129 2634 5155; x_wconf 90' lang='grc'><strong>,</strong></span> <span class='ocrx_word' id='word_1_811' title='bbox 2665 5092 2884 5146; x_wconf 67' lang='grc' dir='ltr'>ἔλαττον</span> <span class='ocrx_word' id='word_1_812' title='bbox 2910 5097 2977 5149; x_wconf 80' lang='grc' dir='ltr'>ἂν</span> <span class='ocrx_word' id='word_1_813' title='bbox 3009 5098 3157 5161; x_wconf 79' lang='grc' dir='ltr'>δόξαι</span> <span class='ocrx_word' id='word_1_814' title='bbox 3186 5102 3415 5170; x_wconf 77' lang='grc' dir='ltr'>ἐνέχειν,</span> <span class='ocrx_word' id='word_1_815' title='bbox 3458 5109 3700 5177; x_wconf 76' lang='grc' dir='ltr'>ἀκριϐῶς</span> <span class='ocrx_word' id='word_1_816' title='bbox 3753 5116 3983 5169; x_wconf 81' lang='grc' dir='ltr'>σκοποῦ-</span> 
     </span>
    </p>
   </div>
   <div class='ocr_carea' id='block_1_109' title="bbox 2413 5183 3979 5271">
    <p class='ocr_par' dir='ltr' id='par_1_109' title="bbox 2413 5183 3979 5271">
     <span class='ocr_line' id='line_1_109' title="bbox 2413 5183 3979 5271; baseline 0.02 -41"><span class='ocrx_word' id='word_1_817' title='bbox 2413 5198 2517 5245; x_wconf 89' lang='grc' dir='ltr'>σιν,</span> <span class='ocrx_word' id='word_1_818' title='bbox 2554 5183 2684 5233; x_wconf 86' lang='grc' dir='ltr'>οῖτε</span> <span class='ocrx_word' id='word_1_819' title='bbox 2743 5188 2980 5249; x_wconf 88' lang='grc' dir='ltr'>γενναῖοι</span> <span class='ocrx_word' id='word_1_820' title='bbox 3027 5193 3152 5251; x_wconf 82' lang='grc' dir='ltr'>τοὺς</span> <span class='ocrx_word' id='word_1_821' title='bbox 3212 5193 3425 5260; x_wconf 88' lang='grc' dir='ltr'>ἀγενεῖς</span> <span class='ocrx_word' id='word_1_822' title='bbox 3485 5200 3606 5254; x_wconf 75' lang='grc' dir='ltr'>οὐδὲ</span> <span class='ocrx_word' id='word_1_823' title='bbox 3660 5208 3798 5257; x_wconf 80' lang='grc' dir='ltr'><strong>κατά</strong></span> <span class='ocrx_word' id='word_1_824' title='bbox 3853 5211 3979 5271; x_wconf 79' lang='grc' dir='ltr'>τοὺς</span> 
     </span>
    </p>
   </div>
   <div class='ocr_carea' id='block_1_110' title="bbox 2406 5273 3981 5365">
    <p class='ocr_par' dir='ltr' id='par_1_110' title="bbox 2406 5273 3981 5365">
     <span class='ocr_line' id='line_1_110' title="bbox 2406 5273 3981 5365; baseline 0.02 -43"><span class='ocrx_word' id='word_1_825' title='bbox 2406 5273 2595 5365; x_wconf 78' lang='grc' dir='ltr'>πόνους</span> <span class='ocrx_word' id='word_1_826' title='bbox 2624 5274 3080 5343; x_wconf 77' lang='grc' dir='ltr'>ὐπερδάλλεινάἴ</span> <span class='ocrx_word' id='word_1_827' title='bbox 3100 5298 3156 5334; x_wconf 80' lang='grc' dir='ltr'><strong>τε</strong></span> <span class='ocrx_word' id='word_1_828' title='bbox 3186 5285 3290 5355; x_wconf 84' lang='grc' dir='ltr'>γὰρ</span> <span class='ocrx_word' id='word_1_829' title='bbox 3321 5289 3502 5357; x_wconf 68' lang='grc' dir='ltr'>ἡδοναί</span> <span class='ocrx_word' id='word_1_830' title='bbox 3534 5297 3831 5363; x_wconf 80' lang='grc' dir='ltr'>πεφυκέναι</span> <span class='ocrx_word' id='word_1_831' title='bbox 3864 5316 3981 5365; x_wconf 83' lang='grc' dir='ltr'><strong>πως</strong></span> 
     </span>
    </p>
   </div>
   <div class='ocr_carea' id='block_1_111' title="bbox 2404 5364 3972 5457">
    <p class='ocr_par' dir='ltr' id='par_1_111' title="bbox 2404 5364 3972 5457">
     <span class='ocr_line' id='line_1_111' title="bbox 2404 5364 3972 5457; baseline 0.02 -43"><span class='ocrx_word' id='word_1_832' title='bbox 2404 5364 2619 5457; x_wconf 80' lang='grc' dir='ltr'>δοκοῦσι</span> <span class='ocrx_word' id='word_1_833' title='bbox 2647 5370 2772 5431; x_wconf 67' lang='grc' dir='ltr'>τους</span> <span class='ocrx_word' id='word_1_834' title='bbox 2839 5370 2937 5437; x_wconf 81' lang='grc' dir='ltr'>μὲν</span> <span class='ocrx_word' id='word_1_835' title='bbox 2994 5373 3101 5427; x_wconf 85' lang='grc' dir='ltr'><strong>τῶν</strong></span> <span class='ocrx_word' id='word_1_836' title='bbox 3165 5378 3341 5431; x_wconf 85' lang='grc' dir='ltr'>πόνων</span> <span class='ocrx_word' id='word_1_837' title='bbox 3404 5385 3671 5450; x_wconf 74' lang='grc' dir='ltr'>φυγάδας,</span> <span class='ocrx_word' id='word_1_838' title='bbox 3735 5392 3883 5457; x_wconf 85' lang='grc' dir='ltr'>σφῶν</span> <span class='ocrx_word' id='word_1_839' title='bbox 3916 5364 3972 5445; x_wconf 66' lang='grc' dir='ltr'>δὲ</span> 
     </span>
    </p>
   </div>
   <div class='ocr_carea' id='block_1_112' title="bbox 2405 5456 3975 5544">
    <p class='ocr_par' dir='ltr' id='par_1_112' title="bbox 2405 5456 3975 5544">
     <span class='ocr_line' id='line_1_112' title="bbox 2405 5456 3975 5544; baseline 0.019 -39"><span class='ocrx_word' id='word_1_840' title='bbox 2405 5456 2661 5523; x_wconf 81' lang='grc' dir='ltr'>ἐραστὰς,</span> <span class='ocrx_word' id='word_1_841' title='bbox 2694 5460 2789 5511; x_wconf 76' lang='grc' dir='ltr'>καὶ</span> <span class='ocrx_word' id='word_1_842' title='bbox 2819 5464 2949 5530; x_wconf 82' lang='grc' dir='ltr'>περὶ</span> <span class='ocrx_word' id='word_1_843' title='bbox 2973 5465 3140 5527; x_wconf 84' lang='grc' dir='ltr'>αὐτὰς</span> <span class='ocrx_word' id='word_1_844' title='bbox 3172 5469 3563 5538; x_wconf 75' lang='grc' dir='ltr'>ἐπτοημένους,</span> <span class='ocrx_word' id='word_1_845' title='bbox 3588 5456 3789 5544; x_wconf 77' lang='grc' dir='ltr'>μᾶλλον</span> <span class='ocrx_word' id='word_1_846' title='bbox 3837 5483 3975 5534; x_wconf 80' lang='grc' dir='ltr'>ἀπο-</span> 
     </span>
    </p>
   </div>
   <div class='ocr_carea' id='block_1_113' title="bbox 2405 5547 3980 5644">
    <p class='ocr_par' dir='ltr' id='par_1_113' title="bbox 2405 5547 3980 5644">
     <span class='ocr_line' id='line_1_113' title="bbox 2405 5547 3980 5644; baseline 0.02 -49"><span class='ocrx_word' id='word_1_847' title='bbox 2405 5547 2635 5644; x_wconf 79' lang='grc' dir='ltr'>λείπειν,</span> <span class='ocrx_word' id='word_1_848' title='bbox 2692 5551 2795 5601; x_wconf 81' lang='grc' dir='ltr'><strong>ύπό</strong></span> <span class='ocrx_word' id='word_1_849' title='bbox 2819 5569 2879 5604; x_wconf 89' lang='grc' dir='ltr'><strong>τε</strong></span> <span class='ocrx_word' id='word_1_850' title='bbox 2898 5554 2990 5605; x_wconf 85' lang='grc' dir='ltr'><strong>τοῦ</strong></span> <span class='ocrx_word' id='word_1_851' title='bbox 3020 5556 3184 5623; x_wconf 87' lang='grc' dir='ltr'>κόρου</span> <span class='ocrx_word' id='word_1_852' title='bbox 3220 5560 3313 5611; x_wconf 77' lang='grc' dir='ltr'><strong>καὶ</strong></span> <span class='ocrx_word' id='word_1_853' title='bbox 3337 5561 3490 5625; x_wconf 85' lang='grc' dir='ltr'>ἔθους</span> <span class='ocrx_word' id='word_1_854' title='bbox 3529 5567 3703 5620; x_wconf 75' lang='grc' dir='ltr'>αὐτῶν</span> <span class='ocrx_word' id='word_1_855' title='bbox 3718 5571 3980 5644; x_wconf 82' lang='grc' dir='ltr'>ἀναισθη-</span> 
     </span>
    </p>
   </div>
   <div class='ocr_carea' id='block_1_114' title="bbox 2403 5636 3979 5724">
    <p class='ocr_par' dir='ltr' id='par_1_114' title="bbox 2403 5636 3979 5724">
     <span class='ocr_line' id='line_1_114' title="bbox 2403 5636 3979 5724; baseline 0.022 -39"><span class='ocrx_word' id='word_1_856' title='bbox 2403 5636 2634 5705; x_wconf 83' lang='grc' dir='ltr'>τοτέρως</span> <span class='ocrx_word' id='word_1_857' title='bbox 2669 5642 2939 5711; x_wconf 75' lang='grc' dir='ltr'>ἴσχοντας,</span> <span class='ocrx_word' id='word_1_858' title='bbox 2975 5650 3069 5699; x_wconf 77' lang='grc' dir='ltr'>καὶ</span> <span class='ocrx_word' id='word_1_859' title='bbox 3099 5651 3235 5719; x_wconf 84' lang='grc' dir='ltr'>ταχὺ</span> <span class='ocrx_word' id='word_1_860' title='bbox 3289 5653 3583 5722; x_wconf 81' lang='grc' dir='ltr'>ἀδυνάτους</span> <span class='ocrx_word' id='word_1_861' title='bbox 3608 5663 3680 5724; x_wconf 81' lang='grc' dir='ltr'><strong>ὡς</strong></span> <span class='ocrx_word' id='word_1_862' title='bbox 3714 5665 3781 5715; x_wconf 88' lang='grc' dir='ltr'><strong>τά</strong></span> <span class='ocrx_word' id='word_1_863' title='bbox 3812 5636 3979 5721; x_wconf 56' lang='grc' dir='ltr'>πολ)ύά</span> 
     </span>
    </p>
   </div>
   <div class='ocr_carea' id='block_1_115' title="bbox 2402 5728 3978 5828">
    <p class='ocr_par' dir='ltr' id='par_1_115' title="bbox 2402 5728 3978 5828">
     <span class='ocr_line' id='line_1_115' title="bbox 2402 5728 3978 5828; baseline 0.022 -51"><span class='ocrx_word' id='word_1_864' title='bbox 2402 5728 2805 5828; x_wconf 19' lang='grc' dir='ltr'>ἀκποφαίνουσαι</span> <span class='ocrx_word' id='word_1_865' title='bbox 2829 5736 2961 5828; x_wconf 76' lang='grc' dir='ltr'>πρὸς</span> <span class='ocrx_word' id='word_1_866' title='bbox 2992 5738 3180 5805; x_wconf 81' lang='grc' dir='ltr'>αύτάς,</span> <span class='ocrx_word' id='word_1_867' title='bbox 3220 5744 3287 5796; x_wconf 87' lang='grc' dir='ltr'><strong>τά</strong></span> <span class='ocrx_word' id='word_1_868' title='bbox 3326 5762 3383 5797; x_wconf 89' lang='grc' dir='ltr'><strong>τε</strong></span> <span class='ocrx_word' id='word_1_869' title='bbox 3423 5748 3646 5818; x_wconf 85' lang='grc' dir='ltr'>σώματα</span> <span class='ocrx_word' id='word_1_870' title='bbox 3669 5754 3785 5823; x_wconf 75' lang='grc' dir='ltr'>ἅμα</span> <span class='ocrx_word' id='word_1_871' title='bbox 3812 5759 3978 5828; x_wconf 76' lang='grc' dir='ltr'>χείρω</span> 
     </span>
    </p>
   </div>
   <div class='ocr_carea' id='block_1_116' title="bbox 2402 5820 3975 5915">
    <p class='ocr_par' dir='ltr' id='par_1_116' title="bbox 2402 5820 3975 5915">
     <span class='ocr_line' id='line_1_116' title="bbox 2402 5820 3975 5915; baseline 0.018 -46"><span class='ocrx_word' id='word_1_872' title='bbox 2402 5820 2463 5871; x_wconf 77' lang='grc' dir='ltr'>τὸ</span> <span class='ocrx_word' id='word_1_873' title='bbox 2518 5821 2651 5873; x_wconf 83' lang='grc' dir='ltr'>πολὺ</span> <span class='ocrx_word' id='word_1_874' title='bbox 2707 5826 3149 5900; x_wconf 76' lang='grc' dir='ltr'>ἀπεργαζόμεναι</span> <span class='ocrx_word' id='word_1_875' title='bbox 3182 5849 3198 5867; x_wconf 74' lang='grc' dir='ltr'><strong>ο</strong></span> <span class='ocrx_word' id='word_1_876' title='bbox 3234 5838 3346 5899; x_wconf 91' lang='grc' dir='ltr'>τοῖς</span> <span class='ocrx_word' id='word_1_877' title='bbox 3368 5837 3420 5889; x_wconf 73' lang='grc' dir='ltr'>δὲ</span> <span class='ocrx_word' id='word_1_878' title='bbox 3471 5839 3535 5912; x_wconf 74' lang='grc' dir='ltr'>δὴ</span> <span class='ocrx_word' id='word_1_879' title='bbox 3589 5820 3842 5915; x_wconf 39' lang='grc' dir='ltr'>κοσμίοις.</span> <span class='ocrx_word' id='word_1_880' title='bbox 3883 5820 3975 5900; x_wconf 61' lang='grc' dir='ltr'>καὶ</span> 
     </span>
    </p>
   </div>
  </div>
