4406 6450
411 407 521 469 873

1701 398 1818 459 DE
1856 396 2168 460 VlRTUTI
2185 396 2344 459 BUS.

3570 397 3672 463 ΒΗ

357 521 373 537 ⁹
415 516 680 584 γενναέοις
713 517 768 566 ὲν
791 511 921 581 γοῦν
948 515 1064 576 ταῖς
1092 513 1202 567 τῶν
1229 511 1361 582 πρὸς
1393 513 1482 566 τὶν
1514 511 1628 583 βίον
1673 513 1986 580 ἀναγκαίων
2021 515 2062 567 Α
2094 524 2097 560 1

1937 529 1986 564 ον
2021 515 2062 567 Α
2094 509 2227 562 riter
2284 507 2682 571 destituuntur,
2739 525 2802 564 ac
2840 525 3069 580 corpore
3120 512 3285 566 simul
3341 516 3506 568 etiam
3568 513 3677 568 fere

415 603 693 676 αίρέσεσιν
721 601 1173 676 ἀκμαιότεραίτε
1237 605 1507 674 ἀπαντᾷν,
1566 605 1685 657 καῖ’
1713 603 1990 667 ἀϐλαϐεῖς.

417 701 560 753 Οῖοτε
597 699 749 752 πόνοι
780 701 893 760 τοῖς
926 699 1025 767 μὲν
1056 697 1509 765 σςᾶςιρεύγουσι,
1536 696 1647 748 τῶν
1674 695 1732 748 δὲ
1790 695 1996 765 ἡδονῶν

416 791 701 861 ερασταῖς,
723 787 818 841 καὶ
854 788 998 857 μάλα
1030 787 1388 865 ὲπικεῖμενοι,
1423 787 1550 848 τοὺς
1577 786 1622 838 δ’
1669 784 1994 854 ὀλιγωροῦν-

415 883 515 944 τάς
535 899 594 934 τε
615 882 712 933 καὶ
733 877 1206 950 ὲγκαρτεροῦντας
1233 877 1386 945 σφίσι
1449 876 1650 944 μᾶλλόν
1674 893 1724 929 τι
1766 876 1998 944 φεύγον-

415 989 528 1037 τες,
549 972 654 1026 ὑπό
678 988 738 1025 τε
767 970 862 1024 τοῦ
888 971 1042 1033 ἔθους
1066 969 1128 1022 οὗ
1165 968 1306 1022 πάνυ
1333 986 1413 1022 τοι
1449 969 1630 1021 αὐτῶν
1665 967 1996 1036 αἰσθανομέ-

418 1081 562 1127 νους,
580 1065 674 1117 καλ⁵
707 1062 825 1130 ἅμα
845 1064 1293 1134 ἐρρωμενέστερα
1319 1063 1383 1130 τῇ
1405 1059 1539 1130 πρός
1571 1059 1767 1122 αὐτοῦς
1795 1060 1995 1130 μελέτῃ

418 1154 488 1206 τὰ
513 1152 738 1221 σώματα
759 1152 1098 1221 κτωμένους.
1155 1151 1311 1206 Μετὰ
1348 1151 1402 1204 δὲ
1426 1153 1781 1222 γενναιότητι
1813 1152 1938 1220 ἑξῆς
1963 1155 1996 1222 ἡ

416 1243 624 1312 ἀψυχία
655 1242 1048 1313 παραλαϐοῦσα
1072 1244 1240 1313 ἡμᾶς,
1269 1242 1584 1312 ἠσκηκότας
1614 1242 1715 1313 ἤδη
1773 1243 1874 1312 τὴν
1940 1245 2000 1295 ὲν

420 1338 534 1399 τοῖς
554 1335 792 1404 αἱρετοῖς
815 1333 1112 1404 καρτερίαν
1137 1334 1246 1387 τῶν
1282 1332 1577 1403 δυσχερῶν,
1612 1335 1668 1386 ἒν
1732 1329 1813 1396 οἷς
1862 1334 2000 1410 ,Εσως

422 1424 602 1480 αὐτῶν
642 1425 819 1490 ἔξεστι
869 1424 964 1477 καὶ
1009 1426 1096 1491 ἐφ’
1147 1426 1270 1477 ὅσον
1335 1423 1636 1493 βουλόμεθα
1686 1426 1995 1494 μετασχεῖν,

425 1513 767 1566 παιδεύσειεν
795 1513 861 1566 ἂν
881 1513 975 1565 καὶ
1004 1513 1111 1565 τῶν
1134 1511 1410 1567 ἀκουσίων
1446 1514 1555 1566 τῶν
1577 1513 1685 1581 ἀπὸ
1711 1513 1802 1566 τοῦ
1851 1512 1998 1565 θεῖον

423 1605 665 1674 εὐχερῶς
697 1603 988 1673 ἀνέχεσθαι
1015 1620 1028 1636 ⁸
1058 1605 1281 1674 πρῶτον
1313 1604 1414 1674 μὶν
1442 1605 1623 1658 έκεῖνο
1657 1605 2001 1658 διδάσκουσα

419 1696 501 1758 ὼς
538 1694 695 1748 αὐτοὶ
741 1696 840 1764 μὲν
892 1696 954 1749 οὗ
1003 1696 1271 1767 κρεαδίων
1315 1698 1588 1762 θυλάκιον,
1631 1698 1750 1752 οὐδὲ
1807 1698 2000 1768 ξέστης

427 1786 679 1854 αἵματος,
696 1785 814 1837 οὐδ’
839 1785 968 1839 ἄλλο
995 1786 1239 1841 τοιοῦτον
1265 1788 1442 1854 οὐδὲν,
1470 1789 1608 1842 ἀλλὰ
1644 1789 1813 1859 ψυχαί
1832 1791 2000 1860 ἐσμεν

2107 598 2524 653 labefactentur.
2560 597 2821 654 Modestis
2865 613 3049 656 autem
3080 613 3128 657 et
3188 606 3494 674 generasis,
3547 621 3677 674 quo-

2112 689 2258 742 niam
2292 704 2386 742 eas
2410 691 2715 760 voluptates
2748 693 3157 762 amplectuntur
3211 711 3330 764 qua:
3384 696 3450 748 ad
3515 699 3679 751 \itam

2106 780 2427 834 necessaria:
2479 791 2628 846 sunt,
2689 790 2803 836 tuzn
2865 783 3070 851 majore
3101 786 3286 854 τίθη-ο
3337 796 3668 852 occurrunt,

2106 880 2218 924 tum
2272 871 2407 924 citra
2463 887 2659 925 noxam
2687 887 2926 941 quoque.
2981 874 3043 925 Et
3097 874 3341 928 laborum
3373 877 3587 944 quidem
3619 893 3680 930 ea

2107 962 2318 1016 videtur
2350 977 2471 1017 esse
2499 973 2718 1025 natura,
2777 975 2832 1016 ιιι
2857 964 2909 1016 in
2955 981 3050 1020 eos
3078 968 3433 1021 veltenenter
3466 969 3682 1023 incum-

2107 1054 2258 1117 l:aut,
2287 1055 2379 1122 qui
2413 1054 2534 1109 illos
2564 1065 2889 1109 aversantur
2905 1069 2956 1109 et
2995 1059 3298 1125 voluptates
3338 1075 3681 1129 persequun-

2107 1154 2216 1210 tur,
2242 1161 2337 1200 eos
2368 1156 2547 1199 autem
2580 1145 2670 1214 qui
2707 1145 2926 1200 labores
2959 1163 3301 1216 nequaquam
3370 1162 3585 1216 curant,
3629 1161 3680 1205 ct

2109 1237 2162 1290 in
2221 1237 2301 1292 cis
2323 1238 2636 1304 perdurant,
2671 1239 2842 1306 magis
2872 1238 3101 1306 fugiant,
3135 1256 3256 1294 cum
3288 1241 3358 1295 ob
3387 1253 3685 1296 consuetu-

2109 1328 2290 1380 dinem
2364 1344 2554 1382 earum
2628 1344 2854 1383 sensum
2911 1347 3016 1385 non
3077 1331 3195 1387 fere
3253 1333 3577 1404 percipiant,
3634 1346 3688 1388 et

2109 1417 2273 1471 simul
2299 1417 2464 1472 etiam
2505 1418 2813 1473 robustiora
2850 1420 3086 1476 habeant
3117 1439 3370 1492 corpora,
3437 1441 3502 1477 c0
3541 1427 3685 1494 quod

2110 1509 2313 1561 multos
2365 1508 2584 1563 labores
2640 1511 3045 1566 sustinuerunt.
3085 1516 3215 1568 Post
3261 1518 3683 1584 generositatem

2110 1609 2290 1654 autem
2319 1601 2512 1654 statim
2556 1601 2757 1657 fiducia
2806 1619 2904 1658 nos
2933 1607 3182 1674 suscipit,
3213 1609 3546 1662 exercitatos
3570 1608 3683 1677 jam

2111 1693 2396 1747 tolerantia
2450 1709 2656 1759 rerum,
2706 1696 3164 1763 roluntariarum,
3212 1714 3274 1753 ac
3332 1702 3681 1754 molestarum

2111 1783 2257 1855 (qua:
2289 1794 2470 1838 tamen
2507 1785 2691 1856 aliquo
2721 1787 2882 1841 modo
2930 1789 2983 1842 in
3013 1801 3196 1842 nostra
3248 1801 3516 1859 potestate
3562 1804 3690 1848 sunt

426 1875 664 1942 λογικαὶ,
712 1875 993 1942 ἀθάνατοι,
1039 1876 1214 1930 οὐδενὶ
1274 1879 1430 1949 κακῷ
1479 1879 1680 1946 ῑξωθεν
1736 1881 2004 1952 ἀλλοτρίῳ
2034 1867 2080 1928 Β
2112 1885 2166 1928 Ill

1950 1882 2004 1952 ἴῳ
2034 1867 2080 1928 Β
2112 1885 2169 1928 ιιι
2207 1885 2414 1931 tantum
2446 1877 2741 1934 toleremus
2774 1888 3039 1947 quantum
3076 1883 3225 1949 libet)
3250 1895 3299 1938 et
3321 1900 3478 1953 :nquo
3506 1887 3690 1940 animo

427 1966 758 2035 ὲκκείμενοι,
789 1967 837 2018 εἰ
866 1967 940 2037 μὴ
963 1968 989 2021 δ
1011 1984 1059 2020 τι
1096 1968 1162 2022 ἂν
1195 1970 1346 2039 ἡμῖν,
1397 1970 1540 2024 κατὰ
1592 1971 1690 2034 τὰς
1732 1972 2006 2042 ἡμετέρας

426 2057 608 2112 αὐτῶν
628 2059 806 2126 δόξας,
823 2059 912 2114 διὰ
943 2061 1141 2114 κακίαν
1171 2062 1499 2133 προπρισῇ,
1545 2063 1616 2117 τὰ
1667 2064 1723 2118 δὲ
1779 2069 2009 2134 σώματα

427 2141 553 2203 τάδε
585 2151 966 2221 περικείμεθα,
1002 2151 1089 2219 ἐφ’
1120 2153 1243 2206 ὅσον
1267 2154 1336 2206 ἂν
1380 2153 1512 2217 Θεὸς
1544 2153 1706 2225 διδῴη
1737 2156 2009 2225 χρησόμε-

427 2258 532 2308 νοι,
559 2242 618 2295 οὐ
645 2242 787 2296 πάνυ
823 2260 904 2298 τοι
942 2244 1258 2315 ἡμετέροις,
1288 2245 1643 2312 οὖτε“αὒτοῖς,
1676 2248 1811 2302 πολύ
1841 2266 1900 2302 τε
1927 2247 2008 2302 ἐτι

425 2327 588 2404 ἦττον
609 2334 720 2399 τοῖς
743 2333 922 2397 ἄλλοις
951 2338 1036 2390 τοιῖ
1041 2356 1063 2399 ς
1082 2337 1149 2390 δι’
1179 2338 1320 2393 αὐτὰ
1343 2341 1588 2410 κτήμασί
1636 2320 1708 2394 τε·
1726 2343 1821 2396 καὶ
1874 2343 2010 2414 χρή-

430 2442 599 2494 μασιν
623 2441 638 2457 ο
665 2423 866 2481 οὔκουν
897 2427 1018 2481 οὐδὲ
1045 2428 1114 2482 τὰ
1145 2430 1276 2500 περὶ
1301 2432 1440 2485 αὐτὰ
1471 2432 1708 2504 δυσχερῆ
1761 2435 1853 2487 επὶ
1907 2435 2008 2505 τὴν

427 2515 606 2585 ψυχὴν
625 2518 708 2572 δεῖ
735 2518 936 2587 ἕλκειν,
965 2520 1077 2574 οὐδ’
1105 2522 1238 2592 ἡμῖν
1275 2523 1462 2586 αὐτοῖς
1511 2524 1848 2592 λογίζεσθαι,
1895 2525 2010 2579 ἀλλ’

427 2608 632 2671 εἰδότας
659 2609 734 2673 ὡς
759 2611 968 2665 τούτων
1007 2613 1160 2666 οὐδὲν
1191 2615 1326 2683 πρὶς
1355 2616 1523 2685 ἡμᾶς,
1558 2617 1782 2679 εἰκότως
1817 2617 2012 2686 ὀλιγω-

428 2700 562 2769 ρεῖν.
601 2701 831 2755 Ἔπειτα
854 2705 928 2766 ὼς
953 2705 1127 2769 οὐδεὶς
1159 2707 1249 2759 τὸν
1308 2708 1432 2778 ἑξῆς
1487 2709 1682 2779 χρόνον
1720 2712 1874 2763 οὐδὲν
1928 2711 2000 2764 ἂν

430 2793 782 2863 προσχωροεη
814 2794 1156 2864 ἀχθομένοις,
1215 2800 1265 2852 εί
1328 2800 1403 2871 μὴ
1458 2800 1554 2853 καὶ
1603 2802 2011 2869 έπιταράττοιτ“

429 2884 501 2938 ἂν
532 2883 689 2938 τοῦτο
719 2885 898 2955 ἡμῶν,
937 2881 983 2957 ᾧ
1019 2887 1168 2959 μόνῳ
1203 2889 1449 2961 δεήσειεν
1485 2892 1551 2945 ἂν
1582 2892 2010 2963 ὲπανορθοῦντος

432 2979 667 3032 πταῖσάν
699 2994 756 3031 τε
788 2978 884 3031 καὶ
912 2981 1227 3045 πεπτωκὸς,
1260 2982 1405 3048 λέγω
1434 2983 1491 3036 δὲ
1546 2983 1607 3037 τὸ
1662 2985 2015 3053 λογιζόμενόν

429 3086 511 3132 τε,
544 3069 639 3123 καὶ⁵
665 3070 764 3140 τὴν
799 3072 939 3143 ὑπὲρ
967 3073 1072 3126 τῶν
1102 3074 1398 3143 ἡμετέρων
1449 3075 1675 3130 πάντων
1731 3080 2009 3148 πρόνοιαν,

431 3164 676 3232 πεφυκὸς
701 3165 994 3230 ποιεῖσθαι,
1028 3167 1224 3220 ειδέναι
1251 3183 1308 3220 τε
1343 3167 1459 3236 ἆμα
1486 3169 1571 3222 ὃτι
1603 3169 1780 3224 ταῦτα
1831 3174 1930 3243 μὲν

430 3256 638 3311 ἕκαστα.
690 3259 828 3329 πρός
887 3260 982 3313 τοῦ
1041 3260 1187 3315 θείου
1245 3262 1621 3330 διατέτακται,
1694 3267 1868 3340 ταύτῃ
1925 3271 2019 3322 καὶ

429 3348 663 3419 γίνεται,
696 3350 1045 3406 διατέτακται
1097 3353 1154 3406 δὲ
1211 3355 1349 3425 πρὸς
1404 3355 1497 3410 τοῦ
1547 3358 1758 3425 ἀγαθοῦ
1811 3356 1872 3415 εὖ
1924 3361 2020 3414 καὶ

431 3442 634 3506 καλῶς,
666 3444 761 3495 καὶ
783 3443 883 3496 οὐκ
915 3446 1116 3498 ἐνεῖναι
1143 3446 1318 3510 ἄλλως
1350 3449 1547 3512 είπεῖν,
1572 3451 1709 3520 ἡμῖν
1738 3469 1794 3503 τε
1834 3454 2022 3517 αὐτοῖς

432 3535 841 3606 συμφερόντως,
879 3538 1008 3599 [πως
1034 3537 1136 3607 μὲν
1169 3539 1264 3592 καὶ
1291 3541 1410 3593 κατ’
1449 3542 1609 3596 ἄλλον
1636 3543 1701 3614 δή
1735 3561 1853 3598 τινα
1891 3547 2023 3614 ἡμῖν

430 3628 588 3697 λόγον
608 3630 942 3700 ἀπόρρητον,
971 3631 1069 3700 οὔχ
1112 3627 1275 3702 ἦττον
1314 3633 1368 3686 δὲ
1404 3635 1496 3687 καὶ
1525 3635 1651 3705 τῇδε
1687 3652 1700 3667 ·
1753 3655 1864 3691 ειεν
1916 3641 2024 3710 γὰρ

431 3722 496 3775 ἄν
523 3740 627 3775 που
658 3723 724 3774 τὰ
749 3721 996 3784 τοιαῦτα,
1027 3726 1142 3786 τοῖς
1172 3725 1272 3793 μὲν
1313 3727 1473 3794 ἡμῶν
1509 3728 1750 3782 παιδεῖαι
1814 3748 1872 3784 τε
1929 3734 2023 3784 καὶ

433 3812 686 3876 κολάσεις
717 3813 808 3866 ἰπὶ
843 3816 908 3884 τῇ
937 3813 1031 3882 τῆς
1066 3815 1268 3877 κακίας
1322 3814 1593 3888 θεραπεία
1654 3836 1715 3871 τε
1775 3822 1869 3873 καὶ
1929 3821 2024 3874 τοῦ

437 3905 554 3975 βίου
579 3905 978 3977 ἑπανορθὼσει,
1008 3909 1127 3970 ταῖς
1178 3907 1477 3977 ἡμετέραις
1537 3909 1760 3980 ψυχαῖς,
1805 3907 2025 3982 οἷόνπερ

435 4000 781 4068 φαρμακεῖαι
815 3997 1032 4052 νοσοῦσι
1067 3999 1340 4068 σώμασιν,
1396 4003 1454 4054 ἐν
1482 4001 1782 4073 ἀλλοτρίοις
1831 4005 2025 4070 δεινοῖς

435 4092 886 4161 ιπιπεμπόμεναι
924 4103 964 4123 ο·
1008 4095 1122 4156 τοῖς
1197 4093 1256 4147 δὶ
1327 4091 1482 4149 ἇθλοί
1549 4114 1609 4151 τε
1676 4101 1770 4153 καὶ
1843 4102 2028 4170 πεῖραι

432 4183 850 4255 λαμπροτέρους
875 4186 1241 4254 ἀποφαίνουσι
1277 4189 1373 4241 καὶ
1423 4190 1863 4262 ἀνδρικωτέρους
1912 4196 2024 4258 τοῖς

433 4276 664 4344 ἀγῶσιν,
695 4272 918 4348 οἷόνπερ
948 4278 1309 4346 σωμασκοῦσι
1337 4283 1642 4352 γυμνάσια.
1675 4283 1886 4337 Οὔκουν
1916 4286 2028 4339 δεῖν

435 4369 557 4422 κατ’
621 4368 906 4438 οὐδέτερον
963 4368 1072 4421 τῶν
1133 4371 1352 4439 τρόπων
1416 4373 1511 4425 ἐπὶ
1579 4376 1690 4435 τοῖς
1761 4375 2029 4439 τοιούτοις

433 4462 764 4526 ἀγανακτεῖν
798 4477 811 4490 ·
847 4461 961 4513 ἀλλ’
993 4462 1058 4534 ἢν
1099 4466 1290 4534 ἐκείνῳ
1319 4465 1397 4535 τῷ
1428 4465 1621 4534 ἀληθεῖ
1656 4466 1800 4536 λόγῳ
1826 4467 2025 4522 ἐθέλοι-

2109 1965 2254 2022 ferre
2288 1983 2386 2020 nos
2409 1968 2560 2032 jubet
2592 1985 2654 2024 ea
2684 1971 2850 2025 etiam
2885 1988 3006 2041 qua:
3033 1975 3342 2030 voluntaria
3376 1993 3483 2030 non
3539 1990 3688 2038 sunt.

2110 2074 2340 2129 quicque
2372 2060 2634 2116 divinitus
2697 2063 2976 2119 accidunt.
3008 2065 3084 2118 Ac
3110 2067 3347 2135 primunt
3405 2068 3536 2123 illud
3568 2070 3691 2139 qui-

2111 2150 2234 2204 dem
2290 2149 2467 2214 docet,
2531 2167 2635 2210 nos
2699 2170 2804 2208 non
2852 2157 3268 2210 caruncnlurmn
3321 2174 3564 2224 saccum,
3595 2174 3695 2213 nec.

2111 2243 2397 2312 sanguinis
2423 2245 2743 2311 sextarium,
2782 2256 2879 2300 aut
2911 2248 3208 2318 quidquam
3243 2251 3384 2305 aliud
3422 2251 3470 2304 id
3499 2268 3694 2322 genus,

2110 2351 2297 2389 verum
2330 2336 2543 2390 animos
2584 2352 2702 2392 esse
2757 2340 2966 2393 ratione.
3005 2341 3289 2409 praeditos,
3344 2343 3681 2396 izttntortales

2114 2427 2245 2482 nulli
2271 2427 2414 2481 malo
2438 2438 2665 2483 externo
2691 2440 2746 2483 et
2779 2431 2958 2505 alieno
3008 2434 3307 2502 expositos,
3332 2450 3396 2489 eo
3429 2437 3695 2490 duntaxat

2113 2529 2363 2588 excepto,
2408 2520 2552 2590 quod
2618 2522 2779 2576 nobis
2858 2532 3020 2592 atque
3076 2525 3435 2594 Opinionibus
3490 2532 3696 2584 nostris

2115 2621 2335 2681 propter
2360 2611 2764 2679 improbitatem
2795 2614 3144 2681 adluercscit,
3177 2619 3499 2687 corporibus
3540 2620 3698 2675 deni-

2119 2717 2228 2771 que
2264 2702 2350 2757 his
2378 2718 2479 2757 nos
2509 2705 2882 2758 circumdatos
2935 2694 3057 2760 esse.
3081 2709 3444 2776 demonstrat,
3501 2714 3702 2783 quibus

2116 2793 2260 2861 quod
2309 2793 2452 2848 Deus
2482 2796 2640 2849 nobis
2678 2799 3034 2864 concesserit,
3095 2809 3333 2867 utamur,
3368 2809 3458 2856 sed
3487 2821 3550 2859 ne
3583 2807 3699 2874 ipsa

2117 2884 2336 2953 quidem
2361 2901 2590 2954 prorsus
2625 2898 2806 2941 nostra
2829 2904 2970 2951 esse,
3010 2893 3179 2946 multo
3215 2909 3344 2946 vero
3384 2896 3566 2951 minus
3597 2913 3705 2951 Cll"

2120 2987 2264 3032 teras
2299 2992 2382 3032 res
2431 2987 2486 3032 et
2518 2981 2801 3048 pecunias,
2832 2996 2950 3050 qua:
2981 2984 3306 3052 corporibus
3331 2988 3704 3044 snbserviunt.

2119 3068 2355 3123 Proinde
2386 3085 2574 3123 earnm
2607 3087 2784 3124 rerum
2824 3075 3102 3128 molestias
3159 3093 3267 3130 non
3329 3095 3450 3134 esse
3481 3081 3545 3134 ad
3591 3084 3707 3135 ani.

2123 3178 2272 3216 tnum
2325 3165 2741 3231 pertrabemlas,
2799 3182 2974 3236 neque
3019 3170 3446 3226 existimandum
3510 3189 3606 3231 cas
3638 3178 3704 3230 ad

2127 3270 2226 3310 nos
2255 3257 2551 3326 pertinere.
2615 3258 2750 3312 Cum
2783 3260 2945 3328 igitur
2977 3276 3060 3314 res
3087 3263 3204 3321 illas
3232 3265 3362 3318 nilnl
3391 3268 3456 3320 ad
3491 3284 3589 3322 nos
3627 3282 3706 3325 at-

2128 3347 2302 3400 tinere
2351 3348 2611 3413 sciamus,
2655 3351 2929 3420 negligere
2960 3368 3053 3407 eas
3085 3370 3302 3422 aequum
3336 3375 3477 3424 θςεο,
3512 3361 3709 3417 deinde

2122 3450 2190 3490 ac
2223 3437 2276 3490 in
2311 3438 2581 3508 reliquum
2615 3441 2832 3510 quidem
2871 3452 3084 3514 tempus
3139 3448 3434 3517 quidquam
3483 3468 3580 3506 nos
3632 3456 3714 3507 lu-

2125 3527 2449 3585 erilactttros
2498 3531 2752 3596 dolenlo,
2815 3536 2915 3589 nisi
2968 3537 3020 3591 id
3066 3541 3298 3608 quodm
3347 3543 3512 3597 etiam
3535 3549 3706 3600 nostri

2127 3633 2252 3688 pars
2287 3619 2657 3688 perturbetur,
2690 3637 2791 3691 qua
2827 3625 2942 3679 sola
2997 3627 3274 3697 corrigere
3334 3644 3629 3698 possumus
3661 3634 3711 3685 id

2127 3709 2180 3763 in
2237 3709 2383 3781 quod
2442 3712 2764 3783 impegimus
2824 3725 2988 3786 atque
3011 3719 3336 3785 cecidimus,
3371 3737 3432 3776 co
3461 3724 3710 3780 videlicet

2128 3815 2250 3870 qua:
2280 3801 2658 3865 ratiocinator,
2694 3816 2742 3858 et
2778 3807 2936 3875 cujus
2974 3824 3036 3864 ca
3072 3819 3152 3864 est
3179 3821 3392 3877 natura,
3431 3824 3489 3869 ut
3548 3818 3714 3872 rebus

2131 3894 2334 3948 nostris
2371 3895 2624 3950 omnibus
2653 3900 2925 3963 consolat,
2966 3917 3129 3957 nosse
3164 3903 3398 3975 denique
3428 3917 3709 3978 oportere,

2130 3988 2344 4057 singula
2384 3998 2547 4060 prout
2576 3992 2874 4048 constituta
2929 3994 3056 4062 sint,
3098 3997 3168 4050 ita
3205 3999 3368 4053 etiam
3402 4000 3542 4067 fieri,
3577 4002 3714 4058 bene

2129 4091 2309 4137 autem
2359 4091 2411 4136 et
2445 4084 2703 4153 przeclare
2752 4097 2915 4155 atque
2960 4087 3012 4140 in
3067 4102 3181 4142 rem
3246 4093 3720 4164 nostram(ueque

2129 4174 2274 4228 enim
2303 4175 2460 4230 aliter
2483 4175 2661 4231 dicere
2699 4176 2781 4234 fas
2815 4178 2919 4249 est)
2961 4181 3254 4236 constituta
3286 4198 3408 4239 esse
3435 4200 3465 4238 a
3497 4202 3718 4242 sunnno

2133 4266 2296 4332 bono,
2347 4283 2410 4322 ac
2441 4266 2674 4324 fortasse
2703 4279 2756 4323 et
2808 4273 2969 4325 altam
2999 4287 3220 4344 quoque
3278 4290 3500 4334 causam
3564 4281 3721 4336 nobis

2133 4359 2398 4431 ignotam,
2431 4375 2538 4414 non
2568 4360 2754 4417 minus
2787 4371 2967 4418 tamen
2994 4350 3158 4420 etiam
3193 4379 3257 4421 ac
3307 4370 3542 4436 ratione,
3573 4376 3719 4442 quod

2136 4451 2298 4506 nobis
2335 4466 2460 4506 esse
2486 4461 2722 4522 possunt
2749 4453 3056 4526 disciplinae
3087 4463 3142 4510 et
3181 4458 3570 4530 castigationes
3596 4465 3720 4518 des-

390 4571 400 4586 ε
435 4570 535 4624 μεν
562 4553 810 4618 ἔπεσθαι,
847 4555 938 4606 καὶ
962 4554 1177 4624 χαίρειν
1201 4555 1639 4626 ὠφελουμένους,
1671 4559 1746 4622 ὠς
1770 4562 1828 4612 τὸ
1855 4561 2021 4628 εἰκὸς,
2060 4569 2102 4624 ι)

1984 4579 2021 4628 ἦ
2060 4569 2102 4624 ι)
2138 4546 2325 4600 tinatac
2356 4547 2424 4602 ad
2462 4547 2829 4613 curationem,
2861 4549 3122 4604 vitiorum
3183 4562 3238 4607 et
3265 4554 3388 4609 vitat
3425 4558 3724 4612 correctio-

430 4645 510 4714 τῷ
543 4663 602 4722 τε
628 4646 769 4715 Θεῷ,
813 4647 887 4715 μὴ
922 4647 1000 4700 ὅτι
1045 4649 1155 4701 τῶν
1204 4665 1266 4717 γε
1325 4650 1503 4704 ἄλλων
1557 4652 1720 4705 ἓνεκα
1773 4653 2022 4721 ἀγαθῶν,

431 4739 568 4792 ἀλλὰ
587 4739 682 4793 καὶ
701 4739 882 4794 αὐτῶν
905 4740 1113 4793 τούτων
1141 4740 1306 4812 χάριν
1342 4743 1709 4812 προσειδέναι.
1765 4745 1921 4799 Μετὰ
1968 4746 2026 4800 δὲ

432 4831 630 4902 ἡδονὰς
689 4833 780 4885 καὶ
837 4832 1034 4895 πόνους
1087 4832 1399 4904 ὀψιαίτερον
1453 4835 1575 4905 μὲν,
1632 4835 1935 4909 βιαιότερον
1981 4838 2028 4891 δ’

433 4928 566 4986 ῖσως
588 4925 949 4995 τυραννοῦσιν
979 4926 1136 4995 ἡμῶν
1157 4927 1310 4992 δόξαι
1339 4945 1398 4980 τε
1428 4931 1520 4983 καὶ
1556 4930 1788 4998 ἀδοξίαι,
1817 4932 2028 5001 ἀνθρω-

431 5019 712 5088 πινώτερα
748 5018 870 5090 ἤδη,
924 5021 1017 5071 καὶ
1081 5019 1142 5093 οὐ
1196 5020 1438 5091 θηριώδη
1481 5021 1819 5091 «conpara.
1862 5024 2029 5077 Οὐδὲν

434 5113 618 5183 μέντοι
643 5105 805 5183 ἦττον
839 5113 936 5165 καὶ
971 5111 1100 5181 περὶ
1145 5111 1282 5164 αὐτᾶ
1320 5111 1636 5181 ἐπιμελείας
1662 5113 1837 5166 δεῖται
1869 5115 2030 5184 ἡμῶν

431 5207 630 5277 τινοςή
671 5204 940 5276 ψυχὴ.ῶς
966 5204 1197 5268 δεόντως
1258 5222 1340 5268 τε,
1408 5205 1503 5259 καὶ
1560 5207 1660 5260 οὐκ
1715 5208 1836 5278 εἰκῇ
1893 5208 2028 5276 πρὸς

431 5301 572 5357 αὐτὰ
599 5299 980 5369 προσφέροιτο.
1020 5298 1092 5351 Ἥ
1151 5315 1209 5351 τε
1269 5303 1562 5369 μετριότης
1613 5301 1672 5353 ἐν
1721 5301 1926 5366 αὐτοῖς,
1971 5299 2032 5352 τὸ

431 5392 641 5464 πρέπον
672 5408 732 5445 τε
767 5390 862 5443 καὶ
890 5391 1160 5460 ἁρμόττον
1189 5391 1439 5456 σώζουσα
1470 5392 1725 5458 ἑκάστοις
1758 5394 2028 5460 παιδεύει,

431 5485 651 5559 πρῶτον
694 5484 793 5556 μὲν
824 5483 925 5551 τῆς
951 5485 1108 5550 ἀξίας
1139 5486 1214 5551 ὡς
1253 5487 1491 5555 μάλιστα
1545 5489 1778 5550 ἑαυτοὺς
1836 5489 2028 5560 τιμᾷν,

430 5581 545 5636 τῶν
578 5580 676 5650 μὲν
732 5577 1010 5633 ταπεινῶν
1066 5594 1126 5631 τε
1194 5581 1289 5632 καὶ
1341 5581 1502 5651 ἡμῶν
1562 5582 1744 5634 αὐτῶν
1791 5580 2032 5647 ἀναξίων

431 5671 938 5747 ὑπερφρονοῦντας,
977 5671 1046 5725 τὰ
1081 5671 1137 5725 δὲ
1193 5673 1368 5744 μείζω
1428 5675 1460 5744 ἢ
1522 5675 1663 5728 κατὰ
1715 5676 1814 5746 τὴν
1873 5675 2031 5741 ἀξίαν

429 5765 950 5837 διευλαϐουμένους
1004 5765 1198 5820 ἔπειτα
1257 5768 1348 5821 καὶ
1399 5767 1499 5838 τῆς
1557 5769 1657 5839 μὲν
1719 5769 1872 5840 παρὰ
1920 5769 2029 5823 τῶν

431 5862 617 5919 καλῶν
645 5857 929 5930 κάγαθῶν,
964 5858 1058 5911 καὶ
1079 5859 1170 5912 ἐπὶ
1201 5861 1312 5923 τοῖς
1344 5862 1527 5928 καλοῖς
1552 5863 1733 5935 δόξης,
1773 5860 1850 5934 μὴ
1883 5863 2024 5918 πάνυ

750 5955 1031 6019 Pauor"
1083 5954 1201 6018 Gtt.
1250 5956 1392 6020 CLX

2132 4655 2280 4706 nem,
2317 4655 2439 4709 quae
2472 4651 2730 4713 tanquam
2753 4643 3170 4709 medicamenta
3201 4650 3530 4720 corporibus
3549 4667 3719 4722 aegro-

2132 4732 2375 4789 tantibus
2431 4734 2636 4789 animis
2694 4736 2901 4792 noStris
2952 4753 3050 4801 pro
3101 4740 3279 4797 alieno
3338 4743 3583 4813 periculo
3612 4747 3726 4801 sint

2133 4826 2408 4891 immissa,
2439 4828 2562 4883 aliis
2593 4845 2721 4884 vero
2751 4839 3000 4886 nostrum
3040 4848 3163 4890 esse
3215 4836 3380 4893 veluti
3417 4841 3718 4897 certamina

2133 4929 2185 4972 et
2208 4919 2594 4985 excitationes,
2631 4936 2754 4992 qua:
2780 4938 2904 4994 cum
2931 4924 3260 4982 illustriores
3291 4935 3406 4983 tum
3463 4931 3722 4988 fortiores

2133 5024 2351 5079 quoque
2380 5011 2613 5064 reddunt
2638 5027 2734 5067 eos
2759 5013 2852 5082 qui
2905 5027 3134 5085 corpora
3175 5019 3241 5070 ad
3272 5017 3428 5072 ludos
3449 5031 3730 5081 exercent.

2135 5100 2292 5157 Nulla
2349 5103 2514 5172 igitur
2570 5105 2784 5161 ratione
2830 5106 3020 5175 iniquo
3051 5110 3238 5165 animo
3291 5112 3572 5170 referenda
3606 5130 3732 5172 esse

2137 5196 2271 5263 hanc,
2304 5197 2396 5252 sed
2433 5199 2724 5254 laetandum
2751 5201 2954 5270 potius,
2987 5202 3034 5258 si
3060 5218 3244 5258 veram
3265 5205 3411 5261 illam
3435 5209 3731 5280 rationem,

2137 5303 2192 5345 nt
2223 5307 2317 5360 par
2348 5301 2450 5358 est,
2481 5294 2632 5363 sequi
2671 5294 2926 5360 velimus,
2977 5305 3034 5350 et
3065 5295 3177 5353 Deo
3207 5315 3317 5355 non
3352 5311 3574 5373 propter
3624 5321 3730 5360 cu:-

2137 5397 2248 5442 tera
2279 5397 2486 5441 tantum
2517 5387 2687 5452 bona,
2707 5389 2800 5445 sed
2821 5400 2875 5444 et
2903 5391 2975 5444 οι.
2995 5390 3113 5447 tunc
3140 5377 3257 5463 ipsa
3286 5396 3735 5456 babentlamessc

2135 5481 2392 5550 gratiam.
2420 5480 2553 5535 Post
2574 5484 2881 5553 voluptates
2903 5495 3086 5539 autem
3116 5496 3170 5540 et
3202 5486 3414 5544 labores
3443 5500 3501 5545 ut
3528 5493 3734 5565 serius,

2136 5573 2209 5627 ita
2241 5572 2477 5629 fortasse
2500 5574 2795 5631 violentius
2830 5578 2881 5630 in
2913 5593 3013 5632 nos
3049 5590 3393 5648 grassantur,
3455 5584 3627 5655 gloria
3682 5598 3739 5643 et

2136 5667 2460 5738 ignominia,
2545 5684 2670 5737 quae
2724 5669 3041 5727 affectiones
3096 5677 3316 5731 tametsi
3380 5676 3741 5736 humaniores

2137 5773 2291 5827 sunt,
2314 5771 2369 5817 et
2395 5776 2504 5835 non
2533 5760 2768 5826 feroces,
2803 5764 3171 5822 nihilominus
3203 5777 3386 5824 tamen
3411 5771 3464 5824 in
3495 5772 3559 5827 iis
3577 5774 3744 5830 etiam

2138 5870 2327 5912 curam
2352 5855 2647 5927 quamdam
2685 5858 2920 5929 requirit
2975 5860 3198 5916 animus
3227 5872 3446 5929 noster,
3522 5876 3581 5921 ut
3614 5884 3742 5923 cum

3265 5954 3351 6019 28
