4406 6450
391 399 498 465 885
1138 410 1236 472 DE
1276 412 1707 479 PLATONICA
1747 415 1842 475 ET
1870 413 2424 475 ARISTOTELICA
2452 416 2992 476 PHILOSOPINA.
3553 413 3658 475 886

384 530 601 585 mente
637 522 946 585 consistat
992 526 1316 607 concedit,
1358 528 1520 604 quin
1564 528 1777 607 potius
1814 543 2060 607 omnes~
2094 527 2369 589 naturali
2418 529 2700 605 quodam
2759 527 3067 607 instinctu
3115 528 3313 587 Deum
3358 529 3661 607 omnipo~

385 607 631 681 tentem;
658 610 983 681 asserunt.
1015 605 1151 664 Jam
1185 604 1237 665 si
1268 607 1458 668 etiam
1481 604 1601 666 hoc
1634 605 2021 676 concedunt,
2045 605 2258 681 ipsum
2293 604 2620 666 summum
2659 614 2721 664 et
2760 606 3108 664 maximum
3142 620 3287 665 esse
3319 604 3651 681 artificem.

384 677 710 759 Oportebit
749 688 923 740 certe
960 681 1269 758 deinceps
1313 684 1492 744 lateri
1527 685 1605 745 ab
1640 682 1868 744 eodem
1906 677 2257 747 niaximum
2299 684 2948 759 pulcherrimumque
2996 698 3183 759 opus,
3219 680 3392 755 quod
3440 681 3657 741 animo

386 757 649 836 cogitari
675 764 781 818 aut
807 776 1079 836 usquam
1107 757 1388 822 inveniri
1422 760 1641 836 possit,
1661 759 1895 824 factum
1929 777 2106 829 esse;
2136 769 2198 821 et
2224 757 2549 833 quodnam
2576 760 2829 821 tandem
2859 758 2977 818 erit
3009 758 3162 819 illud
3184 761 3393 833 opus?
3416 761 3644 820 Annon

390 835 713 917 mundus?
755 835 939 917 Quod
962 838 1013 898 si
1044 845 1258 917 autem
1293 835 1715 917 Peripatetico
1739 837 2200 906 illi,mundnm‘
2227 840 2538 899 asserenti
2576 851 2915 917 internum,
2949 836 3083 899 haec
3116 840 3488 917 magistr-Asse
3521 837 3659 896 sive

389 913 728 995 dialectica
762 914 898 975 sive
934 916 1288 995 probabilia
1318 913 1717 990 viderent-ur,
1744 934 1933 995 quam
1968 918 2346 995 apodictii-a,
2409 919 2546 976 sive
2581 915 2948 995 scientitira,
2998 932 3114 995 age
3143 932 3285 995 cum
3326 914 3435 973 ille
3464 933 3658 990 argn-

392 992 653 1073 mentis;
689 1009 751 1073 a_
778 1002 1007 1073 natura
1038 994 1397 1073 desumptis
1434 995 1714 1057 ulterius
1750 992 2187 1073 conferemus.
2233 1004 2321 1056 Ac
2369 995 2643 1072 primum
2700 993 2962 1071 quidem
3022 992 3179 1073 illud
3219 1001 3488 1073 constat.
3528 1011 3653 1053 non

394 1086 581 1151 posse
623 1069 752 1131 ﬁeri
794 1079 860 1132 ut
908 1072 991 1151 sit
1021 1069 1287 1149 aliquid
1315 1072 1652 1144 aeternum,
1692 1073 1868 1151 quod
1916 1091 1949 1132 e
1990 1071 2330 1151 principiis
2367 1069 2846 1134 i-onﬂatum'est
2880 1070 3280 1151 corruptiOni
3328 1070 3654 1151 obnoxiis,

387 1146 648 1226 qualem
679 1165 825 1229 esse
856 1150 1099 1211 scimus
1134 1146 1475 1221 mundum,
1503 1151 1687 1229 cujus
1713 1146 1928 1228 partes
1958 1146 2219 1210 assidue
2260 1158 2614 1223 mutantur,
2646 1152 2798 1211 dum
2827 1146 3112 1229 «iniustam
3151 1152 3330 1218 liunl,
3364 1150 3654 1219 qumdaiti

396 1229 746 1307 intereunt.
778 1228 906 1289 Nec
941 1231 1135 1307 refert
1165 1230 1339 1307 quod
1374 1228 1642 1307 quidam
1683 1238 1924 1307 partem
1962 1229 2183 1289 mundi
2228 1229 2728 1299 nobilissimam,
2760 1228 3003 1289 crelnm-
3032 1230 3363 1296 nimii-nm,
3394 1228 3659 1307 immor-

394 1306 520 1385 tale
552 1305 821 1385 faciunt,
855 1306 1155 1385 nullique
1185 1305 1600 1369 dissolutioni
1629 1305 2022 1385 solijenturn.
2055 1308 2292 1367 Eodem
2330 1325 2607 1385 namque
2651 1310 2839 1368 modo
2873 1308 3063 1367 etiam
3102 1308 3426 1367 hominem
3466 1306 3654 1385 quis-

394 1384 567 1465 piam
607 1382 958 1465 appellabit
1007 1382 1459 1455 immortalem,
1493 1387 1575 1447 ob
1621 1382 1862 1465 partem
1899 1384 2109 1465 ipsius
2152 1382 2562 1465 praecipuam,
2605 1403 2793 1465 quam
2829 1385 3115 1446 animum
3145 1382 3656 1465 'vocamus,'om-

397 1463 1106 1544 nisque‘corruptiouis
1150 1464 2005 1544 expertem-constituimus.
2041 1463 2281 1525 Omitto
2308 1463 2436 1541 jam
2492 1463 2662 1544 quod
2720 1465 2969 1533 multis,
3030 1465 3239 1542 iisque
3278 1464 3657 1544 indubitatis

398 1539 1046 1621 ratioiiibusprObari
1090 1539 1320 1619 possit,
1368 1560 1492 1604 non
1544 1560 1685 1603 esse
1717 1542 1948 1604 cmlum
1994 1539 2429 1621 corruptiunis
2477 1539 2736 1621 expers,
2781 1539 3365 1617 ipsumqueetiam
3401 1542 3656 1603 tamlem

400 1636 631 1696 urgere
659 1619 736 1679 ad
772 1619 1128 1682 interitum.
1167 1621 1353 1694 Quod
1395 1621 1449 1681 si
1480 1620 1627 1697 quis
1662 1621 1839 1681 ﬂuvii
1880 1621 2077 1681 inStar
2114 1620 2427 1681 mundum
2461 1619 2667 1683 credit
2701 1621 2977 1681 subinde
3027 1621 3248 1692 ﬂuere,
3287 1630 3656 1697 partemque

405 1697 603 1777 hujus
635 1696 1068 1777 qumrtﬂrixit,
1104 1718 1134 1760 a
1166 1699 1339 1760 fonte
1372 1696 1554 1777 quasi
1588 1702 1865 1777 quodam
1904 1699 2194 1777 perenni,
2235 1716 2489 1777 semper
2525 1700 2803 1768 restitui,
2842 1700 2894 1758 is
2942 1716 3093 1759 sane
3133 1696 3369 1759 novum
3403 1717 3660 1773 semper

400 1776 715 1856 mundum
741 1776 1099 1850 constitui,
1135 1785 1195 1837 et
1232 1794 1424 1856 quem
1467 1774 1700 1852 factum
1737 1775 1939 1837 fuisse
1974 1776 2231 1856 nolebat
2268 1774 2476 1851 fateri,
2513 1781 2810 1840 eumdem
2836 1778 2965 1856 jam
2999 1778 3305 1838 inﬁnities
3340 1777 3657 1838 concedit.

403 1855 475 1935 lJt
501 1854 758 1915 enimin
793 1856 1017 1935 eodem
1049 1854 1310 1935 quidem
1345 1856 1527 1917 alveo
1556 1857 1807 1933 semper
1837 1856 2128 1935 decurrit
2156 1855 2418 1927 ﬂuvius,
2455 1857 2567 1918 sed
2600 1856 2791 1916 aliam
2830 1854 3112 1918 subinde
3149 1873 3377 1934 aquam
3419 1856 3654 1935 haurit,

400 1932 487 1993 ita
517 1934 973 2013 non-eumdem
1007 1932 1149 1996 esse
1182 1933 1570 1996 hodiernum
1602 1935 1938 2006 mundum,
1964 1934 2074 2013 qui
2104 1932 2331 2013 fuisset
2359 1935 2519 2000 heri,
2557 1936 2667 1994 sed
2704 1952 2939 1995 novum
2969 1932 3247 1996 subinde
3282 1934 3656 2013 succedere,

402 2011 768 2091 necessario
812 2022 1219 2088 sequeretur.
1275 2013 1479 2074 Aliam
1508 2028 1769 2091 quoque
1807 2011 2095 2073 incurret
2133 2012 2242 2091 ille
2278 2012 2897 2091 absurditatem,qui
2941 2016 3250 2075 mundum
3285 2011 3431 2074 facit
3477 2020 3661 2073 teter—

404 2090 928 2169 num._Auimam
987 2092 1284 2169 plerique
1330 2108 1500 2169 sanas
1533 2090 1778 2152 intentis
1820 2091 1984 2150 inter
2044 2090 2500 2168 Peripateticos
2548 2090 2825 2152 fatentur
2879 2109 3023 2153 esse
3079 2092 3530 2161 immortalem,
3599 2097 3661 2151 et

407 2170 561 2229 item
602 2167 742 2236 hoc,
779 2167 1048 2231 numero
1084 2167 1325 2230 infinita
1360 2168 1490 2230 dari
1529 2186 1651 2230 non
1682 2185 1868 2247 posse
1901 2169 2108 2244 reipsa
2138 2170 2269 2228 sive
2300 2180 2467 2229 actu.
2505 2172 2750 2231 Mundo
2791 2170 2983 2247 igitur
3020 2170 3371 2231 constituto
3395 2178 3657 2240 interno,

400 2264 616 2308 annon
642 2248 1367 2328 an'iinzeconstituentur
1390 2259 1530 2310 actu
1568 2244 1874 2308 inﬁnitio?
1908 2247 2234 2328 Siquidem
2262 2250 2408 2308 anni
2438 2251 2565 2328 jam
2596 2244 3015 2325 pra-terierint
3044 2249 3297 2319 intiuiti,
3328 2248 3658 2310 homines-

404 2345 533 2402 que
575 2342 849 2403 n_urnero
876 2327 1105 2387 inﬁniti
1143 2329 1402 2393 mortui,
1442 2343 1716 2401 quorum
1756 2327 2049 2387 omnium
2088 2344 2361 2387 numero
2394 2327 2750 2387 carentium
2785 2337 2938 2387 sunt
2977 2328 3209 2389 animm
3269 2336 3410 2387 actu
3446 2346 3665 2403 snper-

408 2401 636 2485 stites?
664 2408 743 2466 At
788 2406 888 2465 hic
914 2405 1181 2480 quidam
1217 2405 1405 2485 hujus
1435 2406 1710 2465 absurdi.
1734 2404 2005 2485 vitandi,
2037 2405 2259 2485 gratia,
2290 2406 2526 2466 furiosa
2580 2406 2854 2482 quintam
2914 2407 3340 2481 impudentia.
3395 2401 3661 2466 numero

409 2484 659 2544 unicam
688 2500 830 2544 esse
854 2485 1127 2545 animam
1163 2483 1536 2545 ratiunalem
1560 2484 1625 2544 in
1662 2484 1965 2544 omnibus
1996 2483 2369 2544 hominibus
2400 2489 2662 2545 timere.
2697 2485 2827 2543 Hoc
2867 2503 3013 2545 vero
3047 2485 3418 2560 ﬁgriientuzn
3447 2502 3659 2546 annon

408 2578 669 2622 Omnem
712 2563 1182 2641 providentiam
1227 2570 1420 2641 atque
1444 2562 1761 2641 justitiam
1798 2563 1915 2623 Dei
1948 2562 2113 2623 tollit
2142 2574 2333 2639 atque
2371 2561 2756 2641 exstinguit?
2789 2565 2915 2623 Hac
2950 2580 3224 2638 namque
3266 2565 3511 2625 ratione
3543 2564 3660 2623 ho-

411 2641 619 2700 mines
664 2658 935 2702 numero
985 2659 1112 2702 non
1154 2640 1459 2702 different
1500 2656 1776 2718 quorum
1829 2641 2132 2719 nimirum
2187 2642 2373 2702 unica
2424 2640 2601 2702 esset
2644 2642 2871 2711 forma,
2912 2660 3025 2702 nec
3073 2641 3198 2701 ulla
3247 2646 3662 2719 superessent

410 2720 666 2796 praemia
697 2730 875 2799 recte
916 2720 1249 2791 factorum,
1278 2721 1472 2799 nullae
1518 2734 1714 2795 preme
1771 2720 1933 2781 male
1981 2718 2320 2788 factorum,
2360 2720 2661 2799 idemque
2696 2729 2866 2799 esset
2902 2721 3192 2781 Socrates
3238 2718 3410 2799 quod
3465 2720 3662 2792 Plato,

411 2814 528 2858 uec
562 2798 788 2859 melior
820 2798 1031 2859 bonus
1063 2815 1251 2874 quam
1286 2797 1659 2877 sceleratus,
1701 2799 1960 2875 sapiens
1996 2815 2183 2873 quam
2217 2800 2484 2867 stultus,
2520 2806 2578 2857 et
2613 2798 2705 2877 sic
2735 2798 3056 2873 deinceps.
3109 2799 3167 2857 ld
3210 2797 3380 2877 quod
3410 2814 3553 2859 cum
3585 2799 3667 2859 sit

407 2877 784 2951 absurdum,
818 2877 973 2938 illud
1005 2877 1153 2938 item
1189 2893 1316 2953 quo
1355 2876 1803 2949 afﬁrmabatur,
1842 2878 2094 2939 unicam
2136 2895 2277 2937 esse
2312 2878 2600 2937 omnium
2637 2876 2967 2937 hominum
3001 2876 3277 2937 animam
3312 2876 3661 2937 absurduru

410 2972 552 3015 esse
601 2973 863 3018 necesse
897 2956 1037 3017 erit.
1074 2957 1193 3017 Sed
1228 2954 1456 3033 desino
1490 2962 1610 3016 tam
1668 2954 1882 3029 plures
1913 2958 2242 3015 cumulare
2279 2955 2725 3033 probationes,
2752 2956 2991 3030 quibus
3043 2956 3323 3015 ninndus
3359 2970 3482 3015 non
3521 2972 3665 3015 esse

408 3043 689 3094 mteriius
733 3036 1239 3094 demonstretur.
1283 3032 1523 3093 Addam
1583 3033 1794 3111 potius
1840 3033 2048 3095 adhuc
2098 3032 2294 3095 unum
2349 3035 2542 3111 idque
2611 3035 2802 3095 breve
2862 3037 3256 3112 exemplum,
3291 3050 3419 3110 quo
3465 3055 3496 3091 u
3527 3033 3665 3108 agis

409 3112 635 3192 iaciam
682 3112 943 3192 planum
997 3129 1229 3192 rerum
1277 3112 1663 3173 naturalium
1726 3112 2158 3192 cognitionem
2231 3130 2373 3173 esse
2427 3112 2720 3192 prie-riam
2792 3112 2923 3172 veri
2976 3114 3238 3192 luminis
3303 3130 3411 3189 per
3474 3130 3665 3190 quam

414 3189 718 3252 nimirum
772 3189 963 3252 homo
1004 3190 1347 3251 deducitur
1377 3192 1450 3251 ad
1488 3189 2096 3268 contemplationem
2134 3193 2232 3252 sui
2261 3191 2604 3252 Creatoris.
2638 3192 2824 3252 Hunc
2858 3191 3165 3251 mundum
3208 3192 3418 3267 itaque
3451 3189 3506 3250 a7
3540 3193 3668 3251 Deo

414 3271 573 3348 regi,
608 3276 752 3347 quae
786 3269 1051 3347 probent
1086 3269 1386 3348 rationes,
1423 3269 1701 3331 breviter
1735 3284 2076 3344 exponam.
2113 3272 2195 3329 Ac
2230 3270 2504 3348 primum
2542 3269 2829 3347 quidem,
2866 3269 3013 3346 quis
3053 3286 3173 3327 non
3214 3271 3381 3330 videt
3416 3270 3670 3330 diversa

413 3346 606 3435 atque
632 3346 945 3437 eoutraria
983 3366 1092 3424 per
1123 3366 1191 3408 se
1224 3346 1527 3437 conjungi
1561 3356 1751 3437 atque
1773 3349 1847 3409 ad
1895 3365 2084 3437 unam
2115 3346 2397 3426 aliquam
2437 3346 2706 3437 formam
2750 3348 2966 3437 reduci
3007 3365 3132 3406 non
3176 3365 3379 3437 posse,
3422 3349 3543 3437 nisi
3579 3350 3669 3407 al-

417 3427 617 3488 terius
657 3427 1016 3516 cnjnspiam
1061 3425 1677 3516 Operapuxilioque
1726 3426 2164 3488 intercedente
2204 3425 2707 3516 connectentur:
2756 3429 2891 3486 Jam
2927 3442 3087 3513 vero
3134 3431 3441 3516 mundum
3501 3427 3671 3515 hunc

414 3523 491 3567 ex
536 3512 660 3565 tam
707 3503 982 3567 diversis
1020 3504 1487 3584 contrariisque
1533 3503 1837 3584 _videmus
1889 3514 2182 3566 constare
2232 3503 2542 3583 partibus,
2576 3506 2663 3584 _in
2705 3504 3185 3584 quouimirum
3244 3505 3473 3584 frigida
3517 3505 3669 3582 jun-

417 3583 960 3662 gunturrralidis,
1019 3582 1346 3662 humenlia
1383 3578 1609 3658 'siccis,
1668 3584 1931 3662 aliaque
1968 3578 2385 3662 expdivérsis
2436 3578 2996 3662 conﬂata‘naturls
3050 3578 3113 3641 ili
3164 3578 3361 3662 nnaui
3405 3578 3668 3643 ferinam

414 3661 1073 3741 eouveniunt.Uunm
1129 3660 1347 3741 itaque
1399 3679 1544 3741 esse
1589 3660 1871 3741 aliquem
1903 3660 2084 3741 fateri
2118 3670 2392 3740 oportet,
2426 3661 2539 3740 qui
2590 3669 2710 3741 tam
2770 3661 3022 3741 diversa
3059 3661 3406 3737 reputavit,
3464 3663 3672 3723 univit

416 3747 610 3820 atque
652 3740 1010 3820 conjunxit.
1044 3740 1139 3800 An
1172 3739 1316 3819 quis
1348 3739 1616 3820 aspiciat
1658 3739 1943 3820 tabulam.
1975 3740 2252 3803 diversis
2309 3739 2534 3816 pictam
2597 3739 2951 3820 coloribus,
3001 3742 3325 3820 variisque
3386 3741 3672 3820 partibus

418 3818 849 3891 constantem,
892 3828 954 3879 et
1001 3818 1245 3880 certum
1287 3818 1573 3897 aliquem
1609 3819 1983 3897 magistrum
2035 3830 2287 3881 exstare
2331 3820 2604 3891 dubitet,
2647 3818 2756 3896 qui
2796 3825 2916 3878 tam
2970 3818 3126 3879 scite
3166 3818 3335 3879 illam
3374 3818 3674 3881 ﬁnxerit?

408 3900 511 3958 An
548 3897 695 3975 quis
740 3899 1066 3960 inlaeatur
1117 3897 1343 3971 pocula
1374 3896 1568 3959 variis
1604 3896 1814 3959 cretata
1855 3905 2047 3973 atque
2078 3900 2303 3975 aspera
2340 3900 2570 3975 signis,
2606 3914 2724 3958 nec
2771 3897 3058 3972 ptotinus
3092 3898 3423 3969 exclamet,
3464 3897 3673 3959 divini

419 3994 583 4052 opus
634 3975 1141 4037 Alcimedontis?
1187 3975 1351 4036 Illud
1400 3991 1545 4035 sero
1601 3982 1844 4047 constat
1880 3976 2042 4036 inter
2100 3995 2348 4045 omnes,
2404 3980 2651 4036 diversa
2705 3975 3150 4053 contrariaque
3207 3993 3323 4037 sizo
3392 3981 3669 4053 qquam

421 4055 663 4132 impetu
700 4054 962 4116 dissolvi
992 4063 1185 4134 atque
1216 4053 1499 4133 disjungi
1543 4056 1620 4116 ab
1656 4054 1959 4127 invicem,
1996 4055 2116 4115 nisi
2153 4056 2231 4114 sit
2262 4058 2500 4134 aliquis
2532 4073 2564 4116 a
2599 4070 2728 4134 quo
2764 4069 3250 4115 conservantur.

501 4131 677 4195 Idem
734 4133 950 4210 itaque
1011 4131 1202 4193 etiam
1259 4131 1501 4211 mundo
1548 4134 1970 4211 contingeret,
2033 4151 2224 4211 quem
2281 4136 2344 4194 in
2375 4131 2599 4194 ’nnarn
2643 4131 2907 4194 formam
2949 4150 3023 4191 ex
3058 4134 3333 4193 diversis
3373 4134 3661 4211 partibus

420 4222 817 4291 compactum
848 4209 1225 4272 naturarum
1261 4210 1393 4285 ipsa
1426 4209 1763 4291 diversitas
1801 4209 2071 4291 invicem
2094 4213 2348 4291 discors
2375 4213 2761 4291 dissociaret
2785 4211 2999 4291 procul
3033 4211 3228 4272 dubio
3254 4209 3440 4290 atque
3475 4214 3676 4274 dive-

424 4289 609 4364 leret,
662 4291 783 4351 nisi
822 4298 989 4350 esset
1044 4305 1234 4359 unus,
1275 4290 1384 4365 qui
1421 4290 1591 4366 quod
1648 4290 1864 4350 nexuit
1936 4290 2314 4352 rontineret.
2375 4295 2470 4352 Au
2506 4307 2654 4351 vero
2686 4289 2930 4368 aliquid
2959 4307 3187 4368 carens
3220 4289 3673 4368 gubernaculis

423 4378 597 4431 certe
636 4378 828 4447 atque
870 4368 1145 4445 regulari
1185 4364 1705 4442 semper'ordine
1778 4370 2019 4430 moveri
2056 4378 2265 4444 posset
2298 4379 2523 4447 suapte
2557 4364 2837 4443 sponte?
2870 4368 2929 4426 id
2956 4367 3133 4444 quod
3170 4364 3301 4428 ηδε-ἱ
3347 4372 3674 4430 cernimus

423 4448 489 4509 in
550 4449 815 4521 mundo,
854 4448 1038 4525 cujus
1078 4447 1238 4507 ordo
1301 4454 1421 4505 tam
1463 4454 1678 4507 certus
1722 4449 2027 4523 procedit,
2068 4448 2159 4506 vel
2211 4451 2450 4509 easdem
2520 4448 2648 4506 sint
2686 4454 2996 4523 perpetuo
3031 4448 3505 4525 vicissitudines
3538 4450 3677 4509 die-

427 4538 791 4615 rum_atque
851 4524 1159 4613 mitium,
1216 4525 1886 4615 commutationesque
1911 4534 2282 4615 temporum
2315 4526 2795 4615 quadripartiim
2851 4529 2923 4583 ad
2956 4524 3380 4615 maturitatem
3415 4525 3671 4615 frugum

424 4614 488 4666 et
531 4605 609 4666 ad
641 4602 1172 4683 temperationem
1208 4619 1545 4680 corporum
1581 4611 1765 4683 aptae.
1785 4602 1972 4677 Quid
2009 4602 2087 4683 de
2124 4605 2255 4666 sole
2284 4602 2488 4666 dicam
2539 4606 2819 4681 lunaque
2852 4615 2909 4662 et
2945 4602 3187 4683 caneris
3215 4605 3422 4664 stellis
3450 4607 3478 4664 ‘2
3508 4602 3673 4683 quo-

427 4701 566 4743 rum
608 4692 725 4745 tam
764 4682 916 4743 certi
971 4688 1121 4741 sunt
1150 4688 1384 4749 motus,
1418 4688 1481 4741 ut
1518 4682 1612 4743 sol
1650 4682 1915 4758 quidem
1962 4682 2181 4743 orbem
2224 4684 2285 4744 in
2344 4683 2685 4744 duodecim
2754 4690 2959 4754 partes
3000 4681 3413 4742 distributum
3472 4681 3670 4744 semel

426 4761 773 4840 quotannis
809 4758 1227 4840 perambulet
1289 4766 1423 4819 tum
1452 4762 1769 4840 recedens
1807 4760 2086 4840 a_nobis,
2122 4768 2254 4820 tum
2293 4763 2601 4821 accedens
2634 4761 2713 4840 ad
2748 4777 2862 4819 nos
2887 4781 2905 4836 _:
2952 4760 3099 4820 luna
3138 4778 3284 4820 vero
3312 4763 3673 4823 accretione

428 4837 487 4900 et
521 4837 1250 4901 diminutioneluminis
1285 4837 1560 4898 mirabili
1597 4839 1780 4915 quasi
1834 4838 2142 4899 fastorum
2204 4850 2373 4900 notet
2437 4849 2497 4898 et
2552 4838 2871 4915 signiticet
2922 4840 3083 4909 dies,
3117 4840 3192 4898 ad
3240 4840 3535 4900 eumdem
3577 4858 3674 4900 re-

428 4935 691 4978 currens
748 4918 960 4979 locum
1018 4925 1349 4974 menstruo
1411 4917 1665 4991 spatio;
1730 4926 1860 4977 tum
1920 4918 1985 4977 in
2055 4918 2282 4977 eodem
2340 4918 2494 4977 orbe
2549 4924 2748 4976 Stel'iB
2805 4925 2925 4974 tam
2989 4928 3163 4976 irrito
3232 4916 3546 4990 feruntur,
3606 4928 3675 4980 ut

430 4997 690 5057 eosdem
722 5012 948 5056 cursus
982 4993 1541 5055 constantissimos
1573 5004 1830 5056 servent
1892 4996 2263 5071 disparibus
2323 4999 2489 5056 inter
2521 5013 2588 5055 se
2618 4996 2918 5055 motibus.
2958 4996 3116 5067 Quae.
3154 4996 3412 5072 quidem
3449 5005 3509 5055 et
3552 4998 3671 5057 alia

428 5073 929 5136 innumerabilia
984 5072 1504 5151 cum‘ceruimus
1542 5080 1663 5132 tam
1700 5088 1942 5134 certum
1976 5075 2267 5133 ordinem
2331 5075 2691 5142 observare,
2762 5083 3039 5149 tamque-
3075 5074 3422 5151 dispositos
3467 5089 3675 5135 motus

433 5153 590 5214 locis
647 5153 1047 5231 temporibus
1098 5148 1438 5231 efﬁcientia
1495 5151 1720 5231 spatiis
1787 5151 2212 5230 qualitatibus
2248 5155 2550 5224 retinete,
2590 5148 3025 5231 pessumusue
3058 5148 3375 5231 dubitare,
3410 5154 3561 5228 quin
3595 5154 3678 5214 sit

432 5249 629 5305 unus,
666 5229 794 5307 qui
834 5231 945 5290 has
980 5229 1413 5289 mutationum
1458 5229 2099 5292 varietates’mauens
2132 5232 2268 5307 ipse
2310 5229 2675 5291 moderetur
2708 5240 2763 5289 et
2797 5230 3144 5303 disponat?
3190 5233 3304 5291 llis
3362 5232 3555 5307 igitur
3617 5246 3677 5294 et

429 5310 570 5398 aliis
614 5326 757 5398 quia
791 5309 907 5369 hoc
946 5309 1084 5367 loco
1143 5322 1270 5366 non
1296 5310 2250 5398 possuntpluuiaenumerari,
2291 5311 2611 5381 humanis,
2673 5309 2787 5368 hoc
2823 5319 2917 5398 est
2955 5310 3238 5393 physicis
3276 5313 3673 5397 argumentis

429 5386 757 5465 quispiam
793 5394 1105 5466 mundum
1146 5386 1548 5466 providentia
1581 5388 2076 5466 Deigubernari
2105 5390 2382 5466 probare
2422 5395 2659 5465 pOSset,
2716 5386 2882 5445 unde
2915 5387 3066 5444 satis
3104 5386 3509 5463 perSpicuum
3535 5408 3675 5451 esse

430 5464 727 5536 arbitror,
771 5465 1117 5541 sapientiae.
1144 5465 1380 5535 studia,
1415 5480 1561 5540 qua)
1586 5464 2069 5544 philosophiam
2106 5464 2540 5544 vocamus,ad
2584 5466 2906 5544 pietatem
2937 5482 3286 5544 rerumque
3312 5467 3673 5528 divinarum

432 5545 865 5622 cegnitionem
923 5552 1192 5603 tumtum
1224 5546 1540 5612 cent‘ert-e,
1580 5541 1972 5622 ideoque—ab
2013 5545 2275 5605 homine
2334 5541 2694 5605 Christiano
2732 5542 3080 5602 excolenda
3118 5541 3260 5604 esse
3324 5549 3550 5609 merito
3587 5558 3680 5607 at--

433 5620 559 5700 que
592 5624 1053 5701 amplectenda.
1090 5622 1306 5696 Neque
1342 5630 1556 5681 tamen
1590 5620 2064 5699 phildsoiihiam
2102 5631 2403 5701 tauquam
2438 5625 2664 5683 ducem
2704 5637 3080 5701 sequemur,
3113 5624 3270 5699 quin
3306 5627 3517 5701 potius
3569 5627 3677 5686 illa

434 5699 738 5780 tanquam
766 5700 1054 5780 ministra
1090 5707 1369 5780 utemur,
1402 5709 1589 5780 atque
1614 5708 1745 5760 tum
1771 5700 2026 5761 demum
2068 5719 2182 5761 nos
2214 5699 2879 5779 rectephilosophatus
2906 5699 3384 5780 arbitrabimur,
3417 5706 3676 5780 quando

435 5778 497 5839 id
543 5776 969 5855 philosoiihiae
999 5776 1645 5858 ope_niinisterioque
1697 5780 2065 5858 tutabimur,
2108 5783 2278 5858 quod
2326 5776 2520 5842 sacris
2558 5776 2680 5839 non
2718 5779 3328 5858 repugnatlitteris,
3359 5776 3501 5856 quin
3530 5792 3679 5843 sunt

439 5858 719 5920 veritatis
752 5873 1062 5920 amusses.
1105 5856 1187 5916 Ex
1222 5872 1351 5933 quo
1378 5873 1528 5917 sane
1572 5857 1889 5936 sequitur,
1917 5856 2145 5936 genus
2190 5859 2612 5934 philosiiphim
2668 5856 3059 5918 Platonicum
3115 5856 3247 5919 viro
3322 5860 3675 5923 Christiano
