4406 6450
366 374 473 442 ’901

1051 381 1150 442 DE
1191 381 1614 445 PLATONICA
1653 381 1750 444 ET
1791 378 2344 455 ARISTOTELICA
2391 381 2932 445 PHILOSOPIHA.

3521 390 3626 454 902

370 490 468 544 τοῦ
516 491 657 577 νοεῖν
693 491 784 545 ἐπὶ
815 492 873 544 τὸ
905 495 980 564 μὴ
1026 498 1192 559 νοεῖν,
1240 498 1272 566 ἢ
1302 498 1377 568 μὴ
1414 500 1554 551 νοεῖν
1588 498 1680 551 ἐπὶ
1719 498 1779 551 τὸ
1814 499 1956 553 νοεῖν
1985 508 2027 566 Α
2067 499 2110 550 li:

1898 499 1956 551 Iv
1985 508 2027 566 Α
2067 499 2200 560 lucc,
2256 497 2692 563 subsistentiam,
2744 503 3037 568 potentiam
3102 509 3155 562 et
3203 508 3381 555 aetum
3413 505 3638 559 omnino

374 581 452 651 μὴ
480 583 568 636 ἀεὶ
617 577 663 650 η’
690 583 766 652 μὴ
817 586 999 640 πᾶσαν
1051 587 1304 658 ἑνεργείᾳ
1362 588 1500 642 ἀλλά
1557 591 1652 642 καὶ
1713 589 1942 658 δυνάμει

368 672 515 742 ’ἔχειν
551 674 753 741 μᾶλλον
789 676 886 744 τὴν
932 678 1043 728 ⁴ιῶν
1090 676 1261 730 ὄντων
1302 678 1528 747 γνῶσιν.
1565 679 1760 733 Καίτοι
1792 678 1944 750 Ἀρι-

371 763 624 830 στοτέλης
675 767 766 817 καὶ
826 765 1082 836 ἀκίνητόν
1119 750 1252 836 φησι
1301 769 1401 839 τὴν
1453 769 1632 840 ψυχὴν
1675 765 1858 824 εἶναι’
1894 772 1942 826 εί

372 852 473 920 μὲν
522 853 620 922 τὴν
654 857 796 907 κατά
840 859 1005 909 τόπον
1052 858 1267 926 κίνησιν
1317 859 1568 926 φάσκων,
1602 860 1802 924 καλῶς,
1825 862 1871 915 εἰ
1898 860 1943 914 δ’

370 941 558 1002 ἁπλῶς
592 942 815 1013 ἃπασαν
870 945 1084 1013 κίνησιν
1121 945 1204 1013 (οὐ
1239 944 1350 1015 γὰρ
1372 947 1522 1000 ’πάνυ
1552 964 1637 1000 τοι
1671 947 1730 999 to
1765 947 1946 1000 τοιοῦ-

369 1050 461 1086 τον
487 1033 786 1104 διασαφεῖ),
829 1034 930 1088 οὐκ
984 1035 1064 1088 ἔτι
1113 1037 1316 1099 καλῶς.
1370 1037 1491 1100 Πῶς
1536 1036 1644 1106 γὰρ
1673 1039 1706 1108 ἦ
1733 1055 1792 1106 γε
1837 1037 1945 1091 ἀπὸ

373 1128 645 1197 νοήματος
689 1129 780 1180 ἐπὶ
824 1129 1002 1199 νόημα
1035 1131 1337 1200 φαινομένη
1373 1130 1637 1185 ἑκάστοτε
1673 1129 1945 1198 μεταϐαλ-

369 1220 595 1290 λομένη,
630 1219 663 1291 ἢ
693 1221 786 1274 καὶ
818 1222 925 1274 ἀπό
954 1238 1013 1274 τε
1054 1216 1148 1275 τοῦ
1173 1224 1315 1274 νοεῖν
1339 1221 1432 1274 ἐπὶ
1457 1222 1519 1274 το
1558 1224 1634 1289 μὴ
1663 1223 1824 1284 νοεῖν,
1849 1222 1945 1272 καὶ

367 1311 715 1378 τούναντίον;
770 1304 814 1378 ᾧ
860 1313 958 1366 καὶ
1007 1313 1172 1375 αὐτὸς
1216 1313 1244 1365 ό
1287 1311 1666 1381 Ἀριστοτέλης
1718 1310 1942 1377 ἰπΥτοῦ

368 1399 460 1454 νοῦ
487 1401 578 1453 τοῦ
607 1417 670 1468 γε
697 1393 1043 1470 ἀνθρωπίνου
1064 1404 1360 1473 συγχωρεῖ.
1407 1401 1571 1454 ’Λλλά
1595 1401 1805 1455 τούτων
1843 1383 1966 1469 μὶν·

366 1493 632 1560 ἀφείσθωο
661 1493 794 1564 ἡμῖν
824 1493 869 1546 δ’
896 1493 1184 1548 ᾶπανιτέον
1218 1495 1308 1545 imi.
1336 1493 1428 1546 τὸν
1471 1494 1739 1563 πρότερον
1763 1493 1943 1560 λόγον.

365 1585 432 1636 οι
463 1584 563 1651 μὲν
611 1588 718 1652 γὰρ
770 1586 894 1653 περῖ
933 1584 1197 1637 Πλάτωνα
1243 1584 1385 1636 οὕτω
1416 1583 1746 1651 διαιροῦσιν·
1789 1584 1945 1652 ’Λριο

370 1673 633 1742 στοτέλης
690 1673 736 1727 δ’
770 1675 924 1727 οὐδὲν
970 1675 1287 1744 διακρίνων,
1336 1675 1520 1736 ἁπλῶς
1551 1674 1768 1728 ἅπαντα
1820 1673 1948 1727 νοῦν

365 1767 432 1833 τῇ
466 1765 632 1836 οὐσίᾳ
667 1766 952 1836 ἔνέργειάν
979 1784 1144 1834 φησιν
1171 1761 1329 1821 εἶναι.
1371 1767 1493 1828 Πῶς
1523 1762 1618 1820 οὖν
1647 1765 1794 1835 αὐτῷ
1825 1766 1852 1819 ὃ
1881 1784 1944 1835 γε

358 1857 711 1925 ’ἀνθρώπινος
742 1858 869 1920 νοῦς
905 1859 954 1911 εί
1007 1858 1203 1911 ταυτὸν
1252 1857 1417 1911 αὖτοῦ
1451 1861 1516 1928 τῇ
1565 1858 1819 1928 ἐνεργείᾳ
1847 1858 1947 1927 τὴν

367 1948 556 2000 οὐσίαν
581 1950 691 2013 ἕξει
717 1990 735 2014 ,
769 1949 994 2002 ’ἐπειδὰν
1031 1949 1105 2018 μὴ
1151 1951 1244 2018 νοῇ
1290 1950 1427 2018 μηδὲ
1457 1950 1654 2018 ἐνεργῇ
1682 1966 1694 2014 ;
1729 1949 1791 2000 οὔ
1850 1949 1950 2018 καὶ

369 2043 469 2111 τὴν
506 2041 698 2094 οὐσίαν
744 2044 808 2111 τῇ
858 2041 1110 2110 ἐνεργείᾳ
1149 2039 1558 2102 σνναπυὸαλεῖς
1595 2041 1687 2092 καὶ
1725 2028 1951 2093 ἀπολεῖέ

366 2135 460 2187 ’ταί
491 2150 576 2199 γε,
605 2133 967 2186 ἀναϐιώσεται
1003 2133 1048 2185 δ’
1080 2128 1146 2187 αὖ
1176 2132 1314 2184 νοῶν
1355 2128 1550 2197 a'iozc;
1591 2130 1754 2184 ’Δλλά
1784 2130 1942 2184 τοῦτο

374 2227 474 2294 μὲν
503 2225 659 2295 δῆλός
710 2225 857 2278 ἔστιν
885 2224 898 2243 ’
926 2223 1292 2294 Αιριστοτέλης
1343 2223 1466 2278 λίαν
1518 2221 1949 2291 ἀπερισκέπτως

358 2320 625 2393 εἰρηκώς.

2048 588 2412 656 distinguunt,
2468 605 2533 643 eo
2585 591 2738 658 quod
2797 606 2906 644 una
2965 591 3295 662 cogitatione
3350 592 3416 645 ad
3473 593 3636 646 aliam

2050 689 2319 742 movetur,
2349 679 2588 734 humana
2621 695 2752 734 vero
2783 682 2967 736 anima
2991 682 3152 736 etiam
3183 698 3247 734 ex
3307 681 3640 750 intelligente

2051 770 2111 825 fit
2147 785 2252 824 non
2285 770 2616 840 intelligens.
2648 780 2742 826 aut
2794 787 2857 826 ex
2907 788 3014 827 non
3061 773 3399 842 intelligente
3431 775 3636 827 intelli-

2050 876 2205 931 gens,
2243 861 2474 930 ideoque
2527 876 2635 916 non
2683 877 2919 931 semper,
2968 870 3062 916 aut
3120 874 3226 918 ιιοη
3259 880 3478 917 onmem
3513 875 3637 919 actu

2051 953 2142 1007 sed
2198 952 2378 1020 potius
2437 953 2675 1021 potentia
2727 952 2892 1006 habet
2975 967 3159 1006 rerum
3237 954 3628 1024 cognitionem.

2050 1044 2370 1098 Aristoteles
2396 1045 2827 1112 porro-animant
2874 1042 3004 1098 facit
3054 1044 3387 1098 immobilem
3419 1057 3471 1100 et
3505 1061 3638 1100 sane

2051 1135 2097 1190 si
2132 1135 2385 1206 intelligit
2412 1135 2690 1199 mobilem,
2723 1135 2865 1206 quod
2895 1136 2959 1188 ad
2993 1148 3204 1190 motum
3237 1136 3486 1204 localem,
3523 1148 3636 1192 tum

2051 1236 2198 1280 recte
2222 1226 2372 1289 dicit,
2402 1225 2448 1280 si
2467 1240 2592 1280 vero
2619 1226 2961 1293 simpliciter,
2990 1228 3135 1296 quod
3158 1227 3221 1280 ad
3258 1243 3473 1282 omnem
3518 1245 3637 1282 mo-

2053 1326 2166 1370 ttnn
2204 1316 2404 1384 (neque
2433 1316 2578 1370 enim
2609 1317 2710 1372 hoc
2742 1316 2832 1371 ille
2861 1317 3021 1387 plane
3039 1318 3328 1371 admodum
3352 1320 3636 1388 explicat},

2053 1421 2161 1460 non
2191 1407 2429 1477 amplius
2485 1415 2654 1463 recte.
2711 1406 2999 1472 Quomodo
3062 1410 3203 1463 enim
3270 1409 3355 1461 illa
3411 1410 3478 1463 ab
3534 1426 3639 1464 una

2052 1497 2387 1566 Cogitatione
2443 1498 2510 1551 ad
2546 1497 2705 1553 aliam
2741 1498 2957 1553 videtur
3011 1499 3244 1553 subinde
3291 1502 3508 1560 mutari.
3547 1511 3642 1554 aut

2055 1589 2225 1657 (quod
2281 1589 2607 1658 Aristoteles
2641 1591 2708 1645 de
2736 1593 2971 1645 humana
3021 1600 3204 1646 mente
3255 1593 3527 1664 concedit)
3574 1610 3640 1646 ex

2054 1696 2163 1736 non
2235 1681 2573 1751 intelligente
2623 1681 2953 1749 intelligens,
3005 1690 3060 1736 et
3111 1698 3141 1737 e
3179 1693 3368 1738 contra
3425 1684 3563 1748 ﬁeri,
3594 1685 3638 1739 si

2056 1771 2352 1826 immobiiis
2415 1771 2790 1843 intelligatur?
2837 1773 2945 1826 Sed
3011 1773 3384 1843 relinquanus
3430 1775 3533 1828 ista
3584 1783 3643 1828 et

2058 1872 2395 1915 revertamur
2430 1861 2577 1925 illuc,
2626 1862 2766 1915 unde
2812 1861 3042 1930 digressi
3092 1878 3304 1916 sumus.
3342 1861 3416 1915 Ac
3464 1863 3644 1918 Plato-

2053 1951 2164 2007 nici
2213 1953 2435 2021 quidem
2499 1953 2598 2009 has
2671 1953 2876 2008 faciunt
2923 1953 3244 2010 divisiones.
3321 1957 3644 2009 Aristotelis

2052 2051 2232 2097 autem
2264 2044 2411 2098 nulla
2444 2045 2668 2099 omnino
2696 2046 2872 2098 utitur
2897 2045 3274 2107 distinctione.
3302 2047 3395 2100 sed
3423 2061 3642 2101 omnem

2052 2141 2285 2185 mentem
2326 2148 2425 2188 sua
2477 2133 2650 2203 ipsius
2691 2135 3048 2190 subsistent'a
3090 2136 3421 2206 simpliciter
3456 2152 3502 2189 a.
3527 2148 3639 2191 tum

2045 2236 2169 2276 esse
2195 2224 2446 2278 allii-mat.
2494 2225 2777 2291 Quomodo
2814 2243 2943 2283 vero
2981 2229 3033 2285 in
3082 2227 3318 2282 humana
3365 2238 3542 2283 mente
3591 2227 3642 2282 id

2045 2331 2234 2370 verum
2280 2332 2400 2373 esse
2434 2317 2704 2384 defendet,
2752 2336 2914 2390 quam
2954 2336 3226 2392 ponamus
3269 2338 3375 2376 non
3437 2321 3646 2378 intelli-

354 2433 491 2488 gere
522 2432 699 2485 neque
733 2415 932 2485 agere?
966 2412 1149 2483 Neque
1171 2414 1315 2468 enim
1359 2413 1472 2483 jam
1523 2413 1760 2484 amplius
1783 2410 2084 2467 secundum
2125 2411 2302 2482 ipsum
2351 2429 2507 2471 mens
2553 2415 2822 2482 manebit,
2899 2415 2944 2471 si
2998 2427 3154 2472 actus
3227 2409 3512 2478 nimirum,
3592 2426 3648 2472 et

349 2510 600 2565 essentia
634 2523 799 2560 unum
838 2506 1089 2574 idemque
1122 2517 1296 2560 sunt:
1347 2507 1457 2560 imo
1486 2507 1780 2560 essentiam
1833 2520 1939 2559 una
1977 2519 2103 2559 cum
2187 2519 2312 2560 actu
2357 2507 2610 2572 amittet,
2676 2506 2909 2578 ipsaque
2969 2509 3261 2575 morietur,
3353 2508 3647 2568 reviviscet

337 2610 546 2653 'autem
601 2597 821 2667 quando
871 2611 1060 2651 rursus
1115 2596 1429 2667 intelligens

363 2693 470 2749 hoc
499 2696 565 2748 de
589 2691 774 2745 animo
835 2689 1274 2761 pronuntiassse.

972 2786 1228 2840 ΚΕΦΛΛ.
1290 2784 1343 2839 I'.

440 2877 564 2940 Πῶς
597 2876 654 2929 δὲ
695 2876 922 2930 κάκεῖνο
951 2875 1012 2926 οὐ
1044 2874 1266 2943 φαὺλως
1319 2877 1414 2928 καὶ
1469 2876 1824 2945 ἀσυμφώνως
1853 2879 1952 2932 αὖ·

365 2965 456 3028 eo;
490 2965 703 3036 ἐαυτῷ;
741 2965 1043 3034 συγχωρῶν
1072 2964 1207 3033 γὰρ,
1238 2964 1314 3027 ὡς
1359 2967 1424 3017 ἐκ
1483 2966 1592 3018 τῶν
1625 2968 1754 3035 περὶ
1790 2966 1950 3030 ζώων

364 3059 530 3112 αὐτοῦ
563 3060 831 3126 γενέσεως
865 3057 1089 3124 βιϐλίων
1116 3057 1234 3111 ἑστι
1265 3056 1482 3124 λαϐεῖν,
1505 3058 1598 3110 τόν
1631 3075 1695 3126 γε
1728 3058 1947 3128 ἀνθρώ-

362 3169 518 3204 πινον
560 3150 686 3204 νοῦν
733 3151 889 3204 τοῦδε
940 3150 1035 3204 τοῦ
1071 3148 1328 3218 σώματος
1360 3151 1737 3220 πρεσϐύτερον
1769 3153 1946 3222 χρόνῳ

360 3242 526 3312 εἶναι,
557 3244 751 3298 ἔπειτα
782 3246 897 3308 τοῖς
927 3243 1025 3306 τὰς
1052 3245 1320 3312 μαθήσεις
1356 3244 1700 3314 ἀναμνήσεις
1726 3243 1947 3309 λέγουσι

360 3338 663 3408 μέμφεται.
714 3336 776 3389 Et
815 3335 925 3406 γὰρ
969 3335 1127 3387 τοῦδε
1174 3335 1431 3405 σώματος
1481 3336 1853 3406 πρεσϐύτερος
1878 3332 1947 3407 ἦν

363 3445 468 3482 που
502 3431 530 3482 ὁ
556 3428 707 3494 νοῦς,
772 3429 890 3491 πῶς
942 3428 1044 3481 οὐκ
1075 3428 1194 3498 ᾔδει
1240 3429 1348 3482 οὐδ’
1383 3429 1565 3489 ἐνόεις
1595 3431 1689 3482 καὶ
1722 3421 1826 3484 ὑπὸ
1855 3428 1952 3483 τοῦ

360 3521 741 3592 κωλυόμενοςς
787 3521 849 3572 Εί
899 3519 944 3572 δ’
991 3519 1114 3590 ᾔδει
1149 3536 1208 3571 τε
1239 3521 1334 3573 καὶ
1368 3522 1547 3588 ἐνόεις
1597 3521 1714 3584 πῶς
1757 3522 1816 3573 ὲν
1852 3522 1952 3591 μὲν

361 3616 428 3684 τῇ
465 3615 546 3676 είς
596 3613 655 3666 τδ
696 3613 854 3681 σῶμα
889 3611 1008 3664 τάδε
1059 3611 1280 3681 καθόδῳ
1327 3613 1722 3684 ἐκλαθόμενος,
1753 3612 1947 3667 ἔπειτα

360 3704 764 3774 ἀναλαμὸἀνων
793 3699 953 3767 αὖθις
995 3703 1031 3757 ἃ.
1057 3721 1188 3757 ποτε
1225 3705 1364 3775 ᾔδει,
1401 3707 1504 3758 οὐκ
1535 3707 1955 3777 ἀναμιμνήσκε·

358 3815 449 3851 ται
476 3814 490 3860 ;

1531 2597 1646 2652 fiet.
1708 2595 1815 2651 Sed
1865 2597 1976 2666 jam
2055 2597 2346 2654 manifeste
2397 2610 2646 2670 apparet,
2712 2600 3058 2656 Aristotelem
3096 2603 3313 2657 incaute
3346 2599 3641 2655 admodum

2717 2785 2869 2843 CAP.
2911 2787 2979 2842 Χ.

2126 2879 2414 2946 Quomodo
2442 2889 2623 2937 autem
2657 2880 2787 2936 illud
2823 2896 2930 2934 non
2960 2880 3100 2934 male
3124 2879 3191 2934 ab
3216 2880 3406 2934 eodem
3439 2864 3645 2936 dictum

2053 2984 2104 3029 ct
2134 2974 2187 3027 in
2221 2989 2339 3043 quo
2365 2988 2394 3026 a
2428 2973 2612 3042 seipso
2656 2973 2882 3026 omnino
2907 2971 3224 3041 discrepat?
3283 2969 3489 3040 Nempe
3515 2985 3648 3025 con-

2055 3066 2199 3122 cedit
2228 3067 2336 3130 ille,
2375 3065 2518 3119 sicut
2554 3072 2779 3134 apparet
2814 3079 2876 3117 ex
2907 3063 3065 3117 libris
3091 3063 3264 3132 ipsius
3294 3063 3362 3118 de
3415 3077 3649 3132 genera-

2055 3159 2203 3213 tione
2228 3158 2571 3222 animalium,
2609 3164 2796 3210 nostro
2819 3155 2920 3209 hoc
2939 3169 3172 3224 corpore
3213 3155 3648 3209 chehumanam

2057 3258 2298 3306 mentem
2357 3249 2727 3318 antiquiorem
2752 3286 2767 3313 ,
2797 3255 2987 3316 postea
3032 3260 3160 3300 vero
3195 3260 3290 3301 eos
3328 3246 3648 3312 insectatur,

2054 3342 2150 3412 qui
2182 3340 2591 3396 recordationes
2653 3339 2921 3409 quasdam
2961 3353 3082 3393 esse
3124 3337 3441 3407 disciplinas
3470 3337 3649 3401 aiunt,

2061 3439 2113 3486 et
2160 3430 2306 3501 quod
2337 3431 2552 3484 discere
2581 3429 2716 3483 nihil
2752 3429 2900 3481 aliud
2935 3428 3007 3482 sit
3055 3443 3218 3498 quam
3255 3427 3552 3483 reminisci.
3589 3427 3649 3482 Si

2062 3538 2304 3592 namque
2338 3523 2444 3578 hoc
2495 3536 2728 3590 corpore
2755 3519 3034 3590 antiquior
3083 3527 3168 3573 est
3213 3519 3466 3582 animus,
3520 3521 3651 3589 quid

2057 3615 2380 3686 prohibebat
2403 3630 2472 3670 ne
2495 3614 2786 3685 cogitaret,
2810 3627 2876 3667 ne
2900 3621 3168 3675 cerneret,
3188 3627 3255 3666 ne
3271 3622 3651 3682 cognosceret,

2060 3718 2354 3778 antequam
2380 3723 2584 3777 corpus
2625 3704 3042 3777 ingrederetur?
3080 3704 3236 3771 Quod
3267 3707 3311 3758 si
3343 3706 3647 3776 cogitabat,

2061 3799 2342 3864 cernebat,
2378 3797 2782 3869 cognoscebat,
2830 3795 3106 3867 quomodo
3157 3797 3212 3850 in
3247 3797 3422 3867 prima
3468 3798 3652 3852 suain

366 3907 569 3962 corpus
603 3899 851 3945 nostrum
903 3889 1252 3960 ingressione
1303 3891 1520 3946 illorum
1561 3892 1787 3957 oblitus,
1817 3905 2006 3962 postea
2044 3908 2174 3949 vero
2212 3893 2488 3964 recipiens
2534 3891 2726 3946 eadem
2764 3905 2885 3962 qua:
2913 3899 3074 3945 antea
3117 3889 3280 3947 scivit
3329 3905 3436 3945 non
3484 3889 3656 3947 remi.

362 3987 502 4047 nisti
544 3983 798 4042 dicatur?

959 4079 1215 4135 ΚΕΦᾹΛ.
1249 4079 1354 4134 iA'.

435 4179 550 4234 Οὐκ
583 4178 876 4247 ἄμεμπτον
901 4174 946 4228 δ’
983 4173 1152 4226 αὐτοῦ
1202 4173 1316 4226 οὒδ⁹
1349 4174 1549 4226 ἐκεῖνο.
1587 4171 1691 4225 Τὸν
1728 4172 1839 4242 γάρ
1868 4187 1952 4224 τοι

366 4271 714 4343 ἀνθρώπινον
742 4269 868 4321 νοῦν
918 4266 1200 4337 ἄφθαρτον
1241 4281 1300 4318 τε
1337 4267 1435 4319 καὶ
1473 4266 1645 4319 ἀίδιον
1685 4259 1825 4318 εἶναι
1865 4281 1948 4316 τι-

366 4367 616 4436 θέμενος,
648 4364 724 4426 ὡς
772 4362 835 4421 ἐκ
868 4378 928 4415 τε
964 4362 1074 4414 τῶν
1103 4377 1168 4412 πε
1181 4361 1232 4430 pi.
1262 4358 1445 4430 ψυχῆς
1475 4358 1644 4413 αὑτοῦ
1684 4359 1906 4428 βιϐλὲων
1935 4398 1953 4427 ,

364 4458 502 4526 πρὸς
547 4456 604 4509 δὲ
650 4453 747 4507 καὶ
793 4453 856 4505 ὲκ
909 4451 1011 4521 τῆς
1044 4450 1184 4520 μετά
1230 4451 1298 4501 τὰ
1321 4447 1531 4515 φυσικά
1565 4447 1956 4516 πραγματείας

2717 4076 2872 4135 CAP.
2912 4077 3008 4133 XI.
3069 4129 3074 4135 .

2131 4170 2582 4242 Repreliensione
2606 4185 2715 4225 non
2741 4178 2893 4226 caret
2920 4171 3082 4225 etiam
3109 4168 3236 4223 illud
3263 4168 3402 4222 inter
3433 4179 3652 4226 ca‘tera.

2056 4263 2320 4331 Quamvis
2370 4264 2518 4318 enim
2575 4263 2666 4317 ille
2725 4276 2966 4316 utentem
3028 4261 3327 4316 humanam
3361 4260 3494 4314 nulli
3529 4276 3656 4314 cor-

2060 4356 2302 4424 ruption:
2335 4355 2654 4420 obnoxiam,
2685 4368 2898 4409 necnon
2942 4352 3338 4422 sempiternam
3362 4367 3485 4407 esse
3513 4351 3658 4406 afﬁr-

2061 4456 2288 4512 masset,
2322 4456 2438 4503 tum
2473 4447 2527 4502 in
2561 4447 2717 4502 libris
2749 4461 2890 4517 quos
2920 4445 2987 4500 de
3019 4445 3200 4500 anima
3253 4445 3513 4514 scripsit,
3539 4455 3654 4499 tum

358 4551 481 4605 εστι
531 4547 741 4613 λαϐεῖν,
773 4545 969 4598 ἔπειτα
1015 4543 1073 4594 ἐν
1104 4543 1226 4604 ταῖς
1267 4539 1489 4610 ἠθικαῖς
1542 4539 1955 4612 πραγματείαις
1991 4551 2036 4606 ι)
2065 4543 2098 4596 i.

1913 4556 1955 4602 ις
1991 4551 2036 4606 ι)
2065 4543 2117 4596 in
2153 4541 2260 4596 illis
2286 4556 2430 4611 quos
2461 4550 2663 4595 vocant
2685 4539 3058 4611 Inetaphysica
3083 4577 3098 4602 ,
3133 4547 3438 4592 nontamen
3469 4548 3653 4606 postea

359 4642 601 4713 οὐδαμοῦ
619 4640 874 4711 φαίνεται
906 4636 1085 4706 τοὺτῳ
1116 4635 1194 4707 τῷ
1227 4635 1374 4705 λόγῳ
1403 4632 1712 4706 χρώμενος,
1746 4633 1826 4700 τῷ
1860 4633 1957 4702 μέ-

359 4753 551 4807 γιστον
584 4731 1017 4804 συμϐαλλομένῳ
1067 4731 1127 4792 ὲς
1157 4728 1257 4798 τὴν
1301 4728 1502 4798 ἠθικὴν
1553 4725 1959 4796 πραγματείαν

359 4831 473 4894 τοῖς
521 4827 652 4896 περὶ
686 4827 890 4896 ἀρετῆς
923 4822 1131 4890 λόγοις.
1165 4823 1232 4874 Ὃ
1285 4820 1344 4874 δὲ
1402 4823 1596 4874 τούτου
1643 4819 1826 4889 πολλῷ
1852 4821 1962 4890 χεῖ-

361 4939 477 4994 ρον,
509 4921 592 4974 ὅτι
627 4919 739 4972 οὐδ’
777 4911 923 4970 εἶναι
977 4915 1056 4986 τῷ
1087 4912 1365 4985 ἀνθρώπῳ
1400 4913 1541 4982 μετά
1571 4911 1832 4982 τελευτὴν
1863 4911 1955 4966 τοῦ

360 5016 480 5088 βίου
508 5012 664 5066 τοῦδε
712 5008 996 5066 οὐδοτιοῦν
1048 5007 1257 5077 ἀγαθὸν
1315 5005 1479 5071 ἀξιοῖ.
1512 5005 1675 5060 Οῦτω
1725 5006 1959 5075 συνῳδὸν

355 5108 523 5169 αὐτὸς
549 5106 701 5175 αὐτῷ
754 5105 1146 5174 Ἀριστοτέλης
1196 5097 1306 5154 οἶδε
1359 5100 1725 5169 φθέγγεσθαι.
1759 5103 1819 5154 Εἰ
1852 5101 1959 5172 γὰρ

362 5203 589 5273 μένει-ει
617 5198 892 5253 ἀθάνατον
918 5197 1028 5251 τῶν
1056 5195 1149 5249 τοῦ
1176 5195 1495 5266 ἀνθρώπου,
1522 5196 1682 5266 δῆλον
1711 5196 1792 5248 ὅτι
1814 5195 1956 5248 τοῦτ’

359 5297 429 5352 ἂν
477 5294 722 5365 μάλιστα
755 5292 853 5344 καὶ
889 5291 1211 5360 κυριώτατα
1269 5287 1355 5359 εἴη
1407 5291 1436 5341 ὀ
1483 5290 1796 5359 ἄνθρωπος.
1833 5288 1959 5352 Πῶς

357 5388 454 5444 οὖν
486 5386 638 5456 αὐτῷ
669 5388 730 5439 ἐκ
753 5383 910 5438 τοῦδε
946 5383 1043 5436 τοῦ
1077 5381 1195 5453 βίου
1229 5383 1526 5454 οἰχομένῳ,
1561 5384 1661 5436 οὐκ
1692 5382 1774 5435 ἔτι
1805 5382 1959 5436 οὐδὲν

360 5483 519 5537 ἕσται
559 5479 768 5550 ἀγαθόν
796 5493 812 5546 ;
860 5474 1194 5531 Τοὺναντίον
1252 5477 1353 5547 μὲν
1389 5473 1483 5531 οὖν
1525 5477 1636 5530 τότ’
1664 5475 1731 5529 ἂν
1757 5475 1959 5544 γένοιτ’

358 5576 536 5647 αὐτῷ,
590 5572 688 5627 τοῦ
739 5571 937 5643 θνητοῦ
989 5570 1146 5624 τοῦδε
1201 5569 1622 5643 ἀπηλλαγμένῳ
1666 5569 1769 5624 καὶ
1821 5569 1958 5624 πολὺ

356 5670 443 5727 ἔτι
481 5664 906 5738 μακαριώτερον
948 5663 1180 5734 πρᾶξαι.
1215 5664 1318 5718 Διά
1347 5662 1406 5717 δὲ
1433 5662 1612 5717 ταῦτα
1662 5664 1760 5718 καὶ
1804 5662 1960 5717 Ἀλέ-

358 5762 585 5832 ξανδρον
631 5760 723 5814 τὸν
753 5758 1116 5829 Ἀφροδισιέα
1165 5758 1371 5822 ταύτας
1420 5757 1615 5828 ἔχοντα
1672 5757 1958 5829 ἀφορμὰς,

360 5856 498 5930 πρὶς
528 5853 628 5928 τὴν
651 5853 849 5908 ἑαυτοῦ
880 5851 1192 5925 μοχθηρίαν
1231 5843 1463 5909 ἕλκοντα
1491 5852 1584 5908 τὸν
1615 5851 1801 5923 λόγον,
1829 5850 1959 5925 θνη-

2065 4635 2117 4690 in
2151 4634 2355 4690 ethicis
2403 4635 2571 4688 ullam
2626 4630 3060 4686 immortalitatis
3094 4631 3403 4685 animorum
3443 4631 3660 4685 videtur

2064 4728 2245 4784 facere
2280 4727 2642 4793 mentionem,
2675 4712 2796 4796 qua:
2830 4741 2938 4779 una
2972 4740 3062 4780 res
3095 4724 3399 4779 maximum
3447 4723 3512 4776 ad
3548 4723 3660 4775 vir-

2067 4825 2206 4876 tutis
2233 4821 2776 4878 commendationcm
2813 4818 3027 4890 pondus
3057 4818 3358 4872 attulisset.
3384 4814 3656 4870 Caeterum

2061 4915 2168 4972 hoc
2195 4917 2315 4986 ipso
2351 4916 2487 4971 illud
2537 4916 2696 4984 longe
2727 4914 2972 4968 deterius
3006 4911 3269 4966 mstimari
3302 4910 3485 4977 debet,
3516 4910 3659 4979 quod

2063 5008 2274 5061 nullum
2314 5007 2523 5062 homini
2555 5007 2666 5076 jam
2706 5005 2970 5061 defuncto
3006 5001 3255 5057 attribuit
3285 5002 3516 5067 bonum,
3549 5016 3661 5070 quo

2063 5100 2284 5156 fruatur
2324 5109 2449 5170 post
2497 5111 2754 5155 mortem.
2788 5099 2864 5153 Ita
2898 5098 3158 5151 nimirum
3194 5110 3436 5164 setpsum
3469 5095 3662 5149 sedulo

2062 5195 2320 5251 observat
2345 5194 2692 5258 Aristoteles,
2717 5206 2780 5246 ne
2811 5190 2928 5246 suis
2955 5190 3116 5246 dictis
3152 5187 3489 5243 contrariam
3520 5185 3661 5240 infe-

2063 5299 2147 5345 rat
2197 5289 2528 5344 orationem.
2593 5287 2648 5342 Si
2710 5301 2949 5356 namque
3006 5282 3319 5339 immortale
3378 5279 3660 5350 quppiam

2063 5381 2349 5455 possideat
2400 5379 2609 5446 homo,
2672 5379 2816 5448 quod
2875 5387 3001 5447 post
3053 5375 3263 5430 obitum
3299 5380 3575 5457 remanet,
3608 5372 3661 5425 id

2066 5493 2238 5534 unum
2307 5484 2456 5531 certe
2519 5483 2575 5528 et
2624 5473 2862 5528 maxime
2912 5480 2965 5525 ct
3025 5469 3305 5522 verissime
3366 5465 3672 5535 ipsummet.

2064 5579 2284 5642 oportet
2313 5584 2438 5625 esse
2470 5568 2776 5622 hominem.
2808 5562 3098 5631 Quomodo
3128 5560 3292 5632 igitur
3323 5558 3426 5629 ipsi
3461 5572 3527 5612 ex
3561 5557 3666 5612 hac

2064 5668 2176 5720 Vita
2210 5662 2505 5736 emigranti
2557 5661 2769 5716 nullum
2826 5657 3054 5713 restabit
3089 5653 3335 5710 bonum?
3371 5654 3484 5716 imo
3529 5664 3668 5706 con-

2067 5757 2302 5815 trarium
2363 5754 2583 5812 eveniet
2616 5793 2630 5821 ,
2688 5762 2747 5808 ιιι
2780 5751 3043 5807 nimirum
3076 5757 3199 5820 post
3235 5747 3379 5818 ejus,
3425 5743 3572 5817 quod
3608 5743 3664 5799 in

2067 5851 2186 5924 ipso
2213 5849 2446 5909 mortale
2487 5856 2608 5921 est,
2663 5845 3063 5920 depositioncm
3106 5844 3322 5905 beatius
3378 5853 3431 5903 et
3465 5841 3666 5900 melius
