4406 6450
420 374 528 437 905

1098 369 1197 429 DE
1243 364 1669 427 PLA'l'UNICA
1710 357 1802 422 ET
1847 356 2404 424 ARISTOTELICA
2442 351 2984 416 PHILOSOPHL’I.

3572 353 3679 414 906

424 485 525 546 nit,
549 496 612 536 ea
644 479 901 534 nimirum
923 493 1044 549 qua:
1066 487 1122 532 et
1140 477 1363 548 quando
1386 483 1607 544 oportet
1638 481 2015 526 contemnere.
2057 468 2233 536 Atque
2265 466 2339 520 ita
2369 465 2563 518 horum
2608 464 2828 533 quidem
2857 474 3086 532 uterque
3117 460 3491 517 setnivitiosus
3547 477 3682 531 quo-

421 565 716 628 damntodo
740 572 925 628 fuerit.
959 572 1025 626 At
1057 571 1148 625 ille
1177 570 1328 623 omni
1354 582 1421 622 ex
1449 579 1603 635 parte
1637 565 1868 620 vitiosus
1895 563 2011 618 sive
2047 560 2463 622 vitiosissimus,
2503 558 2757 626 bonoque
2784 572 2848 611 ac
2879 556 3113 626 sapienti
3151 558 3389 613 maxime
3461 568 3658 613 contra

424 668 538 722 rius
567 665 927 737 appellandus
959 664 1084 727 erit,
1117 663 1212 733 qui
1261 661 1626 730 illaquidem,
1666 673 1788 728 qua:
1860 667 2078 726 oportet
2118 655 2509 722 concupiscere
2534 688 2550 713 ,
2598 658 2949 711 contemnat,
2981 665 3102 717 qua:
3151 664 3279 703 vero
3320 660 3535 717 oportet
3561 665 3682 702 cou-

424 764 589 818 temni
617 760 993 830 concupiscat,
1024 768 1082 812 ut
1103 750 1218 811 hac
1233 747 1446 810 ratione
1466 768 1592 808 eum
1619 753 1712 822 qui
1739 752 2008 819 utrisque,
2055 748 2234 818 iisque
2263 744 2559 800 contrariis
2585 743 2871 798 alfectibus
2902 742 2996 797 sed
3031 743 3170 796 male
3233 745 3429 806 utitur,
3468 753 3688 798 utrum-

423 872 531 927 que
559 870 681 911 esse
739 852 848 908 dici
900 852 974 906 sit
1015 864 1277 914 necesse,
1326 857 1381 903 et
1439 849 1617 918 ipsum
1659 845 1919 899 nimirum
1970 844 2023 896 in
2068 840 2448 895 mediocritate
2477 838 2713 907 quadam
2735 851 2835 890 sua
2872 838 3195 901 consistere,
3229 849 3277 891 et
3310 839 3474 892 simul
3543 837 3688 890 bono

425 964 488 1003 ac
515 944 747 1016 sapienti
783 943 906 998 viro
935 942 1177 996 maxime
1201 941 1566 995 contrarium.
1602 938 1780 1007 Atque
1807 938 1871 990 de
1923 933 2007 988 his
2049 933 2270 1003 quidem
2331 936 2616 988 hactenus.

1005 1037 1257 1090 ΚΕΦΛΛ.
1315 1033 1417 1087 ll”.

496 1129 581 1185 Τὰ
616 1132 674 1185 δὲ
724 1133 854 1200 περ)⁸
892 1130 984 1183 τοῦ
1022 1129 1206 1190 τέλους
1261 1127 1413 1194 αὐτῷ
1463 1125 1558 1180 τοῦ
1593 1124 1828 1193 ἐσχάτου
1855 1120 2006 1188 λεγό-

428 1241 565 1292 μενα
603 1224 721 1285 πῶς
763 1226 824 1276 οὐ
880 1223 1109 1291 μεμπτά
1139 1223 1200 1274 οὐ
1236 1221 1297 1271 τὺ
1332 1220 1518 1280 καλὸν,
1555 1212 1668 1290 ᾖοί
1713 1215 1784 1268 τὰ
1814 1214 2010 1283 βελτίω

427 1314 753 1385 φρονοῦντες
809 1314 1029 1378 πάντες,
1060 1312 1200 1367 ἀλλὰ
1234 1312 1334 1376 τὴν
1387 1309 1580 1378 ἡδονὴν
1609 1306 2009 1388 τιθεμένῳ,ξὰ-

429 1409 618 1477 γαθδν,
650 1407 995 1476 προστιθέντι
1033 1406 1089 1458 δὲ
1119 1405 1185 1474 δὴ
1214 1404 1308 1458 καὶ
1331 1402 1428 1471 τὴν
1453 1400 1799 1471 θεωρητικήν
1826 1416 1840 1464 ;
1876 1397 2012 1450 Καίδ

430 1518 514 1554 τοι
549 1501 598 1552 εἰ
630 1498 795 1569 ἡδονὴ
827 1498 862 1567 ἦ
909 1515 974 1566 γε
1007 1496 1317 1565 θεωρητικὴ
1358 1493 1598 1560 τάγαθόν
1629 1493 1798 1556 ἐστιν,
1834 1492 1882 1542 εἰ
1913 1491 2014 1559 μὲν

433 1588 665 1643 καθόσον
691 1585 1002 1656 θεωρητικὴ
1027 1585 1061 1654 ἦ
1095 1601 1156 1650 γε
1187 1584 1348 1653 ἡδονὴ
1374 1581 1579 1649 ἀγαθόν
1609 1583 1748 1642 ἐστι,
1775 1580 1836 1630 τὸ
1875 1578 2013 1630 θεω-

436 1683 550 1749 ρεῖν
577 1678 765 1741 ἁπλῶς
795 1678 861 1729 ἂν
887 1675 974 1746 είη
1012 1672 1276 1740 τάγαθὸν,
1310 1671 1376 1725 ἄν
1408 1689 1466 1723 τε
1507 1670 1667 1740 ἡδονὴ
1702 1668 1849 1737 αὐτῴ
1878 1669 2016 1736 ἕπη-

433 1785 548 1832 ται,
595 1769 659 1821 ἄν
713 1784 772 1820 τε
824 1769 918 1819 καὶ
953 1767 1049 1836 μή⁹
1080 1766 1128 1816 εἰ
1172 1763 1229 1816 δὲ
1276 1764 1338 1816 τὸ
1383 1763 1610 1830 θεωρεῖν
1642 1762 1872 1814 κςθὸσον
1917 1761 2015 1830 ἡδὺ

435 1859 636 1928 ἀγαθόν
663 1860 798 1921 ἐστι,
843 1860 876 1928 ἡ
906 1857 1067 1927 ἡδονὴ
1097 1856 1163 1909 αὖ
1206 1857 1289 1924 εἴη
1342 1853 1406 1906 ἂν
1440 1854 1626 1916 ἁπλῶς
1657 1852 1919 1920 τάγαθὸν,
1952 1853 2018 1904 ἄν

417 1968 493 2004 τε
519 1948 818 2018 θεωροῦσιν
850 1950 1001 2018 ἡμῖν,
1034 1947 1098 2000 ἄν
1125 1947 1171 1999 τ’
1207 1944 1336 1998 ἄλλο
1364 1962 1414 1996 τι
1455 1943 1756 2014 πράττουσι
1787 1942 2016 2028 συμϐαίη

438 2053 523 2110 vn.
561 2037 717 2090 Κατά
752 2037 796 2090 δ’
835 2036 1147 2104 ἀμφότερον
1184 2032 1280 2101 τὴν
1317 2031 1660 2101 θεωρητικὴν
1693 2027 1890 2097 ἡδονὴν
1925 2027 2020 2078 καὶ

441 2130 672 2185 καθόσον
692 2127 1056 2198 θεωρητικὴν,
1094 2125 1186 2178 καὶ
1217 2122 1450 2177 καθόσον
1476 2119 1672 2190 ἡδονὴν
1708 2118 1965 2190 ἁμήχινο
1989 2143 2019 2181 γ,

439 2227 487 2278 εί
529 2224 607 2293 μὴ
647 2221 770 2274 καθ’
796 2219 983 2290 ἕτερόν
1023 2236 1075 2272 τι
1109 2217 1169 2270 ἓν
1220 2215 1316 2268 καὶ
1365 2213 1566 2278 κοινὸν,
1602 2212 1631 2264 ὃ
1660 2213 1864 2282 ἀμφοῖν
1901 2210 2024 2262 τού-

441 2334 556 2371 τοιν
603 2313 860 2385 ὑπάρξοι.
922 2312 1019 2366 ’Ἑν
1081 2311 1185 2379 γάρ
1226 2325 1279 2360 τι
1327 2310 1405 2359 δεῖ
1450 2302 1590 2359 εἶναι
1643 2307 1737 2358 καὶ
1793 2304 1854 2356 τὸ
1897 2305 2024 2373 ἡμῖν

443 2409 650 2465 ἄνωθέν
689 2424 748 2460 τε
804 2407 901 2460 καὶ
950 2403 1058 2457 ἀπὸ
1102 2401 1197 2456 τοῦ
1256 2399 1585 2469 ὑπερουσίου
1649 2397 1766 2459 ἑνός
1819 2413 1878 2448 τε
1931 2398 2023 2447 καὶ

444 2499 658 2571 ἀγαθοῦ
692 2499 900 2568 ὲφῆκον
953 2494 1186 2564 ἀγαθόν.
1243 2494 1336 2545 Διὸ
1384 2493 1477 2545 καὶ
1529 2489 1697 2544 τᾶλλα
1751 2490 1881 2557 ἡμῖν
1930 2486 2024 2541 τοῦ

443 2597 610 2652 αὐτοῦ
663 2593 966 2664 μετέχοντα
1015 2589 1200 2656 ἀγαθὰ
1258 2588 1434 2640 ἔσται.
1481 2585 1675 2654 Ἡμεῖς
1711 2583 1810 2652 μὲν
1839 2579 1935 2635 οὖν
1967 2581 2029 2633 τὸ

443 2690 610 2744 καλὸν
639 2687 772 2741 αὐτὸ
798 2681 937 2738 εἷναί
970 2699 1176 2753 φαμεν,
1205 2677 1269 2735 οὗ
1301 2683 1397 2733 καὶ
1447 2679 1650 2750 θεωρία
1681 2673 2028 2748 μετασχοῦσι

444 2783 646 2851 ἀγαθόν
686 2782 799 2832 ἑστι
848 2778 942 2832 καὶ
992 2776 1156 2844 ἡδονὴ
1203 2775 1299 2826 καὶ
1338 2773 1468 2828 ἄλλο
1523 2773 1634 2824 πᾶν
1679 2768 1879 2822 ὁτιοῦν·
1908 2765 2028 2820 ἀλλ’

459 2873 839 2943 Ἀριστοτέλης
891 2872 1033 2923 ἔοικε
1072 2868 1160 2924 διὰ
1190 2867 1346 2920 τοῦτο
1380 2867 1448 2935 τῇ
1491 2865 1653 2935 ἠδονῇ
1707 2863 1768 2915 τὸ
1817 2862 2030 2929 θεωρη-

445 2969 596 3020 τικδν
628 2963 1081 3037 προστεθεικὲναι
1113 2961 1202 3014 ίνα
1234 2960 1333 3026 τὴν
1360 2959 1572 3012 οἰκείαν
1613 2958 1744 3028 ἡμῖν
1810 2953 2031 3023 δηλώσῃ

446 3058 642 3131 ἡδονὴν
691 3057 755 3110 τὸ
814 3056 1088 3126 ἡμέτερον
1120 3051 1325 3121 ἀγαθὸν
1380 3046 1570 3115 οὖσαν,
1599 3048 1674 3111 ὡς
1715 3047 1775 3099 τὺ
1805 3046 2033 3114 θεωρεῖν

447 3154 715 3224 ἡμέτερον
751 3148 988 3219 μάλιστα
1049 3146 1210 3215 ἔργον
1252 3146 1334 3198 δν.
1393 3145 1484 3196 Δεῖ
1540 3142 1646 3211 γὰρ
1699 3139 1940 3207 τάγαθὸν
1972 3137 2031 3189 οὐ

450 3247 609 3315 μόνον
647 3240 878 3309 ἀγαθὸν,
912 3239 1047 3292 ἀλλὰ
1105 3238 1198 3290 καὶ
1251 3239 1382 3306 ἡμῖν
1433 3253 1492 3288 τε
1535 3237 1627 3288 καὶ
1688 3233 1824 3301 πρὸς
1885 3232 2034 3300 ἡμᾶς

448 3334 612 3399 εἶναι,
645 3336 692 3386 εἰ
721 3332 907 3402 μέλλοι
968 3331 1060 3382 καὶ
1107 3329 1242 3398 ἡμῖν
1273 3327 1492 3397 αἱρετὸν
1522 3324 1767 3389 ἔσεσθαι,
1797 3324 1858 3376 οὐ
1896 3323 2033 3374 πολύ

450 3447 504 3482 τι
539 3429 795 3495 διάφορον
849 3424 1025 3490 λέγων
1059 3420 1153 3473 τοῦ
1188 3419 1544 3488 Ἐπικούρου,
1579 3419 1636 3480 ὃς
1677 3433 1780 3468 που
1839 3414 2035 3484 ἡδονὴν

450 3525 552 3592 τήν
599 3539 662 3588 γε
700 3517 944 3590 ψυχικὴν
990 3513 1230 3582 τάγαθὸν
1272 3512 1498 3566 τίθεται.
1547 3510 1732 3562 Ἔοικε
1784 3508 1893 3576 γὰρ
1942 3506 2038 3558 καὶ

464 3615 787 3683 Ἐπίκουρος
836 3610 971 3680 παρ’
1013 3606 1424 3677 Ἀριστοτέλους
1463 3604 1574 3656 τῶν
1619 3603 1674 3664 ἐς
1706 3601 1805 3671 τὴν
1842 3599 2036 3670 ἡδονὴν

2748 1026 2902 1082 tJAI'.
2944 1025 3079 1081 XIII.

2188 1122 2246 1172 In
2272 1135 2368 1174 sua
2395 1135 2524 1174 vrro
2541 1119 2609 1175 de
2642 1119 2747 1175 [ine
2782 1119 2979 1174 ultimo
3013 1120 3401 1188 disputatione,
3423 1125 3695 1191 quomodo

2114 1212 2599 1280 reprehensionem
2669 1226 2778 1264 non
2823 1210 3080 1274 incurrit,
3123 1210 3212 1264 ubi
3279 1227 3387 1265 non
3437 1213 3698 1267 eximium

2117 1305 2252 1359 illud
2283 1320 2346 1358 ac
2382 1319 2508 1358 vere
2543 1302 2834 1371 pulchrum
2861 1345 2876 1368 ,
2919 1303 3062 1372 quod
3097 1317 3125 1356 a
3167 1303 3365 1356 virtute
3401 1305 3702 1374 proﬁcisci-

2120 1405 2226 1460 tur,
2255 1397 2402 1450 sicut
2424 1410 2618 1450 omnes
2647 1395 3037 1462 sapientiores,
3065 1395 3160 1448 Sed
3184 1396 3518 1463 voluptatem
3552 1413 3704 1452 sum-

2117 1501 2266 1538 mum
2296 1485 2579 1539 constituit
2603 1486 2836 1547 bonum,
2864 1485 3010 1540 illam
3063 1502 3188 1538 vero
3232 1485 3548 1556 intelligens
3578 1504 3706 1542 con-

2119 1576 2526 1644 templativam?
2575 1577 2736 1646 Atqui
2771 1577 2816 1630 si
2865 1579 3137 1644 voluptas,
3190 1594 3253 1631 ca
3309 1581 3544 1643 ratione,
3593 1596 3703 1649 qua

2117 1680 2201 1724 est
2226 1669 2650 1736 contemplativa
2695 1687 2976 1725 summum
3005 1674 3076 1725 sit
3111 1672 3336 1734 bonum,
3359 1673 3706 1743 quandoqui-

2118 1762 2240 1815 dem
2275 1761 2529 1830 voluptas
2561 1762 2764 1816 bonum
2797 1772 2882 1816 est
2913 1772 3188 1832 quatenus
3229 1775 3314 1818 est
3362 1767 3708 1835 contempla-

2120 1855 2252 1914 tiva.
2282 1863 2434 1907 certe
2466 1854 2856 1922 contemplatio
2883 1868 2980 1923 per
3005 1869 3063 1909 se
3085 1855 3520 1923 simpliciterque
3541 1857 3711 1911 fuerit.

2121 1959 2399 1999 sumntum
2464 1945 2666 1998 bonum
2697 1985 2716 2010 ,
2767 1946 2882 1999 sive
2928 1945 3179 2014 voluptas
3230 1947 3377 2000 illam
3424 1957 3708 2018 sequatur,

2125 2037 2238 2091 sive
2272 2051 2405 2101 non,
2455 2038 2543 2091 sin
2572 2048 2754 2092 autem
2781 2038 3170 2106 coiitetnplatio
3205 2039 3273 2093 sit
3302 2040 3529 2109 bonum,
3568 2057 3715 2110 qua-

2124 2135 2284 2181 tenus
2325 2131 2649 2182 suavitatem
2707 2128 2822 2182 sive
2857 2129 3186 2197 voluptatem
3222 2130 3515 2199 quamdam
3555 2132 3718 2185 habet

2126 2221 2469 2288 adjunctam,
2521 2227 2634 2272 tum
2683 2219 2935 2288 voluptas
2988 2236 3182 2275 rursus
3214 2222 3534 2291 simpliciter
3562 2239 3715 2278 sum-

2133 2327 2280 2366 mum
2331 2312 2436 2366 erit
2470 2311 2700 2374 bonum,
2752 2315 2871 2368 sive
2916 2314 3364 2384 contemplanda,
3403 2315 3518 2370 sive
3570 2316 3714 2370 aliud

2131 2404 2343 2472 agendo
2396 2405 2566 2471 ipsam
2629 2419 3053 2471 consequamur.
3095 2404 3341 2477 Utraque
3383 2419 3567 2464 autem
3629 2426 3719 2463 ra-

2133 2498 2284 2552 tione
2337 2486 2821 2568 contemplativam
2859 2499 3194 2570 voluptatem
3232 2511 3287 2556 et
3318 2510 3597 2571 quatenus
3637 2517 3720 2557 est

2132 2586 2559 2655 contemplativa
2595 2596 2650 2641 et
2681 2597 2958 2656 quatenus
3002 2599 3089 2646 est
3141 2592 3418 2662 voluptas,
3453 2609 3576 2650 esse
3625 2597 3723 2651 bo-

2135 2695 2262 2732 mtm
2294 2681 2621 2749 neutiquam
2655 2683 2771 2737 ﬁeri
2815 2692 3014 2750 potest,
3072 2685 3178 2740 nisi
3220 2686 3523 2742 intercedat
3576 2690 3722 2742 aliud

2134 2773 2416 2840 quoddam
2463 2789 2631 2828 unum
2693 2776 2840 2844 quod
2900 2776 3029 2832 huic
3084 2778 3302 2847 uttiquc
3356 2783 3727 2835 communito:-

2137 2868 2436 2924 ailhaareat.
2471 2867 2610 2923 Illud
2665 2885 2901 2940 namque
2946 2885 3223 2926 summum
3259 2874 3461 2928 bonum
3495 2875 3727 2944 simplex

2137 2968 2302 3028 atque
2335 2975 2503 3013 unmn
2539 2974 2663 3015 esse
2691 2970 2912 3030 oportet
2959 2972 3014 3016 ct
3043 2965 3188 3032 quod
3225 2966 3460 3032 desuper
3501 2965 3566 3017 ad
3601 2978 3724 3028 nos,

2140 3052 2207 3104 ab
2241 3050 2444 3114 illoque
2501 3066 2718 3105 summe
2757 3067 2864 3106 uno
2923 3063 3086 3122 atque
3127 3054 3272 3108 bono
3304 3057 3450 3123 quod
3508 3071 3728 3110 onmem

2139 3152 2361 3212 superat
2405 3153 2681 3207 naturam,
2713 3146 3057 3213 pervenerit,
3103 3161 3226 3200 cum
3275 3148 3433 3217 cujus
3467 3148 3732 3203 beneﬁcio

2141 3236 2328 3290 omnia
2365 3235 2574 3305 reliqua
2608 3253 2731 3306 qua:
2761 3237 3022 3291 nimirum
3050 3239 3182 3293 illud
3211 3241 3562 3310 participant,
3592 3242 3733 3296 bona

2140 3329 2248 3383 dici
2299 3339 2603 3387 merentur.
2658 3331 2767 3385 Nos
2811 3331 2979 3401 igitur
3027 3333 3206 3400 ipsum
3266 3335 3556 3389 honestum
3618 3342 3736 3390 sive

2144 3421 2433 3490 pulchrum
2463 3462 2476 3485 ,
2512 3422 2644 3476 illud
2708 3439 2831 3479 esse
2861 3425 3100 3478 dicimus
3134 3463 3148 3486 ,
3211 3427 3370 3495 cujus
3398 3428 3561 3480 etiam
3605 3428 3736 3482 dum

2143 3515 2538 3583 contemplatio
2576 3517 2634 3568 Iit
2657 3517 2931 3586 particeps
2965 3527 3018 3571 et
3053 3520 3259 3572 bonum
3310 3531 3364 3573 et
3400 3525 3654 3590 voluptas
3685 3537 3740 3576 et

2143 3608 2416 3680 quidquid
2447 3608 2594 3663 aliud
2626 3609 2884 3665 efﬁcitur.
2923 3612 3000 3665 Ac
3026 3614 3241 3668 videtur
3273 3595 3596 3670 A'ristolcles
3620 3631 3738 3669 eam

451 3706 627 3774 λόγων
660 3703 945 3774 εἰληφέναι
977 3702 1075 3762 τὰς
1106 3697 1388 3770 ἀφορμάς.
1437 3695 1726 3793 Ίίμεῖςιγε
1758 3695 1869 3793 μὴν
1896 3692 2037 3793 Ρρα-
2066 3732 2111 3793 C
2146 3697 2191 3752 ο]

1999 3707 2037 3740 ι·
2066 3732 2111 3793 C
2146 3697 2217 3752 ob
2249 3713 2470 3754 causam
2490 3700 2757 3771 voluptati
2795 3703 3155 3772 coniunxisse
3179 3705 3700 3775 contemplatiomm
3728 3751 3739 3770 ,

452 3802 539 3871 χεῖ
583 3798 872 3867 τεκμηρίῳ
921 3791 1284 3861 ἐπιδείξωμεν
1345 3789 1405 3842 οὐ
1459 3788 1559 3856 τὴν
1619 3785 1817 3856 ἡδονὴν
1865 3779 2034 3835 οὖσαν

452 3891 714 3960 τάγαθόν.
758 3888 1033 3957 Σῦνισμεν
1089 3885 1199 3954 γάρ
1257 3900 1359 3935 που
1416 3881 1550 3950 ἡμῖν
1606 3879 1793 3940 αὐτοῖς
1825 3877 1946 3928 τότε
1975 3875 2041 3944 δὴ

458 3984 695 4053 μάλιστα
737 3978 1022 4049 ἡδομένοις
1048 3977 1162 4046 τὴν
1195 3973 1547 4043 θεωρητικὴν
1584 3971 1790 4039 ταύτην
1820 3967 2038 4038 ἡδονὴν,

455 4074 674 4129 ἐπειδὰν
706 4074 769 4125 ἑκ
797 4069 966 4140 λήθης
1024 4069 1156 4138 περὶ
1213 4065 1460 4133 δτουοῦνξ
1496 4059 2043 4133 ἀναμιμνησκόμενοι

456 4167 777 4237 θεωρῶμεν.
815 4164 903 4217 Ἐν
930 4156 1012 4225 οἷς
1044 4161 1089 4213 δ’
1117 4160 1183 4213 ἂν
1222 4159 1422 4219 εἰδότες
1463 4157 1527 4209 tu
1553 4153 1753 4207 πολλοῦ
1781 4151 2042 4206 διατελῶ-

461 4276 583 4331 μεν,
622 4259 685 4310 οὐ
720 4257 865 4308 πάνυ
915 4271 1022 4307 τοι.
1063 4253 1126 4305 Εἰ
1152 4251 1196 4304 δ’
1226 4253 1260 4321 ἡ
1292 4248 1456 4320 ἡδονὴ
1496 4248 1762 4316 τάγαθὸν,
1801 4247 1896 4300 καὶ
1935 4246 2046 4298 πᾶν

456 4352 606 4422 ἥδιόν
642 4367 701 4403 τε
753 4349 844 4402 καὶ
877 4345 1240 4416 αἰρετώτερον
1271 4341 1367 4396 τοῦ
1415 4338 1583 4413 ἦττον
1616 4341 1861 4394 τοιούτου
1885 4379 1900 4404 ,
1934 4340 2043 4394 ἔδει

459 4449 554 4497 καί
577 4443 638 4494 τὸ
691 4444 753 4494 ἐκ
794 4439 966 4509 λήθης
999 4435 1560 4506 ἀναμιμνησκόμενον
1595 4432 1848 4504 θεωρεῖν,
1886 4433 2045 4501 ᾶμειο

428 4537 549 4590 ,νόν
579 4552 636 4588 τε
672 4531 1036 4602 αἱρετώτερον
1086 4527 1227 4582 εἶναι
1275 4526 1371 4580 τοῦ
1420 4528 1508 4580 ἀεὶ
1545 4526 1811 4580 διατελεῖν
1843 4525 2046 4579 εἰδότα.

457 4629 573 4685 Νῦν
606 4627 651 4680 δ’
681 4623 776 4680 οὖν
801 4625 909 4679 οὐδ’
941 4623 1007 4676 ἂν
1040 4618 1119 4685 εἰς
1153 4623 1332 4674 ικεῖνο
1356 4621 1559 4689 μᾶλλον
1585 4619 1619 4689 ἢ
1655 4617 1815 4672 τοῦτο
1845 4618 2049 4688 εὐφροο

458 4721 564 4775 νῶν
598 4718 796 4772 ἓλοιτο.
837 4714 950 4769 Καὶ
998 4713 1128 4783 περὶ
1166 4712 1269 4780 μὶν
1296 4711 1406 4764 τῶν
1436 4709 1814 4778 ’Δριστοτέλει
1865 4710 1961 4761 καὶ
1993 4712 2050 4770 ἐς

458 4813 558 4881 τὴν
588 4809 790 4880 ἠθικὴν
841 4804 1237 4876 πραγματείαν
1281 4804 1343 4855 οὑ
1396 4802 1579 4865 καλῶς
1612 4817 2051 4870 πεπραγματευ-

461 4906 641 4978 μάνων
663 4943 679 4968 ,
732 4904 851 4956 ἐνὸν
905 4902 1001 4954 καὶ
1036 4901 1210 4954 πλείω
1244 4899 1343 4952 καὶ
1391 4899 1522 4970 περὶ
1553 4899 1820 4952 πλειόνων
1849 4899 2048 4960 εἰπεῖν,

458 5003 608 5069 ὅμως
646 4997 863 5066 ἀπόχρη
909 4995 1006 5050 καὶ
1041 4995 1234 5050 ταῦτα.
1263 4996 1339 5048 Οὐ
1372 4994 1480 5064 γὰρ
1514 4991 1733 5045 ἅπαντα
1764 4990 1951 5052 ἁπλῶς
1982 4990 2052 5042 τὰ

2148 3802 2204 3845 ιιι
2240 3791 2573 3861 voluptatem
2626 3793 2890 3848 nimirum
2938 3797 3104 3852 nobis
3154 3799 3429 3869 prOpriatn
3490 3810 3739 3854 nostrum

2143 3899 2270 3940 esse
2302 3885 2505 3940 bonum
2537 3887 2852 3942 ostenderet
2879 3928 2893 3953 ,
2928 3892 3397 3958 quemadmodum
3422 3894 3587 3946 etiam
3619 3906 3745 3947 wn-

2147 3979 2561 4049 templationem
2605 3995 2746 4050 opus
2777 3996 2898 4036 esse
2929 3984 3168 4036 maxime
3202 3995 3478 4039 nosuum.
3514 3985 3748 4054 Oportet

2150 4087 2391 4142 namque
2448 4088 2727 4128 sumntum
2787 4074 2920 4128 illud
2975 4075 3205 4137 bonum,
3245 4091 3352 4129 non
3401 4076 3578 4130 solum
3628 4093 3749 4132 case

2149 4165 2380 4228 bonum,
2410 4166 2504 4220 sed
2549 4165 2709 4221 nobis
2737 4181 2959 4236 quoque
2990 4169 3416 4232 accommodari,
3467 4177 3521 4222 et
3548 4169 3611 4222 ad
3648 4185 3752 4225 nos

2152 4257 2371 4324 referri,
2417 4259 2462 4312 si
2511 4258 2616 4312 tale
2658 4258 2856 4313 debeat
2904 4259 3141 4326 judicari
3167 4300 3182 4325 ,
3225 4261 3369 4328 quod
3397 4261 3472 4313 sit
3496 4261 3638 4314 votis
3669 4259 3749 4312 di-

2150 4362 2315 4417 gnum
2347 4362 2459 4418 prae
2501 4350 2716 4404 caeteris
2742 4349 3005 4404 omnibus
3041 4360 3112 4418 et;
3136 4351 3375 4404 maxime
3402 4364 3431 4403 a
3465 4350 3623 4405 nobis
3652 4350 3748 4404 eli-

2155 4438 2417 4506 gendum.
2483 4438 2597 4508 Qua
2639 4441 2691 4493 in
2722 4456 2778 4496 re
2825 4440 3075 4511 profecto
3129 4443 3219 4497 ille
3283 4457 3392 4498 non
3449 4443 3749 4498 admodum

2156 4529 2430 4584 diversam
2474 4532 2543 4584 ab
2570 4529 2809 4598 Epicuro
2837 4539 3027 4586 tuetur
3063 4534 3424 4595 sententiam,
3458 4533 3552 4604 qui
3581 4533 3747 4588 etiam

2155 4621 2397 4689 quodam
2437 4619 2491 4674 in
2525 4619 2648 4675 loco
2692 4619 3023 4688 voluptatem
3060 4635 3339 4675 summum
3377 4621 3508 4675 facit
3543 4621 3748 4677 bonum

2155 4727 2390 4780 eamque
2427 4711 2717 4781 intelligit,
2752 4695 2875 4782 quae
2908 4712 2960 4765 in
3017 4712 3204 4765 animo
3236 4711 3514 4767 considit.
3545 4710 3752 4781 Nempe

2159 4814 2390 4873 apparet
2451 4803 2629 4872 ipsum
2661 4804 3017 4859 Aristotelem
3054 4804 3217 4859 etiazn
3257 4803 3494 4874 Epicuro
3539 4806 3754 4860 uberri-

2159 4907 2304 4951 mam
2338 4897 2643 4965 prabuisse
2681 4897 3057 4960 occasionem,
3094 4907 3154 4952 ut
3189 4912 3345 4951 suam
3380 4896 3448 4951 de
3474 4897 3758 4967 voluptate

2161 4991 2490 5045 sententiam
2534 4991 2801 5044 audacter
2833 4991 2886 5042 in
2913 4989 3154 5044 medium
3193 4989 3439 5054 alleriet,
3469 4993 3761 5044 tuendaru-

473 5090 878 5162 Ἀριστοτέλους
934 5090 1069 5158 ἡμῖν
1106 5087 1358 5160 διορθοῦν
1390 5087 1704 5158 πρόκειται,
1746 5086 1884 5138 ἀλλὰ
1917 5084 2046 5153 περὶ
2077 5096 2125 5154 ο
2164 5100 2213 5155 qt

2019 5084 2046 5136 μὶ
2077 5096 2125 5154 ο
2164 5100 2274 5155 que
2317 5085 2646 5153 susciperet.
2684 5083 2792 5139 Nos
2846 5084 3030 5153 itaque
3079 5084 3229 5137 brevi
3259 5085 3492 5153 quadam
3543 5084 3759 5139 ratione

458 5183 568 5236 τῶν
606 5183 879 5252 μεγίστων
911 5183 1008 5236 κα)⁸
1050 5181 1410 5251 κυριωτάτων
1443 5181 1624 5232 εἰπεῖν
1646 5221 1660 5244 ,
1706 5182 1803 5231 καὶ
1833 5170 1910 5232 ὧν
1945 5178 2056 5246 μὰ-
2163 5193 2196 5234 o

2015 5194 2056 5229 ι-
2163 5178 2522 5234 ostendemus
2584 5177 2923 5246 voluptatem
2989 5177 3138 5232 illam
3183 5175 3594 5232 At'istoteltcam
3651 5193 3755 5232 n0u

458 5272 615 5326 λιστα
664 5275 798 5344 πρὸς
853 5273 1116 5328 Πλάτωνα
1145 5272 1563 5343 διενηνεγμένος
1613 5273 1712 5324 οὐκ
1759 5268 1925 5338 ὀλίγῳ
1982 5265 2061 5337 τῷ
2162 5283 2198 5324 οι

2021 5265 2061 5337 ᾦ
2162 5268 2302 5325 esse
2346 5283 2624 5324 summum
2684 5268 2913 5323 bonum.
2992 5268 3204 5343 Quippe
3279 5285 3378 5326 nos
3439 5270 3588 5342 ipsos
3645 5282 3761 5325 tum

462 5369 616 5440 μέσῳ
642 5367 869 5432 τάνδρὸς
913 5368 1250 5420 ἐλλείπεται.
1645 5389 1651 5396 ·
2166 5384 2199 5420 ιι

2166 5365 2404 5420 maxime
2469 5364 2743 5417 sentimus
2795 5364 2943 5417 illam
2981 5379 3046 5418 ex
3095 5365 3518 5432 contemplando
3565 5380 3761 5434 capere.

457 5468 818 5536 voluptatem.
851 5466 1072 5536 quando
1106 5466 1316 5536 aliquid
1347 5481 1411 5522 ex
1469 5464 1752 5522 oblivione
1823 5464 1877 5519 itt
1910 5465 2234 5520 memoriam
2305 5473 2620 5518 revocatum
2669 5465 3130 5532 contemplamur.
3183 5465 3318 5532 Quae
3394 5474 3577 5518 autem
3650 5465 3763 5534 jam

454 5566 621 5636 longo
673 5571 923 5634 tempore
961 5564 1164 5620 animis
1211 5564 1570 5635 concepimus
1601 5603 1616 5629 ,
1662 5564 2049 5633 complexique
2083 5578 2299 5626 sumus,
2337 5578 2400 5616 ex
2428 5561 2536 5616 illis
2557 5578 2665 5615 non
2733 5563 2925 5616 eodem
2972 5565 3133 5620 modo
3197 5567 3448 5634 capimus
3510 5563 3762 5632 volupta-

454 5671 588 5717 tem.
641 5657 799 5726 Quod
834 5660 882 5714 si
923 5660 1036 5733 jam
1085 5660 1350 5730 voluptas
1398 5675 1678 5714 summum
1715 5659 1788 5714 sit
1825 5658 2052 5725 bonum,
2098 5657 2345 5726 illudque
2378 5658 2523 5726 quod
2571 5660 2798 5712 suavius
2835 5669 2922 5713 est
2981 5670 3031 5712 et
3061 5659 3385 5727 jucundius,
3421 5659 3618 5713 melius
3658 5679 3673 5728 ;
3721 5676 3764 5715 sn

453 5766 508 5812 et
557 5759 732 5826 magis
789 5759 1154 5824 expetendum
1198 5755 1379 5809 altero
1436 5754 1585 5826 quod
1645 5753 1832 5809 minus
1903 5752 2068 5806 habet
2107 5751 2393 5807 suavitatis
2423 5760 2474 5804 et
2525 5751 2928 5820 jucunditatis,
2962 5765 3187 5806 necesse
3236 5753 3342 5806 erit
3378 5755 3547 5810 etiam
3616 5755 3766 5813 illam

456 5867 644 5910 rerum
674 5867 738 5909 ex
780 5853 1058 5907 oblivione
1085 5853 1139 5909 in
1182 5853 1624 5910 recordationem
1675 5863 2058 5910 rcvocatarutn
2100 5845 2623 5919 contemplationem
2666 5861 2722 5904 et
2749 5846 3034 5904 meliorem
3109 5861 3230 5905 esse
3263 5857 3316 5903 et
3359 5851 3538 5921 magis
3603 5865 3770 5921 cxpe-

830 5955 1105 6014 Ρηιιυι..
1144 5951 1263 6014 Gtt.
1306 5951 1484 6014 CLX.

3364 5949 3441 6008 29
