4406 6450
758 374 863 437 907

1953 364 2270 423 GEORGII
2329 363 2786 425 PLETHONIS.

3912 360 4018 425 908

766 488 985 540 tendam
1047 485 1215 540 aliera
1275 482 1389 545 illa,
1462 481 1514 533 in
1583 491 1688 547 qua
1737 475 1861 544 quis
1932 485 2193 543 perpetuo
2242 474 2422 527 sciens
2463 474 2762 542 perstiterit
2808 489 2870 530 ac
2931 473 3316 544 perseverarit.
3365 472 3485 528 Jam
3540 473 3704 543 igitur
3760 474 4020 525 omnibus

764 594 911 631 sana»
939 577 1141 631 mentis
1178 572 1496 627 hominibus
1528 566 1940 637 dijudicandum
1964 564 2345 632 relinquimus,
2391 575 2573 618 utrum
2611 566 2739 619 illud
2776 568 2950 635 magis
3013 582 3176 628 quam
3213 566 3318 619 hoc
3350 566 3421 619 sit
3490 563 3931 633 amplectendum
3966 577 4020 619 et

758 670 1036 738 quodnam
1085 684 1150 720 ex
1195 665 1410 719 duobus
1445 663 1552 719 illis
1581 664 1653 718 sit
1702 662 2123 733 prmferendum.
2158 664 2335 732 Atque
2374 664 2441 717 de
2466 664 2549 718 his
2579 666 2795 733 quidem
2824 666 3111 727 hactenus,
3149 678 3270 732 qua:
3348 662 3598 715 videlicet
3642 660 3709 715 ad
3775 660 4020 728 disputa-

762 767 967 820 tionem
1000 760 1313 815 Aristotelis
1343 759 1410 811 tle
1447 756 1696 809 moribus
1744 758 2042 824 pertinent,
2081 756 2171 809 ubi
2224 770 2357 809 sane
2395 758 2498 812 etsi
2528 759 2682 825 plura
2712 759 2820 813 sint
2845 772 2965 827 quae
2987 756 3467 825 reprehensionem
3523 760 3859 811 mereantur.
3918 751 4018 803 ista

760 866 942 908 tamen
1002 854 1164 906 modo
1226 849 1528 904 sufﬁciant.
1580 846 1769 913 Neque
1826 847 1971 900 enim
2028 847 2202 901 nostri
2251 854 2335 901 est
2375 848 2608 903 instituti
2635 848 3289 907 onmiacommemorare,
3351 846 3403 898 in
3441 843 3643 912 quibus
3700 839 4019 895 Aristoteles

756 944 980 1000 erravit.
1029 942 1120 996 sed
1154 938 1475 1009 principalia
1509 937 1777 991 duntaxat
1806 946 1859 989 et
1907 937 2164 1001 maxima,
2225 940 2640 1007 prmsertimque
2692 940 2784 993 illa
2851 940 2905 993 in
2957 938 3159 1007 quibus
3224 952 3331 991 non
3404 936 3639 1003 exiguo,
3719 931 3813 986 sed
3863 930 4019 998 longo

756 1034 1045 1091 intervallo
1093 1033 1377 1087 Platonem
1428 1029 1725 1096 relinquit,
1766 1030 1834 1084 ab
1891 1045 2066 1100 eoque
2106 1030 2338 1083 multum
2375 1030 2651 1086 dissentit.

1390 1121 1696 1176 CAP.X|V.

738 1248 742 1251 -
828 1219 1081 1272 Dicamus
1113 1217 1225 1284 jam
1278 1214 1481 1283 aliquid
1508 1215 1671 1268 etiam
1701 1213 1769 1268 de
1834 1214 1973 1268 eoalo
2020 1222 2072 1267 et
2140 1214 2333 1281 quinto

752 1324 985 1377 corpore
1008 1308 1155 1377 quod
1194 1306 1516 1360 Aristoteles
1554 1306 1762 1374 primus
1816 1303 2043 1358 eﬂiuxit.
2077 1304 2333 1368 Quatuor

750 1415 871 1454 esse
902 1399 956 1452 in
994 1399 1097 1451 hoe
1133 1397 1434 1463 conspicuo
1457 1397 1571 1450 sive
1611 1395 1752 1448 etelo
1784 1396 1898 1448 sive
1929 1392 2132 1447 mundo
2161 1394 2333 1462 prima

751 1490 1222 1557 etautiquissima
1274 1502 1527 1556 corpora,
1585 1496 1696 1539 tam
1766 1487 2081 1555 superiores
2142 1498 2333 1539 omnes

751 1582 1059 1651 philosophi
1084 1596 1249 1649 quam
1274 1579 1538 1633 Platonici
1560 1593 1668 1632 uno
1697 1594 1793 1631 ore
1812 1578 2101 1640 aliirmant,
2130 1579 2329 1645 ignem,

748 1685 1186 1738 aerem,aquam.
1210 1679 1431 1722 terram.
1466 1669 1643 1737 Atque
1677 1684 1741 1721 ex
1785 1668 1870 1721 his
1903 1666 2117 1733 quidem
2154 1666 2331 1732 ignem

750 1773 802 1815 et
836 1772 1037 1815 terram
1071 1760 1175 1814 sibi
1214 1760 1447 1812 invicem
1487 1773 1609 1812 esse
1653 1759 1895 1811 maxime
1941 1757 2241 1819 contraria,
2268 1770 2331 1808 eo

748 1852 894 1921 quod
928 1852 1070 1920 ignis
1127 1859 1209 1904 est
1238 1849 1428 1914 levior,
1468 1857 1687 1917 propter
1744 1848 2055 1911 raritatem,
2095 1858 2148 1901 et
2176 1862 2330 1901 sum-

747 1958 896 1995 mum
922 1943 1131 1994 obtinet
1167 1941 1366 2006 locum,
1402 1947 1543 1993 terra
1602 1949 1782 1993 autem
1815 1934 2139 2009 gravissima
2166 1952 2330 2008 prop-

751 2048 830 2089 ter
868 2036 1220 2096 densitatem,
1256 2043 1311 2087 et
1342 2049 1503 2102 quam
1535 2032 1791 2086 omnibus
1827 2032 1949 2085 aliis
1970 2042 2052 2086 est
2078 2031 2329 2098 subjecta

746 2127 1032 2180 elementis
1063 2143 1075 2178 :
1110 2139 1288 2179 aerem
1321 2139 1447 2178 vero
1470 2132 1732 2191 etaquam
1755 2124 1807 2176 iu
1833 2122 2013 2177 medio
2041 2122 2329 2176 amborum

748 2229 972 2287 propter
1023 2227 1076 2284 et
1130 2217 1411 2270 raritatem
1472 2224 1524 2269 et
1576 2215 1923 2278 densitatem,
1978 2215 2207 2269 mediam
2260 2215 2329 2269 ad

746 2323 1043 2379 utrumque
1101 2308 1302 2363 [rabere
1341 2309 1629 2361 rationem.
1673 2306 1874 2361 Eodem
1902 2316 2085 2361 autem
2144 2307 2327 2374 modo,

744 2404 888 2474 quod
924 2405 988 2457 ad
1034 2413 1240 2457 motum
1281 2402 1496 2463 attinet,
1550 2400 1753 2453 latione
1789 2410 1843 2453 et
1875 2401 2058 2469 quiete
2089 2402 2325 2455 invicem

743 2496 1031 2566 distingui,
1067 2510 1131 2548 ae
1166 2496 1345 2563 ignem
1376 2493 1597 2563 quidem
1648 2507 1840 2547 rursus
1869 2501 1923 2546 et
1957 2503 2161 2547 terram
2217 2492 2323 2546 sibi

743 2592 978 2644 invicem
1031 2590 1269 2643 maxime
1320 2602 1441 2643 esse
1501 2588 1800 2651 contraria,
1855 2601 2036 2640 aerem
2086 2602 2215 2640 vero
2272 2597 2327 2641 et

740 2699 961 2753 aquam,
1022 2682 1200 2736 medio
1245 2681 1312 2734 ad
1371 2689 1664 2749 utrumque
1727 2680 1847 2735 loco
1898 2694 1957 2734 se
2020 2680 2238 2733 habere.
2269 2678 2322 2733 Si

742 2777 925 2844 itaque
981 2783 1123 2827 terra
1200 2773 1271 2825 sit
1326 2771 1645 2834 immobilis,
1690 2772 1869 2841 ignem
1941 2787 2168 2827 necesse
2221 2771 2327 2826 erit

741 2875 1004 2936 perpetuo
1036 2865 1265 2928 moveri,
1300 2872 1351 2916 et
1377 2873 1658 2932 praeterea,
1689 2863 1735 2917 si
1798 2872 1938 2917 terra
1987 2864 2209 2932 quidem
2256 2864 2327 2918 sit

740 2958 1062 3021 immobilis,
1099 2967 1211 3009 tum
1243 2970 1383 3025 aqua
1404 2955 1711 3009 movebitur
1736 2955 1981 3023 quidem,
2011 2956 2105 3010 sed
2142 2956 2326 3011 minus

740 3066 904 3120 quam
937 3065 1049 3112 aer,
1088 3049 1178 3118 qui
1212 3057 1363 3102 tanto
1417 3047 1592 3119 magis
1627 3049 1929 3102 movebitur
1963 3063 2127 3118 quam
2160 3062 2324 3117 aqua,

741 3155 946 3216 quanto
984 3144 1070 3198 ille
1098 3144 1239 3212 quod
1278 3143 1344 3196 ad
1392 3153 1628 3208 motum,
1657 3157 1688 3196 ι
1722 3156 1982 3211 supremo
2033 3152 2328 3211 superatur

741 3239 884 3309 igne,
910 3251 1072 3306 quem
1105 3235 1307 3289 ideirco
1339 3234 1389 3287 in
1426 3243 1689 3303 perpetuo
1709 3248 1832 3289 esse
1869 3242 2017 3287 motu
2046 3233 2324 3287 fatendum

741 3332 864 3384 erit.
899 3328 1052 3394 Quod
1084 3327 1127 3380 si
1165 3338 1425 3396 perpetuo
1456 3336 1729 3390 movetur,
1777 3324 2103 3379 circularem
2137 3327 2326 3394 utique

741 3421 965 3474 habebit
1014 3428 1239 3472 motum.
1277 3416 1332 3470 ld
1377 3429 1613 3482 namque
1667 3417 1811 3482 quod
1842 3425 1988 3467 recta
2050 3422 2321 3480 movetur,

740 3528 848 3566 non
880 3519 1058 3580 potest
1107 3508 1363 3562 mobilem
1414 3507 1696 3575 possidere
1745 3516 2021 3559 naturam.
2076 3506 2326 3572 Quiescit

738 3607 882 3660 enim
960 3604 1178 3657 tandem
1260 3600 1578 3668 aliquando,
1648 3599 1793 3669 quod
1873 3608 2079 3653 rectum
2162 3600 2323 3653 Ilabtrl

740 3711 967 3753 lllOllllll.
1006 3695 1201 3761 Aither
1228 3696 1411 3763 itaque
1444 3703 1497 3749 et
1541 3708 1704 3748 omne
1760 3708 2078 3762 supremum
2103 3706 2324 3759 corpus,

3038 1122 3285 1173 ΚΕΦΑΛ.
3327 1121 3427 1176 1Δ⁹.

2519 1218 2743 1284 Ῥητέον
2784 1216 2839 1269 δὲ
2886 1216 2985 1284 ἤδη
3028 1232 3081 1267 τι
3128 1217 3221 1266 καὶ
3263 1211 3393 1280 περὶ
3424 1210 3530 1263 τῶν
3574 1212 3632 1273 ές
3663 1210 3755 1262 τὸν
3790 1210 4018 1279 οὐρανὸν

2438 1308 2590 1378 αὐτῷ
2654 1310 2748 1361 καὶ
2806 1309 2867 1359 τὸ
2934 1307 3187 1373 πέμπτον
3241 1306 3400 1372 σῶμα
3450 1302 4016 1371 κεκαινολογημένων.

2435 1401 2693 1468 Τέτταρα
2726 1400 2793 1451 τὰ
2828 1398 3182 1467 πρεσϐύτερα
3232 1397 3341 1449 τῶν
3382 1398 3441 1447 ὲν
3479 1394 3615 1463 τῷδε
3672 1395 3751 1461 τῷ
3802 1393 4019 1461 οὐρανῷ

2438 1492 2710 1557 σωμάτων
2739 1491 2792 1542 οἶ
2817 1507 2875 1542 τε
2928 1488 3137 1542 ἄνωθεν
3190 1487 3392 1547 πάντες
3430 1488 3623 1553 σοφοὶ,
3658 1484 3755 1536 καὶ
3799 1484 3849 1535 οἰ
3890 1484 4021 1552 περὶ

2441 1582 2709 1634 Πλάτωνὰ
2742 1598 2898 1647 φασι,
2927 1580 3061 1648 πῦρ,
3093 1579 3251 1646 ἀέρα,
3293 1578 3463 1645 ὕδωρ,
3506 1577 3629 1644 γῆν.
3664 1574 3883 1627 Τούτων
3908 1573 4018 1641 πῦρ

2438 1674 2539 1743 μὲν
2576 1676 2670 1726 καὶ
2710 1674 2815 1740 γῆν
2867 1670 3241 1724 ἐναντιώτατα
3276 1670 3423 1739 ἔχειν
3456 1670 3591 1737 πρὸς
3626 1667 3861 1736 ἀλλήλω·
3904 1666 4019 1736 πῦρ

2439 1767 2536 1834 μὲν
2584 1765 2919 1833 κουφότερόν
2950 1780 3007 1815 τε
3039 1762 3098 1815 ὃν
3135 1764 3222 1815 διὰ
3256 1762 3536 1829 μανότητα
3565 1762 3660 1813 καὶ
3696 1761 3863 1811 πᾶσιν
3901 1762 4017 1811 ἐπι·

2436 1855 2693 1916 πολάζον·
2724 1857 2832 1923 γῆν
2858 1856 2914 1907 δὲ
2949 1855 3262 1922 βαρυτάτην
3302 1853 3391 1906 διὰ
3438 1851 3752 1918 πυκνότητα
3781 1850 3875 1902 καὶ
3915 1850 4018 1903 πᾶ-

2436 1964 2521 2000 σιν
2553 1947 2955 2015 ὑφισταμένηψ
2983 1947 3121 2014 ἀέρα
3167 1945 3223 1997 δὲ
3273 1945 3365 1997 καὶ
3404 1943 3546 2012 ὕδωρ
3593 1944 3653 1995 ἐν
3702 1944 3858 2011 μέσῳ
3886 1940 4012 1996 τού·-

2434 2056 2549 2093 101v
2582 2039 2671 2091 διὰ
2708 2039 2770 2091 τὸ
2816 2039 2910 2090 καὶ
2965 2038 3268 2107 μανότητος
3310 2054 3367 2089 τε
3406 2038 3499 2089 καὶ
3532 2036 3866 2102 πυκνότητος
3916 2033 4018 2102 μέ-

2434 2149 2542 2193 σως
2596 2132 2743 2201 ἔχειν
2797 2131 3006 2185 αὑτοῖν.
3038 2130 3225 2199 Ταύτῃ
3274 2130 3337 2199 δὴ
3382 2132 3475 2181 καὶ
3532 2129 3663 2198 περὶ
3712 2129 3929 2195 κίνησίν
3957 2144 4016 2179 τε

2431 2225 2531 2293 τὴν
2564 2226 2705 2277 κατὰ
2750 2224 2849 2294 τὴν
2900 2222 3095 2291 φορὰν,
3148 2226 3244 2275 καὶ
3280 2222 3504 2286 στάσιν,
3542 2220 3655 2289 πῦρ
3688 2219 3786 2287 μὲν
3818 2218 3885 2271 αὖ
3925 2221 4016 2270 καὶ

2432 2318 2536 2385 γῆν
2567 2316 2701 2383 πρὸς
2735 2315 2953 2385 ἀλλήλω
2992 2312 3368 2367 ἐναντιώτατα
3421 2312 3566 2379 ἔχειν
3594 2351 3607 2374 ,
3641 2312 3779 2379 ἀέρα
3828 2310 3883 2362 δὲ
3920 2309 4016 2361 καὶ

2434 2406 2580 2475 ὕδωρ
2615 2411 2671 2457 ἐν
2705 2407 2861 2476 μέσῳ
2897 2403 3127 2463 τούτοιν.
3165 2403 3224 2456 Ei
3258 2403 3303 2456 δ’
3337 2406 3367 2471 ἡ
3402 2402 3474 2472 γῆ
3507 2403 3784 2470 ἀκίνητος,
3814 2403 3876 2453 τὸ
3905 2399 4019 2468 πῦρ

2433 2500 2499 2551 ἂν
2531 2498 2615 2565 εῐη
2648 2498 3092 2565 ἁεικίνητον,καῒ
3118 2497 3221 2560 ἔτι,
3256 2498 3363 2563 εἰή
3411 2495 3509 2564 μὲν
3544 2495 3613 2563 γῆ
3647 2496 3925 2563 ἀκίνητος,
3959 2495 4021 2547 τὸ

2428 2589 2472 2641 δ’
2538 2587 2681 2658 ὕδωρ
2732 2589 2994 2657 κινητὸν,
3043 2587 3134 2641 τοῦ
3189 2588 3234 2640 δ’
3274 2584 3445 2657 ἆέρος
3503 2588 3641 2640 πολὺ
3682 2590 3748 2656 τῇ
3805 2590 4018 2651 κινήσει

2432 2680 2776 2749 λειπόμενον,
2812 2679 2919 2749 ἀὴρ
2942 2680 2988 2733 δ’
3021 2680 3210 2741 ὓδατος
3234 2680 3415 2748 πολλῷ
3438 2680 3515 2747 τῷ
3548 2680 3821 2731 κινεῖσθαι
3850 2682 4018 2747 ὑπερ-

2431 2772 2663 2837 ϐάλλων,
2697 2772 2799 2824 κᾶν
2844 2770 2953 2841 πῦρ
3006 2774 3165 2841 ἀέρος
3215 2790 3274 2824 τε
3325 2772 3645 2843 ὑπερϐάλλῃ
3706 2770 3885 2839 πολλῷ
3934 2772 4013 2823 ἐτι

2433 2865 2749 2935 μᾶλλοντῷ
2804 2866 3098 2929 κινεῖσθαι,
3164 2868 3277 2919 καὶ.
3315 2866 3627 2933 ἀεικίνητον
3694 2866 3799 2932 εἴη’
3864 2867 3909 2917 εἰ
3971 2863 4020 2917 δ’

2432 2958 2765 3026 ἀεικίνητον,
2807 2961 2909 3012 κάν
2960 2958 3145 3026 κύκλῳ
3188 2961 3411 3024 κινοῖτο.
3460 2956 3580 3010 Ἐπ’
3620 2958 3749 3011 εὐθὺ
3782 2958 3890 3026 γὰρ
3925 2974 4004 3008 κι‹

2436 3052 2698 3119 νούμενον
2737 3052 2836 3119 οὐχ
2871 3045 2985 3103 οἷόν
3010 3068 3069 3103 τε
3098 3051 3218 3104 οὐδὲ
3249 3051 3472 3120 κινητὸν
3497 3047 3665 3105 εἶναι.
3694 3050 4017 3104 Παύσασοαι

2434 3146 2542 3215 γάρ
2570 3162 2700 3196 ποτε
2775 3144 2990 3213 ἀνάγκη
3053 3144 3115 3196 τὸ
3149 3143 3235 3196 ἐπ’
3279 3144 3409 3197 εύοὺ
3464 3144 3787 3211 κινούμενον
3825 3142 4014 3195 τούτου

2429 3236 2523 3290 τοῦ
2550 3236 2801 3306 σώματος
2834 3229 2978 3287 εἶναι
3012 3236 3104 3288 τόν
3134 3253 3192 3288 τε
3219 3234 3414 3305 αίθέρα
3449 3236 3543 3290 καὶ
3577 3238 3686 3288 πᾶν
3718 3234 3778 3287 τὸ
3806 3236 4018 3287 ἀνωτά-

2428 3347 2507 3381 τω
2564 3330 2746 3397 σῶμα,
2787 3328 3021 3397 οὐρανόν
3060 3346 3119 3381 τε
3182 3328 3330 3390 ἰδίως
3385 3327 3743 3397 καλούμενον.
3790 3329 4017 3390 Τούτοις

2432 3423 2543 3484 τοῖς
2603 3421 2783 3488 λόγοις
2832 3422 2884 3473 τί
2944 3421 3084 3490 ἔχων
3135 3416 3455 3487 μέμψασθαι
3509 3421 3899 3488 Ἀριστοτέλης
3952 3422 4015 3473 τὸ

2433 3511 2683 3579 πέμπτον
2732 3511 2891 3580 σῶμα
2945 3511 3451 3579 κεκαινοποίηκεν;
3507 3513 3627 3565 Ἐπ’
3671 3513 3821 3575 eses,
3858 3515 4014 3581 φησι,

2432 3604 2734 3674 φερόμενον
2771 3605 2966 3674 ὁρᾶται
3016 3604 3077 3656 τὸ
3136 3602 3289 3673 πῦρ,
3349 3606 3376 3656 ό
3425 3605 3469 3657 δ’
3510 3606 3741 3675 οὐρανὸς
3802 3608 4009 3676 κύκλῳ.

2433 3696 2585 3747 Ὥστ⁸
2625 3697 2724 3749 οῦκ
2776 3696 2842 3749 ἂν
2878 3696 2963 3765 εἴη
3012 3697 3124 3766 πῦρ
3165 3699 3192 3749 ὁ
3226 3696 3455 3766 οὐρανὸς
3502 3700 3568 3750 τὰ
3605 3698 3697 3750 τοῦ
3737 3698 4009 3768 σώματος.

740 3794 1034 3861 ipsumque
1097 3789 1241 3859 quod
1301 3788 1374 3841 ita
1443 3786 1662 3856 prOprie
1722 3787 2039 3840 nominatur
2099 3784 2397 3852 etelum,c
2444 3788 2480 3842 ’λέ

2272 3800 2321 3848 n,
2348 3788 2397 3852 ο
2444 3788 2606 3844 Ἀλλὰ
2660 3793 2752 3843 καὶ
2784 3793 2815 3861 ἡ
2864 3792 2935 3859 γῆ
2969 3794 3247 3861 φερομένη
3285 3792 3345 3843 τέ
3387 3811 3516 3845 ποτε
3549 3797 3762 3861 ὁρᾶται,
3794 3799 3886 3850 καὶ
3924 3799 4012 3848 ἐπ’

741 3885 903 3939 talem
962 3885 1181 3938 habebit
1241 3896 1536 3945 naturam,
1598 3895 1763 3950 quam
1830 3894 1999 3948 nuper
2066 3879 2323 3931 diximus.

738 3976 861 4030 Jam
890 3976 1176 4030 videamus
1207 3975 1410 4045 quibus
1448 3973 1768 4027 Aristoteles
1804 3972 1966 4025 nixus
2013 3972 2324 4027 rationibus

738 4078 928 4123 contra
962 4084 1057 4122 uos
1084 4083 1283 4121 novum
1336 4066 1467 4119 illud
1498 4066 1750 4133 quintum
1777 4077 1981 4131 corpus
2027 4061 2320 4117 efﬁnxerit.

741 4163 1024 4226 Videmus,
1061 4162 1156 4225 ait,
1180 4164 1359 4230 ignem
1394 4168 1601 4213 rectum
1634 4157 1838 4211 habere
1865 4166 2095 4221 motum,
2125 4155 2325 4211 cmlum

738 4264 918 4307 autem
977 4250 1327 4306 circularem.
1388 4246 1732 4316 Quapropter
1788 4245 1931 4315 ignis
1990 4246 2325 4301 diversama

736 4349 879 4401 ecelo
908 4343 1174 4399 obtinebit
1206 4351 1483 4396 naturam.
1551 4341 1641 4403 At,
1706 4340 2036 4408 respondeo,
2080 4340 2325 4395 videmus

733 4441 897 4495 etiam
936 4432 1509 4508 quamloqueunoveri
1540 4441 1595 4486 et
1657 4442 1805 4487 recto
1878 4432 2100 4501 quidem
2143 4442 2325 4499 motu;

736 4535 971 4602 idipsum
1007 4541 1188 4585 autem
1235 4540 1365 4582 tunc
1395 4525 1734 4596 contingere,
1770 4526 1993 4594 quando
2034 4526 2088 4579 in
2144 4526 2325 4580 alieno

732 4630 985 4684 consistit
1033 4626 1174 4679 loco.
1241 4616 1661 4690 Quamprimum
1724 4621 1911 4689 itaque
1935 4634 2002 4673 eo
2051 4620 2324 4689 pervenit.

732 4736 842 4792 quo
902 4720 1156 4789 pertinet,
1216 4726 1331 4770 tum
1370 4714 1627 4784 quiescit,
1660 4728 1761 4767 nec
1794 4714 2033 4783 amplius
2074 4724 2324 4769 movetur

732 4826 993 4882 tanquam
1028 4811 1094 4864 atl
1139 4810 1243 4863 hoc
1275 4811 1456 4876 ipsum
1496 4806 1639 4859 illius
1678 4803 1854 4875 magis
1899 4806 1972 4859 sit
2005 4815 2324 4874 comparata

730 4919 949 4961 natura.
980 4902 1119 4969 Quid
1150 4903 1319 4970 igitur
1340 4900 1567 4963 mirum,
1599 4898 1645 4953 si
1677 4899 1854 4968 ignem
1886 4899 2076 4962 etiam,
2103 4897 2324 4967 quando

732 5004 784 5054 in
819 5001 1000 5054 alieno
1034 4996 1201 5051 fuerit
1268 4996 1418 5059 loco,
1447 5001 1593 5047 recta
1634 4991 1759 5046 l'erri
1784 4992 2113 5060 quandoque
2138 4989 2322 5043 videa-

715 5109 876 5159 ‘lllUS,
908 5092 1101 5147 eodem
1161 5088 1424 5142 nimirum
1478 5097 1653 5149 motu,
1688 5084 1783 5155 qui
1839 5086 1911 5139 sit
1941 5083 2199 5137 omnibus
2234 5081 2322 5136 bis

728 5188 1052 5257 corporibus
1078 5182 1391 5239 communis
1434 5194 1575 5251 quae,
1595 5182 1638 5234 si
1661 5179 1838 5233 alieno
1853 5178 2160 5232 consistant
2184 5176 2323 5240 loco,

729 5292 879 5338 recta
937 5281 1211 5345 l'eruntur,
1248 5291 1357 5347 quo
1400 5274 1597 5347 possit,
1647 5270 1901 5326 videlicet
1951 5269 2044 5324 ille
2104 5283 2325 5339 quoque

726 5394 895 5451 quam
921 5376 1188 5430 citissime
1230 5372 1296 5425 ad
1341 5384 1502 5425 suum
1563 5366 1851 5438 pervenire
1911 5364 2113 5429 lacum,
2156 5378 2320 5433 quem

728 5475 831 5547 ipsi
880 5480 1077 5527 natura
1128 5467 1426 5523 destinavit
1480 5475 1535 5520 et
1588 5472 1881 5534 postquam
1954 5462 2007 5514 in
2065 5460 2159 5513 illo
2202 5459 2315 5528 jam

728 5578 1006 5631 versatur,
1038 5567 1090 5618 in
1122 5564 1312 5618 orbem
1351 5558 1580 5625 moveri,
1611 5568 1873 5626 tanquam
1909 5556 1975 5608 ad
2009 5554 2112 5608 hoc
2141 5554 2316 5623 ipsum

723 5672 1078 5731 comparatus
1111 5655 1325 5724 magis?
1359 5656 1470 5708 Cur
1504 5652 1690 5720 itaque
1715 5652 1970 5720 quintum
2007 5648 2140 5701 illud
2195 5663 2318 5701 eor-

722 5773 827 5828 pus
862 5754 1071 5809 ellinxit
1120 5750 1278 5820 cujus
1307 5750 1352 5803 si
1408 5748 1683 5817 quispiam
1744 5745 1882 5798 forte
1940 5742 2207 5811 particula
2264 5741 2318 5795 in

720 5849 905 5905 alieno
945 5845 1214 5903 consistat
1247 5843 1389 5911 loco,
1416 5855 1579 5914 quem
1633 5848 1845 5894 motum
1881 5833 2151 5892 habebit?
2177 5848 2310 5890 num

2432 3883 2563 3936 εύθὺ
2589 3873 2868 3953 φερομένη
2901 3900 2913 3914 ·
2980 3883 3116 3935 ἀλλὰ
3170 3884 3329 3935 τοῦτο
3386 3884 3487 3952 μὲν
3547 3886 3814 3957 ἀλλοτρίῳ
3866 3890 4007 3959 αὐτῇ

2430 3978 2581 4046 τόπῳ
2613 3977 2869 4045 γεγορυίᾳ
2925 3977 3187 4029 ἑκάστοτε
3239 3976 3556 4045 συμϐαίνει*
3610 3982 3666 4040 ἐς
3721 3980 3775 4032 δὲ
3811 3982 3900 4033 τὸν
3931 3984 4007 4035 οἱ·

2432 4070 2578 4121 κείον
2626 4069 2907 4137 ἀφιγμένη
2948 4069 3101 4137 μένει
3161 4069 3260 4137 ἤδη
3298 4109 3311 4131 ,
3370 4071 3466 4121 καὶ
3515 4070 3616 4123 οὑκ
3661 4071 3742 4124 ἐτι
3779 4074 4006 4144 φέρεται

2429 4159 2503 4221 ὡς
2537 4161 2672 4232 πρὸς
2707 4160 2864 4213 τοῦτο
2895 4162 3169 4236 πεφυκυῖα
3204 4162 3433 4229 μᾶλλον.
3466 4162 3529 4215 Τί
3562 4159 3655 4218 οῦν
3684 4166 3881 4220 κωλύει
3913 4172 4009 4221 καὶ

2431 4252 2492 4304 τὸ
2529 4252 2641 4321 πῦρ
2693 4252 2882 4321 ἐπειδὴ
2925 4253 2980 4303 ἐν
3036 4253 3306 4323 ἀλλοτρίῳ
3355 4255 3509 4324 τόπῳ
3538 4258 3885 4326 γιγνόμενον,
3920 4261 4013 4312 ἐπ’

2431 4341 2563 4395 εὐθὺ
2596 4343 2899 4412 φερόμενον
2957 4344 3219 4396 ἑκάστοτε
3270 4346 3488 4413 ὁρᾶται,
3535 4353 3743 4418 ταύτην
3777 4351 3879 4419 μὲν
3908 4354 4008 4418 τὴν

2433 4434 2607 4503 φορὰν
2636 4434 2757 4485 τότε
2786 4434 3079 4502 κινεῖσθαι,
3115 4435 3295 4489 κοινὸν
3343 4436 3403 4489 ὃν
3431 4437 3603 4492 ἅπασι
3660 4439 3868 4503 τούτοις
3900 4444 4010 4505 τοῖς

2432 4528 2649 4597 σώμασι
2696 4527 2756 4581 τὸ
2809 4530 2865 4582 ὲν
2902 4529 3170 4599 ἀλλοτρίῳ
3199 4531 3450 4597 γεγονόσι
3487 4535 3634 4603 τόπῳ
3670 4533 3888 4585 εὐθεῖαν
3917 4538 4013 4599 φέο

2432 4622 2648 4689 ρεσθαι,
2681 4622 2767 4674 ἵνα
2787 4622 3045 4693 msqu
3076 4622 3170 4675 καὶ
3204 4622 3278 4684 ὼς
3304 4622 3537 4691 τάχιστα
3568 4624 3658 4675 ἐπὶ
3687 4624 3777 4676 τὸν
3807 4626 4011 4677 οἰκεῖοι

2429 4714 2701 4781 ἀφίκοιτο,
2739 4712 2960 4766 ἐπειδὰν
3012 4714 3069 4767 δὲ
3127 4715 3186 4768 ὲν
3231 4713 3308 4783 τῷ
3351 4715 3546 4784 οἰκείῳ
3599 4716 3813 4783 γένοιτο
3837 4718 4009 4783 τόπῳ,

2427 4805 2548 4857 τότε
2597 4806 2662 4874 δὴ
2696 4805 2793 4857 καὶ
2824 4804 3010 4870 κύκλῳ
3060 4804 3333 4857 κινεῖσθαι
3378 4807 3519 4876 πρὸς
3552 4806 3711 4860 τοῦτο
3760 4810 4010 4876 πεφυκὸς

2431 4898 2633 4966 μᾶλλον
2665 4915 2679 4965 ;
2711 4898 2763 4950 τί
2790 4897 2835 4950 δ’
2865 4896 3013 4967 αὑτῷ
3046 4898 3106 4950 τὸ
3138 4898 3393 4966 πέμπτον
3425 4899 3607 4951 ῑκεῖνο
3634 4900 3794 4968 σῶμα
3823 4903 3879 4953 εί
3896 4919 4014 4964 πως

2427 4991 2595 5045 αὑτοῦ
2626 5008 2678 5044 τι
2727 4992 2915 5061 μόριον
2944 4993 3003 5044 ὲν
3052 4990 3318 5061 ἀλλοτρίῳ
3347 4992 3633 5059 ὲγγίγνετο
3670 4993 3818 5063 τόπῳ
3845 5011 3861 5061 ;
3912 4996 4014 5047 H6-

2430 5103 2567 5155 τερα
2594 5085 2758 5137 αὑτοῦ
2796 5086 2958 5154 μένον
2987 5083 3174 5153 κύκλῳ
3211 5083 3499 5154 ἐστρέφετ’
3532 5084 3597 5137 ἄν
3625 5101 3640 5150 ;
3689 5085 3721 5156 ἢ
3750 5085 3841 5138 ἐπ’
3881 5087 4014 5143 εὐθὺ

2360 5139 2402 5195 D
2432 5139 2648 5247 ἐνεχθὲν
2691 5139 2809 5230 ἐπὶ.
2838 5177 2930 5230 τὸν
2975 5139 3177 5229 οἰκεῖον
3215 5139 3433 5244 ἀφίκετ’
3474 5176 3542 5229 ἂν
3594 5139 3801 5245 aeni»;
3853 5139 4016 5234 'Aith;

2428 5272 2537 5323 τῶν
2589 5271 2889 5338 τεττάρων,
2951 5270 3107 5339 φησὶ,
3178 5268 3383 5323 τούτων
3446 5272 3718 5340 σωμάτων
3751 5274 4016 5330 ἁπάντων

2428 5366 2570 5418 κατὰ
2619 5365 2762 5434 μέρη
2812 5364 3216 5433 φθειρομένων,
3265 5361 3361 5416 καὶ
3408 5362 3519 5416 οὐδ’
3568 5365 3791 5419 ὁτουοῦν
3834 5369 4019 5422 αὐτῶν

2429 5460 2604 5528 πάντη
2639 5457 2921 5528 ἀφθάρτου
2964 5455 3139 5520 ὄντος,
3179 5456 3393 5523 ἀνάγκη
3436 5451 3577 5509 εἷναί
3610 5474 3667 5509 τε
3702 5459 3793 5511 καὶ
3831 5460 4011 5532 πάντη

2426 5551 2707 5621 ἄφθαρτον
2736 5550 2918 5621 σῶμα,
2951 5550 3047 5603 καὶ
3080 5548 3228 5603 τοῦτ’
3260 5546 3403 5602 εἶναι
3441 5550 3533 5603 τὸν
3561 5552 3814 5620 οὐρανόν.
3854 5551 4016 5607 Τοῦτ’

2428 5648 2527 5699 οὐκ
2550 5646 2631 5699 ἔτι
2663 5644 3030 5715 Ἀριστοτέλει
3062 5645 3112 5696 ol.
3143 5644 3273 5712 περὶ
3305 5642 3570 5697 Πλάτωνα
3606 5646 4012 5713 συγχωροῦσιν.

2428 5739 2491 5792 El
2532 5738 2639 5808 γὰρ
2664 5739 2727 5807 δὴ
2763 5735 2823 5790 οὗ
2852 5753 3019 5805 φασιν
3042 5729 3189 5789 οὗτοι
3223 5734 3503 5787 καθἀύτὸ
3532 5734 3688 5788 οὐδὲν
3725 5736 4016 5807 ἄφθαρτον

2430 5834 2613 5905 σῶμα,
2643 5833 2761 5897 πῶς
2797 5831 2906 5903 γὰρ
2929 5830 2994 5886 ἂν
3044 5826 3157 5885 οἷόν
3186 5831 3235 5885 τ’
3261 5846 3401 5884 ειναι
3430 5830 3697 5899 φήσουσιν
3726 5829 4007 5896 ἄφθαρτον
