4406 6450
448 411 555 473 909

1125 408 1224 469 DE
1266 408 1558 469 PLATON
1575 411 1696 470 [CA
1734 410 1830 471 ET
1880 411 2432 473 ARISTOTELICA
2478 412 3019 472 PHILOSOPHU-

3591 416 3696 475 910

447 522 575 577 καθ’
624 520 758 584 αὐτὸ
811 514 951 573 εἶναι
996 520 1056 572 τὸ
1096 522 1352 589 μεριστόν
1394 538 1453 574 τε
1511 523 1603 574 καὶ
1650 524 2024 586 σκεδαστικὸν,
2058 533 2099 587 Α
2132 525 2186 579 ib

1955 526 2024 586 iv,
2058 533 2099 587 Α
2132 525 2328 579 ibidem
2351 526 2515 579 etiam
2548 527 2602 579 in
2658 525 2845 579 orbem
2903 525 3180 578 vertetur?
3240 538 3310 578 an
3368 540 3496 579 vero
3550 540 3695 582 recta

447 613 538 666 καὶ
571 612 672 665 ὅσα
709 599 783 680 ’τῇ
828 608 1024 664 ἑαυτοῦ
1071 611 1236 679 φύσει
1265 610 1512 691 διαλυτόν
1539 622 1558 679 ;‘
1592 611 1662 666 τὰ
1691 612 1737 666 δ’
1766 613 2022 683 ἄφθαρτα

452 702 734 764 κάκείνοις
789 702 1048 758 δοκοῦντα
1105 705 1212 759 τῶν
1243 706 1539 774 ,σωμάτων
1589 707 1651 760 ού
1713 707 1840 760 καθ’
1877 707 2020 762 αὐτὰ

446 790 701 861 ἄφθαρτα
728 787 870 845 εἶναι
897 781 1335 858 δοκοῦσινξὰλλά
1367 795 1454 847 διὰ
1497 794 1674 864 ψυχῆς
1716 799 2020 867 παρουσίαν

444 881 536 931 ὑπ’
567 881 738 949 αὐτῆς
797 882 1013 952 ἐκείνης
1083 883 1614 948 ἁπαθανατίζεσοαι.
1655 888 1764 941 Καὶ
1813 889 1861 940 οί
1920 890 2022 955 μὲν

445 970 574 1040 πῖρὶ
623 971 886 1025 Πλάτωνα
933 971 1096 1026 οὕτωσ
1131 972 1239 1055 εδει
1278 974 1335 1027 δέ
1386 992 1489 1028 που
1524 978 1618 1030 καὶ
1646 975 2015 1045 Ἀριστοτέλη,

444 1060 541 1114 an
577 1063 671 1115 καὶ
718 1062 880 1116 αὑτὸν
914 1063 1131 1134 ἔμψυχα
1166 1066 1395 1119 τοιαῦτα
1432 1067 1542 1120 τῶν
1570 1069 1840 1136 σωμάτων
1870 1068 2017 1121 τιθέ-

447 1169 624 1220 μενον,
658 1156 722 1225 τῇ
753 1153 902 1224 ψυχῇ
931 1155 1091 1208 τοῦτο
1137 1156 1428 1227 πρεσϐεῖον
1463 1160 1781 1228 ἀπονεῖμαι,
1816 1160 1911 1213 καὶ
1945 1161 2020 1229 μή

447 1245 608 1315 σῶμά
643 1264 696 1299 τι
743 1247 866 1300 καθ’
898 1248 1032 1301 αὐτὸ
1059 1250 1340 1320 ἄφθαρτον
1374 1254 1731 1304 καινοποιεῖν.

2125 614 2429 671 ascendens
2458 617 2526 669 ad
2580 612 2858 684 proprium
2889 613 3071 667 tendet
3125 614 3356 668 locum?
3411 613 3517 669 Sed
3569 617 3695 681 ista,

2127 707 2325 777 inquit,
2359 707 2542 762 omnia
2585 715 2817 776 quatuor
2837 720 3066 775 corpora
3099 719 3223 758 cum
3269 705 3379 758 sint
3401 708 3702 759 secundum

2123 809 2305 866 partes
2344 794 2693 852 ilissolutioni
2720 797 2981 860 obnoxia,
3031 811 3207 864 neque
3237 796 3407 849 ullum
3457 809 3518 849 ex
3567 795 3701 863 ipsis

2121 891 2346 945 omnino
2399 907 2428 945 a
2475 891 2827 960 corruptione
2882 891 2953 944 sit
3002 890 3267 952 immune,
3317 903 3542 942 necesse
3597 888 3704 940 erit

2127 981 2400 1049 quoddam
2431 981 2595 1035 etiam
2633 982 2901 1035 exsistere
2931 993 3152 1044 corpus,
3193 979 3334 1048 quod
3367 979 3439 1034 sit
3471 993 3700 1044 corrup-

2128 1073 2293 1127 tionis
2331 1088 2559 1142 prorsus
2611 1087 2828 1140 expers,
2882 1073 3045 1142 idque
3101 1073 3279 1142 ipsum
3332 1070 3437 1126 erit
3478 1070 3701 1124 ctelum.

2131 1161 2245 1217 lloe
2283 1177 2412 1216 vero
2442 1160 2724 1224 Platonici
2771 1163 2884 1232 jam
2948 1176 3056 1216 non
3109 1161 3344 1230 amplius
3397 1160 3705 1213 concedunt

2129 1252 2434 1306 Aristoteli.
2479 1251 2688 1324 Negant
2751 1255 2896 1309 enim
2960 1269 3056 1324 per
3107 1267 3190 1318 se,
3251 1268 3463 1320 suaque
3519 1251 3568 1304 vi
3646 1264 3710 1301 ac.

446 1355 640 1400 natura
676 1345 984 1399 immortale
1025 1359 1148 1401 esse
1193 1347 1360 1400 ullum
1387 1361 1611 1417 corpus,
1661 1362 1854 1417 nempe
1877 1359 2023 1420 quod
2064 1347 2280 1403 videant
2340 1365 2448 1404 non
2520 1363 2681 1418 posse
2737 1348 2932 1403 ﬁeriut
2975 1350 3027 1404 id
3057 1351 3127 1405 sit
3176 1349 3506 1412 immortale,
3560 1343 3707 1415 quod

446 1444 531 1490 est
557 1437 867 1499 dividuum,
922 1437 1202 1505 certisque
1253 1448 1473 1494 constat
1522 1440 1767 1510 partibus
1818 1435 2027 1516 suaque
2069 1452 2270 1496 natura
2310 1449 2484 1510 potest
2511 1441 2759 1506 dissolvi,
2785 1443 2943 1512 quale
2963 1451 3047 1494 cst
3086 1456 3285 1511 corpus
3343 1454 3523 1494 omne.
3579 1438 3711 1506 Quae

446 1540 579 1579 vero
628 1542 858 1598 corpora
892 1533 995 1601 ipsi
1024 1535 1363 1590 arbitrantur
1407 1553 1530 1592 esse
1554 1538 1904 1601 immortalia,
1936 1537 2027 1591 illa
2069 1551 2175 1590 non
2201 1551 2265 1590 ex
2301 1552 2398 1591 sua
2431 1545 2632 1591 natura
2665 1552 2788 1593 esse
2837 1537 2965 1591 talia
2989 1536 3252 1597 sentiunt,
3333 1536 3425 1589 sed
3487 1542 3712 1602 propter

445 1621 640 1676 animae
676 1628 1014 1692 praesentiam
1068 1630 1219 1685 reddi
1266 1632 1598 1686 immortalia
1652 1634 2008 1689 contendunt.
2049 1632 2322 1700 Atqueilli
2361 1631 2579 1700 quidem
2614 1633 2706 1701 qui
2767 1641 2915 1686 stant
2979 1648 3009 1686 a
3064 1633 3311 1701 partibus
3344 1629 3613 1689 Platonis,
3656 1627 3710 1678 in

447 1730 510 1769 ea
552 1727 682 1771 sunt
729 1723 1022 1775 sententia.
1084 1720 1307 1777 Rectius
1352 1734 1535 1779 autem
1626 1725 1846 1785 fecisset
1891 1727 2054 1780 etiam
2134 1726 2476 1790 Aristoteles,
2532 1725 2622 1794 qui
2689 1725 2804 1794 ipse
2875 1739 3091 1794 quoque
3163 1724 3430 1794 ejusmodi
3479 1734 3710 1788 corpora

445 1809 738 1864 constituit
763 1826 886 1866 esse
914 1813 1178 1880 animata,
1211 1818 1255 1869 si
1317 1818 1513 1872 animae
1575 1819 1716 1872 hanc
1762 1817 2138 1886 prestantiam
2165 1818 2515 1886 assignasset,
2548 1825 2602 1870 et
2629 1830 2736 1870 non
2789 1817 3030 1885 corpori,
3092 1831 3192 1871 nec
3257 1818 3432 1886 ipsum
3492 1828 3587 1882 per
3653 1827 3712 1866 se

449 1916 660 1973 suaque
687 1904 739 1958 vi
775 1904 1087 1962 immortale
1118 1921 1261 1962 nom
1299 1912 1535 1974 quodam
1563 1912 1723 1964 modo
1745 1907 2012 1964 (iunxisset.

1041 1998 1291 2052 κεψΑΑ.
1325 1999 1429 2053 lE'.
2001 2017 2012 2047 ς
2058 2009 2099 2063 Β
2756 1994 2781 2050 ί

1333 1999 1429 2053 lE'.
2001 2017 2012 2047 ς
2058 2009 2099 2063 Β
2756 1993 2908 2050 CAP.
2959 1992 3073 2049 XV.

457 2125 459 2128 ι
518 2080 730 2149 Γελοῖος
766 2086 812 2141 δ’
844 2089 961 2142 ἐστὶ
996 2090 1091 2142 καὶ
1120 2087 1234 2154 ζῶα
1282 2093 1382 2160 μὲν
1426 2090 1705 2161 τιθέμενος
1731 2092 1797 2145 τὰ
1830 2092 2026 2160 ἄστραο

1973 2105 2026 2143 α’
2207 2089 2396 2144 Risum
2454 2103 2673 2159 quoque
2744 2089 2902 2142 nobis
2958 2088 3086 2142 facit
3164 2087 3506 2147 Aristoteles.
3568 2086 3711 2151 quod

449 2179 583 2246 φησὶ
628 2179 738 2251 γάρ
765 2196 868 2232 που
903 2180 1099 2248 λέγων,
1145 2184 1338 2253 Ἡμεῖς
1377 2183 1424 2237 δ’
1455 2183 1532 2246 ὡς
1579 2185 1705 2255 περὶ
1734 2181 1892 2248 ζώων
1919 2183 2026 2237 αὖ·
2133 2198 2189 2238 as

1972 2183 2026 2235 5-
2133 2193 2278 2238 astra
2306 2179 2528 2251 quidem
2578 2182 2830 2236 concedit
2857 2194 2979 2235 esse
3037 2181 3295 2242 animata,
3326 2175 3377 2232 id
3428 2175 3572 2246 quod
3611 2175 3712 2229 ali-

449 2269 1173 2344 15V_5ta\400t3tl.£0a.°§ﬂ£tta
1193 2275 1426 2344 ἀκίνητα
1453 2275 1552 2343 μιν
1576 2275 1715 2328 αὐτὰ
1742 2275 1864 2329 καθ’
1889 2276 2029 2329 αὐτὰ
2133 2291 2189 2330 cu

1976 2276 2029 2329 ιὰ
2133 2274 2257 2330 cubi
2287 2272 2548 2337 aﬂ'Irmat,
2571 2273 2760 2328 dicens
2791 2287 2851 2328 se
2874 2272 3063 2327 eodem
3097 2271 3217 2325 loco
3266 2280 3434 2334 astra,
3466 2284 3576 2338 quo
3601 2271 3716 2321 ani-

449 2339 619 2426 ὰξιῶν
650 2339 817 2431 εἶναι,
851 2366 957 2418 ὑπὸ
1003 2364 1063 2418 δὲ
1105 2339 1356 2438 σφαιρῶν
1397 2339 1562 2438 μύνον
1614 2368 2027 2436 ἀνελιττόμενα.
2136 2384 2184 2421 ιιι

1979 2384 2027 2422 ι.
2136 2366 2296 2421 malia
2326 2367 2566 2420 habere:
2605 2365 2791 2419 eadem
2828 2378 2955 2419 vero
2982 2374 3170 2432 postea
3234 2377 3324 2432 per
3358 2376 3417 2417 se
3441 2375 3562 2416 esse
3618 2358 3719 2416 ivtu-

450 2457 595 2509 Τίνα
648 2456 716 2528 δὴ
769 2457 865 2510 καὶ
912 2458 1089 2528 ψυχὴν
1131 2459 1269 2513 αὐτὰ
1297 2459 1442 2529 ἔχειν
1473 2458 1717 2526 ἀξιώσει,
1758 2461 1807 2513 εί
1835 2461 1931 2513 τόν
1964 2476 2029 2527 γε
2137 2475 2189 2513 m

1975 2476 2029 2527 γε
2137 2460 2358 2514 mobilia
2431 2459 2732 2523 existimat,
2793 2465 2846 2524 et
2910 2457 3074 2511 motis
3146 2457 3410 2511 duntaxat
3464 2453 3715 2514 orbibus,

451 2549 666 2601 ᾶπαντα
687 2549 876 2618 χρόνον
899 2549 1124 2619 ἀκίνητα
1147 2551 1297 2618 μένει
1318 2568 1334 2618 ;
1359 2552 1420 2604 ού
1447 2552 1551 2620 γὰρ
1575 2550 1638 2622 δὴ
1666 2551 1764 2620 τὴν
1786 2550 2029 2620 ὁστρεώα
2138 2567 2191 2620 (ιι

1975 2550 2029 2603 ἱια
2138 2551 2339 2620 quibus
2391 2561 2521 2604 sunt
2577 2549 2765 2615 inﬁxa,
2801 2551 3034 2603 moveri.
3077 2547 3195 2614 Quo
3267 2547 3466 2616 posito,
3510 2559 3715 2613 quaeso,

447 2639 534 2709 δη.
2017 2639 2027 2649 “
2139 2659 2187 2713 φ

2017 2639 2027 2649 “
2139 2645 2484 2713 ψιαιυιηιιαιιι
2541 2644 2778 2697 animam
2834 2645 3013 2699 inesse
3066 2645 3200 2712 ipsis
3259 2639 3620 2704 existimabit,
3675 2639 3720 2693 si

448 2736 706 2790 nimirum
737 2750 886 2790 omni
926 2745 1168 2805 tempore
1219 2749 1474 2792 maneant
1501 2739 1802 2793 immobilia
1830 2738 1853 2791 ?
1886 2752 2012 2792 num
2054 2753 2172 2792 eam
2203 2738 2474 2803 fortassis,
2505 2739 2725 2805 qualem
2760 2741 2960 2794 ostreis
3033 2750 3085 2794 et
3138 2737 3365 2794 conchis
3425 2734 3724 2790 attribucre

447 2831 691 2887 solemus

1033 2926 1283 2981 κεφΑΑ.
1321 2924 1442 2992 tq'.

518 3014 640 3078 Πῶς
671 3015 729 3068 δι
764 3017 860 3070 καὶ
908 3018 936 3070 ὁ
959 3015 1112 3087 ήλιος
1146 3016 1296 3088 αύτῷ
1324 3019 1385 3070 οὐ
1415 3017 1512 3086 τῆς
1543 3017 1758 3086 φύσεως
1789 3018 1855 3086 τῇ
1896 3015 2027 3085 θερ-

450 3109 641 3177 μότητι
679 3105 1019 3178 θερμαίνει,
1072 3110 1210 3170 ἀλλὰ
1261 3112 1330 3179 τῇ
1385 3111 1621 3178 κινήσει,
1670 3109 1769 3177 τῆς
1798 3107 2031 3176 σελήνης

445 3201 508 3252 ού
558 3201 953 3272 παραπλησίως
1007 3203 1075 3273 τῇ
1134 3218 1205 3269 γε.
1257 3203 1472 3271 κινήσει
1504 3198 1931 3271 θερμαινοὺσης·
1975 3202 2022 3252 εἰ

448 3293 555 3362 γὰρ
582 3294 676 3346 καὶ
706 3292 885 3363 πολλῷ
915 3296 982 3365 τῇ
1029 3294 1180 3365 ήλὶου
1237 3296 1269 3363 ἡ
1324 3295 1556 3365 σελήνης
1586 3295 1804 3362 κίνησις
1834 3291 2032 3364 βραδυ-

2747 2920 2905 2976 CAP.
2953 2919 3067 2974 XVI

2211 3013 2328 3069 Jatn
2358 3027 2484 3068 vero
2516 3013 2681 3067 etiam
2742 3013 2910 3067 solem
2965 3028 3073 3066 non
3145 3023 3353 3068 naturze
3403 3013 3724 3076 calliditate,

2141 3107 2234 3164 sed
2263 3113 2411 3160 motu
2467 3105 2710 3161 calorem
2745 3107 2903 3159 terris
2951 3106 3231 3173 impertire
3254 3107 3514 3170 allirmat,
3539 3107 3724 3160 lunam

2143 3215 2271 3252 vero
2307 3208 2466 3268 negat
2518 3198 2772 3253 similiter
2814 3205 2963 3252 motu
3025 3198 3346 3256 calefacere.
3378 3199 3552 3267 Quam
3597 3215 3726 3253 vero

2144 3293 2248 3346 lioc
2280 3291 2576 3344 absurdum
2607 3288 2738 3344 est?
2794 3288 3017 3345 Etiamsi
3054 3292 3198 3344 enim
3256 3291 3400 3345 lume
3430 3304 3612 3345 motus
3655 3293 3728 3346 sit

447 3389 606 3456 τέρα,
637 3387 774 3441 ἀλλὰ
808 3388 904 3442 καὶ
937 3388 1212 3456 ὲγγυτέρα
1265 3386 1332 3441 ἂν
1383 3389 1449 3455 τῇ
1496 3385 1653 3456 ήμῶν
1689 3385 1891 3456 πολλῷ.
1926 3385 2030 3438 Πέ-
2064 3413 2106 3471 c
2145 3393 2187 3437 ta

1989 3386 2030 3437 Ξ-
2064 3413 2106 3471 c
2145 3383 2355 3437 tardior
2388 3391 2538 3436 motu
2577 3382 2733 3448 solis,
2773 3383 2887 3450 ipsa
2946 3395 3125 3438 tamen
3161 3384 3312 3438 sidus
3367 3394 3446 3438 est
3499 3383 3729 3445 novissi-

449 3495 589 3546 φυκε
618 3480 675 3535 δὲ
724 3481 793 3533 τὰ
843 3479 1074 3549 δύναμιν
1105 3496 1227 3533 τινα
1262 3479 1457 3550 ἔχοντα
1513 3478 1612 3532 τοῦ
1670 3477 1850 3532 ὁτιοῦν
1897 3479 2030 3550 δρᾷ-ι

447 3574 558 3628 τῶν
596 3575 865 3643 σωμάτων
891 3614 906 3637 ,
962 3573 1196 3642 ἐγγύθεν
1244 3573 1446 3640 μᾶλλον
1488 3573 1622 3627 αὐτὸ
1672 3573 1828 3643 δρᾷν.
1868 3573 2032 3626 Ὥστε

451 3663 544 3718 καὶ
573 3664 777 3734 ταύτην
811 3665 910 3730 τῆς
937 3665 1210 3734 κινήσεως
1238 3662 1573 3733 βραδύτητα,
1607 3663 1684 3733 τῷ
1721 3663 1899 3731 μείονι
1934 3661 2029 3714 τοῦ

449 3756 841 3827 ἀποστήματος
898 3754 1424 3827 ἁνταναπληροῦσαν
1450 3794 1465 3818 ,
1512 3754 1917 3826 παραπλησίως
1956 3753 2034 3823 τῷ

430 3849 586 3919 νήλίῳ
638 3847 979 3920 θερμαίνειν,
1010 3851 1058 3901 εἰ
1100 3846 1233 3920 δὴή
1285 3847 1500 3918 κίνησις
1551 3842 1640 3918 ἦν,
1687 3847 1784 3899 καὶ
1835 3845 1895 3898 ού
1935 3844 2035 3914 τῆς

452 3942 668 4010 φύσεως
715 3943 750 4012 ή
784 3941 1059 4012 θερμότης
1103 3941 1136 4011 ὴ
1194 3939 1585 4010 θερμαίνουσα.
1635 3937 1778 3992 Ἀλλ’
1813 3937 1888 4002 ὡς
1938 3937 2036 4007 μὶν

451 4033 576 4101 εικῆ
605 4033 753 4101 αύτῷ
789 4032 848 4086 τὸ
881 4034 1131 4102 πέμπτον
1164 4032 1325 4087 τοῦτο
1365 4033 1523 4102 σῶμα
1553 4031 2031 4102 κεκαινολόγηται,

450 4122 737 4178 δεδειιιται.

897 4451 901 4457 _
1049 4387 1300 4443 ΚΕΦΑΛ.
1345 4385 1443 4442 IZ’.
1901 4462 1904 4466 ι

524 4485 640 4540 Ούκ
660 4483 902 4553 ἀφεκτέα
931 4481 989 4537 δὲ
1015 4480 1136 4535 οὐδὲ
1180 4485 1238 4534 ὲν
1267 4484 1332 4552 τῇ
1357 4482 1573 4551 φυσικῇ
1597 4479 1746 4550 αὐτῷ
1773 4478 2035 4548 ἀκροάσει

413 4570 690 4648 ’μάλιστα
741 4576 806 4646 δὴ
863 4574 923 4627 οὑ
982 4573 1166 4636 καλῶς
1194 4574 1404 4625 ἐκείνου
1449 4573 1766 4642 εἰρημένου.
1797 4572 2039 4627 Ἄτοπον

445 4669 556 4737 γάρ
585 4683 718 4736 φησι
745 4666 806 4720 τὸ
832 4666 908 4736 μή
939 4664 1148 4718 οτεσθαι
1176 4663 1340 4717 ῑνεκά
1369 4663 1463 4717 uti
1483 4681 1536 4716 τι
1563 4664 1834 4733 γίνεσθαι,
1857 4665 1926 4718 ἂν
1961 4665 2038 4734 μὴ

2139 3489 2311 3538 mum,
2352 3474 2625 3543 terrisque
2678 3474 3194 3530 lamiliarissimum.
3247 3474 3436 3531 Solent
3480 3491 3611 3531 vero
3661 3493 3722 3531 ea

2137 3581 2389 3634 corpora,
2413 3581 2536 3635 quae
2567 3567 2821 3620 virtutem
2848 3566 3051 3621 habent
3079 3551 3318 3637 aliquam
3342 3569 3409 3624 ad
3432 3570 3728 3640 agendum,

2137 3659 2386 3728 proxime
2443 3659 2614 3726 uagis
2670 3658 2818 3713 illam
2853 3674 3126 3726 exserere,
3184 3672 3238 3715 ut
3295 3662 3368 3716 ita
3426 3665 3731 3734 oportuerit

2136 3753 2302 3806 etiam
2359 3750 2519 3806 istam
2591 3762 2770 3807 motus
2842 3752 3150 3806 tarditatem
3204 3753 3402 3808 minoii
3467 3756 3727 3812 distantia

2140 3844 2509 3913 compensari,
2549 3845 2858 3915 lunamque
2891 3846 3142 3901 similiter
3176 3858 3340 3918 atque
3376 3848 3542 3903 solem
3591 3853 3732 3906 cale-

2141 3932 2343 4000 facere,
2371 3935 2416 3990 si
2448 3936 2710 3990 nimirum
2749 3952 2837 3991 res
2874 3937 2948 3992 ita
2981 3936 3226 4003 haberet,
3251 3949 3306 3994 ut
3339 3952 3520 3996 motus
3547 3944 3728 4011 pori'us

2140 4043 2303 4098 quam
2365 4027 2635 4082 calliditas
2698 4042 2972 4086 astrorum
3024 4033 3567 4109 caloreinOcllici-ret.
3628 4037 3733 4090 Sed

2136 4121 2249 4191 jam
2314 4119 2778 4186 demonstratum,
2838 4126 2980 4192 quod
3040 4133 3244 4181 temere
3294 4135 3348 4181 et
3423 4127 3733 4183 inconsulto

2142 4225 2338 4283 praeter
2366 4213 2598 4268 aliormn
2630 4214 2968 4284 Opinionem,
3011 4218 3258 4287 quintam
3298 4230 3550 4276 naturam
3593 4224 3733 4278 caslo

2145 4308 2479 4362 attribuerit.

2749 4403 2904 4460 CAP.
2937 4401 3102 4459 XVII.

2213 4491 2401 4563 Neque
2432 4493 2560 4548 illud
2588 4494 2804 4549 silentio
2837 4495 3116 4564 praeterire
3150 4512 3389 4566 possum,
3424 4500 3566 4571 quod
3592 4502 3732 4557 idem

2149 4585 2476 4642 Aristoteles
2503 4586 2556 4642 in
2587 4588 2822 4642 naturali
2865 4591 3266 4645 auscultatione
3326 4593 3554 4646 omnino
3598 4597 3739 4649 male

2145 4677 2325 4740 docet,
2351 4677 2438 4731 ubi
2484 4678 2782 4732 absurdum
2830 4690 2934 4743 est,
2983 4680 3182 4749 inquit,
3238 4695 3345 4733 non
3418 4681 3738 4736 existimare

446 4761 597 4814 ῑὸωσι
636 4759 694 4812 τὸ
723 4757 912 4812 ποιοῦν
943 4756 1403 4827 βουλευσάμενον.
1446 4756 1645 4810 Καίτοι
1680 4759 1774 4810 καὶ
1808 4761 1840 4827 ὴ
1867 4759 2033 4827 τέχνη
2068 4767 2110 4822 1)
2143 4784 2186 4836 (ιι

1997 4773 2033 4827 τι
2068 4767 2110 4822 D
2143 4769 2286 4836 quod
2319 4767 2394 4832 lit,
2432 4767 2547 4822 licri
2577 4767 2813 4838 propter'
2839 4769 3067 4838 aliquid,
3102 4771 3204 4825 nisi
3259 4771 3450 4826 videas
3487 4773 3536 4826 id
3589 4776 3736 4842 quod

442 4856 504 4906 οὐ
527 4853 864 4924 βουλεύεται,
886 4851 1070 4922 φησίν.
1093 4852 1157 4906 Et
1183 4852 1291 4920 γὰρ
1323 4848 1393 4922 ἧν
1416 4853 1475 4904 ἐν
1506 4850 1585 4920 τῷ
1609 4850 1750 4921 ξύλῳ
1782 4853 1814 4921 ή
1851 4852 2035 4921 τέχνη,

442 4947 542 4998 ούκ
589 4943 657 4998 ἂν
682 4943 1022 5010 ἐϐουλεύετο,
1055 4945 1150 4997 καὶ
1183 4943 1302 5006 πῶς
1335 4942 1401 4996 ἂν
1431 4945 1597 5014 τέχνη
1627 4942 1709 4996 ἔτι
1735 4943 1950 5014 ἔμεινεν
1970 4944 2031 4995 ού

445 5036 554 5089 τῶν
611 5036 788 5106 ἔργω)
843 5036 1366 5108 προϐουλευομὲνη;
1411 5036 1444 5106 ἢ
1497 5035 1550 5088 τί
1582 5034 1711 5089 ἄλλο
1740 5036 1799 5089 τὸ
1837 5037 2036 5106 τέχνην

449 5129 689 5198 μάλιστα
715 5130 1003 5194 συνιστῶν,
1034 5130 1067 5201 ἦ
1103 5131 1162 5183 τὸ
1193 5127 1582 5202 βουλεύεσθαι;
1619 5128 1648 5182 ὃ
1689 5129 1754 5201 ήν
1787 5146 1870 5193 τις
1902 5131 2035 5199 ἀφέ-

447 5220 596 5274 λοιτο
615 5219 809 5290 αὐτῆς,
835 5219 947 5274 οὐδ’
975 5219 1041 5274 ἂν
1063 5221 1230 5292 τέχνη
1253 5223 1335 5275 ἔτι
1364 5221 1587 5288 μείνειεο
1619 5221 1736 5286 πῶς
1763 5221 1808 5275 δ’
1845 5221 1911 5275 ἂν
1943 5222 2035 5274 καὶ

449 5311 542 5366 ιπί
573 5329 627 5366 τι
655 5313 805 5378 τέλος
823 5313 1002 5368 ὁτιοῦν
1035 5315 1284 5384 ἐνεχθείη
1317 5315 1392 5385 μή
1414 5331 1560 5380 τινος
1590 5314 1682 5368 νοῦ
1711 5315 1878 5368 αὑτοῦ
1905 5332 2037 5386 προσ

449 5406 869 5475 ϐουλευομένου,
898 5408 994 5460 καὶ
1019 5407 1082 5460 τὸ
1106 5407 1258 5472 τέλος
1288 5411 1463 5462 ἐκεῖνο
1487 5411 1543 5462 ὲν
1577 5403 1753 5480 ἑαυτῴ
1777 5409 1842 5480 δὴ
1874 5409 2038 5479 μάλι-

449 5517 556 5554 στα
587 5498 1014 5570 προειληφότος;
1047 5500 1108 5553 Et
1136 5500 1244 5572 γὰρ
1278 5501 1374 5554 καὶ
1404 5502 1437 5571 ἠ
1463 5501 1627 5572 τέχνη
1660 5503 1911 5572 μιμεῖται
1946 5502 2039 5554 καὶ

447 5592 572 5646 κατ’
619 5591 785 5646 αὐτὸν
843 5593 1189 5665 Ἀριστοτέλη
1245 5595 1344 5664 τὴν
1392 5595 1578 5664 φύσιν,
1619 5596 1679 5649 ού
1728 5595 1828 5668 τὴν
1874 5595 2039 5664 φύσιν

445 5686 553 5739 ἔδει
580 5689 676 5758 τῆς
704 5688 903 5758 τέχνης
927 5687 1323 5742 ὑπολείπεσθαι
1346 5729 1362 5756 ,
1422 5689 1561 5744 ἀλλὰ
1593 5691 1654 5743 τὸ
1689 5689 1930 5758 μάλιστα
1976 5690 2040 5761 δὴ

442 5777 602 5831 τοῦτο
631 5777 729 5848 τὴν
763 5780 959 5861 τέχνην
987 5781 1275 5846 συνιστῶν,
1301 5781 1484 5854 πολλῷ
1512 5783 1778 5856 πρότερον
1805 5785 1905 5854 τὴν
1937 5784 2034 5854 φύ-

443 5887 526 5923 σιν
552 5869 694 5939 {xciv
730 5874 826 5929 καὶ
859 5875 1303 5947 μεγαλειότερον.
1338 5877 1398 5931 Εἰ
1426 5877 1480 5932 δέ
1509 5895 1563 5932 τι
1620 5880 1718 5934 καὶ
1749 5879 1806 5935 ὲν
1835 5880 1904 5951 τῇ
1944 5879 2034 5933 τέ-

2145 4869 2325 4912 movet
2353 4861 2677 4912 ellicientem
2725 4875 2970 4925 causam,
2999 4862 3237 4927 cmpisse
3290 4862 3607 4920 consilium.
3647 4864 3742 4919 Est

2141 4951 2439 5016 enim,ait.
2491 4951 2871 5022 perspicuum,
2909 4953 3057 5023 quod
3095 4969 3186 5009 ars
3239 4970 3461 5025 quoque
3514 4970 3742 5011 movens

2101 5042 2106 5046 ’
2141 5058 2204 5098 ea
2227 5060 2350 5114 qua:
2380 5044 2518 5099 liuut
2550 5059 2615 5099 ex
2652 5047 2791 5115 ipsa,
2837 5061 2946 5099 non
2976 5048 3152 5112 capiat
3185 5049 3501 5102 consilium.
3525 5047 3740 5102 Etenim

2141 5139 2187 5194 si
2238 5151 2383 5194 esset
2442 5140 2500 5192 in
2549 5139 2700 5208 ligno
2754 5155 2867 5206 ars,
2911 5141 3146 5212 exempli
3203 5142 3374 5212 gratia
3430 5141 3740 5197 fabricandi

2147 5247 2333 5299 naves,
2359 5233 2634 5303 quomodo
2677 5244 2759 5288 est
2811 5235 2864 5288 in
2908 5234 2974 5290 iis
3028 5250 3148 5304 qua:
3180 5247 3374 5290 natura
3441 5237 3598 5300 liunt,
3653 5253 3744 5291 ars

2148 5325 2351 5380 laceret
2373 5325 2626 5380 similiter
2644 5333 2808 5395 atque
2828 5339 3043 5390 natura,
3071 5343 3169 5383 nec
3191 5341 3407 5397 caperet
3429 5329 3742 5383 consilium.

2148 5417 2228 5470 Ad
2256 5433 2376 5487 quze
2411 5433 2511 5470 nos
2551 5418 2790 5472 breviter
2853 5419 3272 5487 respondemus,
3329 5421 3741 5494 intermgando,

2148 5525 2386 5579 quanam
2424 5510 2638 5565 ratione
2685 5527 2776 5566 ars
2827 5514 3059 5582 posthac
3117 5515 3377 5583 appellari
3421 5518 3616 5586 possit,
3661 5529 3745 5583 ea,

2147 5618 2270 5672 qua:
2294 5619 2402 5658 non
2435 5604 2677 5658 consulit
2713 5620 2813 5660 nec
2865 5606 3137 5661 deliberat
3193 5608 3260 5662 de
3302 5612 3563 5677 operibus
3587 5609 3620 5662 ἲ,
3662 5613 3744 5664 An

2149 5695 2349 5764 aliquid
2386 5697 2533 5751 aliud
2582 5706 2754 5751 artem
2789 5698 2964 5767 magis
2988 5699 3297 5773 constituit,
3345 5717 3512 5770 quam
3541 5717 3741 5772 capere

2148 5791 2442 5846 consilium
2473 5791 2496 5845 ‘i
2546 5791 2707 5858 Quod
2741 5807 2874 5847 sane
2908 5793 2955 5848 si
3001 5794 3126 5864 quis
3157 5797 3226 5848 ab
3282 5807 3399 5850 arte
3437 5798 3743 5866 exceperit,

2145 5883 2296 5941 nullo
2329 5883 2492 5941 modo
2519 5885 2655 5941 artis
2675 5886 3099 5957 appellationem
3131 5889 3407 5947 rctiucliit.
3445 5889 3738 5958 Quomodo
