4406 6450
437 404 544 466 9ῐ3

1129 409 1227 470 DE
1270 410 1693 472 PLATONICA
1739 410 1836 471 ET
1877 407 2442 473 ARISTOTEle
2475 404 3023 471 PHILOSOPHIA:

3583 406 3689 471 9H

430 530 577 579 ἅπαν
638 525 731 608 δὲ,
752 525 810 607 τὸ
844 526 1166 594 γιγνόμενον
1207 529 1298 580 ὑπ’
1325 529 1501 581 αίτίου
1533 529 1677 590 τινδς
1737 527 2012 594 γίγνεται,
2041 525 2070 581 Α

2041 525 2086 581 Α
2118 523 2250 576 illud
2280 521 2512 575 alterum
2550 519 2731 572 valere
2763 519 2935 588 magis
2961 530 3125 585 quam
3150 515 3321 584 ipsum
3361 532 3453 586 per
3481 534 3538 572 se
3570 520 3686 571 eti-

431 618 522 669 καὶ
579 603 726 670 ἁπαν
755 602 815 669 τὸ
877 617 1198 686 κινούμενον
1247 619 1353 672 ὑπό
1381 635 1524 682 τινος
1553 620 1734 672 αίτίου
1797 621 2000 671 κινοῖτο

427 707 510 760 ἄν.
556 707 614 760 '0
648 707 704 759 δὲ
743 709 921 761 ἐκεῖνο
957 709 1216 777 ἀναιρῶν,
1244 710 1396 770 ,τοῦτ’
1422 709 1660 777 ἐμπεδον
1696 708 1870 762 οίεται
1920 709 2000 762 ἔτι

426 797 604 866 ἐαυτῷ
638 797 878 852 ἔσεσθαι.
918 799 1030 854 Καὶ
1057 801 1120 852 οὐ
1166 801 1369 869 συνορᾷ
1421 801 1515 854 καὶ
1567 801 1667 868 τὴν
1726 799 1822 851 τοῦ
1855 799 2001 852 θείου

424 888 601 952 δόξαν,
625 887 816 941 τούτου
847 889 943 942 τοῦ
974 887 1285 959 ἀξιώματος
1313 891 1734 960 ἀναιρουμένου,
1769 889 1998 942 ἀσθενεο

428 979 623 1044 στέραν
650 980 1002 1047 γιγνομένην.
1021 981 1181 1048 Δῆλοι
1214 982 1322 1050 γάρ
1348 982 1487 1035 είσιν
1517 981 1566 1033 οί
1609 980 1888 1051 ἄνθρωποι
1915 980 2004 1032 διὰ

424 1067 613 1120 τούτου
650 1068 744 1121 τοῦ
776 1070 1088 1140 ἀξιώματος
1118 1073 1216 1139 τὴν
1243 1074 1468 1143 πρώτην
1501 1075 1594 1128 καὶ
1644 1076 2003 1145 προχειροτά-

422 1175 521 1229 την
547 1160 640 1214 τοῦ
676 1162 822 1216 θείου
848 1164 1005 1230 δόξαν
1051 1165 1440 1235 λαμϐάνοντες.
1481 1167 1635 1220 Ἐπεὶ
1671 1169 1781 1237 γὰρ
1816 1168 2004 1234 φαίνε-

421 1266 511 1303 ται
545 1251 692 1304 ἐστιν
719 1253 755 1306 ἃ
809 1255 918 1307 τῶν
971 1257 1028 1308 ἐν
1054 1255 1190 1325 ,τῷδε
1240 1257 1318 1326 τῷ
1345 1258 1562 1328 οὐρανῷ
1599 1260 1907 1329 γιγνόμενα
1941 1261 2002 1314 οὐ

422 1341 521 1404 τάς
552 1359 614 1409 γε
654 1345 834 1407 αίτίας
885 1346 1127 1415 φανερὰς
1177 1347 1394 1415 ἔχοντα,
1455 1350 1508 1402 oi
1565 1350 2003 1418 &v0pwn0t,-&:ra

423 1431 575 1484 ἅπαν
625 1435 948 1504 γιγνόμενον
997 1438 1089 1490 ὑπ’
1120 1438 1298 1491 αἰτίου
1335 1441 1487 1503 τινὶς
1515 1440 1760 1506 γίνεσθαι
1792 1441 2027 1524 aereas;

421 1538 533 1585 τες,
564 1523 656 1574 ἐπὶ
683 1524 780 1592 τὴν
811 1525 904 1577 τοῦ
932 1526 1076 1579 οείου
1097 1527 1252 1592 δόξαν
1269 1529 1650 1598 ἀναφέρονται.
1673 1531 1821 1583 Ἔδει
1850 1531 1894 1584 δ’
1921 1533 2006 1583 ἐν·

421 1610 697 1676 δείξασθαι
744 1617 1118 1688 Ἀριστοτέλη,
1149 1621 1244 1672 καὶ
1274 1619 1325 1671 τί
1357 1637 1488 1673 ποτε
1519 1622 1626 1689 ἄρα
1660 1624 1807 1675 ἐστὶν
1830 1625 2005 1676 ἐκεῖνο

421 1702 482 1752 τὸ
513 1701 643 1755 ἄνευ
674 1705 849 1758 αίτίου
876 1707 1222 1774 γιγνόμενον,
1256 1710 1351 1761 καὶ
1390 1710 1465 1779 μὴ
1509 1710 1699 1773 ἁπλῶς
1721 1709 1896 1774 οὕτως
1928 1713 2005 1764 εί-

422 1792 564 1845 πεῖν.
611 1793 752 1845 Ἀλλ’
786 1796 904 1864 ἐρεῖ
959 1813 1043 1859 τις
1085 1796 1216 1858 ἴσως
1245 1800 1305 1850 τὸ
1339 1797 1712 1866 βουλεύεσθαι,
1749 1800 1888 1853 οὕτω
1913 1802 2005 1854 καὶ

421 1880 591 1933 αὑτοῦ
634 1884 1046 1950 Ἀριστοτέλους
1098 1886 1156 1937 ἐν
1185 1887 1300 1948 τοῖς
1337 1887 1465 1954 περὶ
1492 1888 1788 1957 ἑρμηνείας
1833 1889 1997 1943 αὑτοῦ

423 1971 645 2040 βιϐλίοις
676 1975 1268 2047 φάσκοντος.⁶ορὦμεν
1291 1977 1401 2047 γὰρ
1432 1978 1507 2041 ὡς
1543 1978 1690 2031 εστιν
1719 1981 1865 2050 ἀρχὴ
1890 1981 2007 2055 τῶνε

421 2060 698 2128 ἐσομένων
752 2063 844 2116 καὶ
895 2063 1004 2115 ἀπὸ
1050 2063 1146 2118 τοῦ
1206 2065 1558 2134 βουλεύεσθαι
1617 2068 1712 2121 καὶ
1744 2069 1851 2122 ἀπὸ
1904 2069 1998 2123 τοῦ

423 2151 627 2221 πρᾶξαί
657 2170 730 2208 τι.
780 2154 943 2208 Ἀλλὰ
999 2157 1100 2209 κάν
1133 2156 1310 2229 τούτῳ
1337 2157 1592 2228 ψεύδεται
1644 2161 1959 2231 περιφανῶς
1981 2178 2010 2233 ἰ

420 2243 481 2296 οὗ
505 2245 613 2315 γὰρ
643 2247 786 2317 ἀρχὴ
813 2249 875 2300 τὸ
907 2248 1260 2318 βουλεύεσθαι
1300 2253 1408 2306 τῶν
1440 2254 1738 2322 ἐσομένων,
1767 2253 1884 2309 ἀλλ’
1918 2258 2000 2310 αἵ-

420 2351 533 2388 τιον
551 2337 664 2404 ’μέν
698 2356 800 2390 που
834 2338 982 2393 ἐστιν
1010 2335 1104 2405 ὧν,
1141 2342 1288 2414 ἀρχὴ
1318 2343 1363 2396 δ’
1404 2343 1471 2398 ἂν
1498 2345 1633 2398 αὐτὸ
1661 2347 1720 2400 τὸ
1750 2345 2000 2416 βουλεύε-

422 2427 544 2482 σοαι
570 2433 630 2481 οὐ
659 2435 799 2485 πάνυ
838 2450 943 2497 τοι,
980 2438 1324 2504 φαινομένων
1353 2438 1450 2492 καὶ
1485 2439 1676 2493 τούτου
1718 2442 1999 2512 προτέρων

419 2521 625 2589 αίτιῶν,
661 2524 766 2577 τῶν
815 2529 1255 2597 περιισταμένων
1282 2531 1429 2601 ἡμᾶς
1463 2536 1828 2603 πραγμάτων.
1853 2534 2000 2606 Δῆλα

419 2615 526 2684 γὰρ
552 2616 636 2685 δὴ,
662 2618 742 2670 ὅτι
773 2620 847 2688 μὴ
877 2620 1251 2688 περιστάντων
1280 2623 1427 2693 ἡμᾶς
1451 2626 1796 2694 πραγμάτων
1825 2627 2020 2680 τοιού-ι

421 2725 529 2760 των
562 2710 746 2772 τινῶν,
801 2712 927 2763 οἴων
955 2713 1112 2780 δόξαν
1151 2715 1285 2784 ἡμῖν
1308 2716 1381 2778 ὡς
1425 2715 1717 2785 βουλευτέα
1750 2718 1839 2789 εἴη
1894 2737 2000 2772 πα-

425 2803 712 2870 ραστῆσαι,
752 2805 860 2857 οὐδ’
893 2805 958 2858 ἂν
990 2806 1447 2877 βουλευσαίμεθα.
1487 2809 1644 2864 Ἀλλὰ
1694 2809 1851 2863 τοῦτο
1900 2812 2000 2879 μὲν

419 2895 567 2961 αὑτῷ
591 2898 853 2953 τοιοῦτον.
895 2900 1060 2967 Ἡμῖν
1088 2902 1145 2954 δέ
1186 2901 1428 2956 δεικτέον
1455 2906 1547 2956 καὶ
1597 2905 1657 2958 ἐν
1685 2905 1880 2957 τούτου
1907 2905 1998 2958 τοῦ

416 2987 731 3055 ἀξιώματος
790 2992 855 3060 τῇ
913 2993 1188 3062 ἀναιρέσει
1253 2988 1598 3064 Ἀριστοτέλη
1653 2995 1804 3048 οὐδὲν
1838 2991 1999 3070 ἦττον

419 3079 580 3130 αὐτὸν
620 3079 708 3146 ὑφ’
742 3078 909 3135 αὐτοῦ
969 3082 1462 3151 περιτρεπόμενον.
1523 3084 1794 3151 Οὑδεμίαν
1848 3088 2000 3154 ἐνέρ-

417 3187 572 3238 γειαν
599 3174 664 3225 ἐκ
695 3172 976 3241 δυνάμεως
1011 3175 1369 3243 μεταϐάλλειν
1424 3177 1803 3249 ’Δριστοτέλης
1827 3180 1993 3244 ἀξιοῖ,
2025 3207 2070 3265 c

422 3262 496 3331 μὴ
526 3263 718 3332 ἐτέρας
781 3263 950 3333 αὐτὴν
998 3265 1269 3335 προτέρας
1299 3267 1582 3336 ἐνεργείας
1646 3270 1781 3337 πρὸς
1831 3270 1990 3324 τοῦτο

417 3357 797 3426 κεκινηκυίας,
853 3358 946 3410 καὶ
974 3359 1147 3429 τούτῳ
1178 3377 1238 3412 τε
1288 3360 1573 3430 χρώμενος
1617 3364 1674 3416 ὲν
1703 3367 1815 3427 τοῖς
1862 3371 1992 3434 περὶ

418 3447 588 3501 ἀϊδίου
622 3450 886 3519 κινήσεως
919 3450 1096 3518 λόγοις
1127 3449 1203 3520 τῷ
1229 3450 1498 3521 ἀξιώματι
1530 3455 1621 3505 καὶ
1646 3455 1880 3525 θατέρῳ,
1913 3460 1989 3528 τῷ

418 3537 563 3592 ἁπαν
604 3540 777 3592 αἴτιον
833 3533 1046 3611 ἀνάγκη
1107 3541 1241 3610 δρᾷν
1289 3543 1318 3594 ὅ
1352 3560 1402 3594 τι
1443 3545 1509 3598 ἂν
1560 3545 1707 3616 δρῴη
1736 3546 2003 3613 ἀξιοῦντι,

417 3632 516 3698 τὴν
537 3631 704 3685 ἀΐδιον
727 3631 942 3698 κίνησιν
966 3635 1349 3702 συμπεραίνει.
1406 3635 1615 3690 Οὐκοῦν
1649 3640 1700 3692 εί
1725 3655 1777 3692 τι
1805 3640 2010 3707 γίγνοι-

418 3743 479 3777 το
515 3726 624 3777 τῶν
652 3727 990 3794 γιγνομένων
1048 3728 1111 3780 ἐκ
1160 3725 1444 3795 δυνάμεως
1494 3745 1599 3782 που
1638 3733 1695 3792 ἐς
1725 3732 2007 3801 ἐνέργειαν

421 3820 733 3889 μεταϐαλεῖ,
785 3823 866 3884 είς
916 3819 985 3891 ἢν
1033 3818 1219 3874 obmt‘
1283 3821 1350 3875 ἂν
1402 3823 1754 3892 μεταϐάλλοι,
1800 3826 1874 3897 μὴ
1911 3827 2009 3899 οὐχ

419 3914 611 3986 ἐτέρας
647 3913 920 3984 προτέρας
976 3913 1257 3984 ἐνεργείας
1290 3915 1495 3985 ταύτην
1525 3917 1674 3986 αὐτῷ
1708 3917 1807 3988 τὴν
1835 3936 2007 3988 μετα-

419 4005 582 4077 ϐολὴν
614 4005 1103 4077 ἀπειργασμένης·
1134 4005 1166 4076 η
1195 4006 1257 4076 δὴ
1303 4007 1397 4059 καὶ
1440 4006 1538 4076 τῆς
1561 4010 1831 4074 γενέσεως
1855 4009 2006 4080 αὐτῷ

419 4101 573 4153 ἔσται
597 4099 770 4154 αἰτία.
821 4099 932 4153 Καὶ
963 4096 1107 4152 οὕτω
1147 4098 1424 4152 οὐδοτιοῦν
1478 4101 1547 4154 ἂν
1587 4101 1798 4169 γένοιτο
1832 4103 2008 4156 αίτίου

418 4191 608 4262 χωρίς.
639 4193 749 4245 Καὶ
783 4190 942 4259 δῆλός
982 4192 1129 4244 ἐστιν
1159 4190 1536 4262 Ἀριστοτέλης
1580 4193 1636 4244 ἐν
1657 4195 1723 4263 τῇ
1759 4193 1828 4246 τὰ
1870 4197 2010 4262 μετὰ

415 4285 488 4337 τὰ
512 4283 716 4350 φυσικὰ
742 4282 892 4354 αὐτῷ
938 4285 1296 4354 πραγματείᾳ
1332 4285 1434 4346 τὰς
1489 4283 1688 4349 πολλὰς
1745 4286 1854 4340 τῶν
1884 4287 2011 4340 ἐαυ-

416 4374 514 4429 τοῦ
575 4374 832 4445 ἀμαθιῶν
862 4377 1251 4447 συμφορήσας,
1307 4375 1467 4432 τοῦτό
1519 4394 1622 4430 που
1673 4379 2010 4448 φαυλότατον

421 4477 647 4528 πάντων
678 4473 939 4544 εἰρηκώς.

2106 611 2469 667 stimaverim.
2508 607 2822 664 Cum'enim
2853 622 3015 662 omne
3045 607 3190 676 quod
3226 619 3498 676 movetur,
3564 610 3689 665 inde

2107 703 2198 756 liat
2223 704 2341 757 sive
2396 703 2650 768 exsistat,
2715 703 2858 758 unde
2920 704 3096 772 ipsum
3158 711 3407 757 movetur
3465 705 3686 772 (singuli

2103 797 2251 849 enim
2285 805 2473 850 motus
2498 796 2904 855 quodammodo
2937 797 3312 865 producuntur
3340 797 3393 850 in
3420 812 3508 860 co,
3541 799 3683 864 quod

2104 887 2402 956 movetur),
2428 902 2589 942 omne
2633 896 2812 941 autem
2835 888 2977 955 quod
3004 888 3080 953 lit,
3111 887 3160 940 id
3194 890 3284 942 liat
3319 903 3346 940 a
3385 902 3550 942 causa
3584 890 3686 943 ali-

2104 994 2234 1049 qua,
2262 988 2525 1048 sequetur
2557 978 2704 1043 inde,
2724 979 2867 1046 quod
2889 979 3050 1033 etiam
3066 994 3226 1032 omne
3246 980 3389 1046 quod
3418 990 3683 1040 movetur.

2105 1074 2174 1126 ab
2200 1073 2388 1140 aliqua
2424 1087 2589 1126 causa
2622 1087 2855 1126 necesse
2886 1072 2957 1126 sit
2986 1071 3215 1125 moveri.
3247 1073 3316 1124 At
3373 1071 3461 1125 ille
3512 1072 3688 1140 posito

2109 1165 2211 1220 hoc
2233 1181 2332 1233 pro
2359 1168 2710 1228 c0ullrmato,
2775 1167 3082 1232 aliquarum
3111 1166 3321 1220 scilicet
3347 1181 3524 1218 rerum
3553 1182 3687 1219 cau-

2113 1272 2228 1309 sam
2260 1257 2640 1319 esseuullam,
2688 1257 3046 1311 nihilominus
3090 1263 3272 1310 tamen
3336 1255 3464 1308 illud
3511 1255 3690 1310 adhuc

2109 1347 2329 1400 lirmum
2360 1345 2478 1400 fore
2513 1348 2794 1414 opinatur,
2825 1348 2964 1416 quod
2999 1348 3066 1400 ab
3097 1348 3304 1415 aliquo,
3352 1361 3689 1414 quaecunque

2108 1449 2419 1500 moventur,
2449 1440 2654 1492 moveri
2697 1441 2768 1493 sit
2830 1455 3073 1494 necesse.
3110 1439 3216 1493 Nec
3276 1439 3684 1502 animadvertit,

2108 1531 2252 1600 quod
2287 1531 2501 1584 sublata
2529 1529 2836 1598 aliquarum
2872 1545 3057 1583 rermn
3115 1544 3237 1598 quae
3295 1530 3429 1583 ﬁunt
3497 1544 3686 1592 causa,

2107 1620 2269 1674 etiam
2302 1619 2491 1690 opinio
2519 1635 2641 1687 quae
2675 1620 2909 1674 habetur
2933 1620 3004 1673 de
3033 1619 3140 1671 Deo
3173 1621 3406 1674 debilior
3447 1620 3688 1674 imbecil-

2111 1711 2318 1780 liorque
2346 1711 2456 1765 ﬁat.
2512 1709 2857 1765 Manifestum
2913 1721 2997 1765 est
3047 1713 3212 1774 enim,
3274 1712 3418 1780 quod
3463 1711 3686 1781 quidam

2032 1843 2080 1902 Β
2111 1812 2329 1872 propter
2359 1803 2500 1858 hanc
2528 1803 2806 1858 notionem
2836 1817 2959 1872 quae
2990 1804 3173 1866 habet,
3235 1805 3366 1858 nihil
3420 1805 3537 1858 sine
3591 1820 3685 1859 sua

2109 1907 2272 1947 causa
2306 1891 2446 1957 ﬁeri,
2494 1893 2823 1962 praecipuam
2880 1903 2934 1948 et
2978 1893 3411 1963 vulgaris-simam
3459 1895 3525 1950 de
3579 1895 3689 1949 Deo

2109 1984 2435 2038 sententiam
2490 1985 2914 2053 amplectantur.
2969 1984 3104 2040 Nam
3168 1987 3389 2055 quando
3439 1987 3688 2042 videntur

2107 2075 2312 2143 aliqua.
2339 2090 2462 2145 qua:
2487 2075 2622 2130 ﬁunt
2659 2077 2710 2130 in
2746 2078 2850 2131 hoc
2883 2078 3108 2142 mundo,
3140 2094 3314 2145 eaque
3371 2081 3692 2134 manifestas

2108 2183 2216 2221 non
2250 2167 2685 2231 habentcausas,
2722 2179 2835 2224 tum
2867 2171 3136 2232 homines,
3189 2171 3281 2238 qui
3325 2185 3491 2224 omne
3542 2173 3688 2238 quod

2111 2261 2278 2321 lit.ab
2309 2261 2495 2328 aliqua
2539 2275 2707 2316 causa
2773 2261 2885 2315 lieri
2940 2271 3280 2331 compertum
3336 2263 3559 2325 habent,
3625 2262 3692 2317 ad

2108 2361 2316 2408 natura
2374 2352 2575 2407 divinae
2633 2354 3006 2424 cognitionem
3065 2353 3338 2407 feruntur.
3395 2353 3697 2421 Oportebat

2110 2455 2293 2500 autem
2346 2444 2752 2509 demonstrare,
2792 2461 2826 2499 o
2880 2445 3224 2506 Aristoteles.
3277 2445 3564 2514 qualenam
3625 2447 3696 2500 sit

2112 2536 2262 2600 illud,
2286 2539 2431 2604 quod
2459 2537 2578 2591 sine
2609 2551 2776 2592 causa
2806 2527 2982 2600 fieret,
3009 2552 3188 2607 neque
3245 2538 3318 2590 ita
3374 2537 3694 2606 simpliciter

2109 2644 2220 2685 rem
2246 2629 2535 2684 aﬂirmarc.
2561 2630 2630 2683 At
2659 2630 2803 2684 dicet
2833 2629 3063 2684 fortasse
3090 2630 3292 2697 alirluis
3327 2631 3672 2683 deliberatio-

2109 2736 2230 2775 nem
2257 2736 2378 2776 essc
2416 2736 2480 2775 ex
2511 2735 2577 2774 eo
2601 2736 2819 2790 genere,
2850 2721 2900 2776 id
2936 2723 3082 2790 quod
3134 2722 3250 2790 ipse
3291 2721 3612 2776 Aristoteles
3641 2722 3692 2773 in

2109 2814 2263 2868 libris
2287 2813 2355 2868 de
2395 2813 2844 2883 interpretatione
2893 2814 3104 2866 videtur
3176 2813 3377 2867 dicere.
3433 2811 3696 2867 Videmus

2110 2923 2366 2978 namque,
2398 2908 2490 2972 ait,
2524 2906 2849 2976 principium
2883 2903 3190 2958 futurorum
3215 2920 3337 2959 cum
3373 2918 3401 2958 a
3425 2903 3695 2956 delibera-

2111 3003 2276 3061 tione.
2342 3010 2453 3054 tum
2491 2999 2558 3053 ab
2612 2997 2826 3052 actione
2879 2996 2994 3064 ipsa
3051 2996 3338 3050 exsistere.
3399 2994 3502 3049 Sed
3556 2995 3697 3047 inco

2110 3090 2267 3158 plane
2295 3097 2463 3142 errat.
2494 3086 2680 3154 Neque
2710 3085 2856 3140 enim
2891 3084 3217 3138 deliberatio
3248 3093 3332 3140 est
3360 3084 3692 3154 principium

2110 3180 2440 3246 futurorum,
2473 3178 2684 3232 tametsi
2711 3176 3006 3246 aliquamlo
3036 3176 3106 3230 sit
3133 3191 3321 3232 causa.
3353 3175 3486 3245 Ejus
3511 3187 3694 3231 autem

2110 3273 2212 3340 rei,
2245 3275 2311 3328 de
2340 3287 2446 3342 qua
2501 3270 2804 3326 deliberant
2869 3269 3141 3333 homines,
3202 3269 3318 3337 ipsa
3376 3270 3694 3338 neutiquam

2109 3365 2442 3438 principium
2477 3374 2560 3420 est
2592 3362 2934 3426 deliberatio,
2963 3362 3405 3432 quandoquidem
3473 3362 3701 3430 hujusce

2110 3460 2284 3531 ipsius
2311 3459 2431 3513 alia:
2458 3464 2725 3528 apparent
2784 3455 2996 3524 priores
3021 3465 3073 3508 et
3108 3455 3448 3524 antiquiores
3497 3469 3694 3510 causae.

2109 3567 2173 3607 ea
2199 3550 2450 3606 videlicet
2477 3563 2597 3617 quae
2625 3561 2725 3601 nos
2765 3546 3137 3600 circumstant
3173 3544 3408 3612 Negotia.
3440 3543 3495 3596 ιιι
3556 3545 3701 3612 quod

2111 3643 2236 3698 inde
2263 3640 2475 3712 liquido
2503 3650 2671 3711 patet,
2697 3639 2968 3708 siquidem
2995 3638 3100 3692 nisi
3133 3651 3232 3691 nos
3254 3637 3434 3706 aliqua
3463 3636 3702 3689 cireum-

2111 3742 2257 3789 stent
2306 3732 2545 3803 negotia,
2602 3731 2669 3787 de
2721 3731 2923 3800 quibus
2983 3728 3406 3784 consultandum
3471 3728 3703 3790 videtur,

2112 3841 2210 3880 nos
2233 3840 2514 3894 nunquam
2569 3823 2921 3879 deliberaturi
2973 3837 3241 3877 essemus.
3302 3820 3407 3875 Sed
3455 3829 3703 3875 transea-

2113 3933 2255 3983 mus,
2283 3917 2496 3988 ipsique
2546 3916 2828 3970 Aristoteli
2892 3917 2993 3970 hoc
3050 3915 3246 3983 dogma
3298 3914 3699 3983 relinquamus.

2109 4010 2384 4066 Jamvi-ro
2415 4010 2628 4062 sublato
2663 4011 2765 4062 hoc
2826 4009 3104 4061 axiomatc
3160 4023 3174 4061 :
3217 4007 3462 4060 omnium
3522 4021 3703 4059 rerum

2112 4120 2236 4160 esse
2285 4105 2525 4174 aliquam
2608 4117 2861 4164 causam,
2937 4101 3282 4161 Aristotelem
3343 4099 3703 4155 nihilominus

2113 4197 2334 4266 sibiipsi
2388 4210 2513 4251 esse
2566 4195 2903 4249 contrarium
2967 4193 3342 4247 ostendemus.
3403 4191 3550 4246 Nihil
3616 4192 3706 4246 ille

2113 4291 2498 4346 arbitraturex
2558 4286 2810 4358 potentia
2870 4286 2923 4339 in
2986 4294 3166 4340 actum
3217 4298 3528 4354 erumpere,
3598 4284 3706 4338 nisi

2116 4385 2257 4440 alius
2285 4384 2506 4453 quidem
2543 4380 2834 4436 antecedat
2861 4389 3038 4444 actus,
3076 4379 3169 4448 qui
3206 4380 3461 4434 latentem
3518 4379 3708 4433 occul-

2117 4489 2167 4535 la
2183 4493 2347 4549 mque
2370 4477 2518 4532 illam
2541 4476 2652 4530 vim
2689 4475 2802 4530 sive
2835 4473 3138 4545 potentiam
3170 4473 3236 4528 ad
3270 4471 3551 4527 allectum.
3591 4473 3709 4528 sive

397 4572 599 4628 ‘acunn
627 4573 892 4642 impellat,
921 4582 975 4626 et
1001 4576 1340 4641 promoveat.
1373 4570 1485 4627 lloc
1553 4573 1731 4642 ipsum
1773 4573 1991 4628 axioma
2045 4573 2102 4629 in
2142 4574 2519 4644 disputatione
2586 4571 2652 4625 de
2684 4571 3020 4640 sempiterno
3091 4579 3242 4623 motu
3299 4581 3595 4636 usurpans,
3653 4572 3709 4622 el

415 4675 646 4729 alterum
679 4671 832 4737 illud,
888 4686 1106 4724 omnem
1164 4686 1386 4728 causam
1449 4671 1767 4726 necessario
1852 4686 2036 4736 agere,
2082 4670 2382 4741 tid-quod
2455 4670 2588 4740 agit,
2652 4667 3144 4740 sempiternitatem
3224 4678 3408 4724 motus
3474 4677 3710 4722 conatur

411 4773 814 4829 demonstrare.
845 4769 1083 4824 Proinde
1119 4770 1163 4825 si
1189 4769 1318 4840 quid
1351 4770 1445 4824 liat
1473 4785 1538 4825 ex
1575 4769 1642 4823 iis
1668 4784 1790 4840 quae
1842 4769 2000 4832 ﬁunt,
2043 4769 2096 4824 id
2129 4770 2307 4841 ipsum
2333 4785 2396 4824 ex
2426 4768 2667 4838 potentia
2704 4768 2756 4820 in
2781 4759 2958 4821 lucem
2993 4765 3222 4835 produci
3291 4779 3518 4819 necesse
3581 4763 3707 4826 crit,

416 4865 470 4919 in
492 4880 654 4934 quam
681 4879 847 4934 porro
885 4879 1160 4933 nunquam
1193 4865 1549 4934 producetur,
1578 4865 1682 4919 nisi
1711 4865 1851 4920 alius
1881 4865 2101 4934 quidam
2135 4866 2423 4920 antecedat
2451 4873 2632 4927 actus,
2692 4863 2788 4932 qui
2845 4861 3003 4915 talem
3062 4861 3425 4914 mutationem
3489 4860 3706 4916 eﬂlciat.

415 4957 587 5024 Quem
623 4959 810 5027 utique
865 4958 1025 5010 etiam
1078 4957 1449 5028 generationis
1490 4958 1870 5029 cujuscunque
1928 4960 2005 5013 rei
2048 4969 2326 5014 auctorem
2358 4967 2414 5014 et
2446 4972 2670 5012 causam
2738 4954 3002 5011 constitui
3069 4962 3307 5020 oportet.
3376 4955 3554 5023 Atque
3608 4957 3712 5010 hoc

418 5053 579 5107 modo
610 5051 742 5105 nihil
775 5067 1016 5120 unquam
1057 5051 1388 5116 invenietur,
1448 5053 1595 5123 quod
1663 5055 1781 5108 sine
1826 5068 1991 5108 causa
2035 5053 2150 5108 ﬁeri
2211 5054 2318 5109 dici
2395 5053 2590 5122 possit.
2633 5050 2845 5118 Quibus
2886 5051 3277 5108 demonstratis
3307 5060 3536 5121 apparet
3597 5054 3712 5107 ‘evi-

416 5144 736 5201 dentissime
766 5145 1109 5199 Aristotelem
1135 5146 1186 5199 in
1212 5160 1278 5200 eo
1300 5162 1485 5217 opere,
1515 5149 1661 5217 quod
1689 5149 1757 5202 de
1781 5148 1845 5203 iis
1874 5164 1999 5217 quae
2041 5163 2130 5204 res
2167 5149 2423 5219 physicas
2452 5157 2876 5218 consequuntur
2903 5147 3125 5202 inscribi
3153 5146 3313 5213 solet,
3355 5148 3496 5202 inter
3569 5147 3710 5206 alios

420 5240 620 5296 multos
646 5252 784 5310 quos
817 5240 1092 5309 ουιιδιτεδίι
1121 5255 1339 5295 errores
1373 5243 1426 5295 in
1461 5242 1564 5296 hac
1600 5255 1657 5296 re
1685 5241 2004 5312 turpissime
2043 5243 2259 5311 lapsum
2293 5256 2436 5297 esse.

1031 5335 1285 5389 ΚΕΦᾹΛ.
1318 5334 1438 5391 ΙΘ’..
2045 5343 2070 5399 Ι

2045 5343 2090 5399 ι)
2759 5337 3064 5392 CARXIX.

491 5429 703 5502 Εὕηοις
722 5429 767 5483 δ’
792 5429 960 5483 αὑτοῦ
999 5429 1094 5483 καὶ
1139 5429 1199 5481 τὸ
1231 5431 1294 5501 τῇ
1334 5434 1540 5500 φυσικῇ
1587 5411 1786 5498 ἐκεῖνο,
1819 5432 1881 5486 τὸ
1913 5433 2014 5503 τὴν

2197 5433 2384 5503 Neque
2416 5432 2549 5487 illud
2584 5433 2866 5493 sapientia:
2902 5431 3188 5498 cujusdam
3232 5431 3395 5484 habet
3446 5432 3710 5497 speciem,

427 5524 646 5595 κίνησιν
681 5522 758 5594 μὴ
798 5525 1134 5593 συγχωρεῖν,
1169 5522 1356 5595 διττήν
1387 5541 1444 5577 τε
1477 5517 1617 5578 εἶναι
1661 5527 1754 5579 καὶ
1801 5523 2021 5596 ὁμώνυ-

2123 5527 2268 5596 quod
2307 5526 2448 5581 idem
2480 5525 2803 5580 Aristoteles
2844 5525 2897 5579 in
2937 5525 3178 5595 physicis
3232 5523 3414 5588 docet,
3453 5525 3543 5578 ubi
3591 5541 3708 5581 moo'

423 5636 545 5690 μον,
586 5616 685 5686 τὴν
723 5617 824 5686 μὶν
864 5617 1172 5687 δραστικὴν
1215 5616 1277 5670 τέ
1326 5635 1449 5671 τινα
1486 5619 1581 5674 καὶ
1623 5620 1680 5671 ἐν
1712 5618 1789 5690 τῷ
1833 5637 2018 5674 κινουο

2122 5627 2232 5671 tum
2284 5633 2390 5671 non
2427 5617 2680 5671 concedit
2739 5632 2861 5672 esse
2919 5617 3191 5686 duplicem
3225 5626 3278 5670 et
3337 5619 3706 5687 :equivocum,

425 5712 593 5780 μένῳ.
618 5710 813 5763 Καίτιι
831 5708 940 5762 τῶν
968 5726 1032 5778 γε
1062 5709 1350 5780 δυνάμεων
1370 5711 1480 5766 τῶν
1497 5713 1626 5782 περὶ
1656 5713 1875 5783 κίνησιν
1908 5714 2017 5766 διτ⁶

2120 5715 2285 5767 alium
2307 5712 2524 5782 quidem
2545 5712 2783 5766 activum
2808 5711 2899 5780 qui
2918 5720 3001 5766 est
3025 5711 3076 5765 in
3101 5722 3370 5773 movente,
3392 5712 3560 5765 alium
3580 5729 3712 5769 vero

423 5803 531 5855 τῶν
572 5804 605 5872 ἡ
657 5802 757 5872 μὲν
810 5803 1069 5873 κινητική
1135 5803 1229 5855 καὶ
1283 5804 1340 5855 ἐν
1391 5802 1470 5869 τῷ
1519 5805 1826 5869 κινήσοντι,
1875 5805 1908 5874 ἡ
1957 5803 2014 5857 δὲ

2121 5806 2423 5876 passivum,
2447 5804 2539 5874 qui
2564 5817 2648 5861 cSt
2673 5805 2725 5859 in
2753 5819 2819 5859 co
2842 5805 2987 5874 quod
3025 5814 3298 5859 movetur.
3348 5805 3516 5877 Atqui
3581 5823 3707 5861 cum

429 5895 708 5966 παθητικὴ
762 5900 854 5951 καὶ
911 5898 968 5952 ἐν
1017 5896 1095 5967 τῷ
1149 5897 1572 5970 κινηθησομὲνῳ
1641 5899 1750 5952 δέοι
1800 5898 1862 5952 ἂν
1913 5900 2006 5953 καὶ

2117 5900 2227 5956 sint
2261 5898 2519 5969 potentiae
2547 5899 2692 5957 circa
2751 5908 2958 5956 motum
3011 5898 3274 5972 duplices,
3312 5916 3421 5957 una
3481 5899 3707 5974 quidem
