4406 6450
410 387 516 446 917

1106 393 1202 452 DE
1239 393 1657 454 PLATthlCA
1698 386 1794 455 ET
1831 397 2396 460 ARISTOTELICA
2445 402 2993 464 PHILOSOPHIA.

3567 403 3670 466 918

409 495 518 547 τῶν
571 496 925 574 ἀποφάσεων.
963 500 1124 554 Κατὰ
1168 501 1225 554 δὲ
1264 501 1324 554 τὸ
1364 505 1507 556 νοεῖν
1545 521 1620 567 τι,
1660 505 1985 574 φθαρέντος,
2022 514 2062 570 Α
2096 526 2145 562 ιιι

1929 524 1985 572 νς,
2022 514 2062 570 Α
2096 513 2439 566 monstramli
2484 523 2592 567 tam
2623 513 2844 566 curiose
2876 511 3277 580 przescripsisti,
3315 527 3422 564 non
3453 515 3669 580 quidem

409 587 518 640 τῶν
548 589 824 659 φθαρτῶν.
846 591 1033 644 Ταῦτα
1057 593 1283 661 ἀσαφῶς
1312 594 1412 662 μέν
1442 594 1566 653 πως
1589 595 1806 664 εἴρηται
1841 598 1988 666 Ἀρι-

411 677 670 763 στοτέλει.
700 683 792 732 Δεῖ
817 681 874 733 δὲ
908 684 1053 751 ἡμᾶς
1081 685 1149 736 τὰ
1178 684 1287 737 ὑπὸ
1316 685 1426 737 τῶν
1454 686 1521 739 τὰ
1542 688 1657 755 εῖδη
1686 688 1989 757 τιθεμένων

407 767 680 838 λεγόμενα
721 773 991 841 πρότερον
1026 775 1383 845 ὲκθεμένους,
1417 778 1563 830 οὓτω
1607 780 1704 848 τὴν
1739 777 1986 849 Ἀριστο-

408 859 595 923 τέλους
629 861 873 916 διάνοιαν
909 864 1054 934 σαφῆ
1091 867 1461 935 καταστῆσαι.
1494 869 1609 938 Τὴν
1651 868 1833 937 ψυχήν
1883 885 1990 933 φα-

411 969 494 1004 σιν
523 953 572 1004 οἰ
606 953 676 1006 τὰ
701 955 817 1024 εῐδη
851 957 1124 1026 τιθέμενοι
1177 959 1669 1027 ἀναλαμϐάνουσαν
1699 961 1754 1022 ἐς
1776 977 1839 1027 γε
1869 961 1991 1012 ἑπι-

410 1045 627 1114 στήμην
669 1048 795 1109 τοὺς
831 1050 944 1110 τοῖς
999 1050 1281 1120 αἰσθητοῖς
1334 1051 1552 1116 λόγους.
1596 1052 1992 1122 ἀκριϐέστερον

409 1136 612 1202 αὐτοὺς
661 1139 887 1209 ἔχοντας
920 1145 1017 1198 καὶ
1061 1143 1394 1216 τελεώτερον
1428 1145 1489 1196 ἐν
1522 1146 1692 1216 ἑαυτῇ
1747 1144 1924 1216 ἰσχὺν.
1958 1145 1990 1216 ἢ

413 1231 472 1282 ιν
500 1233 611 1292 τοῖς
640 1233 923 1302 αἰσθητοῖς
976 1235 1183 1305 ἔχουσι.
1233 1237 1308 1290 Τὸ
1351 1238 1444 1290 οὖν
1477 1237 1808 1308 τελεώτερον
1835 1237 1994 1290 τοῦτο

412 1323 507 1375 καὶ
540 1324 939 1396 ἀκρισέστερον
970 1329 1072 1382 οὐκ
1107 1329 1173 1382 ἂν
1209 1329 1318 1383 άπὸ
1346 1332 1457 1383 τῶν
1503 1330 1780 1398 αἰσθητῶν
1820 1332 1994 1400 [σχειν

409 1414 510 1483 τὴν
533 1417 716 1486 ψυχὴν
739 1420 765 1472 ὅ
796 1437 856 1486 γε
894 1423 969 1491 μὴ
1004 1422 1159 1476 ἐστιν
1200 1426 1258 1478 ὲν
1289 1425 1496 1486 αὐτοῖς.
1533 1425 1659 1478 Οὐδ’
1707 1421 1773 1478 αὖ
1823 1412 2031 1494 μηδᾳί

416 1506 518 1575 μοῦ
551 1509 736 1563 ἄλλοθι
771 1511 830 1564 ὃν
855 1513 1006 1582 αὐτῷ
1030 1514 1092 1578 ἐξ
1114 1517 1287 1586 αὐτῆς
1309 1517 1666 1570 διανοεῖσθαι.
1700 1517 1833 1569 Οὐδὲ
1883 1517 1995 1587 γὰρ

413 1602 720 1670 πεφυκέναι
747 1605 845 1674 τὴν
875 1606 1054 1675 ψυχὴν
1078 1610 1304 1676 μηδαμῆ
1339 1609 1399 1662 ὅν
1427 1628 1479 1662 τι
1516 1610 1866 1664 διανοεῖσθαι*
1898 1611 1995 1669 τὰς

413 1694 522 1765 γὰρ
554 1695 774 1764 ψευδεῖς
805 1697 918 1751 τῶν
943 1699 1114 1766 δοξῶν
1146 1700 1267 1770 οὐχὶ
1313 1702 1389 1770 μὴ
1436 1700 1626 1758 όντων.
1670 1701 1785 1754 ἀλλ’
1827 1702 1996 1754 ὄντων

417 1787 536 1854 μὲν,
569 1786 746 1840 ἄλλων
772 1787 829 1840 δὲ
865 1789 988 1841 κατ’
1012 1790 1189 1844 ἄλλων
1246 1791 1389 1845 εἶναι
1437 1793 1716 1856 συνθέσεις
1747 1793 1902 1856 τινὰς
1934 1792 1994 1846 οὐ

415 1847 557 1931 κατὰ
589 1881 650 1932 τὸ
680 1879 841 1945 ὀρθὸν
886 1883 1207 1948 γινομένας.
1251 1883 1556 1938 Λείπεσθαι
1593 1884 1651 1936 δὲ
1802 1847 1997 1955 ἑτέρας
2033 1847 2074 1907 Β

413 1971 564 2033 τινὸς
593 1971 808 2038 φύσεως
848 1974 1026 2045 πολλῷ
1077 1975 1158 2028 ἔτι
1208 1975 1525 2045 κρείττονός
1570 1993 1630 2029 τε
1677 1977 1772 2029 καὶ
1801 1977 2010 2030 τελεωά

414 2064 580 2134 τέρας
607 2064 846 2135 ἀφήκειν
876 2069 941 2137 τῇ
981 2067 1127 2137 ψυχῇ
1159 2067 1220 2121 τὸ
1248 2068 1583 2139 τελεώτερον
1606 2068 1769 2123 τοῦτο
1789 2070 1900 2122 τῶν
1941 2071 1998 2123 έν

411 2159 525 2219 τοῖς
558 2157 836 2227 αἰσθητοῖς
865 2159 1061 2239 λόγων.
1090 2161 1234 2231 Πρὸς
1280 2159 1454 2215 ταῦτα
1493 2161 1892 2232 Ἀριστοτέλης,
1937 2163 2000 2216 Εἰ

415 2248 563 2324 κατὰΙ
585 2248 714 2311 τοὺς
773 2250 1120 2318 ἐπιστημῶν,
1171 2252 1327 2320 φησὶ,
1361 2250 1556 2318 λόγους
1609 2251 1683 2314 ὡς
1711 2251 1775 2321 δὴ
1812 2251 1920 2304 τῶν
1946 2253 2002 2304 έν

411 2342 527 2404 τοῖς
553 2340 836 2410 αἰσθητοῖς
869 2341 1356 2413 τελεωτέρους,δεῖ
1391 2337 1533 2397 εἶναι
1561 2342 1628 2396 τὰ
1671 2342 1808 2412 εἴδη,
1845 2343 2002 2397 ἔσται

415 2433 511 2486 καὶ
548 2435 769 2488 πάντων
790 2434 945 2487 *ὅσων
1001 2451 1110 2505 περ
1167 2435 1261 2488 καὶ
1314 2435 1623 2504 ἐπιστῆμαί
1671 2437 1830 2501 εἰσιν,
1862 2435 1999 2506 ετόη.

416 2524 574 2579 Κατὰ
603 2525 657 2578 δὲ
689 2525 750 2577 τὸ
780 2528 920 2579 νοεῖν
943 2543 993 2578 τι
1028 2527 1154 2594 περί
1196 2544 1342 2591 τινος
1382 2527 1708 2598 φθαρέντος,
1745 2532 1798 2583 εἴ
1828 2547 1889 2595 γε
1928 2529 2003 2597 μὴ

413 2618 594 2673 ἔνεστι
623 2623 686 2688 τῇ
718 2619 864 2689 ψυχῇ
911 2620 986 2691 μὴ
1015 2619 1075 2672 δν
1113 2637 1165 2672 τι
1203 2621 1370 2680 νοεῖν,
1414 2619 1570 2674 ἔσται
1620 2622 1715 2673 καὶ
1765 2615 2021 2675 ἑκάστου’

411 2710 521 2762 τῶν
551 2710 807 2780 φθαρτῶν
831 2712 962 2765 ῖδιον
982 2710 1143 2774 εἶδος.
1171 2711 1247 2763 Τὸ
1268 2711 1323 2766 δὲ
1345 2711 1531 2765 λοιπὸν
1568 2712 1998 2781 Ἀριστοτέλους,

412 2802 474 2855 τὸ
521 2802 663 2856 κατὰ
716 2802 777 2854 τὸ
817 2801 874 2854 ἓν
929 2802 1023 2855 ἐπὶ
1078 2802 1317 2867 πολλῶν,
1367 2801 1462 2855 καὶ
1494 2802 1603 2854 τῶν
1638 2803 1996 2870 ἀποφάσεων,

415 2899 670 2967 βούλεται
700 2898 844 2953 τόδε.
887 2900 1001 2968 Οὐχ
1032 2892 1144 2951 οἷόν
1183 2915 1242 2950 τε
1297 2893 1463 2960 εἶναι,
1492 2899 1662 2964 φασιν
1700 2898 1750 2950 οἰ
1791 2899 1855 2950 τά
1888 2898 2002 2967 εἴδη

415 2988 718 3052 τιθέμενοι,
743 2987 962 3050 πολλοῖς
996 2987 1055 3039 ἓν
1090 3005 1140 3039 τι
1163 2988 1258 3040 καὶ
1297 2987 1496 3039 ταυτὸν
1526 2986 1736 3055 ἔχουσι,
1762 2987 1821 3038 τὸ
1839 2986 2007 3040 ταυτὺ

413 3080 574 3134 τοῦτο
605 3081 790 3142 αὐτοῖς
825 3080 934 3133 άπὸ
975 3078 1070 3131 τοῦ
1109 3079 1422 3148 αὐτομάτου
1474 3073 1639 3132 εἶναι.
1690 3078 1764 3132 Ού
1802 3078 1910 3146 γὰρ
1941 3077 2008 3130 ἂν

412 3171 528 3229 οἷόν
556 3191 615 3228 τε
649 3167 792 3226 εἶναι
836 3171 1101 3239 τετάχθαι
1153 3170 1291 3224 ἄττα
1351 3169 1638 3234 ὡσαύτως,
1671 3165 1794 3240 ἤτοι
1827 3171 1936 3232 ἀεὶ,
1970 3170 2002 3238 ἢ

416 3267 512 3321 καὶ
540 3267 615 3328 ώς
638 3266 707 3319 τὰ
737 3264 909 3318 πολλὰ
961 3264 1067 3315 ἀπὸ
1121 3263 1215 3315 τοῦ
1246 3262 1590 3331 αὐτομάτου.
1622 3262 1756 3326 gum
1788 3260 1852 3313 ἂν
1897 3259 2005 3330 ἄρα

415 3361 671 3423 ἑκάστοις
704 3359 764 3412 ἓν
800 3375 852 3410 τι
882 3357 978 3410 καὶ
1016 3355 1214 3409 ταυτὸν
1247 3353 1370 3408 καθ’
1401 3353 1536 3407 αὐτὸ
1583 3355 1768 3422 ἔχουσι
1812 3353 1906 3404 καὶ
1942 3352 2004 3405 ού

415 3453 558 3510 κατὰ
605 3449 980 3520 συμϐεϐηκὸς,
1029 3449 1089 3500 ’έν
1141 3465 1192 3500 τι
1249 3446 1534 3516 ἐξαίρετον
1578 3446 1904 3508 ἐφεστάναι,
1947 3444 2007 3496 τὸ

415 3551 530 3611 τοῖς
562 3546 774 3608 πολλοῖς
827 3544 890 3597 τὸ
936 3543 1057 3596 κατ’
1107 3540 1274 3594 αὐτὸν
1329 3539 1587 3610 παρέξον.
1647 3539 1796 3608 Πρὸς
1846 3537 2007 3591 τοῦτο

413 3636 835 3708 ’“Αριστοτέλης,
864 3635 960 3687 καὶ
1002 3632 1144 3686 κατὰ
1197 3630 1258 3684 τὸ
1291 3631 1372 3686 ἒν.
1405 3633 1592 3700 φησιν,
1622 3630 1717 3681 ἐπὶ
1768 3628 2007 3695 πολλῶν,

417 3732 512 3786 καὶ
538 3731 646 3784 τῶν
678 3728 1033 3797 ἀποφάσεων.
1062 3723 1302 3795 Δηλαδὴ,
1334 3725 1383 3776 εἰ
1417 3724 1561 3777 κατὰ
1599 3724 1658 3776 τὸ
1684 3723 1743 3776 ’ἐν
1769 3741 1821 3776 τι
1866 3719 2009 3776 εἶναι

415 3826 532 3888 τοῖς
566 3823 880 3895 ἀνθρώποις
907 3822 1010 3891 τὴν
1043 3819 1477 3890 ἀνθρωπότητα.
1509 3820 1591 3872 δεῖ
1642 3836 1695 3872 τι
1727 3814 1868 3871 εἶναι
1915 3819 2012 3872 καὶ

419 3920 480 3974 ἓν
531 3917 815 3990 ἐξαίρετον
864 3915 925 3968 τὸ
965 3915 1064 3985 τὴν
1099 3912 1506 3986 ἀνθρωπότητα
1556 3912 1744 3973 αὐτοῖς
1799 3912 2011 3979 ταύτην

418 4013 678 4083 παρέξον,
701 4011 819 4064 δέον
852 4009 919 4062 ἂν
945 4010 1042 4060 καὶ
1071 4010 1185 4070 τοῖς
1215 4007 1315 4059 ούκ
1343 4005 1656 4072 ἀνθρώποις
1687 3999 1830 4055 εἷναί
1865 4022 1917 4057 τι
1952 4001 2012 4055 ἒν

416 4106 479 4160 τὸ
507 4106 606 4175 τὴν
638 4104 740 4157 οὐκ
777 4099 1180 4170 άνθρωπότητα
1221 4099 1408 4160 αὐτοῖς
1447 4097 1708 4167 παρέξον.
1753 4096 1861 4150 Καὶ
1903 4098 2012 4168 γὰρ

418 4200 515 4254 καὶ
547 4197 760 4259 τούτοις
795 4196 855 4247 ἓν
910 4210 963 4246 τι
1001 4193 1103 4263 ,καὶ
1133 4193 1165 4261 ἠ
1202 4191 1306 4244 οὐκ
1372 4188 1737 4259 άνθρωπότης
1792 4187 2014 4248 πολλοῖς

418 4305 484 4357 γε
547 4287 722 4349 οὖσιν,
778 4285 971 4353 ὥσπερ
1032 4283 1126 4336 καὶ
1176 4284 1291 4346 τοῖς
1359 4279 1676 4351 ἀνθρώποις
1710 4281 1745 4349 ἡ
1797 4278 2012 4350 ἀνθρω-

419 4381 613 4451 πότης.
650 4377 841 4433 Ταῦτα
906 4376 1009 4446 μὲν
1064 4369 1159 4429 οὖν
1231 4374 1299 4427 τά
1361 4372 1815 4441 Ἀριστοτέλους·
1879 4371 2016 4439 ἡμῖν

391 4475 463 4552 ὶδ*
496 4474 714 4543 ἀνάγκη
744 4466 836 4526 οἷά
867 4489 927 4524 τε
973 4469 1046 4522 τὰ
1097 4469 1216 4537 εἴδη
1249 4468 1345 4521 καὶ
1367 4469 1516 4528 ὅπως
1548 4466 1745 4534 ἔχοντα
1782 4467 1829 4518 οἰ
1872 4464 2015 4518 τιθέ-

2092 601 2426 658 existimatio
2468 593 3034 671 mentem’obreperet
3064 613 3173 655 tam
3228 603 3422 670 frigide
3457 611 3675 670 tamque

2093 707 2346 760 perverse
2380 696 2610 762 teipsum
2645 696 2828 750 conari
2878 696 2990 747 lucc
3023 696 3424 754 demonstrare,
3459 692 3524 744 de
3554 692 3674 757 qui-

2094 784 2193 838 bus
2220 785 2329 852 iam
2360 785 2707 839 disserimus.
2741 785 2848 839 Nos
2875 801 3011 838 vero
3034 786 3238 838 scimus
3266 794 3433 842 certo.
3454 783 3521 835 ab
3543 783 3673 842 illis.

2092 877 2184 947 qui
2233 877 2445 946 species
2471 879 2892 947 amplectuntur,
2934 878 3146 944 species
3178 892 3282 930 non
3319 890 3673 944 synonymas,

2093 966 2187 1022 sed
2210 969 2565 1036 cognomines
2597 968 2714 1023 sive
2741 969 3051 1036 :rquirocas
3097 967 3260 1020 rebus
3312 966 3498 1019 sensui
3551 964 3678 1015 sub‘

2093 1056 2253 1123 jectis
2288 1065 2343 1109 et
2374 1056 2678 1111 existimari
2713 1067 2764 1110 et
2798 1057 3084 1125 appellari.
3115 1055 3383 1110 Caeterum
3428 1053 3678 1108 ostettdca

2096 1162 2216 1201 mus
2248 1149 2398 1202 nullo
2448 1151 2608 1203 modo
2661 1166 2781 1204 esse
2831 1161 3090 1217 cognatas
3137 1149 3252 1202 sive
3299 1161 3677 1217 synonytnas,

2095 1238 2450 1307 ejusdemque
2479 1255 2702 1308 prorsus
2734 1250 2962 1305 naturae,
2995 1257 3058 1294 cx
3095 1239 3161 1294 iis
3202 1238 3513 1308 principiis,
3550 1237 3677 1306 qui-

2098 1333 2198 1388 bus
2226 1333 2300 1387 illi
2345 1343 2595 1389 utuntur.
2641 1333 3007 1403 lutelligibilia
3045 1348 3281 1402 namque
3350 1332 3461 1395 illa,
3499 1346 3681 1383 rerum

2096 1427 2280 1480 sensui
2318 1427 2685 1494 subjectarum
2722 1438 2980 1496 tauquam
3011 1427 3304 1491 imaginem
3344 1421 3674 1489 exemplaria

2103 1517 2330 1572 iaciunt.
2379 1518 2674 1588 Imaginem
2738 1529 2919 1573 autem
2998 1533 3236 1586 quanam
3279 1518 3405 1586 quis
3475 1515 3685 1567 ratione

2099 1609 2395 1678 exemplari
2427 1620 2710 1680 cognatam
2747 1611 2861 1663 sive
2891 1609 3179 1664 univocam
3235 1622 3358 1662 CSSt:
3397 1606 3683 1661 existinm-

2100 1700 2261 1762 verit,
2295 1698 2400 1753 nisi
2445 1699 2584 1756 forte
2618 1700 2760 1754 idem
2787 1701 2954 1754 etiam
2991 1708 3227 1754 statuam
3281 1697 3548 1768 Lysandri
3588 1712 3686 1750 co-

2100 1803 2319 1860 gnatam
2346 1792 2461 1846 sive
2489 1793 2772 1848 univocam
2796 1793 3078 1863 Lysandro
3100 1798 3153 1844 et
3175 1789 3423 1845 Herculis
3447 1799 3683 1843 statuam

2105 1881 2327 1937 Herculi
2360 1899 2719 1953 synonymam
2752 1884 3008 1952 appellet.
3046 1881 3241 1936 Verum
3278 1883 3558 1936 enimvero
3604 1880 3688 1934 bis

2105 1974 2425 2028 Aristoteles
2450 1974 2622 2028 utitur
2643 1974 2954 2028 rationibus
2974 1981 3029 2027 et
3051 1972 3132 2026 sic
3162 1972 3362 2041 inquit,
3384 1969 3687 2025 secundum

2107 2080 2344 2134 namque
2380 2049 2640 2131 rationes,
2669 2081 2790 2136 quae
2841 2081 2908 2120 ett
2959 2062 3230 2129 scientiis,
3270 2064 3479 2134 species
3531 2070 3693 2117 erunt

2104 2159 2375 2222 omnium,
2411 2173 2646 2228 quortun
2711 2163 2955 2215 scientia:
3007 2170 3155 2226 sunt,
3194 2161 3497 2216 secundum
3560 2172 3692 2212 vero

2109 2264 2274 2303 unum
2309 2249 2363 2304 in
2399 2250 2587 2306 multis
2619 2261 2671 2305 et
2695 2252 3075 2321 negationem.
3109 2255 3178 2308 At
3207 2252 3513 2308 secundum
3543 2249 3693 2320 quod

2106 2341 2426 2410 intelligitur
2461 2344 2767 2414 quippiam,
2801 2359 2866 2399 eo
2891 2354 3175 2416 corrupto,
3202 2347 3371 2400 etiam
3413 2342 3693 2411 corrupti-

2107 2434 2324 2488 bilium.
2374 2435 2496 2491 llaec
2551 2438 2772 2506 quidem
2820 2440 3071 2506 ,obscure
3106 2436 3515 2508 quodammodo
3551 2435 3694 2488 dicta

2106 2536 2239 2582 sunt
2274 2528 2339 2582 ab
2369 2528 2681 2584 Aristotele.
2708 2531 2940 2599 Oportet
2972 2533 3156 2602 itaque
3193 2547 3291 2586 nos
3339 2529 3493 2600 prius
3525 2527 3696 2596 expli-

2107 2631 2233 2672 care
2266 2618 2354 2670 illa
2401 2635 2522 2688 qua:
2553 2621 2619 2674 ab
2652 2622 2719 2674 iis
2759 2622 3042 2687 dicuntur,
3083 2622 3174 2689 qui
3223 2621 3434 2690 species
3485 2617 3698 2672 conszi-

2112 2717 2301 2772 tuunt,
2335 2721 2499 2778 atque
2552 2712 2631 2764 sic
2664 2714 2924 2782 deinceps
2959 2714 3275 2769 Aristotelis
3309 2721 3545 2766 tuentem
3583 2711 3700 2779 pla-

2110 2816 2235 2855 nam
2289 2801 2489 2857 facere.
2543 2804 2621 2857 llli
2661 2805 2843 2873 itaque
2877 2805 3180 2859 formarum
3219 2805 3337 2859 sive
3384 2802 3698 2873 specierum

2111 2904 2367 2951 auctores
2398 2900 2727 2966 patronique
2758 2898 2934 2962 aiunt,
2969 2898 3116 2968 quod
3144 2899 3189 2952 si
3234 2897 3476 2952 rationes
3516 2911 3699 2950 rerum

2113 2987 2372 3041 sensibus
2427 2987 2800 3056 subiectarum
2857 2988 2933 3044 ita
2983 2989 3171 3044 animo
3203 2987 3607 3056 concipiantur,
3643 2998 3702 3040 nt

2115 3072 2236 3128 illas
2266 3078 2488 3132 animus
2521 3078 2754 3133 scientia
2788 3078 3093 3142 contineat,
3149 3085 3262 3131 tum
3315 3078 3558 3132 rationes
3596 3077 3702 3130 illm:

2114 3168 2428 3224 accuratius
2477 3185 2536 3225 se
2569 3170 2767 3226 habent
2798 3170 3205 3240 perfectiusque
3241 3169 3296 3224 in
3331 3169 3527 3238 seipsis
3559 3185 3698 3224 con-

2112 3260 2339 3320 sistunt,
2375 3276 2539 3329 quam
2584 3261 2634 3314 in
2673 3263 2838 3318 rebus
2868 3276 2927 3316 se
2962 3263 3190 3326 habent,
3228 3277 3350 3334 qua:
3388 3277 3553 3318 sensu
3584 3277 3707 3330 pcr-

2111 3354 2412 3424 cipiuntur.
2445 3356 2755 3411 Perfectius
2787 3357 2972 3425 itaque
3004 3357 3133 3412 lllttd
3188 3365 3354 3425 atque
3389 3356 3707 3412 accuratius

2111 3462 2222 3503 non
2255 3462 2285 3502 a
2315 3446 2480 3502 rebus
2508 3449 2694 3503 sensui
2719 3448 2980 3518 subjectis
3006 3449 3280 3503 obtinebit
3306 3449 3524 3502 animus
3548 3448 3693 3516 quod

2112 3539 2335 3607 quidem
2370 3555 2479 3594 non
2509 3549 2593 3595 est
2625 3541 2676 3594 in
2711 3539 2867 3608 ipsis,
2897 3556 3074 3610 neque
3102 3557 3290 3594 rursus
3318 3541 3370 3594 id
3399 3540 3542 3609 quod
3572 3541 3704 3592 alibi

2115 3645 2386 3698 nusquam
2417 3630 2670 3694 exsistat,
2695 3631 2914 3685 animus
2955 3646 3020 3685 ex
3056 3633 3237 3701 seipse
3275 3631 3573 3700 concipiet.
3604 3629 3712 3684 Ne-

2114 3737 2221 3792 que
2243 3721 2388 3776 enim
2413 3721 2554 3776 solet
2584 3722 2801 3778 animus
2834 3723 2883 3774 id
2914 3723 3059 3791 quod
3093 3737 3367 3791 nusquam
3399 3732 3503 3787 est,
3531 3721 3714 3790 aliqua

2113 3832 2179 3871 ex
2213 3823 2366 3885 parte
2391 3813 2684 3883 concipere
2723 3831 2738 3871 :
2780 3815 2824 3869 si
2858 3814 3080 3884 quidem
3108 3814 3398 3870 mendaces
3423 3815 3713 3884 cpittiones

2118 3921 2227 3963 Iunt
2265 3908 2671 3978 concipiuntur,
2703 3910 2927 3978 quando
2962 3925 3066 3963 non
3094 3924 3157 3963 ea
3182 3909 3427 3979 quidem,
3452 3924 3574 3979 qua:
3599 3924 3707 3964 non

2115 4011 2266 4069 sunt,
2312 4003 2405 4057 sel
2431 4016 2495 4057 ea
2525 4017 2648 4071 qua;
2678 4010 2808 4057 sunt
2842 4003 2948 4055 alia
2983 4001 3105 4056 aliis
3142 4017 3252 4057 non
3291 4013 3436 4057 recte
3484 4003 3714 4067 conjun-

2115 4102 2336 4168 guntur.
2364 4095 2505 4150 Hinc
2537 4095 2707 4163 igitur
2734 4095 2890 4166 sequi
2924 4096 3111 4161 aiunt,
3139 4102 3199 4150 ut
3232 4095 3299 4150 ab
3329 4094 3432 4149 alia
3473 4096 3713 4166 quadam

2116 4186 2296 4240 adhuc
2338 4185 2718 4254 prazStantiore
2773 4193 2827 4240 et
2880 4184 3212 4255 perfectiora
3261 4193 3482 4249 natura,
3537 4183 3719 4254 perfe-

2115 4279 2259 4335 ctius
2292 4279 2425 4334 illud
2458 4295 2646 4334 earum
2681 4280 2958 4335 rationum
2987 4320 3003 4343 ,
3051 4294 3173 4350 qua:
3207 4280 3263 4335 itt
3316 4281 3477 4334 rebus
3528 4281 3720 4334 sensui

2118 4371 2386 4441 subjectis
2427 4381 2576 4434 sunt,
2633 4371 2854 4427 animus
2906 4371 3267 4440 adipiscatur.
3302 4369 3423 4426 Jam
3455 4372 3723 4426 adversus

2123 4465 2236 4519 bam
2266 4465 2593 4520 Aristoteles
2631 4465 2832 4533 inquit,
2867 4466 2912 4519 si
2946 4464 3249 4520 secundum
3282 4465 3551 4530 rationes,
3594 4480 3719 4532 quae

423 4585 580 4639 μενοι
629 4566 879 4633 ἀξιοῦσιν
941 4560 1087 4617 εἰναι
1145 4563 1416 4632 πρότερον
1470 4559 1818 4629 ἐπιθεμένοις,
1872 4559 2015 4611 οὕτω
2055 4572 2163 4633 De:

1977 4576 2015 4611 ω
2055 4579 2097 4633 υ
2123 4572 2188 4610 ex
2231 4555 2509 4622 scientiis,
2546 4566 2734 4624 utpote
2767 4572 2834 4611 ex
2870 4557 2938 4612 iis
2975 4572 3098 4627 qua:
3133 4567 3259 4611 sunt
3308 4557 3669 4624 perfectiores
3706 4596 3717 4618 ,

419 4659 556 4731 πρὸς
583 4658 653 4713 τά
714 4656 1123 4728 Ἀριστοτέλους
1157 4655 1406 4724 ἁπαντᾷν
1428 4693 1442 4715 ,
1475 4651 1621 4706 οὕτω
1662 4653 1774 4721 γὰρ
1817 4651 1884 4704 ἂν
1920 4668 2017 4704 σα-

420 4753 666 4821 φέστατα
699 4748 1008 4819 ἐλεγχθείη,
1037 4747 1107 4802 τὰ
1145 4748 1244 4818 μὲν
1277 4745 1667 4813 συκοφαντῶν,
1687 4744 1757 4798 τὰ
1783 4744 1827 4797 δ’
1862 4744 2016 4823 οὐδὲν
2056 4783 2070 4796 .

424 4845 728 4916 περαίνων.
764 4847 840 4898 Οὐ
866 4843 1024 4898 τοῦδε
1058 4841 1155 4896 τοῦ
1190 4841 1425 4911 ούρανοῦ
1465 4840 1807 4910 δημιουργὸν
1847 4856 2019 4908 προσ-

423 4940 526 5011 εχῆ
581 4939 674 4993 τὸν
718 4939 906 5008 ἄκρως
958 4936 1164 5006 ἀγαθὸν
1190 4935 1326 4989 Θεὸν
1379 4937 1427 4988 οἰ
1471 4935 1539 4987 τὰ
1587 4935 1706 5004 εῖδη
1738 4933 2018 5012 τιθέμενοι

421 5034 672 5101 ἀξιοῦσιν
704 5029 868 5097 εἶναι,
919 5032 1037 5085 ἀλλ’
1077 5032 1271 5102 ἐτέρας
1328 5030 1598 5100 πρότερον
1655 5029 1876 5096 φύσεως
1925 5031 2020 5083 καὶ

419 5129 605 5190 οὐσίας
639 5126 821 5196 ἑαυτῷ
851 5142 910 5179 τε
947 5124 1385 5194 συγγενεστέρας
1416 5125 1509 5177 καὶ
1550 5121 1776 5182 αἰωνίας
1825 5121 1910 5174 ἀεί
1959 5140 2019 5174 τε

422 5220 516 5272 καὶ
555 5218 676 5271 κατ’
716 5217 857 5272 αὐτὰ
915 5215 1180 5279 ὡσαύτως
1241 5215 1497 5285 ἐχούσης,
1542 5216 1634 5269 τὸν
1689 5214 1732 5267 δ’
1785 5215 2019 5284 οὐρανὸν

420 5312 575 5364 τόνδε
610 5311 680 5364 δι’
711 5312 931 5381 ἐκείνης
966 5311 1067 5382 ἠδη
1099 5310 1199 5381 τῆς
1230 5309 1423 5372 ούσίας
1464 5311 1559 5363 καὶ
1587 5309 1648 5384 οὐ
1702 5310 1826 5362 κατ’
1848 5307 2018 5360 αὑτὸν

419 5406 488 5460 δι’
510 5405 678 5460 αὑτοῦ
711 5405 1278 5478 δεδημιουργηκέναι.
1323 5404 1577 5476 Ἐκείνην
1606 5421 1665 5459 τε
1700 5404 1800 5476 τὴν
1828 5405 2022 5457 οὐσίαν

421 5501 478 5560 ἐς
513 5497 610 5552 ἕνα
641 5514 700 5550 τε
734 5501 927 5566 νοητὸν
981 5498 1190 5567 κόσμον
1244 5499 1582 5560 συνιστᾶσιν,
1614 5497 1674 5550 ὃν
1721 5499 1751 5550 ὁ
1799 5496 2010 5566 Λοκρὸς

421 5593 656 5663 Τίμαιος
718 5593 957 5648 ἰδανικὶν
1022 5593 1218 5658 καλεῖ,
1257 5591 1461 5663 δηλαδὴ
1518 5593 1744 5647 εἰδικόν.
1807 5593 1918 5646 Καὶ
1959 5593 2022 5642 ὲκ

422 5686 650 5738 πάντων
689 5701 749 5737 τε
803 5687 917 5741 καὶ·
957 5684 1233 5738 παντοίων
1262 5683 1423 5737 εἰδῶν
1455 5683 1800 5746 συντιθέντες
1829 5683 1937 5735 νῶν
1967 5699 2024 5735 τε

423 5778 534 5831 τῶν
563 5778 769 5842 αὐτῶν,
824 5777 923 5831 ενα
978 5776 1056 5847 τῷ
1099 5776 1209 5847 ὅλῳ
1242 5776 1436 5847 κόσμῳ
1476 5776 1654 5847 τούτῳ
1688 5775 1898 5846 νοητῷ,
1934 5775 2026 5829 τὸν

430 5867 765 5927 τελεώτατον
817 5871 1070 5940 ἐφιστᾶσι
1121 5868 1273 5936 νοῦν,
1306 5869 1374 5925 τὰ
1410 5869 1697 5942 δευτερεῖα
1731 5870 1828 5938 τῆς
1882 5871 2022 5925 κατὰ

2124 4663 2288 4719 quam
2324 4664 2403 4703 ea:
2434 4665 2556 4718 qua:
2584 4661 2713 4705 sunt
2743 4649 2796 4710 in
2831 4650 2997 4706 rebus
3033 4652 3218 4706 sensui
3253 4649 3538 4718 subjectis,
3561 4667 3724 4719 opor-

2125 4749 2205 4796 tet
2232 4757 2357 4798 esse
2378 4742 2595 4813 species
2619 4743 2734 4799 sive
2756 4742 2991 4808 formas,
3021 4751 3132 4797 tum
3158 4753 3321 4798 erunt
3341 4745 3504 4798 etiam
3533 4743 3724 4798 tortum.

2125 4833 2371 4886 omnium
2406 4835 2619 4894 rerum,
2655 4849 3003 4903 qumcunque
3061 4833 3290 4889 scicntia
3339 4836 3724 4892 continentur-

2121 4925 2192 4980 At
2225 4931 2526 4981 secundum
2557 4926 2703 4996 quod
2739 4927 3057 4998 intelligitur
3094 4926 3399 4996 quippiam,
3441 4931 3585 4995 quod
3609 4929 3722 4997 jam

2125 5018 2417 5083 interierit,
2452 5020 2497 5074 si
2528 5019 2688 5074 modo
2713 5020 2931 5074 animus
2959 5022 3008 5073 id
3033 5021 3180 5090 quod
3214 5037 3321 5074 non
3351 5022 3576 5076 exsistit
3615 5040 3722 5076 non

2123 5112 2421 5181 concipiat.
2457 5113 2810 5182 intelligatvo,
2841 5123 3003 5167 erunt
3031 5114 3196 5168 etia'n
3233 5114 3575 5186 singulorum
3604 5130 3727 5168 cor—

2125 5208 2460 5276 ruptibilium
2491 5208 2727 5278 propriae
2760 5207 3148 5275 formae.Quod
3182 5211 3429 5279 sequitur
3462 5212 3513 5264 in
3546 5210 3729 5265 verbis

2122 5299 2461 5368 Aristotelis,
2520 5301 2615 5354 ubi
2671 5301 2844 5366 dicit,
2902 5305 3208 5358 secundum
3264 5320 3395 5358 vero
3449 5321 3619 5358 unum
3674 5306 3728 5359 i.t

2133 5396 2344 5472 multis,
2372 5405 2427 5449 et
2460 5396 2840 5466 uegatiooum,
2874 5397 3023 5452 hunc
3062 5398 3226 5451 habet
3276 5413 3528 5452 sensum.
3563 5399 3733 5456 Aiunt

2126 5493 2217 5562 qui
2268 5492 2419 5546 ideas
2467 5491 2794 5550 defendunt.
2856 5508 2960 5545 non
3010 5508 3172 5561 posse
3228 5492 3367 5554 ﬁeri,
3423 5501 3482 5546 ιιι
3542 5493 3734 5547 multis

2133 5601 2303 5639 unum
2330 5596 2385 5639 et
2422 5585 2564 5638 idetu
2597 5584 2880 5656 quidpiam
2917 5585 3270 5650 habentibus,
3297 5585 3428 5638 illud
3462 5586 3601 5649 idem
3634 5601 3733 5639 sua

2129 5689 2326 5748 sponte
2355 5687 2410 5734 et
2444 5687 2653 5734 temere
2679 5678 2982 5746 contingat.
3012 5676 3198 5748 Neque
3229 5679 3373 5733 enim
3401 5693 3562 5748 posse
3590 5677 3731 5742 lieri,

2133 5785 2192 5828 ttt
2242 5772 2427 5842 aliqua
2470 5781 2565 5827 aut
2621 5788 2838 5843 semper
2893 5785 2981 5827 aut
3029 5782 3088 5826 ttt
3148 5772 3446 5843 plurimum
3505 5774 3734 5826 fortuito

2133 5865 2374 5940 quodam
2430 5881 2563 5921 casu
2619 5863 2872 5921 cutntletn
2911 5875 3130 5924 servent
3176 5867 3453 5924 ordinent.
3499 5867 3735 5939 Oportelr
