4406 6450
748 384 849 449 919

1979 392 2305 453 GEORGII
2341 390 2777 455 PLETHONIS

3912 384 4014 465 9'20

746 502 934 569 itaque
967 504 1199 572 singulis
1230 520 1325 571 per
1358 522 1417 561 se
1446 518 1499 561 ct
1541 525 1645 564 non
1697 525 1789 579 per
1838 504 2097 566 accidens
2152 526 2321 565 unum
2356 518 2399 574 Α
2432 527 2486 564 nc

2273 526 2321 564 ιιι
2356 518 2399 574 Α
2432 512 2651 564 πάντων
2709 513 3010 582 ἡγεμονίας
3072 518 3213 583 μετὰ
3280 517 3371 570 τὸν
3418 518 3624 585 ἀγαθὸν
3677 521 3814 573 Θεδν
3865 522 4013 588 αὐτῷ

743 605 907 661 atque
931 596 1082 647 idem
1110 598 1393 665 quidpiam
1421 616 1712 656 Commune
1731 602 2125 666 obtinentibus,
2154 620 2322 657 unum

739 685 1023 752 quidpiam
1061 689 1325 741 eximium
1368 700 1533 759 atque
1584 693 1843 747 selectum
1896 710 2150 762 praesse,
2180 697 2323 762 quod

735 775 924 829 multis
950 777 1080 830 illud
1116 794 1285 832 unum
1318 792 1485 848 atque
1528 783 1667 837 idem
1726 786 2018 853 impertiat.
2054 786 2320 841 Adversu:

734 868 846 917 ha-c
882 869 1226 935 Aristoteles,
1252 881 1304 924 et
1332 874 1634 928 secundum
1669 892 1838 929 unum
1869 878 2066 947 inquit,
2098 875 2151 932 in
2183 879 2323 931 mul-

730 955 799 1007 tis
825 965 878 1010 et
909 960 1281 1028 negationum.
1336 964 1549 1033 Quippe
1602 968 1647 1021 si
1700 969 1999 1023 secundum
2067 970 2119 1022 id
2176 969 2320 1037 quod

729 1062 895 1100 utinm
930 1052 1212 1120 quippiam
1248 1054 1376 1108 insit
1411 1058 1645 1124 exempli
1681 1060 1853 1131 gratia
1904 1060 2090 1114 multis
2140 1060 2321 1113 homi-

728 1138 913 1203 nibus,
942 1141 1257 1198 humanitas
1280 1147 1559 1213 videlicet,
1595 1161 1810 1219 oportet
1842 1168 2011 1206 unum
2038 1152 2317 1221 quidpiam

726 1231 991 1286 eximium
1026 1238 1389 1305 constituere,
1426 1242 1571 1310 quod
1609 1242 1719 1297 iflis
1754 1244 1895 1298 hanc
1922 1245 2315 1300 humanitatem

725 1324 1019 1390 impertiat,
1046 1333 1321 1397 oportebit
1362 1335 1525 1389 etiam
1577 1352 1747 1390 unum
1812 1338 2101 1407 quippiam
2151 1353 2313 1399 esse,

723 1416 869 1481 quod
908 1420 1168 1475 omnibus
1198 1439 1306 1477 non
1342 1426 1679 1491 hominihus,
1717 1430 1988 1484 rationem
2031 1446 2175 1492 eam,
2209 1446 2313 1498 qua

723 1520 831 1559 non
883 1519 1011 1563 sunt
1063 1512 1354 1575 homines,
1394 1515 1695 1586 largiatur.
1728 1518 1963 1582 .Etenim
2014 1521 2177 1574 etiam
2238 1522 2313 1575 illi

722 1612 891 1651 unum
928 1602 1211 1670 quippiam
1270 1604 1472 1659 habent
1505 1598 1821 1671 commune,
1852 1617 1909 1662 ut
1941 1609 2051 1664 sint
2079 1626 2185 1665 non
2217 1611 2315 1664 ho-

722 1688 926 1751 mines,
958 1694 1429 1758 quemadmodum
1488 1697 1563 1750 illi
1600 1699 1695 1766 qui
1748 1709 1879 1753 sunt
1929 1700 2181 1755 homines
2214 1702 2313 1755 hu-

718 1778 1038 1832 manitatem
1091 1797 1438 1838 communem
1484 1786 1763 1842 obtinent.
1819 1786 2093 1842 Hactenus
2127 1789 2310 1857 itaque

2437 603 2828 670 προνέμοντες.
2882 605 3087 657 Τοῦτον
3147 608 3239 660 τὸν
3290 608 3416 661 νοῦν
3474 610 3881 679 παραδείγματι
3938 610 4016 679 τῷ

2435 692 2561 744 καθ’
2593 693 2789 745 ἑαυτὸν
2820 696 2995 763 νοητῷ
3033 697 3229 766 κόσμῳ
3262 700 3629 769 κεχρημένον,
3661 701 3751 753 τδν
3784 701 4013 769 οὐρανὸν

2436 781 2589 833 τόνδε
2619 783 2715 833 καὶ
2748 784 2955 851 κόσμον
2986 786 3254 856 αίσθητὸν
3277 788 3399 858 δεδη
3412 792 3829 858 μιουργηκέναι.
3863 785 4017 843 Εἷναί

2430 890 2487 926 τε
2527 873 2621 925 τὸν
2672 874 2934 943 αἰσθητὸν
2989 878 3140 930 τόνδε
3182 879 3388 948 κόσμον
3433 881 3529 933 τοῦ
3579 882 3773 951 νοητοῦ
3805 884 4013 945 είκόνα,

2433 968 2575 1019 κατά
2637 968 2700 1018 τὸ
2757 968 2878 1021 ὄὶον
2922 971 3017 1022 καὶ
3052 975 3195 1041 μέρη
3228 972 3381 1027 οὐδὲν
3421 975 3504 1027 ὃτι
3548 977 3646 1029 καὶ
3672 976 3772 1027 οὐκ
3809 975 4017 1027 ἐκεῖθεν

2429 1059 2624 1126 ἔχοντα
2684 1060 2793 1112 τῶν
2846 1063 3025 1115 αίτίου
3088 1054 3385 1133 δεὸμένων.
3451 1066 3677 1119 Δείσθαι
3742 1068 3787 1119 δ’
3837 1068 4014 1119 αίτίου

2429 1150 2646 1204 ἅπαντα
2688 1154 2758 1205 τά
2800 1153 2931 1208 ὄντα
2976 1171 3035 1207 τε
3091 1157 3187 1209 καὶ
3245 1157 3567 1227 γιγνόμενα.
3626 1160 3923 1227 Στερήσεις
3958 1159 4016 1212 δι

2427 1244 2521 1295 καὶ
2554 1243 2950 1313 ἀποτεύγματα
3001 1250 3098 1301 καὶ
3150 1250 3179 1302 ὃ
3213 1268 3265 1302 τι
3298 1250 3367 1303 ἂν
3422 1252 3559 1319 πρὸς
3589 1251 3651 1303 τὸ
3694 1252 3767 1319 μὴ
3801 1250 3861 1302 ὃν
3912 1251 4013 1321 ἤδη

2427 1333 2714 1404 ἀποπίπτῃ
2757 1335 2868 1388 οὐδ’
2904 1338 3081 1391 αίτίου
3146 1339 3380 1393 δεῖσθαι.
3419 1340 3561 1393 Ἀλλ’
3590 1341 3767 1393 αίτίου
3812 1341 4017 1409 μᾶλλον

2426 1425 2712 1487 ἀπολείψει
2751 1428 2983 1482 τοιαῦτα
3023 1430 3369 1486 ἀποϐαίνειν.
3400 1433 3536 1485 Οὐδὲ
3565 1433 3631 1501 δὴ
3661 1434 3759 1495 τὰς
3800 1434 4016 1499 ἀποφά-

2426 1531 2559 1577 σεις.
2596 1517 2685 1585 Τῷ
2717 1518 2827 1587 γάρ
2860 1520 2955 1571 τοῦ
2990 1521 3099 1573 τῶν
3132 1522 3500 1587 καταφάσεων
3534 1523 3647 1575 τῶν
3677 1540 3740 1590 γε
3771 1524 4013 1576 ἀντικει-

2425 1606 2605 1671 μένων
2637 1608 2814 1661 αἰτίου
2854 1610 2948 1661 καὶ
2992 1610 3199 1674 ταύτας
3232 1613 3655 1677 ἀπολείπεσθαι,
3705 1617 4013 1682 ἀποφάσεις

2422 1697 2761 1753 ἀποϐαίνειν.
2806 1698 2941 1752 Οὐδέ
2975 1717 3038 1767 γε
3090 1701 3202 1755 τῶν
3288 1704 3431 1757 κατά
3478 1706 3830 1774 συμϐεϐηκὸς
3884 1708 4013 1776 τῇδε

2422 1789 2761 1857 γιγνομένων
2785 1790 2845 1842 ἒν
2868 1809 2922 1844 τι
2946 1794 3063 1845 ἐκεῖ
3095 1794 3272 1847 αῐτιον
3308 1793 3474 1851 εἶναι.
3511 1798 3623 1849 Καὶ
3651 1800 3760 1868 γὰρ
3788 1800 3912 1867 τῇδε
3943 1800 4012 1853 τὰ

714 1868 1060 1925 Aristotcles.
1104 1871 1214 1927 Nos
1245 1890 1371 1931 vero
1410 1892 1591 1944 operae
1625 1878 1859 1946 pretium
1910 1895 2012 1934 nos
2066 1879 2306 1937 facturos
2340 1870 2381 1925 Β
2411 1898 2454 1932 τι

2281 1898 2306 1937 s
2340 1870 2381 1925 Β
2411 1880 2633 1934 τοιαῦτα
2658 1883 2923 1936 πλειόνων
2950 1885 3143 1938 αίτίων
3168 1888 3373 1955 συνόδῳ
3402 1889 3747 1951 ἀποὸαίνειν,
3770 1886 3846 1943 ὦν
3882 1892 4017 1945 ἔκα-

714 1956 1076 2024 arhitramur,
1094 1962 1137 2014 si
1167 1962 1488 2033 priusquam
1514 1966 1581 2019 ad
1615 1967 1788 2036 ipsius
1812 1969 2052 2024 rationes
2077 1984 2308 2038 respon-

714 2048 943 2105 deamus
974 2053 1335 2121 explanemus
1388 2059 1628 2126 primum
1664 2061 1987 2130 qualesnam
2030 2072 2084 2117 et
2120 2062 2309 2129 cujus-

713 2140 858 2195 modi
899 2157 1022 2198 esse
1052 2160 1181 2201 suas
1223 2149 1441 2216 species
1474 2151 1589 2205 sive
1632 2151 1839 2207 formas
1863 2153 2176 2209 existiment
2209 2154 2305 2217 illi,

712 2230 806 2299 qui
844 2231 992 2299 ipsas
1026 2237 1386 2311 constituunt,
1418 2241 1617 2308 quibus
1641 2243 1905 2311 expositis
1936 2243 2151 2297 tandem
2182 2244 2309 2298 Ari-

712 2322 981 2377 stotelicis
1030 2336 1343 2395 opportune
1397 2345 1759 2386 occurremus
1810 2335 2140 2389 rationibus.
2196 2333 2309 2389 llac

711 2426 950 2481 namque
984 2416 1197 2471 ratione
1228 2424 1579 2489 apertissime
1636 2424 2037 2480 convincemus
2072 2427 2220 2481 illum
2250 2427 2305 2482 in

707 2504 1043 2571 quibusdam
1080 2510 1302 2578 quidem
1352 2513 1753 2570 calumniatum
1807 2533 1949 2579 esse,
1982 2518 2033 2572 in
2071 2519 2305 2587 quibus-

707 2596 832 2650 dam
900 2614 1034 2655 vero
1105 2618 1213 2659 non
1276 2605 1329 2659 id
1394 2608 1669 2663 conﬁcere
1727 2612 1873 2679 quod
1925 2611 2172 2679 optabat.
2224 2610 2301 2665 llli

707 2689 893 2759 itaque
917 2695 1012 2763 qui
1041 2695 1209 2753 idaeas
1238 2698 1563 2767 defendunt,
1594 2703 1749 2757 aiunt
1778 2703 1949 2758 Deum
1985 2705 2132 2758 illum
2164 2707 2307 2774 cpti-

709 2799 861 2837 inum
898 2789 1203 2843 maximum
1242 2792 1333 2861 qui
1364 2809 1579 2848 summa
1615 2797 1853 2863 quadam
1899 2796 2303 2866 excellentique

708 2876 961 2933 bonitate
1007 2892 1093 2936 est
1144 2884 1407 2952 praeditus
1451 2888 1828 2941 immediatum
1866 2905 1975 2943 non
2030 2906 2153 2944 esse
2194 2889 2299 2943 hu-

702 2968 1016 3036 juscectpli
1051 2977 1331 3045 opificem,
1391 2980 1485 3034 sed
1541 2981 1696 3049 prius
1747 2982 1977 3037 alterius
2013 2983 2298 3051 cujusdam

702 3073 917 3119 natura:
951 3074 1115 3136 atque
1142 3073 1417 3137 essentia,
1451 3087 1575 3141 qum
1623 3083 1676 3127 et
1709 3088 1835 3128 cum
1877 3074 1996 3144 ipso
2030 3076 2297 3145 majorem

2417 1987 2543 2023 στον
2572 1972 2753 2025 ἐκεῖσε
2787 1973 3187 2044 ἀναφέρεσθαι,
3225 1977 3323 2027 καὶΙ
3361 1977 3459 2045 οὐχ
3496 1977 3556 2029 ἓν
3610 1994 3665 2031 τι
3713 1974 3862 2030 εἶναι
3897 1980 4017 2032 ἐκεῖ

2410 2062 2469 2115 τὸ
2504 2063 2612 2116 τῶν
2651 2064 2911 2118 τοιούτων
2954 2066 3149 2120 αῐτιον.
3199 2068 3334 2120 Οὐδέ
3369 2086 3432 2135 γε
3457 2070 3567 2121 τῶν
3601 2070 3845 2140 ἀπείρων
3877 2071 3934 2124 ἐν
3961 2089 4016 2139 τι

2410 2154 2753 2218 καθέκαστον,
2778 2157 2896 2209 ἐκεῖ
2940 2155 3083 2210 εἶναι
3118 2158 3316 2225 αἴτιον,
3340 2160 3454 2211 ἀλλ’
3482 2160 3542 2213 ἓν
3566 2179 3619 2213 τι
3646 2163 3866 2215 πάντων
3903 2162 4017 2217 τῶν

2409 2246 2535 2315 τῇδε
2563 2248 2621 2309 ἐς
2666 2248 2928 2315 ἀπειρίαν
2961 2250 3062 2320 ἤδη
3098 2251 3478 2304 ἐκπιπτόντων
3511 2255 3627 2305 ὲκεί
3661 2249 3806 2306 εἶναι
3836 2254 3896 2305 τὸ
3924 2253 4013 2305 αῖ-

2408 2351 2523 2386 τιον
2564 2331 2725 2399 εἶδος.
2780 2337 3007 2408 Οὐδαμῆ
3044 2341 3151 2409 γὰρ
3174 2341 3434 2410 ἀπειρίας
3465 2343 3564 2412 τῆς
3594 2345 3735 2396 κατὰ
3759 2345 3818 2396 τὸ
3839 2345 4008 2396 ποσὸν

2405 2427 2521 2487 τοῖς
2581 2427 2700 2478 ἐκεῖ
2755 2430 3022 2495 μετεῖναι.
3068 2430 3231 2484 Ἀλλά
3266 2432 3346 2501 τῷ
3398 2433 3498 2500 μὲν
3546 2434 3858 2503 ὐπερουσίῳ
3888 2434 4012 2504 Θεῷ

2404 2519 2514 2571 οὐδ’
2546 2519 2683 2582 ὅλως
2715 2520 2976 2590 πλήθους.
3023 2523 3246 2592 ’Ᾱκρως
3282 2524 3391 2593 γάρ
3428 2524 3491 2591 δὴ
3524 2525 3581 2576 ἒν
3614 2525 3778 2578 αὐτὸν
3830 2520 4004 2576 εἶναι’

2406 2612 2483 2683 τῷ
2509 2614 2566 2666 δὲ
2620 2613 2797 2683 νοητῷ
2838 2617 3011 2685 τούτῳ
3043 2616 3325 2686 διακόσμῳ
3381 2616 3587 2685 πλῆθος
3643 2618 3743 2686 μὲν
3783 2619 4009 2683 ἐνεῖναι,

2407 2709 2833 2773 πεπερασμένον
2861 2707 2905 2757 δ’
2932 2707 3062 2759 αὐτὸ
3082 2704 3218 2760 εἶναι
3244 2709 3338 2761 καὶ
3372 2710 3584 2779 οὐδαμῆ
3610 2711 3858 2778 ἄπειρον,
3887 2709 4013 2762 οὐτε

2405 2797 2641 2867 δυνάμει
2706 2798 2831 2851 οὗτε
2885 2800 3056 2870 ἔργῳ.
3108 2801 3197 2869 Τῷ
3244 2801 3289 2855 δ’
3320 2802 3566 2871 αίσθητῷ
3624 2803 3758 2871 τῷδε
3819 2805 4017 2874 κόσμῳ

2410 2889 2510 2957 τὴν
2542 2890 2801 2959 ἀπειρίαν
2832 2892 2932 2962 ἢδη
2965 2893 3345 2962 ὼς“ὲνδέχεται
3382 2895 3738 2961 ἐγγεγονέναι
3776 2896 3866 2947 διὰ
3912 2897 4011 2962 τὴν

2407 2982 2562 3051 ὓλην,
2662 2982 2894 3052 πρώτως
2957 2985 3019 3037 τὸ
3070 2985 3301 3053 ἄπειρον
3335 2985 3649 3055 πρόσεστιν,
3678 2988 3883 3038 ἐκεῖθεν
3907 2988 4010 3055 μὲν

2406 3074 2502 3127 καὶ
2562 3073 2771 3143 ταύτην
2832 3075 3067 3144 ἔχουσαν
3132 3076 3233 3145 τὴν
3291 3078 3471 3129 αἰτίαν
3515 3077 3580 3130 οὐ
3611 3078 3712 3146 μέν
3741 3080 4015 3130 τοικάκεϊ

703 3155 907 3210 habeat
934 3161 1323 3225 cngnationem
1348 3172 1405 3216 et
1438 3178 1562 3218 cum
1594 3166 1665 3219 sit
1699 3166 2058 3235 sempiterna,
2085 3182 2299 3236 semper
2332 3205 2375 3263 ο
2409 3165 2443 3219 ἄ

2274 3185 2299 3221 r
2332 3205 2375 3263 Ο
2409 3165 2653 3263 ἄπειρον.
2686 3162 3207 3263 οὖσανᾋ-(ιύδὲγάρ
3265 3168 3375 3263 τιῖιν
3408 3169 3537 3238 τῇδε
3584 3168 3781 3236 λόγων,
3816 3171 4012 3263 ἄλογον

701 3248 913 3313 eadem,
960 3250 1243 3321 similique
1278 3253 1493 3309 ratione
1524 3270 1583 3310 se
1638 3255 1857 3309 habeat.
1894 3255 2161 3312 Eumdem
2194 3260 2301 3312 ita-

702 3354 811 3406 que
842 3340 995 3395 illnm
1035 3341 1205 3398 Deum
1248 3360 1355 3398 non
1404 3362 1503 3416 per
1539 3348 1809 3417 seipsum,
1859 3350 1952 3403 sed
2006 3365 2101 3419 per
2151 3351 2299 3405 illam

696 3431 811 3498 jam
842 3433 1163 3515 productam
1200 3438 1319 3491 sive
1368 3440 1665 3492 eSsentiam
1720 3440 1837 3494 sive
1890 3450 2144 3495 naturam
2201 3444 2304 3498 hu—

696 3526 856 3592 jusce
890 3526 1016 3578 (ξαεΙί
1050 3526 1217 3583 fuisse
1245 3528 1663 3595 faluicatorem,
1698 3539 1864 3601 atque
1900 3533 2045 3589 illam
2080 3535 2299 3605 quidem

707 3620 1009 3672 essentiam
1049 3622 1100 3673 in
1147 3637 1317 3675 unum
1378 3624 1776 3693 intelligibilcm
1828 3628 2097 3681 mundum
2140 3643 2305 3700 coag-

699 3722 975 3779 nientant,
1009 3730 1172 3785 quem
1211 3716 1422 3772 Locrus
1468 3719 1558 3774 ille
1588 3719 1831 3775 Timmus
1882 3720 2159 3776 idanicum
2206 3738 2303 3791 ap-

701 3806 891 3875 pellat.
928 3822 991 3861 ac
1025 3809 1070 3862 si
1101 3810 1268 3875 dicat,
1303 3812 1596 3881 specialem
1628 3815 1713 3867 vel
1748 3814 2157 3885 exemplarem,
2206 3816 2301 3885 qui

701 3900 967 3955 nimirum
1023 3917 1088 3957 ex
1143 3905 1425 3969 omnibus,
1465 3906 1647 3973 iisque
1679 3908 2001 3964 multifariis
2047 3910 2119 3963 sit
2166 3926 2301 3965 con-

700 4001 950 4049 structus
984 3997 1299 4065 speciebus,
1327 4014 1467 4069 quas
1494 4000 1660 4054 etiam
1697 4010 1906 4055 mentes
1934 4011 2151 4057 vocant.
2180 4002 2301 4056 Tuti

700 4102 830 4143 vero
864 4089 991 4143 huic
1027 4090 1357 4159 intelligibili
1394 4093 1603 4146 mundo
1634 4108 1797 4147 unam
1832 4095 2130 4164 quamdam
2184 4111 2305 4165 per-

700 4181 1069 4237 fectissimam
1129 4184 1437 4254 prmﬁciunt
1488 4195 1768 4250 mentem,
1824 4188 1914 4241 cui
1966 4198 2093 4257 post
2152 4189 2301 4243 illum

695 4280 875 4331 omnis
911 4278 1035 4330 boni
1067 4288 1349 4332 auctorem
1388 4289 1553 4347 atque
1594 4277 1802 4333 fontem
1833 4279 1997 4334 deum
2029 4283 2304 4338 secundas

697 4371 750 4422 in
788 4372 1190 4436 gubernatione
1249 4372 1581 4442 imperiique
1618 4373 1864 4427 universi
1901 4385 2097 4446 partes
2132 4390 2303 4428 ascri-

697 4462 856 4514 hum.
903 4460 1055 4517 llauc
1088 4478 1256 4531 porro
1286 4474 1527 4519 mentem
1561 4464 1655 4519 illo
1689 4479 1787 4534 per
1823 4466 2065 4535 seipsum
2101 4467 2303 4521 intelli-

694 4557 844 4626 gibili
876 4559 1101 4626 speciali
1127 4560 1335 4615 mundo
1365 4575 1548 4623 usam,
1579 4560 1683 4615 hoc
1709 4561 1914 4616 nostris
1940 4562 2303 4631 conspicuum

694 4653 873 4708 oculis
926 4653 1156 4717 caelum,
1222 4654 1608 4724 mundumque
1672 4655 1930 4710 sensibus
1991 4657 2304 4726 subjectum

694 4747 1024 4801 [diﬁcatum
1054 4762 1199 4803 esse.
1244 4747 1376 4802 Esse
1409 4748 1597 4816 itaque
1630 4749 1780 4803 hunc
1815 4749 2070 4804 sensibus
2113 4764 2305 4819 paten-

696 4854 802 4897 tem
842 4843 1107 4897 mundum
1148 4844 1295 4898 illius
1328 4843 1700 4912 intelligibilis
1733 4844 2101 4899 simulacrum
2139 4855 2306 4915 atque

694 4937 1014 5006 imaginem.
1045 4937 1293 5007 nihilque
1325 4954 1389 4993 ex
1418 4939 1483 4992 iis
1510 4953 1634 5006 qua:
1659 4938 1845 4992 causis
1875 4938 1994 4991 suis
2029 4937 2305 5007 indigent,

692 5041 806 5081 tam
852 5028 907 5081 in
944 5036 1059 5083 toto
1091 5044 1257 5099 quam
1291 5029 1346 5083 in
1379 5030 1631 5099 partibus
1666 5029 1961 5090 exsistere,
2014 5027 2160 5096 quod
2198 5043 2304 5082 non

693 5123 762 5175 :b
803 5123 897 5175 illo
926 5122 1101 5177 altero
1136 5132 1321 5177 Ortum
1362 5124 1567 5189 trahat,
1605 5122 1791 5177 causis
1842 5136 1972 5175 vero
2036 5121 2305 5192 indigere.

691 5232 1039 5286 qumcunqtte
1092 5218 1335 5271 existant
1359 5217 1410 5269 in
1446 5216 1631 5283 rebus,
1665 5229 1895 5283 quzeque
1924 5212 2081 5277 ﬁant,
2113 5226 2167 5266 et
2193 5214 2307 5283 pri-

695 5311 949 5366 vatiuncs
980 5320 1033 5364 et
1064 5310 1482 5373 frustrationes,
1511 5319 1564 5364 et
1590 5306 1858 5379 quidquid
1886 5306 2125 5387 denique
2151 5308 2214 5361 ad
2248 5306 2300 5360 id

690 5403 841 5475 quod
880 5420 1153 5474 nusquam
1190 5415 1297 5469 εει,
1330 5405 1528 5458 recidit
1553 5403 1759 5456 nullam
1792 5401 2023 5457 omnino
2073 5413 2301 5454 causam

695 5500 996 5569 postulare,
1042 5500 1156 5554 imo
1186 5500 1370 5568 potius
1400 5497 1617 5553 delectu
1668 5512 1853 5552 causa!
1904 5503 2104 5550 cuncta
2161 5494 2309 5564 ejus-

695 5594 843 5649 modi
875 5596 1219 5663 contingere,
1257 5609 1435 5663 neque
1465 5594 1593 5647 item
1624 5595 1967 5663 negationes.
1994 5596 2127 5651 Nam
2162 5595 2306 5665 quod

692 5707 861 5746 causa
898 5692 1195 5745 contraria:
1241 5690 1627 5745 allirmationis
1651 5691 1817 5756 desit,
1855 5706 1917 5744 ex
1954 5706 2021 5745 eo
2056 5707 2161 5745 una
2197 5690 2307 5744 ori-

694 5800 783 5842 tur
827 5787 1067 5856 negatio.
1119 5784 1311 5855 Neque
1365 5787 1558 5849 etiam,
1613 5802 1734 5855 qum
1789 5802 1886 5855 per
1926 5788 2183 5841 accidens
2221 5786 2309 5839 hic

696 5881 1049 5951 contingunt,
1088 5898 1282 5937 eorum
1323 5882 1487 5937 ullam
1547 5898 1771 5952 [\IUI‘SUS
1809 5881 1916 5937 illic
1954 5897 2173 5937 causam
2214 5884 2308 5936 ha-

2413 3261 2576 3312 κάκεῖ
2604 3255 2743 3312 εἶναι
2772 3262 2832 3313 τὸ
2859 3255 3020 3324 εἶδος,
3044 3260 3163 3314 οὐδέ
3200 3277 3263 3329 γε
3287 3260 3395 3313 τῶν
3420 3263 3784 3329 κινουμένων,
3828 3261 4014 3313 κινού-

2417 3367 2597 3419 μενον.
2625 3350 2748 3403 Τῶν
2779 3367 2843 3418 γε
2882 3350 2990 3420 μὴν
3015 3349 3141 3421 τῇδε
3177 3351 3402 3413 οὐσ;ὦν,
3434 3350 3541 3402 τῶν
3573 3368 3629 3402 τε
3658 3354 3777 3413 ταῖς
3804 3352 4020 3413 οὐσίαις

2414 3444 2539 3499 καθ’
2560 3445 2701 3499 αὐτά
2724 3447 3039 3515 προσόντων
3061 3447 3156 3499 καὶ
3187 3446 3426 3514 σχέσεων
3458 3448 3575 3497 ἐκεῖ
3608 3440 3749 3499 εἶναι
3805 3449 3871 3499 τὰ
3898 3447 4018 3513 είδη

2413 3555 2471 3590 τε
2513 3539 2608 3591 καὶ
2649 3538 3078 3606 παραδείγματα
3104 3538 3213 3589 τῶν
3246 3538 3347 3605 μὲν
3379 3538 3642 3606 σχέσεων,
3683 3539 3765 3590 ὅτι
3794 3538 3916 3590 οὐδὲ
3945 3538 4018 3589 τὰ

2414 3624 2582 3684 κάκεῖ
2609 3630 2818 3699 ἄσχετα
2846 3632 2979 3701 πρὸς
3002 3630 3231 3699 ἄλληλα..
3252 3631 3373 3683 Τῶν
3399 3626 3494 3683 οὖν
3515 3633 3635 3683 ἐκεῖ
3662 3633 3899 3700 σχέσεων
3919 3632 4023 3694 τὰς

2414 3724 2541 3792 τῇδε
2594 3722 2674 3775 δεῖ
2705 3719 2847 3775 εἶναι
2877 3722 3117 3788 είκόνας,
3154 3723 3264 3775 τῶν
3324 3722 3382 3774 δὲ
3417 3724 3749 3791 προσόντων,
3792 3724 3875 3776 ὅτι
3905 3724 4021 3775 οὐδ’

2415 3816 2549 3869 ἄνευ
2621 3817 2938 3885 προσόντων
2999 3817 3183 3870 τάκεῖ.
3221 3816 3329 3869 Τοῦ
3369 3816 3469 3885 μὲν
3502 3818 3612 3886 γάρ
3670 3816 4013 3887 ὐπερουσίου

2416 3911 2537 3973 ένὸς
2570 3910 2665 3963 ᾰτε
2704 3910 2889 3979 ἄκρως
2921 3908 3039 3971 ἑνὸς
3065 3908 3217 3972 ὄντος
3245 3906 3369 3960 οὐτε
3398 3909 3611 3974 οὐσίαν,
3640 3907 3763 3960 οὐτε
3794 3909 4022 3977 προσὸν,

2414 4000 2543 4054 οὐτε
2607 4002 2919 4070 ἐνέργειαν,
2986 4000 3111 4053 οὐτε
3173 3999 3409 4069 δύναμιν
3469 3999 3871 4068 διακεκρίσθαι.
3898 4000 4025 4052 Τῶν

2414 4095 2467 4147 δὲ
2512 4094 2673 4147 εἰδῶν
2722 4111 2781 4146 τε
2822 4096 2915 4147 καὶ
2951 4093 3058 4149 νῶν
3092 4093 3300 4146 τούτων
3356 4094 3452 4146 ἆτε
3497 4094 3597 4145 οὐκ
3628 4093 3825 4161 ἐκείνῳ
3855 4108 4022 4160 παρι-

2416 4188 2729 4251 σουμέκων,
2765 4185 3041 4262 προσόντα
3070 4187 3171 4254 μὲν
3200 4186 3390 4248 οὐσίας
3429 4186 3833 4253 διακεκρίσθαι,
3862 4186 4023 4253 ἐντρ-

2414 4280 2569 4347 γείας
2589 4280 2645 4331 δὲ
2670 4280 2906 4348 δύναμιν
2928 4278 3163 4341 οὐδέπω,
3194 4276 3330 4331 ἀλλὰ
3360 4279 3473 4339 τοῖς
3504 4276 3629 4345 τῇδε
3660 4277 3761 4345 ήδη
3787 4276 3923 4345 πρὸς
3951 4277 4022 4340 τῇ

2414 4374 2583 4444 ἑτέρᾳ
2615 4372 2709 4426 καὶ
2735 4373 2939 4440 ταύτην
2976 4373 3075 4441 τὴν
3110 4371 3385 4439 διάκρισιν
3413 4368 3789 4423 ἀποδίδοσθαι.
3860 4370 4027 4420 Ὠστ¹

2417 4467 2487 4519 ἂν
2518 4466 2682 4518 τάκεῖ
2731 4467 2915 4534 μέσως
2939 4481 3054 4527 πως
3111 4464 3255 4531 ἔχειν
3282 4462 3375 4516 τοῦ
3409 4480 3469 4514 τε
3501 4460 3829 4532 ὐπερουσίου
3857 4462 3977 4522 ἑνὸς
4004 4502 4020 4525 ,

2344 4577 2384 4629 D
2417 4561 2513 4609 καὶ
2561 4558 2672 4610 τῶν
2728 4557 2855 4627 τῇδε
2902 4557 2997 4607 καὶ
3028 4555 3330 4625 αἰσθητῶν.
3361 4548 3461 4607 Οἷα
3498 4553 3597 4622 μὲν
3627 4548 3721 4606 οὖν
3747 4554 3842 4604 καὶ
3868 4552 4023 4611 ὅπως

2414 4652 2611 4720 ἔχοντα
2638 4649 2708 4702 τά
2734 4649 2879 4717 είδη,
2926 4651 2974 4700 oi
3011 4648 3288 4715 τιθέμενοι
3322 4646 3571 4710 ἀξιοῦσιν
3599 4641 3766 4707 εἶναι,
3796 4644 4017 4711 είρηται

2416 4745 2553 4814 ἡμῖν
2626 4742 2703 4805 ὼς
2762 4742 2852 4795 διὰ
2912 4740 3277 4811 βραχυτάτων
3315 4756 3376 4791 τε
3416 4740 3510 4790 καὶ
3570 4739 3628 4789 ὲν
3688 4736 4015 4803 κεφαλαίοις

2414 4838 2616 4890 εἰπεῖν.
2660 4837 2807 4906 Πρὸς
2837 4830 2931 4889 οὖν
2964 4836 3032 4886 τὰ
3079 4831 3500 4903 ⁹Αριστοτέλους
3530 4830 3635 4901 ήδη
3668 4829 4018 4897 ἀπαντητέον

2415 4932 2482 4985 ἂν
2513 4933 2623 4999 είη.
2661 4930 2818 4983 Κατά
2868 4946 2927 4982 τε
2971 4929 3080 4997 γὰρ
3111 4926 3238 4989 τούς
3284 4926 3477 4993 λόγους
3514 4924 3624 4975 τῶν
3666 4922 4014 4992 ἐπιστημῶν,

2413 5025 2567 5079 ἔσται
2616 5024 2731 5093 εῐδη
2782 5024 3004 5076 πάντων
3054 5023 3308 5090 ὅσωνπερ
3337 5020 3434 5072 καὶ
3496 5017 3801 5086 ἐπιστῆμαί
3852 5018 4013 5082 είσιν,

2416 5119 2575 5186 εἴπερ
2610 5116 2914 5187 ἐπιστῆμαι
2936 5116 3043 5167 τῶν
3090 5114 3217 5167 καθ’
3246 5113 3389 5165 αὐτὰ
3422 5111 3507 5164 ἀεί
3536 5112 3666 5163 εἰσι.
3695 5110 3808 5163 Καὶ
3840 5109 3893 5161 εί
3923 5126 4008 5161 τοι

2414 5213 2579 5267 πάλιν
2613 5213 2721 5265 τῶν
2753 5210 2879 5265 καθ’
2921 5209 3066 5264 αὐτά
3104 5208 3419 5278 προσόντων
3447 5206 3607 5263 εἰσὶν.
3643 5204 3743 5273 οὐχ
3766 5202 3821 5255 οἵ
3850 5218 3914 5269 γε
3944 5205 4016 5255 τά

2417 5310 2532 5376 εἴδη
2566 5308 2849 5377 τιθέμενοι
2877 5306 3174 5373 ὀκνήσουσι
3211 5301 3286 5372 μὴ
3310 5299 3575 5354 ἀπάντων
3608 5297 3818 5351 τούτων
3844 5296 4014 5364 φάναι

2416 5401 2563 5458 εἶναι
2588 5403 2727 5469 είδη,
2758 5400 2821 5453 οὐ
2851 5400 2954 5470 μέν
2992 5415 3077 5450 τοι
3106 5395 3377 5457 ὡσαύτως
3412 5394 3659 5446 πάντων.
3706 5390 3870 5444 Ἀλλά
3902 5389 4012 5441 τῶν

2418 5495 2518 5565 μὲν
2569 5499 2625 5559 ἐς
2691 5491 3091 5562 πεπερασμένα
3145 5488 3261 5555 εἴδη
3304 5487 3370 5541 τὰ
3420 5484 3550 5555 τῇδε
3576 5483 4015 5553 διακρινομένων

2415 5590 2475 5643 ἓν
2509 5591 2597 5657 ἐφ’
2632 5590 2854 5657 ἑκάστῳ
2909 5586 3047 5654 είδη,
3101 5581 3212 5635 τῶν
3241 5581 3318 5636 δὲ.
3354 5582 3411 5643 ἐς
3467 5579 3731 5649 ἀπειρίαν
3780 5577 3880 5646 ἤδη
3919 5580 4016 5628 ἐκ·

2416 5684 2757 5746 πιπτόντων,
2785 5682 2843 5735 ἓν
2876 5683 2969 5732 ἐπὶ
3003 5680 3141 5732 πᾶσι
3176 5680 3289 5738 τοῖς
3338 5676 3615 5744 ἀπείροις.
3656 5672 3865 5725 Αὐτίκα
3902 5672 4016 5739 γὰρ

2413 5781 2493 5849 τῷ
2539 5779 2665 5849 τῇδε
2727 5775 2948 5847 ἀριθμῷ
3002 5773 3167 5826 παντὶ
3221 5770 3311 5823 διὰ
3366 5768 3470 5838 τὴν
3529 5766 3813 5834 ἀπειρίαν,
3855 5763 3911 5814 ἓν
3952 5762 4016 5813 τὸ

2416 5877 2534 5929 ὲκέῖ
2568 5870 2706 5937 εἶδος
2744 5873 3035 5943 ἐφιστᾶσιν
3070 5866 3273 5922 ἑνιαῖὁν
3306 5881 3362 5917 τε
3396 5864 3491 5916 καὶ
3527 5861 3650 5916 καθ’
3693 5860 3749 5911 ἓν
3785 5858 4014 5911 ἅπαντα
