4406 6450
403 405 502 471 921

1081 413 1180 474 DE
1217 413 1650 476 PLATONICA
1693 414 1787 478 ET
1828 419 2398 484 ARISTOTELICA
2443 423 2974 483 PHILOSOPIIIA

3544 421 3652 482 Q9.

405 520 659 590 περιέχον
797 523 874 590 τῷ
904 525 1027 595 τῇδε
1057 527 1278 597 ἀριθμῷ
1317 530 1752 600 διακεκριμένως
1783 552 1841 586 τε
1877 535 1974 587 καὶ
2004 539 2046 592 Α
2076 535 2143 588 be

1917 535 1974 587 αἱ
2004 539 2046 592 Α
2076 535 2215 590 beri.
2247 535 2529 605 Siquidem
2561 537 2835 602 ejusmodi
2888 536 3128 602 plurium
3187 549 3474 588 causarum
3520 536 3650 588 con-

405 608 529 662 καθ’
559 603 701 662 αὐτὰ
737 603 1133 681 συμϐαίνοντα.
1166 618 1278 670 Καὶ
1314 619 1408 672 ἐπὶ
1441 621 1552 672 τῶν
1572 623 1684 682 τοῖς
1717 623 1975 688 μεγέθεσι
2079 640 2145 679 cu

1913 641 1975 677 rat
2079 640 2245 679 cursu
2288 629 2376 681 hic
2420 615 2716 688 eveniant“,
2764 641 2999 693 quarum
3036 641 3376 695 unaquaeque
3424 628 3550 678 illuc
3585 629 3653 679 sit

403 701 814 768 συμϐαινόντων
842 702 1104 768 ὡσαύτως
1123 707 1299 772 ἂν,,ἒν
1317 711 1516 763 τδλέκεῖ
1528 708 1668 774 εἶδος
1692 712 1787 764 τοῦ
1818 714 1981 780 μεγέ-

405 790 554 856 θους,
585 795 681 845 καὶ
711 795 941 862 ἀμερές.
975 796 1094 863 Ἀφ’
1119 793 1196 851 ὧν
1216 799 1318 868 τὴν
1349 800 1533 868 ψυχὴν
1555 802 1981 872 ἐλλαμπομένην

403 880 498 932 τὸν
554 883 956 952 μαθηματικὸν,
1016 889 1270 957 ἀριθμὸν,
1347 892 1446 943 καὶ
1479 892 1845 961 μαθηματικά
1885 911 1982 963 με·

401 971 539 1038 γέθη
574 973 808 1043 ἐκτάδην
837 976 1200 1047 ὑποδέχεσθαι
1231 981 1391 1042 σκιάς
1423 998 1482 1034 τε
1514 982 1610 1035 καὶ
1631 983 1826 1036 εἴδωλα
1855 1002 1981 1053 νοη-

404 1061 516 1115 τῶν
548 1063 679 1117 ὄντα
774 1067 842 1120 τά
873 1069 1000 1136 τῇδε
1043 1069 1101 1124 ἔν
1133 1087 1192 1124 τε
1235 1070 1423 1125 ὕδασιν
1462 1073 1656 1127 εἴδωλα
1693 1076 1789 1127 καὶ
1829 1079 1982 1130 σκιαὶ

403 1154 514 1205 τῶν
550 1155 826 1226 αἰσθητῶν
853 1159 992 1228 πρὸς
1023 1161 1160 1216 αὐτὰ
1216 1164 1285 1216 τὰ
1326 1165 1591 1232 αἰσθητά.
1621 1167 1733 1219 Καὶ
1770 1168 1869 1236 μὲν
1915 1168 1982 1239 δὴ

406 1247 502 1299 καὶ
540 1247 611 1301 τά
646 1249 739 1300 ὑπ’
764 1250 1073 1321 ἀνθρώπων
1108 1257 1382 1309 σκευαστὰ
1433 1258 1608 1311 ταῦτα
1657 1260 1716 1311 ἐν
1759 1260 1836 1329 τῷ
1867 1262 1985 1314 ἐκεῖ

407 1354 574 1404 φασιν
599 1339 892 1409 ἀνθρώπου
927 1345 1057 1397 εἴδει
1113 1346 1236 1399 καθ’
1289 1347 1348 1400 ἓν
1399 1349 1776 1419 περιέχεσθαι.
1816 1350 1982 1421 Ὅθεν

405 1432 472 1500 τῇ
506 1432 719 1505 διανοίᾳ
753 1436 880 1497 τοὺς
909 1437 1282 1509 δημιουργοὺς
1325 1440 1464 1494 άλλά
1501 1442 1696 1506 ἄλλους
1718 1437 2006 1518 ὑποδεχοέ

419 1521 648 1588 μένους,
701 1524 796 1575 καὶ
849 1525 1112 1595 διαιοητᾶ
1141 1531 1410 1600 πρότερον
1451 1533 1508 1584 ἐν
1532 1533 1750 1597 ἑαυτοῖς
1778 1535 1846 1587 τά
1875 1536 1984 1589 τῶν

406 1612 618 1665 σκευῶν
644 1613 763 1681 εἴδη
790 1614 1026 1670 ἕκαστον
1079 1619 1636 1690 διαμεμορφωκότας,
1670 1624 1824 1678 οὕτω
1869 1629 1985 1689 τοῖς

403 1700 685 1772 αἰσθητοῖς
719 1707 1012 1777 ἐγχειρεῖν.
1063 1711 1199 1780 Περὶ
1226 1711 1283 1764 δέ
1313 1713 1423 1764 τῶν
1453 1714 1598 1768 κατὰ
1636 1716 1986 1785 συμϐεϐηκὸς

410 1792 786 1860 γιγνομένων,
817 1796 1002 1850 εἴποτε
1026 1798 1123 1851 καὶ
1145 1798 1355 1852 τούτων
1385 1801 1666 1872 ἐπιστήμη
1692 1819 1777 1864 τις
1807 1802 1988 1870 γένοι-

405 1897 486 1950 το,
520 1884 709 1955 ἐπειδὴ
748 1886 818 1940 τά
847 1887 1073 1942 τοιαῦτα
1119 1889 1382 1945 πλειόνων
1412 1892 1602 1945 αίτίων
1623 1894 1825 1961 συνόδῳ
1852 1894 1988 1946 ἀπο-

407 1973 609 2043 ϐαίνει,
643 1972 721 2030 ῶν
749 1979 820 2031 αὖ
859 1978 1094 2034 ἐκαστον
1126 1982 1308 2035 ἐκεῖσε
1352 1983 1749 2052 ἀναφέρεσθαι,
1778 1986 1989 2049 ἐκεῖθεν

408 2071 506 2127 καὶ
548 2072 678 2141 περὶ
709 2073 918 2126 τούτων
948 2074 1050 2145 τὴν
1073 2075 1252 2146 ψυχὴν
1271 2075 1696 2148 ἐλλαμπομένην
1727 2079 1986 2135 κτᾶσθαι.

407 2162 595 2216 Ταῦτα
636 2164 740 2233 μέν
787 2161 880 2219 οὖν
912 2166 1049 2237 πρὸς
1082 2167 1213 2230 τοὺς
1246 2167 1356 2220 τῶν
1389 2168 1716 2238 ἐπιστημῶν
1753 2171 1990 2239 φήσουσι

409 2253 626 2322 λόγους.
673 2257 815 2324 Πρὸς
840 2257 894 2309 δὲ
927 2257 992 2310 τὸ
1024 2259 1166 2311 κατὰ
1201 2258 1264 2311 τδ
1287 2258 1346 2311 ἓν
1381 2260 1473 2312 ἐπὶ
1505 2259 1721 2313 πολλῶν
1749 2260 1847 2314 καὶ
1882 2261 1990 2315 τῶν

407 2338 779 2418 ἀποφάσεων,
816 2350 971 2404 οὐδὲν
1024 2352 1324 2418 ἀναγκαῖον
1377 2353 1853 2424 συμπεραίνεσθαι
1886 2355 1992 2424 φή-

411 2459 589 2499 σουσι.
619 2444 692 2497 Τὸ
732 2445 844 2515 γάρ
891 2461 976 2498 τοι
1021 2445 1315 2514 ἀνθρώπου
1352 2447 1443 2499 ἐκε
1461 2449 1542 2500 ῖνο
1573 2443 1735 2512 εἶδος,
1777 2443 1858 2511 οἷς
1891 2449 1992 2517 μὲν

407 2534 475 2588 ἂν
534 2537 849 2608 προσνείμῃ
903 2538 1099 2602 ἑαυτὸ,
1136 2538 1350 2600 τούτοις
1385 2539 1488 2608 μὲν
1525 2540 1622 2592 τοῦ
1677 2541 1990 2610 ἀνθρώποις

409 2624 545 2682 εἶναι
583 2629 757 2683 αἴτιον
797 2625 962 2694 εἴναι,
999 2627 1082 2693 οἷς
1132 2631 1180 2684 δ’
1211 2632 1279 2685 ἂν
1313 2632 1389 2702 μὴ
1449 2633 1610 2686 ἐαυτὸ
1658 2635 2003 2707 προσνείμῃ,“

407 2725 583 2778 ταῦτα
612 2725 655 2778 δ’
683 2725 786 2778 οὐκ
818 2727 1132 2797 ἀνθρώποις
1165 2727 1470 2782 λείπεσθαι.
1511 2728 1655 2796 Πρὸς
1691 2729 1747 2781 δὲ
1784 2730 1846 2782 τὸ
1881 2748 1993 2782 κα-

406 2817 626 2869 τανοεῖν
651 2833 705 2870 τι
735 2817 1063 2885 φθαρέντος,
1110 2819 1220 2871 τῶν
1256 2819 1536 2888 φθαρτῶν,
1572 2820 1759 2872 ἱκανὸν
1790 2821 1995 2890 φήσου-

408 2925 495 2960 σιν
542 2904 682 2962 εἷναι
717 2910 778 2963 τὸ
813 2909 875 2963 ἓν
921 2912 1102 2964 ἐκεῖνο
1134 2906 1277 2979 εἶδος
1307 2911 1370 2962 τὸ
1407 2912 1499 2963 ἐπὶ
1524 2913 1662 2964 πᾶσι
1700 2913 1814 2974 τοῖς
1843 2912 1902 2964 ἐν
1924 2915 1991 2982 τῇ

405 2999 543 3069 αὐτῇ
581 2999 695 3071 ίδὲᾳ
720 3001 984 3069 φθαρτοῖς
1015 3002 1208 3070 ὥσπερ
1239 3017 1344 3054 που
1383 3001 1458 3071 μὴ
1490 3001 1757 3070 πρότερον
1793 3001 1853 3053 ὃν
1886 3018 1995 3054 παρ

406 3091 580 3157 ράγον
615 3089 867 3154 ἕκαστον,
907 3091 1051 3145 οὕτω
1101 3094 1198 3144 καὶ
1232 3093 1580 3162 ἐφθαρμένου
1629 3093 1863 3146 ἑκάστου
1918 3095 1996 3147 εί-

2081 717 2387 782 referenda,
2419 727 2582 786 alque
2631 718 2742 771 illic
2773 718 2911 771 nihil
2949 733 3068 772 csse
3107 734 3334 786 prorsus
3362 759 3375 779 .
3409 720 3549 786 quod
3584 722 3654 771 sit

2081 823 2245 863 causa
2312 824 2494 862 rerum
2545 810 3002 878 contingentium.
3031 810 3140 863 Sed
3193 825 3293 863 nec
3323 809 3653 863 inﬁnitarum

2087 916 2271 955 rerum
2316 902 2559 968 privatas
2603 901 2954 970 singulasque
2992 901 3103 955 illic
3149 901 3379 954 inveniri
3439 918 3655 965 causas,

2084 1006 2276 1046 eorum
2307 1006 2546 1060 namque
2579 992 2860 1052 omnium,
2905 1007 3027 1060 qum
3081 992 3170 1045 hic
3218 992 3284 1044 ad
3335 991 3657 1045 inﬁnitatem

2083 1083 2374 1152 quamdam
2411 1082 2682 1142 recidunt.
2710 1082 2926 1136 unicam
2951 1083 3062 1135 illic
3092 1097 3214 1136 esse
3245 1083 3508 1150 speciem.
3541 1100 3662 1150 qua:

2084 1188 2266 1228 causa:
2313 1173 2582 1228 rationem
2636 1173 2887 1236 obtinet,
2938 1175 3378 1243 quandoquidem
3427 1190 3487 1228 ea
3540 1191 3663 1244 qme

2086 1267 2196 1323 illic
2225 1278 2375 1333 sunt,
2424 1266 2712 1322 inﬁnitatis
2740 1268 2878 1336 eius.
2915 1284 3037 1336 quae
3079 1270 3146 1322 ad
3180 1269 3540 1337 quantitatem
3576 1285 3662 1323 rc-

2086 1361 2283 1422 fertur.
2331 1362 2559 1417 omnino
2589 1363 2702 1417 sint
2745 1363 3012 1428 expertia,
3050 1365 3161 1418 imo
3206 1363 3369 1416 etiam
3418 1378 3666 1417 summus

2087 1453 2181 1507 ille
2216 1453 2360 1508 Deus
2387 1455 2479 1523 qui
2510 1455 2657 1508 omni
2697 1454 2934 1508 essentia
2969 1469 3034 1508 ac
3065 1462 3258 1506 natura
3297 1455 3550 1520 superior
3580 1463 3668 1508 cst

2087 1559 2152 1599 ac
2181 1544 2491 1608 sublimior,
2517 1545 2771 1599 ab‘omni
2805 1559 3033 1613 prorsus
3080 1542 3427 1598 multitudine
3471 1544 3671 1597 abbor—

2088 1646 2230 1698 reat,
2277 1651 2472 1705 nempe
2528 1637 2620 1704 qui
2671 1652 2814 1691 unus
2874 1637 2947 1690 sit
3008 1636 3456 1704 exquisitissime.
3521 1636 3662 1690 Huic

2089 1741 2222 1780 vero
2290 1727 2620 1796 intelligibili
2681 1728 2888 1782 mundo
2957 1729 3074 1782 sive
3147 1728 3434 1796 apparatui
3503 1743 3660 1781 suam

2092 1819 2313 1887 quidem
2335 1819 2445 1884 jam
2483 1819 2664 1873 inesse
2681 1817 3083 1872 multitudinem
3109 1817 3199 1871 sed
3234 1817 3438 1870 ﬁnitam
3464 1825 3670 1880 tamen,

2091 1919 2147 1964 et
2186 1923 2308 1978 quae
2350 1908 2497 1963 nullo
2532 1908 2693 1963 modo
2729 1907 2998 1961 inﬁnitam
3029 1907 3201 1976 possit
3232 1907 3518 1972 appellari,
3548 1907 3670 1961 sive

2094 1999 2354 2068 potentia,
2399 1999 2513 2054 sive
2542 2008 2689 2053 actu.
2725 1999 2781 2053 ld
2815 1997 2959 2068 quod
3010 1999 3067 2052 in
3109 1998 3429 2066 conspicuo,
3485 1999 3667 2051 sensi-

2092 2088 2306 2157 busque
2368 2087 2614 2156 subjecto
2679 2089 2782 2143 boc
2816 2087 3022 2143 mundo
3049 2088 3210 2142 aliter
3269 2103 3328 2143 se
3362 2088 3549 2150 habet,
3583 2090 3674 2154 qui

2094 2177 2417 2234 inﬁnitatem
2465 2178 2577 2247 jam
2621 2179 2938 2249 quamdam,
2999 2185 3271 2248 quatenus
3330 2179 3476 2233 illam
3520 2194 3675 2233 com-

2101 2269 2270 2337 plecti
2316 2277 2519 2338 potest,
2582 2271 2825 2323 innatam
2880 2269 3043 2322 habet
3084 2279 3304 2338 propter
3366 2272 3671 2336 materiam,

2095 2359 2184 2414 cui
2245 2360 2466 2429 propria
2529 2360 2765 2429 quadam
2829 2363 3042 2414 ratione
3103 2359 3349 2414 inﬁnitas
3424 2362 3675 2430 qumdam

2096 2452 2361 2514 adhaeret,
2405 2467 2569 2521 quam
2605 2452 2778 2520 ipsam
2801 2453 3047 2526 .materia
3079 2451 3298 2521 quidem
3332 2467 3441 2506 non
3461 2454 3679 2508 aliunde

2097 2560 2258 2614 quam
2291 2544 2442 2598 illinc
2469 2545 2652 2610 traxit,
2707 2544 2801 2599 sed
2838 2543 2954 2598 illic
2986 2555 3168 2597 tamen
3194 2543 3407 2597 inﬁnita
3443 2561 3548 2598 non
3586 2561 3680 2599 ex-

2097 2638 2269 2703 sistit,
2311 2651 2488 2706 neque
2525 2637 2670 2691 enim
2700 2638 2861 2691 etiam
2895 2653 3078 2692 rerum
3105 2637 3529 2699 irrationalium,
3559 2654 3682 2707 quae

2095 2728 2184 2783 hic
2208 2729 2498 2792 habentur,
2561 2729 2769 2796 species
2793 2729 2900 2782 illic
2929 2729 3260 2782 irrati0nalis
3313 2728 3546 2782 habetur
3595 2733 3677 2785 vel

2097 2835 2288 2875 rerum
2319 2821 2406 2876 hic
2427 2820 2730 2885 mobilium,
2768 2820 2977 2889 species
3023 2820 3131 2874 illic
3166 2820 3400 2881 mobilis,
3431 2823 3683 2888 quamvis

2096 2912 2479 2974 essentiarum,
2503 2927 2624 2980 quae
2649 2912 2723 2964 ita
2754 2913 2842 2965 bic
2873 2912 3231 2981 appellantur,
3263 2922 3316 2966 et
3347 2927 3535 2970 corum
3564 2931 3685 2983 quae

2098 3001 2353 3057 cssentiis
2386 3015 2483 3070 per
2504 3015 2562 3055 se
2588 3001 2869 3054 adbaarent
2899 3009 2953 3055 et
2982 3002 3392 3069 babitudinum,
3430 3005 3539 3058 illic
3573 3005 3684 3058 sint

2099 3103 2153 3148 et
2183 3092 2395 3162 species
2456 3101 2510 3146 et
2565 3091 2900 3160 exemplaria
2976 3091 3375 3148 "abitudinum
3435 3096 3683 3163 quidem,

405 3182 538 3236 κόνα
584 3186 645 3236 ἐν
690 3185 813 3246 ταῖς
841 3183 954 3238 τῶν
1005 3183 1270 3239 νοούντων
1300 3202 1354 3237 τι
1385 3183 1465 3237 ἔτι
1499 3185 1629 3254 περὶ
1659 3184 1850 3247 αὐτοῦ,
1890 3185 1995 3254 ψυο
2023 3213 2067 3273 c
2103 3201 2145 3255 p1

1947 3205 1995 3238 ιο
2023 3213 2067 3273 c
2103 3195 2415 3255 propterea,
2447 3183 2594 3254 quod
2669 3183 2757 3236 illa
2825 3199 3044 3252 quoque
3084 3202 3202 3255 qua!
3260 3187 3368 3241 illic
3414 3188 3687 3241 habentur

405 3277 526 3345 χαῖς
551 3276 921 3341 ἀνακαινίζον.
950 3277 1096 3346 Πρὸς
1131 3278 1231 3345 μὲν
1263 3276 1358 3331 οὖν
1387 3275 1561 3330 ταῦτα
1601 3277 1710 3331 τῶν
1751 3278 1995 3347 Ἀριστοο

401 3367 597 3430 τέλους
669 3367 844 3422 ταῦτα
893 3370 940 3422 ei
978 3367 1046 3422 τά
1108 3367 1226 3439 εἴδη
1267 3369 1540 3438 τιθέμενοι
1569 3370 1859 3438 φήσουσιν,
1906 3370 2001 3423 οὐ-

402 3460 493 3514 δὲν
541 3460 747 3530 ἀπᾷδον
797 3460 907 3513 τῶν
959 3459 1172 3514 ἑαυτῶν
1208 3461 1520 3515 ὑποθέσεων
1555 3462 1831 3526 λέγοντες.
1877 3461 1999 3516 Ἷωα

408 3571 509 3623 μεν
564 3553 624 3607 δέ
674 3554 738 3621 δὴ
776 3556 869 3607 καὶ
904 3555 996 3607 ἐπὶ
1025 3555 1136 3608 τῶν
1189 3555 1318 3630 ἐξῇς
1361 3555 1430 3609 τά
1463 3556 1623 3623 λόγου
1656 3557 1804 3618 τινος
1834 3555 2000 3621 ἄξιαῖ

409 3646 494 3698 ”Ε·
515 3663 532 3698 ι
561 3645 851 3713 συμϐαίνει
882 3646 957 3717 μὴ
986 3647 1081 3716 τὴν
1108 3647 1274 3701 δυάδα
1300 3646 1524 3719 πρώτην
1551 3644 1713 3713 εἴναι,
1744 3649 1878 3702 ἀλλὰ
1907 3649 1999 3701 τὸν

404 3737 661 3808 ἀριθμόν.
696 3740 806 3792 Καὶ
850 3741 928 3802 τί,
962 3742 1224 3811 φήσουσι,
1277 3740 1534 3803 κωλύσει,
1584 3745 1678 3794 τὸν
1730 3742 1830 3808 μὲν
1879 3743 1998 3794 ἐκεῖ

403 3832 642 3900 ἀριθμὸν
669 3834 764 3885 καὶ
797 3833 1001 3886 ἐνιαῖον
1035 3833 1132 3886 καὶ
1163 3832 1336 3902 αὐτῆς
1370 3834 1466 3903 τῆς
1499 3834 1691 3893 δυάδος
1729 3834 1997 3903 πρότερον

403 3909 583 3988 εἶναι;
611 3923 710 3994 τὴν
735 3921 793 3975 δέ
816 3922 983 3975 δυάδα
1010 3922 1105 3975 τοῦ
1140 3921 1266 3992 τῇδε
1303 3923 1541 3990 ἐκτάδην
1569 3922 1808 3992 ἀριθμοῦ
1844 3923 1998 3994 πρώ-

401 4029 533 4084 την;
557 4015 679 4067 Ἐτι
704 4013 891 4084 φησὶν,
918 4014 980 4067 El
1002 4014 1080 4083 μὴ
1103 4015 1246 4066 κατὰ
1265 4013 1616 4083 συμϐεϐηκὸς
1643 4015 1710 4066 τά
1734 4014 1843 4085 εἴδη
1877 4032 1998 4084 μετ-

404 4108 614 4176 έχεται,
641 4106 754 4159 τῶν
781 4106 983 4160 οὐσιῶν
1013 4105 1078 4159 ἂν
1101 4107 1189 4175 εἴη
1220 4106 1420 4174 μόνων.
1468 4106 1609 4158 Ἀλλ’
1633 4108 1680 4158 εί
1712 4108 1786 4176 μὴ
1820 4108 1995 4160 ᾶπαν-

400 4217 491 4265 τα,
535 4202 694 4271 φαῖεν
724 4201 813 4264 ἂν,
838 4201 957 4271 ἦτοι
983 4201 1162 4253 οὐσίαι
1197 4196 1360 4272 ἦσαν,
1395 4200 1427 4270 ἢ
1461 4200 1604 4253 κατὰ
1639 4201 1993 4273 συμϐεϐηκὸς

399 4299 522 4358 ταῖς
549 4294 764 4356 οὐσίαις
795 4294 1210 4362 προσεγίγνετο,
1238 4289 1384 4361 εἶχεν
1409 4292 1476 4345 ἄν
1505 4310 1628 4346 τινα
1654 4293 1786 4355 ἴσως
1810 4293 1996 4362 χώραν

402 4388 432 4441 ὃ
463 4389 590 4459 φῄς.
625 4384 740 4440 Νῦν
792 4384 839 4438 δ’
871 4385 1042 4438 ὀντων
1074 4383 1260 4447 τινῶν,
1294 4383 1329 4436 ἃ
1385 4384 1479 4437 καὶ
1539 4381 1665 4435 καθ’
1692 4383 1832 4436 αὐτά
1876 4384 1996 4446 ταῖς

402 4480 616 4542 οὐσίαις
646 4477 934 4547 πρόσεστι,
966 4475 1018 4528 τί
1049 4476 1128 4529 ἔτι
1157 4491 1238 4527 σοι
1261 4473 1490 4527 δύναται
1523 4475 1582 4527 τὸ
1610 4469 1990 4544 ἐπιχείρημας

2104 3276 2310 3330 nullam
2353 3291 2460 3329 non
2498 3274 2732 3329 habeant
2815 3274 2958 3329 inter
3015 3291 3073 3330 se
3114 3277 3490 3331 habitudinem
3525 3287 3688 3346 atque

2103 3370 2543 3426 Convenientiam
2570 3388 2584 3422 :
2611 3383 2800 3422 earum
2835 3369 2998 3439 igitur
3027 3385 3150 3440 qua:
3182 3371 3292 3424 illic
3323 3379 3470 3430 sunt.
3531 3370 3687 3423 babi-

2103 3470 2493 3534 tudinum,has
2517 3470 2740 3530 alteras.
2778 3482 2900 3537 qua
2955 3465 3045 3521 hic
3110 3473 3261 3526 sunt,
3303 3470 3519 3531 oportet
3567 3476 3691 3516 esse

2118 3563 2388 3632 imagines
2422 3570 2586 3630 atque
2619 3561 2938 3615 simulacra.
2970 3556 3191 3610 lllormn
3232 3570 3364 3608 vero
3413 3569 3536 3622 quae
3594 3568 3690 3622 per

2102 3655 2432 3712 seessentiis
2496 3652 2778 3708 adhaerent
2816 3664 2938 3704 eam
2991 3648 3060 3703 ob
3087 3661 3341 3707 causam,
3400 3656 3687 3714 prepterca

2101 3749 2244 3821 quod
2278 3763 2384 3803 non
2418 3746 2536 3802 sine
2563 3745 2679 3800 suis
2713 3742 2993 3813 adiunctis
3055 3748 3222 3807 atque
3272 3738 3557 3793 attributis
3621 3753 3686 3791 ea

2100 3855 2321 3910 quoque
2348 3853 2470 3908 quae
2495 3837 2608 3893 illic
2637 3844 2768 3891 sunt
2827 3832 3230 3903 intelligantur.
3291 3830 3426 3884 Nam
3467 3832 3520 3883 in
3596 3830 3691 3883 illo

2101 3946 2232 3995 uno,
2287 3931 2432 4000 quod
2485 3936 2539 3984 et
2590 3943 2807 3982 omnem
2841 3925 3059 3980 excedit
3114 3925 3411 3978 essentiam
3438 3932 3490 3976 et
3521 3938 3690 3976 unum

2100 4026 2183 4072 est
2213 4017 2648 4086 exquisitissima
2681 4015 2922 4079 ratione,
2981 4028 3161 4080 neque
3191 4014 3486 4066 essentiam
3512 4027 3692 4079 neque

2099 4110 2421 4165 attributum
2452 4123 2628 4178 neque
2658 4120 2862 4174 actum,
2899 4121 3075 4171 neque
3093 4107 3394 4175 potentiam
3428 4104 3691 4158 discerni.

2099 4203 2379 4258 Informis
2437 4212 2619 4257 autem
2659 4211 2825 4272 atque
2883 4201 3162 4255 mentibus
3196 4199 3305 4254 illis
3363 4198 3431 4253 de
3489 4198 3695 4266 quibus

2103 4311 2410 4353 sermonem
2449 4293 2702 4357 facimus,
2741 4309 2863 4364 qua:
2895 4295 2970 4347 illi
3012 4307 3230 4348 summo
3262 4307 3372 4345 non
3442 4298 3573 4346 sunt
3596 4306 3693 4359 pa-

2101 4405 2188 4444 res
2219 4388 2481 4442 attributa
2519 4387 2740 4458 quidem
2793 4389 2861 4441 ab
2901 4387 3140 4442 essentia
3177 4384 3459 4455 distingui,
3500 4392 3691 4452 poten-

2099 4482 2231 4535 tiam
2257 4495 2389 4534 vero
2415 4479 2484 4533 ab
2510 4489 2635 4534 actu
2666 4487 3039 4548 nequaquam.
3077 4476 3183 4531 Sed
3241 4475 3294 4528 in
3335 4474 3421 4528 bis
3456 4489 3579 4543 quo:
3606 4473 3694 4526 bic

385 4569 581 4628 ’καίτοι
639 4570 735 4624 καὶ
764 4571 814 4624 εί
847 4570 941 4624 καὶ
968 4568 1150 4622 αὐτῶν
1181 4569 1292 4622 τῶν
1338 4569 1478 4622 κατὰ
1519 4566 1870 4637 συμϐεϐηκὸς
1906 4584 1988 4635 γι·
2025 4566 2065 4620 D
2095 4573 2125 4629 ιι

1951 4585 1988 4618 ι·
2025 4566 2065 4620 D
2095 4573 2364 4629 habentur
2399 4573 2608 4628 naturis
2632 4585 2828 4627 cuncta
2867 4572 2955 4626 illa
2982 4586 3010 4622 a
3053 4586 3110 4626 se
3153 4570 3385 4624 invicem
3423 4567 3691 4636 separati.

399 4665 680 4735 γνομένων
726 4664 977 4726 ἕκαστον,
1011 4660 1150 4732 πρὸς
1207 4661 1308 4730 μέν
1359 4660 1428 4713 τὰ
1475 4662 1720 4730 προσεχῆ
1767 4661 1830 4713 οὐ
1866 4660 1990 4713 καθ’

399 4759 542 4812 αὐτά
573 4760 745 4820 ἐστιν,
769 4757 907 4819 ὅλως
941 4757 1125 4826 μέντοι
1151 4755 1262 4808 τῶν
1290 4753 1415 4807 καθ’
1442 4752 1585 4807 αὐτὰ
1609 4754 1672 4806 οὐ
1703 4753 1992 4807 πάντάπαο

400 4852 488 4904 σίν
520 4854 670 4904 ἐστιν
697 4848 1048 4921 ἀπερρωγὸς,
1078 4848 1311 4916 ἐπείπερ
1347 4845 1616 4899 πλειόνων
1643 4845 1836 4899 αἰτίων
1867 4861 1994 4896 συνο

399 4945 505 5016 ὁδῳ
535 4946 602 4997 τά
631 4943 863 4998 τοιαῦτα
902 4943 1172 5011 γίγνεται.
1221 4940 1444 4994 Τούτων
1492 4939 1539 4992 δ’
1583 4939 1821 4992 ἕκαστον
1869 4937 1992 4991 καθ’

399 5038 534 5094 αὐτὸ
561 5038 663 5109 δρᾷ
690 5037 719 5091 ὅ
755 5054 810 5089 τι
843 5035 911 5089 ἂν
961 5035 1135 5106 δρῴη,
1162 5034 1276 5087 οὐδ’
1311 5032 1377 5086 ἃν
1415 5035 1478 5086 ἐκ
1507 5031 1716 5085 τούτων
1760 5030 1994 5085 ἀποϐαί-

399 5149 561 5188 νοντκ
616 5133 713 5186 τοῦ
765 5130 887 5185 καθ’
923 5129 1057 5184 αὐτὸ
1109 5127 1179 5182 ἂν
1231 5128 1581 5182 παντάπασιν
1624 5126 1994 5197 ὰπερῤωγὸτα

400 5217 511 5298 εἴη,
537 5226 648 5281 οὐδ’
690 5224 1035 5294 ἀκοινώνητα
1076 5224 1315 5291 πάμπαν
1349 5222 1418 5275 τὰ
1456 5220 1599 5274 κατὰ
1645 5220 1994 5292 συμϐεϐηκὸς

397 5327 512 5388 τοῖς
561 5322 684 5377 καθ’
719 5323 884 5382 αὐτὰ,
939 5320 1054 5375 ἀλλ’
1089 5318 1318 5373 ἐκείνων
1375 5318 1470 5372 καὶ
1520 5316 1696 5372 ταῦτα
1734 5315 1992 5387 ἐχόμενα.

410 5419 665 5473 Ἐπειδὰν
690 5420 799 5490 γὰρ
834 5415 1156 5484 Ὀλυμπίων
1183 5413 1501 5467 ἐνεστώτων
1530 5413 1557 5465 ὁ
1584 5404 1737 5483 ἥλιος
1770 5409 1992 5480 ἐκλίπῃ,

397 5514 541 5566 κατὰ
584 5512 686 5581 μέν
713 5510 774 5563 τὸ
802 5510 872 5562 τά
907 5507 1199 5578 Ὀλύμπια.
1226 5507 1577 5576 ἐνεστηκέναι
1628 5507 1655 5557 ὁ
1696 5504 1850 5575 ἥλιος
1895 5503 1996 5556 οὐκ

397 5604 671 5672 ἐξέλιπεν,
700 5602 821 5656 οὐδέ
852 5618 916 5669 γε
947 5599 1094 5653 κατὰ
1127 5598 1188 5653 τὸ
1218 5600 1311 5652 τὶν
1341 5599 1494 5670 ἣλιον
1520 5596 1900 5656 ἐκλελοιπέναι
1929 5596 1994 5649 τὰ

412 5699 692 5769 Ὀλύμπια
716 5697 932 5765 ἐνέστη-ο
986 5694 1129 5748 ὥστε
1164 5693 1338 5764 ταύτῃ
1391 5693 1510 5762 μὲν,
1545 5692 1607 5744 οὐ
1653 5689 1779 5743 καθ’
1813 5689 1946 5742 αὐτὸ
1970 5691 1996 5741 ὁ

397 5789 549 5859 ἥλιος
583 5789 693 5841 τῶν
727 5805 790 5856 γε
832 5787 1151 5856 Ὀλυμπῖων
1202 5783 1520 5838 ἐνεστώτων
1569 5782 1875 5847 ἐκλέλοιπε,
1929 5783 1994 5833 τά

402 5901 463 5955 γε
505 5883 613 5956 μὴν
644 5883 793 5938 αἴτια
822 5880 917 5938 τοῦ
947 5883 1036 5936 τὸν
1070 5881 1225 5954 ἣλιον
1269 5878 1516 5934 ἐκλιπεῖν
1551 5876 1676 5932 καθ’
1712 5876 1850 5931 αὐτὶ
1898 5879 1994 5946 τὴν

2049 4692 2058 4701 ·
2102 4671 2267 4733 atque
2298 4664 2364 4719 ad
2384 4663 2531 4717 illam
2556 4661 2921 4730 superiorem,
2948 4661 3090 4714 hanc
3113 4675 3330 4729 quoque
3357 4658 3695 4728 proximam,

2104 4770 2228 4823 quae
2286 4755 2389 4808 fuit
2437 4753 2735 4814 mentibus.
2770 4752 3208 4807 'distinctionem
3261 4750 3551 4805 accedere.
3627 4748 3702 4803 Ut

2098 4849 2212 4919 jam
2273 4849 2376 4902 hoc
2423 4857 2585 4918 pacto
2635 4862 2760 4918 qua:
2823 4846 2937 4901 illic
2997 4855 3148 4908 sunt,
3222 4844 3405 4899 medio
3455 4842 3696 4912 quodam

2104 4943 2267 5000 modo
2297 4957 2356 4996 se
2386 4941 2646 5006 habeant,
2681 4941 2826 4996 inter
2865 4941 2995 4995 illud
3053 4954 3330 4994 sumnmm
3391 4948 3558 5007 atque
3605 4953 3700 4992 su-

2103 5033 2457 5104 pernaturale
2493 5049 2685 5098 unum,
2718 5045 2772 5087 et
2802 5013 2918 5088 haec
2978 5047 3100 5101 quze
3127 5031 3216 5085 bic
3251 5040 3519 5100 apparent
3565 5044 3701 5084 sen-

2103 5128 2256 5183 sibus
2280 5126 2550 5197 potcntia.
2583 5125 2703 5180 .lam
2735 5127 2904 5196 igitur
2927 5125 3116 5195 quales
3150 5133 3204 5178 et
3241 5121 3548 5187 cuiusmodi
3575 5135 3702 5175 esse

2104 5222 2317 5292 species
2354 5220 2469 5275 sive
2503 5219 2732 5284 formas,
2771 5219 2808 5273 ii
2873 5218 3211 5281 existiment,
3246 5217 3341 5284 qui
3388 5230 3482 5271 eas
3499 5216 3705 5270 consti-

2105 5323 2290 5379 tuunt,
2317 5315 2678 5384 exposuimus
2713 5313 3031 5369 summatim
3061 5319 3116 5366 ct
3156 5325 3322 5381 quam
3369 5310 3487 5365 ﬁeri
3521 5309 3704 5378 potuit

2104 5411 2444 5466 brevissime.
2480 5409 2634 5464 Nunc
2661 5416 2834 5462 restat
2891 5414 2948 5460 ut
2989 5406 3054 5460 iis
3106 5419 3463 5460 occurramus
3514 5403 3706 5472 objec-

2109 5505 2371 5568 tionibus,
2405 5504 2606 5572 quibus
2651 5500 2968 5556 Platonicos
3030 5505 3317 5569 oppugnat
3350 5497 3702 5552 Ariswteles.

2109 5595 2421 5651 Secundum
2465 5609 2701 5664 namque
2731 5594 3001 5658 rationes,
3036 5592 3234 5661 inquit,
3277 5606 3399 5662 qure
3432 5606 3497 5648 ex
3524 5589 3708 5664 scicn-

2109 5686 2219 5749 tiis,
2245 5686 2457 5755 species
2484 5696 2645 5740 erunt
2672 5685 2944 5746 omnium,
2979 5698 3212 5752 quorum
3276 5680 3525 5736 scienlize
3549 5690 3705 5734 sunt.

2110 5779 2236 5832 Sive
2282 5779 2529 5834 scicntim
2590 5777 2701 5830 sint
2740 5792 2952 5838 carum,
3003 5791 3128 5846 qua:
3195 5789 3413 5844 semper
3441 5783 3571 5827 sunt
3603 5789 3700 5840 per

2109 5873 2314 5940 scipsa,
2346 5872 2460 5928 sive
2499 5887 2691 5928 rursus
2741 5871 2852 5926 sint
2903 5885 3116 5936 cartun,
3168 5883 3290 5938 qua!
3353 5883 3447 5938 per
3513 5866 3694 5935 Seipsa
