4406 6450
771 386 878 448 993

1991 394 2319 457 GEORGII
2369 395 2802 456 FLETHONIS

3924 365 4028 458 ρει

770 498 891 550 aliis
913 495 1217 554 adhaerent.
1249 493 1472 550 minime
1506 511 1636 550 sane
1669 497 2002 554 verebuntur
2028 500 2063 553 ii
2100 502 2192 570 qui
2222 516 2342 568 spe-
2372 504 2416 561 Δ
2447 502 2507 554 εκ

2285 516 2342 556 e-
2372 504 2416 561 Δ
2447 502 2690 570 εκλειψιν
2745 504 3035 572 πεποίηκε.
3091 503 3202 557 Καὶ
3254 506 3283 557 ὁ
3336 505 3500 573 νόμος
3556 504 3613 557 δι
3667 507 3694 558 δ
3741 507 3868 574 περὶ
3915 509 4025 560 τῶν

768 587 881 640 cies
932 586 1274 640 constituunt
1341 586 1634 652 affirmare,
1687 591 1817 657 quin
1852 591 2046 644 horum
2092 593 2338 647 omnium

769 692 876 730 non
916 675 1025 730 sint
1051 676 1286 743 species,
1320 692 1426 732 non
1460 686 1639 733 tamen
1669 681 1924 734 similiter
1946 683 2213 745 omnium.
2243 684 2338 738 sed

767 780 955 817 eorum
984 765 1204 833 quidem
1279 782 1403 834 quae
1435 768 1522 821 hic
1549 768 1602 822 in
1623 771 1833 837 species
1871 772 2049 826 finitas
2076 772 2334 827 dividun-

773 866 880 916 tur,
943 855 1186 922 singulas
1224 871 1346 911 esse
1389 859 1441 911 in
1505 859 1738 928 singulis
1764 863 2058 929 generibus
2097 863 2334 932 species,

767 959 954 998 eorum
980 961 1130 1006 vero,
1167 961 1288 1014 qua;
1319 945 1384 1000 ad
1429 947 1750 1001 inlinitatem
1777 952 2068 1017 quamdam
2106 952 2216 1020 jam
2252 967 2340 1006 re-

765 1033 974 1097 cidunt,
1004 1050 1167 1089 unam
1204 1036 1466 1090 duntaxat
1501 1037 1553 1098 in
1581 1039 1839 1094 omnibus
1873 1039 2122 1096 inﬁnitis.
2156 1039 2332 1106 Quam

767 1125 1001 1192 primum
1026 1127 1191 1187 enim,
1221 1128 1455 1194 exempli
1485 1130 1681 1197 gratia,
1723 1131 1871 1185 omni
1937 1133 2030 1199 qui
2080 1132 2166 1185 hic
2231 1144 2334 1197 est,

769 1231 998 1269 numero
1050 1228 1270 1286 propter
1330 1219 1677 1287 inﬁnitatem,
1715 1239 1878 1278 unam
1926 1240 2046 1293 qua:
2102 1226 2213 1279 illic
2256 1235 2342 1280 est

767 1306 995 1360 formam
1031 1310 1332 1377 praeficiunt
1392 1329 1514 1380 quae
1544 1324 1593 1368 et
1629 1316 1696 1369 sit
1730 1316 1908 1380 unica,
1935 1326 1987 1370 et
2023 1317 2336 1386 singillatim

765 1400 1416 1468 comprehendatoinnia,
1459 1419 1798 1475 quascunque
1833 1423 2063 1461 numero
2104 1408 2195 1476 qtti
2251 1409 2339 1463 hic

764 1497 841 1539 cst
875 1487 1170 1543 distinctiiu
1213 1502 1266 1544 et
1294 1509 1388 1561 per
1411 1510 1469 1547 se
1498 1497 1843 1566 contingunt.
1879 1497 2078 1552 Eadem
2111 1515 2333 1565 quoque

764 1587 848 1631 est
879 1581 1016 1632 ratio
1047 1596 1259 1644 eorum,
1294 1599 1415 1651 qurc
1440 1586 1585 1640 circa
1656 1597 1875 1642 nostras
1926 1590 2338 1656 magnitudines

764 1669 1244 1741 dimensioncsque
1271 1674 1549 1736 accidunt,
1599 1689 1659 1730 ut
1694 1678 1801 1731 illic
1834 1678 2006 1732 forma
2066 1684 2342 1749 magnitu-

764 1757 907 1811 dinis
937 1761 1183 1815 sitnnira
1221 1777 1392 1830 eaque
1422 1764 1722 1822 individua.
1757 1768 1836 1822 Ah
1871 1769 1977 1822 illis
2009 1783 2170 1837 porro
2229 1770 2338 1825 ior-

765 1848 867 1898 mis
888 1849 1126 1903 animum
1153 1862 1396 1905 nostrum
1425 1855 1788 1911 illuminatum
1845 1875 2103 1915 numeros
2132 1861 2340 1915 mathe-

765 1942 992 1995 maticos
1027 1951 1081 1995 et
1107 1946 1510 2012 magnitudines
1554 1951 1965 2006 mathematicas
2018 1953 2338 2019 explicatius

765 2032 1084 2102 intelligere,
1118 2051 1236 2102 qua:
1269 2047 1396 2090 sunt
1437 2040 1621 2093 multae
1649 2044 1896 2109 quzedam
1933 2052 1987 2097 et
2044 2045 2340 2101 simulacra

765 2123 1207 2194 ittlclligiliilittm,
1246 2131 1426 2200 itaque
1466 2133 1533 2185 ab
1595 2134 1676 2188 his
1714 2135 1785 2188 ita
1840 2138 2244 2205 repraesentari,
2288 2145 2342 2194 et

763 2217 942 2272 abhis
1005 2235 1124 2286 qum
1153 2221 1204 2274 iu
1245 2222 1402 2291 aquis
1447 2227 1887 2281 suntsiinulacra
1923 2237 2088 2296 atque
2121 2229 2332 2284 umbrae

762 2324 941 2362 rerum
978 2313 1160 2365 sensui
1195 2316 1644 2384 perceptibilium.
1695 2320 1807 2389 ipsa
1873 2319 2185 2376 referuntur
2211 2336 2340 2375 sen-

759 2395 1066 2457 sibilinflta
1105 2422 1324 2475 quoque
1359 2425 1482 2478 quae
1525 2411 1594 2465 ah
1650 2411 1967 2468 hominibus
2004 2429 2166 2467 manu
2211 2429 2340 2485 pos-

759 2505 885 2548 sunt
911 2499 1210 2561 roniici,ea
1243 2501 1431 2556 dicunt
1464 2503 1516 2556 in
1567 2504 1738 2560 forma
1801 2507 2041 2562 hominis
2075 2509 2178 2563 illis
2227 2511 2341 2566 sin-

758 2585 984 2652 gillatim
1016 2592 1423 2658 comprehendi.
1445 2595 1583 2648 unde
1606 2598 1828 2664 opiﬁces
1854 2600 2038 2652 animo
2068 2600 2170 2654 alia
2201 2600 2339 2657 alios

761 2679 1068 2748 concipere,
1106 2693 1158 2734 et
1214 2683 1552 2755 singulorum
1591 2689 2076 2744 instrumentorum
2133 2693 2342 2760 species

761 2772 908 2832 prius
945 2772 1217 2829 intellectu
1276 2779 1391 2843 ipso
1425 2779 1476 2832 iu
1535 2782 1730 2845 si-ipsis
1784 2782 2103 2849 informare,
2137 2785 2339 2840 deinde

763 2862 924 2914 rebus
961 2863 1112 2932 ipsis,
1151 2882 1271 2932 quae
1294 2884 1460 2923 sensu
1499 2873 1899 2941 percipiuntur,
1959 2889 2180 2929 manum
2241 2891 2336 2930 ac-

757 2956 1130 3011 commodare.
1193 2958 1265 3012 De
1301 2960 1369 3012 iis
1405 2977 1608 3023 autem,
1634 2980 1754 3032 quae
1781 2980 1875 3032 per
1899 2967 2158 3022 accidens
2216 2984 2340 3021 eve-

758 3049 936 3110 niunt,
967 3049 1009 3103 si
1047 3049 1208 3103 etiam
1253 3051 1316 3105 sit
1375 3053 1602 3108 scientia
1648 3056 1938 3125 qumpiam,
1996 3056 2340 3126 quandoqui-

2443 593 2760 662 Ὀλυμπίων
2777 596 2898 648 καθ’
2919 596 3084 649 αὑτὸν
3106 596 3174 650 τά
3203 596 3479 665 Ὀλύμπια
3514 597 3894 666 ἐνομοθέτησε.
3917 600 4026 654 Καὶ

2445 687 2546 754 μιν
2591 687 2655 756 δὴ
2710 689 2803 739 καὶ
2859 687 2953 740 τοῦ
3000 689 3056 749 ἐς
3105 689 3167 742 τδ
3202 689 3334 743 αὐτὸ
3371 690 3836 758 συμπεπτωκέναι
3865 692 3930 744 τά
3965 708 4023 743 τε

2457 776 2732 844 Ὀλύμπια
2779 777 2872 828 καὶ
2907 775 3155 844 ἔκλειψιν
3186 779 3289 845 τὴν
3318 779 3413 831 τοῦ
3446 780 3600 848 ἡλίου
3631 781 3693 832 τό
3724 797 3785 845 γε
3816 797 4026 848 συμμε-

2441 863 2691 930 τρεῖσθαι
2753 864 2890 933 πρὸς
2953 865 3192 934 ἀλλήλας
3252 867 3356 928 τάς
3409 867 3686 935 ἑκατέρων
3739 868 4024 935 περιόδους

2442 955 2614 1008 αἴτιον
2667 956 2882 1023 γέγονε,
2910 958 3005 1010 καὶ
3053 955 3247 1010 τούτου
3297 953 3365 1010 αὖ
3413 956 3602 1026 ἕτερον
3649 959 3680 1026 ή
3721 959 3906 1029 ἑτέρα,
3947 951 4025 1012 ῶν

2443 1046 2676 1100 ἕκαστον
2707 1047 2830 1100 καθ’
2861 1048 2998 1101 αὐτὸ
3045 1049 3311 1118 προσεχὲς
3347 1049 3709 1118 ἀπεργάζοιτ’
3747 1052 3834 1104 ἀν.
3864 1051 4025 1102 Ὥστε

2445 1137 2674 1198 παῦσαι,
2707 1140 2884 1204 φαῖεν,
2925 1139 3326 1209 Ἀριστότελες.
3356 1138 3573 1193 ἅπαντα
3607 1123 3723 1209 ήτοι
3752 1140 3961 1200 οὐσίας.
3988 1141 4024 1209 ἦ

2445 1228 2588 1282 κατὰ
2625 1229 2974 1298 συμσεδηκδς
3018 1231 3207 1293 αὐταῖς
3243 1232 3652 1300 προσγινόμενα
3702 1230 4026 1299 βιαζόμενος

2445 1320 2787 1386 ἀποφαίνειν.
2819 1321 2914 1372 καί
2946 1322 3014 1372 τὰ
3053 1320 3197 1372 κατὰ
3229 1321 3583 1389 συμϐεϐηκδς
3615 1315 3681 1373 αὖ
3712 1322 3885 1373 ταῦτα
3915 1321 4027 1373 τῶν

2445 1410 2566 1462 καθ’
2589 1411 2728 1463 αὐτά
2763 1413 2939 1466 πάντα
2967 1412 3337 1482 ἀπορρηγνύς.
3376 1413 3498 1464 Ἐτι
3533 1416 3718 1479 φησὶν,
3746 1413 3807 1465 Ei
3835 1414 3933 1480 μὲν
3967 1413 4026 1464 τὸ

2444 1498 2578 1550 αὐτὸ
2608 1495 2745 1560 εἶδος
2779 1500 2888 1552 τῶν
2917 1518 2977 1554 τε
3017 1501 3171 1559 ἰδεῶν
3205 1503 3299 1554 καί
3333 1502 3444 1554 τῶν
3473 1504 3838 1570 μετεχόντων,
3870 1504 4025 1555 ἕσται

2443 1604 2496 1639 τι
2524 1590 2722 1640 κοινόν,
2763 1590 2826 1641 Εἰ
2850 1589 2907 1644 δὲ
2937 1591 3013 1660 μή
3038 1592 3100 1644 τὸ
3136 1593 3269 1645 αὐτὸ
3301 1589 3464 1655 εἶδος,
3492 1595 3760 1658 ὁμώνυμα
3805 1593 3871 1646 ἂν
3915 1594 4023 1660 εἴη,

2445 1678 2538 1728 καὶ
2585 1680 2686 1731 οὐκ
2730 1679 2803 1731 ἔτ’
2851 1680 2916 1732 ἂν
2955 1681 3185 1749 οὐδεμία
3217 1683 3474 1735 κοινωνία
3511 1683 3595 1752 εἴη
3635 1684 3838 1736 αὐτῶν.
3885 1685 4027 1736 Ἀλλ’

2443 1768 2565 1822 οὔτε
2598 1769 2689 1821 τοῦ
2721 1769 2932 1839 ἑτέρου,
2965 1772 3218 1840 φήσουσι,
3256 1775 3439 1826 κοινοῦ
3484 1775 3566 1825 δεῖ
3617 1775 3793 1836 εἴδους
3844 1792 4024 1843 παρα-

2443 1860 2699 1928 δείγματι
2733 1878 2794 1914 τε
2837 1863 2932 1914 καὶ
2961 1864 3152 1927 εἰκόνι,
3181 1863 3305 1916 οὐτε
3346 1867 3394 1916 εἰ
3419 1864 3686 1932 ὁμώνυμά
3717 1865 3886 1927 ἑστιν,
3915 1865 4026 1917 ὥσ-

2444 1968 2552 2020 περ
2595 1948 2689 2004 οὖν
2716 1953 2811 2005 καὶ
2845 1952 3016 2017 ἐστιν,
3049 1955 3149 2006 οὐκ
3178 1955 3252 2007 ἔτ’
3293 1957 3360 2008 ἂν
3388 1957 3611 2023 οὐδεμία
3652 1959 3904 2011 κοινωνία
3939 1957 4026 2022 εἴη

2444 2040 2644 2103 αὐτῶν,
2704 2042 2736 2111 ἢ
2785 2043 2871 2106 σὺ,
2911 2043 3201 2110 φήσουσιν,
3249 2039 3295 2099 ὦ
3353 2045 3754 2115 Ἀριστότελες,
3798 2051 3867 2100 τὰ
3901 2049 4026 2100 ὄντα

2442 2132 2714 2204 ὁμώνυμα
2746 2135 2916 2200 ἀξιῶν
2942 2132 3084 2189 εἴναι
3132 2140 3225 2189 καὶ
3266 2140 3526 2206 οὐδεμίαν
3554 2142 3738 2204 αὐτοῖς
3780 2141 4027 2210 ἀλλήλων

2443 2223 2731 2276 κοινωνίαν
2757 2223 3014 2289 ἀξιώσεις
3044 2221 3182 2278 εἶναι
3207 2244 3220 2293 ;
3266 2228 3407 2280 Ἀλλ’
3439 2229 3533 2282 άτε
3567 2232 3746 2299 φήσας
3767 2232 3827 2283 τδ
3850 2231 4028 2283 τοιοῦ-

2443 2329 2533 2366 τον
2563 2313 2821 2382 οὐδαμοῦ,
2871 2317 2973 2368 οὐκ
3018 2316 3085 2370 ἀν
3129 2336 3260 2372 ποτε
3305 2321 3493 2389 φαίης,
3524 2321 3658 2374 ἀλλὰ
3691 2321 3787 2374 νῦν
3831 2340 3892 2388 γε
3922 2323 4028 2375 ὑπὸ

2446 2401 2748 2470 βασκανίας
2775 2404 2873 2475 τῆς
2904 2406 3039 2476 πρὸς
3069 2409 3217 2477 ήμὶς
3248 2412 3519 2480 προσποιῇ
3548 2411 3785 2478 ἀγνοεῖν,
3818 2413 3892 2474 ώς
3917 2412 4025 2464 τῶν

2442 2496 2755 2565 ὁμωνύμων
2788 2499 2858 2552 τά
2891 2500 2989 2566 μὲν
3039 2500 3099 2552 οὐ
3138 2504 3398 2555 ’κοινωνεῖ
3449 2503 3721 2572 ἀλλήλοις,
3752 2505 3820 2558 τὰ
3859 2505 3913 2558 δέ
3949 2522 4023 2573 πη

2445 2589 2539 2640 καὶ
2571 2592 2842 2655 κοινωνεῖ,
2870 2591 2966 2645 καὶ
2997 2593 3024 2644 ὁ
3052 2593 3276 2662 ἀνδριὰς
3309 2595 3337 2646 ὁ
3364 2595 3680 2664 Λυσάνδρου
3711 2596 3788 2665 τῷ
3817 2597 4026 2649 Λυσάν-

2442 2679 2553 2746 δρῳ
2587 2680 2688 2732 οὐκ
2716 2680 3102 2752 ἀκοινώνητος,
3135 2684 3256 2737 οὐδέ
3280 2701 3343 2752 γε
3371 2684 3536 2738 εἰκὼν
3561 2686 3764 2756 ἑκάστη
3797 2689 3873 2755 τῷ
3904 2690 4029 2740 ἑαυο

2442 2770 2541 2838 τῆς
2568 2772 2997 2842 παραδείγματι.
3033 2775 3154 2828 Ἔτι
3185 2776 3237 2828 τί
3283 2794 3436 2841 ποτε,
3476 2780 3633 2846 φησὶ,
3659 2779 4028 2846 συμϐάλλεται

2441 2861 2510 2914 τά
2546 2861 2688 2932 εἴδη,
2722 2863 2755 2932 ἧ
2796 2866 2908 2925 τοῖς
2937 2864 3129 2927 ἀϊδίοις
3160 2865 3268 2919 τῶν
3299 2867 3598 2936 αἰσθητῶν,
3630 2869 3661 2937 ἢ
3704 2869 3816 2930 τοϊς
3849 2884 4028 2934 γιγνο-

2447 2954 2633 3022 μένοις
2684 2970 2742 3006 τε
2792 2956 2884 3007 καὶ
2933 2940 3355 3026 φθειρομένοις;
3413 2957 3535 3010 οὐτε
3596 2959 3706 3028 γὰρ
3761 2958 4030 3030 κινήσεώς

2444 3051 2622 3112 ἐστιν,
2648 3047 2774 3100 οὐτε
2819 3049 3126 3118 μεταϐολῆς
3174 3051 3433 3121 οὐδεμιᾶς
3483 3054 3634 3106 αἴτια
3664 3053 3869 3113 αὐτοῖς.
3912 3054 4025 3105 Ἐν-

753 3143 874 3194 dein
895 3143 1162 3212 ejusmodi
1185 3146 1418 3212 plurium
1439 3163 1732 3202 causarum
1757 3164 2027 3206 concursu
2047 3151 2335 3219 accidunt,
2366 3168 2408 3224 ο
2443 3158 2493 3194 τε

2289 3162 2335 3219 ι,
2366 3168 2408 3224 C
2443 3140 2618 3194 ταῦθα
2664 3141 2828 3210 δῆλον
2889 3139 3195 3210 πεποίηκεν
3238 3131 3639 3212 ’Ᾰριστοτέλης,
3691 3145 3814 3196 ὅτου
3861 3143 4023 3196 ἕνεκα

753 3251 985 3302 quarum
1009 3254 1200 3292 rursus
1233 3255 1573 3310 unaquaeque
1606 3242 1752 3309 illuc,
1785 3243 2048 3309 refertur,
2083 3245 2325 3300 animum

755 3336 1000 3380 nostrum
1063 3328 1210 3383 illine
1265 3331 1429 3383 etiam
1488 3339 1713 3398 aecepto
1793 3331 1997 3387 lumine
2061 3334 2328 3400 ejusmodi

754 3420 1037 3472 scientiam
1072 3421 1319 3490 adipisci.
1351 3424 1476 3477 Htec
1533 3426 1717 3491 itaque
1750 3428 2145 3491 responderent
2178 3427 2243 3479 ad
2272 3443 2332 3481 ea

754 3525 876 3574 quae
916 3511 1237 3568 Aristoteles
1267 3514 1450 3584 objicit
1473 3515 1539 3568 de
1573 3516 1737 3570 variis
1769 3516 2123 3570 scientiarqu
2159 3517 2332 3572 ratio-

757 3605 938 3660 nibus.
1003 3605 1084 3658 Ad
1135 3605 1264 3659 illttd
1334 3615 1513 3660 autem
1569 3606 1713 3672 quod
1777 3607 1955 3676 inquit
2012 3608 2334 3674 (sectttnlnm

757 3712 886 3750 vero
919 3713 1084 3750 unum
1112 3695 1163 3751 in
1196 3699 1381 3753 multis
1410 3707 1463 3752 et
1497 3703 1863 3767 negationem)
1912 3699 2044 3753 nihil
2082 3715 2338 3754 necessa-

757 3790 896 3842 rium
925 3790 1170 3844 concludi
1203 3790 1610 3860 responderent.
1650 3793 1795 3846 Illam
1829 3808 2062 3862 namque
2103 3777 2340 3849 hominis

756 3884 1015 3953 speciem,
1077 3899 1199 3952 quae
1278 3884 1387 3937 illic
1445 3886 1704 3950 exsistit,
1771 3886 2196 3955 quibuscuuqne
2277 3901 2341 3940 ea

758 3979 994 4048 seipsam
1035 3977 1411 4047 impertiverit.
1450 3979 1556 4033 illis
1615 3979 1874 4032 nimirum
1940 3993 2166 4032 causam
2227 3978 2343 4034 fore

758 4081 817 4124 ut
853 4070 962 4125 sint
996 4072 1265 4128 homines.
1300 4073 1723 4140 quihuscunque
1751 4081 1928 4127 autem
1966 4072 2200 4141 seipsam
2237 4088 2339 4125 non

757 4163 1132 4233 impertiverit,
1165 4180 1226 4219 ea
1253 4167 1434 4219 omnia
1481 4164 1533 4219 in
1563 4165 1782 4220 diverso
1847 4179 2047 4235 genere
2078 4165 2338 4234 relinqui,

755 4266 811 4309 ut
841 4257 1096 4310 nimirum
1147 4272 1254 4310 uou
1292 4256 1400 4311 sint
1460 4257 1728 4312 homines.
1768 4256 2009 4326 Denique
2070 4256 2136 4311 ad
2182 4256 2336 4323 illud,

752 4347 897 4412 quod
932 4349 1025 4413 ait,
1066 4364 1130 4402 ac
1153 4348 1450 4403 secundum
1484 4348 1628 4418 quod
1657 4349 1992 4419 intelligetur
2019 4350 2328 4420 quippiam,

753 4456 819 4494 eo
876 4450 1138 4510 corrupto
1169 4442 1332 4494 etiam
1401 4442 1878 4510 corruptibilium;
1922 4426 2331 4512 respondebunt

2447 3231 2561 3290 τοῖς
2592 3229 2757 3281 εἴδεσι
2789 3229 3034 3297 πολεμεῖ.
3082 3227 3222 3282 Ὑπὸ
3256 3230 3362 3298 γὰρ
3390 3229 3484 3283 τοῦ
3516 3232 3656 3300 μήτε
3682 3230 3893 3284 οἴεσθαι
3928 3232 4031 3301 μή-

2447 3337 2505 3373 τε
2533 3319 2819 3389 βούλεσθαι
2849 3316 2986 3373 εἷναί
3014 3338 3067 3372 τι
3095 3323 3205 3383 τοϊς
3232 3321 3425 3385 ἀϊδίοις
3463 3323 3643 3376 αἴτιον
3672 3321 3765 3374 τοῦ
3807 3319 3942 3376 εἷναί
3971 3320 4033 3374 τι

2445 3413 2541 3465 καὶ
2567 3411 2891 3480 ὑφεστάναι,
2942 3413 3082 3482 πλήν
3112 3431 3176 3482 γε
3204 3413 3270 3482 δὴ
3296 3412 3389 3466 τοῦ
3417 3415 3687 3468 κινεῖσθαι
3725 3413 3888 3478 μὸνου
3921 3415 4036 3474 τοῖς

2443 3505 2609 3558 εἴδεσι
2639 3504 2885 3574 πολεμεῖ.
2909 3506 2978 3558 Ἢ
3006 3504 3058 3557 τί
3089 3520 3218 3573 ποτε
3239 3505 3390 3574 αὐτῷ
3418 3504 3667 3574 βούλεται
3694 3506 3777 3572 τὸ,
3813 3505 3876 3558 Τί
3902 3523 4036 3558 ποτε

2447 3597 2820 3666 συμδάλλεται
2853 3597 2923 3650 τὰ
2951 3598 3064 3667 εἴδη
3098 3599 3130 3669 ἢ
3163 3599 3278 3662 τοῖς
3311 3598 3505 3661 ἀϊδίοις
3532 3598 3642 3651 τῶν
3671 3598 3965 3667 αἰσθητῶν,
3990 3599 4037 3667 ,ἢ

2444 3693 2557 3754 τοῖς
2583 3692 2935 3760 γιγνομένοις
2964 3708 3024 3744 τε
3055 3692 3151 3744 καὶ
3188 3691 3610 3761 φθειρομένοις;
3644 3691 3781 3744 Οὔτε
3823 3691 3923 3759 γάρ
3953 3708 4040 3742 κι-

2445 3782 2656 3853 νήσεώς
2689 3786 2864 3852 εστιν,
2898 3788 3025 3838 οὔτε
3075 3783 3386 3854 μεταϐολῆς
3438 3784 3698 3854 οὐδεμιᾶς
3744 3782 3893 3836 αἴτια
3938 3784 4042 3834 αὐ-

2445 3879 2594 3944 τοϊς;
2626 3877 2658 3943 ἦ
2689 3875 2850 3946 δῆλον
2897 3876 2971 3939 ῶς
3013 3877 3138 3930 ἐπεὶ
3177 3879 3289 3938 τοϊς
3323 3877 3423 3947 μὲν
3465 3877 3812 3946 γιγνομένοις
3848 3893 3905 3928 τε
3945 3876 4044 3927 καὶ

2448 3967 2824 4038 φθειρομένοις
2874 3967 2984 4020 τῶν
3004 3983 3062 4021 τι
3095 3968 3355 4038 ὁμοειδῶν
3390 3967 3457 4021 τὰ
3489 3966 3791 4035 γεννῶντα,
3824 3967 3914 4018 καὶ
3947 3966 4044 4017 τὸν

2448 4059 2603 4130 ἥλιον
2625 4057 2811 4112 ίκανδν
2841 4059 3016 4112 οἴεται
3048 4059 3214 4120 αὐτὸς
3244 4059 3392 4112 αἴτια
3420 4059 3744 4122 ἀποδώσειν,
3775 4057 3841 4109 τὰ
3874 4058 3919 4111 δ’
3949 4055 4042 4108 dt-

2450 4151 2538 4204 δια
2583 4151 2694 4203 τῶν
2736 4148 3013 4220 αἰσθητῶν
3047 4149 3315 4203 κινεῖσθαι
3342 4149 3442 4218 μὲν
3471 4150 3636 4212 αὐτὸς
3691 4149 3751 4204 οὐ
3785 4167 3917 4218 φησι
3951 4150 4044 4201 διὰ

2453 4247 2518 4301 τὰ
2542 4248 2680 4316 εἴδη,
2713 4249 2768 4310 ἐς
2799 4245 2856 4299 δὲ
2883 4243 2982 4315 τὴν
3017 4239 3208 4299 οὐσίαν
3237 4245 3332 4299 καὶ
3366 4245 3426 4298 τὸ
3451 4241 3588 4299 εἶναι
3613 4247 3712 4297 οὐκ
3742 4247 3914 4297 οἴεται
3950 4246 4044 4296 αἰ-

2456 4339 2572 4393 τίου
2607 4337 2926 4392 οὐδοτουοῦν
2951 4339 3179 4401 δεῖσθαι,
3213 4339 3303 4391 διὰ
3363 4337 3544 4403 τοῦτο,
3580 4337 3645 4391 Τί
3679 4354 3809 4390 ποτε
3831 4375 3846 4399 ,
3880 4338 4041 4405 φησὶ,

2459 4432 2830 4503 συμϐάλλεται
2871 4431 3057 4494 αὐτοῖς
3078 4430 3146 4484 τὰ
3166 4430 3282 4500 εἴδη
3309 4447 3324 4497 ;
3369 4430 3529 4484 Ἀλλὰ
3569 4429 3702 4500 φαίη
3741 4431 3806 4483 ἄν
3831 4446 3934 4490 τις,
3964 4430 4042 4489 ώς

753 4549 918 4586 unam
956 4533 1100 4587 illam
1133 4535 1389 4601 speciem,
1441 4550 1561 4604 qua:
1586 4535 1847 4588 omnibus
1879 4537 2330 4605 eorruptibilibus
2375 4527 2417 4584 Ι)
2444 4527 2493 4578 τά

2305 4552 2330 4590 5
2375 4527 2417 4584 Ι)
2444 4525 2525 4594 τῷ
2555 4522 2919 4592 πρεσϐυτάτῳ
2958 4521 3079 4592 Θεῷ
3116 4524 3264 4592 μόνῳ
3293 4522 3467 4575 οἴεται
3498 4521 3704 4588 ταύτην
3731 4521 3795 4574 ἂν
3824 4522 4040 4590 προσή-

753 4627 807 4680 ίιι
851 4640 957 4680 una
1006 4626 1307 4697 eademque
1359 4627 1475 4680 idea
1528 4637 1740 4696 prteest,
1794 4642 1902 4681 non
1959 4628 2141 4681 minus
2192 4629 2339 4682 suili-

749 4736 873 4775 ccre
922 4721 988 4773 ad
1043 4735 1210 4773 unum
1280 4719 1513 4787 quodvis
1544 4721 1691 4787 prius
1725 4719 2149 4785 nonexsistens,
2190 4735 2338 4774 nunc

749 4815 970 4867 demum
1014 4816 1066 4866 in
1114 4811 1290 4867 lucem
1346 4812 1786 4880 producendum,
1822 4825 1984 4876 quam
2016 4812 2178 4863 etiam
2215 4826 2340 4866 enr-

752 4916 914 4976 rupto
971 4907 1170 4970 quovis
1219 4920 1432 4968 eorum,
1483 4919 1605 4972 qua:
1679 4903 1928 4973 quotidie
1990 4903 2342 4958 dissolutioni

751 5011 878 5056 sunt
937 4999 1201 5063 obnoxia,
1263 4999 1331 5052 ad
1369 4994 1741 5051 renovandam’
1802 4998 1855 5051 in
1895 4997 2095 5051 animis
2132 4998 2340 5067 aliquid

750 5095 816 5147 de
854 5095 973 5163 ipso
1003 5091 1387 5161 cogitantium,
1434 5090 1680 5159 ejusdem
1718 5090 2037 5161 imaginem.
2076 5088 2195 5143 ll.-ec
2240 5090 2342 5143 ita-

749 5203 858 5255 que
898 5186 955 5249 ii,
980 5184 1071 5253 qui
1105 5183 1319 5254 species
1349 5183 1717 5246 constituunt,
1747 5180 2017 5249 ejusmodi
2052 5197 2347 5250 :trgnnu-n-

699 5350 702 5353 _
753 5282 842 5345 tis,
876 5279 1075 5350 quibus
1140 5278 1462 5332 Aristoteles
1511 5277 1655 5345 ipsos
1683 5283 1987 5345 oppugnat,
2048 5273 2348 5342 responde-

755 5378 912 5438 hunt,
950 5374 1391 5442 persolventque,
1428 5371 1699 5437 inquibus
1723 5369 1859 5422 nihil
1886 5384 1991 5424 non
2015 5367 2350 5422 conveniens

755 5467 888 5519 nihil
921 5481 1028 5519 non
1062 5481 1175 5519 sua:
1205 5465 1445 5534 ipsorum
1473 5462 1734 5516 doctrinzc
1757 5470 2189 5514 consentaneum
2225 5473 2350 5528 pro-

756 5562 953 5612 ferent.
981 5556 1087 5612 Sed
1114 5557 1226 5627 jam
1270 5557 1331 5610 ad
1363 5572 1448 5618 ea,
1483 5571 1606 5624 qua:
1660 5564 1790 5608 sunt
1827 5554 1984 5622 digna
2023 5563 2350 5615 memoratu,

756 5653 1016 5719 deinceps
1087 5659 1454 5703 transeamus.
1505 5645 1778 5699 Pratterea
1840 5644 2064 5706 accidit,
2132 5652 2189 5695 ut
2241 5656 2350 5695 non

761 5744 1009 5798 binarius
1043 5743 1112 5796 sit
1146 5741 1376 5811 primus,
1409 5739 1500 5795 sed
1534 5754 1818 5793 numerus.
1846 5738 2031 5804 Atqui,
2068 5735 2349 5799 inquicnt,

760 5837 892 5907 quid
934 5837 1239 5907 prohibeat,
1270 5851 1377 5905 quo
1411 5834 1918 5897 tninus'uumerus,
1961 5831 2052 5902 qui
2091 5830 2198 5887 illic
2249 5838 2351 5896 est,

2447 4634 2565 4671 κειν
2597 4617 2694 4686 τὴν
2718 4616 2919 4668 αἰτίαν.
2959 4614 3127 4690 ⁴Ἀλλά
3164 4615 3325 4668 τοῦτο
3364 4614 3508 4685 ἀλλῳ
3539 4613 3640 4684 μέν
3685 4631 3762 4682 τῳ
3792 4613 3942 4680 ἀνείη
3974 4613 4042 4664 ἂν

2445 4711 2643 4772 εἰπεῖν,
2679 4707 3040 4779 Ἀριστοτέλει
3071 4709 3117 4762 δ’
3145 4709 3245 4762 οὐκ
3273 4707 3422 4762 ἐστιν
3450 4708 3646 4760 εἰπεῖν.
3673 4706 3770 4758 Διά
3796 4705 3886 4771 si;
3915 4705 4042 4756 Ὀτι

2447 4805 2614 4866 αὐτὸς
2660 4801 2728 4857 ἂν
2781 4803 2871 4872 ὑφ’
2916 4800 3087 4855 αὐτοῦ
3146 4801 3514 4872 περιτραπείη
3571 4802 3620 4852 εί
3668 4799 3825 4851 τοῦτο
3873 4799 4042 4850 εἴποι.

2450 4895 2805 4965 Πυνθάνομαι
2844 4894 2956 4964 γὰρ
2984 4895 3051 4963 δὴ
3082 4892 3339 4946 τοσοῦτον
3370 4892 3478 4945 τῶν
3518 4891 3672 4960 αὐτῷ
3714 4890 4046 4961 προσκειμέ-

2449 5007 2581 5054 νων,
2613 4988 2665 5041 τί
2695 4989 2758 5058 δή
2789 5005 2922 5041 ποτε
2951 4988 3012 5040 οὐ
3054 4987 3133 5056 τῷ
3164 4987 3316 5057 αὐτῷ
3344 4985 3466 5056 Θεῷ
3497 4985 3592 5046 τὰς
3625 4984 3869 5053 κινήσεις
3901 4983 4048 5035 άπάο

2452 5098 2552 5144 σας
2584 5080 2685 5145 τὰς
2716 5081 2839 5134 κατ’
2863 5081 3091 5153 οὐρανὸν
3121 5080 3444 5148 ἀπένειμεν,
3469 5076 3588 5130 ἀλλ’
3623 5076 3752 5130 ἀλλο
3797 5075 3933 5144 ἄλλῃ
3965 5093 4049 5127 κιο

2450 5174 2577 5226 νοῦν
2610 5175 2822 5242 κινήσει
2855 5174 3181 5242 ἑφίστησιν;
3223 5171 3254 5241 ἢ
3288 5169 3446 5239 δῆλον
3467 5169 3554 5238 δὴ,
3583 5170 3664 5222 ὅτι
3687 5168 3753 5222 δι’
3790 5169 3967 5249 ἐκεῖνο
3989 5166 4049 5218 τὸ

2453 5268 2692 5338 ἀξίωμα,
2721 5265 2826 5320 κᾶν
2861 5267 3032 5320 πλείω
3071 5268 3317 5319 πλείοσιν
3351 5262 3542 5326 οὔσαις
3574 5265 3697 5320 ταῖς
3732 5262 3929 5322 ἀϊδίαις
3957 5263 4050 5314 οὐ-

2457 5359 2599 5422 σίαις
2631 5358 2827 5429 ἐφίστη
2876 5358 2944 5410 τὰ
2987 5359 3332 5427 παράγοντα,
3368 5356 3420 5408 εί
3460 5372 3521 5423 γε
3577 5350 3718 5406 εἶναί
3769 5371 3823 5404 οτι
3869 5352 4052 5405 αὐτῶν

2453 5452 2591 5514 ὅλως
2643 5450 2818 5506 αἴτιον
2873 5449 3050 5521 ι’ξ›ετο;
3098 5452 3146 5502 εἰ
3196 5449 3274 5510 δὲ,
3307 5449 3390 5502 ὅτι
3419 5448 3638 5510 εἰκόνας
3673 5446 3881 5498 ἑαυτῶν
3909 5462 4052 5513 παρ-

2457 5545 2696 5614 άγοντας
2732 5544 2795 5596 οὐ
2830 5544 2940 5613 γάρ
2969 5543 3034 5596 ἂν
3075 5543 3310 5611 πάμπαν
3353 5559 3415 5609 γε
3449 5540 3746 5595 ἀπεοικὸτα
3778 5537 3880 5590 κᾶν
3915 5539 4057 5593 αὐτά

2460 5635 2889 5705 παραδείγματα
2950 5631 3019 5706 ἦν
3074 5636 3286 5697 αὐτοῖς.
3332 5635 3440 5687 Καὶ
3487 5633 3660 5695 οὕτως
3720 5633 3786 5684 ἂν
3837 5630 3910 5698 τῷ
3944 5631 4056 5683 τῶν

2459 5729 2614 5782 εἱδῶν
2645 5729 2790 5798 λόγῳ
2823 5729 2918 5781 καὶ
2944 5729 3109 5792 αὐτὸς
3142 5727 3379 5782 ἐνταῦθα
3408 5726 3542 5794 γοῦν
3589 5725 3910 5795 συνεχώρει.
3941 5725 4059 5776 Νῦν

2461 5825 2516 5877 δὲ
2547 5823 2702 5894 δῆλός
2741 5825 2887 5876 ἐστιν
2924 5823 3022 5876 οὐκ
3064 5823 3307 5894 οἰόμενος
3353 5817 3494 5876 εἷναί
3541 5838 3587 5874 τι
3643 5821 3817 5874 αἴειον
3865 5820 4051 5872 αὐτῶν
