4406 6450
375 404 482 466 995

1054 402 1150 462 DE
1191 402 1619 463 PLATONICA
1657 405 1753 463 ET
1786 405 2362 471 ARISTOTELICA
2401 413 2936 476 PHILOSOPHM.

3534 416 3636 482 926

376 519 731 586 παραγωγδν,
765 517 879 571 ἀλλ’
914 517 1056 571 οὕτω
1092 536 1148 572 τε
1181 519 1273 570 καὶ
1309 519 1564 581 τοιαύτας
1592 519 1699 572 ἀπα
1728 521 1821 573 τοῦ
1857 523 1955 573 αὑ·
1987 528 2030 584 Α
2064 544 2116 586 ῃ,

1898 523 1955 572 ὖ·
1987 528 2030 584 Α
2064 544 2172 586 ιιιιιι
2211 534 2278 588 sit
2302 535 2597 603 singularis
2621 545 2732 588 tum
2763 535 2881 604 ipso
2907 537 3119 590 biturio
3184 537 3332 605 prior
3366 536 3635 590 exsistat?

376 612 612 679 τομάτου
643 610 953 680 εὑρημένας
1005 611 1276 663 κινεῖσθαι
1331 613 1488 678 μόνον
1543 611 1678 679 πρός
1708 629 1760 663 τι
1802 613 1957 676 τέλος

378 706 470 755 καὶ
500 704 590 756 τὸν
613 702 769 755 Θεόν.
811 704 971 756 Ἀλλὰ
1000 703 1126 772 μὴν,
1158 707 1342 772 φησιν,
1375 702 1500 755 οὒτε
1538 705 1673 772 πρὸς
1699 704 1797 774 τὴν
1836 706 1959 757 ὲττι-

380 797 595 864 στήμην
621 796 772 848 οὐδὲν
809 795 993 865 βοηθεῖ
1025 798 1123 863 τὴν
1173 797 1274 848 τῶν
1311 797 1503 859 ἄλλων,
1555 798 1614 850 οὐ
1667 798 1785 864 γὰρ·
1803 799 1958 850 οὐσία

378 887 561 940 ἐκεῖνα
599 887 825 939 τούτων.
873 887 961 939 Ἐν
995 886 1204 948 τούτοις
1255 887 1362 955 γὰρ
1400 888 1464 939 ἂν
1495 884 1583 955 ἦν,
1627 886 1741 938 οὖτ⁹
1784 890 1862 948 είς
1900 887 1957 940 τὸ

378 973 516 1030 εἶναι
548 978 622 1048 μὴ
646 977 1020 1047 ἐνυπάρχοντά
1042 995 1104 1045 γε
1129 981 1240 1041 τοῖς
1267 980 1573 1048 μετέχουσι.
1604 979 1698 1041 Τίς
1725 981 1841 1032 ποτ’
1866 975 1958 1032 οὖν

385 1070 512 1138 περὶ
545 1069 752 1130 εἰκόνος
776 1070 1001 1138 ἄμεινον
1021 1069 1378 1135 διαγνώσεται
1403 1087 1416 1136 ;
1451 1073 1514 1122 Ἀ
1529 1073 1572 1138 ρ’
1596 1072 1692 1138 οὐχ
1725 1073 1750 1123 ὁ
1780 1073 1876 1124 καὶ
1901 1071 1957 1124 τό

379 1160 730 1227 παράδειγμα
785 1159 937 1223 εἰδώς
966 1178 979 1226 ;
1015 1163 1074 1214 οὐ
1105 1163 1212 1230 γαρ
1243 1179 1342 1214 που
1390 1165 1416 1214 ὀ
1447 1163 1604 1214 τοῦτο
1637 1163 1849 1227 ἀγνοῶν
1881 1163 1956 1231 τῷ

377 1269 438 1318 γε
474 1254 635 1305 εἰδότι
665 1253 722 1319 ἐξ
757 1255 872 1306 ἴσου
907 1256 1033 1321 περὶ
1064 1257 1162 1322 τῆς
1194 1256 1399 1316 εἰκόνος
1431 1257 1675 1324 διαγνοίη
1715 1259 1799 1309 ἄν.
1837 1256 1957 1317 Πῶς

377 1344 421 1395 δ’
456 1345 632 1406 οὐδεὶς
665 1347 722 1396 τὸ
753 1343 892 1398 εἶναι
943 1349 1055 1408 τοῖς
1100 1347 1277 1408 ἄλλοις
1317 1348 1482 1416 βοήοῇ
1520 1349 1584 1400 ἂν
1627 1351 1727 1401 κᾶν
1768 1349 1839 1417 μὴ
1872 1349 1955 1398 ὲν-

376 1435 686 1504 υπαρχῃ,εἱ’
709 1455 770 1504 γε
791 1438 938 1490 αἰτία
977 1438 1060 1506 εἴη
1099 1437 1303 1503 αὐτῶν;
1335 1439 1452 1490 Ἔτι
1484 1440 1664 1510 φησιν,
1695 1441 1766 1493 0-3
1797 1441 1955 1505 μόνον

377 1528 484 1577 τῶν
510 1527 785 1597 αἰσθητῶν
837 1530 1257 1598 παραδείγματα
1295 1531 1363 1581 τὰ
1394 1530 1532 1597 εἴδη,
1570 1530 1704 1583 ἀλλὰ
1736 1535 1830 1584 καὶ
1861 1534 1956 1584 αῦ-

377 1619 506 1681 τῶν,
547 1615 657 1672 οἷον
689 1623 749 1672 τὸ
798 1622 953 1686 γένος
984 1622 1093 1674 τῶν
1127 1623 1200 1685 ὡς
1233 1623 1425 1690 γένους
1479 1622 1655 1674 εἱδῶν.
1692 1623 1854 1675 Ὥστε
1897 1624 1955 1675 τὸ

378 1712 510 1763 αὐτὸ
547 1712 698 1764 ἔσται
728 1713 1086 1782 παράδειγμα
1131 1716 1226 1766 καὶ
1267 1714 1451 1767 εἰκών.
1499 1713 1641 1766 Ἀλλ’
1668 1715 1712 1764 εξ
1751 1717 1847 1782 μὲν
1879 1715 1954 1782 τῷ

375 1802 527 1860 αὑτῶ
575 1804 669 1857 τοῦ
722 1805 891 1857 αὑτοῦ
940 1805 1348 1875 παραδείγματί
1390 1822 1447 1856 τε
1488 1805 1580 1858 καὶ
1605 1806 1772 1857 είκόνι
1813 1801 1952 1857 εἶναι

2078 624 2341 678 Binarius
2394 638 2571 679 autem
2631 627 2700 681 sit
2755 627 2962 693 primus
3005 629 3174 683 nostri
3207 629 3366 695 hujus
3398 630 3636 692 numeri,

2068 717 2157 785 qui
2192 717 2406 769 dilatari
2452 718 2670 783 potest?
2698 719 2782 772 Ait
2817 720 2967 781 item,
3000 721 3042 774 si
3102 724 3310 788 species
3342 737 3434 784 per
3487 723 3636 775 acci-

2067 807 2200 862 dens
2230 825 2334 862 non
2369 810 2778 875 participentur,
2812 812 3172 866 essentiarum
3197 814 3632 867 duntaxaterunl

2067 901 2295 967 species.
2329 900 2404 954 lla
2426 901 2642 968 quidem
2664 889 3076 967 respondebunt
3127 904 3224 961 illi.
3257 907 3298 957 si
3336 907 3514 958 omnia
3540 916 3628 958 aut

2067 1003 2247 1044 essent
2302 997 2578 1050 essentiae.
2615 1005 2706 1047 aut
2733 1010 2825 1060 per
2861 997 3112 1050 accidens
3152 997 3407 1050 essentiis
3458 997 3619 1049 adhae-

2066 1095 2274 1142 rerent.
2347 1094 2457 1136 tum
2489 1101 2615 1137 vero
2642 1086 2820 1139 locum
2856 1090 3084 1154 aliquem
3129 1087 3361 1141 fortasse
3413 1087 3628 1140 haberet

2065 1175 2116 1227 id
2153 1174 2296 1241 quod
2333 1174 2564 1241 profers.
2598 1175 2751 1231 Nunc
2780 1189 2953 1230 autem
2988 1194 3105 1231 cum
3160 1181 3210 1230 in
3250 1180 3411 1232 rebus
3462 1177 3628 1232 exsis-

2065 1279 2182 1321 tant
2215 1267 2414 1335 aliqua.
2447 1283 2567 1333 quae
2623 1271 2784 1322 etiam
2835 1285 2928 1329 per
2958 1286 3016 1323 se
3048 1272 3301 1324 essentiis
3345 1271 3630 1334 inhaerent,

2065 1359 2255 1426 quanti
2302 1358 2515 1410 demum
2575 1361 2832 1448 momenti
2894 1364 2993 1413 erit
3039 1371 3127 1415 tua
3185 1359 3270 1412 illa
3306 1362 3480 1413 ratio?
3531 1358 3631 1412 Tu-

2065 1454 2225 1506 Inetsi
2262 1454 2407 1507 enim
2463 1469 2672 1516 eorum,
2720 1471 2839 1522 quae
2889 1471 2983 1522 per
3045 1457 3298 1510 accidens
3353 1453 3631 1513 eveniunt,

2063 1545 2500 1612 unumquodque
2532 1546 2596 1598 iis
2636 1546 2835 1613 quibus
2858 1547 3102 1613 proxime
3125 1547 3453 1606 continetur,
3523 1558 3629 1595 non

2065 1635 2203 1688 adsit
2235 1651 2329 1703 per
2360 1652 2438 1695 se.
2475 1651 2582 1689 non
2632 1647 2809 1690 tamen
2846 1641 2912 1690 ab
2960 1638 3045 1698 iis,
3078 1651 3195 1703 quae
3229 1652 3323 1704 per
3362 1651 3419 1688 se
3454 1634 3633 1686 exsis-

2063 1735 2200 1786 tunt.
2230 1737 2310 1780 est
2368 1742 2587 1794 prorsus
2665 1729 2963 1787 diversum.
3017 1728 3283 1796 siquidem
3359 1723 3632 1793 ejusmodi

2068 1822 2243 1872 oiunia
2260 1819 2489 1888 plurium
2510 1835 2796 1873 causarum
2815 1835 3081 1873 concursu
3103 1819 3372 1875 eveniant.
3393 1831 3625 1884 quarum

379 1895 715 1958 συνέϐαινεν,
771 1898 826 1957 ὲς
875 1898 1072 1950 ἄτοπον
1121 1897 1186 1949 ἄν
1239 1913 1290 1948 τι
1335 1895 1411 1965 τῷ
1457 1897 1571 1949 δντι
1639 1896 1882 1964 ἀπήγετο
1929 1897 1955 1947 ό
1992 1886 2029 1940 Β
2063 1929 2119 1962 ,η

1929 1897 1955 1947 ὁ
1992 1886 2029 1940 Β
2063 1886 2402 1977 ιιιιιιιιιιαιτιυθ
2434 1925 2528 1977 per
2552 1925 2608 1963 se
2651 1909 2799 1972 facit,
2827 1911 3085 1978 quidquid
3125 1910 3270 1970 facit,
3295 1923 3470 1974 neque
3502 1921 3629 1958 vero

376 1986 552 2052 λόγος,
611 1988 798 2054 ῶσπερ
846 1989 911 2040 ἂν
954 1990 1002 2040 εί
1045 1987 1123 2056 τῷ
1191 1987 1336 2056 αὑτῷ
1386 1987 1479 2040 τοῦ
1531 1986 1694 2039 αὑτοῦ
1750 1987 1956 2054 μείζονί

375 2096 434 2130 τε
481 2077 597 2146 ἅμα
649 2074 786 2130 εἶναι
837 2081 928 2130 καὶ
958 2081 1128 2146 μείονι
1165 2079 1499 2132 συνέϐαινεν.
1536 2079 1646 2132 Νῦν
1687 2078 1742 2130 δὲ
1775 2079 1824 2128 τί
1854 2095 1956 2128 κω-

377 2171 491 2222 λύει
541 2170 599 2222 τὸ
658 2171 789 2223 αὐτὸ
836 2172 1023 2239 ἑτέρου
1062 2173 1160 2241 μὲν
1187 2173 1390 2233 εἰκόνα,
1441 2173 1626 2242 ἐτέρου
1670 2172 1724 2224 δὲ
1777 2172 1956 2240 παρά-

376 2265 575 2332 δειγμα
631 2260 808 2329 εἷναις
843 2267 911 2316 Ἢ
965 2266 1066 2318 οὐκ
1098 2266 1413 2332 ἀνδριάντος
1450 2266 1656 2328 εἰκόνος
1692 2265 1843 2326 ὄντος
1884 2268 1956 2318 εί-

379 2360 510 2410 κόνα
564 2356 856 2427 ζωγράφος
911 2359 1162 2428 γράψειε,
1208 2362 1299 2412 καὶ
1345 2359 1549 2426 ταύτης
1580 2359 1659 2410 ἔτι
1707 2360 1764 2410 ἐν
1803 2359 1955 2410 ὕδατι

379 2449 598 2502 εἴδωλον
628 2451 693 2504 ἄν
727 2469 778 2502 τι
820 2452 1069 2518 γένοιτο;
1119 2452 1280 2503 Ἀλλᾶ
1311 2451 1470 2504 τοῦτο
1504 2453 1602 2520 μὲν
1640 2451 1952 2520 Ἀριστοτέσ

380 2543 502 2601 λους
522 2544 732 2595 τοιοῦτο
753 2544 813 2596 τὸ
837 2545 1164 2612 τερέτισμα.
1209 2545 1324 2610 Ἐφ’
1346 2545 1532 2612 ἕτερον
1563 2545 1604 2596 δ’
1632 2545 1794 2597 αὐτοῦ
1831 2561 1956 2613 μετ-

383 2633 571 2703 ίωμεν.
597 2636 716 2688 Ἔτι
763 2638 910 2706 φησῖ,
940 2637 1060 2688 Τῶν
1091 2654 1147 2688 τε
1191 2636 1343 2689 εἱδῶν
1368 2637 1535 2690 ὄντων
1560 2638 1707 2706 ὅμως
1735 2637 1792 2688 οὖ
1815 2639 1956 2702 γίνε-

377 2742 463 2777 ται
491 2728 558 2780 τὰ
587 2728 844 2797 γινόμενα
865 2728 929 2782 ἂν
1115 2733 1173 2782 τὸ
1204 2733 1324 2794 κινῆ
1338 2748 1444 2789 σον.
1471 2731 1564 2782 καὶ¹
1595 2729 1764 2781 πολλὰ
1798 2727 1948 2796 γενεά

377 2836 466 2871 ται
496 2820 678 2889 ἕτερα,
721 2815 833 2873 οἷον
893 2821 1038 2872 οὲκία
1107 2822 1198 2874 καὶ
1231 2822 1530 2886 δακτύλιος,
1571 2815 1644 2876 ὧν
1697 2821 1756 2874 οῦ
1794 2839 1954 2888 φασιν

377 2909 514 2965 εἶναι
547 2915 683 2982 εἴδη,
718 2915 858 2967 ὥστε
926 2917 1083 2984 δῆλον
1131 2918 1212 2968 ὅτι
1268 2918 1543 2985 ἐνδέχεται
1594 2917 1820 2968 κάκεῖια
1881 2909 1954 2968 ὧν

380 3024 543 3074 φισιν
601 3007 743 3066 ἰδέας
794 3004 955 3072 εἶναι,
1019 3009 1112 3061 καὶ
1174 3005 1313 3061 εῖναι
1372 3011 1465 3063 καὶ
1526 3009 1810 3076 γίγνεσθαι
1867 3008 1954 3059 διὰ

375 3098 628 3160 τοιαύτας
682 3097 860 3160 αἰτίας
915 3100 1032 3161 οἵας
1077 3101 1170 3153 καὶ
1223 3100 1290 3151 τὰ
1357 3098 1593 3169 ρηθέντα
1668 3101 1783 3162 νῦν,
1839 3098 1951 3150 ἀλλ’

376 3191 433 3242 οὐ
467 3192 552 3243 διὰ
580 3191 644 3244 τὰ
668 3191 800 3260 εἴδη.
839 3192 982 3244 Ἀλλ’
1017 3193 1137 3244 οὐδὲ
1168 3192 1337 3245 ταῦτα
1372 3192 1636 3260 φήσουσιν
1667 3191 1713 3242 οἱ
1738 3191 1803 3242 τὰ
1838 3191 1950 3258 εἴδη
1984 3235 2024 3260 ι,

2007 3273 2024 3291 ⁸
2057 3286 2295 3353 tigerint.
2325 3289 2439 3351 ejus
2467 3287 2538 3339 rei
2561 3302 2721 3340 causa
2766 3286 2972 3340 exstitit
3002 3285 3280 3352 aequalitas
3335 3285 3446 3337 sive
3480 3298 3626 3336 com-

377 3284 656 3351 τιθέμενοι
696 3286 825 3338 ἄνευ
859 3285 1321 3354 παραδειγμάτων
1349 3283 1631 3350 γίγνεσθαι
1669 3285 1716 3334 εί
1751 3283 1839 3335 καὶ
1877 3283 1951 3349 μὴ

378 3375 499 3429 καθ’
539 3379 707 3429 ἑαυτὰ
740 3377 1143 3445 ὑφεστηκότων.
1171 3377 1419 3444 Γίγνεται
1449 3377 1557 3444 γὰρ
1580 3374 1667 3427 διὰ
1703 3374 1767 3426 τὰ
1787 3374 1956 3442 νοητὰ

376 3470 440 3520 τὰ
473 3471 529 3519 ὲν
556 3469 661 3520 τῶν
689 3469 1037 3537 δημιουργῶν
1089 3472 1207 3530 ταῖς
1238 3469 1435 3538 ψυχαῖς
1475 3470 1722 3534 ἑκάστων
1774 3484 1954 3536 παρα-

375 3561 659 3629 δείγματα.
697 3564 787 3613 Δεῖ
825 3562 880 3613 δέ
911 3578 1035 3625 που,
1067 3563 1324 3630 φήσουσι,
1353 3560 1538 3612 καὶτὰ
1563 3561 1624 3629 δή
1651 3579 1753 3613 που
1777 3561 1956 3626 γιγνέ-

382 3670 537 3719 μενα,
568 3654 627 3704 οὐ
658 3655 815 3721 μόνον
848 3653 904 3704 οὐ
933 3653 1137 3720 χείρονι
1164 3654 1273 3705 τῶν
1307 3654 1623 3705 σκευαστῶν
1656 3637 1826 3721 τούτῷ
1867 3654 1952 3704 αἱ·

376 3746 465 3814 τία
491 3744 750 3814 χρώμενα
771 3745 1078 3813 γίγνεσθαι,
1098 3747 1210 3799 ἀλλ’
1233 3745 1354 3797 οὐδὲ
1375 3745 1487 3816 ἴσῃ,
1522 3743 1634 3796 ἀλλ’
1659 3746 1750 3796 ᾶτε
1779 3746 1956 3813 κρείτ-

380 3855 456 3890 τω
489 3839 666 3890 αὐτῶν
698 3839 886 3901 όντων,
923 3839 1190 3906 κρείττονι
1245 3840 1336 3890 καὶ
1380 3840 1446 3905 τῇ
1499 3837 1647 3905 αἰτία
1694 3837 1952 3904 χρῆσθαι.

391 3929 552 3980 Ἀλλὰ
581 3929 712 3998 φαίη
746 3929 810 3980 ἂν
844 3930 973 3988 ἴσως
1014 3928 1413 3998 Ἀριστοτέλης,
1447 3931 1503 3980 ὲν
1554 3927 1633 3997 τῷ
1677 3928 1827 3996 ἡλίου
1879 3928 1954 3996 νῷ

378 4022 466 4073 καὶ
497 4020 699 4072 τούτων
749 4020 1167 4087 παραδείγματα
1221 4019 1545 4087 ὑφεστάναι,
1600 4019 1695 4072 καὶ
1735 4020 1831 4071 οὐκ
1875 4020 1952 4071 ἔτι

375 4111 482 4162 δεῖν
515 4110 706 4178 ἑτέρου
740 4108 1183 4175 παραδείγματος
1213 4108 1335 4160 καθ’
1371 4109 1530 4160 ἑαυτὸ
1589 4109 1953 4175 ὑφεστηκότος

375 4202 587 4254 οὐδένα.
619 4202 790 4268 Δῆλον
814 4201 924 4269 γὰρ
954 4200 1028 4262 ὡς
1050 4201 1138 4252 τὸν
1170 4200 1320 4269 ἥλιον
1340 4201 1448 4253 τῶν
1483 4201 1825 4268 γιγνομένων
1852 4203 1950 4267 τῆς

375 4295 644 4360 γενέσεως
707 4292 1090 4360 Ἀριστοτέλης
1143 4294 1316 4344 αἴτιον
1369 4291 1598 4345 τίθεται.
1658 4293 1802 4359 Πρὸς
1860 4288 1952 4345 οὖν

374 4385 544 4437 ταῦτα
574 4402 674 4437 που
698 4386 743 4435 οἱ
772 4385 837 4436 τὰ
858 4383 974 4450 εἴδη
1005 4383 1281 4453 τιθέμενοι
1316 4382 1556 4452 ἐροῦσιν,
1599 4383 1744 4434 Ἀλλ’
1768 4385 1814 4434 εἰ
1851 4385 1952 4451 μὲν

377 4479 663 4546 ἑωρῶμεν,
714 4471 757 4530 ὦ
800 4477 1190 4544 Ἀριστότελες,
1221 4475 1480 4539 ὡσαύτως
1535 4475 1602 4528 τά
1635 4493 1692 4529 τε
1757 4493 1951 4528 σκευα-

378 4571 479 4622 στὰ
501 4569 675 4622 ταῦτα
710 4569 812 4622 ὑπὸ
841 4569 949 4619 τῶν
981 4569 1257 4635 σφετέρων
1291 4567 1638 4636 δημιουργῶν
1689 4567 1948 4636 δημιουρ·
1983 4571 2024 4627 D
2056 4577 2118 4628 Sp

1244 4589 1257 4618 ι
1291 4567 1638 4636 δημιουργῶν
1689 4567 1948 4636 δημιουρ·
1983 4571 2024 4627 D
2056 4575 2158 4628 Sed
2243 4569 2652 4640 respondebunt
2724 4566 2984 4620 Platonici

374 4662 616 4731 γοῦμενα
647 4661 744 4713 καὶ
783 4661 850 4712 τὰ
907 4658 1066 4726 φύσει
1121 4671 1416 4724 γιγνόμενα
1476 4657 1584 4709 ὑπὸ
1627 4658 1720 4710 τοῦ
1769 4658 1941 4725 ἡλίου,

377 4750 792 4818 συνεχωροῦμεν
826 4747 890 4799 ἄν
930 4745 1124 4812 σουτῴ
1190 4744 1353 4812 λόγῳ.
1413 4744 1550 4795 Νυνὶ
1611 4745 1668 4795 δὲ
1727 4743 1944 4812 ὁρῶμεν

373 4845 443 4896 τὰ
475 4841 574 4909 μὲν
617 4839 897 4892 σκευαστὰ
924 4837 1114 4900 ταῦτα,
1148 4835 1249 4894 ἕως
1285 4836 1384 4904 μὲν
1421 4835 1486 4888 ἂν
1541 4835 1645 4887 ὑπὸ
1695 4837 1799 4888 τῶν
1848 4837 1944 4904 δη-

378 4932 658 5001 μιουργῶν
683 4931 1100 5000 δημιουργεῖται
1131 4928 1423 4997 παρόντων
1478 4931 1568 4980 καὶ
1622 4929 1944 4996 ἁπτομένων

374 5027 485 5079 τῶν
507 5025 681 5095 ἔργων
705 5026 796 5075 καὶ
827 5023 964 5075 αὐτὰ
993 5020 1385 5091 προχωροῦντα
1418 5024 1472 5084 ἐς
1503 5022 1600 5092 τὴν
1633 5023 1943 5092 τελειότητα

376 5123 476 5187 τὴν
499 5118 728 5178 ἑαυτῶν,
766 5115 1199 5182 καταλειφθέντα
1230 5115 1273 5166 δ’
1303 5116 1534 5184 ἡμιτελῆ
1565 5115 1668 5168 ὑπὸ
1714 5115 1823 5166 τῶν
1848 5116 1944 5184 δη-

381 5209 808 5279 μιουργούντων,
836 5208 935 5258 οὒκ
977 5207 1054 5258 ἔτι
1089 5206 1477 5276 προχωροῦντα
1522 5209 1578 5267 ἐς
1631 5207 1804 5270 οὐδὲν,
1850 5207 1943 5260 ἅτε

373 5304 484 5355 τῶν
509 5299 987 5368 δημιουργούντων
1016 5299 1076 5349 οὐ
1108 5298 1205 5359 τὰς
1241 5300 1428 5366 χεῖρας
1461 5297 1643 5362 μόνον,
1677 5298 1811 5350 ἀλλὰ
1855 5300 1946 5349 καὶ

373 5398 440 5447 τὰ
482 5394 903 5463 παραδείγματα
961 5393 1131 5443 ταῦτα
1188 5393 1399 5452 ἑαυτοῖς
1436 5392 1939 5458 συναποφερόντων.

372 5490 495 5543 Τῶν
518 5489 574 5541 δὲ
607 5487 765 5556 φύσει
815 5487 1154 5554 γιγνομένων
1185 5486 1252 5536 τὰ
1303 5485 1530 5538 πλεῖστα
1577 5485 1794 5553 ὁρῶμεν
1851 5486 1945 5538 καὶ

373 5580 467 5633 τοῦ
499 5579 650 5649 ηλίου
681 5578 1170 5646 ἀποκεχωρηκότος
1203 5577 1339 5629 αὐτὰ
1365 5576 1442 5628 ἐτι
1469 5577 1524 5638 ἐς
1557 5577 1656 5644 τὴν
1673 5576 1945 5646 τελειότη-

374 5691 443 5728 τα
492 5674 592 5740 τὴν
640 5671 848 5724 ἑαυτῶν
912 5669 1322 5740 προχωροῦντα,
1359 5669 1386 5721 ὃ
1437 5670 1672 5737 μάλιστα
1731 5669 1944 5736 ἔνδηλον

375 5768 619 5834 γίγνεται
682 5767 740 5816 ὲν
799 5767 910 5826 τοῖς
961 5764 1098 5831 ταχὺ
1158 5764 1554 5832 τελειουμὲνοις
1610 5765 1796 5829 φυτοῖς
1858 5765 1944 5814 καὶ

375 5859 624 5922 καρποῖς.
667 5859 731 5912 Ἃ
763 5859 853 5910 καὶ
882 5856 1094 5927 νύκτωρ
1145 5856 1294 5910 οἰδὲν
1331 5852 1489 5926 ἧττον
1518 5859 1546 5925 η
1582 5855 1700 5924 μεθ’
1734 5854 1942 5925 ἡμέραι

2061 2004 2204 2066 talia,
2224 2020 2342 2073 quae
2359 2021 2420 2058 CV
2442 2004 2752 2068 huiusmodi
2769 2003 2948 2056 causis
2971 2003 3272 2070 procedunt
3289 2002 3354 2053 ab
3375 2002 3464 2054 illo
3484 2000 3629 2068 quod

2059 2096 2125 2148 sit
2167 2109 2259 2161 per
2283 2110 2360 2154 se.
2381 2096 2604 2148 omnino
2625 2095 2951 2159 discrepant.
2977 2109 3073 2146 nec
3093 2095 3216 2146 item
3237 2093 3280 2146 si
3299 2107 3402 2160 qua
3424 2108 3518 2160 per
3539 2107 3629 2145 ac-

2060 2188 2244 2241 cidens
2260 2189 2536 2246 eveniunt,
2557 2203 2677 2238 cum
2695 2185 2759 2238 iis
2776 2201 2895 2252 qure
2913 2201 3007 2254 per
3026 2200 3080 2237 sc
3099 2185 3251 2243 fiunt.
3271 2183 3485 2251 penitus
3506 2185 3628 2235 uul-

2061 2280 2164 2332 lam
2191 2282 2384 2332 habent
2419 2280 2886 2339 communitatem,
2935 2279 3024 2331 sed
3057 2277 3142 2328 illa
3172 2277 3256 2328 his
3285 2276 3414 2342 ipsis
3449 2275 3628 2328 conti-

2059 2383 2277 2432 nentur,
2298 2381 2459 2440 atque
2487 2371 2719 2424 invicem
2743 2371 2975 2435 quadam
3007 2369 3266 2421 aﬂinitate
3296 2368 3625 2436 junguntur.

2058 2460 2259 2524 Quodsi
2287 2459 2430 2513 enim
2453 2462 2578 2512 dum
2605 2461 2709 2514 ludi
2731 2460 2992 2528 Olympici
3013 2460 3295 2516 instarent.
3317 2459 3395 2511 sol
3415 2458 3627 2511 defece-

2060 2554 2147 2614 rit,
2170 2569 2273 2607 non
2300 2565 2582 2622 propterea
2610 2554 2748 2621 quod
2771 2554 2842 2606 illi
2871 2555 3156 2609 instarent.
3181 2555 3257 2603 sol
3283 2550 3502 2608 defecit.
3530 2565 3627 2603 nec

2060 2648 2184 2701 item
2211 2649 2349 2716 quod
2374 2647 2450 2700 sol
2475 2645 2750 2704 defecerit,
2777 2643 3144 2712 Olympiorum
3166 2654 3374 2710 tempus
3394 2642 3629 2696 instabat

2059 2747 2115 2789 rt
2148 2739 2246 2789 hac
2269 2736 2484 2804 quidem
2505 2737 2710 2788 ratione
2734 2735 2809 2788 sol
2834 2750 2938 2786 non
2959 2749 3053 2801 per
3072 2750 3127 2786 se
3145 2750 3206 2785 eo
3231 2736 3346 2800 ipso
3369 2732 3629 2787 defecerit

2061 2837 2320 2896 tempore,
2352 2843 2461 2896 quo
2505 2826 2754 2880 adessent
2800 2826 3066 2896 Olympia.
3103 2825 3205 2878 Sed
3234 2834 3412 2878 tamen
3448 2839 3629 2878 causas

2058 2919 2159 2972 il|.e
2195 2929 2415 2987 propter
2443 2935 2579 2987 quas
2622 2919 2701 2973 sol
2726 2919 2904 2973 deficit
2931 2933 3023 2988 per
3065 2934 3121 2972 se
3141 2917 3408 2971 defectum
3431 2917 3626 2971 effece-

2057 3019 2205 3072 runt,
2221 3019 2270 3063 et
2285 3010 2368 3063 lex
2393 3011 2502 3063 sive
2521 3011 2828 3064 institutum
2852 3019 3003 3062 vetus
3021 3010 3086 3062 de
3103 3010 3439 3062 celebrandis
3452 3007 3628 3076 Olym-

2057 3102 2160 3169 piis
2187 3117 2279 3168 per
2303 3117 2357 3155 se.
2379 3102 2510 3155 tales
2536 3103 2692 3156 ludos
2711 3102 2998 3154 ordinavit.
3023 3101 3176 3166 Quod
3210 3110 3388 3152 autem
3408 3115 3514 3152 uno
3530 3113 3626 3152 eo-

2059 3195 2287 3262 demque
2304 3203 2544 3263 tempore
2558 3205 2611 3248 et
2629 3195 2891 3264 Olympici
2911 3194 3016 3247 ludi
3037 3202 3086 3247 et
3100 3191 3344 3245 defectus
3359 3193 3489 3244 solis
3504 3205 3624 3243 con-

2058 3381 2262 3432 mensio
2309 3380 2540 3432 ambitus
2568 3379 2882 3445 reditusque
2949 3378 3233 3430 amborum
3276 3375 3415 3427 inter
3462 3389 3536 3436 se,
3567 3379 3622 3426 et

2056 3471 2216 3540 hujus
2237 3487 2423 3524 rursus
2441 3471 2764 3539 mqualitalis
2783 3470 2882 3522 alia
2903 3469 3000 3521 fuit
3025 3467 3325 3530 causa,sive
3341 3465 3618 3531 aliae,qtta-

2056 3580 2174 3619 rum
2212 3577 2548 3630 unaqureque
2588 3577 2680 3630 per
2708 3577 2765 3616 se
2800 3562 2850 3614 id
2888 3560 3030 3630 quod
3070 3560 3133 3612 ad
3182 3575 3240 3612 se
3265 3560 3459 3613 attinet
3494 3558 3621 3613 effe-

2056 3657 2213 3709 cerit.
2253 3654 2390 3707 Hinc
2417 3657 2600 3722 itaque
2631 3660 2870 3720 apparet,
2909 3665 2942 3704 ο
3011 3650 3350 3712 Aristoteles,
3389 3661 3440 3701 te
3500 3651 3619 3702 vin-

2056 3745 2253 3798 lcutam
2288 3743 2462 3796 facere.
2502 3743 2904 3796 conclusionem
2939 3741 3066 3792 dum
3147 3737 3404 3799 afﬁrmas,
3438 3739 3622 3814 omnia

2057 3849 2151 3891 aut
2204 3837 2474 3891 essentias
2512 3835 2713 3895 facere,
2762 3843 2852 3887 aut
2907 3847 3002 3902 per
3059 3833 3314 3884 accidens
3367 3831 3622 3884 essentiis

2056 3929 2332 3988 attributa,
2386 3937 2437 3981 ct
2486 3928 2570 3979 illa
2609 3941 2816 3985 rursus,
2869 3941 2988 3993 qua:
3043 3933 3170 3978 sunt.
3237 3939 3332 3990 per
3368 3923 3623 3977 accidens

2055 4023 2120 4074 ab
2151 4023 2214 4074 iis
2243 4037 2361 4088 ane
2397 4028 2523 4073 sunt
2555 4033 2646 4085 per
2693 4033 2769 4079 se,
2792 4016 3005 4085 penitus
3046 4015 3342 4082 abrumpis.
3391 4013 3622 4068 Prmter-

2054 4130 2113 4168 ea
2171 4113 2370 4182 inquis,
2409 4111 2462 4164 Si
2522 4111 2707 4163 eadem
2776 4109 2844 4162 sit
2910 4108 3112 4175 species
3172 4115 3224 4158 et
3276 4106 3518 4159 idearum
3567 4117 3621 4159 et

2056 4222 2258 4267 rerum,
2312 4205 2511 4272 quibus
2564 4203 2666 4254 illa:
2727 4209 2852 4255 sunt
2913 4200 3269 4266 participaue,
3333 4199 3437 4251 erit
3489 4213 3620 4252 sane

2060 4301 2323 4369 quaepiam
2387 4297 2525 4349 inter
2557 4296 2670 4362 ipsa
2701 4291 3088 4346 communitas.
3143 4291 3236 4342 Sin
3274 4301 3456 4343 autem
3510 4305 3618 4342 non

2054 4392 2238 4443 cadent
2303 4387 2374 4440 sit
2443 4387 2673 4453 species,
2708 4391 2871 4436 erunt
2935 4391 3080 4436 certe
3145 4381 3445 4448 :I'quit'oca,
3522 4397 3619 4436 nec

2051 4485 2162 4553 jam
2221 4479 2463 4547 aliquam
2521 4475 2662 4528 inter
2719 4473 3082 4527 scltabebunt
3138 4473 3614 4527 communitatem.

3072 4581 3245 4633 neque
3338 4567 3620 4633 exemplar

2050 4667 2163 4721 sive
2232 4663 2522 4731 imaginem
2594 4660 2832 4725 indigere
2886 4657 3050 4709 altera
3117 4657 3365 4725 quapiam
3435 4659 3617 4726 specie

2048 4754 2344 4816 communi,
2403 4765 2579 4817 neque
2636 4750 2682 4802 si
2735 4751 2844 4801 sint
2898 4749 3197 4816 aequivoca,
3249 4748 3390 4802 sicut
3428 4763 3616 4801 revera

2049 4856 2196 4909 sntit,
2240 4845 2438 4898 nullam
2476 4841 2677 4896 idcirco
2724 4841 2962 4908 ipsorum
2999 4854 3118 4892 esse
3148 4839 3612 4904 communitateu‘i,

2050 4948 2141 4992 aut
2193 4946 2338 4990 certe
2390 4931 2806 5000 interrogabant
2864 4945 3124 4990 curuam,
3169 4945 3201 4982 ο
3248 4930 3566 4984 Aristoteles
3598 4969 3616 4994 ,

2048 5033 2190 5086 entia
2228 5028 2440 5096 iudicas
2474 5039 2592 5078 esse
2620 5025 2921 5091 atquivoca,
2959 5033 3012 5076 ct
3055 5023 3198 5075 nulla
3230 5032 3406 5074 tamen
3444 5025 3613 5077 sentis

2050 5122 2188 5173 inter
2221 5133 2278 5171 se
2305 5114 2799 5168 communicatione
2828 5111 3061 5165 sociari?
3092 5112 3200 5165 Nec
3241 5113 3453 5178 inquies
3499 5113 3612 5166 for-

2049 5225 2212 5272 tasse,
2255 5218 2307 5262 te
2347 5209 2447 5262 hoc
2484 5206 2672 5260 nttllibi
2698 5205 2919 5259 dixisse.
2949 5204 3002 5256 ld
3032 5207 3170 5272 quod
3194 5206 3369 5272 pt)S\'iS
3400 5217 3613 5274 propter

2047 5305 2229 5358 odium
2268 5299 2409 5368 quod
2445 5313 2568 5367 erga
2602 5313 2699 5350 nos
2728 5298 3023 5365 concepisti
3061 5297 3431 5358 dissimulare,
3467 5299 3610 5366 quod

2049 5395 2301 5446 nimirum
2345 5391 2620 5457 :equivoca
2672 5388 2721 5440 in
2764 5387 3087 5456 quibusdam
3142 5404 3242 5440 non
3305 5389 3612 5441 communi-

2048 5492 2168 5537 ceut
2214 5483 2357 5535 inter
2410 5497 2488 5543 se,
2545 5480 2597 5533 iu
2632 5479 2956 5546 quibusdam
3006 5494 3135 5532 vero
3182 5480 3610 5534 communicent.

2047 5573 2178 5627 Nam
2240 5589 2410 5641 neque
2463 5571 2726 5642 Lysandri
2776 5580 2953 5625 statua
3006 5587 3128 5624 cum
3173 5571 3288 5639 ipso
3334 5569 3615 5640 Lysandro

2048 5665 2246 5718 nullam
2280 5680 2503 5731 prorsus
2558 5665 2717 5715 habet
2747 5664 3190 5716 communitatem
3229 5679 3402 5731 neque
3437 5665 3614 5734 imago

2048 5775 2166 5810 cum
2192 5771 2288 5809 suo
2313 5755 2482 5823 ipsius
2507 5755 2894 5820 cxcr::plari.:\t
2921 5755 3119 5821 inquis,
3144 5767 3420 5820 prmtcrca,
3441 5755 3608 5820 Quid-

2053 5867 2171 5904 nam
2209 5849 2324 5918 opis
2369 5849 2619 5902 adl'ctuut
2657 5847 2862 5916 species
2928 5856 3019 5899 aut
3051 5847 3210 5901 rebus
3239 5847 3609 5914 sempiternis,
