4406 6450
757 392 859 454 9'37

1996 372 2041 430 Ο
2056 369 2329 431 ΕΟΠΟΙΙ
2375 373 2808 437 PLETIIUNIS

3938 377 4043 440 9‘28

911 489 1095 543 sensui
1130 494 1257 543 sunt
1296 484 1576 553 subjectae.
1617 492 1710 538 aut
1752 483 1876 537 aliis
1921 484 2348 553 quibuseunque
2380 491 2425 542 Α
2461 486 2650 552 φαίνετ

2291 499 2348 537 tte
2380 491 2425 542 Α
2461 486 3113 559 φαίνεταικελειούμενα.
3143 492 3247 544 Τὸν
3272 491 3375 560 μὲν
3409 490 3502 544 οῦν
3552 490 3705 561 ηλίου
3758 492 3884 543 νοῦν
3931 494 4031 544 οὒκ

758 597 881 652 qua:
929 591 980 634 et
1022 587 1349 649 generantur
1381 587 1433 631 et
1486 576 1793 629 intereunt?
1839 590 2017 645 neque
2047 576 2191 629 enim
2224 574 2345 629 elli-

759 673 932 730 ciuut.
967 680 1023 722 ut
1056 668 1160 722 illa:
1188 666 1272 721 vel
1313 676 1654 728 moveantur,
1694 664 1776 718 vel
1813 673 2109 719 mutentur.
2148 662 2247 717 llic
2289 678 2348 719 se

757 762 865 826 jam
913 762 1090 829 prodit
1118 760 1461 821 Aristoteles,
1512 756 1975 825 manifestumque
2026 754 2154 807 facit
2182 769 2346 823 quam

758 852 830 906 ob
886 866 1105 905 causam
1164 850 1364 905 bellum
1420 850 1683 903 adversus
1734 849 1885 903 ideas
1943 847 2197 902 moverit.
2257 848 2349 903 Illo

774 960 995 1011 'amqne
1047 957 1149 997 nec
1210 942 1376 996 sentit
1435 955 1535 994 nec
1583 940 1734 1003 vult,
1791 940 1967 993 inesse
2034 940 2346 1009 quampiam

763 1034 924 1089 relms
974 1034 1326 1101 sempiternis
1380 1047 1601 1085 causam
1640 1033 1762 1101 ejus
1827 1030 1970 1100 quod
2023 1032 2133 1085 sint
2187 1039 2350 1099 atque

759 1125 1057 1187 exsistant,
1097 1136 1293 1193 praeter
1326 1125 1377 1179 id
1410 1123 1558 1193 quod
1586 1134 1897 1187 moventur,
1928 1137 2158 1190 eamque
2184 1122 2350 1175 nimi-

760 1234 877 1275 rum
911 1219 981 1270 ob
1016 1232 1239 1272 causam
1274 1232 1396 1271 cum
1431 1216 1727 1272 Platonicis
1758 1218 2053 1285 praeliatnr.
2091 1218 2347 1283 Alioquin
2386 1250 2391 1255 -

760 1311 889 1378 quid
928 1312 1026 1363 sibi
1066 1310 1242 1373 vellet,
1297 1310 1425 1363 dum
1475 1310 1669 1379 inquit,
1707 1311 1977 1376 Quidnam
2005 1311 2142 1378 oopis
2197 1310 2349 1363 adfe-

760 1412 888 1457 runt
936 1405 1148 1470 species
1196 1413 1291 1455 aut
1340 1406 1500 1457 rebus
1558 1404 1907 1471 sempiternis
1969 1419 2092 1472 qua:
2156 1405 2343 1458 sensui

759 1504 889 1548 sunt
943 1495 1224 1561 subjecta,
1283 1504 1377 1548 ant
1430 1496 1551 1549 aliis
1600 1497 2062 1565 quibuscunque,
2122 1512 2243 1565 qua:
2291 1506 2344 1550 et

759 1597 1089 1653 generantur
1121 1596 1174 1641 et
1206 1587 1529 1641 intereunt?
1573 1603 1747 1654 neque
1776 1589 1923 1641 enim
1964 1586 2235 1650 efficiunt,
2288 1594 2344 1639 ut

761 1677 865 1730 illa:
891 1676 975 1729 vel
1017 1685 1347 1731 moveantur
1384 1678 1468 1731 vel
1503 1678 1820 1732 mutentur?
1851 1686 1945 1731 aut
1996 1685 2144 1731 certe
2193 1675 2343 1743 quod

761 1767 849 1819 ille
876 1767 942 1821 ad
975 1768 1381 1838 generationem
1418 1778 1471 1821 et
1514 1769 1923 1836 corruptionem
1962 1782 2144 1822 rerum
2191 1767 2344 1821 simi-

756 1857 860 1912 lem
910 1859 1226 1913 habentium
1261 1861 1498 1929 speciem
1528 1868 1587 1913 ut
1614 1858 1677 1913 iis
1699 1872 1821 1928 quae
1850 1868 2113 1929 generant
2133 1868 2187 1913 et
2220 1858 2340 1927 ipso

756 1950 889 2011 sole.
928 1949 1292 2015 sufﬁcientes,
1333 1950 1582 2019 satisque
1631 1950 1859 2005 idoneas
1898 1952 2176 2005 existimet
2205 1967 2341 2005 cau-

755 2051 846 2090 sas
871 2037 1156 2101 constitui,-
1188 2046 1242 2089 at
1268 2053 1354 2092 res
1388 2038 1751 2106 sempiternas
1781 2039 2036 2093 sensibus
2066 2039 2342 2106 subjeCtas

756 2130 961 2181 moveri
991 2131 1210 2197 quidem
1241 2146 1347 2183 non
1396 2131 1595 2184 sentiat
1626 2141 1847 2200 propter
1877 2131 2110 2201 species.
2142 2148 2241 2186 nec
2273 2133 2340 2187 ad

752 2223 1044 2276 essentiam
1088 2233 1141 2277 et
1192 2223 1606 2292 productionem
1660 2223 1897 2293 alicujus
1948 2224 2021 2278 rei
2068 2225 2173 2278 alia
2204 2241 2343 2295 qna-

752 2315 895 2383 piam
947 2329 1073 2369 esse
1118 2306 1325 2378 causa,
1385 2316 1589 2379 idcirco
1642 2316 1840 2385 inquit,
1898 2316 2167 2382 Quidnam
2223 2318 2341 2387 opis

751 2407 985 2461 afferunt
1022 2406 1153 2476 ipsis
1182 2408 1435 2477 species?
1465 2408 1570 2462 Sed
1610 2408 1755 2462 dicet
1805 2408 2037 2463 fortasse
2065 2411 2337 2478 quispiam

748 2499 894 2567 quod
934 2500 1207 2555 existimet
1241 2510 1293 2554 et
1325 2500 1650 2554 Aristoteles
1686 2499 1793 2554 Deo
1831 2500 1929 2553 soli
1966 2500 2057 2569 qui
2091 2500 2162 2554 sit
2195 2501 2340 2555 anti-

750 2592 1067 2656 quissimus,
1102 2592 1241 2645 lianc
1266 2592 1562 2646 convenire
1589 2607 1831 2646 causam.
1866 2592 1946 2646 Ad
1980 2592 2084 2645 hoc
2110 2606 2340 2662 respon«

748 2684 941 2738 demus
971 2684 1037 2737 de
1070 2684 1173 2738 alio
1204 2685 1421 2752 quidem
1459 2687 1711 2753 quopiam
1751 2686 1853 2740 hoc
1885 2684 2061 2753 ipsmn
2113 2684 2341 2754 cogitari

750 2790 933 2843 posse,
955 2776 1048 2829 sed
1079 2778 1301 2830 minime
1321 2778 1385 2831 de
1402 2776 1695 2830 Aristotele
1711 2777 1797 2831 cui
1826 2775 1959 2830 nihil
1982 2776 2083 2829 tale
2108 2776 2160 2829 in
2193 2791 2340 2829 men-

750 2876 856 2920 tem
894 2868 1058 2919 venit.
1091 2864 1152 2918 Et
1179 2880 1405 2920 curnam
1447 2866 1631 2921 istud?
1686 2867 1779 2920 ille
1820 2880 2057 2935 namque
2097 2866 2201 2923 sibi
2238 2867 2339 2937 ipsi

744 2962 1059 3014 eotttrarius
1082 2962 1238 3022 loret,
1267 2960 1308 3013 si
1334 2960 1436 3014 lioc
1462 2962 1687 3014 diceret.
1728 2958 2075 3029 lnterrogabo
2094 2960 2238 3014 enim
2273 2959 2341 3014 ab

748 3048 879 3111 illis,
910 3050 1001 3115 qni
1037 3048 1137 3101 hoc
1172 3047 1431 3117 allingunt
1464 3048 1591 3117 ipsi,
1627 3065 1869 3103 cur‘non
1919 3050 2007 3105 ille
2045 3052 2190 3104 bunc
2236 3048 2339 3119 ipsi

2452 577 2522 631 ἂν
2546 579 2687 632 αὖτά
2718 579 2799 634 [at
2849 582 3114 637 τελειοῦν.
3176 583 3252 635 Οὐ
3313 583 3423 653 γὰρ
3460 582 3527 637 ἂν
3570 582 3699 645 τοὺς
3746 581 4042 651 μεθεκτοὺς

2450 667 2674 729 τούτους
2697 670 2824 731 νοῦς
2850 670 2979 724 ἄνευ
2996 672 3106 724 τῶν
3133 672 3285 741 σφίσι
3325 673 3599 726 συνόντων
3627 674 3901 741 σωμάτων
3954 675 4043 726 οῦ-

2452 755 2668 809 δοτιοῦν
2703 759 2839 828 δρᾷν
2869 758 2927 822 ἐς
2945 777 3006 827 γε
3054 760 3220 832 ἔτερα
3272 760 3522 827 σώματα.
3580 761 3663 814 Td
3704 762 3760 814 δέ
3819 762 4044 828 σώματα

2455 847 2632 899 πάντα
2665 850 2760 900 καὶ
2792 848 2995 913 οέσεὼς
3024 867 3171 912 τινος
3220 850 3428 903 δεῖσθαι
3465 852 3559 903 καὶ
3590 852 3871 919 σχήματος
3908 854 4043 920 πρὸς

2451 939 2519 991 τὰ
2574 940 2897 1008 πεισόμενα,
2959 941 3059 995 ὅσα
3108 941 3217 994 τότ’
3266 941 3334 995 ἂν
3364 943 3453 995 τὸν
3510 942 3662 1011 ἣλιον
3703 942 3836 1011 πρὸς
3903 946 4042 997 αὐτᾶ

2457 1033 2661 1101 μηκέτι
2688 1032 2857 1102 ἔχειν.
2887 1032 3053 1085 ’Ὥστε
3086 1034 3282 1103 μηκέτι
3317 1033 3421 1085 ὑπὸ
3448 1033 3542 1085 τοῦ
3580 1034 3732 1102 ἡλίου
3756 1034 3865 1086 τότ’
3886 1035 3951 1087 ἂν
3978 1036 4044 1087 τὰ

2452 1121 2678 1174 τοιαῦτα
2700 1122 3076 1191 τελειούμενα,
3094 1122 3206 1175 οὐδ’
3228 1123 3295 1175 ἂν
3328 1124 3467 1175 αὐτά
3496 1124 3565 1177 δι’
3592 1126 3731 1177 αὑτά
3762 1125 4043 1190 τελειοῖτο,

2452 1212 2711 1281 οὐδεμίαν
2745 1214 2852 1282 γὰρ
2882 1214 3114 1284 δύναμιν
3174 1216 3232 1278 ἐς
3266 1216 3550 1284 ἐνέργειαν
3603 1220 3914 1285 προχωρεῖν
3968 1221 4041 1285 μὴ

2452 1307 2550 1375 οὐχ
2576 1306 2667 1372 ὑφ’
2692 1308 2889 1373 ἐτέρας
2913 1307 3195 1375 ἐνεργείας
3234 1308 3730 1377 προϐιὸαζομένην.
3759 1310 3881 1361 Οὐδ’
3912 1310 4045 1361 αὐτὸ

2452 1395 2681 1463 δυνάμει
2706 1396 2913 1449 τέλειον
2971 1400 3064 1449 καὶ
3114 1397 3261 1466 ἔργῳ
3310 1398 3441 1450 ποτὲ
3494 1399 3699 1451 τέλειον
3759 1400 4042 1467 γίγνεσθαι

2455 1488 2531 1556 μὴ
2566 1489 2663 1558 οὐχ
2695 1489 2786 1557 ὑφ’
2810 1490 3001 1559 ἐτέρου
3034 1507 3124 1543 του
3170 1490 3319 1560 ἔργῳ
3350 1491 3681 1570 τελεωτέρου
3716 1492 4043 1560 προϐιδαςό-

2456 1598 2641 1649 μενον.
2677 1581 2776 1633 Διά
2834 1580 3015 1634 ταῦτα
3070 1583 3255 1650 ἡμεῖς,
3314 1584 3573 1649 φήσουσι,
3609 1584 3708 1648 τὴν
3760 1584 4041 1653 ἐνέργειαν

2452 1674 2664 1740 ταύτην
2690 1672 2790 1741 τὴν
2825 1674 2946 1724 τότε
2980 1672 3043 1740 δὴ
3078 1672 3144 1725 td
3202 1671 3429 1725 τοιαῦτα
3465 1672 3778 1724 τελειοῦσαν
3805 1673 3917 1734 τοῖς
3966 1672 4043 1723 εἴ·

2451 1764 2566 1817 δεσι
2608 1763 2823 1826 τούτοις
2881 1763 3249 1832 ἀπονέμομεν.
3302 1764 3411 1817 Καὶ
3451 1764 3573 1834 διχῆ
3630 1765 3698 1817 τά
3750 1764 4039 1832 σύμπαντα

2443 1856 2684 1923 χωριστά
2714 1856 2827 1923 εῐδη
2863 1854 3193 1924 διαιροῦντες
3220 1854 3277 1918 ἐς
3316 1872 3373 1908 τε
3438 1856 3599 1909 ίκανά
3646 1856 3785 1908 αὐτὰ
3840 1855 3909 1907 δι’
3943 1854 4041 1907 αὑ-

2445 1946 2556 1997 τῶν
2585 1947 2655 1997 τά
2720 1943 2857 2014 ἔργα
2910 1945 3327 2015 ἐξεργάζεσθαι,
3398 1946 3456 2009 ἐς
3518 1963 3577 1998 τε
3628 1947 3726 2016 οὐχ
3781 1946 4041 2009 ὡσαύτως

2446 2034 2630 2096 ἱκανὰ,
2662 2036 2847 2089 ἐκεῖνα
2881 2035 2981 2104 μιν
3007 2038 3118 2100 τοῖς
3149 2037 3274 2105 τῇδε
3316 2037 3505 2099 ἀϊδίοις
3524 2038 3955 2107 παραδείγματά
3978 2056 4038 2091 τε

2445 2130 2707 2182 scatat-ria.
2736 2130 3062 2199 ἐφίσταμεν,
3093 2129 3268 2183 ταῦτα
3309 2129 3367 2183 δέ
3422 2132 3535 2193 τοίς
3580 2130 3709 2199 τῇδε
3753 2114 4036 2201 φθαρτοῖς,

2444 2220 2675 2287 δεόμενα
2726 2220 2827 2290 μὲν
2856 2221 2951 2274 καὶ
2998 2220 3098 2290 τῆς
3165 2220 3320 2289 ήλίου
3373 2222 3694 2290 συνεργείας
3751 2223 3848 2291 τὴν
3906 2223 4041 2292 ὓλην

2446 2314 2630 2377 αὐτοῖς
2682 2312 3072 2383 προσάξοντος,
3136 2314 3327 2382 ἐπειδὴ
3364 2314 3420 2366 δέ
3468 2313 3689 2367 λάϐοιτο
3742 2315 3839 2383 τῆς
3884 2314 4037 2383 ὕλης,

2444 2403 2656 2471 δρῶντα
2688 2405 2781 2457 καὶ
2817 2403 2957 2456 αὐτὰ
2984 2404 3051 2457 δι’
3079 2404 3260 2458 αὐτῶν
3310 2404 3390 2457 ἔτι
3448 2408 3506 2469 ἐς
3577 2408 3769 2473 αὐτήν.
3826 2407 3932 2460 Καὶ
3974 2408 4036 2459 οὐ

2445 2494 2894 2563 καινοποιοῦμεν,
2926 2495 3214 2566 φήσουσιν,
3238 2496 3347 2550 οὐδ’
3380 2498 3563 2559 αἰτίας
3596 2499 3787 2560 καινάς
3816 2542 3830 2563 ,
3864 2501 3939 2562 ῶς
3970 2498 4036 2550 σὺ

2447 2587 2575 2657 φῂς,
2640 2589 3062 2659 ἐφευρίσκομεν.
3121 2589 3259 2643 ἀλλά
3314 2590 3403 2641 τὸν
3465 2590 3574 2643 τῶν
3635 2590 3829 2643 αἰτιῶν
3882 2590 4037 2655 λόγον

2445 2679 2607 2746 ἡμεῖς
2642 2680 2742 2747 μὲν
2774 2680 2953 2750 πλήρη
2987 2682 3098 2743 τοῖς
3120 2680 3272 2734 οὖσιν
3298 2682 3646 2751 ἀποδίδομεν,
3679 2684 3741 2736 σὺ
3775 2682 3820 2735 δ’
3859 2682 4033 2750 ἐνδεῆ.

2445 2769 2648 2822 Διελὼν
2681 2772 2788 2841 γάρ
2815 2788 2915 2823 που
2967 2772 3062 2823 καὶ
3101 2773 3164 2825 σὺ
3183 2775 3240 2835 ἐς
3272 2774 3511 2843 τέτταρα
3549 2774 3614 2826 τά
3682 2773 3792 2828 τῶν
3846 2773 4035 2827 αίτιῶν

2444 2863 2582 2926 είδη,
2618 2864 2730 2926 τοῖς
2761 2863 2861 2933 μὲν
2894 2864 3043 2933 τρισὶ
3074 2866 3248 2936 φαίνῃ
3284 2864 3348 2941 δὴ
3389 2864 3483 2917 καὶ
3513 2866 3677 2927 αὐτὸς
3724 2865 4029 2935 χρώμενος.

2444 2954 2523 3025 τῷ
2551 2955 2769 3025 τελικῷ.
2805 2957 2902 3009 καὶ
2954 2956 3033 3025 τῷ
3065 2957 3163 3025 τῆς
3194 2958 3470 3026 κινήσεως
3511 2958 3747 3029 ἀρχικῷ,
3809 2962 3902 3012 καὶ
3954 2959 4032 3027 τῷ

2447 3050 2637 3119 ῦλικῷ,
2672 3048 2750 3118 τῷ
2778 3050 2833 3102 δέ
2865 3066 2929 3117 γε
2988 3049 3157 3118 λοιπῷ
3190 3049 3267 3118 τῷ
3326 3043 3513 3118 εἰδικῷ
3547 3050 3607 3102 οὐ
3636 3051 3777 3103 πάνυ
3809 3068 3913 3105 τοι.
3970 3053 4031 3103 Εἰ

751 3141 860 3193 υθο
894 3154 1112 3192 summo
1139 3141 1632 3210 antiquissimoqne
1668 3159 1861 3196 onnnes
1902 3145 2147 3196 omnium
2179 3143 2341 3197 cmle-
2367 3153 2410 3210 ο
2444 3160 2491 3208 γι

2292 3161 2341 3196 e-
2367 3153 2410 3210 ο
2444 3142 2554 3211 γάρ
2591 3159 2671 3195 τοι
2701 3142 2815 3195 τῶν
2850 3142 3129 3211 αἰσθητῶν
3163 3142 3382 3211 ἑκάστῳ
3418 3142 3635 3211 φύσεως
3684 3136 3827 3207 εἶδος
3888 3144 4032 3196 τοῦτ’

744 3234 907 3287 stium
941 3236 1153 3288 orbium
1178 3244 1357 3289 motus
1382 3235 1762 3305 assignaverit,
1782 3238 1872 3291 sed
1895 3237 2059 3291 alimn
2088 3237 2332 3304 singilla-

744 3326 837 3379 tim
890 3326 977 3379 alii
1032 3328 1203 3382 motui
1231 3327 1367 3381 ?aut
1410 3338 1558 3383 certe
1611 3329 1802 3399 liquet,
1843 3330 2020 3399 ipsum
2050 3330 2330 3399 dignitatis

740 3419 1027 3485 cujusdam
1062 3422 1256 3490 gratia,
1312 3422 1515 3490 plures,
1552 3423 1901 3492 sempiternis
1936 3423 2043 3477 illis
2072 3422 2331 3477 essentiis

739 3524 863 3564 cum
920 3511 1029 3565 sint
1080 3512 1284 3580 plures,
1341 3514 1648 3584 prtefecisse
1706 3525 2112 3584 propagatores,
2165 3526 2330 3585 atque

744 3602 902 3655 fateri
956 3604 1099 3672 ipsos
1132 3604 1369 3675 aliquant
1403 3606 1628 3660 omnino
1658 3604 1871 3660 illarum
1907 3621 2026 3661 esse
2054 3622 2279 3662 causam
2307 3607 2329 3660 ?

742 3696 850 3749 Aut
889 3707 1033 3751 certe
1071 3698 1214 3768 quod
1272 3699 1537 3771 imagines
1594 3700 1867 3768 putaverit
1918 3701 2328 3770 propagatrices

743 3790 825 3846 sui
860 3791 1120 3859 ipsarum,
1173 3807 1354 3863 neque
1386 3793 1528 3846 enim
1571 3793 1621 3847 id
1658 3793 1886 3847 omnino
1937 3801 2087 3848 esset
2141 3794 2330 3849 incon-

742 3894 1091 3949 sentaneum,
1149 3901 1273 3939 cum
1324 3886 1618 3940 habuerint
1667 3886 1773 3941 illa:
1826 3901 1925 3941 sua
1969 3887 2325 3957 exemplaria.

739 3979 916 4047 Atque
952 3984 1055 4033 boc
1093 3980 1315 4046 quidem
1360 3980 1520 4033 modo
1552 3980 1715 4034 etiam
1755 3978 1843 4033 ille
1885 3981 2176 4035 sententia:
2210 3981 2329 4034 l’la-

741 4070 935 4122 touiece
994 4071 1058 4123 de
1108 4069 1248 4125 ideis
1292 4069 1643 4123 subscribere
1695 4069 1993 4133 videretur,
2029 4080 2083 4124 et
2123 4079 2329 4125 nostra:

738 4160 875 4226 parti
917 4160 1189 4229 accipere.
1237 4157 1396 4213 Nunc
1442 4167 1625 4212 autent
1679 4170 1831 4213 certo
1860 4168 2094 4223 constat,
2144 4161 2323 4231 ipsum

739 4268 848 4306 non
881 4252 1089 4307 sentire
1119 4252 1361 4321 aliquam
1394 4264 1517 4306 esse
1553 4251 1767 4303 illarum
1800 4264 2023 4305 causam
2048 4250 2327 4306 deduetri-

736 4360 881 4407 cent,
939 4343 1033 4398 sed
1068 4352 1121 4397 et
1150 4346 1252 4397 hoc
1286 4343 1450 4397 modo
1492 4341 1613 4397 illas
1646 4351 1699 4396 et
1750 4342 1907 4409 tales,
1940 4342 2127 4411 quales
2174 4354 2323 4410 sunt,

733 4452 763 4490 a
797 4436 992 4506 seipsis
1027 4445 1350 4506 propagsitas
1401 4435 1607 4490 moveri
1635 4444 1843 4489 tantum
1896 4434 1963 4490 ad
2017 4436 2179 4491 finem
2222 4436 2324 4491 ali-

734 4543 923 4599 quem,
965 4537 1016 4583 et
1052 4528 1228 4595 ipsum
1284 4525 1478 4580 Deum.
1539 4528 1607 4581 At
1668 4526 1835 4593 enim,
1890 4527 2089 4597 inquit,
2140 4543 2325 4598 neque

734 4620 800 4675 ad
857 4622 1141 4675 scientiam
1194 4620 1422 4675 aliarum
1475 4636 1656 4675 rerum
1686 4620 1982 4689 quidquam
2048 4624 2329 4692 prosunt?

737 4732 916 4783 neque
969 4715 1115 4769 enim
1175 4713 1306 4783 ipsa:
1359 4722 1490 4767 sunt
1550 4714 1789 4768 essentia
1853 4714 2093 4779 illarum,
2143 4725 2328 4769 essent

734 4812 879 4863 enim
916 4808 967 4861 in
1000 4806 1105 4860 illis
1158 4809 1315 4874 ipsis,
1373 4821 1550 4875 neque
1609 4804 1856 4874 easdem,
1896 4815 1955 4859 ut
2010 4806 2120 4860 sint
2172 4808 2329 4877 quid-

732 4916 897 4969 quam
930 4900 1145 4967 juvant,
1173 4897 1439 4967 siquidem
1475 4899 1526 4951 in
1578 4898 1646 4953 iis
1681 4914 1787 4952 non
1837 4908 1966 4953 sunt
1993 4900 2195 4970 quibus
2240 4917 2327 4956 sc-

734 4995 881 5058 ipsas
942 4991 1295 5059 participant.
1355 4990 1489 5055 Quis
1538 4990 1704 5059 igitur
1740 4991 1808 5044 de
1844 4990 2080 5062 imagine
2130 4994 2327 5050 melius

726 5085 997 5158 jndicabit
1028 5085 1050 5137 ?
1078 5101 1256 5139 nonne
1292 5084 1337 5137 is
1396 5084 1489 5153 qui
1516 5085 1681 5138 etiam
1710 5086 1991 5154 exemplar
2032 5086 2194 5141 habet
2232 5104 2328 5141 co-

732 5176 986 5245 gnitum?
1018 5190 1195 5245 neque
1257 5176 1403 5228 enim
1444 5176 1488 5227 is
1510 5176 1600 5245 qui
1630 5177 1909 5245 exemplar
1931 5193 2039 5231 non
2073 5182 2328 5250 cognovit

731 5269 924 5323 eodem
963 5269 1121 5338 plane
1151 5269 1312 5322 modo
1363 5278 1702 5337 perspectam
1734 5279 1896 5339 atque
1932 5280 2115 5325 notam
2156 5273 2324 5327 babe-

732 5366 811 5418 bit
875 5366 1195 5433 imaginem,
1264 5378 1375 5431 quo
1434 5364 1593 5428 alter,
1653 5364 1743 5432 qni
1807 5365 1983 5431 ipsum
2046 5368 2325 5437 cognovit,

744 5450 1013 5532 luOmodo
1066 5471 1245 5514 autem
1289 5457 1410 5509 aliis
1464 5458 1529 5511 ad
1582 5459 1682 5512 boc
1719 5468 1777 5511 ut
1820 5470 1951 5526 sint,
1995 5476 2100 5515 non
2154 5464 2327 5530 prosit

716 5557 1034 5626 .qnippiam,
1088 5565 1147 5609 ut
1195 5554 1411 5609 etiamsi
1472 5555 1524 5607 in
1586 5554 1692 5609 illis
1750 5539 1881 5624 ipsis
1922 5569 2031 5609 non
2083 5557 2173 5623 sit,
2231 5559 2325 5611 sed

729 5666 896 5703 causa
954 5659 1134 5703 tamen
1192 5650 1261 5703 sit
1313 5647 1578 5702 illorum?
1623 5648 1891 5703 Praeterea
1948 5650 2169 5720 inquit,
2208 5648 2324 5704 Non

730 5744 907 5799 solum
956 5759 1139 5797 rerum
1174 5743 1512 5798 sensibilium
1552 5744 1883 5811 exetIIplaria
1920 5755 2048 5797 sunt
2082 5746 2322 5815 species,

728 5838 822 5892 sed
868 5837 1031 5893 ctiam
1084 5837 1167 5893 sui
1195 5837 1459 5905 ipsarum,
1500 5838 1641 5891 sicut
1671 5853 1842 5908 genus
1878 5854 2065 5891 carum
2116 5839 2324 5911 Specie-

2437 3228 2578 3285 εἶναί
2607 3249 2689 3285 σοι
2721 3233 2781 3286 τὸ
2831 3232 3072 3287 τοιοῦτον
3112 3232 3281 3286 αἴτιον
3326 3234 3492 3297 δοκεῖ,
3545 3233 3704 3287 τοῦτο
3763 3235 3860 3302 μέν
3926 3252 4030 3288 που

2438 3326 2757 3393 σαφέστατα
2792 3325 2895 3379 οῦκ
2927 3326 3078 3379 ἐστιν
3122 3327 3318 3389 αῐτιον,
3344 3324 3461 3380 ἀλλ’
3507 3325 3668 3396 ἔργον
3730 3326 3795 3379 ἂν
3843 3327 4032 3396 ἐτέρου

2434 3434 2530 3469 του
2564 3420 2651 3488 εἴη
2674 3419 2854 3473 αίτίου
2881 3421 2973 3472 καὶ
3011 3420 3385 3488 ἀποτέλεσμα,
3450 3418 3638 3488 ῶσπερ
3693 3436 3797 3471 που
3856 3422 3950 3471 καὶ
3997 3422 4032 3491 ἡ

2434 3511 2649 3583 ἑκάστῳ
2689 3510 2788 3583 ῦλη
2822 3512 2923 3581 τῆς
2956 3512 3051 3565 τοῦ
3084 3514 3284 3575 παντὸς
3312 3512 3551 3582 οὐρανοῦ
3603 3512 3735 3582 ῦλης
3797 3514 4035 3581 ἀπόκρι-

2436 3605 2513 3676 pd
2542 3607 2720 3659 τεκαὶ
2771 3606 3147 3675 ἀποτέλεσμα.
3188 3604 3381 3673 Ἡμεῖς
3439 3603 3651 3674 μέντοι,
3689 3604 3896 3673 ἐροῦσι,
3945 3604 4029 3673 τῷ

2434 3699 2535 3767 μέν
2566 3699 2785 3751 πάντων
2810 3698 3021 3768 βασιλεῖ
3054 3696 3174 3767 Θεῷ
3206 3697 3268 3749 τὸ
3293 3696 3507 3749 τελικόν
3530 3713 3585 3748 τε
3622 3696 3716 3748 καὶ
3740 3696 4034 3766 κράτιστον

2431 3793 2541 3845 τῶν
2572 3792 2770 3847 αίτιῶν
2800 3791 3149 3855 ἀποδιδόντες
3176 3787 3339 3857 εἶδος,
3370 3789 3471 3842 οὐκ
3494 3791 3589 3844 ἐπὶ
3624 3793 3744 3853 ταῖς
3775 3793 4029 3861 κινήσεσι

2434 3886 2595 3955 μόνον
2626 3886 2762 3941 ἀλλά
2792 3887 2884 3939 καὶ
2910 3889 3027 3949 ταῖς
3053 3887 3262 3951 οὐσίαις
3317 3887 3409 3941 καὶ
3437 3887 3550 3950 τοῖς
3584 3884 3701 3943 οὖσι
3759 3890 3911 3941 πᾶσι.
3948 3887 4034 3941 Τὰ

2429 3977 2474 4031 δ’
2502 3977 2617 4048 εἴδη
2661 3977 2836 4032 ταῦτα
2870 3978 3291 4050 παραδείγματα
3337 3985 3451 4046 τοῖς
3484 3982 3637 4035 οῦσιν
3673 3982 4029 4049 ἐφιστάντες,

2435 4070 2496 4122 τὸ
2529 4069 2584 4123 δέ
2609 4072 2708 4139 τῆς
2741 4072 3015 4141 κινήσεως
3058 4072 3287 4143 ἀρχικὸν
3323 4076 3388 4143 τῇ
3425 4076 3573 4144 ψυχῇ
3613 4077 3678 4143 τῇ
3725 4073 3877 4125 τοῦδε
3934 4072 4031 4124 τοῦ

2430 4162 2668 4233 οὐρανοῦ
2735 4164 3019 4236 ἡγουμένῃ
3046 4165 3437 4236 ἀπονέμοντες,
3477 4169 3574 4220 καὶ
3617 4169 3679 4218 τὸ
3710 4166 3895 4219 ὑλικὸν
3963 4168 4031 4236 τῇ

2430 4254 2524 4311 τοῦ
2546 4257 2743 4319 παντὸς
2782 4256 2933 4309 τοῦδε
2958 4258 3053 4310 τοῦ
3083 4257 3317 4325 οὐρανοῦ
3363 4258 3488 4331 ῦλῃ,
3524 4258 3670 4312 οῦτω
3699 4258 3889 4327 πλήρη
3917 4261 4033 4320 τοῖς

2430 4348 2551 4403 οὖσι
2589 4348 2656 4402 τά
2684 4348 2793 4401 τῶν
2843 4348 3036 4403 αἰτιῶν
3090 4350 3208 4419 εῐδη
3249 4351 3606 4421 ἀποδίδομεν.
3670 4350 3859 4403 Ταῦτα
3933 4350 4035 4417 μέν

2431 4460 2533 4495 που
2564 4442 2613 4494 οἱ
2649 4442 2717 4494 τὰ
2741 4440 2855 4511 εῐδη
2900 4441 3174 4511 τιθέμενοι
3226 4442 3460 4513 φήσουσι
3520 4442 3589 4496 τά
3652 4442 3750 4511 μέν
3820 4442 4033 4493 ἐαυτῶν

2438 4534 2652 4606 συνῳδὰ
2678 4536 2801 4596 ταῖς
2861 4535 3160 4603 σφετέραις
3232 4533 3558 4588 ὑποθέσεσιν
3608 4534 4029 4602 ἀποφαίνοντες,

2448 4626 2793 4698 Ἀριστοτέλη
2824 4626 2971 4679 δέτά
3025 4627 3126 4695 μὲν
3178 4625 3649 4695 συκοφαντοῦντα,
3685 4627 3755 4679 τὰ
3787 4626 3832 4680 δ’
3878 4626 4036 4679 οὐδὲν

2437 4720 2787 4789 περαίνοντα,
2816 4718 2886 4771 td
2907 4717 2964 4771 δέ
2992 4719 3088 4772 καὶ
3122 4720 3250 4789 περὶ
3275 4720 3342 4771 τά
3373 4720 3627 4788 μεγίστα
3659 4719 4036 4788 ἀμαθαίνοντα

2435 4812 2770 4881 ἐλέγχοντες.
2808 4811 2933 4875 Πῶς
2961 4812 3070 4880 γὰρ
3109 4812 3169 4865 οῦ
3205 4812 3333 4883 περὶ
3389 4812 3458 4865 τά
3516 4815 3752 4879 μέγιστα
3812 4810 4035 4881 ἀμαθὴς

2448 4904 2870 4974 Ἀριστοτέλης,
2919 4904 3131 4973 συχνῶν
3164 4921 3220 4957 τε
3250 4903 3427 4956 ἄλλων
3480 4897 3554 4957 ῶν
3612 4904 3825 4972 ἔφαμεν
3867 4904 4033 4956 ἕνεκα

2436 4998 2530 5050 καὶ
2560 4997 2795 5067 μάλιστά
2822 5014 2880 5049 τε
2909 4996 3003 5050 τοῦ
3030 4999 3291 5065 μέγιστον
3336 4996 3439 5065 τῆς
3471 4996 3577 5049 τῶν
3603 4997 3791 5049 ἀῖδίων
3830 4995 4035 5050 οὐσιῶν

2435 5091 2494 5143 οῦ
2528 5091 2892 5160 παραγωγῆς,
2929 5090 3037 5143 οὐδ’
3081 5090 3168 5158 ἐφ’
3232 5089 3350 5152 ἐνὸς
3390 5089 3499 5140 τῶν
3550 5089 3767 5143 πάντων
3814 5087 3910 5141 τοῦ
3967 5104 4032 5156 γε

2436 5184 2574 5239 εἶναι
2608 5185 2770 5237 ἕνεκα
2792 5185 3090 5252 ἀναφορᾶς,
3122 5183 3219 5254 οὐχ
3266 5181 3454 5253 ῶσπερ
3488 5183 3715 5236 Πλάτων
3748 5201 3805 5235 τε
3844 5183 3937 5245 καὶ
3982 5184 4031 5236 oi

2438 5280 2567 5347 περὶ
2628 5278 2894 5331 Πλάτωνα
2952 5278 3042 5330 τὸν
3074 5278 3293 5329 πάντων
3320 5276 3546 5346 βασιλέα
3578 5276 3710 5329 Θεὸν
3739 5279 3849 5340 τοῖς
3880 5275 4032 5329 οὖσιν

2436 5372 2790 5441 ἐφιστάντες,
2833 5370 3022 5423 τοῦτον
3060 5370 3398 5441 παραγωγόν
3422 5387 3481 5422 τε
3526 5369 3898 5439 παραγωγῶν,
3934 5370 4034 5422 καὶ

2434 5464 2768 5536 δημιουργὸν
2795 5463 3150 5535 δημιουργῶν
3183 5461 3431 5527 ἀξοῦσιν
3470 5459 3608 5515 εἶναι
3637 5462 3790 5516 οὐδὲν
3816 5464 3899 5515 ὅτι
3930 5463 4035 5515 οὐκ

2436 5558 2525 5609 ἐπ’
2582 5559 2794 5611 ἐκεῖνον
2835 5559 3227 5629 ἀναφέροντες.
3278 5558 3516 5610 Κάκεῖνο
3564 5556 3619 5609 δὲ
3682 5557 3877 5626 ῥητέον
3938 5558 4034 5607 ἐπὶ

2436 5652 2627 5716 πᾶσιν,
2659 5653 2736 5716 tiu;
2772 5652 3000 5705 Πλάτων
3048 5652 3150 5720 μὲν
3200 5652 3310 5704 τῶν
3355 5650 3461 5720 πρὸ
3531 5649 3697 5704 αὐτοῦ
3751 5653 3863 5713 τοῖς
3928 5652 4031 5720 μέν

2438 5748 2722 5817 ἑπόμενος,
2757 5748 2868 5809 τοῖς
2894 5744 2938 5797 δ’
2968 5745 3275 5812 ἀντιλέγων
3309 5745 3589 5811 φαίνεται.
3637 5744 4030 5814 Ἀριστοτέλης

2435 5843 2489 5896 δὲ
2540 5843 2703 5895 πᾶσιν
2756 5840 3170 5909 ἐναντιούμενος
3218 5840 3311 5893 καὶ
3356 5840 3562 5903 πάντας
3624 5836 3885 5904 κολούων,
3929 5840 4027 5893 καὶ
