  <div class='ocr_page' id='page_1' title='image "/cluster/home/n/w/nwhite01/storage/ocr_20150623/160/nnc1.0046980687/474.png"; bbox 0 0 4406 6450; ppageno 0'>
   <div class='ocr_carea' id='block_1_1' title="bbox 386 415 500 477">
    <p class='ocr_par' dir='ltr' id='par_1_1' title="bbox 386 415 500 477">
     <span class='ocr_line' id='line_1_1' title="bbox 386 415 500 477; baseline 0.009 -1"><span class='ocrx_word' id='word_1_1' title='bbox 386 415 500 477; x_wconf 73' lang='lat'><strong>929</strong></span> 
     </span>
    </p>
   </div>
   <div class='ocr_carea' id='block_1_2' title="bbox 1079 378 2944 509">
    <p class='ocr_par' dir='ltr' id='par_1_2' title="bbox 1079 378 2944 509">
     <span class='ocr_line' id='line_1_2' title="bbox 1079 378 2944 509; baseline 0.003 -37"><span class='ocrx_word' id='word_1_2' title='bbox 1079 415 1176 473; x_wconf 73' lang='lat' dir='ltr'>DE</span> <span class='ocrx_word' id='word_1_3' title='bbox 1202 378 1627 477; x_wconf 54' lang='lat' dir='ltr'><strong>PL&#39;A&#39;roxtcn</strong></span> <span class='ocrx_word' id='word_1_4' title='bbox 1665 410 1759 476; x_wconf 80' lang='lat' dir='ltr'><strong>ET</strong></span> <span class='ocrx_word' id='word_1_5' title='bbox 1788 417 2343 509; x_wconf 56' lang='lat' dir='ltr'><strong>AﬁlS’l‘OT-ELICA</strong></span> <span class='ocrx_word' id='word_1_6' title='bbox 2387 418 2944 480; x_wconf 85' lang='lat' dir='ltr'><strong>PIllLOSOPlIlA.</strong></span> 
     </span>
    </p>
   </div>
   <div class='ocr_carea' id='block_1_3' title="bbox 3537 420 3643 479">
    <p class='ocr_par' dir='ltr' id='par_1_3' title="bbox 3537 420 3643 479">
     <span class='ocr_line' id='line_1_3' title="bbox 3537 420 3643 479; baseline 0 -1"><span class='ocrx_word' id='word_1_7' title='bbox 3537 420 3643 479; x_wconf 81' lang='lat'><strong>930</strong></span> 
     </span>
    </p>
   </div>
   <div class='ocr_carea' id='block_1_4' title="bbox 376 524 2116 596">
    <p class='ocr_par' dir='ltr' id='par_1_4' title="bbox 376 524 2116 596">
     <span class='ocr_line' id='line_1_4' title="bbox 376 524 2116 596; baseline 0.001 -19"><span class='ocrx_word' id='word_1_8' title='bbox 376 525 487 577; x_wconf 80' lang='grc' dir='ltr'><strong>οὐδ’</strong></span> <span class='ocrx_word' id='word_1_9' title='bbox 528 525 728 579; x_wconf 66' lang='grc' dir='ltr'>ἃντών</span> <span class='ocrx_word' id='word_1_10' title='bbox 760 541 869 577; x_wconf 73' lang='grc' dir='ltr'><strong>τισι</strong></span> <span class='ocrx_word' id='word_1_11' title='bbox 896 524 1007 577; x_wconf 81' lang='grc' dir='ltr'>τῶν</span> <span class='ocrx_word' id='word_1_12' title='bbox 1068 526 1337 594; x_wconf 74' lang='grc' dir='ltr'><strong>πρότερον</strong></span> <span class='ocrx_word' id='word_1_13' title='bbox 1399 527 1708 595; x_wconf 76' lang='grc' dir='ltr'><strong>εἰρημένων</strong></span> <span class='ocrx_word' id='word_1_14' title='bbox 1751 545 1953 596; x_wconf 82' lang='grc' dir='ltr'><strong>κεχρη-</strong></span> <span class='ocrx_word' id='word_1_15' title='bbox 1983 533 2030 588; x_wconf 77' lang='grc' dir='ltr'><strong>Α</strong></span> <span class='ocrx_word' id='word_1_16' title='bbox 2065 538 2116 578; x_wconf 84' lang='lat' dir='ltr'><strong>ta</strong></span> 
     </span>
    </p>
   </div>
   <div class='ocr_carea' id='block_1_5' title="bbox 1901 524 3641 596">
    <p class='ocr_par' dir='ltr' id='par_1_5' title="bbox 1901 526 3641 596">
     <span class='ocr_line' id='line_1_5' title="bbox 1901 526 3641 596; baseline 0.001 -18"><span class='ocrx_word' id='word_1_17' title='bbox 1901 545 1953 592; x_wconf 68' lang='grc' dir='ltr'><strong>η-</strong></span> <span class='ocrx_word' id='word_1_18' title='bbox 1983 533 2030 588; x_wconf 76' lang='grc' dir='ltr'><strong>Α</strong></span> <span class='ocrx_word' id='word_1_19' title='bbox 2065 527 2160 579; x_wconf 92' lang='lat' dir='ltr'><strong>tali</strong></span> <span class='ocrx_word' id='word_1_20' title='bbox 2191 536 2433 596; x_wconf 88' lang='lat' dir='ltr'><strong>tempore</strong></span> <span class='ocrx_word' id='word_1_21' title='bbox 2483 529 2695 581; x_wconf 83' lang='lat' dir='ltr'><strong>adesse.</strong></span> <span class='ocrx_word' id='word_1_22' title='bbox 2750 526 2926 594; x_wconf 86' lang='lat' dir='ltr'><strong>Atque</strong></span> <span class='ocrx_word' id='word_1_23' title='bbox 2974 526 3054 578; x_wconf 91' lang='lat' dir='ltr'><strong>sic</strong></span> <span class='ocrx_word' id='word_1_24' title='bbox 3095 539 3179 578; x_wconf 83' lang='lat' dir='ltr'><strong>res</strong></span> <span class='ocrx_word' id='word_1_25' title='bbox 3231 526 3496 592; x_wconf 96' lang='lat' dir='ltr'><strong>ejusmodi</strong></span> <span class='ocrx_word' id='word_1_26' title='bbox 3523 542 3641 594; x_wconf 65' lang='lat' dir='ltr'><strong>qua</strong></span> 
     </span>
    </p>
   </div>
   <div class='ocr_carea' id='block_1_6' title="bbox 379 599 1958 685">
    <p class='ocr_par' dir='ltr' id='par_1_6' title="bbox 379 614 1958 685">
     <span class='ocr_line' id='line_1_6' title="bbox 379 614 1958 685; baseline 0.003 -19"><span class='ocrx_word' id='word_1_27' title='bbox 379 619 540 682; x_wconf 80' lang='grc' dir='ltr'><strong>μένος</strong></span> <span class='ocrx_word' id='word_1_28' title='bbox 563 615 670 681; x_wconf 82' lang='grc' dir='ltr'><strong>εἴη,</strong></span> <span class='ocrx_word' id='word_1_29' title='bbox 704 614 922 681; x_wconf 66' lang='lat' dir='ltr'><strong>Eva-117.6;</strong></span> <span class='ocrx_word' id='word_1_30' title='bbox 956 617 1073 667; x_wconf 76' lang='grc' dir='ltr'><strong>ἐστι</strong></span> <span class='ocrx_word' id='word_1_31' title='bbox 1105 618 1207 668; x_wconf 79' lang='grc' dir='ltr'><strong>κὰν</strong></span> <span class='ocrx_word' id='word_1_32' title='bbox 1236 616 1450 678; x_wconf 78' lang='grc' dir='ltr'><strong>τούτοις</strong></span> <span class='ocrx_word' id='word_1_33' title='bbox 1486 618 1550 668; x_wconf 83' lang='grc' dir='ltr'><strong>οὑ</strong></span> <span class='ocrx_word' id='word_1_34' title='bbox 1584 617 1727 669; x_wconf 80' lang='grc' dir='ltr'><strong>πάνυ</strong></span> <span class='ocrx_word' id='word_1_35' title='bbox 1769 618 1958 685; x_wconf 80' lang='grc' dir='ltr'><strong>βουλό-</strong></span> 
     </span>
    </p>
   </div>
   <div class='ocr_carea' id='block_1_7' title="bbox 379 702 1958 778">
    <p class='ocr_par' dir='ltr' id='par_1_7' title="bbox 379 702 1958 778">
     <span class='ocr_line' id='line_1_7' title="bbox 379 702 1958 778; baseline 0.004 -23"><span class='ocrx_word' id='word_1_36' title='bbox 379 722 540 772; x_wconf 77' lang='grc' dir='ltr'><strong>μενος</strong></span> <span class='ocrx_word' id='word_1_37' title='bbox 589 706 823 774; x_wconf 77' lang='grc' dir='ltr'><strong>φανερὸς</strong></span> <span class='ocrx_word' id='word_1_38' title='bbox 858 702 998 758; x_wconf 82' lang='grc' dir='ltr'><strong>εἶναι</strong></span> <span class='ocrx_word' id='word_1_39' title='bbox 1027 707 1239 776; x_wconf 60' lang='grc' dir='ltr'><strong>ἑτέροις</strong></span> <span class='ocrx_word' id='word_1_40' title='bbox 1272 708 1593 775; x_wconf 74' lang='grc' dir='ltr'><strong>εἰρημένοις</strong></span> <span class='ocrx_word' id='word_1_41' title='bbox 1649 707 1958 778; x_wconf 75' lang='grc' dir='ltr'><strong>χρώμενος,</strong></span> 
     </span>
    </p>
   </div>
   <div class='ocr_carea' id='block_1_8' title="bbox 376 797 1960 868">
    <p class='ocr_par' dir='ltr' id='par_1_8' title="bbox 376 797 1960 868">
     <span class='ocr_line' id='line_1_8' title="bbox 376 797 1960 868; baseline 0.001 -20"><span class='ocrx_word' id='word_1_42' title='bbox 376 797 515 849; x_wconf 80' lang='grc' dir='ltr'>πάνυ</span> <span class='ocrx_word' id='word_1_43' title='bbox 541 797 857 862; x_wconf 76' lang='grc' dir='ltr'><strong>σοφιστικὸν</strong></span> <span class='ocrx_word' id='word_1_44' title='bbox 911 797 1069 849; x_wconf 84' lang='grc' dir='ltr'><strong>τοῦτο</strong></span> <span class='ocrx_word' id='word_1_45' title='bbox 1104 798 1274 850; x_wconf 84' lang='grc' dir='ltr'><strong>ποιῶν</strong></span> <span class='ocrx_word' id='word_1_46' title='bbox 1306 800 1400 850; x_wconf 72' lang='grc' dir='ltr'><strong>καὶ</strong></span> <span class='ocrx_word' id='word_1_47' title='bbox 1437 799 1728 866; x_wconf 78' lang='grc' dir='ltr'><strong>φιλοσόφου</strong></span> <span class='ocrx_word' id='word_1_48' title='bbox 1755 800 1960 868; x_wconf 84' lang='grc' dir='ltr'><strong>τρόπου</strong></span> 
     </span>
    </p>
   </div>
   <div class='ocr_carea' id='block_1_9' title="bbox 375 885 1956 962">
    <p class='ocr_par' dir='ltr' id='par_1_9' title="bbox 375 885 1956 962">
     <span class='ocr_line' id='line_1_9' title="bbox 375 885 1956 962; baseline 0.003 -24"><span class='ocrx_word' id='word_1_49' title='bbox 375 886 824 956; x_wconf 76' lang='grc' dir='ltr'><strong>ἁλλοτριιὶηατον,</strong></span> <span class='ocrx_word' id='word_1_50' title='bbox 857 885 969 941; x_wconf 76' lang='grc' dir='ltr'><strong>οἷον</strong></span> <span class='ocrx_word' id='word_1_51' title='bbox 993 893 1084 942; x_wconf 81' lang='grc' dir='ltr'><strong>καὶ</strong></span> <span class='ocrx_word' id='word_1_52' title='bbox 1105 892 1281 942; x_wconf 74' lang='grc' dir='ltr'><strong>ἐκεῖνο</strong></span> <span class='ocrx_word' id='word_1_53' title='bbox 1306 889 1474 946; x_wconf 83' lang='grc' dir='ltr'><strong>αὑτοῦ</strong></span> <span class='ocrx_word' id='word_1_54' title='bbox 1501 891 1561 942; x_wconf 83' lang='grc' dir='ltr'><strong>τὸ</strong></span> <span class='ocrx_word' id='word_1_55' title='bbox 1607 891 1698 942; x_wconf 67' lang='grc' dir='ltr'><strong>ἐπὶ</strong></span> <span class='ocrx_word' id='word_1_56' title='bbox 1730 891 1956 962; x_wconf 75' lang='grc' dir='ltr'><strong>τελευτῇ</strong></span> 
     </span>
    </p>
   </div>
   <div class='ocr_carea' id='block_1_10' title="bbox 373 978 1961 1052">
    <p class='ocr_par' dir='ltr' id='par_1_10' title="bbox 373 978 1961 1052">
     <span class='ocr_line' id='line_1_10' title="bbox 373 978 1961 1052; baseline 0.004 -24"><span class='ocrx_word' id='word_1_57' title='bbox 373 978 481 1030; x_wconf 82' lang='grc' dir='ltr'><strong>τῶν</strong></span> <span class='ocrx_word' id='word_1_58' title='bbox 515 979 752 1045; x_wconf 81' lang='grc' dir='ltr'>λογικῶν</span> <span class='ocrx_word' id='word_1_59' title='bbox 781 980 1075 1050; x_wconf 76' lang='grc' dir='ltr'><strong>αὐχοῦντός</strong></span> <span class='ocrx_word' id='word_1_60' title='bbox 1106 998 1164 1033; x_wconf 88' lang='grc' dir='ltr'><strong>τε</strong></span> <span class='ocrx_word' id='word_1_61' title='bbox 1190 982 1265 1042; x_wconf 79' lang='grc' dir='ltr'><strong>ὡς</strong></span> <span class='ocrx_word' id='word_1_62' title='bbox 1298 981 1360 1034; x_wconf 85' lang='grc' dir='ltr'><strong>τδ</strong></span> <span class='ocrx_word' id='word_1_63' title='bbox 1409 983 1518 1035; x_wconf 77' lang='grc' dir='ltr'><strong>πᾶν</strong></span> <span class='ocrx_word' id='word_1_64' title='bbox 1550 982 1715 1034; x_wconf 81' lang='grc' dir='ltr'><strong>αὐτοῦ</strong></span> <span class='ocrx_word' id='word_1_65' title='bbox 1746 982 1830 1052; x_wconf 81' lang='grc' dir='ltr'><strong>εἴη</strong></span> <span class='ocrx_word' id='word_1_66' title='bbox 1862 984 1961 1052; x_wconf 83' lang='grc' dir='ltr'><strong>τῆς</strong></span> 
     </span>
    </p>
   </div>
   <div class='ocr_carea' id='block_1_11' title="bbox 379 1071 1962 1143">
    <p class='ocr_par' dir='ltr' id='par_1_11' title="bbox 379 1071 1962 1143">
     <span class='ocr_line' id='line_1_11' title="bbox 379 1071 1962 1143; baseline 0.001 -19"><span class='ocrx_word' id='word_1_67' title='bbox 379 1072 604 1138; x_wconf 77' lang='grc' dir='ltr'><strong>μεθόδου</strong></span> <span class='ocrx_word' id='word_1_68' title='bbox 635 1071 838 1140; x_wconf 69' lang='grc' dir='ltr'><strong>ταύτης</strong></span> <span class='ocrx_word' id='word_1_69' title='bbox 900 1073 994 1125; x_wconf 77' lang='grc' dir='ltr'><strong>καὶ</strong></span> <span class='ocrx_word' id='word_1_70' title='bbox 1033 1073 1357 1138; x_wconf 72' lang='grc' dir='ltr'><strong>ἐπάγοντος,</strong></span> <span class='ocrx_word' id='word_1_71' title='bbox 1387 1072 1462 1135; x_wconf 84' lang='grc' dir='ltr'><strong>ὡς</strong></span> <span class='ocrx_word' id='word_1_72' title='bbox 1487 1073 1692 1142; x_wconf 80' lang='grc' dir='ltr'><strong>ταύτης</strong></span> <span class='ocrx_word' id='word_1_73' title='bbox 1720 1074 1822 1142; x_wconf 82' lang='grc' dir='ltr'><strong>τῆς</strong></span> <span class='ocrx_word' id='word_1_74' title='bbox 1866 1091 1962 1143; x_wconf 82' lang='grc' dir='ltr'><strong>με·</strong></span> 
     </span>
    </p>
   </div>
   <div class='ocr_carea' id='block_1_12' title="bbox 376 1161 1963 1234">
    <p class='ocr_par' dir='ltr' id='par_1_12' title="bbox 376 1161 1963 1234">
     <span class='ocr_line' id='line_1_12' title="bbox 376 1161 1963 1234; baseline 0.003 -20"><span class='ocrx_word' id='word_1_75' title='bbox 376 1165 529 1216; x_wconf 81' lang='grc' dir='ltr'><strong>οὸδου</strong></span> <span class='ocrx_word' id='word_1_76' title='bbox 565 1168 629 1218; x_wconf 86' lang='grc' dir='ltr'><strong>οὐ</strong></span> <span class='ocrx_word' id='word_1_77' title='bbox 656 1167 714 1218; x_wconf 84' lang='grc' dir='ltr'><strong>τδ</strong></span> <span class='ocrx_word' id='word_1_78' title='bbox 745 1167 846 1233; x_wconf 84' lang='grc' dir='ltr'><strong>μὲν</strong></span> <span class='ocrx_word' id='word_1_79' title='bbox 872 1161 959 1234; x_wconf 82' lang='grc' dir='ltr'><strong>ἦν,</strong></span> <span class='ocrx_word' id='word_1_80' title='bbox 987 1167 1048 1218; x_wconf 84' lang='grc' dir='ltr'><strong>τὸ</strong></span> <span class='ocrx_word' id='word_1_81' title='bbox 1067 1166 1112 1218; x_wconf 84' lang='grc' dir='ltr'><strong>δ’</strong></span> <span class='ocrx_word' id='word_1_82' title='bbox 1142 1169 1242 1219; x_wconf 80' lang='grc' dir='ltr'><strong>οὐκ</strong></span> <span class='ocrx_word' id='word_1_83' title='bbox 1261 1161 1349 1234; x_wconf 81' lang='grc' dir='ltr'><strong>ἦν,</strong></span> <span class='ocrx_word' id='word_1_84' title='bbox 1377 1166 1514 1220; x_wconf 79' lang='grc' dir='ltr'><strong>ἀλλὰ</strong></span> <span class='ocrx_word' id='word_1_85' title='bbox 1551 1167 1832 1228; x_wconf 78' lang='grc' dir='ltr'><strong>παντελῶς</strong></span> <span class='ocrx_word' id='word_1_86' title='bbox 1863 1166 1963 1218; x_wconf 78' lang='grc' dir='ltr'><strong>οὐκ</strong></span> 
     </span>
    </p>
   </div>
   <div class='ocr_carea' id='block_1_13' title="bbox 373 1251 1960 1328">
    <p class='ocr_par' dir='ltr' id='par_1_13' title="bbox 373 1251 1960 1328">
     <span class='ocr_line' id='line_1_13' title="bbox 373 1251 1960 1328; baseline 0.003 -23"><span class='ocrx_word' id='word_1_87' title='bbox 373 1251 459 1323; x_wconf 82' lang='grc' dir='ltr'><strong>ἦν.</strong></span> <span class='ocrx_word' id='word_1_88' title='bbox 516 1260 622 1310; x_wconf 78' lang='grc' dir='ltr'><strong>Καὶ</strong></span> <span class='ocrx_word' id='word_1_89' title='bbox 675 1258 849 1310; x_wconf 88' lang='grc' dir='ltr'><strong>ταῦτα</strong></span> <span class='ocrx_word' id='word_1_90' title='bbox 919 1259 1186 1328; x_wconf 81' lang='grc' dir='ltr'><strong>Ἀρχύτου</strong></span> <span class='ocrx_word' id='word_1_91' title='bbox 1244 1275 1305 1311; x_wconf 84' lang='grc' dir='ltr'><strong>τε</strong></span> <span class='ocrx_word' id='word_1_92' title='bbox 1371 1259 1478 1327; x_wconf 79' lang='grc' dir='ltr'><strong>πρὸ</strong></span> <span class='ocrx_word' id='word_1_93' title='bbox 1541 1258 1708 1311; x_wconf 84' lang='grc' dir='ltr'><strong>αὑτοῦ</strong></span> <span class='ocrx_word' id='word_1_94' title='bbox 1767 1258 1960 1325; x_wconf 76' lang='grc' dir='ltr'><strong>λογικᾶ</strong></span> 
     </span>
    </p>
   </div>
   <div class='ocr_carea' id='block_1_14' title="bbox 379 1343 1962 1416">
    <p class='ocr_par' dir='ltr' id='par_1_14' title="bbox 379 1343 1962 1416">
     <span class='ocr_line' id='line_1_14' title="bbox 379 1343 1962 1416; baseline -0.001 -17"><span class='ocrx_word' id='word_1_95' title='bbox 379 1347 849 1415; x_wconf 74' lang='grc' dir='ltr'><strong>συγγεγραφότος,</strong></span> <span class='ocrx_word' id='word_1_96' title='bbox 882 1343 958 1399; x_wconf 81' lang='grc' dir='ltr'>ὧν</span> <span class='ocrx_word' id='word_1_97' title='bbox 1015 1365 1126 1399; x_wconf 88' lang='grc' dir='ltr'><strong>τισι</strong></span> <span class='ocrx_word' id='word_1_98' title='bbox 1157 1348 1251 1400; x_wconf 76' lang='grc' dir='ltr'><strong>καὶ</strong></span> <span class='ocrx_word' id='word_1_99' title='bbox 1301 1349 1464 1409; x_wconf 78' lang='grc' dir='ltr'><strong>αὐτὸς</strong></span> <span class='ocrx_word' id='word_1_100' title='bbox 1524 1347 1962 1416; x_wconf 64' lang='grc' dir='ltr'><strong>κέχρηται,ῥκαὶ</strong></span> 
     </span>
    </p>
   </div>
   <div class='ocr_carea' id='block_1_15' title="bbox 389 1432 1970 1513">
    <p class='ocr_par' dir='ltr' id='par_1_15' title="bbox 389 1432 1970 1513">
     <span class='ocr_line' id='line_1_15' title="bbox 389 1432 1970 1513; baseline -0.004 -21"><span class='ocrx_word' id='word_1_101' title='bbox 389 1441 680 1502; x_wconf 78' lang='grc' dir='ltr'><strong>Πλάτωνος</strong></span> <span class='ocrx_word' id='word_1_102' title='bbox 706 1438 872 1491; x_wconf 77' lang='grc' dir='ltr'><strong>αὑτοῦ</strong></span> <span class='ocrx_word' id='word_1_103' title='bbox 900 1438 1062 1490; x_wconf 73' lang='grc' dir='ltr'><strong>τοῦτο</strong></span> <span class='ocrx_word' id='word_1_104' title='bbox 1088 1438 1187 1506; x_wconf 80' lang='grc' dir='ltr'><strong>μὲν</strong></span> <span class='ocrx_word' id='word_1_105' title='bbox 1211 1437 1320 1489; x_wconf 82' lang='grc' dir='ltr'><strong>τῶν</strong></span> <span class='ocrx_word' id='word_1_106' title='bbox 1368 1437 1602 1502; x_wconf 75' lang='grc' dir='ltr'><strong>λογικῶν</strong></span> <span class='ocrx_word' id='word_1_107' title='bbox 1635 1436 1808 1503; x_wconf 81' lang='grc' dir='ltr'><strong>ἀρχὰς</strong></span> <span class='ocrx_word' id='word_1_108' title='bbox 1857 1432 1970 1513; x_wconf 42' lang='lat' dir='ltr'><strong>ira;</strong></span> 
     </span>
    </p>
   </div>
   <div class='ocr_carea' id='block_1_16' title="bbox 381 1527 1960 1596">
    <p class='ocr_par' dir='ltr' id='par_1_16' title="bbox 381 1527 1960 1596">
     <span class='ocr_line' id='line_1_16' title="bbox 381 1527 1960 1596; baseline -0.003 -13"><span class='ocrx_word' id='word_1_109' title='bbox 381 1531 709 1596; x_wconf 81' lang='grc' dir='ltr'><strong>ραδιδόντος,</strong></span> <span class='ocrx_word' id='word_1_110' title='bbox 739 1529 896 1583; x_wconf 83' lang='grc' dir='ltr'><strong>τοῦτο</strong></span> <span class='ocrx_word' id='word_1_111' title='bbox 927 1530 984 1581; x_wconf 76' lang='grc' dir='ltr'><strong>δὲ</strong></span> <span class='ocrx_word' id='word_1_112' title='bbox 1016 1528 1294 1596; x_wconf 84' lang='grc' dir='ltr'><strong>πανταχοῦ</strong></span> <span class='ocrx_word' id='word_1_113' title='bbox 1323 1533 1436 1589; x_wconf 83' lang='grc' dir='ltr'><strong>τοῖς</strong></span> <span class='ocrx_word' id='word_1_114' title='bbox 1481 1528 1660 1594; x_wconf 78' lang='grc' dir='ltr'><strong>λόγοις</strong></span> <span class='ocrx_word' id='word_1_115' title='bbox 1695 1527 1794 1578; x_wconf 81' lang='grc' dir='ltr'><strong>οὐκ</strong></span> <span class='ocrx_word' id='word_1_116' title='bbox 1827 1529 1960 1582; x_wconf 80' lang='grc' dir='ltr'>ἄνευ</span> 
     </span>
    </p>
   </div>
   <div class='ocr_carea' id='block_1_17' title="bbox 377 1618 1962 1689">
    <p class='ocr_par' dir='ltr' id='par_1_17' title="bbox 377 1618 1962 1689">
     <span class='ocr_line' id='line_1_17' title="bbox 377 1618 1962 1689; baseline -0.001 -18"><span class='ocrx_word' id='word_1_117' title='bbox 377 1622 578 1688; x_wconf 81' lang='grc' dir='ltr'><strong>τέχνης</strong></span> <span class='ocrx_word' id='word_1_118' title='bbox 602 1620 913 1689; x_wconf 77' lang='grc' dir='ltr'><strong>χρωμένου,</strong></span> <span class='ocrx_word' id='word_1_119' title='bbox 951 1620 1045 1672; x_wconf 69' lang='grc' dir='ltr'><strong>καλ⁸</strong></span> <span class='ocrx_word' id='word_1_120' title='bbox 1075 1618 1251 1686; x_wconf 82' lang='grc' dir='ltr'><strong>λόγων</strong></span> <span class='ocrx_word' id='word_1_121' title='bbox 1283 1620 1508 1688; x_wconf 77' lang='grc' dir='ltr'><strong>μέθοδον</strong></span> <span class='ocrx_word' id='word_1_122' title='bbox 1539 1618 1830 1679; x_wconf 78' lang='grc' dir='ltr'><strong>καλοῦντος</strong></span> <span class='ocrx_word' id='word_1_123' title='bbox 1885 1623 1962 1682; x_wconf 81' lang='grc' dir='ltr'><strong>ὡς</strong></span> 
     </span>
    </p>
   </div>
   <div class='ocr_carea' id='block_1_18' title="bbox 378 1709 1957 1780">
    <p class='ocr_par' dir='ltr' id='par_1_18' title="bbox 378 1709 1957 1780">
     <span class='ocr_line' id='line_1_18' title="bbox 378 1709 1957 1780; baseline -0.001 -18"><span class='ocrx_word' id='word_1_124' title='bbox 378 1712 542 1763; x_wconf 75' lang='grc' dir='ltr'><strong>οὖσαν</strong></span> <span class='ocrx_word' id='word_1_125' title='bbox 571 1728 633 1778; x_wconf 83' lang='grc' dir='ltr'><strong>γε</strong></span> <span class='ocrx_word' id='word_1_126' title='bbox 663 1713 781 1779; x_wconf 77' lang='grc' dir='ltr'><strong>οὑχὶ</strong></span> <span class='ocrx_word' id='word_1_127' title='bbox 820 1712 895 1780; x_wconf 84' lang='grc' dir='ltr'><strong>μὴ</strong></span> <span class='ocrx_word' id='word_1_128' title='bbox 935 1709 1102 1762; x_wconf 84' lang='grc' dir='ltr'><strong>οὖσαν</strong></span> <span class='ocrx_word' id='word_1_129' title='bbox 1133 1710 1254 1763; x_wconf 80' lang='grc' dir='ltr'><strong>οὐδὲ</strong></span> <span class='ocrx_word' id='word_1_130' title='bbox 1286 1711 1361 1772; x_wconf 86' lang='grc' dir='ltr'><strong>ὡς</strong></span> <span class='ocrx_word' id='word_1_131' title='bbox 1387 1710 1598 1763; x_wconf 77' lang='grc' dir='ltr'><strong>οὐδέπω</strong></span> <span class='ocrx_word' id='word_1_132' title='bbox 1631 1709 1957 1778; x_wconf 80' lang='grc' dir='ltr'><strong>εὑρημένην</strong></span> 
     </span>
    </p>
   </div>
   <div class='ocr_carea' id='block_1_19' title="bbox 380 1797 1958 1871">
    <p class='ocr_par' dir='ltr' id='par_1_19' title="bbox 380 1797 1958 1871">
     <span class='ocr_line' id='line_1_19' title="bbox 380 1797 1958 1871; baseline -0.001 -18"><span class='ocrx_word' id='word_1_133' title='bbox 380 1802 516 1854; x_wconf 73' lang='grc' dir='ltr'><strong>ἀλλὰ</strong></span> <span class='ocrx_word' id='word_1_134' title='bbox 539 1804 635 1854; x_wconf 76' lang='grc' dir='ltr'><strong>καὶ</strong></span> <span class='ocrx_word' id='word_1_135' title='bbox 659 1803 800 1855; x_wconf 82' lang='grc' dir='ltr'>πάνυ</span> <span class='ocrx_word' id='word_1_136' title='bbox 835 1803 897 1868; x_wconf 81' lang='grc' dir='ltr'><strong>δὴ</strong></span> <span class='ocrx_word' id='word_1_137' title='bbox 929 1804 985 1854; x_wconf 76' lang='grc' dir='ltr'>ἑν</span> <span class='ocrx_word' id='word_1_138' title='bbox 1017 1803 1216 1871; x_wconf 81' lang='grc' dir='ltr'><strong>χρήσει</strong></span> <span class='ocrx_word' id='word_1_139' title='bbox 1245 1798 1432 1854; x_wconf 82' lang='grc' dir='ltr'><strong>οὖσαν.</strong></span> <span class='ocrx_word' id='word_1_140' title='bbox 1469 1803 1534 1854; x_wconf 87' lang='grc' dir='ltr'><strong>Τί</strong></span> <span class='ocrx_word' id='word_1_141' title='bbox 1557 1797 1649 1854; x_wconf 74' lang='grc' dir='ltr'><strong>οὖν</strong></span> <span class='ocrx_word' id='word_1_142' title='bbox 1704 1802 1772 1854; x_wconf 75' lang='grc' dir='ltr'>ἂν</span> <span class='ocrx_word' id='word_1_143' title='bbox 1824 1801 1958 1870; x_wconf 83' lang='grc' dir='ltr'>φαίη</span> 
     </span>
    </p>
   </div>
   <div class='ocr_carea' id='block_1_20' title="bbox 2063 609 3644 684">
    <p class='ocr_par' dir='ltr' id='par_1_20' title="bbox 2063 609 3644 684">
     <span class='ocr_line' id='line_1_20' title="bbox 2063 609 3644 684; baseline 0 -13"><span class='ocrx_word' id='word_1_144' title='bbox 2063 618 2279 684; x_wconf 84' lang='lat' dir='ltr'><strong>quidem</strong></span> <span class='ocrx_word' id='word_1_145' title='bbox 2308 657 2323 679; x_wconf 89' lang='lat'><strong>,</strong></span> <span class='ocrx_word' id='word_1_146' title='bbox 2394 619 2440 671; x_wconf 90' lang='lat' dir='ltr'><strong>si</strong></span> <span class='ocrx_word' id='word_1_147' title='bbox 2499 609 2605 672; x_wconf 69' lang='lat' dir='ltr'><strong>uni&#39;</strong></span> <span class='ocrx_word' id='word_1_148' title='bbox 2656 616 2951 684; x_wconf 78' lang='lat' dir='ltr'><strong>eidemque</strong></span> <span class='ocrx_word' id='word_1_149' title='bbox 2999 616 3269 669; x_wconf 72' lang='lat' dir='ltr'><strong>diceretur</strong></span> <span class='ocrx_word' id='word_1_150' title='bbox 3306 618 3644 683; x_wconf 80' lang='lat' dir='ltr'><strong>contingere,</strong></span> 
     </span>
    </p>
   </div>
   <div class='ocr_carea' id='block_1_21' title="bbox 2065 707 3638 776">
    <p class='ocr_par' dir='ltr' id='par_1_21' title="bbox 2065 707 3638 776">
     <span class='ocr_line' id='line_1_21' title="bbox 2065 707 3638 776; baseline 0.001 -15"><span class='ocrx_word' id='word_1_151' title='bbox 2065 718 2126 762; x_wconf 93' lang='lat' dir='ltr'><strong>ut</strong></span> <span class='ocrx_word' id='word_1_152' title='bbox 2177 711 2340 763; x_wconf 92' lang='lat' dir='ltr'><strong>unius</strong></span> <span class='ocrx_word' id='word_1_153' title='bbox 2395 709 2744 776; x_wconf 88' lang='lat' dir='ltr'><strong>ejusdemque</strong></span> <span class='ocrx_word' id='word_1_154' title='bbox 2804 717 2948 760; x_wconf 90' lang='lat' dir='ltr'><strong>esset</strong></span> <span class='ocrx_word' id='word_1_155' title='bbox 3010 718 3065 758; x_wconf 90' lang='lat' dir='ltr'><strong>et</strong></span> <span class='ocrx_word' id='word_1_156' title='bbox 3118 707 3295 776; x_wconf 75' lang='lat' dir='ltr'><strong>imago</strong></span> <span class='ocrx_word' id='word_1_157' title='bbox 3345 718 3395 761; x_wconf 93' lang='lat' dir='ltr'><strong>et</strong></span> <span class='ocrx_word' id='word_1_158' title='bbox 3451 723 3638 762; x_wconf 82' lang='lat' dir='ltr'><strong>excin-</strong></span> 
     </span>
    </p>
   </div>
   <div class='ocr_carea' id='block_1_22' title="bbox 2063 797 3634 867">
    <p class='ocr_par' dir='ltr' id='par_1_22' title="bbox 2063 797 3634 867">
     <span class='ocr_line' id='line_1_22' title="bbox 2063 797 3634 867; baseline -0.001 -15"><span class='ocrx_word' id='word_1_159' title='bbox 2063 799 2227 867; x_wconf 88' lang='lat' dir='ltr'><strong>plar,</strong></span> <span class='ocrx_word' id='word_1_160' title='bbox 2294 809 2408 852; x_wconf 87' lang='lat' dir='ltr'><strong>tum</strong></span> <span class='ocrx_word' id='word_1_161' title='bbox 2478 809 2624 854; x_wconf 90' lang='lat' dir='ltr'><strong>certe</strong></span> <span class='ocrx_word' id='word_1_162' title='bbox 2689 797 3142 860; x_wconf 66' lang='lat' dir='ltr'><strong>absurdum-hoc</strong></span> <span class='ocrx_word' id='word_1_163' title='bbox 3200 808 3365 858; x_wconf 83' lang='lat' dir='ltr'><strong>esset,</strong></span> <span class='ocrx_word' id='word_1_164' title='bbox 3418 809 3472 852; x_wconf 91' lang='lat' dir='ltr'><strong>et</strong></span> <span class='ocrx_word' id='word_1_165' title='bbox 3538 801 3634 852; x_wconf 89' lang='lat' dir='ltr'><strong>mi-</strong></span> 
     </span>
    </p>
   </div>
   <div class='ocr_carea' id='block_1_23' title="bbox 2062 891 3639 958">
    <p class='ocr_par' dir='ltr' id='par_1_23' title="bbox 2062 891 3639 958">
     <span class='ocr_line' id='line_1_23' title="bbox 2062 891 3639 958; baseline -0.002 -13"><span class='ocrx_word' id='word_1_166' title='bbox 2062 891 2209 945; x_wconf 89' lang='lat' dir='ltr'><strong>nime</strong></span> <span class='ocrx_word' id='word_1_167' title='bbox 2226 891 2419 945; x_wconf 93' lang='lat' dir='ltr'><strong>rationi</strong></span> <span class='ocrx_word' id='word_1_168' title='bbox 2442 897 2895 954; x_wconf 76' lang='lat' dir='ltr'><strong>consentaneum,</strong></span> <span class='ocrx_word' id='word_1_169' title='bbox 2917 900 3172 958; x_wconf 90' lang='lat' dir='ltr'><strong>tanquam</strong></span> <span class='ocrx_word' id='word_1_170' title='bbox 3201 892 3246 943; x_wconf 79' lang='lat' dir='ltr'><strong>si</strong></span> <span class='ocrx_word' id='word_1_171' title='bbox 3272 905 3439 942; x_wconf 91' lang='lat' dir='ltr'><strong>unum</strong></span> <span class='ocrx_word' id='word_1_172' title='bbox 3475 891 3639 944; x_wconf 88' lang='lat' dir='ltr'><strong>idem-</strong></span> 
     </span>
    </p>
   </div>
   <div class='ocr_carea' id='block_1_24' title="bbox 2062 982 3641 1050">
    <p class='ocr_par' dir='ltr' id='par_1_24' title="bbox 2062 982 3641 1050">
     <span class='ocr_line' id='line_1_24' title="bbox 2062 982 3641 1050; baseline 0.001 -16"><span class='ocrx_word' id='word_1_173' title='bbox 2062 996 2169 1050; x_wconf 88' lang='lat' dir='ltr'><strong>que</strong></span> <span class='ocrx_word' id='word_1_174' title='bbox 2237 983 2448 1036; x_wconf 84' lang='lat' dir='ltr'><strong>dicatur</strong></span> <span class='ocrx_word' id='word_1_175' title='bbox 2505 996 2627 1035; x_wconf 89' lang='lat' dir='ltr'><strong>esse</strong></span> <span class='ocrx_word' id='word_1_176' title='bbox 2683 996 2791 1035; x_wconf 88' lang='lat' dir='ltr'><strong>una</strong></span> <span class='ocrx_word' id='word_1_177' title='bbox 2846 982 3146 1050; x_wconf 88' lang='lat' dir='ltr'><strong>eademque</strong></span> <span class='ocrx_word' id='word_1_178' title='bbox 3220 997 3278 1035; x_wconf 90' lang='lat' dir='ltr'><strong>re</strong></span> <span class='ocrx_word' id='word_1_179' title='bbox 3340 982 3505 1036; x_wconf 89' lang='lat' dir='ltr'><strong>simul</strong></span> <span class='ocrx_word' id='word_1_180' title='bbox 3588 993 3641 1036; x_wconf 84' lang='lat' dir='ltr'><strong>et</strong></span> 
     </span>
    </p>
   </div>
   <div class='ocr_carea' id='block_1_25' title="bbox 2064 1073 3639 1142">
    <p class='ocr_par' dir='ltr' id='par_1_25' title="bbox 2064 1073 3639 1142">
     <span class='ocr_line' id='line_1_25' title="bbox 2064 1073 3639 1142; baseline -0.001 -14"><span class='ocrx_word' id='word_1_181' title='bbox 2064 1075 2240 1142; x_wconf 84' lang='lat' dir='ltr'><strong>majus</strong></span> <span class='ocrx_word' id='word_1_182' title='bbox 2274 1082 2327 1128; x_wconf 89' lang='lat' dir='ltr'><strong>et</strong></span> <span class='ocrx_word' id='word_1_183' title='bbox 2357 1073 2536 1127; x_wconf 92' lang='lat' dir='ltr'><strong>minus</strong></span> <span class='ocrx_word' id='word_1_184' title='bbox 2571 1090 2584 1126; x_wconf 91' lang='lat'>:</span> <span class='ocrx_word' id='word_1_185' title='bbox 2624 1089 2768 1128; x_wconf 91' lang='lat' dir='ltr'><strong>nunc</strong></span> <span class='ocrx_word' id='word_1_186' title='bbox 2797 1083 2978 1127; x_wconf 88' lang='lat' dir='ltr'><strong>autem</strong></span> <span class='ocrx_word' id='word_1_187' title='bbox 3019 1075 3148 1142; x_wconf 93' lang='lat' dir='ltr'><strong>quid</strong></span> <span class='ocrx_word' id='word_1_188' title='bbox 3184 1074 3437 1142; x_wconf 91' lang='lat' dir='ltr'><strong>prohibet</strong></span> <span class='ocrx_word' id='word_1_189' title='bbox 3473 1091 3639 1128; x_wconf 92' lang='lat' dir='ltr'><strong>unum</strong></span> 
     </span>
    </p>
   </div>
   <div class='ocr_carea' id='block_1_26' title="bbox 2063 1162 3640 1231">
    <p class='ocr_par' dir='ltr' id='par_1_26' title="bbox 2063 1162 3640 1231">
     <span class='ocr_line' id='line_1_26' title="bbox 2063 1162 3640 1231; baseline 0.001 -17"><span class='ocrx_word' id='word_1_190' title='bbox 2063 1162 2320 1230; x_wconf 81' lang='lat' dir='ltr'><strong>idemque</strong></span> <span class='ocrx_word' id='word_1_191' title='bbox 2386 1162 2614 1216; x_wconf 83' lang='lat' dir='ltr'><strong>alterius</strong></span> <span class='ocrx_word' id='word_1_192' title='bbox 2672 1177 2794 1216; x_wconf 88' lang='lat' dir='ltr'><strong>esse</strong></span> <span class='ocrx_word' id='word_1_193' title='bbox 2849 1163 3166 1231; x_wconf 84' lang='lat' dir='ltr'><strong>imaginem,</strong></span> <span class='ocrx_word' id='word_1_194' title='bbox 3224 1165 3449 1219; x_wconf 82' lang='lat' dir='ltr'><strong>alterius</strong></span> <span class='ocrx_word' id='word_1_195' title='bbox 3510 1179 3640 1218; x_wconf 90' lang='lat' dir='ltr'><strong>vero</strong></span> 
     </span>
    </p>
   </div>
   <div class='ocr_carea' id='block_1_27' title="bbox 2062 1252 3642 1325">
    <p class='ocr_par' dir='ltr' id='par_1_27' title="bbox 2062 1252 3642 1325">
     <span class='ocr_line' id='line_1_27' title="bbox 2062 1252 3642 1325; baseline 0.002 -18"><span class='ocrx_word' id='word_1_196' title='bbox 2062 1253 2379 1321; x_wconf 79' lang='lat' dir='ltr'><strong>exemplar?</strong></span> <span class='ocrx_word' id='word_1_197' title='bbox 2413 1252 2605 1306; x_wconf 79' lang='lat' dir='ltr'><strong>Annon</strong></span> <span class='ocrx_word' id='word_1_198' title='bbox 2643 1263 2835 1306; x_wconf 76' lang='lat' dir='ltr'><strong>statuae</strong></span> <span class='ocrx_word' id='word_1_199' title='bbox 2869 1255 3173 1323; x_wconf 89' lang='lat' dir='ltr'><strong>cujuspiam</strong></span> <span class='ocrx_word' id='word_1_200' title='bbox 3202 1272 3322 1325; x_wconf 70' lang='lat' dir='ltr'><strong>qua:</strong></span> <span class='ocrx_word' id='word_1_201' title='bbox 3352 1257 3464 1324; x_wconf 87' lang='lat' dir='ltr'><strong>ipsa</strong></span> <span class='ocrx_word' id='word_1_202' title='bbox 3502 1272 3642 1324; x_wconf 88' lang='lat' dir='ltr'><strong>quo-</strong></span> 
     </span>
    </p>
   </div>
   <div class='ocr_carea' id='block_1_28' title="bbox 2063 1344 3644 1416">
    <p class='ocr_par' dir='ltr' id='par_1_28' title="bbox 2063 1344 3644 1416">
     <span class='ocr_line' id='line_1_28' title="bbox 2063 1344 3644 1416; baseline 0.004 -21"><span class='ocrx_word' id='word_1_203' title='bbox 2063 1359 2169 1412; x_wconf 89' lang='lat' dir='ltr'><strong>que</strong></span> <span class='ocrx_word' id='word_1_204' title='bbox 2193 1346 2371 1414; x_wconf 80' lang='lat' dir='ltr'><strong>imago</strong></span> <span class='ocrx_word' id='word_1_205' title='bbox 2396 1355 2501 1406; x_wconf 87' lang='lat' dir='ltr'><strong>est,</strong></span> <span class='ocrx_word' id='word_1_206' title='bbox 2536 1344 2695 1398; x_wconf 82' lang='lat' dir='ltr'><strong>aliam</strong></span> <span class='ocrx_word' id='word_1_207' title='bbox 2724 1346 2849 1398; x_wconf 92' lang='lat' dir='ltr'><strong>item</strong></span> <span class='ocrx_word' id='word_1_208' title='bbox 2874 1347 3162 1415; x_wconf 82' lang='lat' dir='ltr'><strong>imaginem</strong></span> <span class='ocrx_word' id='word_1_209' title='bbox 3198 1349 3371 1416; x_wconf 87' lang='lat' dir='ltr'><strong>pictor</strong></span> <span class='ocrx_word' id='word_1_210' title='bbox 3401 1348 3644 1401; x_wconf 72' lang='lat' dir='ltr'><strong>eliiciet?</strong></span> 
     </span>
    </p>
   </div>
   <div class='ocr_carea' id='block_1_29' title="bbox 2064 1431 3642 1505">
    <p class='ocr_par' dir='ltr' id='par_1_29' title="bbox 2064 1431 3642 1505">
     <span class='ocr_line' id='line_1_29' title="bbox 2064 1431 3642 1505; baseline 0.006 -21"><span class='ocrx_word' id='word_1_211' title='bbox 2064 1431 2131 1485; x_wconf 88' lang='lat' dir='ltr'><strong>Et</strong></span> <span class='ocrx_word' id='word_1_212' title='bbox 2156 1447 2333 1486; x_wconf 88' lang='lat' dir='ltr'><strong>nonne</strong></span> <span class='ocrx_word' id='word_1_213' title='bbox 2359 1434 2602 1502; x_wconf 87' lang='lat' dir='ltr'><strong>ejusdem</strong></span> <span class='ocrx_word' id='word_1_214' title='bbox 2657 1444 2850 1489; x_wconf 74' lang='lat' dir='ltr'><strong>statuae</strong></span> <span class='ocrx_word' id='word_1_215' title='bbox 2878 1436 2930 1489; x_wconf 92' lang='lat' dir='ltr'><strong>in</strong></span> <span class='ocrx_word' id='word_1_216' title='bbox 2965 1451 3104 1505; x_wconf 88' lang='lat' dir='ltr'><strong>aqua</strong></span> <span class='ocrx_word' id='word_1_217' title='bbox 3137 1438 3488 1490; x_wconf 90' lang='lat' dir='ltr'><strong>simulacrum</strong></span> <span class='ocrx_word' id='word_1_218' title='bbox 3536 1440 3642 1493; x_wconf 87' lang='lat' dir='ltr'><strong>ali--</strong></span> 
     </span>
    </p>
   </div>
   <div class='ocr_carea' id='block_1_30' title="bbox 2062 1523 3644 1597">
    <p class='ocr_par' dir='ltr' id='par_1_30' title="bbox 2062 1523 3644 1597">
     <span class='ocr_line' id='line_1_30' title="bbox 2062 1523 3644 1597; baseline 0.003 -21"><span class='ocrx_word' id='word_1_219' title='bbox 2062 1524 2207 1592; x_wconf 91' lang='lat' dir='ltr'><strong>quod</strong></span> <span class='ocrx_word' id='word_1_220' title='bbox 2237 1523 2526 1578; x_wconf 88' lang='lat' dir='ltr'><strong>reddetur?</strong></span> <span class='ocrx_word' id='word_1_221' title='bbox 2556 1526 2732 1595; x_wconf 80' lang='lat' dir='ltr'><strong>Atque</strong></span> <span class='ocrx_word' id='word_1_222' title='bbox 2767 1528 2879 1581; x_wconf 65' lang='lat' dir='ltr'><strong>haec</strong></span> <span class='ocrx_word' id='word_1_223' title='bbox 2918 1528 3134 1597; x_wconf 86' lang='lat' dir='ltr'><strong>quidem</strong></span> <span class='ocrx_word' id='word_1_224' title='bbox 3185 1529 3485 1596; x_wconf 88' lang='lat' dir='ltr'><strong>impostura</strong></span> <span class='ocrx_word' id='word_1_225' title='bbox 3517 1529 3644 1581; x_wconf 85' lang='lat' dir='ltr'><strong>Ari-</strong></span> 
     </span>
    </p>
   </div>
   <div class='ocr_carea' id='block_1_31' title="bbox 2063 1616 3636 1685">
    <p class='ocr_par' dir='ltr' id='par_1_31' title="bbox 2063 1616 3636 1685">
     <span class='ocr_line' id='line_1_31' title="bbox 2063 1616 3636 1685; baseline 0.002 -15"><span class='ocrx_word' id='word_1_226' title='bbox 2063 1616 2274 1670; x_wconf 81' lang='lat' dir='ltr'><strong>stetelis</strong></span> <span class='ocrx_word' id='word_1_227' title='bbox 2308 1625 2392 1669; x_wconf 89' lang='lat' dir='ltr'><strong>est</strong></span> <span class='ocrx_word' id='word_1_228' title='bbox 2445 1616 2788 1685; x_wconf 86' lang='lat' dir='ltr'><strong>hujusmndi.</strong></span> <span class='ocrx_word' id='word_1_229' title='bbox 2820 1619 3188 1674; x_wconf 78' lang='lat' dir='ltr'><strong>Transeamus</strong></span> <span class='ocrx_word' id='word_1_230' title='bbox 3216 1634 3344 1674; x_wconf 87' lang='lat' dir='ltr'><strong>vero</strong></span> <span class='ocrx_word' id='word_1_231' title='bbox 3379 1621 3446 1673; x_wconf 90' lang='lat' dir='ltr'><strong>ad</strong></span> <span class='ocrx_word' id='word_1_232' title='bbox 3477 1622 3636 1673; x_wconf 89' lang='lat' dir='ltr'><strong>aliam</strong></span> 
     </span>
    </p>
   </div>
   <div class='ocr_carea' id='block_1_32' title="bbox 2065 1705 3645 1781">
    <p class='ocr_par' dir='ltr' id='par_1_32' title="bbox 2065 1705 3645 1781">
     <span class='ocr_line' id='line_1_32' title="bbox 2065 1705 3645 1781; baseline 0.007 -26"><span class='ocrx_word' id='word_1_233' title='bbox 2065 1705 2234 1773; x_wconf 88' lang='lat' dir='ltr'><strong>ipsius</strong></span> <span class='ocrx_word' id='word_1_234' title='bbox 2260 1708 2551 1760; x_wconf 79' lang='lat' dir='ltr'><strong>rationem.</strong></span> <span class='ocrx_word' id='word_1_235' title='bbox 2587 1708 2875 1774; x_wconf 59' lang='lat' dir='ltr'><strong>Praeterea,</strong></span> <span class='ocrx_word' id='word_1_236' title='bbox 2913 1710 3104 1778; x_wconf 85' lang='lat' dir='ltr'><strong>inquit,</strong></span> <span class='ocrx_word' id='word_1_237' title='bbox 3137 1711 3351 1765; x_wconf 86' lang='lat' dir='ltr'><strong>etiamsi</strong></span> <span class='ocrx_word' id='word_1_238' title='bbox 3385 1712 3489 1765; x_wconf 91' lang='lat' dir='ltr'><strong>sint</strong></span> <span class='ocrx_word' id='word_1_239' title='bbox 3523 1726 3645 1781; x_wconf 85' lang='lat' dir='ltr'><strong>spe-</strong></span> 
     </span>
    </p>
   </div>
   <div class='ocr_carea' id='block_1_33' title="bbox 2064 1797 3642 1871">
    <p class='ocr_par' dir='ltr' id='par_1_33' title="bbox 2064 1797 3642 1871">
     <span class='ocr_line' id='line_1_33' title="bbox 2064 1797 3642 1871; baseline 0.004 -23"><span class='ocrx_word' id='word_1_240' title='bbox 2064 1797 2198 1854; x_wconf 74' lang='lat' dir='ltr'><strong>cies.</strong></span> <span class='ocrx_word' id='word_1_241' title='bbox 2227 1813 2330 1851; x_wconf 92' lang='lat' dir='ltr'><strong>non</strong></span> <span class='ocrx_word' id='word_1_242' title='bbox 2368 1809 2546 1851; x_wconf 85' lang='lat' dir='ltr'><strong>tamen</strong></span> <span class='ocrx_word' id='word_1_243' title='bbox 2583 1800 2716 1852; x_wconf 88' lang='lat' dir='ltr'><strong>fiunt</strong></span> <span class='ocrx_word' id='word_1_244' title='bbox 2746 1814 2809 1854; x_wconf 90' lang='lat' dir='ltr'><strong>ea</strong></span> <span class='ocrx_word' id='word_1_245' title='bbox 2842 1817 2963 1870; x_wconf 61' lang='lat' dir='ltr'><strong>qua:</strong></span> <span class='ocrx_word' id='word_1_246' title='bbox 2991 1802 3147 1866; x_wconf 84' lang='lat' dir='ltr'><strong>fiunt,</strong></span> <span class='ocrx_word' id='word_1_247' title='bbox 3182 1804 3286 1856; x_wconf 90' lang='lat' dir='ltr'><strong>nisi</strong></span> <span class='ocrx_word' id='word_1_248' title='bbox 3318 1803 3389 1856; x_wconf 93' lang='lat' dir='ltr'><strong>sit</strong></span> <span class='ocrx_word' id='word_1_249' title='bbox 3416 1803 3642 1871; x_wconf 92' lang='lat' dir='ltr'><strong>aliquid,</strong></span> 
     </span>
    </p>
   </div>
   <div class='ocr_carea' id='block_1_34' title="bbox 379 1890 2119 1975">
    <p class='ocr_par' dir='ltr' id='par_1_34' title="bbox 379 1893 2118 1975">
     <span class='ocr_line' id='line_1_34' title="bbox 379 1893 2118 1975; baseline -0.002 -31"><span class='ocrx_word' id='word_1_250' title='bbox 379 1911 460 1952; x_wconf 76' lang='grc' dir='ltr'><strong>τις</strong></span> <span class='ocrx_word' id='word_1_251' title='bbox 487 1911 499 1959; x_wconf 91' lang='grc'>;</span> <span class='ocrx_word' id='word_1_252' title='bbox 532 1896 635 1946; x_wconf 79' lang='grc' dir='ltr'><strong>οὐκ</strong></span> <span class='ocrx_word' id='word_1_253' title='bbox 659 1894 785 1958; x_wconf 81' lang='grc' dir='ltr'><strong>ᾶξ·α</strong></span> <span class='ocrx_word' id='word_1_254' title='bbox 813 1895 878 1946; x_wconf 81' lang='grc' dir='ltr'><strong>τὸ.</strong></span> <span class='ocrx_word' id='word_1_255' title='bbox 905 1894 1308 1961; x_wconf 79' lang='grc' dir='ltr'><strong>Ἀριστοτέλους</strong></span> <span class='ocrx_word' id='word_1_256' title='bbox 1341 1893 1517 1962; x_wconf 73' lang='grc' dir='ltr'><strong>βιϐλία</strong></span> <span class='ocrx_word' id='word_1_257' title='bbox 1546 1893 1813 1960; x_wconf 79' lang='grc' dir='ltr'><strong>μετιέναις</strong></span> <span class='ocrx_word' id='word_1_258' title='bbox 1847 1893 1957 1945; x_wconf 72' lang='grc' dir='ltr'><strong>Καὶ</strong></span> <span class='ocrx_word' id='word_1_259' title='bbox 1996 1920 2038 1975; x_wconf 73' lang='grc' dir='ltr'><strong>Β</strong></span> <span class='ocrx_word' id='word_1_260' title='bbox 2066 1904 2118 1957; x_wconf 76' lang='grc' dir='ltr'><strong>(ιι</strong></span> 
     </span>
    </p>
   </div>
   <div class='ocr_carea' id='block_1_35' title="bbox 1904 1890 3644 1975">
    <p class='ocr_par' dir='ltr' id='par_1_35' title="bbox 1904 1890 3644 1975">
     <span class='ocr_line' id='line_1_35' title="bbox 1904 1890 3644 1975; baseline 0.002 -31"><span class='ocrx_word' id='word_1_261' title='bbox 1904 1894 1957 1945; x_wconf 70' lang='grc' dir='ltr'><strong>αἱ</strong></span> <span class='ocrx_word' id='word_1_262' title='bbox 1996 1920 2038 1975; x_wconf 72' lang='grc' dir='ltr'><strong>Β</strong></span> <span class='ocrx_word' id='word_1_263' title='bbox 2066 1890 2209 1957; x_wconf 90' lang='lat' dir='ltr'><strong>quod</strong></span> <span class='ocrx_word' id='word_1_264' title='bbox 2242 1899 2476 1945; x_wconf 83' lang='lat' dir='ltr'><strong>meveat.</strong></span> <span class='ocrx_word' id='word_1_265' title='bbox 2505 1890 2568 1944; x_wconf 88' lang='lat' dir='ltr'><strong>Et</strong></span> <span class='ocrx_word' id='word_1_266' title='bbox 2595 1891 2762 1945; x_wconf 90' lang='lat' dir='ltr'><strong>multa</strong></span> <span class='ocrx_word' id='word_1_267' title='bbox 2796 1893 2930 1945; x_wconf 83' lang='lat' dir='ltr'><strong>fiunt</strong></span> <span class='ocrx_word' id='word_1_268' title='bbox 2983 1892 3110 1958; x_wconf 85' lang='lat' dir='ltr'><strong>alia,</strong></span> <span class='ocrx_word' id='word_1_269' title='bbox 3143 1903 3200 1946; x_wconf 93' lang='lat' dir='ltr'><strong>ut</strong></span> <span class='ocrx_word' id='word_1_270' title='bbox 3232 1894 3424 1947; x_wconf 91' lang='lat' dir='ltr'><strong>domus</strong></span> <span class='ocrx_word' id='word_1_271' title='bbox 3451 1903 3506 1948; x_wconf 91' lang='lat' dir='ltr'><strong>et</strong></span> <span class='ocrx_word' id='word_1_272' title='bbox 3544 1909 3644 1948; x_wconf 88' lang='lat' dir='ltr'><strong>an-</strong></span> 
     </span>
    </p>
   </div>
   <div class='ocr_carea' id='block_1_36' title="bbox 384 1981 1961 2052">
    <p class='ocr_par' dir='ltr' id='par_1_36' title="bbox 384 1981 1961 2052">
     <span class='ocr_line' id='line_1_36' title="bbox 384 1981 1961 2052; baseline -0.002 -18"><span class='ocrx_word' id='word_1_273' title='bbox 384 1984 546 2044; x_wconf 77' lang='grc' dir='ltr'>πὰνυ,</span> <span class='ocrx_word' id='word_1_274' title='bbox 564 1983 670 2036; x_wconf 86' lang='grc' dir='ltr'><strong>τῶν</strong></span> <span class='ocrx_word' id='word_1_275' title='bbox 683 1999 744 2050; x_wconf 78' lang='grc' dir='ltr'><strong>γε</strong></span> <span class='ocrx_word' id='word_1_276' title='bbox 765 1984 823 2035; x_wconf 70' lang='grc' dir='ltr'>ιν</span> <span class='ocrx_word' id='word_1_277' title='bbox 841 1983 1022 2044; x_wconf 79' lang='grc' dir='ltr'><strong>αὐτοῖς</strong></span> <span class='ocrx_word' id='word_1_278' title='bbox 1041 1981 1326 2052; x_wconf 77' lang='grc' dir='ltr'><strong>χρησιμων</strong></span> <span class='ocrx_word' id='word_1_279' title='bbox 1348 1982 1531 2044; x_wconf 72' lang='grc' dir='ltr'><strong>ἕνεκα,</strong></span> <span class='ocrx_word' id='word_1_280' title='bbox 1551 1981 1758 2035; x_wconf 70' lang='grc' dir='ltr'><strong>εἰδότας</strong></span> <span class='ocrx_word' id='word_1_281' title='bbox 1776 1982 1961 2048; x_wconf 64' lang='grc' dir='ltr'><strong>μέντοι</strong></span> 
     </span>
    </p>
   </div>
   <div class='ocr_carea' id='block_1_37' title="bbox 380 2072 1729 2142">
    <p class='ocr_par' dir='ltr' id='par_1_37' title="bbox 380 2072 1729 2142">
     <span class='ocr_line' id='line_1_37' title="bbox 380 2072 1729 2142; baseline -0.002 -16"><span class='ocrx_word' id='word_1_282' title='bbox 380 2077 455 2136; x_wconf 78' lang='grc' dir='ltr'><strong>ὡς</strong></span> <span class='ocrx_word' id='word_1_283' title='bbox 483 2075 650 2142; x_wconf 75' lang='grc' dir='ltr'>συχνὰ</span> <span class='ocrx_word' id='word_1_284' title='bbox 680 2075 862 2136; x_wconf 82' lang='grc' dir='ltr'><strong>αὐτοῖς</strong></span> <span class='ocrx_word' id='word_1_285' title='bbox 893 2076 985 2126; x_wconf 72' lang='grc' dir='ltr'><strong>καὶ</strong></span> <span class='ocrx_word' id='word_1_286' title='bbox 1019 2073 1199 2142; x_wconf 83' lang='grc' dir='ltr'><strong>φαῦλα</strong></span> <span class='ocrx_word' id='word_1_287' title='bbox 1229 2072 1729 2141; x_wconf 76' lang='grc' dir='ltr'><strong>ἐγκαταμέμικται.</strong></span> 
     </span>
    </p>
   </div>
   <div class='ocr_carea' id='block_1_38' title="bbox 383 2166 1956 2238">
    <p class='ocr_par' dir='ltr' id='par_1_38' title="bbox 383 2166 1956 2238">
     <span class='ocr_line' id='line_1_38' title="bbox 383 2166 1956 2238; baseline -0.004 -14"><span class='ocrx_word' id='word_1_288' title='bbox 383 2188 524 2236; x_wconf 85' lang='lat' dir='ltr'><strong>rum,</strong></span> <span class='ocrx_word' id='word_1_289' title='bbox 563 2186 683 2238; x_wconf 66' lang='lat' dir='ltr'><strong>qua:</strong></span> <span class='ocrx_word' id='word_1_290' title='bbox 721 2185 911 2225; x_wconf 87' lang='lat' dir='ltr'><strong>rursus</strong></span> <span class='ocrx_word' id='word_1_291' title='bbox 957 2170 1134 2223; x_wconf 92' lang='lat' dir='ltr'><strong>locum</strong></span> <span class='ocrx_word' id='word_1_292' title='bbox 1195 2169 1444 2224; x_wconf 87' lang='lat' dir='ltr'><strong>obtinent</strong></span> <span class='ocrx_word' id='word_1_293' title='bbox 1487 2168 1723 2236; x_wconf 80' lang='lat' dir='ltr'><strong>generis.</strong></span> <span class='ocrx_word' id='word_1_294' title='bbox 1757 2166 1831 2220; x_wconf 91' lang='lat' dir='ltr'><strong>Ita</strong></span> <span class='ocrx_word' id='word_1_295' title='bbox 1892 2179 1956 2219; x_wconf 88' lang='lat' dir='ltr'><strong>ea</strong></span> 
     </span>
    </p>
   </div>
   <div class='ocr_carea' id='block_1_39' title="bbox 381 2261 1962 2331">
    <p class='ocr_par' dir='ltr' id='par_1_39' title="bbox 381 2261 1962 2331">
     <span class='ocr_line' id='line_1_39' title="bbox 381 2261 1962 2331; baseline -0.003 -17"><span class='ocrx_word' id='word_1_296' title='bbox 381 2279 502 2331; x_wconf 68' lang='lat' dir='ltr'><strong>quae</strong></span> <span class='ocrx_word' id='word_1_297' title='bbox 539 2277 680 2315; x_wconf 90' lang='lat' dir='ltr'><strong>mmc</strong></span> <span class='ocrx_word' id='word_1_298' title='bbox 704 2263 848 2316; x_wconf 88' lang='lat' dir='ltr'><strong>dicta</strong></span> <span class='ocrx_word' id='word_1_299' title='bbox 883 2271 1031 2326; x_wconf 91' lang='lat' dir='ltr'><strong>sunt,</strong></span> <span class='ocrx_word' id='word_1_300' title='bbox 1065 2277 1172 2315; x_wconf 94' lang='lat' dir='ltr'><strong>non</strong></span> <span class='ocrx_word' id='word_1_301' title='bbox 1208 2269 1388 2314; x_wconf 91' lang='lat' dir='ltr'><strong>autem</strong></span> <span class='ocrx_word' id='word_1_302' title='bbox 1415 2269 1633 2329; x_wconf 85' lang='lat' dir='ltr'><strong>propter</strong></span> <span class='ocrx_word' id='word_1_303' title='bbox 1665 2261 1809 2327; x_wconf 68' lang='lat' dir='ltr'><strong>ipsas</strong></span> <span class='ocrx_word' id='word_1_304' title='bbox 1835 2271 1962 2325; x_wconf 84' lang='lat' dir='ltr'><strong>spe-</strong></span> 
     </span>
    </p>
   </div>
   <div class='ocr_carea' id='block_1_40' title="bbox 382 2339 1960 2422">
    <p class='ocr_par' dir='ltr' id='par_1_40' title="bbox 382 2339 1960 2422">
     <span class='ocr_line' id='line_1_40' title="bbox 382 2339 1960 2422; baseline -0.005 -14"><span class='ocrx_word' id='word_1_305' title='bbox 382 2339 514 2409; x_wconf 51' lang='lat' dir='ltr'><strong>cies:</strong></span> <span class='ocrx_word' id='word_1_306' title='bbox 543 2355 647 2408; x_wconf 85' lang='lat' dir='ltr'><strong>Sed</strong></span> <span class='ocrx_word' id='word_1_307' title='bbox 687 2370 752 2407; x_wconf 90' lang='lat' dir='ltr'><strong>ne</strong></span> <span class='ocrx_word' id='word_1_308' title='bbox 780 2355 880 2408; x_wconf 92' lang='lat' dir='ltr'><strong>ista</strong></span> <span class='ocrx_word' id='word_1_309' title='bbox 903 2354 1118 2422; x_wconf 85' lang='lat' dir='ltr'><strong>quidem</strong></span> <span class='ocrx_word' id='word_1_310' title='bbox 1157 2351 1194 2406; x_wconf 92' lang='lat' dir='ltr'><strong>ii</strong></span> <span class='ocrx_word' id='word_1_311' title='bbox 1225 2353 1316 2421; x_wconf 93' lang='lat' dir='ltr'><strong>qui</strong></span> <span class='ocrx_word' id='word_1_312' title='bbox 1346 2351 1557 2419; x_wconf 87' lang='lat' dir='ltr'><strong>species</strong></span> <span class='ocrx_word' id='word_1_313' title='bbox 1587 2351 1960 2412; x_wconf 87' lang='lat' dir='ltr'><strong>constituunt,</strong></span> 
     </span>
    </p>
   </div>
   <div class='ocr_carea' id='block_1_41' title="bbox 384 2442 1963 2514">
    <p class='ocr_par' dir='ltr' id='par_1_41' title="bbox 384 2442 1963 2514">
     <span class='ocr_line' id='line_1_41' title="bbox 384 2442 1963 2514; baseline -0.003 -14"><span class='ocrx_word' id='word_1_314' title='bbox 384 2448 684 2501; x_wconf 87' lang='lat' dir='ltr'><strong>concedent</strong></span> <span class='ocrx_word' id='word_1_315' title='bbox 701 2447 819 2500; x_wconf 86' lang='lat' dir='ltr'><strong>sine</strong></span> <span class='ocrx_word' id='word_1_316' title='bbox 842 2447 957 2500; x_wconf 88' lang='lat' dir='ltr'><strong>suis</strong></span> <span class='ocrx_word' id='word_1_317' title='bbox 977 2445 1378 2514; x_wconf 82' lang='lat' dir='ltr'><strong>exemplaribus</strong></span> <span class='ocrx_word' id='word_1_318' title='bbox 1403 2444 1513 2496; x_wconf 86' lang='lat' dir='ltr'><strong>fieri</strong></span> <span class='ocrx_word' id='word_1_319' title='bbox 1547 2442 1762 2496; x_wconf 85' lang='lat' dir='ltr'><strong>etiamsi</strong></span> <span class='ocrx_word' id='word_1_320' title='bbox 1787 2458 1879 2510; x_wconf 92' lang='lat' dir='ltr'><strong>per</strong></span> <span class='ocrx_word' id='word_1_321' title='bbox 1905 2456 1963 2495; x_wconf 93' lang='lat' dir='ltr'><strong>se</strong></span> 
     </span>
    </p>
   </div>
   <div class='ocr_carea' id='block_1_42' title="bbox 385 2535 1963 2606">
    <p class='ocr_par' dir='ltr' id='par_1_42' title="bbox 385 2535 1963 2606">
     <span class='ocr_line' id='line_1_42' title="bbox 385 2535 1963 2606; baseline -0.001 -14"><span class='ocrx_word' id='word_1_322' title='bbox 385 2552 493 2592; x_wconf 87' lang='lat' dir='ltr'><strong>non</strong></span> <span class='ocrx_word' id='word_1_323' title='bbox 533 2537 853 2591; x_wconf 80' lang='lat' dir='ltr'><strong>consistant.</strong></span> <span class='ocrx_word' id='word_1_324' title='bbox 887 2537 1048 2590; x_wconf 87' lang='lat' dir='ltr'><strong>Fiunt</strong></span> <span class='ocrx_word' id='word_1_325' title='bbox 1077 2538 1218 2590; x_wconf 86' lang='lat' dir='ltr'><strong>enim</strong></span> <span class='ocrx_word' id='word_1_326' title='bbox 1259 2551 1352 2606; x_wconf 83' lang='lat' dir='ltr'><strong>per</strong></span> <span class='ocrx_word' id='word_1_327' title='bbox 1385 2535 1495 2593; x_wconf 85' lang='lat' dir='ltr'><strong>illa.</strong></span> <span class='ocrx_word' id='word_1_328' title='bbox 1526 2550 1648 2603; x_wconf 67' lang='lat' dir='ltr'><strong>quae</strong></span> <span class='ocrx_word' id='word_1_329' title='bbox 1678 2535 1732 2588; x_wconf 92' lang='lat' dir='ltr'><strong>in</strong></span> <span class='ocrx_word' id='word_1_330' title='bbox 1764 2536 1963 2590; x_wconf 90' lang='lat' dir='ltr'><strong>animis</strong></span> 
     </span>
    </p>
   </div>
   <div class='ocr_carea' id='block_1_43' title="bbox 385 2625 1970 2699">
    <p class='ocr_par' dir='ltr' id='par_1_43' title="bbox 385 2625 1970 2699">
     <span class='ocr_line' id='line_1_43' title="bbox 385 2625 1970 2699; baseline -0.003 -17"><span class='ocrx_word' id='word_1_331' title='bbox 385 2629 721 2699; x_wconf 86' lang='lat' dir='ltr'><strong>singulorum</strong></span> <span class='ocrx_word' id='word_1_332' title='bbox 752 2629 1006 2697; x_wconf 88' lang='lat' dir='ltr'><strong>opilicmn</strong></span> <span class='ocrx_word' id='word_1_333' title='bbox 1039 2638 1197 2682; x_wconf 87' lang='lat' dir='ltr'><strong>antea</strong></span> <span class='ocrx_word' id='word_1_334' title='bbox 1224 2639 1351 2682; x_wconf 92' lang='lat' dir='ltr'><strong>sunt</strong></span> <span class='ocrx_word' id='word_1_335' title='bbox 1379 2634 1665 2696; x_wconf 89' lang='lat' dir='ltr'><strong>concepta,</strong></span> <span class='ocrx_word' id='word_1_336' title='bbox 1692 2625 1970 2694; x_wconf 66' lang='lat' dir='ltr'><strong>exempla:</strong></span> 
     </span>
    </p>
   </div>
   <div class='ocr_carea' id='block_1_44' title="bbox 389 2718 1965 2790">
    <p class='ocr_par' dir='ltr' id='par_1_44' title="bbox 389 2718 1965 2790">
     <span class='ocr_line' id='line_1_44' title="bbox 389 2718 1965 2790; baseline -0.001 -18"><span class='ocrx_word' id='word_1_337' title='bbox 389 2721 488 2774; x_wconf 79' lang='lat' dir='ltr'><strong>ria.</strong></span> <span class='ocrx_word' id='word_1_338' title='bbox 525 2719 644 2790; x_wconf 71' lang='lat' dir='ltr'><strong>(Cr.</strong></span> <span class='ocrx_word' id='word_1_339' title='bbox 673 2720 770 2773; x_wconf 85' lang='lat' dir='ltr'><strong>col.</strong></span> <span class='ocrx_word' id='word_1_340' title='bbox 799 2719 904 2773; x_wconf 68' lang='lat'><strong>925</strong></span> <span class='ocrx_word' id='word_1_341' title='bbox 927 2719 990 2788; x_wconf 87' lang='lat' dir='ltr'><strong>C)</strong></span> <span class='ocrx_word' id='word_1_342' title='bbox 1017 2719 1240 2788; x_wconf 88' lang='lat' dir='ltr'><strong>Oportet</strong></span> <span class='ocrx_word' id='word_1_343' title='bbox 1263 2728 1466 2783; x_wconf 84' lang='lat' dir='ltr'><strong>autem,</strong></span> <span class='ocrx_word' id='word_1_344' title='bbox 1496 2718 1698 2779; x_wconf 76' lang='lat' dir='ltr'><strong>dicent,</strong></span> <span class='ocrx_word' id='word_1_345' title='bbox 1719 2719 1881 2771; x_wconf 90' lang='lat' dir='ltr'><strong>etiam</strong></span> <span class='ocrx_word' id='word_1_346' title='bbox 1902 2733 1965 2770; x_wconf 87' lang='lat' dir='ltr'><strong>ea</strong></span> 
     </span>
    </p>
   </div>
   <div class='ocr_carea' id='block_1_45' title="bbox 386 2811 1962 2882">
    <p class='ocr_par' dir='ltr' id='par_1_45' title="bbox 386 2811 1962 2882">
     <span class='ocr_line' id='line_1_45' title="bbox 386 2811 1962 2882; baseline -0.002 -19"><span class='ocrx_word' id='word_1_347' title='bbox 386 2827 508 2882; x_wconf 73' lang='lat' dir='ltr'><strong>qua:</strong></span> <span class='ocrx_word' id='word_1_348' title='bbox 535 2821 726 2865; x_wconf 84' lang='lat' dir='ltr'><strong>natura</strong></span> <span class='ocrx_word' id='word_1_349' title='bbox 750 2811 880 2865; x_wconf 86' lang='lat' dir='ltr'><strong>fiunt</strong></span> <span class='ocrx_word' id='word_1_350' title='bbox 909 2825 1012 2864; x_wconf 91' lang='lat' dir='ltr'><strong>n0n</strong></span> <span class='ocrx_word' id='word_1_351' title='bbox 1037 2811 1211 2865; x_wconf 87' lang='lat' dir='ltr'><strong>solum</strong></span> <span class='ocrx_word' id='word_1_352' title='bbox 1232 2826 1337 2864; x_wconf 91' lang='lat' dir='ltr'><strong>non</strong></span> <span class='ocrx_word' id='word_1_353' title='bbox 1361 2811 1647 2865; x_wconf 85' lang='lat' dir='ltr'><strong>deterioris</strong></span> <span class='ocrx_word' id='word_1_354' title='bbox 1670 2823 1845 2864; x_wconf 75' lang='lat' dir='ltr'><strong>causa:</strong></span> <span class='ocrx_word' id='word_1_355' title='bbox 1865 2824 1962 2863; x_wconf 90' lang='lat' dir='ltr'><strong>usu</strong></span> 
     </span>
    </p>
   </div>
   <div class='ocr_carea' id='block_1_46' title="bbox 388 2900 1965 2972">
    <p class='ocr_par' dir='ltr' id='par_1_46' title="bbox 388 2900 1965 2972">
     <span class='ocr_line' id='line_1_46' title="bbox 388 2900 1965 2972; baseline -0.001 -16"><span class='ocrx_word' id='word_1_356' title='bbox 388 2904 818 2972; x_wconf 83' lang='lat' dir='ltr'><strong>ministerioque,</strong></span> <span class='ocrx_word' id='word_1_357' title='bbox 849 2918 1010 2972; x_wconf 86' lang='lat' dir='ltr'><strong>quam</strong></span> <span class='ocrx_word' id='word_1_358' title='bbox 1046 2902 1341 2956; x_wconf 75' lang='lat' dir='ltr'><strong>artiﬁciosa</strong></span> <span class='ocrx_word' id='word_1_359' title='bbox 1373 2902 1563 2956; x_wconf 69' lang='lat' dir='ltr'><strong>isthwc</strong></span> <span class='ocrx_word' id='word_1_360' title='bbox 1600 2900 1740 2964; x_wconf 87' lang='lat' dir='ltr'><strong>fieri,</strong></span> <span class='ocrx_word' id='word_1_361' title='bbox 1776 2906 1870 2954; x_wconf 88' lang='lat' dir='ltr'><strong>sed</strong></span> <span class='ocrx_word' id='word_1_362' title='bbox 1899 2915 1965 2954; x_wconf 88' lang='lat' dir='ltr'><strong>ne</strong></span> 
     </span>
    </p>
   </div>
   <div class='ocr_carea' id='block_1_47' title="bbox 385 2995 1965 3067">
    <p class='ocr_par' dir='ltr' id='par_1_47' title="bbox 385 2995 1965 3067">
     <span class='ocr_line' id='line_1_47' title="bbox 385 2995 1965 3067; baseline -0.002 -17"><span class='ocrx_word' id='word_1_363' title='bbox 385 2997 612 3065; x_wconf 70' lang='lat' dir='ltr'><strong>aequalis</strong></span> <span class='ocrx_word' id='word_1_364' title='bbox 639 2995 887 3067; x_wconf 86' lang='lat' dir='ltr'><strong>quidem,</strong></span> <span class='ocrx_word' id='word_1_365' title='bbox 926 2995 1036 3049; x_wconf 89' lang='lat' dir='ltr'><strong>imo</strong></span> <span class='ocrx_word' id='word_1_366' title='bbox 1067 2997 1269 3065; x_wconf 89' lang='lat' dir='ltr'><strong>potius,</strong></span> <span class='ocrx_word' id='word_1_367' title='bbox 1299 3011 1422 3064; x_wconf 72' lang='lat' dir='ltr'><strong>qua:</strong></span> <span class='ocrx_word' id='word_1_368' title='bbox 1471 3004 1599 3050; x_wconf 91' lang='lat' dir='ltr'><strong>sunt</strong></span> <span class='ocrx_word' id='word_1_369' title='bbox 1631 2995 1965 3063; x_wconf 69' lang='lat' dir='ltr'><strong>prmslantis-</strong></span> 
     </span>
    </p>
   </div>
   <div class='ocr_carea' id='block_1_48' title="bbox 386 3089 1966 3145">
    <p class='ocr_par' dir='ltr' id='par_1_48' title="bbox 386 3089 1966 3145">
     <span class='ocr_line' id='line_1_48' title="bbox 386 3089 1966 3145; baseline -0.001 -3"><span class='ocrx_word' id='word_1_370' title='bbox 386 3091 540 3144; x_wconf 80' lang='lat' dir='ltr'><strong>sione</strong></span> <span class='ocrx_word' id='word_1_371' title='bbox 583 3091 828 3144; x_wconf 90' lang='lat' dir='ltr'><strong>melioris</strong></span> <span class='ocrx_word' id='word_1_372' title='bbox 872 3089 1035 3144; x_wconf 89' lang='lat' dir='ltr'><strong>etiam</strong></span> <span class='ocrx_word' id='word_1_373' title='bbox 1073 3105 1253 3143; x_wconf 67' lang='lat' dir='ltr'><strong>causa:</strong></span> <span class='ocrx_word' id='word_1_374' title='bbox 1293 3105 1391 3143; x_wconf 90' lang='lat' dir='ltr'><strong>usu</strong></span> <span class='ocrx_word' id='word_1_375' title='bbox 1439 3089 1634 3145; x_wconf 83' lang='lat' dir='ltr'><strong>conﬁci</strong></span> <span class='ocrx_word' id='word_1_376' title='bbox 1667 3097 1966 3143; x_wconf 89' lang='lat' dir='ltr'><strong>consenta-</strong></span> 
     </span>
    </p>
   </div>
   <div class='ocr_carea' id='block_1_49' title="bbox 387 3182 1968 3250">
    <p class='ocr_par' dir='ltr' id='par_1_49' title="bbox 387 3182 1968 3250">
     <span class='ocr_line' id='line_1_49' title="bbox 387 3182 1968 3250; baseline -0.001 -14"><span class='ocrx_word' id='word_1_377' title='bbox 387 3198 572 3236; x_wconf 85' lang='lat' dir='ltr'><strong>neum.</strong></span> <span class='ocrx_word' id='word_1_378' title='bbox 631 3183 758 3250; x_wconf 89' lang='lat' dir='ltr'><strong>Sed,</strong></span> <span class='ocrx_word' id='word_1_379' title='bbox 795 3182 938 3237; x_wconf 86' lang='lat' dir='ltr'><strong>dicet</strong></span> <span class='ocrx_word' id='word_1_380' title='bbox 1000 3182 1231 3238; x_wconf 79' lang='lat' dir='ltr'><strong>forsitan</strong></span> <span class='ocrx_word' id='word_1_381' title='bbox 1286 3182 1629 3245; x_wconf 82' lang='lat' dir='ltr'><strong>Aristotcles,</strong></span> <span class='ocrx_word' id='word_1_382' title='bbox 1672 3183 1726 3234; x_wconf 90' lang='lat' dir='ltr'><strong>in</strong></span> <span class='ocrx_word' id='word_1_383' title='bbox 1789 3189 1968 3235; x_wconf 82' lang='lat' dir='ltr'><strong>mente</strong></span> 
     </span>
    </p>
   </div>
   <div class='ocr_carea' id='block_1_50' title="bbox 2067 1980 3640 2053">
    <p class='ocr_par' dir='ltr' id='par_1_50' title="bbox 2067 1980 3640 2053">
     <span class='ocr_line' id='line_1_50' title="bbox 2067 1980 3640 2053; baseline 0.003 -21"><span class='ocrx_word' id='word_1_384' title='bbox 2067 1980 2248 2043; x_wconf 86' lang='lat' dir='ltr'><strong>nulus,</strong></span> <span class='ocrx_word' id='word_1_385' title='bbox 2292 1995 2526 2048; x_wconf 91' lang='lat' dir='ltr'><strong>quorum</strong></span> <span class='ocrx_word' id='word_1_386' title='bbox 2556 1997 2676 2036; x_wconf 87' lang='lat' dir='ltr'><strong>esse</strong></span> <span class='ocrx_word' id='word_1_387' title='bbox 2706 1983 2919 2050; x_wconf 89' lang='lat' dir='ltr'><strong>species</strong></span> <span class='ocrx_word' id='word_1_388' title='bbox 2953 1995 3173 2053; x_wconf 84' lang='lat' dir='ltr'><strong>negant,</strong></span> <span class='ocrx_word' id='word_1_389' title='bbox 3211 1994 3268 2038; x_wconf 90' lang='lat' dir='ltr'><strong>ut</strong></span> <span class='ocrx_word' id='word_1_390' title='bbox 3308 1986 3380 2038; x_wconf 93' lang='lat' dir='ltr'><strong>ita</strong></span> <span class='ocrx_word' id='word_1_391' title='bbox 3422 1986 3489 2039; x_wconf 93' lang='lat' dir='ltr'><strong>sit</strong></span> <span class='ocrx_word' id='word_1_392' title='bbox 3522 2001 3640 2053; x_wconf 90' lang='lat' dir='ltr'><strong>per-</strong></span> 
     </span>
    </p>
   </div>
   <div class='ocr_carea' id='block_1_51' title="bbox 2061 2072 3643 2144">
    <p class='ocr_par' dir='ltr' id='par_1_51' title="bbox 2061 2072 3643 2144">
     <span class='ocr_line' id='line_1_51' title="bbox 2061 2072 3643 2144; baseline 0.004 -20"><span class='ocrx_word' id='word_1_393' title='bbox 2061 2073 2334 2138; x_wconf 84' lang='lat' dir='ltr'><strong>spicuum,</strong></span> <span class='ocrx_word' id='word_1_394' title='bbox 2404 2072 2569 2128; x_wconf 88' lang='lat' dir='ltr'><strong>licere</strong></span> <span class='ocrx_word' id='word_1_395' title='bbox 2619 2073 2783 2127; x_wconf 86' lang='lat' dir='ltr'><strong>etiam</strong></span> <span class='ocrx_word' id='word_1_396' title='bbox 2839 2074 2928 2127; x_wconf 92' lang='lat' dir='ltr'><strong>illa</strong></span> <span class='ocrx_word' id='word_1_397' title='bbox 2979 2090 3213 2144; x_wconf 82' lang='lat' dir='ltr'><strong>quorum</strong></span> <span class='ocrx_word' id='word_1_398' title='bbox 3275 2091 3397 2131; x_wconf 89' lang='lat' dir='ltr'><strong>esse</strong></span> <span class='ocrx_word' id='word_1_399' title='bbox 3454 2079 3643 2131; x_wconf 85' lang='lat' dir='ltr'><strong>dicunt</strong></span> 
     </span>
    </p>
   </div>
   <div class='ocr_carea' id='block_1_52' title="bbox 2066 2168 3645 2241">
    <p class='ocr_par' dir='ltr' id='par_1_52' title="bbox 2066 2168 3645 2241">
     <span class='ocr_line' id='line_1_52' title="bbox 2066 2168 3645 2241; baseline 0.002 -21"><span class='ocrx_word' id='word_1_400' title='bbox 2066 2168 2214 2220; x_wconf 82' lang='lat' dir='ltr'><strong>ideas</strong></span> <span class='ocrx_word' id='word_1_401' title='bbox 2245 2177 2299 2222; x_wconf 91' lang='lat' dir='ltr'><strong>et</strong></span> <span class='ocrx_word' id='word_1_402' title='bbox 2329 2183 2450 2224; x_wconf 90' lang='lat' dir='ltr'><strong>esse</strong></span> <span class='ocrx_word' id='word_1_403' title='bbox 2481 2177 2535 2223; x_wconf 90' lang='lat' dir='ltr'><strong>et</strong></span> <span class='ocrx_word' id='word_1_404' title='bbox 2565 2168 2678 2223; x_wconf 88' lang='lat' dir='ltr'><strong>fieri</strong></span> <span class='ocrx_word' id='word_1_405' title='bbox 2707 2171 2908 2226; x_wconf 89' lang='lat' dir='ltr'><strong>talilms</strong></span> <span class='ocrx_word' id='word_1_406' title='bbox 2942 2171 3009 2225; x_wconf 91' lang='lat' dir='ltr'><strong>de</strong></span> <span class='ocrx_word' id='word_1_407' title='bbox 3042 2173 3245 2236; x_wconf 90' lang='lat' dir='ltr'><strong>causis,</strong></span> <span class='ocrx_word' id='word_1_408' title='bbox 3294 2172 3360 2226; x_wconf 91' lang='lat' dir='ltr'><strong>de</strong></span> <span class='ocrx_word' id='word_1_409' title='bbox 3391 2173 3645 2241; x_wconf 80' lang='lat' dir='ltr'><strong>qualibus</strong></span> 
     </span>
    </p>
   </div>
   <div class='ocr_carea' id='block_1_53' title="bbox 2066 2262 3648 2331">
    <p class='ocr_par' dir='ltr' id='par_1_53' title="bbox 2066 2262 3648 2331">
     <span class='ocr_line' id='line_1_53' title="bbox 2066 2262 3648 2331; baseline 0.004 -20"><span class='ocrx_word' id='word_1_410' title='bbox 2066 2262 2388 2315; x_wconf 81' lang='lat' dir='ltr'><strong>naturaliter</strong></span> <span class='ocrx_word' id='word_1_411' title='bbox 2455 2262 2592 2315; x_wconf 89' lang='lat' dir='ltr'><strong>liunt</strong></span> <span class='ocrx_word' id='word_1_412' title='bbox 2646 2272 2810 2328; x_wconf 73' lang='lat' dir='ltr'><strong>atque</strong></span> <span class='ocrx_word' id='word_1_413' title='bbox 2845 2279 2874 2317; x_wconf 88' lang='lat' dir='ltr'><strong>a</strong></span> <span class='ocrx_word' id='word_1_414' title='bbox 2903 2264 3017 2317; x_wconf 90' lang='lat' dir='ltr'><strong>sole</strong></span> <span class='ocrx_word' id='word_1_415' title='bbox 3067 2263 3285 2331; x_wconf 83' lang='lat' dir='ltr'><strong>penitus</strong></span> <span class='ocrx_word' id='word_1_416' title='bbox 3318 2279 3427 2317; x_wconf 92' lang='lat' dir='ltr'><strong>non</strong></span> <span class='ocrx_word' id='word_1_417' title='bbox 3467 2265 3648 2318; x_wconf 89' lang='lat' dir='ltr'><strong>absol-</strong></span> 
     </span>
    </p>
   </div>
   <div class='ocr_carea' id='block_1_54' title="bbox 2063 2354 3640 2424">
    <p class='ocr_par' dir='ltr' id='par_1_54' title="bbox 2063 2354 3640 2424">
     <span class='ocr_line' id='line_1_54' title="bbox 2063 2354 3640 2424; baseline 0.003 -19"><span class='ocrx_word' id='word_1_418' title='bbox 2063 2361 2287 2416; x_wconf 82' lang='lat' dir='ltr'><strong>vuntur,</strong></span> <span class='ocrx_word' id='word_1_419' title='bbox 2317 2369 2384 2407; x_wconf 89' lang='lat' dir='ltr'><strong>ne</strong></span> <span class='ocrx_word' id='word_1_420' title='bbox 2411 2368 2440 2407; x_wconf 93' lang='lat' dir='ltr'><strong>a</strong></span> <span class='ocrx_word' id='word_1_421' title='bbox 2472 2354 2667 2423; x_wconf 86' lang='lat' dir='ltr'><strong>seipsis</strong></span> <span class='ocrx_word' id='word_1_422' title='bbox 2715 2357 2935 2424; x_wconf 84' lang='lat' dir='ltr'><strong>quidem</strong></span> <span class='ocrx_word' id='word_1_423' title='bbox 2976 2356 3356 2424; x_wconf 89' lang='lat' dir='ltr'><strong>perficiuntur.</strong></span> <span class='ocrx_word' id='word_1_424' title='bbox 3429 2356 3640 2410; x_wconf 86' lang='lat' dir='ltr'><strong>Nullam</strong></span> 
     </span>
    </p>
   </div>
   <div class='ocr_carea' id='block_1_55' title="bbox 2066 2445 3646 2518">
    <p class='ocr_par' dir='ltr' id='par_1_55' title="bbox 2066 2445 3646 2518">
     <span class='ocr_line' id='line_1_55' title="bbox 2066 2445 3646 2518; baseline 0.003 -22"><span class='ocrx_word' id='word_1_425' title='bbox 2066 2445 2210 2497; x_wconf 85' lang='lat' dir='ltr'><strong>enim</strong></span> <span class='ocrx_word' id='word_1_426' title='bbox 2251 2446 2552 2514; x_wconf 90' lang='lat' dir='ltr'><strong>potentiam</strong></span> <span class='ocrx_word' id='word_1_427' title='bbox 2580 2449 2632 2501; x_wconf 93' lang='lat' dir='ltr'><strong>in</strong></span> <span class='ocrx_word' id='word_1_428' title='bbox 2671 2456 2852 2518; x_wconf 72' lang='lat' dir='ltr'><strong>actum</strong></span> <span class='ocrx_word' id='word_1_429' title='bbox 2899 2451 3192 2517; x_wconf 85' lang='lat' dir='ltr'><strong>procedere</strong></span> <span class='ocrx_word' id='word_1_430' title='bbox 3224 2449 3326 2503; x_wconf 87' lang='lat' dir='ltr'><strong>nisi</strong></span> <span class='ocrx_word' id='word_1_431' title='bbox 3369 2450 3437 2502; x_wconf 86' lang='lat' dir='ltr'><strong>ab</strong></span> <span class='ocrx_word' id='word_1_432' title='bbox 3473 2451 3646 2504; x_wconf 89' lang='lat' dir='ltr'><strong>altero</strong></span> 
     </span>
    </p>
   </div>
   <div class='ocr_carea' id='block_1_56' title="bbox 2067 2537 3645 2610">
    <p class='ocr_par' dir='ltr' id='par_1_56' title="bbox 2067 2537 3645 2610">
     <span class='ocr_line' id='line_1_56' title="bbox 2067 2537 3645 2610; baseline 0.006 -22"><span class='ocrx_word' id='word_1_433' title='bbox 2067 2537 2321 2605; x_wconf 89' lang='lat' dir='ltr'><strong>quopiam</strong></span> <span class='ocrx_word' id='word_1_434' title='bbox 2351 2548 2473 2592; x_wconf 91' lang='lat' dir='ltr'><strong>actu</strong></span> <span class='ocrx_word' id='word_1_435' title='bbox 2504 2538 2806 2608; x_wconf 83' lang='lat' dir='ltr'><strong>viquadam</strong></span> <span class='ocrx_word' id='word_1_436' title='bbox 2846 2541 3215 2609; x_wconf 83' lang='lat' dir='ltr'><strong>protrndatnr,</strong></span> <span class='ocrx_word' id='word_1_437' title='bbox 3247 2558 3312 2596; x_wconf 91' lang='lat' dir='ltr'><strong>ne</strong></span> <span class='ocrx_word' id='word_1_438' title='bbox 3334 2557 3421 2610; x_wconf 75' lang='lat' dir='ltr'><strong>jue</strong></span> <span class='ocrx_word' id='word_1_439' title='bbox 3456 2558 3645 2598; x_wconf 89' lang='lat' dir='ltr'><strong>rursus</strong></span> 
     </span>
    </p>
   </div>
   <div class='ocr_carea' id='block_1_57' title="bbox 2068 2629 3645 2702">
    <p class='ocr_par' dir='ltr' id='par_1_57' title="bbox 2068 2629 3645 2702">
     <span class='ocr_line' id='line_1_57' title="bbox 2068 2629 3645 2702; baseline 0.003 -20"><span class='ocrx_word' id='word_1_440' title='bbox 2068 2629 2119 2682; x_wconf 87' lang='lat' dir='ltr'><strong>id</strong></span> <span class='ocrx_word' id='word_1_441' title='bbox 2148 2629 2290 2698; x_wconf 90' lang='lat' dir='ltr'><strong>quod</strong></span> <span class='ocrx_word' id='word_1_442' title='bbox 2323 2631 2437 2683; x_wconf 89' lang='lat' dir='ltr'><strong>sola</strong></span> <span class='ocrx_word' id='word_1_443' title='bbox 2478 2629 2528 2684; x_wconf 87' lang='lat' dir='ltr'><strong>vi</strong></span> <span class='ocrx_word' id='word_1_444' title='bbox 2567 2630 2767 2685; x_wconf 90' lang='lat' dir='ltr'><strong>latente</strong></span> <span class='ocrx_word' id='word_1_445' title='bbox 2791 2633 2904 2687; x_wconf 91' lang='lat' dir='ltr'><strong>sive</strong></span> <span class='ocrx_word' id='word_1_446' title='bbox 2935 2633 3172 2702; x_wconf 87' lang='lat' dir='ltr'><strong>potentia</strong></span> <span class='ocrx_word' id='word_1_447' title='bbox 3203 2635 3512 2688; x_wconf 91' lang='lat' dir='ltr'><strong>absolutum</strong></span> <span class='ocrx_word' id='word_1_448' title='bbox 3541 2648 3645 2696; x_wconf 87' lang='lat' dir='ltr'><strong>est.</strong></span> 
     </span>
    </p>
   </div>
   <div class='ocr_carea' id='block_1_58' title="bbox 2069 2717 3643 2790">
    <p class='ocr_par' dir='ltr' id='par_1_58' title="bbox 2069 2717 3643 2790">
     <span class='ocr_line' id='line_1_58' title="bbox 2069 2717 3643 2790; baseline 0.005 -19"><span class='ocrx_word' id='word_1_449' title='bbox 2069 2717 2122 2771; x_wconf 92' lang='lat' dir='ltr'><strong>id</strong></span> <span class='ocrx_word' id='word_1_450' title='bbox 2153 2720 2315 2773; x_wconf 89' lang='lat' dir='ltr'><strong>etiam</strong></span> <span class='ocrx_word' id='word_1_451' title='bbox 2351 2722 2528 2790; x_wconf 90' lang='lat' dir='ltr'><strong>reipsa</strong></span> <span class='ocrx_word' id='word_1_452' title='bbox 2558 2722 2868 2776; x_wconf 88' lang='lat' dir='ltr'><strong>absolutum</strong></span> <span class='ocrx_word' id='word_1_453' title='bbox 2907 2728 3156 2785; x_wconf 79' lang='lat' dir='ltr'><strong>evadere.</strong></span> <span class='ocrx_word' id='word_1_454' title='bbox 3195 2725 3300 2778; x_wconf 91' lang='lat' dir='ltr'><strong>nisi</strong></span> <span class='ocrx_word' id='word_1_455' title='bbox 3335 2727 3402 2779; x_wconf 90' lang='lat' dir='ltr'><strong>ab</strong></span> <span class='ocrx_word' id='word_1_456' title='bbox 3467 2728 3643 2780; x_wconf 87' lang='lat' dir='ltr'><strong>altero</strong></span> 
     </span>
    </p>
   </div>
   <div class='ocr_carea' id='block_1_59' title="bbox 2071 2812 3644 2886">
    <p class='ocr_par' dir='ltr' id='par_1_59' title="bbox 2071 2812 3644 2886">
     <span class='ocr_line' id='line_1_59' title="bbox 2071 2812 3644 2886; baseline 0.006 -23"><span class='ocrx_word' id='word_1_457' title='bbox 2071 2812 2347 2879; x_wconf 90' lang='lat' dir='ltr'><strong>quopiam,</strong></span> <span class='ocrx_word' id='word_1_458' title='bbox 2385 2816 2532 2882; x_wconf 91' lang='lat' dir='ltr'><strong>quod</strong></span> <span class='ocrx_word' id='word_1_459' title='bbox 2580 2816 2651 2869; x_wconf 85' lang='lat' dir='ltr'><strong>sit</strong></span> <span class='ocrx_word' id='word_1_460' title='bbox 2680 2816 2857 2884; x_wconf 84' lang='lat' dir='ltr'><strong>reipsa</strong></span> <span class='ocrx_word' id='word_1_461' title='bbox 2887 2815 3200 2884; x_wconf 69' lang='lat' dir='ltr'><strong>perfectius,</strong></span> <span class='ocrx_word' id='word_1_462' title='bbox 3237 2829 3644 2886; x_wconf 79' lang='lat' dir='ltr'><strong>promoveatur.</strong></span> 
     </span>
    </p>
   </div>
   <div class='ocr_carea' id='block_1_60' title="bbox 2073 2900 3648 2980">
    <p class='ocr_par' dir='ltr' id='par_1_60' title="bbox 2073 2900 3648 2980">
     <span class='ocr_line' id='line_1_60' title="bbox 2073 2900 3648 2980; baseline 0.008 -26"><span class='ocrx_word' id='word_1_463' title='bbox 2073 2900 2167 2956; x_wconf 91' lang='lat' dir='ltr'><strong>llis</strong></span> <span class='ocrx_word' id='word_1_464' title='bbox 2192 2902 2259 2957; x_wconf 90' lang='lat' dir='ltr'><strong>de</strong></span> <span class='ocrx_word' id='word_1_465' title='bbox 2282 2905 2463 2960; x_wconf 90' lang='lat' dir='ltr'><strong>causis</strong></span> <span class='ocrx_word' id='word_1_466' title='bbox 2492 2922 2612 2974; x_wconf 91' lang='lat' dir='ltr'><strong>nos,</strong></span> <span class='ocrx_word' id='word_1_467' title='bbox 2644 2907 2758 2975; x_wconf 84' lang='lat' dir='ltr'><strong>(Cr.</strong></span> <span class='ocrx_word' id='word_1_468' title='bbox 2792 2909 2894 2962; x_wconf 85' lang='lat' dir='ltr'><strong>cal.</strong></span> <span class='ocrx_word' id='word_1_469' title='bbox 2925 2908 3029 2963; x_wconf 73' lang='lat'><strong>928</strong></span> <span class='ocrx_word' id='word_1_470' title='bbox 3065 2909 3128 2976; x_wconf 86' lang='grc' dir='ltr'><strong>Α)</strong></span> <span class='ocrx_word' id='word_1_471' title='bbox 3163 2909 3434 2980; x_wconf 90' lang='lat' dir='ltr'><strong>inquicnt,</strong></span> <span class='ocrx_word' id='word_1_472' title='bbox 3467 2921 3648 2966; x_wconf 90' lang='lat' dir='ltr'><strong>actum</strong></span> 
     </span>
    </p>
   </div>
   <div class='ocr_carea' id='block_1_61' title="bbox 2071 2991 3654 3072">
    <p class='ocr_par' dir='ltr' id='par_1_61' title="bbox 2071 2991 3654 3072">
     <span class='ocr_line' id='line_1_61' title="bbox 2071 2991 3654 3072; baseline 0.01 -28"><span class='ocrx_word' id='word_1_473' title='bbox 2071 2991 2247 3060; x_wconf 88' lang='lat' dir='ltr'><strong>illum,</strong></span> <span class='ocrx_word' id='word_1_474' title='bbox 2275 3011 2383 3064; x_wconf 93' lang='lat' dir='ltr'><strong>quo</strong></span> <span class='ocrx_word' id='word_1_475' title='bbox 2444 3000 2566 3052; x_wconf 78' lang='lat' dir='ltr'><strong>talia</strong></span> <span class='ocrx_word' id='word_1_476' title='bbox 2598 3010 2724 3054; x_wconf 85' lang='lat' dir='ltr'><strong>tunc</strong></span> <span class='ocrx_word' id='word_1_477' title='bbox 2764 3001 2943 3072; x_wconf 81' lang='lat' dir='ltr'><strong>solent</strong></span> <span class='ocrx_word' id='word_1_478' title='bbox 2981 3001 3192 3071; x_wconf 85' lang='lat' dir='ltr'><strong>perlici,</strong></span> <span class='ocrx_word' id='word_1_479' title='bbox 3222 3005 3507 3072; x_wconf 85' lang='lat' dir='ltr'><strong>speciebus</strong></span> <span class='ocrx_word' id='word_1_480' title='bbox 3543 3005 3654 3060; x_wconf 85' lang='lat' dir='ltr'><strong>illis</strong></span> 
     </span>
    </p>
   </div>
   <div class='ocr_carea' id='block_1_62' title="bbox 2072 3090 3654 3158">
    <p class='ocr_par' dir='ltr' id='par_1_62' title="bbox 2072 3090 3654 3158">
     <span class='ocr_line' id='line_1_62' title="bbox 2072 3090 3654 3158; baseline 0.008 -20"><span class='ocrx_word' id='word_1_481' title='bbox 2072 3096 2235 3155; x_wconf 88' lang='lat' dir='ltr'><strong>atque</strong></span> <span class='ocrx_word' id='word_1_482' title='bbox 2259 3090 2686 3158; x_wconf 75' lang='lat' dir='ltr'><strong>exemplaribus.</strong></span> <span class='ocrx_word' id='word_1_483' title='bbox 2725 3093 2790 3147; x_wconf 89' lang='lat' dir='ltr'><strong>Et</strong></span> <span class='ocrx_word' id='word_1_484' title='bbox 2821 3093 2916 3146; x_wconf 92' lang='lat' dir='ltr'><strong>has</strong></span> <span class='ocrx_word' id='word_1_485' title='bbox 2938 3109 2965 3146; x_wconf 93' lang='lat' dir='ltr'><strong>a</strong></span> <span class='ocrx_word' id='word_1_486' title='bbox 2996 3093 3160 3148; x_wconf 83' lang='lat' dir='ltr'><strong>rebus</strong></span> <span class='ocrx_word' id='word_1_487' title='bbox 3186 3096 3536 3150; x_wconf 85' lang='lat' dir='ltr'><strong>sensibilibus</strong></span> <span class='ocrx_word' id='word_1_488' title='bbox 3562 3112 3654 3150; x_wconf 84' lang='lat' dir='ltr'><strong>se-</strong></span> 
     </span>
    </p>
   </div>
   <div class='ocr_carea' id='block_1_63' title="bbox 2074 3183 3656 3255">
    <p class='ocr_par' dir='ltr' id='par_1_63' title="bbox 2074 3183 3656 3255">
     <span class='ocr_line' id='line_1_63' title="bbox 2074 3183 3656 3255; baseline 0.006 -23"><span class='ocrx_word' id='word_1_489' title='bbox 2074 3193 2290 3248; x_wconf 90' lang='lat' dir='ltr'><strong>paratas</strong></span> <span class='ocrx_word' id='word_1_490' title='bbox 2331 3183 2542 3250; x_wconf 89' lang='lat' dir='ltr'><strong>species</strong></span> <span class='ocrx_word' id='word_1_491' title='bbox 2573 3183 2824 3238; x_wconf 82' lang='lat' dir='ltr'><strong>bifariam</strong></span> <span class='ocrx_word' id='word_1_492' title='bbox 2868 3185 3286 3255; x_wconf 85' lang='lat' dir='ltr'><strong>distinguentes,</strong></span> <span class='ocrx_word' id='word_1_493' title='bbox 3325 3196 3438 3242; x_wconf 90' lang='lat' dir='ltr'><strong>tum</strong></span> <span class='ocrx_word' id='word_1_494' title='bbox 3474 3188 3528 3242; x_wconf 93' lang='lat' dir='ltr'><strong>in</strong></span> <span class='ocrx_word' id='word_1_495' title='bbox 3564 3203 3656 3242; x_wconf 80' lang='lat' dir='ltr'><strong>cas</strong></span> 
     </span>
    </p>
   </div>
   <div class='ocr_carea' id='block_1_64' title="bbox 385 3271 3654 3344">
    <p class='ocr_par' dir='ltr' id='par_1_64' title="bbox 385 3271 3654 3344">
     <span class='ocr_line' id='line_1_64' title="bbox 385 3271 3654 3344; baseline 0.001 -14"><span class='ocrx_word' id='word_1_496' title='bbox 385 3277 515 3330; x_wconf 90' lang='lat' dir='ltr'><strong>solis</strong></span> <span class='ocrx_word' id='word_1_497' title='bbox 564 3275 726 3330; x_wconf 87' lang='lat' dir='ltr'><strong>etiam</strong></span> <span class='ocrx_word' id='word_1_498' title='bbox 782 3274 1032 3336; x_wconf 88' lang='lat' dir='ltr'><strong>istarum,</strong></span> <span class='ocrx_word' id='word_1_499' title='bbox 1096 3291 1215 3340; x_wconf 75' lang='lat' dir='ltr'><strong>qua:</strong></span> <span class='ocrx_word' id='word_1_500' title='bbox 1275 3284 1599 3334; x_wconf 88' lang='lat' dir='ltr'><strong>nascuntur,</strong></span> <span class='ocrx_word' id='word_1_501' title='bbox 1635 3273 1965 3341; x_wconf 89' lang='lat' dir='ltr'><strong>exemplaria</strong></span> <span class='ocrx_word' id='word_1_502' title='bbox 1999 3271 2040 3329; x_wconf 88' lang='lat' dir='ltr'><strong>C</strong></span> <span class='ocrx_word' id='word_1_503' title='bbox 2073 3285 2194 3340; x_wconf 73' lang='lat' dir='ltr'><strong>qua:</strong></span> <span class='ocrx_word' id='word_1_504' title='bbox 2224 3287 2318 3339; x_wconf 87' lang='lat' dir='ltr'><strong>per</strong></span> <span class='ocrx_word' id='word_1_505' title='bbox 2355 3287 2414 3327; x_wconf 79' lang='lat' dir='ltr'><strong>se</strong></span> <span class='ocrx_word' id='word_1_506' title='bbox 2442 3274 2506 3328; x_wconf 89' lang='lat' dir='ltr'><strong>ad</strong></span> <span class='ocrx_word' id='word_1_507' title='bbox 2535 3274 2814 3330; x_wconf 88' lang='lat' dir='ltr'><strong>ellicicnda</strong></span> <span class='ocrx_word' id='word_1_508' title='bbox 2839 3290 3004 3344; x_wconf 81' lang='lat' dir='ltr'><strong>Opera</strong></span> <span class='ocrx_word' id='word_1_509' title='bbox 3029 3286 3158 3335; x_wconf 90' lang='lat' dir='ltr'><strong>sunt</strong></span> <span class='ocrx_word' id='word_1_510' title='bbox 3188 3279 3416 3342; x_wconf 77' lang='lat' dir='ltr'><strong>idoneze,</strong></span> <span class='ocrx_word' id='word_1_511' title='bbox 3451 3288 3561 3332; x_wconf 92' lang='lat' dir='ltr'><strong>tum</strong></span> <span class='ocrx_word' id='word_1_512' title='bbox 3600 3280 3654 3332; x_wconf 91' lang='lat' dir='ltr'><strong>in</strong></span> 
     </span>
    </p>
   </div>
   <div class='ocr_carea' id='block_1_65' title="bbox 386 3366 1966 3439">
    <p class='ocr_par' dir='ltr' id='par_1_65' title="bbox 386 3366 1966 3439">
     <span class='ocr_line' id='line_1_65' title="bbox 386 3366 1966 3439; baseline -0.003 -16"><span class='ocrx_word' id='word_1_513' title='bbox 386 3371 678 3434; x_wconf 88' lang='lat' dir='ltr'><strong>contineri,</strong></span> <span class='ocrx_word' id='word_1_514' title='bbox 711 3384 808 3423; x_wconf 94' lang='lat' dir='ltr'><strong>ncc</strong></span> <span class='ocrx_word' id='word_1_515' title='bbox 839 3369 962 3422; x_wconf 92' lang='lat' dir='ltr'><strong>ullis</strong></span> <span class='ocrx_word' id='word_1_516' title='bbox 982 3377 1238 3437; x_wconf 60' lang='lat' dir='ltr'><strong>prieterea</strong></span> <span class='ocrx_word' id='word_1_517' title='bbox 1275 3368 1516 3439; x_wconf 84' lang='lat' dir='ltr'><strong>indigere</strong></span> <span class='ocrx_word' id='word_1_518' title='bbox 1538 3366 1966 3436; x_wconf 79' lang='lat' dir='ltr'><strong>exemplaribus,</strong></span> 
     </span>
    </p>
   </div>
   <div class='ocr_carea' id='block_1_66' title="bbox 386 3459 1974 3530">
    <p class='ocr_par' dir='ltr' id='par_1_66' title="bbox 386 3459 1974 3530">
     <span class='ocr_line' id='line_1_66' title="bbox 386 3459 1974 3530; baseline 0 -19"><span class='ocrx_word' id='word_1_519' title='bbox 386 3478 506 3530; x_wconf 80' lang='lat' dir='ltr'><strong>qmc</strong></span> <span class='ocrx_word' id='word_1_520' title='bbox 535 3477 627 3530; x_wconf 90' lang='lat' dir='ltr'><strong>per</strong></span> <span class='ocrx_word' id='word_1_521' title='bbox 661 3464 840 3530; x_wconf 75' lang='lat' dir='ltr'><strong>Seipsa</strong></span> <span class='ocrx_word' id='word_1_522' title='bbox 872 3461 1199 3515; x_wconf 88' lang='lat' dir='ltr'><strong>consistant.</strong></span> <span class='ocrx_word' id='word_1_523' title='bbox 1229 3461 1457 3516; x_wconf 88' lang='lat' dir='ltr'><strong>Constat</strong></span> <span class='ocrx_word' id='word_1_524' title='bbox 1488 3460 1633 3515; x_wconf 89' lang='lat' dir='ltr'><strong>enim</strong></span> <span class='ocrx_word' id='word_1_525' title='bbox 1662 3460 1730 3514; x_wconf 89' lang='lat' dir='ltr'><strong>ab</strong></span> <span class='ocrx_word' id='word_1_526' title='bbox 1763 3459 1974 3512; x_wconf 83' lang='lat' dir='ltr'><strong>Aristo-</strong></span> 
     </span>
    </p>
   </div>
   <div class='ocr_carea' id='block_1_67' title="bbox 387 3553 1967 3624">
    <p class='ocr_par' dir='ltr' id='par_1_67' title="bbox 387 3553 1967 3624">
     <span class='ocr_line' id='line_1_67' title="bbox 387 3553 1967 3624; baseline -0.003 -16"><span class='ocrx_word' id='word_1_527' title='bbox 387 3556 491 3609; x_wconf 92' lang='lat' dir='ltr'><strong>tclc</strong></span> <span class='ocrx_word' id='word_1_528' title='bbox 522 3556 693 3610; x_wconf 86' lang='lat' dir='ltr'><strong>solem</strong></span> <span class='ocrx_word' id='word_1_529' title='bbox 727 3557 1098 3624; x_wconf 81' lang='lat' dir='ltr'><strong>generationis</strong></span> <span class='ocrx_word' id='word_1_530' title='bbox 1145 3569 1336 3608; x_wconf 88' lang='lat' dir='ltr'><strong>eorum</strong></span> <span class='ocrx_word' id='word_1_531' title='bbox 1374 3569 1494 3623; x_wconf 68' lang='lat' dir='ltr'><strong>qua:</strong></span> <span class='ocrx_word' id='word_1_532' title='bbox 1550 3553 1708 3618; x_wconf 89' lang='lat' dir='ltr'><strong>fiunt,</strong></span> <span class='ocrx_word' id='word_1_533' title='bbox 1746 3566 1967 3606; x_wconf 89' lang='lat' dir='ltr'><strong>causam</strong></span> 
     </span>
    </p>
   </div>
   <div class='ocr_carea' id='block_1_68' title="bbox 386 3643 1971 3718">
    <p class='ocr_par' dir='ltr' id='par_1_68' title="bbox 386 3643 1971 3718">
     <span class='ocr_line' id='line_1_68' title="bbox 386 3643 1971 3718; baseline -0.003 -19"><span class='ocrx_word' id='word_1_534' title='bbox 386 3647 667 3701; x_wconf 89' lang='lat' dir='ltr'><strong>constitui.</strong></span> <span class='ocrx_word' id='word_1_535' title='bbox 701 3646 738 3700; x_wconf 89' lang='lat' dir='ltr'><strong>lt</strong></span> <span class='ocrx_word' id='word_1_536' title='bbox 773 3646 954 3718; x_wconf 78' lang='lat' dir='ltr'><strong>igitur,</strong></span> <span class='ocrx_word' id='word_1_537' title='bbox 987 3646 1080 3716; x_wconf 93' lang='lat' dir='ltr'><strong>qui</strong></span> <span class='ocrx_word' id='word_1_538' title='bbox 1107 3649 1315 3714; x_wconf 88' lang='lat' dir='ltr'><strong>species</strong></span> <span class='ocrx_word' id='word_1_539' title='bbox 1338 3646 1680 3700; x_wconf 86' lang='lat' dir='ltr'><strong>constituunt</strong></span> <span class='ocrx_word' id='word_1_540' title='bbox 1706 3643 1971 3696; x_wconf 83' lang='lat' dir='ltr'><strong>adversus</strong></span> 
     </span>
    </p>
   </div>
   <div class='ocr_carea' id='block_1_69' title="bbox 388 3736 1973 3808">
    <p class='ocr_par' dir='ltr' id='par_1_69' title="bbox 388 3736 1973 3808">
     <span class='ocr_line' id='line_1_69' title="bbox 388 3736 1973 3808; baseline -0.003 -15"><span class='ocrx_word' id='word_1_541' title='bbox 388 3740 514 3807; x_wconf 81' lang='lat' dir='ltr'><strong>ista,</strong></span> <span class='ocrx_word' id='word_1_542' title='bbox 541 3739 645 3794; x_wconf 87' lang='lat' dir='ltr'><strong>hoc</strong></span> <span class='ocrx_word' id='word_1_543' title='bbox 667 3738 867 3803; x_wconf 74' lang='lat' dir='ltr'><strong>dicunt,</strong></span> <span class='ocrx_word' id='word_1_544' title='bbox 901 3739 976 3793; x_wconf 88' lang='lat' dir='ltr'><strong>lla</strong></span> <span class='ocrx_word' id='word_1_545' title='bbox 1003 3738 1245 3808; x_wconf 84' lang='lat' dir='ltr'><strong>quidem,</strong></span> <span class='ocrx_word' id='word_1_546' title='bbox 1271 3739 1314 3791; x_wconf 87' lang='lat' dir='ltr'><strong>si</strong></span> <span class='ocrx_word' id='word_1_547' title='bbox 1339 3738 1666 3802; x_wconf 81' lang='lat' dir='ltr'><strong>videremus,</strong></span> <span class='ocrx_word' id='word_1_548' title='bbox 1698 3750 1730 3789; x_wconf 89' lang='grc' dir='ltr'><strong>ο</strong></span> <span class='ocrx_word' id='word_1_549' title='bbox 1760 3736 1973 3790; x_wconf 79' lang='lat' dir='ltr'><strong>Aristo-</strong></span> 
     </span>
    </p>
   </div>
   <div class='ocr_carea' id='block_1_70' title="bbox 389 3829 1972 3900">
    <p class='ocr_par' dir='ltr' id='par_1_70' title="bbox 389 3829 1972 3900">
     <span class='ocr_line' id='line_1_70' title="bbox 389 3829 1972 3900; baseline -0.004 -11"><span class='ocrx_word' id='word_1_550' title='bbox 389 3835 540 3900; x_wconf 87' lang='lat' dir='ltr'><strong>teles,</strong></span> <span class='ocrx_word' id='word_1_551' title='bbox 569 3835 682 3887; x_wconf 69' lang='lat' dir='ltr'><strong>lucc</strong></span> <span class='ocrx_word' id='word_1_552' title='bbox 716 3832 1012 3887; x_wconf 88' lang='lat' dir='ltr'><strong>artiliciosa</strong></span> <span class='ocrx_word' id='word_1_553' title='bbox 1043 3847 1072 3885; x_wconf 85' lang='lat' dir='ltr'><strong>a</strong></span> <span class='ocrx_word' id='word_1_554' title='bbox 1105 3831 1220 3885; x_wconf 88' lang='lat' dir='ltr'><strong>suis</strong></span> <span class='ocrx_word' id='word_1_555' title='bbox 1249 3829 1553 3886; x_wconf 84' lang='lat' dir='ltr'><strong>artificibus</strong></span> <span class='ocrx_word' id='word_1_556' title='bbox 1585 3830 1774 3884; x_wconf 88' lang='lat' dir='ltr'><strong>eodem</strong></span> <span class='ocrx_word' id='word_1_557' title='bbox 1811 3829 1972 3882; x_wconf 89' lang='lat' dir='ltr'><strong>modo</strong></span> 
     </span>
    </p>
   </div>
   <div class='ocr_carea' id='block_1_71' title="bbox 390 3924 1969 3998">
    <p class='ocr_par' dir='ltr' id='par_1_71' title="bbox 390 3924 1969 3998">
     <span class='ocr_line' id='line_1_71' title="bbox 390 3924 1969 3998; baseline -0.004 -15"><span class='ocrx_word' id='word_1_558' title='bbox 390 3928 528 3994; x_wconf 84' lang='lat' dir='ltr'><strong>fieri,</strong></span> <span class='ocrx_word' id='word_1_559' title='bbox 561 3944 669 3998; x_wconf 91' lang='lat' dir='ltr'><strong>quo</strong></span> <span class='ocrx_word' id='word_1_560' title='bbox 703 3929 789 3982; x_wconf 88' lang='lat' dir='ltr'><strong>illa</strong></span> <span class='ocrx_word' id='word_1_561' title='bbox 826 3925 1094 3981; x_wconf 78' lang='lat' dir='ltr'><strong>naturalia</strong></span> <span class='ocrx_word' id='word_1_562' title='bbox 1123 3940 1152 3978; x_wconf 88' lang='lat' dir='ltr'><strong>a</strong></span> <span class='ocrx_word' id='word_1_563' title='bbox 1185 3925 1300 3979; x_wconf 89' lang='lat' dir='ltr'><strong>sole</strong></span> <span class='ocrx_word' id='word_1_564' title='bbox 1333 3924 1651 3994; x_wconf 79' lang='lat' dir='ltr'><strong>gignuntur,</strong></span> <span class='ocrx_word' id='word_1_565' title='bbox 1682 3933 1796 3976; x_wconf 91' lang='lat' dir='ltr'><strong>tum</strong></span> <span class='ocrx_word' id='word_1_566' title='bbox 1834 3937 1969 3977; x_wconf 87' lang='lat' dir='ltr'><strong>sane</strong></span> 
     </span>
    </p>
   </div>
   <div class='ocr_carea' id='block_1_72' title="bbox 388 4017 1971 4083">
    <p class='ocr_par' dir='ltr' id='par_1_72' title="bbox 388 4017 1971 4083">
     <span class='ocr_line' id='line_1_72' title="bbox 388 4017 1971 4083; baseline -0.003 -8"><span class='ocrx_word' id='word_1_567' title='bbox 388 4023 494 4076; x_wconf 87' lang='lat' dir='ltr'><strong>tuis</strong></span> <span class='ocrx_word' id='word_1_568' title='bbox 527 4020 705 4076; x_wconf 87' lang='lat' dir='ltr'><strong>verbis</strong></span> <span class='ocrx_word' id='word_1_569' title='bbox 732 4020 888 4074; x_wconf 87' lang='lat' dir='ltr'><strong>tidem</strong></span> <span class='ocrx_word' id='word_1_570' title='bbox 937 4019 1264 4073; x_wconf 89' lang='lat' dir='ltr'><strong>haberemus</strong></span> <span class='ocrx_word' id='word_1_571' title='bbox 1291 4034 1306 4083; x_wconf 87' lang='lat'><strong>;</strong></span> <span class='ocrx_word' id='word_1_572' title='bbox 1337 4033 1480 4072; x_wconf 92' lang='lat' dir='ltr'><strong>nunc</strong></span> <span class='ocrx_word' id='word_1_573' title='bbox 1513 4025 1693 4072; x_wconf 85' lang='lat' dir='ltr'><strong>autem</strong></span> <span class='ocrx_word' id='word_1_574' title='bbox 1725 4017 1971 4071; x_wconf 85' lang='lat' dir='ltr'><strong>videmus</strong></span> 
     </span>
    </p>
   </div>
   <div class='ocr_carea' id='block_1_73' title="bbox 386 4111 1971 4182">
    <p class='ocr_par' dir='ltr' id='par_1_73' title="bbox 386 4111 1971 4182">
     <span class='ocr_line' id='line_1_73' title="bbox 386 4111 1971 4182; baseline -0.001 -14"><span class='ocrx_word' id='word_1_575' title='bbox 386 4113 683 4168; x_wconf 88' lang='lat' dir='ltr'><strong>artificiosa</strong></span> <span class='ocrx_word' id='word_1_576' title='bbox 709 4113 917 4179; x_wconf 73' lang='lat' dir='ltr'><strong>istluec,</strong></span> <span class='ocrx_word' id='word_1_577' title='bbox 952 4112 1212 4182; x_wconf 86' lang='lat' dir='ltr'><strong>quamdiu</strong></span> <span class='ocrx_word' id='word_1_578' title='bbox 1241 4120 1541 4182; x_wconf 66' lang='lat' dir='ltr'><strong>praesentes</strong></span> <span class='ocrx_word' id='word_1_579' title='bbox 1576 4111 1778 4166; x_wconf 84' lang='lat' dir='ltr'><strong>habent</strong></span> <span class='ocrx_word' id='word_1_580' title='bbox 1833 4113 1971 4166; x_wconf 54' lang='lat' dir='ltr'><strong>artic</strong></span> 
     </span>
    </p>
   </div>
   <div class='ocr_carea' id='block_1_74' title="bbox 386 4202 1975 4274">
    <p class='ocr_par' dir='ltr' id='par_1_74' title="bbox 386 4202 1975 4274">
     <span class='ocr_line' id='line_1_74' title="bbox 386 4202 1975 4274; baseline -0.003 -12"><span class='ocrx_word' id='word_1_581' title='bbox 386 4207 538 4273; x_wconf 87' lang='lat' dir='ltr'><strong>lices,</strong></span> <span class='ocrx_word' id='word_1_582' title='bbox 585 4206 654 4261; x_wconf 87' lang='lat' dir='ltr'><strong>ab</strong></span> <span class='ocrx_word' id='word_1_583' title='bbox 707 4205 1014 4274; x_wconf 87' lang='lat' dir='ltr'><strong>iisdemque</strong></span> <span class='ocrx_word' id='word_1_584' title='bbox 1071 4218 1230 4257; x_wconf 88' lang='lat' dir='ltr'><strong>manu</strong></span> <span class='ocrx_word' id='word_1_585' title='bbox 1287 4202 1655 4270; x_wconf 72' lang='lat' dir='ltr'><strong>attinguntur,</strong></span> <span class='ocrx_word' id='word_1_586' title='bbox 1707 4202 1975 4269; x_wconf 81' lang='lat' dir='ltr'><strong>tantisper</strong></span> 
     </span>
    </p>
   </div>
   <div class='ocr_carea' id='block_1_75' title="bbox 385 4283 1973 4370">
    <p class='ocr_par' dir='ltr' id='par_1_75' title="bbox 385 4283 1973 4370">
     <span class='ocr_line' id='line_1_75' title="bbox 385 4283 1973 4370; baseline -0.002 -17"><span class='ocrx_word' id='word_1_587' title='bbox 385 4301 693 4370; x_wconf 85' lang='lat' dir='ltr'><strong>prolicere,</strong></span> <span class='ocrx_word' id='word_1_588' title='bbox 745 4309 796 4354; x_wconf 92' lang='lat' dir='ltr'><strong>et</strong></span> <span class='ocrx_word' id='word_1_589' title='bbox 861 4299 928 4353; x_wconf 89' lang='lat' dir='ltr'><strong>ad</strong></span> <span class='ocrx_word' id='word_1_590' title='bbox 999 4283 1391 4368; x_wconf 86' lang='lat' dir='ltr'><strong>perfectionem</strong></span> <span class='ocrx_word' id='word_1_591' title='bbox 1451 4297 1973 4364; x_wconf 87' lang='lat' dir='ltr'><strong>absolutioncmque</strong></span> 
     </span>
    </p>
   </div>
   <div class='ocr_carea' id='block_1_76' title="bbox 385 4388 1973 4460">
    <p class='ocr_par' dir='ltr' id='par_1_76' title="bbox 385 4388 1973 4460">
     <span class='ocr_line' id='line_1_76' title="bbox 385 4388 1973 4460; baseline -0.003 -14"><span class='ocrx_word' id='word_1_592' title='bbox 385 4407 538 4446; x_wconf 86' lang='lat' dir='ltr'><strong>suam</strong></span> <span class='ocrx_word' id='word_1_593' title='bbox 580 4391 822 4454; x_wconf 82' lang='lat' dir='ltr'><strong>tendere,</strong></span> <span class='ocrx_word' id='word_1_594' title='bbox 851 4391 998 4460; x_wconf 90' lang='lat' dir='ltr'><strong>quod</strong></span> <span class='ocrx_word' id='word_1_595' title='bbox 1024 4390 1070 4443; x_wconf 91' lang='lat' dir='ltr'><strong>si</strong></span> <span class='ocrx_word' id='word_1_596' title='bbox 1116 4388 1256 4444; x_wconf 81' lang='lat' dir='ltr'><strong>forte</strong></span> <span class='ocrx_word' id='word_1_597' title='bbox 1305 4389 1581 4453; x_wconf 90' lang='lat' dir='ltr'><strong>inchoata,</strong></span> <span class='ocrx_word' id='word_1_598' title='bbox 1638 4389 1973 4456; x_wconf 91' lang='lat' dir='ltr'><strong>dimidiaque</strong></span> 
     </span>
    </p>
   </div>
   <div class='ocr_carea' id='block_1_77' title="bbox 386 4480 1970 4553">
    <p class='ocr_par' dir='ltr' id='par_1_77' title="bbox 386 4480 1970 4553">
     <span class='ocr_line' id='line_1_77' title="bbox 386 4480 1970 4553; baseline -0.003 -14"><span class='ocrx_word' id='word_1_599' title='bbox 386 4485 579 4539; x_wconf 89' lang='lat' dir='ltr'><strong>saltem</strong></span> <span class='ocrx_word' id='word_1_600' title='bbox 611 4499 673 4538; x_wconf 86' lang='lat' dir='ltr'><strong>ex</strong></span> <span class='ocrx_word' id='word_1_601' title='bbox 708 4492 862 4553; x_wconf 91' lang='lat' dir='ltr'><strong>parte</strong></span> <span class='ocrx_word' id='word_1_602' title='bbox 913 4481 1186 4546; x_wconf 89' lang='lat' dir='ltr'><strong>absoluta,</strong></span> <span class='ocrx_word' id='word_1_603' title='bbox 1223 4481 1608 4552; x_wconf 89' lang='lat' dir='ltr'><strong>relinquantur</strong></span> <span class='ocrx_word' id='word_1_604' title='bbox 1641 4480 1709 4535; x_wconf 90' lang='lat' dir='ltr'><strong>ab</strong></span> <span class='ocrx_word' id='word_1_605' title='bbox 1738 4481 1970 4534; x_wconf 80' lang='lat' dir='ltr'><strong>artiﬁci-</strong></span> 
     </span>
    </p>
   </div>
   <div class='ocr_carea' id='block_1_78' title="bbox 360 4570 2048 4668">
    <p class='ocr_par' dir='ltr' id='par_1_78' title="bbox 360 4570 2048 4668">
     <span class='ocr_line' id='line_1_78' title="bbox 360 4570 2048 4668; baseline -0.004 -37"><span class='ocrx_word' id='word_1_606' title='bbox 360 4570 510 4642; x_wconf 75' lang='lat' dir='ltr'><strong>‘bus,</strong></span> <span class='ocrx_word' id='word_1_607' title='bbox 548 4591 655 4629; x_wconf 90' lang='lat' dir='ltr'><strong>non</strong></span> <span class='ocrx_word' id='word_1_608' title='bbox 679 4574 788 4644; x_wconf 88' lang='lat' dir='ltr'><strong>jam</strong></span> <span class='ocrx_word' id='word_1_609' title='bbox 818 4575 1094 4642; x_wconf 90' lang='lat' dir='ltr'><strong>acceptius</strong></span> <span class='ocrx_word' id='word_1_610' title='bbox 1125 4573 1428 4642; x_wconf 86' lang='lat' dir='ltr'><strong>quidquam</strong></span> <span class='ocrx_word' id='word_1_611' title='bbox 1463 4573 1797 4644; x_wconf 89' lang='lat' dir='ltr'><strong>promoveri,</strong></span> <span class='ocrx_word' id='word_1_612' title='bbox 1853 4580 1974 4626; x_wconf 84' lang='lat' dir='ltr'><strong>tan-</strong></span> <span class='ocrx_word' id='word_1_613' title='bbox 2003 4612 2048 4668; x_wconf 62' lang='grc' dir='ltr'><strong>Β</strong></span> 
     </span>
    </p>
   </div>
   <div class='ocr_carea' id='block_1_79' title="bbox 388 4667 1971 4740">
    <p class='ocr_par' dir='ltr' id='par_1_79' title="bbox 388 4667 1971 4740">
     <span class='ocr_line' id='line_1_79' title="bbox 388 4667 1971 4740; baseline -0.004 -16"><span class='ocrx_word' id='word_1_614' title='bbox 388 4685 552 4740; x_wconf 84' lang='lat' dir='ltr'><strong>quam</strong></span> <span class='ocrx_word' id='word_1_615' title='bbox 604 4667 998 4724; x_wconf 81' lang='lat' dir='ltr'><strong>anferentitus.</strong></span> <span class='ocrx_word' id='word_1_616' title='bbox 1062 4667 1264 4721; x_wconf 90' lang='lat' dir='ltr'><strong>Eorum</strong></span> <span class='ocrx_word' id='word_1_617' title='bbox 1305 4675 1489 4721; x_wconf 90' lang='lat' dir='ltr'><strong>autem</strong></span> <span class='ocrx_word' id='word_1_618' title='bbox 1546 4678 1722 4734; x_wconf 76' lang='lat' dir='ltr'><strong>quaea</strong></span> <span class='ocrx_word' id='word_1_619' title='bbox 1774 4673 1971 4718; x_wconf 89' lang='lat' dir='ltr'><strong>natura</strong></span> 
     </span>
    </p>
   </div>
   <div class='ocr_carea' id='block_1_80' title="bbox 389 4757 1977 4830">
    <p class='ocr_par' dir='ltr' id='par_1_80' title="bbox 389 4757 1977 4830">
     <span class='ocr_line' id='line_1_80' title="bbox 389 4757 1977 4830; baseline -0.004 -13"><span class='ocrx_word' id='word_1_620' title='bbox 389 4769 526 4817; x_wconf 91' lang='lat' dir='ltr'><strong>liunt</strong></span> <span class='ocrx_word' id='word_1_621' title='bbox 556 4762 812 4830; x_wconf 87' lang='lat' dir='ltr'><strong>pleraque</strong></span> <span class='ocrx_word' id='word_1_622' title='bbox 839 4761 1088 4815; x_wconf 82' lang='lat' dir='ltr'><strong>videmus</strong></span> <span class='ocrx_word' id='word_1_623' title='bbox 1117 4762 1281 4814; x_wconf 80' lang='lat' dir='ltr'><strong>etiam</strong></span> <span class='ocrx_word' id='word_1_624' title='bbox 1350 4758 1642 4813; x_wconf 83' lang='lat' dir='ltr'><strong>recedente</strong></span> <span class='ocrx_word' id='word_1_625' title='bbox 1687 4758 1798 4812; x_wconf 89' lang='lat' dir='ltr'><strong>sole</strong></span> <span class='ocrx_word' id='word_1_626' title='bbox 1841 4757 1977 4811; x_wconf 90' lang='lat' dir='ltr'><strong>nihil</strong></span> 
     </span>
    </p>
   </div>
   <div class='ocr_carea' id='block_1_81' title="bbox 389 4851 1974 4923">
    <p class='ocr_par' dir='ltr' id='par_1_81' title="bbox 389 4851 1974 4923">
     <span class='ocr_line' id='line_1_81' title="bbox 389 4851 1974 4923; baseline -0.003 -15"><span class='ocrx_word' id='word_1_627' title='bbox 389 4853 748 4908; x_wconf 88' lang='lat' dir='ltr'><strong>nihilominus</strong></span> <span class='ocrx_word' id='word_1_628' title='bbox 777 4853 959 4923; x_wconf 86' lang='lat' dir='ltr'><strong>perlici</strong></span> <span class='ocrx_word' id='word_1_629' title='bbox 1009 4861 1065 4907; x_wconf 86' lang='lat' dir='ltr'><strong>et</strong></span> <span class='ocrx_word' id='word_1_630' title='bbox 1093 4853 1159 4906; x_wconf 89' lang='lat' dir='ltr'><strong>ad</strong></span> <span class='ocrx_word' id='word_1_631' title='bbox 1193 4851 1594 4906; x_wconf 87' lang='lat' dir='ltr'><strong>absolutionem</strong></span> <span class='ocrx_word' id='word_1_632' title='bbox 1659 4865 1814 4905; x_wconf 90' lang='lat' dir='ltr'><strong>suam</strong></span> <span class='ocrx_word' id='word_1_633' title='bbox 1849 4865 1974 4918; x_wconf 87' lang='lat' dir='ltr'><strong>pro-</strong></span> 
     </span>
    </p>
   </div>
   <div class='ocr_carea' id='block_1_82' title="bbox 386 4941 1973 5018">
    <p class='ocr_par' dir='ltr' id='par_1_82' title="bbox 386 4941 1973 5018">
     <span class='ocr_line' id='line_1_82' title="bbox 386 4941 1973 5018; baseline -0.006 -14"><span class='ocrx_word' id='word_1_634' title='bbox 386 4951 562 5018; x_wconf 85' lang='lat' dir='ltr'><strong>gredi,</strong></span> <span class='ocrx_word' id='word_1_635' title='bbox 601 4947 651 5000; x_wconf 91' lang='lat' dir='ltr'><strong>id</strong></span> <span class='ocrx_word' id='word_1_636' title='bbox 683 4947 827 5016; x_wconf 90' lang='lat' dir='ltr'><strong>quod</strong></span> <span class='ocrx_word' id='word_1_637' title='bbox 855 4945 1090 4999; x_wconf 88' lang='lat' dir='ltr'><strong>maxime</strong></span> <span class='ocrx_word' id='word_1_638' title='bbox 1123 4945 1175 4998; x_wconf 93' lang='lat' dir='ltr'><strong>in</strong></span> <span class='ocrx_word' id='word_1_639' title='bbox 1213 4943 1279 4998; x_wconf 88' lang='lat' dir='ltr'><strong>iis</strong></span> <span class='ocrx_word' id='word_1_640' title='bbox 1305 4951 1360 4996; x_wconf 92' lang='lat' dir='ltr'><strong>et</strong></span> <span class='ocrx_word' id='word_1_641' title='bbox 1380 4944 1639 4997; x_wconf 80' lang='lat' dir='ltr'><strong>arborum</strong></span> <span class='ocrx_word' id='word_1_642' title='bbox 1671 4951 1724 4996; x_wconf 85' lang='lat' dir='ltr'><strong>et</strong></span> <span class='ocrx_word' id='word_1_643' title='bbox 1759 4941 1973 5011; x_wconf 82' lang='lat' dir='ltr'><strong>frugum</strong></span> 
     </span>
    </p>
   </div>
   <div class='ocr_carea' id='block_1_83' title="bbox 383 5033 1982 5110">
    <p class='ocr_par' dir='ltr' id='par_1_83' title="bbox 383 5033 1982 5110">
     <span class='ocr_line' id='line_1_83' title="bbox 383 5033 1982 5110; baseline -0.004 -17"><span class='ocrx_word' id='word_1_644' title='bbox 383 5039 676 5110; x_wconf 86' lang='lat' dir='ltr'><strong>generibus</strong></span> <span class='ocrx_word' id='word_1_645' title='bbox 703 5044 925 5106; x_wconf 90' lang='lat' dir='ltr'><strong>apparet</strong></span> <span class='ocrx_word' id='word_1_646' title='bbox 961 5051 1081 5105; x_wconf 62' lang='lat' dir='ltr'><strong>qua</strong></span> <span class='ocrx_word' id='word_1_647' title='bbox 1135 5034 1246 5089; x_wconf 91' lang='lat' dir='ltr'><strong>cito</strong></span> <span class='ocrx_word' id='word_1_648' title='bbox 1277 5034 1655 5089; x_wconf 83' lang='lat' dir='ltr'><strong>absolvuntur.</strong></span> <span class='ocrx_word' id='word_1_649' title='bbox 1705 5033 1781 5088; x_wconf 86' lang='lat' dir='ltr'><strong>Ea</strong></span> <span class='ocrx_word' id='word_1_650' title='bbox 1829 5050 1982 5087; x_wconf 93' lang='lat' dir='ltr'><strong>nam-</strong></span> 
     </span>
    </p>
   </div>
   <div class='ocr_carea' id='block_1_84' title="bbox 381 5121 1979 5200">
    <p class='ocr_par' dir='ltr' id='par_1_84' title="bbox 381 5121 1979 5200">
     <span class='ocr_line' id='line_1_84' title="bbox 381 5121 1979 5200; baseline -0.006 -17"><span class='ocrx_word' id='word_1_651' title='bbox 381 5144 491 5200; x_wconf 91' lang='lat' dir='ltr'><strong>que</strong></span> <span class='ocrx_word' id='word_1_652' title='bbox 525 5143 632 5183; x_wconf 93' lang='lat' dir='ltr'><strong>non</strong></span> <span class='ocrx_word' id='word_1_653' title='bbox 667 5127 848 5181; x_wconf 89' lang='lat' dir='ltr'><strong>minus</strong></span> <span class='ocrx_word' id='word_1_654' title='bbox 880 5135 1042 5179; x_wconf 87' lang='lat' dir='ltr'><strong>noctu</strong></span> <span class='ocrx_word' id='word_1_655' title='bbox 1096 5138 1259 5192; x_wconf 90' lang='lat' dir='ltr'><strong>quam</strong></span> <span class='ocrx_word' id='word_1_656' title='bbox 1331 5121 1580 5176; x_wconf 89' lang='lat' dir='ltr'><strong>interdiu</strong></span> <span class='ocrx_word' id='word_1_657' title='bbox 1614 5121 1865 5175; x_wconf 88' lang='lat' dir='ltr'><strong>videmus</strong></span> <span class='ocrx_word' id='word_1_658' title='bbox 1899 5123 1979 5173; x_wconf 91' lang='lat' dir='ltr'><strong>in-</strong></span> 
     </span>
    </p>
   </div>
   <div class='ocr_carea' id='block_1_85' title="bbox 382 5214 1978 5286">
    <p class='ocr_par' dir='ltr' id='par_1_85' title="bbox 382 5214 1978 5286">
     <span class='ocr_line' id='line_1_85' title="bbox 382 5214 1978 5286; baseline -0.006 -9"><span class='ocrx_word' id='word_1_659' title='bbox 382 5230 719 5277; x_wconf 89' lang='lat' dir='ltr'><strong>crementum</strong></span> <span class='ocrx_word' id='word_1_660' title='bbox 748 5219 995 5286; x_wconf 88' lang='lat' dir='ltr'><strong>accipere</strong></span> <span class='ocrx_word' id='word_1_661' title='bbox 1018 5225 1186 5285; x_wconf 89' lang='lat' dir='ltr'><strong>atque</strong></span> <span class='ocrx_word' id='word_1_662' title='bbox 1208 5215 1416 5284; x_wconf 87' lang='lat' dir='ltr'><strong>perfici.</strong></span> <span class='ocrx_word' id='word_1_663' title='bbox 1455 5215 1604 5268; x_wconf 85' lang='lat' dir='ltr'><strong>Illam</strong></span> <span class='ocrx_word' id='word_1_664' title='bbox 1632 5219 1819 5282; x_wconf 67' lang='lat' dir='ltr'><strong>itaque</strong></span> <span class='ocrx_word' id='word_1_665' title='bbox 1845 5214 1978 5268; x_wconf 80' lang='lat' dir='ltr'>SOIIS</span> 
     </span>
    </p>
   </div>
   <div class='ocr_carea' id='block_1_86' title="bbox 384 5307 1974 5378">
    <p class='ocr_par' dir='ltr' id='par_1_86' title="bbox 384 5307 1974 5378">
     <span class='ocr_line' id='line_1_86' title="bbox 384 5307 1974 5378; baseline -0.006 -8"><span class='ocrx_word' id='word_1_666' title='bbox 384 5325 622 5370; x_wconf 89' lang='lat' dir='ltr'><strong>mentem</strong></span> <span class='ocrx_word' id='word_1_667' title='bbox 659 5312 822 5377; x_wconf 90' lang='lat' dir='ltr'><strong>hujus</strong></span> <span class='ocrx_word' id='word_1_668' title='bbox 883 5308 1262 5378; x_wconf 85' lang='lat' dir='ltr'><strong>perfectionis,</strong></span> <span class='ocrx_word' id='word_1_669' title='bbox 1295 5323 1415 5378; x_wconf 68' lang='lat' dir='ltr'><strong>quae</strong></span> <span class='ocrx_word' id='word_1_670' title='bbox 1449 5307 1540 5361; x_wconf 88' lang='lat' dir='ltr'><strong>tali</strong></span> <span class='ocrx_word' id='word_1_671' title='bbox 1597 5308 1655 5360; x_wconf 82' lang='lat' dir='ltr'><strong>fit</strong></span> <span class='ocrx_word' id='word_1_672' title='bbox 1708 5317 1974 5376; x_wconf 86' lang='lat' dir='ltr'><strong>tempore,</strong></span> 
     </span>
    </p>
   </div>
   <div class='ocr_carea' id='block_1_87' title="bbox 382 5397 1975 5476">
    <p class='ocr_par' dir='ltr' id='par_1_87' title="bbox 382 5397 1975 5476">
     <span class='ocr_line' id='line_1_87' title="bbox 382 5397 1975 5476; baseline -0.008 -14"><span class='ocrx_word' id='word_1_673' title='bbox 382 5423 493 5462; x_wconf 90' lang='lat' dir='ltr'><strong>non</strong></span> <span class='ocrx_word' id='word_1_674' title='bbox 549 5420 710 5476; x_wconf 87' lang='lat' dir='ltr'><strong>posse</strong></span> <span class='ocrx_word' id='word_1_675' title='bbox 755 5418 976 5457; x_wconf 74' lang='lat' dir='ltr'><strong>causam</strong></span> <span class='ocrx_word' id='word_1_676' title='bbox 1044 5401 1332 5463; x_wconf 82' lang='lat' dir='ltr'><strong>constitui,</strong></span> <span class='ocrx_word' id='word_1_677' title='bbox 1379 5402 1574 5468; x_wconf 79' lang='lat' dir='ltr'><strong>neque</strong></span> <span class='ocrx_word' id='word_1_678' title='bbox 1615 5400 1760 5453; x_wconf 88' lang='lat' dir='ltr'><strong>enim</strong></span> <span class='ocrx_word' id='word_1_679' title='bbox 1812 5397 1975 5453; x_wconf 81' lang='lat' dir='ltr'><strong>etiam</strong></span> 
     </span>
    </p>
   </div>
   <div class='ocr_carea' id='block_1_88' title="bbox 381 5492 1980 5570">
    <p class='ocr_par' dir='ltr' id='par_1_88' title="bbox 381 5492 1980 5570">
     <span class='ocr_line' id='line_1_88' title="bbox 381 5492 1980 5570; baseline -0.006 -18"><span class='ocrx_word' id='word_1_680' title='bbox 381 5500 771 5570; x_wconf 83' lang='lat' dir='ltr'><strong>participantes</strong></span> <span class='ocrx_word' id='word_1_681' title='bbox 824 5497 944 5550; x_wconf 85' lang='lat' dir='ltr'><strong>illas</strong></span> <span class='ocrx_word' id='word_1_682' title='bbox 997 5506 1203 5548; x_wconf 86' lang='lat' dir='ltr'><strong>mentes</strong></span> <span class='ocrx_word' id='word_1_683' title='bbox 1235 5493 1354 5548; x_wconf 89' lang='lat' dir='ltr'><strong>sine</strong></span> <span class='ocrx_word' id='word_1_684' title='bbox 1387 5495 1502 5548; x_wconf 89' lang='lat' dir='ltr'><strong>suis</strong></span> <span class='ocrx_word' id='word_1_685' title='bbox 1539 5509 1661 5563; x_wconf 62' lang='lat' dir='ltr'><strong>quae</strong></span> <span class='ocrx_word' id='word_1_686' title='bbox 1694 5492 1802 5546; x_wconf 86' lang='lat' dir='ltr'><strong>sibi</strong></span> <span class='ocrx_word' id='word_1_687' title='bbox 1847 5507 1980 5547; x_wconf 84' lang='lat' dir='ltr'><strong>con-</strong></span> 
     </span>
    </p>
   </div>
   <div class='ocr_carea' id='block_1_89' title="bbox 376 5584 1979 5663">
    <p class='ocr_par' dir='ltr' id='par_1_89' title="bbox 376 5584 1979 5663">
     <span class='ocr_line' id='line_1_89' title="bbox 376 5584 1979 5663; baseline -0.001 -22"><span class='ocrx_word' id='word_1_688' title='bbox 376 5593 565 5663; x_wconf 85' lang='lat' dir='ltr'><strong>juncta</strong></span> <span class='ocrx_word' id='word_1_689' title='bbox 593 5589 814 5652; x_wconf 82' lang='lat' dir='ltr'><strong>babent,</strong></span> <span class='ocrx_word' id='word_1_690' title='bbox 847 5587 1171 5655; x_wconf 81' lang='lat' dir='ltr'><strong>corporibus</strong></span> <span class='ocrx_word' id='word_1_691' title='bbox 1204 5585 1502 5654; x_wconf 87' lang='lat' dir='ltr'><strong>quidquam</strong></span> <span class='ocrx_word' id='word_1_692' title='bbox 1538 5584 1755 5638; x_wconf 79' lang='lat' dir='ltr'><strong>ellicere</strong></span> <span class='ocrx_word' id='word_1_693' title='bbox 1806 5599 1979 5654; x_wconf 76' lang='lat' dir='ltr'><strong>posse</strong></span> 
     </span>
    </p>
   </div>
   <div class='ocr_carea' id='block_1_90' title="bbox 385 5680 1976 5753">
    <p class='ocr_par' dir='ltr' id='par_1_90' title="bbox 385 5680 1976 5753">
     <span class='ocr_line' id='line_1_90' title="bbox 385 5680 1976 5753; baseline -0.003 -14"><span class='ocrx_word' id='word_1_694' title='bbox 385 5687 438 5739; x_wconf 90' lang='lat' dir='ltr'><strong>in</strong></span> <span class='ocrx_word' id='word_1_695' title='bbox 475 5685 682 5753; x_wconf 85' lang='lat' dir='ltr'><strong>reliqua</strong></span> <span class='ocrx_word' id='word_1_696' title='bbox 712 5697 963 5751; x_wconf 81' lang='lat' dir='ltr'><strong>corpora.</strong></span> <span class='ocrx_word' id='word_1_697' title='bbox 997 5680 1228 5736; x_wconf 84' lang='lat' dir='ltr'><strong>Cunctis</strong></span> <span class='ocrx_word' id='word_1_698' title='bbox 1262 5696 1407 5735; x_wconf 79' lang='lat' dir='ltr'><strong>enim</strong></span> <span class='ocrx_word' id='word_1_699' title='bbox 1441 5682 1766 5750; x_wconf 88' lang='lat' dir='ltr'><strong>corporibus</strong></span> <span class='ocrx_word' id='word_1_700' title='bbox 1792 5691 1845 5735; x_wconf 91' lang='lat' dir='ltr'><strong>et</strong></span> <span class='ocrx_word' id='word_1_701' title='bbox 1868 5693 1976 5736; x_wconf 66' lang='lat' dir='ltr'><strong>situ</strong></span> 
     </span>
    </p>
   </div>
   <div class='ocr_carea' id='block_1_91' title="bbox 385 5778 1979 5847">
    <p class='ocr_par' dir='ltr' id='par_1_91' title="bbox 385 5778 1979 5847">
     <span class='ocr_line' id='line_1_91' title="bbox 385 5778 1979 5847; baseline 0 -15"><span class='ocrx_word' id='word_1_702' title='bbox 385 5780 570 5847; x_wconf 87' lang='lat' dir='ltr'><strong>aliquo</strong></span> <span class='ocrx_word' id='word_1_703' title='bbox 593 5788 646 5830; x_wconf 92' lang='lat' dir='ltr'><strong>et</strong></span> <span class='ocrx_word' id='word_1_704' title='bbox 677 5778 846 5845; x_wconf 73' lang='lat' dir='ltr'><strong>ligura</strong></span> <span class='ocrx_word' id='word_1_705' title='bbox 878 5792 1016 5845; x_wconf 84' lang='lat' dir='ltr'><strong>opus</strong></span> <span class='ocrx_word' id='word_1_706' title='bbox 1054 5792 1199 5838; x_wconf 82' lang='lat' dir='ltr'><strong>esse,</strong></span> <span class='ocrx_word' id='word_1_707' title='bbox 1235 5792 1305 5831; x_wconf 87' lang='lat' dir='ltr'><strong>au</strong></span> <span class='ocrx_word' id='word_1_708' title='bbox 1347 5791 1410 5830; x_wconf 85' lang='lat' dir='ltr'><strong>ea</strong></span> <span class='ocrx_word' id='word_1_709' title='bbox 1436 5793 1557 5846; x_wconf 64' lang='lat' dir='ltr'><strong>quse</strong></span> <span class='ocrx_word' id='word_1_710' title='bbox 1587 5785 1711 5830; x_wconf 89' lang='lat' dir='ltr'><strong>sunt</strong></span> <span class='ocrx_word' id='word_1_711' title='bbox 1748 5792 1979 5844; x_wconf 68' lang='lat' dir='ltr'><strong>passura</strong></span> 
     </span>
    </p>
   </div>
   <div class='ocr_carea' id='block_1_92' title="bbox 386 5869 1971 5942">
    <p class='ocr_par' dir='ltr' id='par_1_92' title="bbox 386 5869 1971 5942">
     <span class='ocr_line' id='line_1_92' title="bbox 386 5869 1971 5942; baseline 0.001 -17"><span class='ocrx_word' id='word_1_712' title='bbox 386 5871 612 5942; x_wconf 78' lang='lat' dir='ltr'><strong>aliquid,</strong></span> <span class='ocrx_word' id='word_1_713' title='bbox 652 5871 846 5925; x_wconf 77' lang='lat' dir='ltr'><strong>borum</strong></span> <span class='ocrx_word' id='word_1_714' title='bbox 880 5880 1061 5925; x_wconf 84' lang='lat' dir='ltr'><strong>autem</strong></span> <span class='ocrx_word' id='word_1_715' title='bbox 1096 5870 1232 5925; x_wconf 81' lang='lat' dir='ltr'><strong>nihil</strong></span> <span class='ocrx_word' id='word_1_716' title='bbox 1265 5869 1370 5927; x_wconf 82' lang='lat' dir='ltr'><strong>soli</strong></span> <span class='ocrx_word' id='word_1_717' title='bbox 1431 5869 1500 5925; x_wconf 87' lang='lat' dir='ltr'><strong>ad</strong></span> <span class='ocrx_word' id='word_1_718' title='bbox 1552 5871 1644 5926; x_wconf 82' lang='lat' dir='ltr'><strong>illa</strong></span> <span class='ocrx_word' id='word_1_719' title='bbox 1697 5872 1971 5926; x_wconf 67' lang='lat' dir='ltr'><strong>naturalia</strong></span> 
     </span>
    </p>
   </div>
   <div class='ocr_carea' id='block_1_93' title="bbox 2077 3363 3656 3438">
    <p class='ocr_par' dir='ltr' id='par_1_93' title="bbox 2077 3363 3656 3438">
     <span class='ocr_line' id='line_1_93' title="bbox 2077 3363 3656 3438; baseline 0.006 -22"><span class='ocrx_word' id='word_1_720' title='bbox 2077 3363 2237 3428; x_wconf 85' lang='lat' dir='ltr'><strong>alias,</strong></span> <span class='ocrx_word' id='word_1_721' title='bbox 2263 3380 2384 3433; x_wconf 82' lang='lat' dir='ltr'><strong>qua:</strong></span> <span class='ocrx_word' id='word_1_722' title='bbox 2406 3365 2637 3433; x_wconf 89' lang='lat' dir='ltr'><strong>idipsum</strong></span> <span class='ocrx_word' id='word_1_723' title='bbox 2677 3382 2782 3421; x_wconf 92' lang='lat' dir='ltr'><strong>non</strong></span> <span class='ocrx_word' id='word_1_724' title='bbox 2847 3379 3079 3436; x_wconf 87' lang='lat' dir='ltr'><strong>possunt</strong></span> <span class='ocrx_word' id='word_1_725' title='bbox 3143 3370 3416 3434; x_wconf 88' lang='lat' dir='ltr'><strong>similiter,</strong></span> <span class='ocrx_word' id='word_1_726' title='bbox 3446 3372 3656 3438; x_wconf 85' lang='lat' dir='ltr'><strong>prieres</strong></span> 
     </span>
    </p>
   </div>
   <div class='ocr_carea' id='block_1_94' title="bbox 2076 3455 3658 3534">
    <p class='ocr_par' dir='ltr' id='par_1_94' title="bbox 2076 3455 3658 3534">
     <span class='ocr_line' id='line_1_94' title="bbox 2076 3455 3658 3534; baseline 0.008 -26"><span class='ocrx_word' id='word_1_727' title='bbox 2076 3455 2198 3508; x_wconf 91' lang='lat' dir='ltr'><strong>illas</strong></span> <span class='ocrx_word' id='word_1_728' title='bbox 2219 3456 2409 3509; x_wconf 91' lang='lat' dir='ltr'><strong>harum</strong></span> <span class='ocrx_word' id='word_1_729' title='bbox 2437 3473 2618 3512; x_wconf 87' lang='lat' dir='ltr'><strong>rerum</strong></span> <span class='ocrx_word' id='word_1_730' title='bbox 2645 3460 3103 3529; x_wconf 88' lang='lat' dir='ltr'><strong>sempiternarum</strong></span> <span class='ocrx_word' id='word_1_731' title='bbox 3127 3478 3250 3532; x_wconf 61' lang='lat' dir='ltr'><strong>quae</strong></span> <span class='ocrx_word' id='word_1_732' title='bbox 3275 3469 3457 3518; x_wconf 87' lang='lat' dir='ltr'><strong>sensui</strong></span> <span class='ocrx_word' id='word_1_733' title='bbox 3477 3466 3658 3534; x_wconf 80' lang='lat' dir='ltr'><strong>subje-</strong></span> 
     </span>
    </p>
   </div>
   <div class='ocr_carea' id='block_1_95' title="bbox 2076 3553 3658 3621">
    <p class='ocr_par' dir='ltr' id='par_1_95' title="bbox 2076 3553 3658 3621">
     <span class='ocr_line' id='line_1_95' title="bbox 2076 3553 3658 3621; baseline 0.006 -20"><span class='ocrx_word' id='word_1_734' title='bbox 2076 3556 2177 3601; x_wconf 68' lang='lat' dir='ltr'><strong>ctae</strong></span> <span class='ocrx_word' id='word_1_735' title='bbox 2201 3556 2330 3602; x_wconf 91' lang='lat' dir='ltr'><strong>sunt</strong></span> <span class='ocrx_word' id='word_1_736' title='bbox 2359 3563 2551 3603; x_wconf 86' lang='lat' dir='ltr'><strong>causas</strong></span> <span class='ocrx_word' id='word_1_737' title='bbox 2588 3561 2642 3605; x_wconf 88' lang='lat' dir='ltr'><strong>et</strong></span> <span class='ocrx_word' id='word_1_738' title='bbox 2664 3553 2991 3621; x_wconf 85' lang='lat' dir='ltr'><strong>exemplaria</strong></span> <span class='ocrx_word' id='word_1_739' title='bbox 3023 3555 3448 3609; x_wconf 86' lang='lat' dir='ltr'><strong>constituimus:</strong></span> <span class='ocrx_word' id='word_1_740' title='bbox 3497 3557 3658 3611; x_wconf 87' lang='lat' dir='ltr'><strong>hasce</strong></span> 
     </span>
    </p>
   </div>
   <div class='ocr_carea' id='block_1_96' title="bbox 2074 3645 3652 3715">
    <p class='ocr_par' dir='ltr' id='par_1_96' title="bbox 2074 3645 3652 3715">
     <span class='ocr_line' id='line_1_96' title="bbox 2074 3645 3652 3715; baseline 0.003 -19"><span class='ocrx_word' id='word_1_741' title='bbox 2074 3658 2202 3696; x_wconf 81' lang='lat' dir='ltr'><strong>vero</strong></span> <span class='ocrx_word' id='word_1_742' title='bbox 2226 3645 2552 3713; x_wconf 86' lang='lat' dir='ltr'><strong>posteriores</strong></span> <span class='ocrx_word' id='word_1_743' title='bbox 2580 3659 2761 3698; x_wconf 89' lang='lat' dir='ltr'><strong>rerum</strong></span> <span class='ocrx_word' id='word_1_744' title='bbox 2788 3661 2908 3715; x_wconf 77' lang='lat' dir='ltr'><strong>qua:</strong></span> <span class='ocrx_word' id='word_1_745' title='bbox 2928 3648 3012 3699; x_wconf 86' lang='lat' dir='ltr'><strong>hic</strong></span> <span class='ocrx_word' id='word_1_746' title='bbox 3031 3657 3164 3702; x_wconf 90' lang='lat' dir='ltr'><strong>sunt</strong></span> <span class='ocrx_word' id='word_1_747' title='bbox 3184 3649 3652 3715; x_wconf 76' lang='lat' dir='ltr'><strong>corruptibilium,</strong></span> 
     </span>
    </p>
   </div>
   <div class='ocr_carea' id='block_1_97' title="bbox 2077 3737 3654 3812">
    <p class='ocr_par' dir='ltr' id='par_1_97' title="bbox 2077 3737 3654 3812">
     <span class='ocr_line' id='line_1_97' title="bbox 2077 3737 3654 3812; baseline 0.003 -20"><span class='ocrx_word' id='word_1_748' title='bbox 2077 3738 2248 3806; x_wconf 84' lang='lat' dir='ltr'><strong>ipsius</strong></span> <span class='ocrx_word' id='word_1_749' title='bbox 2281 3737 2500 3806; x_wconf 89' lang='lat' dir='ltr'><strong>quidem</strong></span> <span class='ocrx_word' id='word_1_750' title='bbox 2544 3739 2675 3794; x_wconf 89' lang='lat' dir='ltr'><strong>solis</strong></span> <span class='ocrx_word' id='word_1_751' title='bbox 2704 3754 2804 3806; x_wconf 86' lang='lat' dir='ltr'><strong>ope</strong></span> <span class='ocrx_word' id='word_1_752' title='bbox 2837 3741 3154 3810; x_wconf 86' lang='lat' dir='ltr'><strong>auxilioque</strong></span> <span class='ocrx_word' id='word_1_753' title='bbox 3187 3741 3514 3811; x_wconf 81' lang='lat' dir='ltr'><strong>indigentes,</strong></span> <span class='ocrx_word' id='word_1_754' title='bbox 3560 3744 3654 3812; x_wconf 88' lang='lat' dir='ltr'><strong>qui</strong></span> 
     </span>
    </p>
   </div>
   <div class='ocr_carea' id='block_1_98' title="bbox 2077 3831 3653 3898">
    <p class='ocr_par' dir='ltr' id='par_1_98' title="bbox 2077 3831 3653 3898">
     <span class='ocr_line' id='line_1_98' title="bbox 2077 3831 3653 3898; baseline 0.002 -14"><span class='ocrx_word' id='word_1_755' title='bbox 2077 3831 2210 3898; x_wconf 86' lang='lat' dir='ltr'><strong>ipsis</strong></span> <span class='ocrx_word' id='word_1_756' title='bbox 2269 3831 2551 3885; x_wconf 89' lang='lat' dir='ltr'><strong>materiam</strong></span> <span class='ocrx_word' id='word_1_757' title='bbox 2598 3832 2904 3897; x_wconf 86' lang='lat' dir='ltr'><strong>admoveat,</strong></span> <span class='ocrx_word' id='word_1_758' title='bbox 2957 3831 3048 3886; x_wconf 88' lang='lat' dir='ltr'><strong>ubi</strong></span> <span class='ocrx_word' id='word_1_759' title='bbox 3106 3847 3234 3886; x_wconf 85' lang='lat' dir='ltr'><strong>vero</strong></span> <span class='ocrx_word' id='word_1_760' title='bbox 3285 3832 3562 3889; x_wconf 85' lang='lat' dir='ltr'><strong>materiam</strong></span> <span class='ocrx_word' id='word_1_761' title='bbox 3625 3849 3653 3887; x_wconf 93' lang='lat' dir='ltr'><strong>a</strong></span> 
     </span>
    </p>
   </div>
   <div class='ocr_carea' id='block_1_99' title="bbox 2077 3925 3654 3996">
    <p class='ocr_par' dir='ltr' id='par_1_99' title="bbox 2077 3925 3654 3996">
     <span class='ocr_line' id='line_1_99' title="bbox 2077 3925 3654 3996; baseline 0.003 -17"><span class='ocrx_word' id='word_1_762' title='bbox 2077 3927 2192 3979; x_wconf 86' lang='lat' dir='ltr'><strong>sole</strong></span> <span class='ocrx_word' id='word_1_763' title='bbox 2233 3925 2565 3995; x_wconf 89' lang='lat' dir='ltr'><strong>acceperint,</strong></span> <span class='ocrx_word' id='word_1_764' title='bbox 2615 3925 2764 3994; x_wconf 88' lang='lat' dir='ltr'><strong>ipsas</strong></span> <span class='ocrx_word' id='word_1_765' title='bbox 2814 3940 3035 3996; x_wconf 91' lang='lat' dir='ltr'><strong>quoque</strong></span> <span class='ocrx_word' id='word_1_766' title='bbox 3090 3941 3185 3996; x_wconf 89' lang='lat' dir='ltr'><strong>per</strong></span> <span class='ocrx_word' id='word_1_767' title='bbox 3228 3941 3287 3982; x_wconf 85' lang='lat' dir='ltr'><strong>se</strong></span> <span class='ocrx_word' id='word_1_768' title='bbox 3332 3928 3438 3981; x_wconf 87' lang='lat' dir='ltr'><strong>vim</strong></span> <span class='ocrx_word' id='word_1_769' title='bbox 3496 3939 3654 3984; x_wconf 85' lang='lat' dir='ltr'><strong>exer-</strong></span> 
     </span>
    </p>
   </div>
   <div class='ocr_carea' id='block_1_100' title="bbox 2077 4017 3657 4092">
    <p class='ocr_par' dir='ltr' id='par_1_100' title="bbox 2077 4017 3657 4092">
     <span class='ocr_line' id='line_1_100' title="bbox 2077 4017 3657 4092; baseline 0.004 -20"><span class='ocrx_word' id='word_1_770' title='bbox 2077 4028 2264 4074; x_wconf 76' lang='lat' dir='ltr'><strong>centes</strong></span> <span class='ocrx_word' id='word_1_771' title='bbox 2309 4018 2364 4072; x_wconf 93' lang='lat' dir='ltr'><strong>in</strong></span> <span class='ocrx_word' id='word_1_772' title='bbox 2411 4019 2579 4074; x_wconf 88' lang='lat' dir='ltr'><strong>illam.</strong></span> <span class='ocrx_word' id='word_1_773' title='bbox 2623 4017 2813 4088; x_wconf 88' lang='lat' dir='ltr'><strong>Neque</strong></span> <span class='ocrx_word' id='word_1_774' title='bbox 2856 4033 2985 4073; x_wconf 88' lang='lat' dir='ltr'><strong>vero</strong></span> <span class='ocrx_word' id='word_1_775' title='bbox 3046 4034 3246 4073; x_wconf 89' lang='lat' dir='ltr'><strong>novum</strong></span> <span class='ocrx_word' id='word_1_776' title='bbox 3299 4021 3657 4092; x_wconf 69' lang='lat' dir='ltr'><strong>philosophiae</strong></span> 
     </span>
    </p>
   </div>
   <div class='ocr_carea' id='block_1_101' title="bbox 2078 4111 3657 4184">
    <p class='ocr_par' dir='ltr' id='par_1_101' title="bbox 2078 4111 3657 4184">
     <span class='ocr_line' id='line_1_101' title="bbox 2078 4111 3657 4184; baseline 0.003 -18"><span class='ocrx_word' id='word_1_777' title='bbox 2078 4111 2634 4182; x_wconf 79' lang='lat' dir='ltr'><strong>genusjinducimus,</strong></span> <span class='ocrx_word' id='word_1_778' title='bbox 2689 4114 2957 4182; x_wconf 84' lang='lat' dir='ltr'><strong>inquient,</strong></span> <span class='ocrx_word' id='word_1_779' title='bbox 3010 4129 3186 4184; x_wconf 90' lang='lat' dir='ltr'><strong>neque</strong></span> <span class='ocrx_word' id='word_1_780' title='bbox 3227 4130 3395 4170; x_wconf 87' lang='lat' dir='ltr'><strong>novas</strong></span> <span class='ocrx_word' id='word_1_781' title='bbox 3438 4131 3657 4183; x_wconf 89' lang='lat' dir='ltr'><strong>causas,</strong></span> 
     </span>
    </p>
   </div>
   <div class='ocr_carea' id='block_1_102' title="bbox 2078 4204 3658 4278">
    <p class='ocr_par' dir='ltr' id='par_1_102' title="bbox 2078 4204 3658 4278">
     <span class='ocr_line' id='line_1_102' title="bbox 2078 4204 3658 4278; baseline 0.004 -20"><span class='ocrx_word' id='word_1_782' title='bbox 2078 4213 2139 4259; x_wconf 92' lang='lat' dir='ltr'><strong>ut</strong></span> <span class='ocrx_word' id='word_1_783' title='bbox 2181 4216 2237 4258; x_wconf 94' lang='lat' dir='ltr'><strong>tu</strong></span> <span class='ocrx_word' id='word_1_784' title='bbox 2278 4204 2436 4270; x_wconf 90' lang='lat' dir='ltr'><strong>dicis,</strong></span> <span class='ocrx_word' id='word_1_785' title='bbox 2468 4215 2803 4270; x_wconf 87' lang='lat' dir='ltr'><strong>scrutamur,</strong></span> <span class='ocrx_word' id='word_1_786' title='bbox 2848 4206 2941 4261; x_wconf 88' lang='lat' dir='ltr'><strong>sed</strong></span> <span class='ocrx_word' id='word_1_787' title='bbox 2974 4221 3262 4262; x_wconf 88' lang='lat' dir='ltr'><strong>causarum</strong></span> <span class='ocrx_word' id='word_1_788' title='bbox 3313 4212 3497 4278; x_wconf 89' lang='lat' dir='ltr'><strong>potius</strong></span> <span class='ocrx_word' id='word_1_789' title='bbox 3546 4211 3658 4278; x_wconf 86' lang='lat' dir='ltr'><strong>ple-</strong></span> 
     </span>
    </p>
   </div>
   <div class='ocr_carea' id='block_1_103' title="bbox 2077 4294 3657 4366">
    <p class='ocr_par' dir='ltr' id='par_1_103' title="bbox 2077 4294 3657 4366">
     <span class='ocr_line' id='line_1_103' title="bbox 2077 4294 3657 4366; baseline 0.003 -19"><span class='ocrx_word' id='word_1_790' title='bbox 2077 4307 2210 4347; x_wconf 90' lang='lat' dir='ltr'><strong>num</strong></span> <span class='ocrx_word' id='word_1_791' title='bbox 2239 4294 2664 4364; x_wconf 88' lang='lat' dir='ltr'><strong>absolutumque</strong></span> <span class='ocrx_word' id='word_1_792' title='bbox 2689 4311 2981 4351; x_wconf 89' lang='lat' dir='ltr'><strong>numerum</strong></span> <span class='ocrx_word' id='word_1_793' title='bbox 3011 4297 3176 4352; x_wconf 91' lang='lat' dir='ltr'><strong>rebus</strong></span> <span class='ocrx_word' id='word_1_794' title='bbox 3202 4312 3321 4366; x_wconf 72' lang='lat' dir='ltr'><strong>qua:</strong></span> <span class='ocrx_word' id='word_1_795' title='bbox 3347 4308 3474 4352; x_wconf 91' lang='lat' dir='ltr'><strong>sunt</strong></span> <span class='ocrx_word' id='word_1_796' title='bbox 3502 4302 3657 4353; x_wconf 91' lang='lat' dir='ltr'><strong>attri-</strong></span> 
     </span>
    </p>
   </div>
   <div class='ocr_carea' id='block_1_104' title="bbox 2077 4385 3663 4461">
    <p class='ocr_par' dir='ltr' id='par_1_104' title="bbox 2077 4385 3663 4461">
     <span class='ocr_line' id='line_1_104' title="bbox 2077 4385 3663 4461; baseline 0.005 -23"><span class='ocrx_word' id='word_1_797' title='bbox 2077 4385 2314 4451; x_wconf 86' lang='lat' dir='ltr'><strong>buitnns,</strong></span> <span class='ocrx_word' id='word_1_798' title='bbox 2383 4401 2546 4454; x_wconf 87' lang='lat' dir='ltr'><strong>quem</strong></span> <span class='ocrx_word' id='word_1_799' title='bbox 2622 4398 2678 4441; x_wconf 92' lang='lat' dir='ltr'><strong>tu</strong></span> <span class='ocrx_word' id='word_1_800' title='bbox 2755 4388 3139 4456; x_wconf 85' lang='lat' dir='ltr'><strong>imperfectum</strong></span> <span class='ocrx_word' id='word_1_801' title='bbox 3219 4390 3663 4461; x_wconf 90' lang='lat' dir='ltr'><strong>diminutumqne</strong></span> 
     </span>
    </p>
   </div>
   <div class='ocr_carea' id='block_1_105' title="bbox 2076 4476 3661 4551">
    <p class='ocr_par' dir='ltr' id='par_1_105' title="bbox 2076 4476 3661 4551">
     <span class='ocr_line' id='line_1_105' title="bbox 2076 4476 3661 4551; baseline 0.005 -21"><span class='ocrx_word' id='word_1_802' title='bbox 2076 4476 2278 4531; x_wconf 86' lang='lat' dir='ltr'><strong>reddis.</strong></span> <span class='ocrx_word' id='word_1_803' title='bbox 2315 4477 2449 4531; x_wconf 83' lang='lat' dir='ltr'><strong>Cum</strong></span> <span class='ocrx_word' id='word_1_804' title='bbox 2487 4479 2631 4532; x_wconf 90' lang='lat' dir='ltr'><strong>enim</strong></span> <span class='ocrx_word' id='word_1_805' title='bbox 2663 4489 2717 4531; x_wconf 93' lang='lat' dir='ltr'><strong>tu</strong></span> <span class='ocrx_word' id='word_1_806' title='bbox 2747 4479 2873 4533; x_wconf 87' lang='lat' dir='ltr'><strong>item</strong></span> <span class='ocrx_word' id='word_1_807' title='bbox 2907 4494 3106 4535; x_wconf 90' lang='lat' dir='ltr'><strong>causas</strong></span> <span class='ocrx_word' id='word_1_808' title='bbox 3130 4480 3182 4534; x_wconf 92' lang='lat' dir='ltr'><strong>in</strong></span> <span class='ocrx_word' id='word_1_809' title='bbox 3213 4493 3449 4550; x_wconf 90' lang='lat' dir='ltr'><strong>quatuor</strong></span> <span class='ocrx_word' id='word_1_810' title='bbox 3466 4495 3661 4551; x_wconf 73' lang='lat' dir='ltr'><strong>genera</strong></span> 
     </span>
    </p>
   </div>
   <div class='ocr_carea' id='block_1_106' title="bbox 2077 4568 3661 4642">
    <p class='ocr_par' dir='ltr' id='par_1_106' title="bbox 2077 4568 3661 4642">
     <span class='ocr_line' id='line_1_106' title="bbox 2077 4568 3661 4642; baseline 0.005 -20"><span class='ocrx_word' id='word_1_811' title='bbox 2077 4568 2309 4632; x_wconf 90' lang='lat' dir='ltr'><strong>dividas,</strong></span> <span class='ocrx_word' id='word_1_812' title='bbox 2336 4570 2500 4624; x_wconf 91' lang='lat' dir='ltr'><strong>trium</strong></span> <span class='ocrx_word' id='word_1_813' title='bbox 2537 4570 2753 4639; x_wconf 89' lang='lat' dir='ltr'><strong>quidem</strong></span> <span class='ocrx_word' id='word_1_814' title='bbox 2785 4584 2949 4639; x_wconf 86' lang='lat' dir='ltr'><strong>opera</strong></span> <span class='ocrx_word' id='word_1_815' title='bbox 2976 4571 3138 4627; x_wconf 92' lang='lat' dir='ltr'><strong>etiam</strong></span> <span class='ocrx_word' id='word_1_816' title='bbox 3176 4575 3293 4642; x_wconf 85' lang='lat' dir='ltr'><strong>ipse</strong></span> <span class='ocrx_word' id='word_1_817' title='bbox 3329 4576 3405 4628; x_wconf 92' lang='lat' dir='ltr'><strong>uti</strong></span> <span class='ocrx_word' id='word_1_818' title='bbox 3436 4575 3661 4642; x_wconf 81' lang='lat' dir='ltr'><strong>videris,</strong></span> 
     </span>
    </p>
   </div>
   <div class='ocr_carea' id='block_1_107' title="bbox 2082 4661 3664 4741">
    <p class='ocr_par' dir='ltr' id='par_1_107' title="bbox 2082 4661 3664 4741">
     <span class='ocr_line' id='line_1_107' title="bbox 2082 4661 3664 4741; baseline 0.004 -26"><span class='ocrx_word' id='word_1_819' title='bbox 2082 4670 2196 4715; x_wconf 90' lang='lat' dir='ltr'><strong>tum</strong></span> <span class='ocrx_word' id='word_1_820' title='bbox 2236 4661 2437 4726; x_wconf 84' lang='lat' dir='ltr'><strong>finalis,</strong></span> <span class='ocrx_word' id='word_1_821' title='bbox 2483 4671 2597 4741; x_wconf 84' lang='lat' dir='ltr'><strong>tum</strong></span> <span class='ocrx_word' id='word_1_822' title='bbox 2631 4663 2749 4731; x_wconf 85' lang='lat' dir='ltr'><strong>ejus</strong></span> <span class='ocrx_word' id='word_1_823' title='bbox 2773 4678 2894 4731; x_wconf 73' lang='lat' dir='ltr'><strong>quae</strong></span> <span class='ocrx_word' id='word_1_824' title='bbox 2937 4663 3150 4717; x_wconf 85' lang='lat' dir='ltr'><strong>initium</strong></span> <span class='ocrx_word' id='word_1_825' title='bbox 3177 4667 3426 4721; x_wconf 88' lang='lat' dir='ltr'><strong>movendi</strong></span> <span class='ocrx_word' id='word_1_826' title='bbox 3461 4671 3664 4738; x_wconf 74' lang='lat' dir='ltr'><strong>prrebet</strong></span> 
     </span>
    </p>
   </div>
   <div class='ocr_carea' id='block_1_108' title="bbox 2081 4755 3669 4829">
    <p class='ocr_par' dir='ltr' id='par_1_108' title="bbox 2081 4755 3669 4829">
     <span class='ocr_line' id='line_1_108' title="bbox 2081 4755 3669 4829; baseline 0.004 -19"><span class='ocrx_word' id='word_1_827' title='bbox 2081 4756 2400 4820; x_wconf 86' lang='lat' dir='ltr'><strong>materialis,</strong></span> <span class='ocrx_word' id='word_1_828' title='bbox 2457 4755 2704 4812; x_wconf 89' lang='lat' dir='ltr'><strong>formalis</strong></span> <span class='ocrx_word' id='word_1_829' title='bbox 2752 4759 2931 4811; x_wconf 61' lang='lat' dir='ltr'><strong>Autem</strong></span> <span class='ocrx_word' id='word_1_830' title='bbox 2966 4773 3087 4827; x_wconf 70' lang='lat' dir='ltr'><strong>quae</strong></span> <span class='ocrx_word' id='word_1_831' title='bbox 3119 4759 3344 4829; x_wconf 63' lang='lat' dir='ltr'><strong>,reliqua</strong></span> <span class='ocrx_word' id='word_1_832' title='bbox 3383 4771 3487 4825; x_wconf 83' lang='lat' dir='ltr'><strong>est,</strong></span> <span class='ocrx_word' id='word_1_833' title='bbox 3536 4778 3669 4817; x_wconf 91' lang='lat' dir='ltr'><strong>nus-</strong></span> 
     </span>
    </p>
   </div>
   <div class='ocr_carea' id='block_1_109' title="bbox 2080 4847 3667 4919">
    <p class='ocr_par' dir='ltr' id='par_1_109' title="bbox 2080 4847 3667 4919">
     <span class='ocr_line' id='line_1_109' title="bbox 2080 4847 3667 4919; baseline 0.008 -20"><span class='ocrx_word' id='word_1_834' title='bbox 2080 4863 2243 4918; x_wconf 90' lang='lat' dir='ltr'><strong>quam</strong></span> <span class='ocrx_word' id='word_1_835' title='bbox 2292 4848 2539 4902; x_wconf 90' lang='lat' dir='ltr'><strong>omnino.</strong></span> <span class='ocrx_word' id='word_1_836' title='bbox 2580 4847 2714 4902; x_wconf 87' lang='lat' dir='ltr'><strong>Nam</strong></span> <span class='ocrx_word' id='word_1_837' title='bbox 2753 4850 2798 4902; x_wconf 93' lang='lat' dir='ltr'><strong>si</strong></span> <span class='ocrx_word' id='word_1_838' title='bbox 2847 4849 3141 4919; x_wconf 90' lang='lat' dir='ltr'><strong>cujuslibet</strong></span> <span class='ocrx_word' id='word_1_839' title='bbox 3189 4853 3264 4906; x_wconf 87' lang='lat' dir='ltr'><strong>rei</strong></span> <span class='ocrx_word' id='word_1_840' title='bbox 3312 4855 3497 4908; x_wconf 87' lang='lat' dir='ltr'><strong>sensui</strong></span> <span class='ocrx_word' id='word_1_841' title='bbox 3535 4855 3667 4911; x_wconf 83' lang='lat' dir='ltr'><strong>sub-</strong></span> 
     </span>
    </p>
   </div>
   <div class='ocr_carea' id='block_1_110' title="bbox 2077 4939 3663 5011">
    <p class='ocr_par' dir='ltr' id='par_1_110' title="bbox 2077 4939 3663 5011">
     <span class='ocr_line' id='line_1_110' title="bbox 2077 4939 3663 5011; baseline 0.004 -19"><span class='ocrx_word' id='word_1_842' title='bbox 2077 4940 2238 5010; x_wconf 69' lang='lat' dir='ltr'><strong>jectae</strong></span> <span class='ocrx_word' id='word_1_843' title='bbox 2270 4940 2508 5008; x_wconf 88' lang='lat' dir='ltr'><strong>speciem</strong></span> <span class='ocrx_word' id='word_1_844' title='bbox 2551 4940 2665 4994; x_wconf 87' lang='lat' dir='ltr'><strong>sive</strong></span> <span class='ocrx_word' id='word_1_845' title='bbox 2695 4939 2953 5008; x_wconf 85' lang='lat' dir='ltr'><strong>formam,</strong></span> <span class='ocrx_word' id='word_1_846' title='bbox 2985 4942 3254 5011; x_wconf 85' lang='lat' dir='ltr'><strong>ejusmodi</strong></span> <span class='ocrx_word' id='word_1_847' title='bbox 3287 4959 3407 4998; x_wconf 88' lang='lat' dir='ltr'><strong>esse</strong></span> <span class='ocrx_word' id='word_1_848' title='bbox 3440 4961 3663 5001; x_wconf 91' lang='lat' dir='ltr'><strong>causam</strong></span> 
     </span>
    </p>
   </div>
   <div class='ocr_carea' id='block_1_111' title="bbox 2081 5032 3668 5100">
    <p class='ocr_par' dir='ltr' id='par_1_111' title="bbox 2081 5032 3668 5100">
     <span class='ocr_line' id='line_1_111' title="bbox 2081 5032 3668 5100; baseline 0.004 -14"><span class='ocrx_word' id='word_1_849' title='bbox 2081 5032 2310 5094; x_wconf 80' lang='lat' dir='ltr'><strong>dixeris,</strong></span> <span class='ocrx_word' id='word_1_850' title='bbox 2344 5033 2433 5086; x_wconf 90' lang='lat' dir='ltr'><strong>illa</strong></span> <span class='ocrx_word' id='word_1_851' title='bbox 2461 5046 2593 5086; x_wconf 85' lang='lat' dir='ltr'><strong>sane</strong></span> <span class='ocrx_word' id='word_1_852' title='bbox 2627 5033 3077 5088; x_wconf 84' lang='lat' dir='ltr'><strong>manifestissime</strong></span> <span class='ocrx_word' id='word_1_853' title='bbox 3108 5050 3214 5088; x_wconf 84' lang='lat' dir='ltr'><strong>non</strong></span> <span class='ocrx_word' id='word_1_854' title='bbox 3243 5043 3538 5100; x_wconf 87' lang='lat' dir='ltr'><strong>estcausa,</strong></span> <span class='ocrx_word' id='word_1_855' title='bbox 3573 5039 3668 5093; x_wconf 84' lang='lat' dir='ltr'><strong>sed</strong></span> 
     </span>
    </p>
   </div>
   <div class='ocr_carea' id='block_1_112' title="bbox 2082 5119 3672 5195">
    <p class='ocr_par' dir='ltr' id='par_1_112' title="bbox 2082 5119 3672 5195">
     <span class='ocr_line' id='line_1_112' title="bbox 2082 5119 3672 5195; baseline 0.004 -22"><span class='ocrx_word' id='word_1_856' title='bbox 2082 5119 2306 5174; x_wconf 88' lang='lat' dir='ltr'><strong>alterius</strong></span> <span class='ocrx_word' id='word_1_857' title='bbox 2327 5120 2632 5188; x_wconf 87' lang='lat' dir='ltr'><strong>cujuspiam</strong></span> <span class='ocrx_word' id='word_1_858' title='bbox 2658 5137 2839 5176; x_wconf 60' lang='lat' dir='ltr'><strong>causa;</strong></span> <span class='ocrx_word' id='word_1_859' title='bbox 2864 5123 3090 5177; x_wconf 75' lang='lat' dir='ltr'><strong>effectus</strong></span> <span class='ocrx_word' id='word_1_860' title='bbox 3113 5125 3228 5179; x_wconf 85' lang='lat' dir='ltr'><strong>sive</strong></span> <span class='ocrx_word' id='word_1_861' title='bbox 3248 5140 3404 5194; x_wconf 91' lang='lat' dir='ltr'><strong>opus.</strong></span> <span class='ocrx_word' id='word_1_862' title='bbox 3423 5126 3534 5180; x_wconf 86' lang='lat' dir='ltr'><strong>Nos</strong></span> <span class='ocrx_word' id='word_1_863' title='bbox 3550 5129 3672 5195; x_wconf 88' lang='lat' dir='ltr'><strong>qui-</strong></span> 
     </span>
    </p>
   </div>
   <div class='ocr_carea' id='block_1_113' title="bbox 2081 5213 3668 5287">
    <p class='ocr_par' dir='ltr' id='par_1_113' title="bbox 2081 5213 3668 5287">
     <span class='ocr_line' id='line_1_113' title="bbox 2081 5213 3668 5287; baseline 0.003 -18"><span class='ocrx_word' id='word_1_864' title='bbox 2081 5213 2452 5279; x_wconf 85' lang='lat' dir='ltr'><strong>dem,dicent,</strong></span> <span class='ocrx_word' id='word_1_865' title='bbox 2482 5214 2632 5279; x_wconf 80' lang='lat' dir='ltr'><strong>(ibid.</strong></span> <span class='ocrx_word' id='word_1_866' title='bbox 2654 5213 2714 5279; x_wconf 87' lang='lat' dir='ltr'><strong>C)</strong></span> <span class='ocrx_word' id='word_1_867' title='bbox 2742 5217 2903 5270; x_wconf 91' lang='lat' dir='ltr'><strong>linem</strong></span> <span class='ocrx_word' id='word_1_868' title='bbox 2925 5218 3286 5287; x_wconf 87' lang='lat' dir='ltr'><strong>ipsum,quod</strong></span> <span class='ocrx_word' id='word_1_869' title='bbox 3314 5230 3398 5275; x_wconf 88' lang='lat' dir='ltr'><strong>est</strong></span> <span class='ocrx_word' id='word_1_870' title='bbox 3425 5222 3668 5274; x_wconf 84' lang='lat' dir='ltr'><strong>omnium</strong></span> 
     </span>
    </p>
   </div>
   <div class='ocr_carea' id='block_1_114' title="bbox 2081 5307 3669 5377">
    <p class='ocr_par' dir='ltr' id='par_1_114' title="bbox 2081 5307 3669 5377">
     <span class='ocr_line' id='line_1_114' title="bbox 2081 5307 3669 5377; baseline 0.004 -18"><span class='ocrx_word' id='word_1_871' title='bbox 2081 5319 2374 5359; x_wconf 86' lang='lat' dir='ltr'><strong>causarum</strong></span> <span class='ocrx_word' id='word_1_872' title='bbox 2441 5307 2955 5374; x_wconf 64' lang='lat' dir='ltr'><strong>praestantissimum</strong></span> <span class='ocrx_word' id='word_1_873' title='bbox 3021 5324 3194 5377; x_wconf 87' lang='lat' dir='ltr'><strong>genus</strong></span> <span class='ocrx_word' id='word_1_874' title='bbox 3250 5325 3358 5363; x_wconf 93' lang='lat' dir='ltr'><strong>non</strong></span> <span class='ocrx_word' id='word_1_875' title='bbox 3421 5320 3669 5365; x_wconf 91' lang='lat' dir='ltr'><strong>motuum</strong></span> 
     </span>
    </p>
   </div>
   <div class='ocr_carea' id='block_1_115' title="bbox 2083 5396 3673 5472">
    <p class='ocr_par' dir='ltr' id='par_1_115' title="bbox 2083 5396 3673 5472">
     <span class='ocr_line' id='line_1_115' title="bbox 2083 5396 3673 5472; baseline 0.001 -22"><span class='ocrx_word' id='word_1_876' title='bbox 2083 5396 2283 5463; x_wconf 83' lang='lat' dir='ltr'><strong>solum,</strong></span> <span class='ocrx_word' id='word_1_877' title='bbox 2310 5398 2403 5453; x_wconf 88' lang='lat' dir='ltr'><strong>sed</strong></span> <span class='ocrx_word' id='word_1_878' title='bbox 2438 5399 2600 5452; x_wconf 89' lang='lat' dir='ltr'><strong>etiam</strong></span> <span class='ocrx_word' id='word_1_879' title='bbox 2633 5400 2997 5453; x_wconf 86' lang='lat' dir='ltr'><strong>essentiarum</strong></span> <span class='ocrx_word' id='word_1_880' title='bbox 3027 5411 3081 5455; x_wconf 93' lang='lat' dir='ltr'><strong>et</strong></span> <span class='ocrx_word' id='word_1_881' title='bbox 3116 5402 3364 5456; x_wconf 89' lang='lat' dir='ltr'><strong>omnium</strong></span> <span class='ocrx_word' id='word_1_882' title='bbox 3406 5419 3673 5472; x_wconf 72' lang='lat' dir='ltr'><strong>quaecun-</strong></span> 
     </span>
    </p>
   </div>
   <div class='ocr_carea' id='block_1_116' title="bbox 2083 5493 3673 5566">
    <p class='ocr_par' dir='ltr' id='par_1_116' title="bbox 2083 5493 3673 5566">
     <span class='ocr_line' id='line_1_116' title="bbox 2083 5493 3673 5566; baseline 0.004 -23"><span class='ocrx_word' id='word_1_883' title='bbox 2083 5506 2189 5559; x_wconf 91' lang='lat' dir='ltr'><strong>que</strong></span> <span class='ocrx_word' id='word_1_884' title='bbox 2218 5499 2366 5553; x_wconf 86' lang='lat' dir='ltr'><strong>sunt,</strong></span> <span class='ocrx_word' id='word_1_885' title='bbox 2402 5507 2621 5547; x_wconf 86' lang='lat' dir='ltr'><strong>summo</strong></span> <span class='ocrx_word' id='word_1_886' title='bbox 2651 5493 2724 5546; x_wconf 90' lang='lat' dir='ltr'><strong>illi</strong></span> <span class='ocrx_word' id='word_1_887' title='bbox 2761 5509 2939 5547; x_wconf 89' lang='lat' dir='ltr'><strong>rerum</strong></span> <span class='ocrx_word' id='word_1_888' title='bbox 2975 5497 3194 5559; x_wconf 74' lang='lat' dir='ltr'><strong>przesidi</strong></span> <span class='ocrx_word' id='word_1_889' title='bbox 3226 5505 3391 5565; x_wconf 86' lang='lat' dir='ltr'><strong>atque</strong></span> <span class='ocrx_word' id='word_1_890' title='bbox 3427 5500 3532 5566; x_wconf 80' lang='lat' dir='ltr'><strong>regi</strong></span> <span class='ocrx_word' id='word_1_891' title='bbox 3562 5496 3673 5550; x_wconf 80' lang='lat' dir='ltr'><strong>Deo</strong></span> 
     </span>
    </p>
   </div>
   <div class='ocr_carea' id='block_1_117' title="bbox 2084 5581 3673 5656">
    <p class='ocr_par' dir='ltr' id='par_1_117' title="bbox 2084 5581 3673 5656">
     <span class='ocr_line' id='line_1_117' title="bbox 2084 5581 3673 5656; baseline 0.004 -20"><span class='ocrx_word' id='word_1_892' title='bbox 2084 5586 2464 5650; x_wconf 88' lang='lat' dir='ltr'><strong>atlribuimus,</strong></span> <span class='ocrx_word' id='word_1_893' title='bbox 2496 5586 2710 5654; x_wconf 55' lang='lat' dir='ltr'><strong>specii-5</strong></span> <span class='ocrx_word' id='word_1_894' title='bbox 2736 5597 2916 5641; x_wconf 88' lang='lat' dir='ltr'><strong>autem</strong></span> <span class='ocrx_word' id='word_1_895' title='bbox 2955 5588 3074 5642; x_wconf 73' lang='lat' dir='ltr'><strong>illus</strong></span> <span class='ocrx_word' id='word_1_896' title='bbox 3107 5589 3221 5644; x_wconf 79' lang='lat' dir='ltr'><strong>sive</strong></span> <span class='ocrx_word' id='word_1_897' title='bbox 3252 5590 3454 5642; x_wconf 87' lang='lat' dir='ltr'><strong>formas</strong></span> <span class='ocrx_word' id='word_1_898' title='bbox 3491 5581 3673 5656; x_wconf 77' lang='lat' dir='ltr'><strong>rerum</strong></span> 
     </span>
    </p>
   </div>
   <div class='ocr_carea' id='block_1_118' title="bbox 2083 5681 3675 5748">
    <p class='ocr_par' dir='ltr' id='par_1_118' title="bbox 2083 5681 3675 5748">
     <span class='ocr_line' id='line_1_118' title="bbox 2083 5681 3675 5748; baseline 0.004 -20"><span class='ocrx_word' id='word_1_899' title='bbox 2083 5695 2204 5748; x_wconf 64' lang='lat' dir='ltr'><strong>quae</strong></span> <span class='ocrx_word' id='word_1_900' title='bbox 2221 5692 2348 5734; x_wconf 90' lang='lat' dir='ltr'><strong>sunt</strong></span> <span class='ocrx_word' id='word_1_901' title='bbox 2372 5681 2706 5748; x_wconf 68' lang='lat' dir='ltr'><strong>exemplaria</strong></span> <span class='ocrx_word' id='word_1_902' title='bbox 2729 5682 3155 5748; x_wconf 88' lang='lat' dir='ltr'><strong>constituimus;</strong></span> <span class='ocrx_word' id='word_1_903' title='bbox 3185 5692 3240 5737; x_wconf 89' lang='lat' dir='ltr'><strong>at</strong></span> <span class='ocrx_word' id='word_1_904' title='bbox 3275 5697 3499 5737; x_wconf 88' lang='lat' dir='ltr'><strong>causam</strong></span> <span class='ocrx_word' id='word_1_905' title='bbox 3529 5681 3675 5735; x_wconf 89' lang='lat' dir='ltr'><strong>illam</strong></span> 
     </span>
    </p>
   </div>
   <div class='ocr_carea' id='block_1_119' title="bbox 2083 5775 3677 5846">
    <p class='ocr_par' dir='ltr' id='par_1_119' title="bbox 2083 5775 3677 5846">
     <span class='ocr_line' id='line_1_119' title="bbox 2083 5775 3677 5846; baseline 0.003 -21"><span class='ocrx_word' id='word_1_906' title='bbox 2083 5790 2203 5844; x_wconf 67' lang='lat' dir='ltr'><strong>qua:</strong></span> <span class='ocrx_word' id='word_1_907' title='bbox 2254 5775 2508 5827; x_wconf 73' lang='lat' dir='ltr'><strong>movi-nili</strong></span> <span class='ocrx_word' id='word_1_908' title='bbox 2545 5775 2760 5829; x_wconf 74' lang='lat' dir='ltr'><strong>init‘nm</strong></span> <span class='ocrx_word' id='word_1_909' title='bbox 2792 5778 3021 5846; x_wconf 66' lang='lat' dir='ltr'><strong>prtebct,</strong></span> <span class='ocrx_word' id='word_1_910' title='bbox 3054 5779 3250 5831; x_wconf 64' lang='lat' dir='ltr'><strong>anima</strong></span> <span class='ocrx_word' id='word_1_911' title='bbox 3287 5777 3361 5830; x_wconf 87' lang='lat' dir='ltr'><strong>illi</strong></span> <span class='ocrx_word' id='word_1_912' title='bbox 3387 5790 3509 5844; x_wconf 68' lang='lat' dir='ltr'><strong>quae</strong></span> <span class='ocrx_word' id='word_1_913' title='bbox 3548 5775 3677 5830; x_wconf 92' lang='lat' dir='ltr'><strong>huic</strong></span> 
     </span>
    </p>
   </div>
   <div class='ocr_carea' id='block_1_120' title="bbox 2085 5868 3675 5939">
    <p class='ocr_par' dir='ltr' id='par_1_120' title="bbox 2085 5868 3675 5939">
     <span class='ocr_line' id='line_1_120' title="bbox 2085 5868 3675 5939; baseline -0.002 -15"><span class='ocrx_word' id='word_1_914' title='bbox 2085 5868 2225 5924; x_wconf 71' lang='lat' dir='ltr'><strong>cwlo</strong></span> <span class='ocrx_word' id='word_1_915' title='bbox 2266 5868 2518 5939; x_wconf 50' lang='lat' dir='ltr'><strong>praelecta</strong></span> <span class='ocrx_word' id='word_1_916' title='bbox 2547 5879 2651 5935; x_wconf 79' lang='lat' dir='ltr'><strong>est,</strong></span> <span class='ocrx_word' id='word_1_917' title='bbox 2679 5869 3012 5924; x_wconf 79' lang='lat' dir='ltr'><strong>tnaleiialctn</strong></span> <span class='ocrx_word' id='word_1_918' title='bbox 3046 5870 3302 5934; x_wconf 64' lang='lat' dir='ltr'><strong>denique,</strong></span> <span class='ocrx_word' id='word_1_919' title='bbox 3341 5871 3580 5923; x_wconf 63' lang='lat' dir='ltr'><strong>Illali&#39;l‘l&#39;d‘</strong></span> <span class='ocrx_word' id='word_1_920' title='bbox 3608 5883 3675 5922; x_wconf 78' lang='lat' dir='ltr'><strong>ex</strong></span> 
     </span>
    </p>
   </div>
  </div>
