4406 6450
800 402 900 464 031

2019 394 2354 457 GEORGII
2398 390 2839 453 PLETHONIS

3962 379 4070 449 932

801 524 907 577 qua
929 508 1241 562 universum
1261 505 2388 576 hocconstatcozlum,assignamusmtqne
2416 531 2460 585 Α
2489 506 2755 570 quosdam
2800 518 2864 557 es
2913 502 3188 557 veteribus
3239 510 3513 563 secutum,
3559 500 3887 569 quibusdam
3938 515 4068 552 vero

800 606 879 651 sic
899 598 1062 653 rebus
1083 612 1203 667 qua
1224 607 1348 652 sunt
1374 597 1524 666 plena
1549 598 1823 652 reddimus
1839 611 2037 666 genera
2059 612 2377 651 causarum.

802 688 952 741 Talia
998 689 1178 757 itaque
1218 688 1400 741 dicent
1431 686 1547 755 (Gr.
1573 688 1804 742 θυμω
1838 688 1900 755 C)
1948 689 1983 741 ii
2038 691 2131 756 qui
2170 688 2381 757 species

801 780 1143 833 constituunt
1181 790 1530 834 occurrentes
1563 779 1963 849 objectionibus
1995 778 2381 841 Aristmelicis,

803 870 891 924 ubi
932 885 1064 925 sane
1108 885 1137 925 a
1173 872 1290 925 suis
1321 872 1564 939 ipsorum
1598 871 1876 939 principiis
1910 885 2017 924 non
2057 872 2378 938 discrepant

801 962 1121 1029 quidquam,
1168 963 1513 1016 Aristotelem
1570 973 1754 1015 autetn
1806 963 2141 1015 convincunt
2184 964 2378 1030 partim

802 1052 1110 1114 calumniis,
1146 1052 1244 1118 uti,
1272 1053 1465 1120 partim
1506 1068 1611 1107 non
1639 1053 1689 1106 id
1715 1054 1983 1106 conficere
2021 1054 2166 1121 quod
2200 1051 2376 1116 vellet,

801 1154 915 1196 tum
964 1146 1200 1196 maxime
1254 1146 1430 1213 ipsum
1467 1145 1521 1197 iu
1571 1146 1759 1200 multis
1808 1145 2174 1212 ignorantiam
2220 1157 2377 1198 suam

805 1234 1055 1303 prodere.
1104 1234 1169 1288 Et
1217 1249 1451 1302 quanam
1486 1236 1705 1289 tandem
1758 1237 1967 1291 ratione
2004 1234 2380 1303 reprehensio-

803 1338 923 1375 nem
960 1324 1279 1388 ignorantiae
1310 1324 1530 1393 ellngiet
1555 1326 1877 1381 Aristoteles
1906 1327 1959 1379 in
1994 1329 2156 1381 rebus
2188 1326 2377 1379 maxi-

804 1414 907 1466 tnis
939 1421 993 1467 et
1040 1415 1228 1470 multis
1270 1415 1412 1477 aliis.
1438 1420 1571 1484 iuuat
1598 1417 1713 1485 iam
1750 1419 2100 1471 recitarimus
2133 1427 2187 1473 et
2220 1432 2377 1471 cum-

803 1505 1015 1571 primis,
1073 1506 1218 1573 quod
1286 1508 1640 1576 sempiternis
1695 1510 1947 1564 essentiis
2001 1511 2114 1563 sive
2167 1510 2381 1563 naturis

804 1595 1013 1647 nullum
1088 1606 1369 1649 auctorem
1434 1599 1547 1651 sive
1628 1610 2041 1666 propagatorent
2112 1599 2377 1667 assignet,

804 1698 985 1752 neque
1047 1684 1170 1740 illas
1237 1701 1303 1741 es
1378 1688 1634 1742 omnibus
1694 1690 1973 1758 cuiquam,
2035 1690 2181 1758 quod
2248 1691 2377 1752 sint,

804 1783 1087 1843 acceptum
1141 1774 1283 1831 ferre
1336 1778 1503 1832 velit?
1555 1780 1605 1832 id
1657 1779 1803 1848 quod
1862 1781 2015 1834 Plato
2069 1796 2175 1834 non
2227 1778 2375 1840 fecit,

2488 607 2595 645 non
2645 592 2926 646 assentiri.
2952 591 3019 643 At
3073 590 3412 653 Aristoteles,
3463 589 3591 643 licet
3635 589 3892 641 omnibus
3938 602 4066 654 pro-

2488 688 2697 740 tuiscue
2725 686 3088 750 eontrsodicat,
3121 699 3427 752 omnesque
3450 683 3835 749 reprehendat,
3857 681 4063 735 nullum

2485 788 2666 831 tamen
2719 778 2986 841 nominat,
3020 776 3179 844 cujus
3208 790 3269 830 se
3305 775 3649 829 institutione
3671 774 3946 827 eruditum
3991 770 4067 822 fa-

2486 878 2684 930 teatur,
2733 882 2799 920 es
2851 881 2961 935 quo
2997 872 3251 936 iapparet
3298 871 3498 936 ,ipsum
3547 880 3606 919 se
3653 864 3899 916 omnium
3946 876 4068 930 qua

2486 960 2708 1027 scripsit
2740 957 3086 1011 inventorem
3128 958 3369 1012 Voluisse
3413 958 3605 1015 videri,
3635 956 3687 1007 id
3718 954 3862 1019 quod
3909 954 4069 1021 plane

2482 1060 2569 1104 est
2592 1050 2951 1117 sophisticum
2983 1059 3038 1104 et
3065 1050 3304 1102 alienum
3337 1061 3368 1100 a
3397 1046 3643 1099 moribus
3676 1044 3785 1096 veri
3821 1044 4067 1111 philoso-

2486 1142 2599 1210 phi,
2643 1158 2751 1210 quo
2783 1143 2948 1197 etiam
2981 1141 3111 1195 illud
3148 1140 3404 1209 pertinet,
3441 1138 3587 1207 quod
3630 1137 3685 1188 in
3723 1144 3827 1188 line
3869 1134 4071 1202 logico-

2486 1249 2606 1287 ruin
2656 1236 2925 1302 gloriatur
2970 1248 3133 1287 suum
3171 1245 3295 1285 esse
3337 1240 3510 1283 totum
3538 1243 3675 1297 opus
3708 1228 3775 1281 de
3814 1226 4071 1280 inetiiodo

2484 1324 2797 1387 dialectica,
2826 1332 2880 1377 et
2902 1324 3073 1387 addit,
3113 1322 3261 1375 illius
3290 1320 3530 1373 methodi
3567 1334 3673 1373 non
3700 1318 3813 1372 haec
3847 1318 4067 1387 quidem

2485 1428 2615 1481 pars
2647 1423 2765 1466 erat
2804 1414 3107 1482 explorata,
3137 1412 3227 1465 illa
3262 1426 3395 1464 vero
3445 1424 3554 1463 non
3599 1418 3737 1471 erat,
3794 1409 3887 1463 sed
3922 1411 4071 1462 nulla

2485 1518 2713 1571 prorsus
2741 1513 2879 1557 erat.
2918 1507 2987 1556 At
3031 1512 3249 1558 constat
3293 1502 3588 1570 Archytam
3621 1511 3747 1554 ante
3789 1501 3962 1569 ipsum
3998 1500 4073 1553 lo-

2484 1596 2660 1664 gicam
2715 1604 2886 1647 artem
2950 1594 3337 1657 contexuisse,
3402 1592 3560 1658 cujus
3613 1593 3902 1660 praeceptis
3959 1592 4075 1659 ipse

2486 1685 2811 1739 Aristoteles
2866 1698 2997 1737 usus
3066 1682 3189 1745 fuit,
3248 1682 3383 1752 quin
3439 1683 3605 1736 etiam
3665 1681 3820 1734 Plato
3876 1683 4071 1750 partim

2488 1771 2756 1839 principia
2794 1770 3223 1839 disciplinarum
3266 1771 3567 1838 iogicarum
3599 1768 3841 1831 tradidit,
3876 1770 4070 1835 partim

805 1879 979 1932 neque
1032 1865 1106 1919 illi
1148 1866 1241 1936 qui
1266 1865 1547 1921 Platonem
1595 1879 1922 1937 sequuntur,
1960 1870 2052 1939 qui
2094 1870 2375 1932 nimirum,
2412 1881 2453 1935 Β
2483 1864 2652 1919 etiam
2701 1863 2769 1915 iis
2826 1862 2963 1931 ipsis
3009 1877 3117 1915 non
3168 1862 3287 1916 sine
3331 1870 3450 1914 arte
3486 1860 3542 1915 in
3574 1862 3691 1915 suis
3741 1863 3961 1930 scriptis
3992 1870 4076 1917 est

805 1952 1105 2019 principem
1151 1954 1299 2007 illuni
1352 1956 1711 2025 omniumque
1761 1974 1940 2026 regem
1995 1958 2162 2013 Deum
2220 1960 2385 2011 rebus

804 2056 925 2106 qua:
973 2052 1103 2095 sunt
1146 2044 1525 2111 pruellcicntes.
1569 2046 1713 2101 hunc
1759 2049 1936 2115 ipsum
1973 2050 2217 2102 omnium
2250 2049 2386 2102 alio-

807 2146 950 2195 rum,
999 2148 1118 2199 qua
1151 2135 1359 2204 pOlellll
1392 2136 1595 2206 aliquid
1628 2153 1890 2207 generare
1934 2148 2142 2208 patrem
2172 2148 2225 2192 et
2261 2153 2387 2209 pro-

805 2232 1106 2277 creatoretu
1140 2228 1384 2280 omnium
1417 2242 1759 2297 quacunque
1788 2230 2017 2284 consilio
2048 2240 2201 2283 certo
2224 2229 2385 2297 quip-

806 2311 949 2380 piam
990 2312 1227 2368 elilciant
1265 2316 1607 2372 conditorem
1644 2328 1807 2387 atque
1836 2318 2144 2374 cllectorem
2175 2320 2384 2375 consti-

806 2412 983 2469 tuunt,
1029 2406 1271 2475 ndtilque
1320 2411 1477 2475 plane
1518 2424 1735 2476 eorum,
1803 2427 1924 2481 quae
1972 2424 2121 2475 sunt.
2157 2428 2264 2467 non
2315 2413 2383 2467 ad

806 2494 958 2568 illum
987 2497 1246 2552 referunt.
1283 2501 1418 2555 illud
1448 2516 1664 2573 quoque
1692 2504 1913 2558 silentio
1966 2506 2386 2576 praetermittere

808 2602 914 2640 non
966 2602 1189 2658 pouutn
1238 2589 1521 2649 Platonem
1564 2594 1617 2648 in
1671 2596 1893 2667 scriptis
1949 2598 2066 2653 suis
2110 2596 2266 2651 fateri
2325 2611 2385 2652 se

1370 2981 1757 3070 INDEX
1865 2978 2398 3092 CAPITUM

2488 1970 2647 2018 usus,
2678 1964 2731 2007 et
2764 1964 2939 2007 artem
2973 1953 3205 2022 logicam
3240 1960 3398 2006 vocat
3430 1960 3690 2022 tanquam
3728 1954 4073 2021 exploratam

2487 2048 2581 2103 sed
2638 2044 2880 2099 nondum
2930 2046 3299 2114 exploratam,
3357 2057 3536 2112 neque
3579 2052 3760 2097 tamen
3812 2054 4072 2111 tanquam

2490 2152 2720 2208 prorsus
2756 2153 2864 2190 non
2899 2136 3176 2190 inventam
3204 2135 3297 2188 sed
3322 2134 3435 2203 jam
3473 2135 3701 2188 omnino
3732 2134 3786 2186 in
3821 2148 3922 2188 usu
3957 2148 4078 2189 ver-

2486 2241 2721 2285 santem.
2763 2228 2911 2295 Quid
2937 2227 3104 2297 igitur
3149 2226 3295 2280 dicat
3343 2226 3653 2294 quispiam?
3700 2240 3807 2279 non
3836 2241 3957 2281 esse
3997 2227 4076 2281 di-

2494 2337 2633 2393 gnos
2658 2320 2969 2374 Aristotelis
2997 2319 3174 2373 libros
3208 2317 3299 2386 qui
3333 2317 3623 2386 lcgantur;
3660 2319 3825 2371 etiam
3845 2321 4077 2373 omnino

2498 2422 2719 2483 propter
2746 2412 2902 2465 utilia
2934 2426 3056 2476 quae
3112 2410 3165 2463 in
3214 2408 3280 2463 iis
3332 2409 3466 2477 ipsis
3492 2408 3867 2471 continentur.
3918 2411 4077 2465 modo

2494 2503 2672 2556 simus
2726 2514 3000 2557 memores
3050 2498 3254 2553 multos
3304 2511 3423 2552 esse
3474 2498 3665 2553 iisdem
3706 2514 3923 2556 errores
3953 2515 4080 2571 per-

2493 2594 2710 2649 mistos.

2495 2980 2885 3071 HUJUS
2979 2945 3507 3068 LtnELLt.

870 3353 1157 3409 Puerum
1186 3352 1238 3406 iii
1266 3365 1372 3421 qua
1404 3350 1693 3406 disseritur
1720 3350 1789 3406 de
1813 3352 2223 3421 comparatione
2258 3349 2381 3405 Pia—
2406 3380 2452 3443 C
2486 3369 2610 3407 xum
2635 3370 2769 3419 esse,
2788 3356 2870 3408 liic
2892 3364 3148 3425 quantum
3175 3364 3392 3421 possunt
3416 3355 3531 3424 ejus
3557 3356 3787 3409 rationes
3811 3366 4077 3409 terrarum

800 3451 944 3504 tonis
967 3458 1022 3502 et
1052 3448 1386 3508 Aristotelis.
1426 3446 1731 3503 secundum
1754 3445 2023 3516 judicium
2058 3454 2303 3500 veterum
2330 3453 2384 3499 et

797 3542 1193 3599 recentiorum.
1236 3539 1352 3594 Non
1386 3554 1610 3610 possum
1644 3549 1827 3594 autem
1872 3538 1959 3595 hic
1993 3554 2098 3593 non
2134 3554 2381 3593 comme-

798 3650 1017 3691 morare
1053 3636 1298 3704 quie-lam
1325 3648 1448 3703 quae
1476 3633 1542 3687 de
1566 3634 1672 3687 vita
1696 3632 2051 3702 moribusque
2076 3631 2385 3688 Arist0telis

798 3729 1154 3799 prodiderunt
1188 3728 1410 3798 quidam
1435 3727 1643 3798 antiqui
1688 3734 1741 3780 et
1786 3724 2385 3794 céleberrimiscripto-

796 3837 904 3885 res.
928 3837 1036 3893 quo
1064 3820 1372 3877 evidentius
1394 3830 1656 3890 appareat
1676 3834 1782 3875 non
1807 3835 1996 3875 omnes
2019 3821 2185 3891 hujus
2211 3825 2385 3894 philo-

794 3916 951 3984 s0plii
989 3916 1395 3984 assumptiones
1420 3928 1516 3982 pro
1546 3914 1692 3969 veris
1714 3930 1928 3985 semper
1955 3916 2385 3985 amplecteuilas,

798 4010 1035 4078 ideoque
1066 4026 1092 4060 ii
1127 4006 1375 4063 Gemisto
1413 4022 1519 4060 non
1547 4017 1749 4063 temere
1777 4008 2074 4064 confutari.
2112 4009 2247 4064 Nam
2277 4026 2388 4080 quo

796 4102 987 4156 melior
1024 4101 1103 4154 vir
1142 4102 1267 4170 quis
1320 4109 1563 4169 putatur,
1640 4101 1743 4155 hoc
1789 4101 2056 4155 similiora
2113 4118 2244 4158 vero
2311 4105 2387 4157 vi-

792 4201 995 4249 dentur
1030 4210 1153 4265 quae
1195 4194 1385 4250 sentit.

863 4286 1247 4341 Tneodoretus
1270 4285 1531 4358 Cyrensis
1556 4285 1847 4356 episcOpus
1872 4286 2013 4340 libro
2036 4297 2224 4343 contra
2260 4304 2391 4359 gun-

789 4380 914 4435 tilcs
949 4379 1173 4435 Graecos
1208 4379 1538 4435 duodecimo
1594 4379 1665 4433 ita
1702 4380 1893 4434 scribit
1955 4398 1967 4433 :
2029 4379 2227 4435 Morem
2269 4398 2386 4435 eum

789 4474 955 4539 fuisse
978 4472 1251 4526 Aristoteli
1279 4481 1335 4525 ut
1363 4474 1535 4525 oleum
1567 4472 1805 4526 venderet
1830 4488 1932 4540 quo
1961 4473 2135 4526 calido
2162 4490 2216 4527 se
2240 4477 2387 4541 prius

783 4568 1147 4633 peruuxisset.
1175 4564 1409 4634 Cumque
1437 4566 1477 4617 is
1502 4565 1629 4617 olim
1652 4565 1704 4617 in
1728 4563 2036 4619 Chalcidem
2063 4567 2384 4635 navigasset,

786 4658 1098 4727 publicanos
1128 4653 1409 4722 explorato
1441 4655 1556 4722 ejus
1583 4656 1797 4723 navigia
1822 4656 2080 4709 invenisse
2113 4656 2248 4708 ollas
2271 4656 2385 4724 ejus

779 4750 886 4803 olei
924 4760 1159 4817 quatuor
1197 4758 1245 4801 et
1284 4748 1619 4813 septuaginta
1653 4747 1731 4800 t'el
1779 4756 1835 4799 ut
1865 4748 1958 4800 alii
1992 4749 2225 4816 referunt
2274 4758 2376 4802 tre—
2412 4753 2461 4813 D

776 4853 987 4898 tentus.

853 4933 1002 4986 Idem
1041 4932 1180 4985 lihro
1212 4930 1407 5000 quinto
1433 4946 1447 4984 :
1474 4930 1788 4983 Aristoteles
1817 4943 1990 4983 autem
2025 4930 2243 4984 Platoni
2276 4933 2383 4985 ad-

774 5032 881 5082 huc
918 5026 1105 5079 visenti
1130 5025 1413 5091 manifeste
1438 5025 1805 5079 adversarium
1842 5041 1896 5077 se
1928 5025 2154 5093 pra-buit
2187 5038 2375 5078 contra

780 5121 1125 5175 Academiam
1151 5119 1289 5172 bello
1320 5129 1584 5183 suscepto,
1613 5134 1777 5184 neque
1807 5119 2074 5173 doctrina!
2111 5120 2191 5171 illi
2218 5120 2379 5172 Itono-

779 5230 888 5266 rem
923 5213 1090 5264 ullum
1118 5211 1376 5277 rependit.
1404 5226 1565 5278 quant
1608 5211 1987 5264 liberalissime
2037 5211 2162 5264 olim
2200 5229 2380 5280 perce-

773 5308 876 5375 pit,
904 5320 1061 5366 neque
1080 5303 1403 5355 celeberrimi
1435 5302 1534 5353 viri
1567 5303 1793 5369 gloriam
1813 5313 1887 5355 est
1915 5307 2190 5364 reveritus,
2220 5319 2381 5371 neque

775 5398 1071 5452 l‘latonicir
1106 5396 1419 5463 eloquentur
1455 5396 1556 5446 rint
1604 5396 1897 5462 pertimuit,
1931 5398 2021 5448 sed
2052 5399 2383 5462 impudenter

774 5490 855 5543 illi
895 5490 1262 5542 adversarium
1315 5503 1368 5540 se
1400 5489 1603 5557 gessit,
1636 5504 1756 5539 cum
1811 5500 1989 5541 tamen
2047 5506 2379 5557 nequaquam

776 5586 1053 5637 meliorum
1074 5590 1409 5647 itoomatum,
1437 5582 1526 5634 Sed
1552 5580 1718 5633 multo
1744 5582 1983 5649 pejorum
2010 5598 2169 5649 quam
2196 5582 2377 5643 Plato.

770 5680 886 5743 ipse
914 5690 1103 5732 ιωιίον
1137 5676 1425 5729 exstiterit.
1464 5672 1606 5727 Nam
1635 5690 1752 5727 cum
1789 5676 1874 5727 ille
1911 5679 2144 5729 animant
2180 5679 2376 5730 dixerit

772 5772 1155 5829 immortali-ui,
1194 5772 1277 5820 hic
1330 5786 1442 5823 esse
1481 5772 1760 5822 mortalem
1806 5770 1939 5822 dixit
1973 5810 1987 5830 ,
2022 5786 2247 5837 cumque
2281 5772 2372 5826 ille

767 5866 967 5918 dixerit
1016 5866 1178 5919 (leuat
1231 5880 1313 5918 res
1352 5880 1530 5919 omnes
1569 5864 1913 5930 providentur
1956 5882 2083 5919 cura
2139 5867 2368 5932 comple-

2486 3446 2662 3500 orbem
2697 3449 2890 3502 divina:
2928 3448 3273 3516 providentia:
3296 3458 3562 3501 exsortem
3593 3449 3748 3517 facit.

2541 3561 2873 3617 ‘thscribit
2918 3560 3263 3617 Tiieodoreto
3298 3561 3623 3617 Laurentius
3655 3564 3804 3619 Valla
3855 3564 4079 3633 prologo

2490 3658 2541 3710 in
2572 3654 2918 3710 Di‘aiecticam
2955 3671 3131 3712 suam.
3162 3654 3294 3720 Qum
3315 3658 3587 3724 eompilat,
3617 3657 3811 3724 inquit,
3840 3672 3942 3710 non
3970 3659 4077 3709 illis

2490 3750 2648 3819 refert
2684 3758 2897 3816 accepta
2940 3766 2971 3802 a
3008 3749 3197 3818 quibus
3228 3748 3483 3816 sumpsit.
3516 3750 3606 3803 sed
3635 3750 3735 3803 sibi
3765 3751 3991 3802 vindicat
4024 3759 4077 3802 it

2490 3843 2787 3911 ubicunque
2819 3840 3029 3896 easdem
3054 3857 3298 3910 peccasse
3324 3844 3593 3909 opinatur,
3621 3843 3777 3895 citius
3807 3842 4077 3896 ardentem

2489 3938 2763 4004 flammam
2798 3952 2887 3990 ore
2926 3936 3193 3990 continere
3223 3950 3374 4003 posse
3420 3952 3581 4002 quam
3627 3952 3730 3989 non
3777 3936 4076 3991 nominare.

2560 4026 2745 4081 Capur
2782 4027 2821 4080 Ι.
2854 4024 2994 4092 Quid
3036 4025 3188 4079 Plato
3233 4025 3299 4078 de
3345 4024 3455 4079 Deo
3504 4038 3556 4081 ct
3608 4042 3788 4081 rerum
3832 4043 4020 4081 οηὶιιιυ
4048 4047 4077 4079 ιι

2492 4120 2790 4184 creatione,
2844 4120 2991 4187 quod
3039 4118 3365 4175 Aristoteles
3416 4120 3670 4174 senserit.
3717 4119 3837 4185 Qua
3870 4118 3922 4171 in
3961 4119 4079 4171 loco

2492 4210 2654 4263 etiam
2694 4210 3022 4280 explicatur,
3054 4211 3335 4281 quomodo
3374 4208 3529 4267 Plato
3562 4212 3799 4265 animam
3840 4210 4077 4281 genitam

2491 4311 2543 4357 et
2582 4302 2884 4369 ingenitam
2918 4304 3294 4373 appellaverit.

2563 4418 2745 4472 CAPUT
2780 4417 2844 4473 li.
2886 4418 3326 4487 chrehenditnr
3374 4417 3695 4472 Aristoteles
3723 4418 3871 4485 quod
3904 4416 4071 4470 Deum

2492 4526 2768 4566 summum
2805 4512 3052 4565 omnium
3104 4512 3389 4581 praesidem
3436 4524 3500 4563 ac
3554 4524 3733 4580 regem
3782 4524 3951 4563 unum
4007 4508 4071 4559 ad

2493 4605 2759 4657 movenda
2792 4602 2979 4657 omnia
3032 4603 3285 4656 idoneum
3322 4617 3430 4657 non
3466 4610 3721 4661 censeat.
3758 4615 3946 4654 verum
3996 4600 4071 4652 iiii

2494 4697 2674 4752 socias
2707 4694 2966 4748 movendi
3008 4694 3145 4748 alias
3172 4694 3436 4765 quasdam
3478 4702 3691 4747 mentes
3715 4692 3996 4761 adiungat.

2559 4809 2742 4864 Carus
2771 4807 2860 4861 ill.
2894 4808 3125 4862 Illumne
3172 4807 3241 4862 sit
3270 4821 3444 4874 genus
3472 4807 3718 4860 omnium
3763 4819 3954 4859 earum
3983 4820 4069 4858 rc-

2485 4925 2607 4964 rutn
2640 4912 2937 4976 quae'sunt,
2962 4906 3013 4959 id
3042 4914 3127 4961 est
3150 4920 3218 4960 an
3243 4921 3339 4960 ens
3366 4905 3437 4958 sit
3470 4904 3576 4959 tale
3600 4905 3900 4974 quippiam.
3926 4905 4068 4972 quod

2486 5004 2679 5056 decem
2715 5001 2891 5070 prima
2925 5012 3125 5070 genera
3163 5002 3396 5053 uuivoce
3446 5012 3557 5053 non
3607 4998 3888 5066 aequivuce
3922 5011 4073 5050 corn-

2490 5096 2783 5167 plectatur.

2562 5190 2741 5245 Carus
2778 5188 2863 5242 IV.
2905 5186 3096 5242 Utrum
3131 5187 3455 5242 Aristoteles
3509 5201 3707 5257 genera
3753 5196 3808 5239 et
3862 5185 4075 5255 species

2494 5293 2643 5338 recte
2675 5282 2951 5337 secundas
2981 5297 2996 5335 :
3032 5281 3320 5336 individua
3350 5295 3481 5335 vero
3508 5281 3713 5349 primas
3740 5279 4079 5333 substantias

2492 5377 2876 5445 appellaverit,
2924 5376 3027 5429 hoc
3063 5384 3168 5432 est.
3201 5389 3269 5427 an
3321 5388 3521 5443 genera
3550 5383 3603 5427 et
3638 5373 3853 5441 species
3896 5370 4078 5424 minus

2484 5471 2596 5525 sint
2626 5484 2792 5540 quam
2830 5469 3161 5539 singularia,
3195 5478 3252 5522 et
3303 5468 3546 5522 secundo
3574 5467 3694 5523 loco
3723 5468 3790 5521 ad
3817 5467 4074 5521 essentia

2486 5566 2755 5619 rationem
2797 5564 3110 5633 pertineant
3146 5576 3217 5615 an
3246 5570 3461 5616 contra.

2557 5678 2745 5733 Carus
2776 5679 2837 5733 V.
2892 5676 3087 5732 Utrum
3134 5677 3456 5731 universum
3508 5677 3776 5731 rationem
3829 5678 4077 5732 obtineat

2485 5774 2752 5837 materiae,
2778 5772 2967 5827 forma:
2991 5782 3173 5826 autem
3205 5786 3355 5842 pars,
3382 5770 3434 5825 id
3464 5780 3567 5831 est,
3594 5785 3662 5826 an
3687 5772 3753 5825 ad
3785 5773 4073 5828 materiam

2487 5878 2696 5938 spectet
2731 5869 3051 5925 universum
3086 5868 3269 5939 potius
3302 5881 3466 5937 quam
3498 5855 3642 5936 pars.
