4406 6450
375 406 486 471 937

1308 400 1713 464 LAUDATIO'
1737 395 2128 462 FUNEBRIS
2161 395 2473 458 CLEOPIE
2505 395 2686 457 AUG.
3536 389 3642 453 938

377 531 506 585 pars
542 531 735 589 magna
764 514 966 570 inedita
1004 516 1183 572 adhuc
1217 525 1322 581 est,
1355 517 1494 572 idem
1520 515 1696 570 fusius
1728 513 1836 580 agit
1865 511 2099 566 Allatius
2130 509 2232 579 (5),
2256 508 2306 561 in
2337 508 2538 576 quibus
2558 506 2868 561 Orationem
2895 504 3166 574 funebrem
3192 504 3245 556 in
3279 501 3644 570 llypomonem

375 614 423 658 et
446 603 688 672 CleOpcm
719 602 1432 674 imperatriceleonodiam
1464 605 1517 656 in
1539 602 1901 672 flypomoncm
1921 607 1967 650 et
1989 597 2226 666 (Ileopem
2253 597 2618 665 tmperatrices‘
2637 594 2714 665 (6)
2737 605 2784 648 et
2809 593 3114 649 Orationem
3135 594 3403 662 funebrem
3428 593 3481 644 in
3501 590 3648 644 obitu

377 692 572 761 regina:
597 690 802 758 Cleopae
826 690 1666 765 Palwolcginqcommemorat,
1689 689 1744 742 in
1766 701 1874 756 qua
1906 685 1974 739 de
2004 686 2170 736 animi
2219 683 2630 737 immortalitate
2661 684 2842 752 agitur
2873 683 2974 750 (Ἰ),
3003 691 3058 736 et
3084 695 3248 750 quam
3276 679 3644 765 certissimum

377 791 456 833 est
481 780 729 833 eamdem
765 778 906 834 hanc
941 764 1362 835 nostrantesse.
1396 778 1719 832 Theodorus
1770 782 1952 827 autem
2012 771 2283 838 princeps,
2342 769 2503 838 cuius
2536 781 2764 822 uxorem
2817 768 3076 836 Cleopem
3107 767 3383 836 deplorat,
3421 779 3530 818 non
3559 764 3646 816 ille

378 867 896 936 Porphyrogenneta
957 866 1079 930 fuit,
1112 866 1378 921 Manuelis
1422 863 1708 932 Palzeologi
1744 861 1932 922 frater,
1957 858 2206 928 princeps
2232 856 2664 916 laudatissimus.
2717 859 2783 913 de
2805 872 2910 926 quo
2938 854 3172 910 adeundi
3195 862 3324 909 sunt
3353 852 3649 919 scriptores

381 953 434 1006 in
468 964 591 1006 nota
629 951 706 1021 (8)
731 953 1022 1017 nominati,
1056 955 1150 1009 sed
1176 953 1365 1023 junior
1393 951 1484 1006 ille
1523 949 1851 1004 Theodorus
1885 945 2427 1014 Porphyrogenneta,
2463 945 2612 1002 illius
2650 944 2931 1001 Theodori
2966 942 3148 1012 patrui
3182 953 3495 996 successor.
3529 938 3648 990 Ait-

379 1039 585 1093 dronici
616 1038 780 1105 ﬁlius,
805 1038 1164 1109 Peloponnesi
1197 1040 1447 1108 despota,
1477 1037 1641 1100 idem,
1680 1036 1824 1104 quod
1847 1034 2062 1102 opinor,
2089 1035 2152 1087 ad
2176 1049 2338 1102 quem
2372 1045 2558 1089 noster
2588 1032 3062 1105 Συμὸου).ευτικὴν
3093 1032 3160 1086 de
3185 1031 3349 1085 rebus
3381 1027 3650 1096 Pelopon-

384 1130 620 1183 ncsiacis
651 1130 1051 1185 constituendis
1076 1130 1297 1198 scripsit
1325 1129 1422 1199 (9).
1456 1128 1711 1197 Cleopein
1749 1127 1889 1178 hanc
1927 1130 2168 1177 nostram
2200 1123 2291 1192 qui
2335 1133 2751 1185 commemoret,
2793 1123 2965 1177 alium
2997 1121 3206 1176 nullttm
3270 1118 3418 1173 novi.
3441 1128 3639 1186 prerter

385 1217 682 1285 Georgium
718 1217 1042 1273 Phrantzem
1080 1218 1132 1272 in
1159 1217 1435 1272 Chronico
1471 1215 1673 1270 Rerum
1707 1213 2132 1280 Byzantinarum
2159 1212 2208 1276 (e
2243 1213 2494 1267 versione
2532 1211 2650 1268 Jac.
2687 1213 2918 1267 Pontani
2949 1211 3015 1265 ad
3047 1211 3186 1266 cale.
3223 1207 3648 1277 'l‘heOphylacti.

388 1303 683 1373 lngolstad.
717 1306 877 1362 1504.
914 1306 995 1376 4.)
1023 1306 1092 1368 ll,
1120 1321 1172 1361 c.
1208 1307 1294 1361 10.
1352 1306 1432 1359 Ad
1464 1319 1626 1374 quem
1679 1303 1857 1366 locum
1889 1301 2187 1376 Pontanus
2221 1310 2519 1367 utrumque
2545 1299 2896 1355 Theodorum
2931 1299 3071 1354 male
3100 1297 3404 1353 confundit.
3441 1295 3654 1349 Mortua

387 1400 471 1444 est
493 1406 553 1445 ea
587 1406 732 1445 anno
766 1393 972 1449 Christi
1006 1393 1145 1449 1455
1179 1403 1232 1448 et
1263 1394 1315 1447 in
1348 1391 1682 1447 monasterio
1716 1384 1990 1445 Ζωοδόὶου
2031 1387 2264 1456 sepulta.
2300 1388 2459 1441 Plura
2492 1389 2560 1442 de
2597 1387 2698 1443 hoc
2747 1387 2942 1443 illustri
2983 1389 3096 1457 pari
3134 1387 3428 1457 coniugum
3461 1384 3658 1439 afferre

392 1493 536 1531 nunc
569 1495 676 1534 non
716 1481 916 1549 habeo,
955 1496 1134 1551 neque
1157 1482 1319 1536 etiam
1352 1480 1506 1534 valde
1531 1494 1670 1549 opus
1694 1488 1799 1542 est,
1830 1493 1953 1532 cum
1982 1479 2159 1534 oratio
2193 1494 2288 1544 per
2311 1495 2369 1535 se
2398 1480 2553 1534 facile
2583 1480 2942 1548 intelligatur.

465 1565 745 1621 Michaelis
767 1568 1032 1637 Apostolii
1064 1568 1530 1632 orationem,'tum
1564 1566 1706 1636 quod
1743 1581 1773 1621 a
1803 1566 1918 1619 viro
1943 1565 2183 1634 profecta
2229 1577 2312 1621 est
2373 1567 2597 1621 Gemisti
2623 1568 2803 1622 amico
2829 1567 2942 1636 (10)
2969 1575 3021 1620 et
3057 1566 3164 1620 fido
3188 1564 3481 1620 defensore
3513 1563 3653 1632 (ll),

391 1662 506 1705 tum
538 1653 682 1720 quod
720 1654 773 1707 in
802 1655 977 1708 virum
1006 1656 1232 1726 scripta,
1275 1656 1555 1710 Plethonis
1587 1663 1640 1708 et
1672 1652 1936 1722 Apostolii
1973 1668 2248 1709 summum
2286 1654 2553 1710 fautorem
2581 1657 2729 1726 (12);
2769 1671 2876 1709 non
2923 1656 3105 1709 minus
3138 1655 3326 1716 etiam,
3354 1655 3497 1721 quod
3531 1669 3659 1722 pas-

393 1742 495 1794 sim
533 1755 652 1795 eam
681 1751 868 1811 aperte
891 1743 1139 1799 imitatur
1165 1744 1508 1806 Gemistan,
1533 1743 1660 1797 huic
1694 1757 1815 1796 eam
1851 1757 1937 1796 me
1979 1741 2241 1810 optimam
2275 1751 2404 1809 puto
2438 1743 2692 1796 comitem
2725 1741 3043 1811 adjunxisse
3076 1742 3172 1810 (a).
3209 1740 3329 1795 Fuit
3354 1749 3534 1794 autem
3573 1740 3662 1792 ille

397 1826 626 1882 Michael
661 1829 975 1897 Apostolius
1007 1831 1166 1886 exsul
1213 1829 1458 1896 Graecus,
1515 1830 1606 1896 qui
1647 1829 1827 1883 medio
1865 1829 2066 1883 saeculo
2097 1829 2309 1881 decimo
2339 1829 2531 1897 quinto
2578 1831 2630 1883 in
2663 1829 2872 1882 italiam
2908 1830 3078 1893 venit,
3113 1845 3143 1883 a
3172 1827 3497 1883 Bessarione
3552 1828 3662 1894 pri-

398 1931 542 1968 mum
573 1916 802 1988 benigne
833 1918 1076 1982 habitus,
1112 1918 1331 1982 deinde,
1361 1927 1576 1973 mortuo
1592 1917 1921 1986 Purpurato,
1950 1931 2153 1986 pauper
2182 1924 2234 1968 et
2261 1930 2468 1983 egenus
2489 1916 2540 1970 in
2563 1917 2724 1969 Creta
2752 1915 2928 1970 insula
2953 1915 3108 1970 libris
3157 1913 3521 1969 rescribendis
3547 1915 3662 1982 (15)

400 2003 566 2055 vitam
599 2005 872 2061 toleravit.
910 2003 984 2061 De
1012 2005 1236 2075 reliquis
1266 2006 1387 2074 ejus
1416 2007 1638 2073 scriptis
1674 2005 1805 2059 nihil
1838 2006 1944 2060 hoc
1970 2005 2107 2057 ioco
2168 2002 2363 2055 attinet
2424 2003 2604 2057 dicere
2643 2003 2793 2069 (l4);
2849 2011 3096 2056 nostram
3167 2003 3310 2055 hanc
3359 2001 3665 2054 orationem

397 2102 792 2147 commemorat
823 2091 1075 2148 Labbeus
1103 2093 1243 2164 (15),
1273 2103 1328 2148 ct
1355 2092 1605 2148 editurus
1637 2108 1760 2148 cum
1791 2092 2038 2164 eiusdem
2072 2090 2560 2148 acclamationibus
2597 2093 2663 2146 ad
2695 2091 3101 2146 Bessarionem.
3143 2089 3252 2145 Leo
3286 2089 3518 2144 Allatius
3547 2103 3669 2144 erat

399 2178 455 2232 in
488 2177 602 2232 Vllo
632 2179 908 2235 volumine
938 2181 1270 2251 Συμμίκτων
1304 2180 1437 2252 (16).

480 2266 736 2324 Bcssario
762 2270 874 2335 ille,
902 2285 1065 2338 quem
1103 2269 1298 2324 Noster
1321 2269 1469 2323 luctu
1507 2277 1828 2337 prosecutus
1855 2278 1962 2332 est,
1997 2267 2173 2338 patria
2217 2265 2641 2337 Ti‘apezuntius,
2699 2267 3261 2324 monachus'Ordinis
3306 2267 3365 2322 S.
3395 2266 3579 2320 Basilii
3617 2278 3669 2320 et

399 2345 842 2432 archiepiscopus
894 2358 1171 2423 Nicenus,
1207 2359 1414 2427 primus
1442 2356 1756 2412 Graecorum
1787 2359 1929 2413 inter
1955 2361 2266 2417 cardinales
2289 2372 2579 2432 cooptatus
2615 2372 2699 2419 est
2735 2377 2881 2417 anno
2919 2362 3054 2417 1459
3099 2362 3166 2416 ab
3201 2360 3450 2430 Eugenio
3487 2358 3576 2422 ιν,
3614 2371 3666 2412 et

401 2454 564 2507 titulo
597 2448 923 2520 patriarchae
954 2445 1551 2513 Constantinopolitani
1591 2461 1619 2499 a
1661 2444 1760 2499 Pio
1785 2445 1829 2498 ll
1869 2462 2022 2501 anno
2050 2447 2185 2502 1465
2212 2459 2466 2504 ornatus.
2499 2449 2648 2503 Diem
2678 2447 3112 2506 obiitRavenna:
3141 2449 3196 2502 d.
3231 2449 3296 2502 15
3338 2447 3473 2500 Nov.
3502 2447 3663 2509 14⁸72,

403 2540 571 2595 redux
598 2554 627 2591 e
653 2536 850 2600 Gallia,
882 2535 935 2589 in
959 2548 1126 2604 quam
1167 2548 1197 2587 a
1235 2532 1391 2588 Sixto
1427 2531 1491 2586 IV
1528 2532 1704 2588 fuerat
1725 2535 1931 2604 legatus
1968 2551 1981 2588 :
2011 2533 2196 2591 Romae
2233 2539 2484 2606 sepultus
2515 2539 2580 2592 ad
2625 2537 2727 2593 SS.
2764 2539 3080 2608 Apostolus,
3119 2539 3208 2592 ubi
3242 2537 3356 2607 ipse
3387 2537 3489 2591 sibi
3517 2539 3671 2590 vivus

402 2641 549 2681 anno
584 2622 723 2677 1466
755 2629 1174 2677 monumentum
1213 2629 1489 2690 posuerat.
1528 2621 1782 2676 Laudant
1806 2621 2143 2691 singularem
2173 2625 2293 2693 ejus
2325 2626 2673 2693 probitatem,
2708 2626 2894 2690 tidem,
2921 2627 3094 2678 animi
3130 2626 3430 2679 candorem
3467 2633 3519 2679 et
3547 2639 3666 2677 mo-

406 2729 524 2768 rum
559 2711 895 2776 facilitatem,
926 2719 1196 2779 quotquOt
1229 2709 1295 2763 de
1322 2723 1389 2762 eo
1426 2722 1799 2779 exposuerunt
1829 2720 2082 2766 auctores
2115 2713 2248 2782 (l7).
2297 2711 2369 2768 De
2422 2715 2730 2769 eruditione
2774 2713 2894 2784 ejus
2918 2715 3203 2782 singulari,
3244 2723 3304 2768 ut
3363 2723 3479 2768 tum
3535 2728 3674 2774 erat,

403 2801 592 2857 Graeca
624 2813 677 2854 et
717 2797 909 2851 Latina
946 2812 1110 2866 opera
1146 2805 1414 2851 testantur
1447 2797 1584 2867 (l8),
1613 2798 1666 2851 in
1694 2797 1886 2866 primis
1915 2797 2188 2870 elegantes
2251 2800 2354 2856 illa:
2404 2802 2840 2857 memorabilium
2885 2802 3418 2874 XequhonleOrum
3461 2811 3516 2856 et
3547 2805 3670 2856 Ari-

406 2890 648 2942 stotelcze
685 2884 1096 2956 Mctaphysices
1126 2886 1436 2939 versiones.

478 2976 680 3038 Codex,
707 2989 738 3029 e
773 2988 882 3044 quo
925 2983 1214 3041 utramque
1253 2974 1393 3026 hanc
1421 2972 1730 3027 orationem
1767 2974 2053 3045 descripsi,
2090 2977 2154 3030 ad
2190 2977 2448 3048 inclytam
2487 2989 2729 3034 nostram
2755 2979 3214 3051 Rhedigerianam
3248 2983 3300 3035 in
3327 2982 3441 3036 aede
3477 2981 3534 3037 S.
3566 2981 3678 3036 Eli-

408 3067 646 3122 sabetlue
677 3066 913 3134 pertinet
950 3082 963 3119 :
1000 3065 1088 3134 (de
1119 3064 1276 3132 cujus
1301 3063 1528 3119 cimeliis
1565 3079 1624 3119 se
1666 3079 1791 3120 mox
1826 3081 1948 3121 esse
1983 3067 2216 3121 eruditis
2250 3068 2564 3123 accuratius
2604 3068 2924 3134 relaturum,
2953 3069 3314 3136 Scheibelius,
3355 3073 3438 3123 vir
3469 3072 3677 3125 doctis-

409 3156 584 3210 simus
619 3169 683 3209 ac
715 3154 782 3208 de
825 3152 976 3208 omni
1043 3167 1180 3223 pene
1238 3152 1545 3206 litterarum
1609 3168 1808 3222 genere
1866 3156 2276 3220 meritissimus,
2311 3156 2376 3209 ad
2412 3169 2628 3212 nostras
2692 3172 2852 3211 aures
2885 3158 3157 3226 pollicitus
3185 3158 3314 3228 est.)
3348 3158 3687 3215 Chartacmu

408 3246 583 3300 codex
622 3252 727 3307 est,
762 3244 1056 3297 maximam
1086 3253 1297 3311 partem
1326 3242 1394 3296 ab
1425 3242 1660 3297 Antonio
1687 3244 1890 3299 ".lllliia
1924 3253 1979 3299 et
2012 3262 2040 3297 ει
2071 3243 2332 3299 MiCbacle
2388 3244 2679 3312 Apostolio
2718 3245 2980 3314 scriptus,
3044 3247 3444 3302 interveniente
3475 3250 3678 3318 passim

430 3333 606 3387 aliena
646 3347 835 3394 manu,
871 3332 1018 3402 quod
1055 3343 1234 3385 tamen
1284 3347 1410 3385 raro
1448 3331 1524 3392 fit.
1562 3332 1797 3400 pessima
1835 3349 1966 3388 sane
2016 3336 2267 3402 luctuque
2313 3333 2643 3386 dillicillima.
2683 3335 2905 3404 Aliquot
2960 3337 3200 3406 pagellas
3246 3337 3516 3407 Georgius
3570 3342 3690 3406 «μιᾶς

412 3422 538 3474 dam
575 3421 966 3483 Plusiadimus,
997 3420 1139 3489 quod
1192 3419 1378 3488 aliquo
1418 3419 1538 3473 loco
1589 3429 1830 3473 notatum
1859 3431 1963 3488 est,
1993 3424 2232 3491 scripsit.
2270 3422 2490 3476 Littera:
2526 3424 2749 3478 minutre
2783 3433 2935 3491 sunt,
2989 3427 3225 3497 plurima
3266 3427 3320 3482 in
3354 3427 3587 3497 singulis
3621 3431 3693 3485 li—

416 3509 597 3574 bellis,
636 3509 729 3564 sed
759 3510 959 3563 usitata
986 3508 1308 3576 plerumque
1337 3507 1610 3562 scribendi
1646 3509 1988 3576 compendia.
2016 3508 2272 3567 Continct
2304 3512 2392 3568 ille
2419 3513 2534 3566 haec
2566 3529 2580 3568 ε

493 3602 544 3656 1.
579 3589 818 3674 Dionysii
850 3601 1027 3656 Halic.
1056 3603 1118 3654 de
1149 3599 1547 3666 Compositioue
1579 3599 1874 3654 verborum.

487 3698 544 3752 Ξ.
579 3695 946 3766 Tchphrasti
977 3695 1354 3749 Character“.

486 3787 539 3841 3.
583 3786 836 3840 lsocratis
863 3785 930 3838 ad
963 3784 1306 3838 Demonicum
1346 3781 1691 3837 Orationem.

499 3879 553 3932 4.
590 3875 982 3946 Ρυιιεριιειυῐη.
1026 3876 1098 3926 De
1131 3872 1548 3926 incredibilibus.

576 3965 892 4020 Tractatum
930 3963 1068 4016 rhct.
1098 3961 1289 4028 (Micb.
1326 3961 1615 4030 Apostolii,
1649 3963 1793 4031 quod
1828 3962 1982 4016 video
2010 3977 2040 4018 e
2069 3962 2266 4019 Leonis
2300 3965 2633 4035 Συμμίκτων
2682 3967 2804 4025 Cat.
2836 3969 2999 4024 Fabr.
3028 3967 3170 4036 XIV,
3208 3988 3258 4041 p.
3288 3970 3342 4038 9,
3378 3988 3432 4026 u.
3461 3970 3573 4041 78.)
3608 3971 3703 4032 Pr.

421 4056 626 4126 Φράσις
666 4053 780 4104 ἐπὶ
814 4051 969 4119 λόγῳ
998 4049 1431 4119 ἐγκατάσκευος,
1464 4049 1496 4120 ἢ
1525 4050 1682 4120 λόγος
1722 4050 1863 4103 κατᾶ
1900 4068 2015 4106 τινα
2048 4055 2277 4123 δήλωσιν
2312 4058 2706 4128 περισσοτέραν
2732 4062 3124 4130 ἐκφερόμενος.
3705 4077 3708 4080 ’

497 4266 574 4334 (5)
608 4265 707 4334 Ap.
744 4263 959 4318 Fabric.
985 4263 1023 4317 1.
1061 4279 1108 4318 c.
1144 4278 1197 4334 p.
1232 4261 1354 4334 740.

612 4331 712 4402 Ap.
748 4335 907 4389 Fabr.
947 4336 983 4388 l.
1024 4350 1072 4389 c.
1105 4331 1159 4402 pI
1187 4333 1308 4397 716,
1349 4348 1379 4385 e
1407 4331 1682 4402 Lambecii
1711 4334 1831 4388 Cat.
1874 4335 2005 4390 bibl.

501 4351 578 4407 (υ)
612 4351 712 4457 δε.
750 4351 907 4416 ranr'.
947 4351 983 4388 ι.
1024 4351 1072 4389 c.
1105 4351 1157 4402 p.
1197 4351 1308 4397 no,
1349 4351 1682 4414 eLamoecn
1711 4351 1831 4388 ωι.
1874 4351 2005 4390 nun.

426 4408 568 4461 Caes.
617 4474 632 4475 ί
695 4406 805 4460 ind.
861 4404 925 4468 ν,
979 4420 1030 4473 p.
1078 4404 1197 4458 175.
1251 4417 1281 4456 e
1345 4402 1485 4457 Bibl.
1521 4401 1693 4458 Vattc.
1743 4405 2006 4475 Altemps.

432 4477 584 4531 Bmi'.
614 4474 780 4545 Regia
810 4475 981 4529 Paris.
1015 4477 1206 4544 Sareg.

409 4576 420 4593 ι
501 4548 577 4616 (7)
609 4541 863 4600 Εκ’1›11)1.
898 4549 1131 4616 August.
1159 4541 1232 4616 'et
1264 4542 1400 4598 Loll.
1448 4541 1566 4616 lnd.
1604 4561 1705 4601 ms.
1739 4561 1858 4616 esse
1890 4562 2010 4601 eam

428 4612 649 4689 quoque
668 4618 721 4669 in
742 4616 872 4689 bibl.
894 4612 1250 4689 Reg—inparis;
1271 4623 1504 4669 testatur
1529 4615 1600 4668 ib.
1626 4632 1677 4684 p.
1700 4615 1822 4681 746,
1847 4633 1900 4689 n.
1924 4620 2008 4671 l7.

502 4683 580 4758 (8)
615 4685 691 4772 Du
739 4683 1146 4772 Eresne‘gﬂis‘t‘.
1211 4683 1474 4772 ligarant.‘
1510 4683 1798 4772 continens
1839 4687 2010 4772 1³⁸0111.

430 4755 569 4829 imp.»
591 4768 698 4812 etc.
739 4756 864 4812 Par.
902 4756 1061 4812 1680.
1098 4755 1410 4811 Combelisii
1439 4756 1658 4810 Λυσίαν.
1705 4756 1840 4838 _N_ou.
1866 4757 2009 4839 βίω.

431 4829 654 4901 Patrum
688 4829 916 4901 toni._ll,
949 4843 1069 4898 pug.
1100 4827 1237 4881 1045
1263 4855 1330 4866 --
1359 4825 1519 4880 1214.
1546 4826 1770 4882 Laontci
1804 4827 2011 4884 Histor.

433 4898 680 4963 Tun-ica,
715 4899 753 4959 I.
782 4895 871 4952 IV.

504 4970 580 5040 (9)
614 4971 716 5038 Ap.
753 4967 913 5022 Fabr.
944 4969 981 5023 1.
1010 4983 1059 5022 c.
1089 4983 1142 5040 p.
1177 4967 1299 5021 745.
1333 4966 1588 5040 Οοι1.εει
1616 4970 1667 5023 in
1711 4969 1845 5025 Bibl.
1883 4970 2013 5026 Bav.

432 5038 569 5096 Cn't.
600 5041 724 5097 200.
764 5049 818 5093 et
845 5041 994 5095 alibi.
1028 5039 1170 5093 Edit.
1205 5040 1390 5093 Alttw.
1427 5038 1586 5093 1575.

504 5112 618 5182 (10)
678 5109 896 5181 Ἀνδρὸς
936 5111 999 5163 οὐ
1037 5112 1199 5180 μόνον
1231 5108 1538 5182 αἱδεᾳὶμου,
1571 5111 1707 5165 ἀλλὰ
1736 5115 1830 5167 καὶ
1867 5114 2015 5181 αὑτῷ

446 5183 811 5253 ’Δριστοτέλει
844 5183 936 5235 καὶ
962 5181 1240 5253 pacisci;
1270 5181 1542 5253 «alatoic,
1575 5183 1689 5251 εἴγε
1720 5185 1842 5236 xat'
1868 5187 2014 5236 ὲκεί-

431 5251 551 5315 vou;
583 5256 855 5327 ὲγὲνετορ
884 5252 1047 5327 ἀνήρ.
1085 5251 1197 5327 Viri
1221 5267 1325 5327 non
1351 5251 1523 5327 solun;
1549 5254 1603 5307 in
1633 5257 2018 5308 venerationem

433 5327 680 5391 habendi,
733 5324 822 5378 sed
863 5333 910 5379 ct
962 5325 1025 5376 ab
1078 5326 1188 5392 ipso
1243 5322 1524 5376 Aristotele
1567 5334 1614 5377 et
1664 5328 1734 5388 ab,
1777 5327 2017 5380 omnibus

432 5399 771 5469 antiquitatis
805 5395 1101 5450 hominibus
1135 5396 1181 5469 si
1209 5399 1287 5447 vir
1332 5395 1438 5448 illis
1466 5399 1672 5451 corruit:
1706 5401 2015 5454 exstitissut.

436 5467 514 5523 Ita
545 5467 611 5523 de
636 5469 896 5524 l’lethone
926 5468 1265 5536 Apes-iulius.

508 5540 621 5611 (11)
656 5539 845 5593 Exstat
876 5541 928 5592 in
961 5538 1091 5611 bibl.
1130 5538 1271 5592 (lies.
1316 5536 1580 5611 Apologia
1619 5540 1887 5610 Apostolii
1924 5556 2020 5610 pm

433 5607 676 5671 GeiniSto
713 5614 982 5666 adversus
1025 5609 1248 5664 Gazam.
1303 5607 1551 5664 Lambcc.
1606 5607 1781 5665 Catal.
1823 5607 1935 5673 νη(
1963 5630 2019 5682 p.

2043 4272 2086 4325 Α
2124 4267 2882 4344 115.ρεβῃίειοιῇβΑροειιιιίἰ
2911 4271 2976 4344 ad
2991 4270 3297 4344 Gemistum
3316 4273 3387 4329 cf.
3411 4274 3483 4330 id.
3506 4291 3560 4344 p.
3584 4275 3604 4330 l
3627 4279 3708 4333 l6.

2195 4339 2682 4411 (12)_Apostoliitni
2731 4357 2760 4394 e
2808 4343 2980 4410 gratia
3030 4343 3369 4400 Bessarionis
3412 4339 3705 4411 excidisse,

2123 4406 2406 4481 Fabricius
2436 4424 2501 4481 ex
2541 4412 2768 4479 epistola
2807 4406 3061 4479 colligere
3090 4415 3285 4479 voluit,
3329 4417 3381 4467 in
3411 4432 3516 4481 qua
3550 4406 3710 4478 Pater

2125 4480 2396 4553 monuerit
2447 4478 2702 4553 Nostrum
2747 4499 2760 4536 :
2809 4483 2882 4534 Οὐ
2943 4478 3236 4553 λοιδορίαις
3272 4478 3381 4538 ντοῦ
3429 4478 3710 4542 ἀντιδεγου

2123 4548 2311 4626 (Quae
2340 4552 2602 4626 είς-ιξ-ἀηυ
2638 4553 2946 4626 ἀποδείξεσι
2992 4548 3099 4626 κᾳῖ
3138 4555 3388 4621 λογικαῑς
3438 4559 3710 4626 ἀνάγκη

2123 4618 2375 4696 τῴλφξλῳ
2412 4621 2704 4696 (Pletboni.
2738 4624 2886 4696 conf.
2921 4641 2974 4678 n.
3022 4624 3078 4691 2)
3140 4618 3569 4696 συὺηγορητέονξ
3622 4632 3713 4682 τὸι

2125 4691 2171 4738 τ’
2207 4689 2736 4764 ἐχθρὸνὰμυντέον.
2769 4693 2897 4747 Non
2935 4689 3180 4749 conviciis
3215 4689 3712 4764 inna'drersarium,

2126 4761 2217 4813 sed
2273 4763 2672 4837 probationibus
2719 4776 2767 4817 et
2826 4765 3008 4836 logicis
3062 4767 3490 4823 ineluctabilibus
3550 4761 3714 4837 ergit;

2128 4834 2312 4884 mentis
2340 4835 2510 4885 amico
2540 4834 2981 4900 patrocinandunt
3009 4854 3117 4890 esse
3147 4843 3279 4891 etde
3310 4841 3527 4894 inimico
3556 4834 3720 4894 uleis-

2127 4902 2702 4977 cendnm._Levissima
2751 4922 2886 4960 sane
2926 4923 3114 4962 causa.
3167 4907 3356 4977 Neque
3404 4915 3568 4965 etiam
3613 4915 3718 4965 tale

2126 4975 2388 5096 Ἇιιὲξιὶιίιι
2456 4977 2632 5030 oratio
2683 4978 2796 5032 haec
2855 4991 3041 5033 nostra
3106 4975 3307 5048 prodit.
3368 4980 3531 5038 Pabr.
3584 4983 3622 5036 Ι.
3665 4999 3718 5038 c.

2129 5060 2176 5106 ιι.
2208 5060 2333 5097 224.

2202 5116 2312 5194 (15)
2350 5113 2569 5194 llomcri
2620 5117 2895 5194 Codicent
2924 5121 2982 5194 in
3019 5122 3218 5194 inclyta
3266 5134 3453 5180 nostra
3509 5122 3719 5179 Rhedi-

2128 5189 2344 5268 genialia
2385 5186 2516 5257 Rep.
2557 5191 2601 5272 Ι..
2646 5207 2698 5271 n_.
2738 5192 2826 5258 98,
2875 5193 2965 5259 99,
3004 5186 3476 5265 ipse'Apostolius
3513 5198 3723 5253 notavit

2127 5273 2185 5308 εν
2219 5275 2376 5327 nava;
2410 5275 2467 5313 se
2497 5276 2803 5328 seitpsusse.

2202 5329 2314 5409 (δέ)
2347 5329 2696 5409 ᾼιιὴἰῇῐθδῂιῇἰς.
2734 5333 2875 5409 βίω.
2907 5335 2999 5391 Gr.
3036 5337 3146 5391 vol.
3178 5337 3246 5400 x,
3275 5354 3328 5406 p.
3357 5338 3464 5392 222
3496 5355 3580 5409 sq.

2347 5401 2514 5480 Labb.
2555 5404 2692 5480 Bibl.
2736 5405 2870 5480 l\_i_ov.
2910 5425 3042 5461 lllSS.
3080 5423 3202 5480 pag.
3241 5400 3328 5464 71.
3543 5400 3560 5409 ’
3624 5435 3631 5442 ’

2206 5473 2317 5548 (lii)
2355 5473 2567 5548 Ealn'ic.
2611 5478 2714 5548 vel.
2757 5477 2892 5540 Χιν.
2929 5495 3050 5548 pag.
3082 5473 3187 5542 ⁷11Ῐ,
3224 5498 3278 5534 tI.
3315 5482 3442 5538 121.

2208 5545 2318 5623 (l7)
2356 5543 2571 5623 Fabric.
2608 5546 2668 5599 B.
2706 5566 2788 5623 gr.
2818 5543 3025 5616 “uix;
3057 5570 3109 5623 ιι.
3147 5553 3244 5607 401
3286 5571 3372 5623 sq.

2207 5616 2318 5685 (l8,
2354 5620 2494 5672 Ideni
2533 5621 2606 5672 ib.
2644 5616 2837 5688 βίω-,ζ
2870 5639 2952 5691 sq.

501 5779 572 5839 la)
629 5777 691 5852 Ant
737 5779 783 5827 ei
840 5777 969 5841 apud
1014 5791 1103 5826 nos
1149 5790 1246 5826 non
1271 5783 1380 5826 erat
1414 5776 1493 5826 hic
1533 5778 1690 5829 locus.
1727 5777 1848 5830 Vide
1889 5785 2076 5831 lomum
2123 5784 2350 5845 proxime
2396 5793 2694 5834 sz-oucnlcm
2744 5789 2877 5836 inter
2913 5787 3278 5852 Prolegomena
3320 5791 3378 5840 ad
3425 5789 3737 5843 Bessarlouil

436 5853 610 5904 opera.
647 5840 782 5891 Εοιτ.

720 5951 992 6014 ΡΑτιιοι..
1038 5955 1152 6014 Gn.
1190 5955 1340 6015 CLX
1359 6002 1374 6017 .

3238 5961 3316 6024 30
