4406 6450
431 409 526 474 941
1357 411 1752 472 LAUDATlO
1785 356 2172 473 FUNEBRIS
2219 399 2525 464 CLEOPE
2564 397 2741 456 AUG.

515 525 674 581 'A‘z.).a't
713 525 882 580 ταῦτα
918 527 1016 596 μὲν
1045 528 1174 597 περὶ
1224 529 1318 597 τῆς
1377 527 1589 591 τελείας
1646 545 1704 580 τε
1757 531 1849 580 καὶ
1896 525 2010 595 μετ’
2044 533 2089 590 Α

433 622 740 690 ἐπιστήμης
786 621 987 688 ἀρετῆς
1016 622 1100 690 εἴη
1141 622 1207 674 ἂν
1233 619 1493 691 εξρηκὼς,
1524 617 1592 692 ἦς
1624 621 1718 674 καὶ
1747 621 1895 686 αὖτῷ
1919 637 2008 672 σο-

434 712 519 782 φῷ
541 713 656 764 ὄντι
695 711 887 781 μετῆν.
937 708 1274 782 Ἐπιστήμην
1305 713 1413 784 γὰρ
1451 712 1724 782 ἀνθρώπῳ
1768 728 2013 778 παραγε-

434 805 669 874 νομένην
719 804 936 873 ἀνάγκη
995 805 1256 859 ἁπάντων
1309 807 1531 874 κρατεῖν
1585 819 1644 857 τε
1707 807 1801 858 καὶ
1860 805 2012 872 ἄγειν

435 895 717 961 ἀσφαλῶς,
846 895 912 948 ἂν
941 896 1077 965 αὑτὴ
1103 895 1178 967 (6)
1207 897 1481 966 ὑφηγῆται
1518 899 1648 967 προς
1689 896 1750 949 τὸ
1774 897 1859 950 ἀεὶ
1897 897 2013 965 βέλ-

433 1003 638 1038 τιστον.

513 1077 654 1146 Πρῖς
695 1076 751 1128 δὲ
796 1077 1024 1141 πολλοὺς
1070 1077 1178 1130 τῶν
1202 1077 1402 1147 ἀρετὴν
1432 1078 1880 1147 ἐπιτηδευόντων,
1918 1080 2012 1133 ἂτε

439 1168 702 1238 λογισμοῦ
749 1170 876 1222 ἄνευ
907 1168 1117 1236 ταύτην
1148 1167 1592 1238 ἐπιτηδεύοντας,
1620 1168 1745 1244 δόξῃ
1785 1171 1841 1224 δὲ
1879 1170 2013 1240 ὀρθῇ

438 1260 762 1329 ἀγομένους,
790 1261 927 1323 τέως
961 1261 1061 1329 μὲν
1104 1260 1275 1314 πολλὰ
1311 1263 1406 1315 καὶ
1450 1262 1662 1331 μεγάλα
1693 1262 2012 1330 κατορθοῦν,

438 1353 533 1403 καὶ
578 1352 786 1421 σφόδρα
830 1353 981 1405 ἔστιν
1030 1354 1118 1405 ὅτε
1152 1354 1478 1423 εὐδοκιμεῖν.
1506 1355 1580 1407 Οὐ
1615 1355 1720 1425 μὴν
1752 1354 1888 1407 ἀλλὰ
1923 1357 2017 1406 καὶ

441 1445 653 1512 μεγάλα
692 1445 1090 1513 ἐξαμαρτάνειν
1133 1448 1280 1500 ἐστιν
1313 1448 1425 1510 ὅτε,
1457 1447 1554 1501 ἅτε
1599 1447 1834 1516 φαύλους
1866 1450 2017 1511 τινὰς

437 1524 641 1605 ἆρετῆς
699 1537 947 1606 φύλακας
994 1540 1090 1592 ὑπ’
1121 1541 1347 1608 ἀγνοίας
1400 1558 1505 1594 που
1549 1542 1794 1611 ὁπήποτε
1844 1542 2017 1609 ἀρετὴ

439 1631 644 1696 ἀγαθόν
699 1634 836 1696 ἐστι,
892 1634 992 1704 τὴν
1024 1634 1080 1686 δὲ
1129 1635 1224 1688 τοῦ
1278 1635 1396 1705 βίου
1445 1635 1704 1705 τελευτὴν
1748 1637 1860 1697 τοῖς
1887 1635 2019 1695 τέως

441 1723 851 1795 ἀναμαρτήτοις
901 1725 1266 1794 διαγεγονόσι,
1325 1728 1525 1798 πολλὴν
1554 1728 1672 1797 ,τὴν
1719 1728 2020 1796 ἀσφάλειαν

441 1815 550 1869 τῶν
599 1818 701 1887 ήδη
758 1819 938 1880 καὶ-ὡς
996 1821 1054 1871 ἐν
1123 1820 1200 1888 τῷ
1254 1819 1353 1890 βίῳ
1410 1821 1822 1888 πεπραγμένων
1880 1837 2019 1885 παρ-

443 1908 606 1976 έχειν,
642 1909 715 1971 ὡς
744 1910 926 1963 οὐκέτ’
959 1911 1026 1962 ἂν
1068 1910 1172 1963 ὑπὸ
1201 1911 1615 1982 ἁμαρτημάτων
1645 1911 2021 1981 ἀνατραπησο-

449 2003 647 2069 μένων.

518 2092 702 2163 Ταύτη
754 2111 834 2146 τοι
881 2095 976 2146 καὶ
1015 2095 1121 2147 τῶν
1156 2095 1330 2164 λόγων
1362 2098 1438 2166 (7)
1471 2097 1596 2158 τοὺς
1619 2099 1940 2166 ἐπιταφίους
1968 2116 2022 2149 τε

446 2184 538 2234 καὶ
586 2185 932 2252 ὲπικηδείους
977 2186 1108 2239 πολὺ
1143 2186 1208 2240 ἂν
1242 2205 1326 2249 τις
1371 2187 1477 2239 τῶν
1521 2188 1698 2241 ἄλλων
1735 2191 2025 2257 ἐγκωμίων

447 2275 554 2327 τῶν
616 2277 756 2329 κατὰ
803 2277 1108 2346 ἀνθρώπων
1164 2279 1465 2345 γινομένων
1523 2280 1791 2348 ἡγήσαιτο
1851 2283 2026 2348 ἀσφα-

446 2369 754 2440 λεστέρους,
794 2369 869 2433 ὡς
909 2370 974 2423 ἂν
1016 2371 1106 2423 ἐπὶ
1141 2370 1386 2441 βεὸαίαις
1421 2390 1480 2425 τε
1516 2373 1616 2443 ἤδη
1665 2373 1896 2443 πράξεσι
1936 2376 2027 2424 κςὶ

449 2461 652 2530 πολλήν
711 2478 831 2514 τινα
883 2461 982 2533 τὴν
1038 2463 1340 2531 ἀσφάλειαν
1407 2464 1716 2534 εἰληφυίαις
1767 2467 2026 2541 γιγνομέο

451 2570 573 2617 νους
737 2555 845 2608 Καὶ
894 2553 1167 2623 Ἀθηναῖοι
1212 2556 1350 2608 κατὰ
1387 2557 1511 2620 τοὺς
1543 2555 1636 2609 τοῦ
1673 2556 1910 2620 Σόλωνος
1943 2559 2029 2608 νό-

457 2664 590 2715 μους
641 2647 1068 2717 πολιτευόμενοι,
1121 2647 1190 2700 τὰ
1222 2648 1402 2702 πολλὰ
1424 2649 1633 2712 τούτοις
1668 2650 1903 2718 μάλιςτα
1936 2652 2028 2701 ἐπὶ

457 2742 567 2803 τοῖς
592 2739 769 2803 καλῶς
802 2741 1212 2811 τετελευτηκόσι
1236 2741 1470 2812 χρῆσθαι
1503 2742 1780 2812 ἐνόμισαν.

529 2914 637 2968 Καὶ
664 2913 726 2984 δὴ
755 2915 849 2968 καὶ⁵
875 2917 1035 2986 ἡμεῖς
1059 2917 1118 2980 ἐς
1144 2917 1292 2970 τόνδε
1325 2917 1416 2989 τὸν
1443 2918 1597 2987 λόγον
1631 2921 1722 2972 ἐπὶ
1759 2921 1853 2974 τοῦ
1891 2921 2030 2975 θειο-

454 3009 618 3064 τάτου
650 3011 807 3081 ἡμῶν
831 3013 1098 3081 ἡγεμόνος
1131 3015 1351 3082 γυναικὶ
1375 3015 1654 3085 οἰχομένη,
1689 3017 1860 3068 εἰπεῖν
1894 3033 2028 3085 προ-

455 3105 725 3174 ήχθημεν,
761 3106 879 3173 ἅμα.
919 3105 1019 3176 μὲν
1057 3107 1223 3160 καλὸν
1273 3108 1610 3178 ἀπειληφυίᾳ
1666 3109 1800 3177 αὑτῇ
1855 3109 2030 3175 πέρας

453 3197 548 3250 τοῦ
585 3198 726 3268 βίου,
760 3200 858 3268 τὴν
888 3199 987 3270 τῆς
1017 3201 1215 3271 ἀρετῆς
1266 3202 1395 3271 ἄχρι
1440 3201 1699 3270 τελευτῆς
1732 3201 2025 3272 σωτηρίαν,

3597 391 3700 452 942

2203 519 2305 575 Sed
2372 520 2485 571 luce
2545 514 2764 585 quidem
2817 514 2883 566 de
2935 509 3175 581 perfecta
3222 518 3272 563 et
3306 523 3369 563 ea
3416 523 3698 576 t]ll;1‘,Cllltl

2125 613 2351 668 scicntia
2385 621 2466 665 est
2504 610 2702 662 virtute
2766 606 2988 669 dixerit,
3047 619 3167 673 qua:
3221 611 3273 658 et
3332 602 3456 673 ipsi,
3517 611 3702 669 utpote

2125 705 2380 774 Sapienti,
2415 701 2608 756 inerat.
2655 698 2788 753 Nam
2839 697 2925 752 ubi
2958 697 3182 751 scientia
3215 695 3424 750 homini
3456 709 3704 749 access.»-

2125 799 2213 861 rit,
2248 808 2472 851 necesse
2511 804 2594 848 est
2631 807 2756 847 eam
2805 790 3051 844 omnium
3074 788 3236 858 potiri
3284 797 3337 842 et
3391 798 3704 841 constant-vr

2125 905 2304 959 agere,
2347 903 2454 957 qua
2489 888 2601 957 ipsa
2630 884 2915 951 direxerit,
2940 883 3006 936 ad
3045 867 3093 936 id
3129 881 3274 951 quod
3309 897 3525 950 semper
3558 881 3701 950 opti-

2124 998 2272 1038 mum
2310 983 2401 1037 sit.

2194 1075 2271 1128 Ad
2316 1074 2453 1137 haec,
2491 1070 2693 1124 multos
2724 1083 2911 1122 eorum
2971 1068 3062 1135 qui
3099 1068 3354 1122 virtutem
3399 1076 3703 1130 sectantur,

2126 1167 2226 1222 ctsi
2286 1167 2497 1234 absque
2562 1172 2711 1218 certa
2753 1163 2971 1216 ratione
3024 1176 3144 1216 eam
3187 1170 3487 1226 sectentur,
3551 1173 3699 1215 recta

2126 1272 2256 1310 vero
2299 1256 2556 1324 Opinione
2588 1254 2804 1318 ductos,
2850 1253 3198 1324 aliquatenus
3247 1253 3466 1319 quidem
3537 1252 3707 1306 multa

2126 1363 2179 1404 et
2210 1363 2402 1420 magna
2455 1363 2666 1418 gerere,
2702 1347 2889 1401 videas
2929 1343 3202 1400 interdum
3247 1353 3302 1401 et
3330 1345 3484 1398 valde
3541 1346 3709 1399 incla-

2131 1457 2364 1497 rescere.
2395 1441 2738 1509 Quandoque
2772 1448 2952 1494 tamen
3000 1450 3054 1495 et.
3115 1452 3308 1507 magna
3349 1445 3607 1506 peccant,
3653 1450 3709 1492 ut

2129 1535 2221 1604 qui
2278 1536 2387 1589 sint
2453 1534 2693 1602 imperiti
2752 1533 2978 1602 quidam
3019 1531 3277 1586 custodes
3311 1531 3548 1594 virtutis,
3586 1530 3709 1586 ideo

2129 1631 2270 1697 quod
2332 1628 2586 1682 nesciunt
2633 1627 2822 1694 utique
2853 1641 2960 1696 qua
3025 1625 3241 1680 ratione
3294 1627 3468 1680 virtus
3501 1626 3708 1680 bonum

2131 1723 2222 1784 sit,
2274 1721 2399 1774 vitae
2458 1735 2586 1774 vero
2615 1722 2778 1773 tinem
2816 1721 2883 1775 iis
2933 1720 3024 1788 qui
3083 1728 3310 1773 eatenus
3341 1719 3458 1773 sine
3484 1731 3710 1788 peccato

2135 1818 2621 1885 perseveraverunt
2668 1815 2893 1867 multam
2918 1829 3107 1867 eorum
3149 1827 3270 1882 qua:
3303 1827 3395 1883 per
3426 1813 3588 1866 vitam
3612 1813 3722 1867 ὕοι

2125 1918 2275 1961 ueste
2304 1906 2445 1961 facla
2476 1917 2600 1961 sunt
2628 1908 2975 1960 securitatem
3013 1904 3225 1970 ail'erre,
3264 1921 3325 1960 ea
3366 1908 3569 1977 quippe
3605 1924 3702 1976 per

2131 2008 2347 2069 peccata
2375 2000 2485 2070 jam
2517 1999 2748 2069 perverti
2787 2015 2891 2052 non
2927 2009 3201 2068 poterunt.

2199 2092 2538 2161 Quapropter
2618 2090 2876 2144 funebres
2949 2093 3355 2162 mortualesque
3406 2094 3708 2158 orationes,

2132 2201 2240 2254 prae
2263 2185 2472 2240 ea'teris
2506 2184 2909 2238 laudationibus
2962 2201 3082 2254 qtne
3135 2187 3202 2241 de
3240 2187 3556 2241 hominibus
3614 2188 3712 2240 ha-

2135 2280 2350 2344 bentur,
2403 2277 2574 2331 multo
2625 2277 2891 2332 certiores
2941 2279 3175 2346 quisque
3230 2280 3504 2335 aestimare
3553 2280 3712 2342 solet,

2134 2371 2335 2439 quippe
2364 2383 2483 2437 qua:
2542 2371 2688 2422 circa
2737 2369 2849 2438 jam
2906 2369 3091 2423 ﬁrmas
3119 2370 3363 2426 actiones
3397 2381 3451 2427 et
3485 2375 3710 2426 multam

2135 2462 2424 2520 quamdam
2495 2460 2874 2516 certitudiuem
2944 2461 3167 2530 adeptas
3254 2474 3562 2520 versentur.
3654 2465 3714 2519 Et

2132 2553 2512 2617 Athenienses,
2565 2553 2719 2622 juxta
2774 2551 2995 2607 Solonis
3053 2553 3200 2622 leges
3260 2569 3373 2608 rem
3441 2556 3713 2623 publicam

2136 2645 2605 2709 administrautes,
2645 2654 2702 2698 ut
2745 2645 3038 2713 plurimum
3077 2646 3130 2698 in
3178 2660 3273 2700 eos
3321 2647 3590 2717 prxcipne
3619 2650 3711 2716 qui

2134 2737 2332 2789 decora
2371 2745 2548 2788 morte
2581 2735 2928 2801 interierunt,
2970 2737 3073 2792 hoc
3107 2737 3483 2794 laudationum
3520 2755 3716 2807 genere

2135 2827 2397 2881 utendum
2459 2843 2579 2883 esse
2642 2836 2965 2882 sanxerunt.

2206 2921 2316 2975 Nos
2356 2936 2573 2989 quoque
2609 2920 2661 2974 iu
2697 2922 2900 2976 hancce
2940 2923 3241 2976 orationem
3291 2925 3358 2979 de
3389 2923 3718 2980 divinissimi

2137 3015 2395 3084 principis
2432 3016 2603 3068 nostri
2647 3015 2901 3069 defuncta
2964 3031 3134 3069 uxore
3161 3017 3463 3072 habendam
3509 3022 3719 3085 prodii-

2135 3120 2278 3172 mus,
2309 3115 2420 3159 tum
2451 3105 2670 3169 quidem
2699 3121 2764 3160 ne
2788 3121 2904 3160 eam
2939 3123 3055 3176 qua:
3089 3110 3379 3177 pulchrum
3407 3111 3526 3165 vitae
3561 3112 3718 3166 linem

2135 3208 2216 3253 est
2243 3207 2514 3260 assecuta,
2563 3197 2779 3252 virtutis
2821 3214 3014 3267 nempe
3063 3202 3127 3254 ad
3187 3203 3397 3256 obitum
3467 3219 3717 3272 perseve—

456 3291 550 3342 καὶ
595 3292 750 3345 αὐτοὶ
792 3295 1068 3364 κοσμῆσαι
1123 3293 1199 3363 τῷ
1241 3295 1384 3364 λόγῳ
1443 3296 1542 3348 οὐκ
1595 3295 2029 3360 ἀπαξιώσαντες,
2059 3316 2102 3373 C
2140 3303 2194 3340 τε]

1984 3313 2029 3358 ς,
2059 3316 2102 3373 C
2140 3289 2391 3353 rautiam,
2429 3288 2674 3342 oratione
2716 3298 2903 3344 nostra
2937 3292 3203 3348 decorare
3235 3311 3570 3363 recusemus,
3603 3309 3713 3352 tum

456 3383 575 3451 ἅμα
603 3383 661 3435 δὲ
687 3385 783 3453 καὶ
815 3385 922 3454 ἰδία
954 3387 1115 3455 χάριν
1140 3386 1279 3455 αὐτῇ
1304 3386 1509 3455 ταύτην
1539 3388 1899 3452 ἐκτιννύντες,
1934 3389 2033 3456 τῆς

455 3491 516 3526 τε
554 3473 740 3538 αἰδοῦς
792 3476 889 3530 καὶ
936 3477 1174 3540 εὐνοίας,
1213 3478 1280 3547 ἢν
1321 3479 1429 3530 αἰεὶ
1465 3480 1596 3548 ἡμῖν
1642 3479 2031 3549 ὲνδεικνυμένη

454 3566 697 3620 διετέῖει.

542 3659 757 3729 Ἐκεὶνη
789 3661 900 3731 γὰρ
932 3661 996 3714 ἐκ
1035 3663 1134 3730 μὲν
1178 3661 1360 3732 χώρας
1394 3663 1467 3733 (9)
1497 3662 1596 3732 τῆς
1645 3664 1874 3727 Ἰταλίας
1916 3666 2036 3732 ἐγε-

455 3753 624 3818 γόνει,
662 3746 732 3823 ἦς
785 3753 913 3816 τοὺς
952 3755 1244 3823 οἰκήτορας
1299 3754 1455 3821 ίσμεν
1516 3755 1806 3825 Ῥωμαίοις
1868 3759 2034 3811 παλαι

460 3844 762 3912 ἑπομένους
795 3844 997 3914 πολλῆς
1044 3845 1137 3897 καὶ
1169 3845 1266 3914 τῆς
1296 3847 1530 3917 ἀρίστης
1573 3846 1756 3916 σχεδὸν
1801 3849 1899 3916 τῆς
1929 3851 2033 3902 πά-

461 3954 559 4005 σης
588 3937 916 4007 οἰκουμένης
944 3936 1142 4006 μοίρας
1167 3941 1604 4007 κεκρατηκότας.
1641 3941 1749 3992 Καὶ
1780 3944 1904 4003 τοὺς
1940 3944 2035 4012 τῆς

461 4029 770 4097 ήμεμονίας
821 4028 994 4096 αὐτῆς
1046 4030 1206 4100 ὅρους
1261 4031 1397 4098 πρὸς
1441 4030 1538 4099 μὲν
1586 4029 1786 4101 ἄρκτον
1814 4033 2032 4101 Ἴστρῳ,

466 4121 602 4190 πρὸς
638 4122 694 4175 δὲ
723 4121 1074 4191 μεσημϐρίαν
1104 4121 1310 4190 Λιϐύης
1339 4125 1450 4185 τοῖς
1482 4117 1777 4193 ἀοικήτοις,
1821 4125 1950 4193 πρὸς
1982 4126 2038 4176 δὲ

462 4214 699 4283 ἑσπέραν
733 4213 993 4280 Ὠκεανῷ,
1026 4214 1117 4266 καὶ
1153 4213 1286 4282 πρὸς
1316 4215 1389 4267 ἕω
1419 4216 1651 4286 Τίγρητι
1689 4218 1919 4285 ποταμῷ
1946 4235 2038 4267 πε-

462 4308 816 4374 ποιημένους.
854 4304 1060 4357 Γονέων
1091 4304 1204 4374 (10)
1239 4305 1284 4359 δ’
1311 4307 1492 4359 αὐτῶν
1519 4307 1618 4375 ἔφυ
1654 4310 1820 4379 ἀρετῇ
1850 4325 1907 4360 τε
1945 4311 2038 4360 καὶ

463 4397 727 4466 ἐμπειρίᾳ
765 4395 1064 4466 πολεμικῇ,
1104 4396 1262 4448 τοῦτο
1291 4398 1392 4464 μὲν
1412 4390 1488 4449 ὧν
1519 4393 1691 4466 ἦρξαν
1719 4399 1925 4450 πόλεων
1954 4417 2040 4449 κε-

463 4488 838 4555 κρατηκότων,
876 4485 986 4538 αἰεὶ
1015 4485 1070 4538 δὲ
1107 4486 1245 4555 πρὸς
1278 4487 1520 4550 ἅπαντας
1557 4488 1685 4557 περὶ
1716 4490 1783 4541 τὰ
1815 4489 2039 4541 τοιαῦτα

464 4578 918 4649 εὐδοκιμούντων.

2139 3395 2266 3433 vero
2315 3389 2372 3433 ut
2431 3381 2684 3450 privatim
2724 3383 2863 3438 hanc
2912 3384 2959 3437 ei
3001 3398 3207 3453 partem
3257 3390 3605 3447 exsolvamus
3636 3411 3718 3447 rc-

2138 3469 2402 3524 vcreutite
2467 3480 2521 3524 et
2570 3470 2966 3528 benevolentia:
3021 3493 3184 3544 quam
3243 3481 3397 3535 nobis
3460 3484 3719 3538 exhibens

2139 3577 2415 3629 nunquam
2441 3561 2668 3618 destitit.

2213 3655 2302 3709 Illa
2332 3656 2477 3709 enim
2521 3673 2582 3712 ex
2620 3657 2803 3712 Italica
2850 3660 3068 3728 regione
3095 3671 3212 3716 orta
3246 3673 3386 3730 era},
3437 3669 3594 3738 cujus
3641 3673 3718 3724 iu-

2140 3744 2286 3798 colas
2315 3745 2565 3799 novimus
2592 3745 2871 3802 Romanos
2903 3751 3030 3803 olim
3086 3755 3388 3808 eo:itineuti
3424 3774 3713 3827 progressu

2143 3836 2402 3906 majorem
2445 3837 2832 3907 melioremque
2891 3839 3006 3893 fere
3074 3843 3223 3897 orbis
3277 3846 3514 3903 universi
3551 3852 3721 3921 impe-

2143 3931 2222 3981 rio
2253 3929 2572 3997 subjugasse
2622 3931 2910 3997 etimperii
2943 3935 3206 3989 terminos
3250 3938 3414 4005 hujus
3469 3943 3534 3996 ad
3596 3960 3720 4014 sep-

2145 4021 2473 4074 tentrionem
2529 4021 2689 4083 lstro,
2766 4022 2831 4075 ad
2887 4023 3174 4079 meridiem
3264 4029 3716 4092 iuhabitabilibus

2141 4112 2322 4182 Libyae
2350 4114 2613 4182 partibus,
2651 4113 2713 4166 ad
2775 4115 3112 4170 occidentem
3149 4134 3354 4173 oceano
3384 4132 3436 4176 et
3463 4126 3529 4178 ad
3563 4141 3723 4181 auro-

2145 4220 2255 4258 ram
2288 4204 2432 4274 Tigri
2468 4205 2691 4260 ﬂumine
2729 4207 2991 4263 deiiuitos
3066 4212 3168 4264 sibi
3206 4216 3582 4274 constituisse.
3625 4220 3723 4274 Pa-

2143 4307 2321 4350 rentes
2354 4308 2530 4352 autem
2574 4315 2636 4352 ex
2673 4301 2873 4368 quibus
2899 4312 2982 4356 est
3020 4315 3159 4366 orta,
3192 4310 3390 4362 virtute
3417 4321 3468 4363 et
3499 4313 3721 4368 militari

2144 4391 2338 4460 peritia
2373 4407 2465 4460 per
2496 4407 2659 4461 quam
2710 4395 3045 4459 civitatibus,
3083 4399 3282 4466 quibus
3310 4402 3722 4471 imperitabant,

2145 4487 2301 4555 potiti
2365 4497 2514 4552 sunt,
2566 4503 2779 4556 semper
2835 4492 2976 4557 apud
3009 4505 3200 4547 omnes
3262 4494 3314 4547 in
3355 4496 3519 4552 rebus
3559 4501 3722 4571 hujus

2144 4579 2358 4647 generis
2405 4578 2727 4633 inclaruere.

532 4669 691 4724 Οὕτω
718 4669 776 4722 δὲ
831 4671 896 4722 ὲκ
933 4669 1192 4722 τοιούτων
1221 4669 1387 4738 φῦσα,
1426 4671 1555 4740 τῇδέ
1601 4688 1658 4724 τε
1701 4673 1931 4726 ἐλθοῦσα
1971 4675 2045 4742 τῷ
2081 4686 2121 4734 ῃ
2225 4670 2264 4722 Τ

1989 4675 2045 4742 πῖ)
2081 4686 2121 4734 ῃ
2225 4670 2450 4724 Talibus
2477 4672 2638 4739 igitur
2664 4683 2803 4737 orta,
2840 4685 3124 4744 postquam
3157 4679 3261 4733 huc
3298 4683 3558 4748 venisset,
3590 4685 3729 4740 divi-

463 4761 724 4829 Θειοτάτῳ
750 4761 906 4829 ἡμῶν
928 4761 1241 4830 συνῴκησεν
1263 4762 1515 4830 ἡγεμόνι,
1544 4763 1694 4835 καλῷ
1724 4782 1782 4816 τε
1809 4765 1922 4817 ὄντι
1949 4770 2044 4819 καὶ

464 4852 655 4923 ἀγαθῷ
687 4853 824 4922 καλή
850 4870 908 4905 τε
944 4853 1184 4923 κάγαθὴ,
1217 4855 1386 4907 πολύν
1416 4873 1473 4908 τε
1522 4858 1614 4909 καὶ
1662 4858 1916 4927 λαμπρὸν
1947 4862 2010 4911 κό

463 4965 601 5017 σμον
628 4948 902 5018 φερομένη
936 4949 1081 5002 κατά
1109 4965 1166 5001 τε
1217 4951 1373 5018 σῶμα
1423 4952 1514 5002 καὶ
1546 4951 1755 5021 ψυχήν⁶
1790 4952 2040 5021 σώματο;

466 5041 566 5108 μὲν
626 5039 823 5102 κάλλος
864 5041 956 5093 καὶ
1011 5041 1262 5109 μέγεοος,
1302 5043 1478 5110 ψυχῆς
1506 5042 1560 5094 δὲ
1599 5044 1659 5094 τὸ
1694 5045 1828 5112 πρὸς
1860 5046 2040 5096 πᾶσαν

463 5131 666 5200 ἀρετὴν
712 5128 772 5185 εὖ
820 5134 1088 5200 πεφυκός.
1122 5133 1302 5186 Ἐνιαι
1347 5135 1446 5203 μὲν
1486 5134 1594 5205 γὰρ
1623 5135 1730 5186 τῶν
1767 5137 2044 5202 γυναικῶν

467 5223 694 5286 κάὶλους
755 5223 1009 5291 σώματος
1065 5223 1325 5293 τυχοῦσαι
1369 5224 1562 5276 ἔπειτα
1606 5225 1741 5277 πολὺ
1779 5242 1829 5276 τι
1867 5225 2045 5294 ψυχῆς

470 5309 660 5382 αἶσχος
685 5314 858 5384 τούτῳ
881 5315 1239 5367 ἀντιτιθεῖσαι
1275 5316 1550 5385 ἄχρηστον
1575 5317 1726 5384 αὐτὸ,
1758 5316 1957 5385 μᾶλλον
1987 5319 2040 5368 δὲ

535 5459 610 5522 (6)
641 5459 684 5530 li.
712 5478 767 5530 q.
804 5460 1084 5530 ἐξηγῆται.

539 5533 615 5599 (7)
647 5529 861 5603 Cicero,
895 5532 1088 5603 Deleg.
1125 5532 1188 5599 Il,
1222 5534 1314 5595 25,
1345 5532 1437 5587 24.

539 5606 615 5670 t8)
647 5602 868 5674 Qonfer,
910 5603 1016 5674 qui
1045 5602 1119 5657 de
1169 5607 1450 5674 sculptura
1509 5616 1749 5658 veterum
1807 5606 2011 5672 scripse

470 5685 620 5735 runt,
657 5671 952 5738 Qtteusted,
989 5671 1309 5743 Gyraldum,
1350 5673 1697 5736 Gutberium.
1753 5671 1953 5730 Nicolai
1995 5694 2040 5726 ι’.

471 5762 521 5798 a.
562 5744 632 5798 De
664 5744 872 5811 origine
913 5747 1105 5798 harum
1144 5747 1451 5799 orationum
1489 5748 1595 5800 viil.
1635 5747 1855 5811 ilionvs.
1903 5747 2048 5798 llali-

671 5809 850 5881 Antia.
900 5814 1048 5869 Rom.
1102 5816 1137 5870 l.
1177 5833 1226 5882 v,
1260 5834 1310 5886 ιι.
1351 5816 1448 5870 154
1492 5820 1598 5888 (ed.
1650 5809 2048 5888 Lathignou,

2152 4763 2387 4814 mssimo
2455 4762 2683 4831 principi
2743 4777 2931 4819 nostro
2978 4768 3160 4834 ﬂlljhil
3220 4773 3446 4839 pulchra
3498 4788 3551 4830 et
3584 4778 3725 4832 bona

2153 4851 2379 4918 pulchro
2405 4862 2454 4905 et
2488 4853 2649 4915 bono,
2696 4856 3039 4923 multumque
3071 4873 3121 4909 et
3146 4863 3488 4928 splendidum
3521 4883 3726 4936 corpo-

2151 4946 2224 4997 ris
2249 4955 2300 4997 et
2332 4945 2498 4997 animi
2533 4948 2787 5000 ducerem
2820 4964 3004 5003 secum
3037 4951 3290 5018 alferens,
3333 4961 3583 5027 corporis
3612 4963 3730 5029 qui-

2149 5038 2269 5088 dem
2293 5037 2737 5104 pulchritudinem
2790 5047 2842 5092 et
2887 5045 3329 5110 magnitudinem,
3371 5051 3538 5104 animi
3603 5069 3730 5107 veru

2151 5128 2388 5182 indolem
2423 5128 2486 5181 ad
2546 5145 2760 5184 omnem
2794 5132 3051 5187 virtutem
3107 5153 3134 5188 a
3196 5147 3392 5192 natura
3450 5157 3732 5212 compara-

2159 5235 2290 5279 tam.
2322 5224 2674 5278 Feminarum
2703 5227 2846 5278 enim
2879 5230 3128 5298 quaedam
3198 5235 3446 5303 corporis
3481 5251 3734 5294 venusta-

2162 5327 2266 5367 tem
2333 5317 2561 5378 sortitae,
2608 5321 2700 5370 sed
2752 5319 2878 5372 huic
2935 5321 3159 5375 multam
3225 5326 3391 5380 animi
3429 5327 3729 5386 [teditatem

2222 5462 2297 5530 (9)
2335 5463 2577 5517 Umbria.

2225 5537 2334 5597 (tu)
2372 5535 2500 5585 Filia
2537 5537 2636 5585 tnit
2662 5533 2949 5588 Malateslu:
2978 5536 3130 5589 ducis
3170 5537 3446 5594 Marehize.
3473 5540 3731 5598 Phrantz.

2153 5607 2186 5658 l.
2222 5621 2270 5656 τ’.
2303 5606 2363 5657 ll.
2393 5622 2513 5672 cap.
2557 5607 2636 5657 l0.
2671 5605 2743 5676 lle
2767 5605 3168 5659 Malalestarnnt
3197 5613 3736 5676 ΑιἹιιιὶιιῡιιειιιιιιμι-

2154 5692 2281 5726 ιιίτυ
2324 5678 2466 5727 (ιωιιί.
2527 5676 2678 5726 Paul.
2733 5675 3025 5730 llatttustus
3097 5695 3145 5730 Ill
3211 5680 3450 5736 Dedicat.
3514 5675 3732 5739 llohetti

2156 5747 2382 5820 Vaitnt'ii
2421 5747 2492 5820 De
2542 5764 2593 5798 rc
2632 5747 2877 5820 militari,
2925 5747 3097 5802 Paris.
3157 5766 3242 5820 ap.
3297 5750 3540 5806 \Vechel.
3603 5755 3731 5810 1554

2154 5818 2247 5875 (tul
2299 5820 2373 5882 ιζ).
2413 5819 2685 5869 l‘untuntts
2719 5817 2782 5870 ad
2818 5820 3136 5872 I’ltt‘antmnt
3171 5817 3206 5874 Ιξ
3243 5837 3289 5874 c.
3331 5825 3395 5877 ad
3433 5825 3733 5878 Leandrum

2152 5887 2425 5941 All'crmm
2463 5891 2513 5942 in
2550 5887 2855 5944 liUllltlnlli‘d
2894 5888 3073 5946 Descr.
3107 5891 3240 5947 Ital.
3278 5895 3510 5965 ιξυῖυδςιι.
