4406 6450
463 407 571 472 945

1388 416 1776 478 LAUDATIO
1821 412 2213 475 FUNEBRIS
2257 417 2570 475 CLEOPJ".
2619 419 2792 480 AUG.

3615 411 3718 472 9l6

531 523 855 598 Γενναιὸτης
885 531 997 602 δὲὴ
1034 535 1159 603 περὶ
1183 533 1359 588 ταῦτα
1400 537 1575 590 πάντα
1615 536 1894 607 καμάτους
1940 537 2033 589 καὶ
2061 532 2106 588 Α
2207 532 2271 586 Οε

1981 537 2033 588 αἰ
2061 532 2106 588 Α
2207 532 2550 589 Generositas
2586 546 2759 590 autem
2801 535 2964 588 animi
3041 535 3152 590 lucc
3176 542 3291 589 erat
3345 543 3402 586 ut
3433 548 3493 586 ea
3535 535 3716 586 omnia

463 615 657 682 πόνους
683 619 744 672 ού
774 623 1010 688 φαύλους
1039 624 1229 694 ἔχοντα
1252 626 1352 679 ούκ
1387 628 1623 692 ἔκλυσις.

530 799 689 854 Οὕτω
719 801 774 854 δὲ
808 802 900 854 καὶ
925 803 1061 870 μετά
1082 803 1339 859 τοιούτων
1371 807 1820 878 ἐπιτηδευμάτων
1844 811 2033 880 βιοῠσα

461 893 553 944 καὶ
599 893 772 946 ταῦτα
825 894 1068 948 ἀσκοῦσα
1115 898 1206 950 καὶ
1258 899 1540 965 μελετῶσα
1590 902 1730 956 καλά
1760 919 1818 954 τε
1850 904 2033 968 καλοῖς

457 986 544 1036 ἀεὶ
598 985 976 1054 προστιθεῖσα,
1011 987 1102 1041 ἐπὶ
1159 989 1485 1062 θυγατριδίῳ
1541 993 1690 1061 καλῷ
1748 1011 1807 1046 τε
1857 997 2032 1064 κάγα-

460 1074 536 1143 θῷ
574 1075 665 1128 καὶ
693 1077 804 1129 τῶν
839 1078 1041 1144 γονέων
1076 1079 1229 1151 ἀξίῳ,
1287 1083 1344 1135 ἑν
1380 1084 1516 1154 αὐτῇ
1569 1088 1632 1154 τῇ
1684 1087 1782 1155 τῆς
1816 1089 2032 1158 ἡλικὶας

457 1165 633 1235 ἀκμῇ,
668 1168 963 1239 προσθείην
991 1170 1034 1222 δ’
1069 1173 1154 1238 ἂν,
1190 1174 1269 1227 ὄτι
1315 1177 1408 1229 καὶ
1454 1177 1563 1229 τῶν
1595 1178 1880 1248 ἡμετέρων
1915 1182 2034 1250 ἐορ-

458 1257 566 1308 τῶν
612 1275 671 1310 τε
712 1261 806 1313 καὶ
856 1262 1019 1331 ίερῶν
1081 1267 1194 1328 τοῖς
1239 1267 1562 1335 ἁγιωτάτοις
1612 1269 1735 1340 ἀρτι
1779 1272 1887 1341 (Ιιί)
1938 1275 2033 1327 τοῦ

458 1352 772 1417 ἀγιωτάτου
822 1355 930 1409 τῶν
973 1359 1260 1430 ἡμετέρων
1303 1362 1662 1434 μετειληφυῖα
1695 1368 2030 1437 μυστηρίων,

461 1444 599 1513 νόσῳ
631 1463 688 1498 τε
719 1447 973 1519 ὀξυτάτῃ,
1015 1452 1108 1505 καὶ
1152 1455 1423 1521 κρείττονι
1452 1457 1632 1525 πάσης
1669 1459 1915 1530 ίατρικῆς
1947 1465 2031 1528 ἐγ-

460 1534 761 1604 χειρήσεως
794 1539 890 1590 τοῦ
921 1540 1046 1608 τῇδε
1082 1540 1199 1609 βίου
1230 1543 1562 1616 ὑπεκχωρεῖ.
1613 1546 1699 1610 Ὠς
1727 1551 1819 1602 καὶ
1855 1551 2032 1602 ἐντεῦ-

459 1623 550 1676 θεν
585 1627 807 1699 θεοφιλῆ
835 1631 946 1698 (15)
985 1633 1051 1686 ἂν
1088 1635 1313 1700 εἰκότως
1353 1637 1550 1700 δοκεῖν,
1587 1641 1642 1692 ἐν
1675 1642 1903 1709 τοιούτῳ
1937 1643 2031 1696 τοῦ

459 1714 651 1784 καιροῦ
706 1718 811 1770 ὑπὸ
869 1720 1004 1773 Θεοῦ
1064 1725 1490 1796 ἀνειλημμένην,
1533 1729 1734 1798 πολλὴν
1781 1734 1878 1800 μὲν
1921 1738 2032 1800 τοῖς

459 1809 723 1878 ὑπηκόοις
751 1814 1071 1883 κατήφειαν,
1107 1818 1364 1886 πλείστην
1397 1822 1451 1872 δὲ
1478 1821 1552 1891 τῷ
1585 1822 1848 1896 θειοτάτῳ
1874 1831 2029 1898 ἡμῶν

458 1902 690 1969 ἡγεμόνι
746 1905 1089 1962 ἀπολιποῦσα
1145 1911 1381 1981 ἀθυμίαν
1428 1914 1519 1966 ἐπὶ
1566 1919 1628 1986 τῇ
1665 1919 1862 1989 ἑαυτῆς
1892 1923 2028 1974 ἀπο-

460 1993 611 2061 ϐολῇ.

540 2085 681 2139 Ἀλλ’
714 2089 761 2140 εί
802 2089 902 2157 μὲν
933 2092 1100 2160 μηδέν
1139 2113 1188 2147 τι
1219 2093 1286 2166 ἦν
1318 2100 1373 2151 ὲν
1401 2101 1476 2170 τῷ
1518 2103 1791 2174 ἀνθρώπῳ
1825 2105 2030 2158 ἀθάνα-

456 2193 566 2238 τον,
626 2179 929 2247 ἀνήκεστον
961 2184 1025 2237 ἂν
1057 2180 1125 2256 ἦν
1168 2192 1312 2241 κατά
1359 2191 1418 2244 τὸ
1460 2195 1606 2256 εἰκὸς
1646 2197 1736 2247 καὶ
1771 2199 1796 2263 ἡ
1834 2198 1927 2250 ἐπὶ
1957 2199 2032 2266 τῷ

458 2268 673 2339 θανάτῳ
702 2271 907 2340 ἀθυμία
934 2290 948 2307 ⁸
1002 2275 1097 2328 νῦν
1132 2278 1246 2347 (16)
1278 2280 1322 2332 δ’
1351 2283 1379 2334 ὃ
1421 2301 1471 2334 τι
1516 2286 1714 2354 φαμὲν,
1750 2289 1809 2339 τῦ
1859 2292 1955 2357 μέν
1980 2308 2030 2342 τι

460 2359 615 2427 ἡμῶν
668 2363 862 2432 θνητὸν
916 2364 1076 2433 εἶναι,
1118 2370 1177 2422 τὺ
1229 2370 1273 2422 δ’
1303 2373 1587 2441 ἀθάνατον,
1633 2377 1771 2446 δῆλα
1807 2381 1892 2446 δὴ,
1948 2384 2028 2435 ὅτι

456 2451 599 2504 τοῦτ’
639 2454 704 2506 ἂν
750 2456 809 2508 τὸ
844 2460 1180 2526 κυριώτατον
1228 2464 1385 2533 ἡμῶν
1439 2469 1533 2521 καὶ
1575 2469 1604 2521 ὃ
1656 2471 1890 2538 μάλιστα
1932 2476 2026 2528 ἄν-

457 2546 674 2613 θρωπος
719 2550 799 2617 εἴη
848 2550 908 2602 τὸ
943 2553 1226 2619 ἀθάνατον,
1265 2557 1410 2611 τὸδὲ
1454 2560 1647 2630 θνητὸν
1691 2569 1838 2618 τουτὶ
1868 2585 2031 2636 χιτω-

456 2638 570 2689 νίου
605 2640 746 2703 τινὸς
773 2640 949 2712 δίκην,
989 2644 1065 2716 τῷ
1096 2646 1349 2717 ἀθανάτῳ
1388 2651 1453 2705 ἂν
1479 2654 1637 2721 ἡμῶν
1670 2657 1756 2724 εἴη
1788 2675 2030 2729 προσηρ-

459 2731 751 2800 μοσμένον.

529 2911 622 2974 Ὠς
654 2931 754 2966 που
791 2916 893 2968 κᾶν
917 2915 1030 2987 ἔχοι
1059 2921 1262 2987 καλῶς,
1297 2926 1385 2977 ἐπὶ
1417 2929 1481 2996 τῇ
1514 2929 1606 2981 τοῦ
1634 2933 1880 2999 χιτωιίου
1910 2935 2026 2988 τοῦ·

453 2996 508 3049 δε
544 2999 807 3071 ἀποϐολῇ,
836 3003 953 3055 οὗθ’
978 3005 1116 3073 ὑπὲρ
1146 3011 1306 3078 ἡμῶν
1336 3015 1535 3081 αὐτῶν,
1567 3018 1689 3072 οὔτε
1723 3023 1828 3074 τῶν
1858 3025 2026 3091 φίλων

457 3095 662 3164 σφόδρα
691 3114 744 3149 τι
767 3098 1021 3168 ἀθυμεῖν,
1054 3102 1164 3166 ἕως·
1197 3105 1262 3159 ἂν
1291 3107 1350 3160 τὸ
1382 3112 1718 3179 κυριώτατον
1745 3117 1898 3183 ἡμῶν
1932 3120 2025 3172 καὶ

2136 637 2254 690 quae
2321 625 2533 681 labores
2597 643 2702 680 non
2761 627 2999 682 modicos
3055 637 3107 680 et
3183 625 3712 694 defatigationcslta-

2137 715 2264 769 bent
2326 731 2428 768 non
2481 717 2750 771 deﬁceret.

2208 804 2498 876 Postquam
2542 825 2666 861 eum
2708 808 2772 862 ad
2818 809 3032 860 modum
3061 815 3112 860 et
3145 808 3343 860 talibus
3364 823 3483 859 cum
3515 805 3712 858 studiis

2139 898 2365 953 vixisset
2393 908 2445 953 et
2477 901 2559 955 bis
2590 902 2826 954 exercita
2865 900 3012 954 curis
3051 902 3189 954 bona
3227 900 3379 953 bonis
3410 899 3712 952 addidisset

2137 991 2378 1055 assidue,
2435 1003 2555 1058 pou
2592 991 2846 1045 tenellam
2886 992 3078 1054 tiliam,
3121 992 3401 1060 pulchram
3445 1006 3595 1058 mque
3647 1005 3707 1041 ac.

2149 1081 2346 1134 bonam
2379 1082 2709 1151 dignamque
2743 1083 3081 1150 parentibus,
3117 1083 3167 1136 in
3199 1083 3314 1150 ipso
3346 1083 3520 1135 a-tatis
3559 1081 3706 1142 ﬂore,

2136 1181 2207 1237 et,
2239 1183 2296 1227 ut
2354 1173 2404 1226 id
2442 1189 2661 1242 quoque
2702 1175 3025 1238 addiderim,
3093 1176 3360 1243 perceptis
3408 1191 3577 1242 nuper
3619 1189 3708 1227 sa-

2137 1266 2483 1318 cratissimas
2514 1266 2655 1319 intra
2695 1267 3068 1321 solemnitates
3097 1281 3313 1320 nostras
3351 1275 3403 1320 et
3432 1269 3712 1335 augustis-

2136 1358 2271 1412 sima
2336 1357 2599 1412 sacrificia
2644 1359 3007 1412 sanctissimis
3047 1359 3337 1428 mysteriis,
3398 1358 3717 1411 acutissimo

2138 1447 2328 1501 morbo
2369 1449 2457 1516 qui
2495 1463 2709 1501 Olllllem
2757 1447 3042 1501 medicinze
3102 1447 3473 1516 Operationetn
3545 1461 3712 1514 Supe-

2136 1549 2285 1594 raret
2322 1541 2610 1602 exstincta.
2649 1555 2712 1593 ex
2756 1540 2858 1592 bac
2893 1541 2998 1592 vita
3028 1539 3286 1594 decessit.
3342 1538 3418 1592 Ita
3460 1549 3516 1592 ut
3542 1539 3706 1593 etiam

2141 1632 2266 1685 inde
2301 1647 2328 1684 a
2356 1630 2463 1686 Deo
2509 1632 2703 1685 dilecta
2736 1631 2926 1683 merito
2977 1642 3264 1684 censeatur
3328 1646 3446 1698 qua:
3487 1632 3554 1682 ab
3594 1631 3711 1697 ipso

2137 1721 2190 1774 in
2226 1723 2317 1776 tali
2345 1722 2608 1790 temporis
2682 1721 3089 1790 Opportunitatc
3118 1721 3187 1775 sit
3228 1730 3533 1788 assumpta,
3573 1720 3717 1772 mul-

2139 1821 2250 1866 tum
2320 1812 2535 1879 quidem
2598 1811 2826 1865 subditis
2885 1824 3198 1874 maerorem,
3259 1808 3551 1878 plurimam
3630 1823 3718 1862 ve-

2138 1920 2198 1959 ro
2219 1903 2563 1958 divinissimo
2593 1903 2822 1972 principi
2847 1912 3031 1955 nostro
3051 1902 3328 1955 tristitiam
3369 1902 3704 1970 relinquens.

2208 2081 2363 2146 Quod
2403 2080 2449 2132 si
2500 2094 2627 2132 vero
2669 2079 2800 2132 nihil
2857 2088 3000 2131 esset
3035 2078 3338 2132 immortale
3378 2079 3427 2130 in
3471 2080 3709 2139 homine,

2134 2177 2557 2232 irremediabilis
2598 2188 2745 2231 esset
2792 2177 2914 2245 jure
2956 2177 3149 2229 merito
3184 2178 3249 2228 de
3285 2187 3459 2228 morte
3504 2179 3712 2229 mmsti-

2135 2271 2227 2325 tia.
2255 2270 2410 2324 Nunc
2455 2279 2632 2324 autem
2676 2269 2788 2338 (15)
2817 2269 2959 2335 quod
3004 2269 3316 2336 proﬁtemur
3363 2278 3567 2335 partem
3607 2285 3708 2321 no—

2137 2363 2237 2419 stri
2310 2362 2532 2415 alteram
2586 2376 2706 2414 esse
2763 2361 3070 2421 mortalem,
3143 2359 3504 2412 immortalem
3573 2376 3698 2413 vero

2133 2455 2381 2517 alteram,
2416 2453 2697 2504 evidenter
2727 2453 3084 2520 consequitur
3112 2450 3163 2503 id
3201 2450 3351 2517 quod
3397 2451 3706 2503 inmortale

2133 2548 2464 2619 praecipuam
2502 2545 2670 2599 nostri
2714 2559 2837 2597 esse
2896 2553 3102 2609 partem
3164 2553 3214 2594 et
3270 2543 3483 2608 proprie
3533 2544 3708 2595 liotni-

2133 2654 2277 2701 nem,
2303 2639 2402 2691 hoc
2428 2647 2607 2689 autem
2647 2635 2787 2702 quod
2829 2643 2908 2686 cst
2951 2631 3200 2690 mortale.
3231 2633 3483 2685 tunicubc
3511 2634 3700 2699 cujus-

2130 2731 2252 2784 dam
2334 2731 2526 2792 instar,
2581 2729 2644 2779 ad
2719 2727 2768 2778 id
2821 2725 2964 2794 quod
3035 2733 3118 2778 est
3161 2724 3211 2776 in
3275 2724 3434 2778 nobis
3500 2726 3700 2779 mortis

2131 2823 2374 2875 nescium
2435 2821 2744 2887 adaptatum
2795 2831 2935 2869 esse.

2208 2912 2398 2982 Itaque
2459 2912 2594 2964 bene
2645 2925 2703 2962 se
2741 2924 2824 2962 res
2865 2909 3079 2970 haheat,
3141 2911 3209 2973 si,
3262 2908 3469 2975 abiecta
3535 2909 3701 2962 bacce

2132 3006 2393 3067 tunieula,
2425 3018 2601 3070 neque
2630 3002 2695 3056 de
2733 3001 2889 3054 nobis
2923 3000 3051 3068 ipsis
3103 3016 3275 3069 neque
3307 3002 3372 3055 de
3418 3002 3560 3054 caris
3614 3016 3713 3053 no-

2132 3099 2264 3152 stris
2288 3097 2643 3150 vehementcr
2673 3094 2977 3161 lugeamus,
3005 3093 3446 3162 quandoquidem
3477 3093 3617 3161 quod
3644 3094 3697 3146 in

453 3187 481 3239 ὃ
508 3187 571 3257 δὴ
605 3189 756 3242 αύτοί
786 3192 974 3260 ἐσμεν,
1018 3195 1078 3246 οὗ
1135 3196 1296 3264 μόνον
1329 3207 1649 3272 συνεστήκοι
1695 3224 1751 3259 τε
1796 3212 1887 3264 καὶ
1928 3211 2027 3262 od;-
2052 3200 2097 3263 C
2133 3204 2193 3242 "0

1963 3211 2027 3262 ὡ,
2052 3200 2097 3263 C
2133 3189 2286 3242 nobis
2315 3195 2398 3241 est
2431 3186 2756 3254 praecipuum
2815 3193 2865 3237 et
2893 3183 3034 3252 quod
3081 3184 3181 3252 ipsi
3219 3199 3408 3238 sumus
3468 3199 3575 3237 non
3609 3199 3697 3238 so-

455 3278 620 3343 ζοιτο,
658 3281 793 3336 ἀλλά
847 3286 939 3337 καὶ
987 3287 1120 3354 πρὸς
1163 3290 1412 3356 ἀμείνοσι
1463 3294 1767 3365 διατριϐαῖς
1807 3303 2029 3368 γεγονὸς

454 3371 540 3438 είη
568 3371 674 3422 τῶν
706 3374 828 3441 τῇδε
855 3388 867 3402 ·
937 3375 1031 3428 ἆτε
1067 3376 1290 3444 ἄμεινόν
1326 3398 1384 3432 τε
1432 3383 1526 3434 καὶ
1572 3386 2030 3454 εἰλικρινέστατον

452 3465 518 3528 τῇ
551 3463 641 3514 τοῦ
671 3465 867 3534 θνητοῦ
895 3468 988 3518 καὶ
1017 3470 1252 3534 γεώδους
1277 3472 1430 3526 τοῦδε
1465 3476 1872 3545 περιϐλήματος
1896 3484 2028 3536 ἀπο-

455 3552 601 3604 θέσει
645 3554 1021 3622 ὲφαπτόμενόν
1050 3575 1107 3609 τε
1147 3561 1252 3612 τῶν
1282 3562 1440 3614 θείων
1479 3567 1573 3618 καὶ
1599 3568 1890 3626 ἀπολαῦον.
1921 3576 2028 3626 Καὶ

460 3641 695 3709 μάλιστα
719 3644 870 3714 είτῴ
897 3665 978 3710 τις
1008 3649 1102 3702 καὶ
1133 3651 1383 3705 ἐντεῦθεν
1417 3657 1613 3726 μελέτη
1644 3661 1733 3712 καὶ
1769 3664 2028 3732 συνήθεια

455 3733 541 3802 εἴη
569 3735 703 3802 πρὸς
729 3736 889 3802 αὐτὰ,
913 3739 1042 3790 οἵων
1072 3742 1163 3792 καὶ
1185 3743 1282 3812 τὴν
1315 3746 1410 3798 νῦν
1433 3746 1719 3818 οἰχομένην
1743 3754 2025 3819 τεύξεσθαι

455 3824 763 3894 ὲλπὲζομεν,
796 3828 855 3881 εὖ
903 3831 1002 3899 μὲν
1058 3832 1411 3901 βεϐιωκυῖαν,
1458 3838 1516 3892 εὖ
1549 3841 1604 3894 δὲ
1635 3843 1766 3896 Θεὸν
1801 3846 2026 3915 τεθερα-

456 3919 741 3983 πευκυῖαν,
780 3917 839 3971 εὖ
888 3920 944 3972 δὲ
1004 3924 1136 3991 πρὸς
1181 3925 1277 3988 τάς
1312 3928 1493 3982 ἐκεῖσε
1523 3931 1809 4002 διατριϐὰς
1859 3955 2027 4009 παρε-

454 4011 852 4081 σκευασμένην.

535 4099 592 4152 Ὃ
642 4100 698 4152 δέ
741 4119 805 4168 γε
855 4103 1103 4158 ἐντεῦθεν
1153 4107 1376 4162 ἐκείνων
1423 4111 1756 4184 ἀμελέτητος
1799 4119 2025 4184 εἰκότως

452 4191 631 4243 ἐκεῖσε
657 4192 988 4260 ἀφικόμενος
1018 4195 1266 4268 ἱλιγγιῴη
1299 4215 1356 4252 τε
1388 4200 1453 4252 ἂν
1489 4205 1579 4256 καὶ
1605 4205 2022 4279 ἀποστρέφοιτο,

451 4282 546 4335 ἅτε
583 4284 882 4352 ἀλλοτρίοις
913 4303 971 4338 τε
1007 4288 1092 4341 διά
1118 4289 1217 4359 τὴν
1248 4291 1507 4361 ἀλήθειαν
1544 4297 1636 4348 καὶ
1676 4298 1735 4350 ού
1773 4303 1910 4354 πάνυ
1943 4321 2024 4356 τοι

451 4375 630 4444 ἐαυτῷ
701 4379 1042 4448 προσήκουσι
1105 4384 1426 4452 πράγμασιν
1496 4390 1862 4461 ἐντυγχάνων.
1924 4400 2024 4450 Λο-

449 4468 664 4533 γιστέον
693 4467 735 4520 δ’
764 4469 829 4521 ἂν
873 4469 960 4539 εἴη
1011 4473 1139 4541 περὶ
1181 4473 1276 4526 τοῦ
1307 4475 1563 4544 θανάτου,
1597 4482 1844 4552 καθάπερ
1878 4487 1942 4538 ἂν
1975 4491 2022 4540 εί

448 4560 578 4625 περὶ
600 4561 907 4630 ἀποδημίας
945 4567 1184 4634 μακρᾶς,
1217 4568 1311 4622 καὶ
1337 4570 1542 4640 ταύτης
1572 4575 1665 4626 ἐπὶ
1701 4577 1832 4629 πολὺ
1861 4579 2023 4647 ἀμεί-

447 4665 593 4700 νοσιν
624 4650 689 4702 ἂν
721 4651 904 4704 ἐλπίσι
952 4657 1300 4726 γιγνομένης.
1334 4660 1395 4711 Οί
1431 4661 1536 4730 γὰρ
1570 4663 1753 4717 πολλοὶ
1794 4666 1885 4719 καὶ
1935 4669 2026 4722 δα-

447 4740 709 4808 κρύουσιν
733 4743 1160 4812 ἀποδημούντων
1187 4748 1297 4801 τῶν
1324 4749 1682 4821 φιλουμένων,
1715 4758 2020 4825 ἐννοοῦντες

443 4832 616 4902 δήπου
645 4835 746 4905 τῂν
777 4836 833 4888 ἐν
857 4836 931 4906 τῷ
963 4838 1191 4906 παρόντι
1223 4841 1468 4911 ἀλλήλων
1491 4844 1792 4904 διάστασιν.
1831 4853 2020 4921 Ὅμως

449 4923 634 4991 μέντοι
670 4923 1030 4995 λογιζόμενοι,
1064 4930 1150 4999 ἐφ’
1175 4932 1314 4995 οἵαις
1354 4934 1549 4988 ἐκεῖνοι
1596 4940 1906 4994 στέλλονται
1939 4945 2021 4994 ὲ).-

446 5017 583 5074 πίσι,
612 5017 707 5069 καὶ
732 5020 1120 5089 συγχαίρουσιν
1144 5039 1155 5052 ·
1191 5025 1264 5087 ὡς
1299 5026 1447 5091 δῆλοι
1479 5029 1754 5098 γίγνονται
1787 5033 1862 5101 τῷ
1895 5038 2021 5088 συλ-

445 5106 742 5174 λαμϐάνειν
789 5111 936 5164 ἔστιν
978 5113 1065 5165 ὅτε
1099 5115 1304 5181 αὐτοῖς,
1353 5121 1480 5187 περὶ
1522 5123 1690 5192 συχνὰ
1737 5125 1846 5178 τῶν
1882 5128 2020 5196 πρὸς

446 5197 758 5267 ἀποδημίαν
793 5202 1085 5270 φερόντων.
1126 5202 1282 5257 Οὖτω
1323 5205 1385 5276 δὴ
1414 5206 1506 5259 καὶ
1537 5210 1629 5261 ἐπὶ
1655 5209 1742 5261 τοῦ
1789 5213 2019 5266 θανάτου

446 5289 552 5340 τῶν
605 5291 946 5360 φιλουμένων
992 5294 1252 5362 ἄχθεσθαι
1313 5298 1412 5365 μὲν
1457 5303 1605 5369 ἡμᾶς
1635 5303 1768 5371 πρὸς
1813 5303 2015 5370 ὀλίγον,

446 5382 668 5435 ἐκείνων
703 5383 1230 5454 ἀπολελειμμένους,
1261 5387 1346 5438 ἐπ’
1368 5390 1504 5461 αὐτῇ
1530 5395 1594 5461 τῇ
1617 5392 1922 5461 ἀπολείψει,
1955 5397 2014 5447 οὑ

447 5473 586 5526 πάνυ
619 5493 670 5527 τι
703 5475 768 5527 ἂν
808 5477 890 5546 είη
929 5477 1166 5530 ἄτοπον·
1198 5480 1580 5551 λογιζομένους
1624 5485 1830 5554 μέντοι,
1870 5487 2014 5539 ὲκεί-

521 5630 633 5697 (H)
662 5632 885 5685 Sacrum
923 5635 1170 5688 missam.

518 5702 915 5780 “Magowkhg
939 5706 1403 5780 telitt,_bealus,rde
1425 5724 1510 5771 e0,
1531 5710 1620 5776 qui
1645 5719 1788 5764 l'Ct'lC
1812 5715 2017 5780 agendo

448 5773 822 5852 κατορθούτιι.
873 5775 1000 5852 inde
1044 5776 1274 5841 θάνατος
1318 5773 1722 5850 θεοφιλέστερος
1776 5773 1872 5852 ap:
1913 5786 2017 5842 xc-

448 5845 612 5912 uoplt.
656 5845 808 5898 Mein.
852 5845 937 5910 IV,
977 5847 1028 5913 8,
1063 5849 1111 5900 5.

2058 4538 2100 4594 D

2138 3285 2247 3336 lum
2276 3282 2539 3334 consistat
2562 3289 2616 3331 et
2646 3287 2912 3340 servetur,
2940 3277 3033 3330 sed
3071 3287 3124 3331 et
3158 3277 3223 3330 ad
3283 3278 3506 3331 meliora
3543 3293 3708 3346 quam

2133 3389 2256 3443 quae
2287 3372 2373 3424 hic
2409 3369 2871 3423 sunttransieril:
2931 3369 3129 3422 melius
3176 3368 3376 3436 quippe
3415 3379 3467 3421 et
3520 3369 3704 3422 since-

2133 3466 2267 3524 rius,
2297 3463 2546 3530 deposito
2609 3460 2822 3512 mortali
2867 3459 2971 3512 hoc
3032 3467 3083 3512 et
3117 3461 3360 3513 terrestri
3394 3460 3703 3519 involucro.

2131 3559 2313 3612 divina
2337 3555 2553 3622 attingit
2580 3553 2772 3615 hisque
2802 3549 3025 3612 fruitur,
3068 3552 3110 3604 si
3142 3551 3231 3604 cui
3269 3552 3572 3619 prmsertim
3595 3554 3704 3618 jam

2128 3658 2182 3702 et
2242 3650 2366 3701 hinc
2416 3643 2728 3698 exercitatio
2772 3642 2935 3695 fuerit
2985 3653 3038 3695 et
3103 3643 3443 3696 consuetudo
3514 3646 3578 3696 ad
3641 3658 3702 3695 ca

2133 3739 2314 3811 qualia
2334 3747 2756 3791 consecuturam
2787 3749 2905 3787 esse
2938 3747 3221 3800 speramus
3251 3750 3369 3788 eam
3403 3751 3524 3804 quae
3550 3737 3709 3787 modo

2129 3832 2379 3888 defuncta
2448 3839 2550 3892 est,
2613 3841 2841 3895 quaeque
2869 3829 3071 3894 optime
3125 3828 3280 3891 vixit,
3333 3827 3537 3897 optime
3591 3828 3701 3881 Deo

2129 3923 2381 3978 servierit
2425 3933 2479 3975 et
2521 3919 2725 3989 optime
2758 3930 3006 3984 supernae
3047 3918 3120 3970 illi
3155 3918 3562 3975 conversationi
3589 3934 3708 3974 sese

2131 4015 2471 4085 praeparavit.

2199 4100 2300 4168 Qui
2325 4112 2505 4157 autem
2543 4103 2631 4156 hic
2657 4103 2764 4157 illis
2798 4104 2849 4157 in
2886 4103 3048 4158 rebus
3076 4101 3239 4156 fuerit
3277 4100 3697 4163 inexercitatus,

2129 4196 2259 4252 illuc
2289 4213 2410 4250 cum
2437 4199 2762 4265 pervenerit,
2799 4199 3085 4265 vertigine,
3120 4205 3178 4250 ut
3216 4211 3314 4265 par
3353 4205 3458 4259 est,
3493 4195 3704 4250 tenebi-

2130 4300 2217 4344 tur
2249 4291 2720 4358 aversabiturque,
2751 4299 2809 4344 ut
2845 4291 2936 4357 qui
2974 4290 3038 4343 ad
3067 4289 3247 4342 aliena
3281 4303 3405 4340 vere
3472 4297 3526 4341 et
3555 4289 3704 4342 nullo

2130 4381 2290 4436 modo
2331 4382 2394 4434 ad
2423 4397 2479 4434 se
2512 4382 2836 4450 pertinentia
2863 4381 3186 4435 occurrerit.
3228 4379 3396 4432 Porro
3435 4379 3499 4432 de
3529 4392 3706 4434 morte

2131 4474 2203 4528 ita
2233 4473 2573 4527 sentiendum
2606 4473 2767 4526 fuerit
2791 4475 2943 4542 quasi
2977 4473 3042 4525 de
3067 4473 3358 4541 longinqua
3391 4471 3706 4541 peregrina-

2138 4569 2304 4630 tione,
2348 4582 2466 4633 qua:
2501 4567 2565 4619 ad
2592 4581 2718 4634 spes
2755 4568 2924 4618 multo
2944 4565 3198 4619 meliores
3235 4565 3427 4616 initur.
3465 4564 3601 4616 Nam
3652 4574 3703 4618 tt

2137 4657 2407 4726 plerique,
2446 4656 2919 4726 proﬁciscentibus
2958 4657 3172 4718 aulicis,
3211 4655 3604 4724 lacryntantur,
3653 4656 3704 4707 in

2127 4748 2384 4818 praesenti
2423 4749 2609 4815 utique
2651 4760 2896 4800 mutuam
2929 4747 3326 4815 separationem
3361 4761 3546 4798 animo
3587 4750 3703 4799 vol-

2125 4849 2334 4894 ventes.
2365 4837 2553 4907 Neque
2583 4854 2646 4892 eo
2671 4841 2870 4899 minus,
2909 4847 3226 4905 reputantes
3285 4853 3419 4906 quas
3452 4839 3519 4890 ob
3579 4853 3702 4904 spes

2125 4931 2318 4984 aditer
2345 4944 2464 4983 sese
2500 4931 2780 4996 accingam
2825 4929 2922 4990 illi,
2962 4929 3330 4996 congaudent,
3399 4927 3543 4996 quod
3577 4930 3702 4994 qui.

2125 5023 2243 5076 dem
2280 5029 2427 5088 patet
2457 5021 2585 5072 dum
2615 5020 2679 5072 iis
2720 5021 3058 5073 eollaborant
3096 5019 3386 5080 aliquando
3418 5020 3469 5071 in
3531 5018 3700 5070 multa

2124 5130 2243 5183 quae
2278 5115 2345 5167 ad
2397 5113 2884 5182 peregrinationem
2942 5112 3246 5165 conferunt.
3297 5111 3402 5186 .Sie
3464 5111 3702 5179 igituret

2127 5223 2223 5261 nos
2269 5207 2334 5261 de
2369 5215 2542 5259 morte
2573 5207 2865 5259 cliarorum
2903 5204 3081 5258 dolere
3130 5205 3196 5256 ab
3231 5204 3333 5256 illis
3384 5204 3695 5265 dCl'ellt'lﬂa,

2127 5300 2229 5353 sub
2253 5297 2425 5367 ipsam
2465 5295 2894 5356 derelictionem,
2931 5310 3271 5362 nequaquam
3307 5295 3696 5348 inconveniens

2128 5390 2309 5444 fuerit.
2341 5388 2762 5442 Considerantes
2794 5397 2967 5439 tamen
2991 5390 3179 5455 quales
3202 5392 3264 5439 aii
3314 5389 3473 5442 sedes
3503 5389 3699 5456 migra-

2127 5485 2302 5539 verint
2332 5482 2419 5536 isti
2455 5491 2509 5535 et
2543 5483 2794 5535 meliores
2824 5482 3251 5549 tliviniuresqne,
3305 5497 3513 5550 nosque
3549 5483 3698 5550 ipsos

2206 5641 2319 5710 (16)
2352 5640 2423 5692 Τὸ
2466 5637 2787 5703 ὑπολειφθὲν
2821 5638 3000 5710 σῶμα,
3039 5635 3325 5710 γειῖιδες-ὃν
3354 5639 3446 5688 καὶ
3481 5637 3696 5705 ἄλογον,

2126 5713 2226 5764 οὐκ
2261 5706 2408 5762 ἐστιν
2437 5712 2463 5761 ὁ
2496 5711 2801 5776 ἅνθρωπος,
2844 5709 3036 5773 Ἡμεῖς
3067 5706 3164 5778 μὲν
3194 5708 3297 5774 γάρ
3332 5710 3495 5776 ἐσμεν
3523 5710 3696 5778 ψυχὴ,

2127 5784 2267 5843 ζῶον
2332 5781 2617 5840 ἀθάνατον,
2682 5781 2738 5828 εν
2775 5778 2951 5847 θνητῷ
3001 5777 3397 5845 καθειργμένον
3433 5777 3695 5850 φρουρίῳ.

2130 5852 2376 5907 rESt‘Ititt.
2415 5851 2540 5904 Dial.
2576 5866 2650 5909 ιιι,
2682 5849 2732 5900 ὅ.
