4406 6450
379 393 489 460 953

1127 397 1518 460 LAUDATIO
1548 395 1933 460 FUNEBRIS
1973 397 2304 461 HELEN/E
2341 399 2937 464 P:\I.1EOLOGIN£.

3535 395 3640 460 954

378 507 454 559 'l‘o
487 505 543 557 δὲ
574 521 779 579 μούσας
807 506 984 577 τιμῶν
1012 506 1164 571 ἔθνος
1193 510 1294 564 οὐκ
1327 511 1593 578 ἄμουσον,
1625 512 1745 566 οὐδὲ
1791 510 1958 565 ἀπαί-
1989 514 2039 572 Α
2067 531 2118 570 m

1896 510 1958 563 ιε·
1989 514 2039 572 Δ
2067 518 2241 574 musis
2275 535 2618 590 nequaquam
2648 519 2825 574 aliena
2874 525 2989 572 erat
3022 514 3375 585 animumque
3407 512 3478 570 ob
3503 515 3636 570 insi“

377 600 565 653 δευτον
602 593 822 667 οὑδέγε
879 600 939 653 τὸ
976 600 1154 671 ψυχῆς
1184 600 1534 672 ἀνθρωπίνης
1567 604 1635 672 τῇ
1682 603 1955 672 ἀθανασίᾳ

386 689 613 757 νομίζον
652 689 868 758 ἀγενές.
902 690 1241 757 Τούτου-τοῦ
1292 691 1504 758 γένους,
1537 695 1566 746 ό
1594 694 1693 761 τῆς
1718 693 1846 762 ἄρτι
1890 691 1956 762 δὴ

383 780 788 852 μετηλλαχυίας
814 781 905 835 τὸν
933 781 1047 851 βίον
1087 780 1362 852 βασιλίδος
1385 785 1570 855 πατὴρ
1594 777 1663 856 ἦν
1691 783 1872 855 χώρας
1895 799 1957 837 τε

381 873 568 942 ἄρχων
593 872 655 926 οὐ
675 873 827 945 παρά
866 872 1043 940 Ἀξιὸν
1068 874 1333 944 ποταμὸν,
1354 868 1415 929 οὐ
1440 877 1501 928 τὸ
1533 875 1677 945 ὕδωρ
1708 878 1766 929 ὲν
1793 893 1955 930 ποτα-

386 965 557 1032 μείων
614 964 825 1019 ὑδάτων
875 967 986 1027 τοῖς
1036 963 1354 1035 κρατίστοις
1410 968 1506 1020 καὶ
1563 967 1957 1034 ὑγιεινοτάτοις

382 1057 559 1109 πίνειν
584 1056 723 1122 m1,
757 1055 850 1108 καὶ
888 1054 1050 1116 αὐτὺς
1086 1057 1144 1108 ὲν
1173 1055 1384 1126 ἀνδρῶν
1408 1060 1524 1120 τοῖς
1553 1058 1958 1128 ἀνδρειοτάτοις

382 1149 477 1200 καὶ
530 1147 896 1211 δικαιοτάτοις
934 1149 1240 1219 τυγχάνων,
1287 1151 1384 1203 καὶ
1430 1152 1499 1204 τά
1548 1167 1610 1218 γε
1660 1151 1796 1219 πρὸς
1830 1152 1959 1216 τούς

384 1239 573 1309 φίλους
605 1241 948 1302 πιστότατος.
981 1240 1241 1313 Τοιούτου
1287 1242 1345 1296 δὲ
1392 1242 1598 1311 πατρὸς
1633 1247 1892 1312 γεγονυῖα
1924 1246 1958 1316 ὴ

385 1329 494 1382 τῶν
539 1331 828 1400 ἡμετέρων
884 1329 1155 1400 βασιλέων
1209 1349 1270 1384 τε
1323 1335 1419 1387 καὶ
1473 1336 1759 1403 ἡγεμόνων
1817 1334 1957 1406 αῦτη

391 1421 600 1492 μήτηρ,
629 1421 709 1490 τῷ
733 1420 943 1476 τούτων
979 1423 1153 1493 πατρῖ
1176 1424 1435 1494 ¹ἐγήματο
1471 1424 1650 1496 πολλῷ
1683 1424 1991 1505 κρείττονι’

383 1515 486 1583 τήν
510 1531 569 1567 τε
613 1514 771 1579 ἀξίαν
798 1516 970 1586 τύχην
999 1516 1033 1588 ἢ
1070 1516 1213 1571 κατά
1242 1520 1371 1580 τοὺς
1401 1519 1600 1588 ἑαυτῆς
1645 1519 1838 1586 γονέας
1863 1520 1960 1572 καὶ

386 1606 536 1676 αὑτῷ
581 1623 643 1659 τε
693 1607 846 1676 καλῷ
895 1607 1127 1676 κάγαθῷ
1185 1608 1422 1679 βασιλεῖ,
1468 1611 1565 1664 καὶ
1620 1611 1720 1664 οὐκ
1761 1609 1961 1679 ὀλίγων

385 1685 650 1754 τοιούτων
699 1699 970 1770 βασιλέων
1031 1700 1288 1771 ἀπογόνῳ
1353 1701 1696 1771 βασιλεύοντί
1751 1720 1810 1756 τε
1863 1704 1958 1756 τοῦ

386 1791 658 1862 ἡμετέρου
689 1791 879 1846 τούτου
907 1791 1000 1846 τοῦ
1051 1791 1338 1862 Ῥωμαίων
1370 1795 1584 1862 γένους,
1614 1787 1676 1850 οὐ
1706 1793 1960 1866 περὶτῆς

388 1884 559 1940 πάλαι
599 1884 856 1956 εὐτυχίας
885 1901 946 1937 τε
981 1884 1098 1954 ἅμα
1138 1886 1230 1938 καὶ
1256 1887 1312 1949 ἔς
1355 1886 1527 1940 πλείω
1567 1887 1961 1958 διακεκριμένη

385 1975 559 2044 γένει,
587 1975 746 2046 ἡμῶν
786 1977 886 2047 μὲν
911 1975 1204 2046 κρείττων,
1231 1977 1449 2030 ἐκείνου
1499 1977 1554 2031 δέ
1585 1995 1639 2031 τι
1676 1979 1817 2034 πάνυ
1854 1979 1978 2034 λει-;

388 2068 626 2140 πομένη.
658 2068 772 2122 Οὐκ
816 2067 966 2122 ἔστιν
1006 2065 1072 2122 αὐ
1099 2067 1158 2132 ὃς
1188 2068 1250 2122 οὐ
1302 2069 1399 2123 καὶ
1440 2069 1598 2122 τοῦτο
1649 2071 1852 2140 νομιεῖ.
1882 2070 1958 2125 Οὐ

386 2161 496 2232 γὰρ
540 2161 764 2228 ἀξιώσει
808 2177 892 2224 τις
924 2160 1035 2216 τῶν
1062 2159 1159 2214 τοῦ
1187 2159 1325 2214 Θεοῦ
1361 2161 1541 2232 ἔργων
1571 2159 1631 2214 τδ
1669 2162 1964 2231 κράτιστον

386 2253 538 2322 ἡμᾶς
569 2269 627 2305 τε
652 2247 815 2318 εἶναι,
838 2252 1040 2315 ταύτας
1058 2251 1123 2322 δὴ
1146 2251 1245 2316 τὰς
1269 2253 1429 2323 ἡμῶν
1455 2252 1742 2323 κρείττους
1773 2253 1966 2320 φύσεις

387 2333 559 2408 οὐδεΐς
614 2344 766 2407 ὅστις
816 2345 879 2398 οὐ
924 2344 1050 2408 νοῦς
1098 2343 1165 2398 ἂν
1202 2345 1336 2415 φαίη
1394 2342 1596 2415 εἶναιῆ
1630 2346 1726 2398 καὶ
1786 2346 1994 2416 ψυχάς,

386 2452 538 2498 τινας
593 2436 704 2488 τῶν
761 2437 1055 2507 ἡμετέρων
1112 2437 1438 2507 κρείττους·
1499 2440 1547 2492 εί
1597 2438 1653 2491 δὲ
1716 2437 1963 2492 τοιαῦται

389 2529 598 2582 ἐκεῖναι
628 2527 842 2598 φύσεις,
872 2529 927 2580 τί
963 2529 1029 2582 ἂν
1057 2529 1188 2582 ἄλλο
1213 2529 1394 2583 αὐτῶν
1423 2531 1483 2583 τὸ
1514 2532 1849 2601 κυριώτατον
1876 2533 1960 2600 εἴη

389 2620 551 2690 ἔργον
586 2621 682 2674 καὶ
719 2620 984 2690 πρᾶξιςῆ
1031 2622 1066 2692 ἡ
1116 2621 1225 2673 τῶν
1265 2621 1438 2674 ὅντιν’-ν
1472 2622 1694 2693 θεωρία,
1732 2631 1825 2676 καὶ
1879 2623 1996 2675 ἐπ”

388 2715 526 2785 αὐτῇ
571 2716 604 2786 ὴ
639 2713 734 2768 τοῦ
776 2715 887 2767 τῶν
929 2715 1068 2767 ὅλων
1105 2716 1454 2784 Δημιουργοῦ
1506 2717 1705 2781 ἔννοια,
1758 2713 1826 2789 ἦς
1858 2718 1971 2780 τοῖς

389 2807 688 2877 τυγχάνειν
714 2807 1042 2876 πεφυκόσιν,
1076 2807 1301 2876 οὐδεμία
1341 2824 1424 2870 τις
1471 2807 1537 2861 ἂν
1574 2807 1708 2876 άλλη
1761 2807 1972 2875 γένοιτο

391 2901 661 2972 κρείττων
694 2898 896 2970 πρᾶξις
927 2900 1049 2953 οὐδὲ
1083 2899 1508 2970 μακαριωτέρα,
1538 2895 1606 2972 ἦς
1635 2902 1727 2952 καὶ
1761 2899 1974 2970 ἂνθρω-

393 3010 490 3055 πος
535 2993 672 3063 πρὸς
712 2995 779 3063 τῇ
829 2993 963 3065 ἄλλῃ
995 2994 1104 3046 τῶν
1133 2994 1304 3048 όντων
1338 2994 1566 3063 θεωρίᾳ,
1621 2993 1714 3046 καὶ
1766 2992 1972 3062 ταύτης

391 3085 552 3154 δῆλός
591 3086 708 3138 ἔστι
731 3085 1045 3154 τυγχάνων.
1079 3085 1289 3139 Οὐκοῦν
1323 3087 1382 3138 οὐ
1429 3087 1591 3156 μόνον
1623 3087 1735 3147 τοῖς
1770 3086 1975 3156 Θηρίων

2063 621 2174 665 tam
2212 597 2684 668 immortalitatem
2729 611 2951 682 plurimi
2987 606 3639 677 faciebat.lmperatricis

2056 712 2238 758 autem
2304 713 2508 760 nostra:
2559 699 2688 773 qua
2729 717 2876 758 nunc
2929 700 3166 757 maxime
3227 707 3476 755 emortua
3530 708 3636 764 est,

2055 803 2210 865 pater
2234 795 2509 866 regionem
2546 810 2656 850 non
2719 794 2884 849 vilem
2925 807 3127 862 prope
3180 791 3380 845 Axium
3433 789 3636 844 flumen

2055 888 2301 958 regebat,
2327 887 2486 958 cujus
2536 902 2677 958 aqua
2714 885 3108 957 potabilissima
3139 883 3330 939 eadem
3383 893 3440 936 et
3490 881 3637 936 salu-

2055 977 2292 1033 berrima
2340 985 2614 1034 censetur.
2651 977 2767 1035 Rex
2814 979 2931 1048 ipse
2971 975 3303 1032 fortissimus
3323 972 3638 1042 etjustissi-

2061 1085 2182 1125 mus
2219 1070 2461 1125 virorum
2503 1080 2558 1124 et
2586 1085 2714 1141 erga
2745 1069 2954 1124 amicos
3014 1067 3314 1123 fidissimus
3340 1064 3461 1119 fuit.
3490 1063 3640 1118 Talis

2059 1158 2223 1229 igitur
2251 1159 2493 1229 parentis
2551 1159 2660 1213 filia
2716 1159 3106 1229 imperatorum
3163 1171 3228 1212 ac
3282 1156 3479 1211 dueum
3541 1169 3643 1208 no-

2060 1259 2298 1306 strorum
2334 1260 2530 1318 mater,
2564 1251 2755 1307 borum
2798 1250 3030 1320 genitori
3058 1259 3318 1319 nupserat
3349 1248 3442 1318 qui
3478 1262 3639 1314 gene-

2061 1341 2136 1396 ris
2176 1341 2461 1398 nobilitate
2512 1351 2566 1397 et
2615 1342 2848 1397 fortuna:
2885 1342 3080 1411 opibus
3138 1341 3311 1394 multo
3353 1337 3553 1393 clarior
3586 1343 3646 1389 ut

2059 1444 2115 1491 et
2143 1436 2402 1489 virtutum
2425 1435 2599 1506 gloria
2632 1435 2687 1490 in
2717 1435 3064 1490 Romseorum
3094 1432 3292 1502 populo
3319 1431 3642 1493 excellebat,

2062 1527 2309 1597 quamvis
2340 1526 2595 1583 inferiori
2615 1526 2732 1596 ipsa
2771 1527 2889 1582 loco
2935 1525 3166 1580 oriunda
3212 1532 3380 1588 esset,
3414 1522 3465 1576 id
3500 1521 3643 1590 quod

2063 1619 2208 1674 inter
2262 1632 2454 1674 omnes
2497 1625 2732 1673 constat.
2790 1616 3114 1686 Quicunque
3169 1616 3314 1669 enim
3371 1612 3644 1667 hominem

2063 1709 2578 1777 prmstantissimum
2603 1708 2875 1763 Creatoris
2915 1722 3055 1778 opus
3090 1706 3389 1767 existimat,
3425 1702 3650 1757 minime

2069 1800 2282 1855 animas
2311 1799 2525 1870 aliquas
2554 1800 2758 1855 nostris
2789 1800 3046 1856 meliores
3066 1812 3188 1853 esse
3224 1794 3461 1866 negabit.
3496 1793 3648 1860 Quod

2069 1891 2118 1948 si
2150 1892 2222 1946 ita
2270 1900 2374 1958 est,
2401 1891 2530 1961 quid
2557 1891 2838 1961 antiquius
2895 1905 3018 1947 esse
3062 1898 3240 1958 potest
3273 1902 3436 1958 quam
3467 1886 3652 1954 opinio

2067 1997 2190 2053 quae
2215 1997 2280 2039 ex
2315 1997 2496 2037 rerum
2532 1993 2842 2038 creatarum
2895 1979 3336 2037 consideratione
3367 1977 3563 2040 oritur,
3596 1985 3653 2028 et

2069 2074 2176 2129 fine
2198 2089 2361 2144 quem
2387 2074 2626 2130 universi
2656 2074 2908 2130 conditor
2924 2073 3029 2129 sibi
3055 2070 3356 2142 proposuit,
3381 2083 3488 2139 quo
3518 2067 3654 2121 nihil

2069 2168 2289 2233 melius,
2321 2169 2397 2223 nil
2434 2169 2649 2225 beatius
2683 2169 2911 2238 cogitari
2950 2175 3150 2238 potest,
3191 2173 3245 2221 et
3274 2163 3430 2234 cujus
3489 2162 3656 2214 homo

2072 2261 2189 2330 ipse
2245 2259 2534 2316 manifeste
2583 2260 2853 2329 particeps
2882 2269 2985 2316 est.
3011 2258 3178 2330 Igitur
3210 2272 3318 2311 non
3353 2263 3563 2308 tantum
3597 2261 3656 2305 ut

2076 2360 2264 2407 ezelera
2295 2351 2551 2406 animalia
2582 2361 2901 2422 Operaretur
2936 2352 3123 2413 homo,
3155 2348 3252 2403 sed
3278 2343 3655 2401 nobilissimae

2077 2461 2196 2500 rum
2224 2445 2388 2502 simul
2416 2460 2584 2515 penes
2616 2460 2716 2500 nos
2750 2459 3010 2515 generum
3067 2439 3376 2510 exemplum
3429 2437 3481 2490 in
3525 2451 3658 2504 ope-

2075 2538 2247 2592 rando
2297 2546 2350 2592 et
2395 2550 2522 2591 cum
2579 2536 2702 2590 aliis
2731 2534 3078 2592 subsistendo
3122 2541 3463 2603 sequeretur.
3497 2527 3657 2580 Rela-

2078 2627 2280 2683 tionem
2347 2627 2493 2681 enim
2554 2636 2757 2681 certam
2837 2624 3172 2679 intercedere
3234 2629 3451 2692 Oportet
3517 2619 3660 2671 inter

2074 2719 2454 2775 exsistentiam
2505 2727 2560 2773 et
2615 2717 2808 2788 agendi
2853 2718 3168 2772 facultatem
3224 2723 3277 2770 et
3335 2714 3450 2766 vice
3484 2723 3657 2776 versa.

2077 2812 2232 2877 Quod
2269 2812 2314 2866 si
2359 2811 2482 2881 quis
2545 2811 2823 2865 hominem
2886 2824 2993 2879 qua
3039 2807 3268 2864 bestiam
3326 2804 3659 2867 considerat,

2077 2904 2360 2960 bestialem
2388 2919 2518 2959 sane
2552 2903 2600 2958 ei
2638 2911 2891 2957 naturam
2952 2916 3076 2957 esse
3135 2899 3419 2964 fatebitur,
3455 2910 3555 2951 nee
3582 2904 3662 2948 ta-

2078 3011 2202 3051 men
2259 2995 2500 3050 melioris
2537 3009 2661 3049 cum
2691 3004 2902 3049 natura:
2945 3001 3250 3063 compotem
3291 2990 3532 3062 negabit,
3566 3005 3664 3043 nec

2081 3075 2371 3143 mirabitur
2421 3087 2566 3158 quod
2601 3101 2765 3154 opera
2809 3099 3016 3142 natura:
3068 3101 3181 3142 suae
3230 3100 3472 3155 congrua
3516 3082 3664 3138 facit.

395 3179 579 3248 ἔργοις
607 3179 857 3232 κοινωνοῖ
879 3177 945 3231 ἂν
977 3177 1264 3248 ἄνθρωπος
1299 3179 1393 3231 καὶ
1424 3179 1491 3230 τὰ
1521 3179 1688 3246 θηρία
1719 3178 1970 3245 πράττοι,
1999 3177 2046 3242 C
2083 3181 2135 3233 υι

1926 3197 1970 3244 ›ι,
1999 3177 2046 3242 C
2083 3181 2227 3236 Duas
2249 3179 2395 3236 enim
2419 3178 2627 3235 homini
2659 3180 2932 3235 essentias
2963 3179 3142 3235 inesse
3165 3177 3269 3233 sibi
3289 3176 3666 3249 persuadebit,

394 3275 535 3329 ἀλλά
573 3275 668 3328 καὶ
709 3275 823 3336 τοῖς
864 3272 976 3326 τῶν
1011 3271 1342 3344 κρειττόνων
1396 3273 1553 3343 ἡμῶν
1587 3273 1762 3340 γενῶν
1799 3275 1848 3325 εί
1875 3273 1974 3341 τῆς

394 3367 568 3433 αὐτῆς
592 3367 776 3429 αὐτοῖς
803 3365 1038 3435 θεωρίας
1071 3367 1126 3426 ἐς
1152 3363 1387 3434 δύναμιν
1418 3365 1509 3416 καὶ
1532 3365 1696 3427 αὐτὸς
1720 3363 1971 3432 ἅπτεται,

392 3462 462 3515 τὰ
505 3461 562 3514 δὲ
615 3459 980 3514 κοινωνοῦντα
1035 3461 1149 3522 τοῖς
1203 3459 1408 3528 ἔργοις,
1447 3459 1541 3512 καὶ
1581 3459 1703 3520 ταῖς
1762 3445 1976 3539 ορἵιίαις

397 3553 622 3622 ἀνάγκη
664 3553 966 3605 κοινωνεῖν.
1017 3550 1308 3619 Ἀνάλογον
1344 3550 1450 3617 γὰρ
1491 3549 1572 3602 δεῖ
1614 3549 1759 3618 ἔχειν
1790 3548 1977 3612 οὐσίας

393 3663 452 3698 τε
484 3647 688 3716 ἔργοις,
746 3645 840 3697 καὶ
886 3642 1025 3715 ἔργα
1067 3644 1297 3706 οὐσίαις,
1348 3642 1536 3712 ῶσπερ
1592 3640 1684 3694 οῦν
1733 3659 1816 3702 τις
1864 3642 1976 3702 τοῖς

395 3737 602 3809 θηρίων
629 3737 810 3808 ἔργοις
844 3735 1206 3790 κοινωνοῦντα
1239 3735 1528 3803 ἄνθρωπον
1584 3735 1748 3802 ὀρῶν,
1786 3733 1977 3786 οὐσίαν

395 3834 460 3901 τῇ
511 3829 721 3900 θηρίων
761 3827 1154 3899 παραπλησίαν
1189 3827 1400 3880 τίθεται
1442 3825 1607 3880 αὐτὸν
1650 3824 1972 3895 κεκτῆσθαι,

395 3922 579 3987 καλῶς
609 3921 779 3987 ἀξιῶν
814 3924 907 3975 καὶ
951 3923 1065 3984 τοῖς
1099 3920 1206 3974 τῶν
1244 3920 1569 3990 κρειττόνων
1614 3919 1773 3987 ἡμῶν
1803 3917 1978 3987 γενῶν

395 4014 758 4070 κοινωνοῦντα
791 4015 937 4084 ὀρῶν
979 4013 1164 4084 ἔργοις
1203 4015 1297 4066 καὶ
1347 4012 1538 4065 οὐσίαν
1586 4010 1978 4082 παραπλησίαν

392 4113 460 4182 τῇ
492 4107 721 4162 ἐκείνων
753 4107 868 4178 ἔχει
910 4105 1166 4173 ἀξιούτω,
1191 4105 1267 4169 ὡς
1305 4106 1404 4175 οὐχ
1434 4099 1547 4157 οἷόν
1579 4121 1636 4156 τε
1664 4103 1722 4156 ὃν
1757 4103 1833 4174 μὴ
1878 4103 1979 4156 οὐκ

393 4208 503 4261 ἀπὸ
541 4207 950 4279 παραπλησίων
994 4206 1097 4274 τῆς
1150 4204 1339 4267 οὐσίας
1381 4205 1746 4275 παραπλήσια
1782 4203 1879 4256 καὶ
1912 4201 1980 4254 τὰ

394 4303 530 4371 ἔργα
559 4298 720 4362 εἶναι,
754 4303 850 4354 καὶ
887 4302 952 4353 ἔκ
984 4298 1357 4367 δυοίνιούσίαν
1384 4298 1474 4351 τὸν
1505 4298 1799 4368 ἄνθρωπον
1826 4313 1980 4367 νομι-

393 4395 534 4459 ζέτω
583 4392 984 4452 συντεθεῖσθαι,
1046 4390 1145 4461 τῆς
1203 4391 1302 4460 μὲν
1359 4390 1510 4453 θείας
1556 4391 1722 4454 τινὸς,
1769 4388 1868 4458 τῆς
1922 4387 1980 4441 δὲ

393 4486 719 4558 θηριώδους,
767 4485 864 4537 καὶ
914 4483 1118 4550 ταύτης
1173 4483 1269 4551 μὲν
1324 4483 1550 4552 θνητῆς,
1593 4483 1692 4552 τῆς
1731 4481 1789 4535 δὲ
1827 4481 1980 4545 θείας

2078 3272 2320 3329 divinam
2382 3270 2885 3342 immortalemque,
2961 3281 3016 3326 et
3095 3270 3380 3327 bestialem
3439 3284 3668 3339 eamque

2079 3363 2387 3419 mortalem.
2421 3364 2665 3433 Cogitari
2718 3365 2862 3418 enim
2905 3379 3186 3434 nunquam
3249 3369 3430 3434 potest
3497 3363 3667 3416 Deum

2078 3456 2292 3512 infinite
2323 3457 2524 3512 bonum
2556 3464 2612 3511 et
2643 3466 2795 3512 extra
2843 3471 3062 3511 omnem
3094 3456 3353 3511 invidiam
3409 3455 3669 3525 positum,

2081 3567 2186 3605 non
2223 3560 2430 3621 partem
2488 3550 2726 3619 aliquam
2791 3551 2991 3605 divinae
3059 3559 3269 3604 natum
3323 3549 3671 3613 mortalibus,

2079 3640 2547 3695 immortalitatem
2579 3640 2814 3706 scilicet,
2866 3641 3151 3697 indidisse.
3184 3639 3475 3710 Nunquam
3525 3651 3671 3695 certe

2079 3733 2224 3802 quod
2289 3732 2517 3788 mortale
2564 3742 2648 3788 est
2699 3733 3165 3788 immortalitatem
3221 3733 3572 3789 nanciscetur
3604 3732 3674 3787 ob

2080 3826 2299 3894 limites}
2328 3834 2534 3880 naturae
2586 3827 2838 3880 liutnanm
2873 3827 3101 3896 positos,
3135 3826 3227 3896 qui
3269 3842 3371 3882 nos
3403 3825 3675 3896 perfectos

2079 3934 2201 3974 esse
2251 3935 2362 3974 non
2414 3919 2626 3986 sinunt,
2669 3921 2771 3977 etsi
2827 3935 2927 3975 nos
2965 3922 3112 3992 ipsos
3169 3929 3388 3991 propter
3450 3924 3673 3975 causam

2080 4015 2318 4084 aliquam
2378 4023 2471 4068 aut
2522 4014 2642 4069 sine
2699 4031 2866 4070 causa
2905 4016 3306 4083 interimatnus,
3345 4031 3452 4086 qua
3506 4015 3572 4069 de
3620 4030 3677 4068 re

2083 4122 2229 4162 nunc
2270 4106 2420 4177 loqui
2463 4108 2796 4176 superilnum
2849 4120 2998 4164 esset
3032 4121 3222 4164 coram
3261 4119 3339 4164 tot
3372 4110 3502 4163 viris
3556 4108 3676 4178 ejus

2085 4200 2231 4255 haud
2265 4201 2498 4273 ignaris.
2529 4199 2685 4254 Nunc
2716 4216 2846 4256 vero
2877 4201 2995 4270 ejus
3029 4203 3103 4257 rei
3126 4201 3678 4256 mentionem'faccre

2086 4294 2234 4350 haud
2268 4293 2608 4350 fastidiosum
2666 4295 2793 4360 erit,
2829 4296 3100 4364 siquidem
3131 4311 3193 4351 ex
3238 4307 3311 4351 tot
3349 4312 3468 4364 qua.-
3498 4310 3678 4365 quon-

2083 4388 2209 4442 dam
2245 4387 2479 4443 ﬂoruere
2508 4389 2834 4445 civitatibus
2877 4388 3096 4445 diﬂicile
3146 4391 3394 4445 invenias
3427 4390 3678 4452 alteram,

2084 4481 2139 4536 in
2202 4497 2310 4552 qua
2364 4483 2541 4536 virtus
2606 4491 2661 4537 et
2732 4484 2955 4539 fortuna
3014 4482 3244 4539 feliciori
3306 4497 3469 4552 quam
3537 4479 3681 4551 apud

391 4553 552 4652 ημῶν
577 4581 874 4644 ἀθανάτου,
913 4577 968 4631 εί
1011 4594 1075 4646 γε
1118 4577 1213 4631 καὶ
1245 4578 1278 4648 ἡ
1312 4576 1422 4630 τῶν
1455 4577 1785 4646 κρειττόνων
1817 4575 1979 4646 ἡμῶν
2014 4553 2055 4608 D
2086 4572 2131 4627 Β

1867 4575 1979 4644 μῶν
2014 4553 2055 4608 D
2086 4572 2340 4630 Rommos
2376 4577 2579 4630 unione
2615 4577 2925 4646 gaudebant
2957 4593 3021 4632 ac
3055 4577 3260 4633 diutius
3288 4577 3607 4631 ﬂoruerunt.

393 4674 568 4744 γενῶν
600 4673 870 4734 ἀθάνατος
894 4688 908 4702 ·

952 4669 1168 4740 οὐδαμῆ
1201 4671 1311 4741 γὰρ
1341 4670 1408 4724 ἂν
1458 4669 1682 4738 εὐλογον
1724 4672 1833 4737 είη,
1863 4671 2050 4740 ἄκρως
2084 4669 2310 4738 ἀγαθῶν
2344 4669 2474 4723 ὄντα
2498 4669 2589 4723 τὸν
2619 4671 2758 4725 Θεὸν
2786 4673 2882 4725 καὶ
2913 4673 3110 4741 φθόνου
3139 4671 3245 4736 ἔξω
3275 4671 3478 4732 παντὸς
3505 4670 3582 4740 μὴ
3619 4670 3682 4722 οὐ

393 4769 533 4838 πρὸς
586 4770 702 4830 τοῖς
754 4765 937 4830 ἄλλοις
983 4782 1036 4818 τι
1066 4765 1369 4828 ἀθανάτους
1421 4767 1521 4828 τὰς
1556 4765 1841 4833 ἐγγυτέρω
1883 4765 2080 4820 ἑαυτοῦ
2137 4764 2327 4828 οὐσίας
2390 4762 2742 4834 παραγαγεῖν
2777 4783 2794 4799 ο
2848 4767 2898 4818 εί
2965 4767 3011 4820 δ’
3045 4768 3252 4820 ἐκεῖναι
3287 4766 3548 4820 ἀθάνατοι
3582 4765 3684 4818 κᾶν

390 4864 552 4938 ἡμῶν
577 4865 702 4918 ὅσον
728 4865 825 4933 τῆς
850 4861 1039 4925 οὐσίας
1061 4861 1256 4923 αὐταῖς
1293 4861 1704 4931 παραπλήσιον,
1735 4861 2006 4915 ἀθάνατον
2041 4861 2129 4932 εἴη
2156 4878 2168 4892 ·
2203 4860 2327 4914 ἐπεὶ
2359 4860 2470 4913 οὐδ’
2497 4860 2562 4915 ἀν
2588 4878 2720 4914 ποτε
2750 4862 2962 4929 γένοιτο
2988 4861 3182 4932 θνητὸν
3209 4863 3465 4932 ἀθανάτῳ
3500 4879 3679 4931 παρι-

393 4964 624 5034 πλήσιον
645 4960 753 5014 οὐδ’
778 4959 862 5028 ἐφ’
881 4955 1127 5021 δσονοῦν,
1157 4954 1220 5007 τὸ
1243 4955 1676 5027 πεπερασμένην
1708 4973 1771 5022 γε
1800 4955 1925 5025 ἔχον
1946 4957 2045 5027 τὴν
2068 4956 2165 5011 τοῦ
2198 4953 2340 5011 εἶναι
2370 4954 2604 5027 δύναμιν
2629 4956 2724 5009 καὶ
2749 4956 3164 5021 ἐπιλείπουσαν,
3189 4957 3268 5021 τῷ
3289 4959 3684 5015 ἀνεπίλειπτον

392 5062 571 5130 ἔχοντι
603 5055 701 5109 καὶ
732 5054 960 5123 ἄπειρον
986 5067 1001 5082 '
1042 5056 1136 5107 καὶ
1172 5053 1272 5125 μὲν
1302 5053 1364 5122 δὴ
1395 5054 1497 5106 κᾶν
1527 5052 1577 5104 oi
1605 5051 1761 5106 αὐτοὶ
1786 5051 1985 5116 αὐτοὺς
2015 5051 2440 5115 ἀποκτιννύντες
2471 5053 2583 5105 εἴτε
2631 5050 2840 5122 ἀρετῆς
2890 5054 3190 5123 περίεργον
3240 5056 3308 5110 ἂν
3358 5056 3444 5125 εἴη
3499 5055 3686 5124 λέγειν

393 5153 724 5224 παμπόλλων
781 5147 1034 5203 είδότωνε
1072 5149 1211 5203 ἀλλά
1252 5147 1510 5201 τοσοῦτον
1564 5147 1740 5199 είπείν
1794 5147 1852 5198 έν
1895 5147 1974 5217 τῷ
2021 5147 2256 5218 παρόντι
2317 5149 2377 5201 οὐ
2416 5149 2700 5218 φορτικὸν,
2756 5149 2839 5200 ὅτι
2896 5147 3108 5202 πολλῶν
3152 5151 3447 5204 πολιτειῶν
3486 5166 3549 5202 τε
3587 5151 3683 5203 καὶ

393 5247 684 5321 βασιλειῶν
736 5246 1035 5314 γεγονυιῶν
1083 5246 1140 5297 ἐν
1194 5244 1357 5298 παντὶ
1399 5242 1475 5312 τῷ
1522 5244 1580 5295 ὲν
1638 5243 1826 5314 μνήμῃ
1872 5244 2051 5314 χρόνῳ
2086 5243 2325 5312 χαλεπὸν
2361 5245 2511 5296 ἔστιν
2547 5244 2752 5314 εὑρεῖν,
2787 5245 2923 5301 ὅπου
2967 5245 3138 5314 ἀρετὴ
3192 5261 3252 5298 τε
3305 5245 3401 5296 καὶ
3457 5243 3687 5313 εὐτυχία

391 5348 478 5400 ἐπ’
510 5343 645 5398 αὐτὸ
673 5338 1126 5410 συνεληλυθέτην,
1148 5338 1223 5402 ὠς
1260 5342 1318 5392 έν
1349 5342 1417 5410 τῇ
1445 5337 1613 5400 πάλαι
1648 5337 1941 5408 Ῥωμαίων
1973 5337 2238 5408 πολιτείᾳ,
2265 5337 2382 5407 ἅμα
2409 5338 2465 5390 δὲ
2490 5340 2585 5391 καὶ
2609 5339 2701 5391 ἐπὶ
2736 5338 2874 5392 πολὺ
2906 5337 3001 5391 τοῦ
3037 5339 3235 5408 χρόνου
3266 5338 3584 5407 διαρκέσαν.

462 5440 542 5510 Τῇ
605 5437 662 5492 δὲ
716 5436 813 5490 νῦν
868 5433 1188 5506 ὑμνουμένη
1257 5433 1492 5504 βασιλίδι
1547 5433 1708 5486 τοῦτο
1759 5434 1979 5505 πρῶτον

392 5531 617 5600 εὐτυχὲς
651 5526 864 5597 ὑπῆρξε
892 5527 952 5580 τὸ
990 5527 1108 5596 ἅμα
1160 5526 1259 5595 μὲν
1289 5526 1345 5591 ἐξ
1377 5525 1602 5594 ἀγαθῶν
1634 5524 1752 5594 ἅμα
1784 5525 1830 5578 δ’
1882 5525 1982 5577 οὐκ

391 5627 623 5696 ἀσήμων
646 5621 847 5692 φῦσαν,
874 5620 1091 5674 πολλῶν
1116 5620 1427 5690 κρείττονος
1458 5619 1491 5688 ἢ
1518 5618 1640 5671 καθ’
1669 5618 1870 5686 ἑαυτὴν
1888 5616 1982 5670 τοῦ

392 5720 574 5788 γάμου
635 5717 823 5785 τυχεῖν
880 5713 1096 5784 βασιλεῖ
1144 5711 1430 5782 Ῥωμαίων
1476 5712 1777 5782 γημαμένη
1809 5727 1822 5740 ·
1856 5711 1982 5781 άρτι

389 5811 489 5881 τὴν
526 5806 804 5879 βασιλείαν
836 5805 976 5877 μετὰ
1006 5806 1105 5876 τὴν
1128 5803 1224 5857 τοῦ
1248 5804 1454 5874 πατρὸς
1487 5804 1750 5874 τελευτὴν
1787 5821 1982 5876 παρει-

389 5903 606 5972 Metire,
637 5901 706 5956 τά
747 5900 803 5954 δὲ
847 5899 985 5972 μετὰ
1036 5898 1211 5953 ταῦτα
1243 5900 1342 5954 οὐκ
1374 5899 1591 5969 ἀμιγεῖς
1623 5899 1678 5954 αί
1732 5900 1979 5968 εὐτυχίαι

2169 5430 2307 5488 lluic
2361 5443 2561 5487 nostrae
2587 5432 2804 5501 quidem
2837 5432 3172 5500 imperatrici
3206 5431 3353 5487 felici
3393 5447 3522 5488 casu
3551 5431 3688 5485 obti-

2094 5527 2173 5597 git
2226 5536 2284 5581 ut
2328 5527 2487 5582 bonis
2545 5527 2723 5592 iisque
2780 5525 3056 5583 nobilibus
3112 5534 3396 5597 procreata
3450 5509 3709 5596 parenti?

2093 5622 2198 5676 bus
2242 5620 2590 5676 Rommorum
2636 5622 2957 5690 imperatori
3008 5635 3206 5691 genere
3260 5619 3515 5676 nobiliori
3566 5630 3694 5673 natu

2096 5717 2365 5781 nuberet;
2405 5716 2497 5787 qui
2527 5715 2668 5785 patri
2703 5716 2962 5771 defuncto
2996 5715 3288 5781 successit,
3319 5715 3486 5786 inque
3521 5731 3693 5780 regno

2093 5822 2195 5862 suo
2236 5823 2362 5863 cum
2428 5803 2576 5862 varia
2623 5807 2841 5861 fortuna
2905 5807 3121 5861 luctans
3178 5806 3494 5861 invasiones
3561 5805 3691 5859 Bar-

2092 5900 2347 5959 barorum
2396 5917 2459 5958 ac
2509 5899 2862 5958 obsessiones
2904 5897 3119 5956 urbium
3161 5906 3418 5959 exvertus
3454 5907 3537 5955 est
3581 5914 3689 5956 non
