4494 6458
703 383 807 448 963

1928 381 2250 441 GEORGII
2295 383 2729 442 PLETHUNIS

3887 381 3990 444 $61

701 496 803 547 οὐκ
827 490 1140 560 ἀναγκαίως
1171 509 1228 543 τε
1271 505 1329 555 ες
1359 491 1557 555 αἰῶνος
1604 491 1739 562 πρὸς
1763 492 1905 545 αὑτά
1933 497 2027 546 καὶ
2076 497 2289 564 ἀπαρα-
2319 501 2364 556 Α
2397 496 2706 561 ἀναγκαίως
2745 496 2876 562 ἔχει,
2928 495 2995 548 τά
3024 495 3067 548 δ’
3103 495 3234 548 ἄλλα
3284 495 3504 549 ἅπαντα
3546 495 3612 548 δι’
3648 495 3892 566 ἐκείνην,
3927 499 3994 567 ἦν

701 582 952 652 τρέπτως
975 578 1211 651 ἔχοντες.
1259 581 1403 634 Ἀλλ’
1443 583 1496 635 οῖ
1527 600 1584 636 τε
1617 583 1731 636 θεοὶ
1751 583 1899 635 ἴσασι
1930 586 1998 636 τὰ
2030 585 2286 651 ἐσόμενα,

703 681 800 733 καὶ
859 679 1162 747 ἀνθρώπων
1214 669 1412 746 οἷσπερ
1464 680 1530 732 ἂν
1589 678 1863 744 ἐθέλοιεν,
1914 678 2006 732 καὶ
2039 678 2290 741 καθόσον,

705 769 1163 840 προσημαίνουσι.
1217 770 1326 821 Καί
1372 787 1482 821 τισι
1538 768 1632 821 καὶ
1665 769 2129 839 προμεμαθηκόσι
2183 771 2294 821 τῶν

703 864 980 931 ἐσομένων
1008 860 1158 914 ἑστιν
1191 862 1247 925 ἃ,
1280 861 1373 912 καὶ
1414 863 1774 930 πειρωμένοις
1797 862 2105 929 διαφυγεῖν,
2140 860 2294 913 οὐδὲν

701 949 866 1024 ἧττον
893 952 1114 1019 ἀφυκτά
1142 969 1199 1003 τε
1233 952 1415 1013 αὐτοῖς
1451 952 1669 1018 ἐγένετο
1693 953 1786 1004 καὶ
1810 951 2195 1022 ἀναπόδραστα
2227 953 2295 1003 τά

705 1050 1042 1116 πεπρωμένα
1070 1061 1084 1074 ·
1129 1045 1236 1106 τοῖς
1262 1044 1321 1095 δὲ
1358 1047 1451 1097 καὶ
1496 1043 1646 1113 αὐτῷ
1678 1044 1848 1110 τούτῳ
1890 1044 1968 1113 τῷ
2003 1045 2292 1112 προμεμα-

705 1135 931 1205 θηκέναι
963 1151 1020 1186 τε
1050 1136 1143 1186 καὶ
1172 1135 1469 1203 πειρᾶσθαι
1505 1133 1818 1202 διαφυγεῖν,
1845 1135 1955 1195 τοῖς
1989 1133 2290 1204 πεπρωμέ-

704 1242 817 1288 νοις
853 1227 1178 1296 περιπεσεῖν
1205 1227 1429 1294 συνέὸη,
1454 1226 1596 1278 οὕτω
1644 1243 1746 1277 που
1782 1227 1876 1277 καὶ
1907 1224 2067 1278 τοῦτο
2100 1228 2296 1295 εἱμαρο

707 1319 869 1386 μένον
904 1319 1110 1381 αὐτοῖς.
1143 1317 1358 1372 Οὔκουν
1388 1319 1454 1372 ἂν
1484 1314 1622 1371 εἶναι
1657 1317 1937 1382 ἀνάλυσιν,
1969 1319 2088 1372 οὐδὲ
2111 1335 2295 1387 παρα-

700 1413 913 1480 τροπήν
952 1428 1099 1476 τινα,
1133 1413 1244 1472 τοῖς
1276 1411 1424 1475 ἆπαξ
1458 1412 1564 1463 ὑπὸ
1595 1411 1718 1473 Διός
1756 1428 1813 1464 τε
1842 1412 2212 1482 ἐγνωσμένοις
2237 1411 2296 1475 ἐξ

704 1504 901 1566 αίῶνος
963 1505 1058 1556 καὶ
1088 1504 1400 1574 εἱμαρμένῃ
1430 1505 1758 1573 δεδεμένοις.

788 1595 931 1648 Ἀλλ’
962 1598 1010 1648 εί
1040 1598 1218 1648 πάντα
1254 1595 1510 1664 ὥρισται,
1550 1597 1683 1664 φαίη
1707 1596 1772 1649 ἄν
1803 1613 1908 1659 τις,
1946 1596 2043 1649 καὶ
2087 1596 2239 1650 οὐδὲν
2267 1599 2294 1649 ὅ

703 1706 755 1740 τι
793 1687 869 1757 μὴ
897 1689 1144 1755 ἀνάγκης
1179 1688 1472 1756 μετείληφε
1519 1689 1628 1740 τῶν
1659 1689 1829 1742 όντων
1882 1706 1942 1740 τε
1975 1691 2068 1742 καὶ
2111 1705 2290 1757 γιγνο-

709 1782 907 1849 μένων,
943 1779 1006 1832 ἐκ
1040 1794 1097 1831 τε
1147 1780 1255 1833 τῶν
1283 1780 1588 1849 ἀνθρώπων
1621 1780 1810 1848 οἴχοιτ’
1843 1782 1967 1851 ἃνή
2006 1782 2294 1851 ἐλευθερία

706 1873 802 1925 καὶ
833 1874 866 1941 ὴ
894 1873 1016 1940 δίκη
1043 1875 1108 1925 ἐκ
1131 1874 1240 1924 τῶν
1275 1873 1434 1937 θεῶν,
1458 1874 1567 1924 τῶν
1602 1873 1698 1942 μὲν
1730 1873 2032 1944 ἀνθρώπιον
2051 1875 2291 1945 ἀνάγκῃ,

705 1964 821 2017 ἃττ’
854 1965 921 2017 ἂν
947 1965 1258 2031 πράττοιεν,
1295 1965 1649 2034 πραττόντων
1673 2006 1688 2028 ,
1744 1967 1839 2019 καὶ
1863 1967 2045 2018 οὐκέτι
2079 1965 2193 2018 οὔτ’
2228 1967 2294 2020 ἂν

705 2056 912 2123 κύρτων
961 2057 1173 2109 ἑαυτῶν
1213 2057 1406 2123 ὄντων,
1441 2057 1552 2109 οὔτ’
1604 2060 1667 2111 ἂν
1717 2059 2041 2128 ἐλευθέρων,
2093 2062 2205 2112 τῶν
2238 2062 2293 2112 δὲ

705 2148 843 2200 θεῶν
890 2149 1009 2218 ἢτοι
1046 2153 1372 2219 τοπαράπαν
1431 2153 1762 2218 ἀφεστώτων
1812 2151 1875 2203 ἂν
1912 2152 2006 2204 τοῦ
2038 2151 2291 2214 κολάζειν

702 2242 829 2301 τοὺς
857 2242 1083 2305 κακοὺς,
1122 2241 1152 2310 ἥ
1193 2242 1293 2293 οὐκ
1323 2244 1466 2294 ἆνὲν
1502 2243 1623 2312 δίκῃ
1659 2242 2020 2309 κολαζόντων,
2047 2246 2100 2298 εἴ
2136 2263 2198 2311 γε
2229 2246 2291 2314 δὴ

702 2330 917 2400 ἀνάγκη
965 2332 1013 2383 0!
1047 2332 1208 2384 κακοὶ
1243 2333 1424 2384 κακοί.
1469 2333 1630 2385 Ἀλλά
1666 2336 1791 2394 τοὺς
1833 2337 1931 2402 μὲν
1967 2336 2292 2405 ἀνθρώπους

703 2421 929 2490 κυρίους
966 2422 1031 2475 ἂν
1066 2424 1274 2476 ἑαυτῶν
1297 2423 1460 2488 εἶναι,
1501 2425 1560 2478 ού
1607 2426 1682 2494 τῷ
1723 2426 1797 2494 μὴ
1846 2427 1938 2479 ὑπ’
1967 2429 2179 2493 οὐδενὸς
2227 2432 2292 2483 ἀν

702 2513 1031 2581 τοπαράπαν
1058 2514 1346 2583 ἄρχεσθαι,
1387 2517 1524 2586 μήτε
1565 2534 1660 2569 του
1696 2517 1882 2582 ἄλλον,
1927 2519 2052 2589 μήτ’
2079 2524 2144 2575 ἂν
2194 2524 2289 2575 αὖ·

702 2605 813 2657 τῶν
843 2607 948 2656 τῶν
989 2605 1148 2671 θεῶν,
1177 2608 1312 2659 ἀλλά
1344 2606 1419 2677 τῷ
1455 2609 1601 2678 ἔχειν
1629 2610 1731 2678 μέν
1770 2629 1825 2663 τι
1861 2613 1917 2664 ὲν
1955 2615 2168 2678 ἑαυτοῖς
2194 2617 2292 2684 ἄρ-

703 2715 819 2766 χον,
845 2699 903 2750 τὸ
945 2698 1213 2770 φρονοῦν,
1255 2700 1315 2752 τὸ
1376 2700 1430 2753 δὲ
1470 2702 1605 2754 πολὺ
1655 2703 1993 2773 ἀρχόμενονο
2054 2709 2146 2760 καὶ
2196 2711 2290 2762 τοῦ

702 2787 901 2840 πολλοῦ
924 2789 1118 2842 τούτου
1145 2789 1222 2855 ἓν,
1255 2790 1314 2842 τὸ
1341 2792 1573 2860 φρονοῦν
1611 2811 1671 2847 τε
1697 2797 1789 2848 καὶ
1817 2797 1976 2863 φύσει
2011 2798 2290 2868 βέλτιστον

700 2879 807 2931 τῶν
842 2882 1156 2951 ἡμετέρων,
1189 2883 1379 2950 κύριον
1412 2883 1478 2936 ἂν
1521 2881 1686 2942 εἶναι.
1718 2889 1861 2942 Αὐτὸ
1885 2891 1940 2964 δὲ
1981 2892 2046 2962 δὴ
2072 2894 2131 2946 τὸ
2158 2913 2292 2965 φρο-

702 2965 826 3019 νοῦν
869 2967 944 3032 ὡς
979 2969 1162 3022 οὐκέτ’
1203 2971 1268 3024 ἂν
1310 2971 1532 3043 ἄρχοιτο
1563 2975 1655 3028 ὑπ’
1682 2977 1924 3044 οὐδενὸς,
1958 2984 2059 3036 οὐκ
2109 2987 2174 3038 ἀν
2203 2990 2288 3057 εἴη

701 3061 898 3114 εἰπεῖν.
961 3063 1027 3115 '0
1061 3064 1279 3134 πρῶτον
1312 3067 1412 3135 μὲν
1456 3070 1568 3131 τοῖς
1598 3069 1702 3134 ἔξω
1738 3073 2029 3143 πράγμασι
2061 3079 2290 3146 φαίνοιτ’

698 3150 767 3204 ἂν
808 3152 1094 3220 ἑπόμενον.
1138 3157 1368 3211 Ἔπειτα
1420 3160 1469 3212 εἰ
1524 3161 1618 3215 καὶ
1663 3165 1736 3233 μὴ
1788 3164 2054 3232 ὡσαύτως
2085 3171 2361 3263 άπασινϐ

712 3246 724 3263 ε
774 3245 798 3263 ιι
862 3244 872 3259 ι
1081 3249 1093 3263 .
1309 3252 1331 3262 -
1450 3253 1475 3263 -
1583 3255 1595 3263 .
1654 3255 1666 3263 .
1737 3257 1761 3263 -
1865 3259 1877 3263 _
1936 3260 1957 3263 _

703 3244 1014 3314 ἀνθρώποις
1045 3249 1104 3300 τὸ
1136 3252 1366 3319 φρονοῦν
1382 3253 1542 3306 τοῦτο
1575 3255 1678 3308 ὑπὸ
1693 3257 1800 3310 τῶν
1819 3259 1999 3313 αὐτῶν
2026 3267 2288 3334 πραγμά-

700 3354 808 3390 των
842 3339 1097 3404 φαίνεται
1118 3341 1514 3412 διατιθέμενον,
1549 3348 1647 3400 οὐκ
1670 3348 1736 3401 ἂν
1762 3350 1938 3420 ὀρθῶς
1961 3371 2046 3419 τις
2073 3360 2284 3431 οἰηθείη

701 3428 826 3497 μηδ’
855 3429 911 3494 ἐξ
943 3431 1190 3501 ἀνάγκης
1225 3433 1289 3486 ἂν
1331 3437 1562 3490 ἕπεσθαι
1598 3441 1729 3494 αὐτὸ
1769 3446 1882 3507 τοῖς
1939 3449 2282 3518 πράγμασιν.

703 3519 868 3588 ἃῆλον
896 3521 1005 3591 γάρ
1036 3524 1153 3576 ἐστι
1183 3526 1342 3580 τοῦτο
1395 3529 1693 3600 συμϐαῖνον
1752 3537 1896 3606 παρά
1924 3555 1981 3590 τε
2016 3541 2115 3608 τὴν
2148 3544 2286 3598 ἰδίαν

699 3612 868 3663 αὑτοῦ
897 3613 989 3664 τοῦ
1041 3616 1375 3684 φρονοῦντος
1402 3622 1660 3677 ἑκάστοτε
1703 3628 1884 3695 φύσιν,
1921 3635 2071 3702 παρά
2103 3654 2161 3687 τε
2188 3638 2285 3706 τὴν

701 3701 958 3771 ἄσκησιν.
1015 3705 1194 3761 Ταὺτὸ
1224 3711 1331 3782 γὰρ
1364 3713 1543 3767 ὁτιοῦν
1571 3717 1778 3774 πλείοσι
1810 3724 1930 3791 μὲν,
1965 3701 2284 3799 διαφέρουσι

704 3793 760 3844 δέ
801 3812 878 3865 πη
925 3797 1170 3868 ἀλλήλων
1209 3807 1573 3873 προσπίπτον,
1627 3809 1702 3872 ῶς
1738 3830 1792 3866 τι
1844 3815 2064 3883 δρᾶσον,
2099 3818 2285 3886 διαφέο

705 3887 869 3956 ροντά
918 3906 1000 3941 τοι
1029 3893 1122 3945 καὶ
1171 3897 1238 3948 τὰ
1267 3897 1572 3966 παθήματα
1607 3903 1937 3974 ἐξάνάγκης
1973 3909 2286 3980 ἀπεργάσε-

700 3994 812 4033 ται.
843 3981 1133 4052 Διαφέρειν
1166 3985 1273 4055 γάρ
1296 3987 1361 4038 ἂν
1388 3989 1448 4040 τὸ
1477 3992 1709 4059 φρονοῦν
1727 3996 1886 4049 τοῦτο
1913 3999 2168 4064 ἑκάστοις
2192 4005 2284 4056 καὶ

698 4068 798 4136 τὴν
841 4071 1004 4138 φύσιν
1057 4077 1149 4127 καὶ
1182 4077 1280 4148 τὴν
1328 4081 1564 4152 ἄσκησιν
1590 4101 1604 4116 ⁶
1661 4089 1754 4140 καὶ
1789 4090 1889 4160 τῆς
1928 4093 2026 4162 μὲν
2070 4096 2284 4163 φύσεως

703 4159 828 4222 τοὺς
849 4160 1005 4226 θεοὺς
1037 4164 1104 4219 ἂν
1133 4172 1354 4238 κυρίους
1372 4169 1540 4241 εἶναι,
1564 4181 1662 4248 τῆς
1685 4180 1732 4232 δ’
1757 4181 2040 4254 ἀσκήσεως
2063 4189 2162 4256 τὴν
2190 4189 2284 4244 τοῦ

703 4248 1052 4328 [ἀσκοῦντος]
1120 4253 1258 4312 εἶναι
1330 4265 1509 4331 δόξαν,
1574 4275 1851 4342 προτέραν
1885 4248 2046 4346 ἀὐτῷ
2118 4248 2283 4346 ἑγγε-

701 4345 954 4415 νομένην,
1014 4350 1082 4420 ἣν
1150 4353 1216 4405 ἂν
1274 4356 1560 4427 ἀμήχανον
1618 4363 1684 4415 ἂν
1758 4362 1897 4419 εἶναι
1960 4345 2284 4437 ἐγγενέσθαι

699 4437 923 4504 ὁτῳοῦν,
965 4442 1041 4510 μὴ
1089 4443 1150 4494 οὗ
1201 4443 1338 4498 Θεοῦ
1393 4454 1868 4522 παραστήσαντος.
1914 4459 2149 4528 Κυρίους
2185 4463 2284 4530 μὲν

699 4526 789 4580 οῦν
822 4529 1033 4584 ἑαυτῶν
1082 4535 1207 4598 τοὺς
1265 4538 1590 4609 ἀνθρώπους
1632 4540 1774 4598 εἴναι
1805 4530 1816 4541 ’

696 4620 958 4690 ἄρχουσιν
1004 4625 1208 4692 αὐτῶν,
1256 4633 1358 4685 κᾶν
1398 4635 1697 4704 ἀρχόμενοι
1751 4640 2031 4709 ἄρχωσινο
2067 4643 2288 4696 ἑλευθέ⁴

699 4728 827 4778 ρους
854 4714 910 4765 δὲ
935 4711 1076 4768 εἷναί
1106 4720 1165 4770 τέ
1195 4738 1310 4784 πως
1343 4727 1436 4778 καὶ
1472 4728 1546 4795 μὴ
1576 4723 1738 4784 εἶναι.
1774 4733 1834 4784 El
1869 4733 1970 4801 μὲν
1998 4734 2107 4804 γὰρ
2138 4736 2289 4788 ἑλευ-

699 4797 890 4867 θερίαν
940 4819 1022 4864 τις
1076 4806 1174 4874 τὴν
1209 4809 1309 4861 οὐκ
1343 4812 1590 4884 ἀνάγκην
1627 4817 1810 4884 καλεῖ,
1858 4821 1958 4873 οὐκ
2011 4823 2076 4876 ἂν
2110 4823 2288 4893 ὀρθῶς

703 4891 948 4958 φαίνοιτο
980 4897 1184 4952 καλῶνο
1241 4902 1612 4971 ἀναγκάζοιτο
1664 4911 1771 4978 γὰρ
1816 4911 1881 4963 ἂν
1911 4891 2155 4967 δουλείαν
2187 4919 2285 4987 τὴν

698 4984 946 5076 ἀνάγκην
976 4988 1179 5044 καλεῖν.
1211 4993 1286 5062 Τῇ
1325 4995 1380 5048 δὲ
1426 4997 1641 5070 διυλείᾳ
1692 5003 1788 5054 καὶ
1833 5005 2152 5063 δεσποτείαν
2187 4984 2282 5076 δή-

700 5090 802 5124 που
837 5069 974 5128 εἷναί
1008 5094 1128 5130 τινα
1179 5079 1277 5147 δεῖ,
1410 5086 1708 5155 δουλεύσει,
1758 5091 1969 5144 δουλεία
2014 5090 2168 5148 οὖσα.
2202 5098 2278 5168 Τῇ

698 5164 792 5218 οὖν
838 5169 1181 5245 πρεσϐυτάτῃ
1228 5175 1467 5249 ἀνάγκῃ,
1500 5182 1594 5235 καὶ
1628 5183 1659 5253 ἦ
1699 5183 1835 5253 μόνη
1863 5186 1999 5256 αὐτὴ
2028 5187 2096 5239 δι’
2119 5164 2290 5260 αὐτὴν

2396 588 2634 654 τάγαθόν
2666 606 2721 640 τε
2757 589 2893 639 αὐτὸ
2944 590 3037 640 καὶ
3084 592 3173 640 τὸν
3206 589 3300 640 Δία
3330 589 3535 656 φαμὲν,
3566 590 3652 651 τίς
3678 607 3809 643 ποτε
3839 592 3994 643 ἑστοι

2396 680 2690 732 δεσποτεία
2816 679 3137 744 δουλεύσει;
3188 683 3248 734 οὐ
3283 682 3390 751 γάρ
3432 699 3532 733 που
3567 685 3597 750 ἡ
3631 682 3774 751 αὑτὴ
3804 682 3993 734 δεσπτ..

2397 769 2515 822 τεία
2547 771 2664 837 ἄμα
2712 773 2806 824 καὶ
2855 771 3070 824 δουλεία
3109 773 3282 825 ἔσται.
3323 774 3382 826 Εἰ
3427 774 3481 826 δὲ
3516 773 3592 842 τῷ
3637 773 3906 843 ἄρχεσθαί
3940 793 3996 826 τε

2399 865 2491 915 καὶ
2525 864 2598 931 μὴ
2626 865 2856 930 ὁριεῖταί
2889 883 2970 927 τις
3014 866 3115 934 τήν
3145 883 3201 917 τε
3246 867 3492 919 δουλείαν
3521 869 3616 920 καί⁴
3648 869 3989 935 ἐλευθερίαν,

2396 957 2456 1008 οὐ
2500 958 2659 1023 μόνον
2705 959 2806 1010 οὐκ
2859 959 2924 1010 ἂν
2958 958 3264 1026 ἀνθρώπων
3316 961 3489 1021 οὐδεὶς
3549 961 3636 1030 εἴη
3686 960 3995 1030 ἐλεύθερος,

2399 1045 2514 1099 ἀλλ’
2546 1047 2654 1098 οὐδ’
2680 1048 2752 1100 ἂν
2790 1048 2928 1100 θεῶν
2975 1049 3132 1112 ἄλλος
3181 1069 3265 1113 τις
3306 1051 3446 1119 πλὴν
3495 1053 3636 1114 Διὸς,
3665 1052 3843 1105 ἄλλων
3898 1054 3996 1120 μὲι

2398 1138 2576 1202 ἄλλοις
2607 1140 2683 1206 τῷ
2725 1141 2990 1209 ἄρχεσθαι
3037 1143 3424 1208 δουλευόιτων,
3485 1146 3745 1198 ἁπάντων
3804 1146 3847 1199 δ’
3887 1147 3995 1197 ἀπὸ

2400 1231 2539 1283 θεῶν
2575 1232 2926 1302 ἀρξαμένων,
2964 1234 3040 1302 τῷ
3089 1235 3252 1306 κοινῷ
3303 1238 3548 1310 Δεσπότῃ
3582 1238 3684 1290 Διῒ.
3723 1236 3798 1292 Οὐ
3846 1242 3976 1307 μέντ

2400 1324 2464 1375 ἂν
2496 1325 2668 1377 δεινόν
2708 1343 2760 1379 τι
2799 1327 2884 1396 εἰή
2917 1326 3106 1380 τοῦτον
3133 1331 3223 1382 τὸν
3255 1331 3461 1401 τρόπον
3562 1331 3781 1385 δουλεία
3816 1333 3990 1385 καθά-

2399 1416 2532 1480 παξ,
2569 1417 2688 1469 οὐδὲ
2721 1419 2979 1486 φευκτόν.
3046 1419 3110 1471 'H
3148 1423 3256 1488 γὰρ
3311 1421 3385 1490 τῷ
3438 1421 3632 1492 ἀγαθῷ
3683 1423 3899 1474 δουλεία
3935 1424 3994 1475 οὐ

2402 1509 2560 1573 μόνιν
2590 1510 2650 1560 οὺ
2692 1510 2887 1575 δεινὸν,
2923 1510 3062 1565 ἀλλά
3098 1513 3193 1566 καὶ
3249 1514 3532 1572 λυσιτελές
3581 1532 3639 1568 τε
3693 1516 3788 1569 καὶ
3841 1516 3995 1585 φίλον

2401 1600 2494 1650 καὶ
2528 1600 2678 1669 αὐτῷ
2711 1602 2786 1670 τῷ
2817 1601 3149 1656 δουλεύοντι·
3193 1606 3346 1658 οὑὶὲν
3376 1607 3484 1676 γὰρ
3521 1606 3587 1659 ἂν
3624 1607 3815 1677 ἀλλὀἣ
3860 1611 3995 1674 ἀγα-

2402 1692 2493 1744 θὸν
2520 1694 2853 1746 ἀπολαύσειέ
2886 1714 2966 1758 τις
2997 1697 3266 1750 δουλεύων
3306 1701 3516 1769 ἀγαθῷ.
3556 1703 3616 1753 EE
3647 1702 3691 1753 δ’
3722 1703 3780 1756 οὐ
3817 1703 3988 1772 ταύτῃ

2399 1802 2481 1846 τις
2518 1787 2746 1854 ὁριεῖται
2779 1786 3024 1840 δουλείαν
3056 1807 3113 1841 τε
3145 1793 3236 1842 καὶ
3279 1791 3614 1862 ἐλευθερίαν,
3658 1795 3773 1846 ἀλλ’
3807 1796 3992 1868 ἐκείνῃ

2402 1876 2621 1945 μᾶλλον,
2652 1879 2729 1944 τῷ
2765 1879 3074 1932 κωλύεσθαι
3102 1881 3135 1951 ἢ
3181 1883 3253 1950 μὴ
3292 1885 3600 1938 κωλύεσθαί
3636 1904 3755 1938 τινα
3789 1888 3886 1956 ζῇν
3915 1891 3990 1949 ιὶς

2400 1966 2651 2035 βούλεται
2686 1969 2957 2035 (βούλοιτο
3007 1973 3051 2023 δ’
3089 1976 3155 2026 άν
3219 1977 3324 2037 πᾶς
3377 1995 3460 2040 τις
3520 1981 3784 2048 πράττειν
3836 1998 3894 2032 τε
3929 1978 3988 2032 εὖ

2400 2060 2900 2131 καὶεύδαιμονεῖν),
2952 2066 3100 2129 ἄπας
3140 2071 3237 2135 μὲν
3271 2069 3337 2122 ἂν
3389 2072 3416 2122 ὁ
3462 2067 3522 2124 εὖ
3577 2074 3836 2142 πράττων
3883 2075 3986 2126 xiv

2397 2151 2682 2222 ἐλεύθερος
2717 2155 2825 2223 εἴη,
2863 2155 2929 2208 ἄν
2961 2176 3018 2210 τε
3053 2160 3373 2230 ἀρχόμενος,
3404 2164 3467 2217 ἄν
3497 2183 3554 2216 τε
3592 2168 3689 2236 μὴ,
3723 2167 3782 2220 εὖ
3817 2169 3990 2237 πράτ-

2396 2258 2504 2293 των
2539 2246 2805 2316 τυγχάνῃ”
2849 2248 2925 2310 ὡς
2977 2250 3086 2320 γάρ
3125 2252 3400 2320 βούλεται,
3442 2255 3556 2326 ζῴη
3607 2259 3689 2311 ἄν·
3721 2260 3906 2322 κακῶς
3931 2260 3987 2311 δὲ

2399 2337 2658 2405 πράττων
2693 2358 2772 2403 τις
2827 2341 2940 2394 οὒτ’
2987 2343 3075 2409 ἂν,
3129 2345 3200 2408 ὡς
3250 2348 3516 2416 βούλοιτο,
3569 2352 3708 2422 ςῲη,
3761 2353 3874 2407 οὔτ’
3923 2358 3986 2408 ἰν

2396 2429 2680 2500 ἐλεύθερος
2713 2433 2886 2501 δήπου
2917 2436 3025 2504 εἴη.
3054 2439 3254 2502 Κακῶς
3284 2441 3340 2494 δὲ
3367 2444 3627 2511 πράττειν
3659 2448 3986 2519 ἀνθρώπους

2395 2522 2494 2573 οὐκ
2527 2523 2660 2594 ἄλλῃ
2694 2523 2759 2577 ἂν
2805 2527 2836 2594 ἧ
2877 2532 3081 2592 κακοὺς
3113 2535 3406 2599 γεγονότας
3430 2577 3442 2599 ,
3481 2537 3622 2591 ῶστε
3660 2542 3768 2593 οὐδ’
3795 2544 3860 2596 ἂν
3893 2563 3989 2596 κα-

2395 2617 2490 2677 κὸς
2523 2616 2826 2686 ἀνθρώπων
2858 2623 3034 2686 οὐδεὶς
3068 2625 3298 2693 βούλοιτ’
3334 2629 3401 2681 ἂν
3433 2632 3740 2701 γίγνεσθαι,
3773 2639 3887 2706 εἴγε
3922 2639 3986 2708 δὴ

2398 2707 2533 2776 μηδὲ
2565 2712 2751 2773 κακῶς
2790 2713 2857 2764 ἂν
2887 2717 3094 2783 πρᾶξαι
3118 2736 3131 2750 ·
3186 2720 3302 2772 ἀλλ’
3333 2723 3568 2787 ἄκοντας
3621 2730 3825 2792 κακοὺς
3859 2735 3986 2794 τοὺς

2395 2803 2598 2863 κακοὺς
2634 2802 2921 2871 γίγνεσθαι
2951 2809 3436 2879 ἐξαμαρτάνοντας
3461 2834 3474 2847 °
3505 2818 3617 2872 οὐδ’
3656 2821 3721 2873 ἂν
3769 2823 3984 2878 ἐλεύθε-

2397 2910 2487 2962 ρον
2523 2896 2709 2948 κακῶν
2757 2894 2899 2951 εἶναι
2948 2902 3165 2970 οὐδένα,
3198 2907 3326 2970 τοὺς
3361 2909 3418 2962 δὲ
3447 2912 3648 2978 καλούς
3691 2934 3750 2968 τι
3789 2920 3983 2985 μόνους

2397 2987 2697 3053 κάγαθούς.
2754 2989 2892 3055 Τοὺς
2948 2993 3004 3047 δὲ
3066 2996 3222 3062 θεοὺς
3276 3001 3528 3066 κολάζειν
3574 3008 3663 3071 ἂν,
3716 3009 3816 3062 οὐκ
3854 3015 3986 3066 αὐτὸ

2395 3079 2552 3132 τοῦτο
2584 3081 2738 3145 τέλος
2771 3084 2944 3153 δήπου
2976 3088 3037 3140 τό
3073 3106 3135 3157 γε
3187 3092 3439 3159 κολάζειν
3467 3101 3848 3169 ποιουμένους,
3876 3107 3970 3158 οὐδ

2397 3171 2485 3222 ἐπ’
2537 3173 2705 3227 αὑτοῦ
2753 3182 3256 3250 καταστρέφοντας,
3307 3187 3444 3241 ἀλλά
3500 3191 3568 3244 τὰ
3613 3192 3986 3266 ἁμαρτήματα

2393 3264 2848 3336 ἐπανορθοῦντας.
2892 3272 3041 3326 Ἐπεὶ
3067 3279 3178 3347 γὰρ
3223 3279 3322 3349 οὑχ
3368 3276 3482 3335 οἷόν
3524 3301 3554 3337 τ
3603 3281 3672 3357 ἦν
3700 3288 3776 3358 μὴ
3807 3264 3988 3359 ἀμαρ-

2390 3359 2574 3411 τάνειν
2607 3359 2827 3424 πάντως
2877 3365 2968 3417 τὸν
3018 3367 3328 3438 ἄνθρωπον,
3377 3374 3622 3428 τοιοῦτόν
3672 3395 3791 3431 τινα
3822 3398 3985 3448 γεγο-

2391 3449 2540 3517 νότα,
2580 3451 2644 3506 ἑκ
2674 3472 2735 3508 τε
2770 3456 2919 3521 θείας
2971 3462 3064 3514 καὶ
3106 3465 3380 3534 ἑπικήρου
3440 3469 3658 3535 φύσεως
3699 3473 3981 3537 σύνθετον,

2390 3543 2505 3596 ἀλλ’
2537 3545 2648 3599 ἔδει
2679 3550 2808 3602 ποτὲ
2847 3551 2946 3620 μὲν
2977 3553 3043 3607 ἂν
3077 3558 3220 3610 κατά
3250 3558 3308 3610 τὸ
3344 3559 3485 3613 θεῖον
3518 3563 3579 3614 τὸ
3605 3564 3664 3616 ἐν
3706 3567 3855 3638 αὐτῷ
3887 3567 3986 3622 ἐπὶ

2391 3636 2488 3702 τὴν
2508 3638 2603 3690 τοῦ
2637 3645 2938 3709 συγγενοῦς
2969 3647 3310 3715 ἁφομοίωσιν
3341 3651 3610 3722 ἀγόμενον
3642 3652 3705 3710 εὖ
3731 3675 3787 3711 τε
3814 3663 3986 3728 πράτ-

2388 3742 2503 3778 τειν
2537 3729 2635 3779 καὶ
2685 3735 2972 3802 μακαρίως
3007 3737 3130 3807 ζῇν,
3165 3742 3286 3793 τοτὲ
3317 3742 3362 3794 δ’
3399 3740 3465 3797 αὗ
3513 3747 3619 3799 ὑπὸ
3649 3748 3744 3802 τοῦ
3785 3752 3981 3821 θνητοῦ

2387 3818 2481 3872 τοῦ
2510 3819 2568 3870 ἐν
2603 3821 2754 3892 αὐτῷ
2785 3831 3220 3896 κατασπώμενον
3252 3834 3327 3895 ὡς
3359 3835 3561 3905 ἑτέρως
3589 3835 3657 3893 αὗ
3695 3844 3977 3908 πράττειν.

2391 3909 2644 3981 βοήθειάν
2677 3933 2796 3968 τινα
2831 3918 2978 3988 αὐτῷ
3010 3922 3104 3974 καὶ
3136 3924 3233 3994 τὴν
3274 3926 3364 3978 διὰ
3402 3928 3511 3982 τῶν
3538 3932 3815 3989 κολάσεων
3845 3938 3984 3990 ταύο

2390 4017 2491 4068 την
2520 4005 2896 4073 ἐπανόρθωσιν
2925 4011 3048 4072 τοὺς
3081 4013 3237 4076 θεοὺς
3267 4022 3715 4089 μεμηχανῆσθαι,
3747 4026 3823 4090 ὦς
3851 4045 3980 4082 ποτε

2388 4091 2465 4160 τῷ
2498 4095 2838 4165 κολασθῆναί
2884 4117 2941 4152 τε
2977 4104 3072 4154 καὶ
3099 4103 3257 4174 δίκην
3285 4108 3580 4167 δεδωκέναι
3611 4117 3983 4187 ἀπαλλαγέντι

2387 4181 2483 4251 τῆς
2514 4187 2739 4252 κακίας,
2780 4186 2893 4242 οἷόν
2925 4210 3032 4262 περ
3075 4197 3232 4250 νόσου
3293 4199 3547 4270 σώματος
3593 4205 3873 4276 δηκτικοῖς
3918 4231 3977 4267 τε

2387 4279 2479 4328 καὶ
2530 4281 2774 4351 ἀνιαροῖς
2820 4304 2930 4340 τισι
2985 4293 3302 4360 φαρμάκοις
3332 4336 3347 4362 ,
3389 4299 3616 4365 ἄμεινόν
3662 4321 3721 4356 τε
3777 4310 3982 4377 πρᾶξαι

2386 4367 2598 4432 γένοιτο
2651 4375 2746 4425 καὶ
2783 4375 3276 4448 ἐλευθερίαςάντὶ
3328 4387 3575 4454 δουλείας
3629 4367 3976 4466 μεταλάὅεῖν,

2387 4460 2512 4512 ὅτου
2549 4464 2624 4533 μὴ
2657 4466 2945 4538 ὴπιωτέρα
2985 4489 3071 4534 τις
3099 4474 3476 4548 ἐπανόρθωσις
3506 4483 3593 4537 διά
3631 4460 3981 4559 -μοχθηροτέλ

1824 4549 1950 4600 καθ’
2000 4551 2125 4603 ὅσον
2181 4569 2285 4606 που
2324 4563 2365 4618 D
2395 4569 2496 4620 ραν
2543 4556 2663 4608 τινά
2699 4556 2813 4621 ἕξιν
2868 4560 3086 4615 δύναιτο
3134 4567 3504 4624 καθικέσθαι·
3549 4574 3681 4630 ὥστ’
3715 4581 3866 4634 οὐδὲν
3915 4584 3982 4638 ἂν

2396 4644 2628 4698 κωλύειν
2655 4650 2749 4702 καὶ
2780 4652 3012 4717 ἄκοντας
3039 4662 3241 4723 κακοὺς
3268 4663 3431 4726 ὄντας
3452 4667 3581 4731 τοὺς
3606 4673 3809 4736 κακοὺς
3834 4676 3981 4744 ὅμως

2395 4734 2739 4805 κολάξεσθαι,
2779 4747 2948 4797 κακὸν
2976 4747 3076 4815 μὲν
3112 4750 3264 4805 οὐδὲν
3307 4762 3834 4830 προσπεισομένους,
3863 4767 3979 4820 ἀλλ’

2391 4825 2843 4901 ὠφελησομένους
2879 4839 2958 4908 τῷ
2993 4841 3340 4906 κολάζεσθαι.
3393 4848 3482 4913 Ὡς
3531 4825 3632 4922 μὲν
3664 4850 3758 4908 οῦν
3787 4825 3894 4910 είσί
3918 4877 3976 4912 τε

2393 4919 2525 4988 θεοὶ,
2567 4925 2659 4976 καὶ
2695 4925 2771 4989 ὡς
2799 4933 3126 4999 προνοοῦσιν
3166 4938 3497 5008 ἀνθρώπων,
3542 4949 3638 4998 καὶ
3675 4948 3753 5009 ὡς
3786 4950 3846 5002 οὐ
3879 4969 3977 5003 κα-

2391 5011 2501 5063 κῶν
2532 5014 2717 5084 οιῖτιοι,
2759 5022 2851 5072 καὶ
2881 5024 2955 5085 ὡς
2981 5025 3297 5101 εἱμαρμένῃ
3327 5032 3746 5108 ἀπαρατρέπτῳ
3773 5041 3834 5094 τὸ
3859 5042 3977 5112 βέλ-

2390 5121 2572 5159 τιστον
2603 5109 2856 5175 ἑκάστοις
2904 5116 3297 5190 ἀπονέμουσιν,
3333 5123 3409 5188 ὡς
3450 5126 3582 5194 γοῦν
3617 5131 3847 5200 μετρίως
3897 5135 3977 5188 εί-

2403 5197 2622 5267 ρῆσθαι,
2656 5202 2857 5268 ἱκανῶς
2881 5206 2984 5278 ἥδη
3018 5210 3276 5280 είρὴσθω.
