4494 6458
786 420 891 485 967

1988 404 2327 466 GEORGII
2365 403 2801 464 PLETHONIS

3952 398 4058 465 πθ

790 553 921 599 τως,
950 529 1189 599 Μοιχούς
1219 544 1282 596 γε
1320 525 1427 595 μὴν
1457 524 1654 604 αὐτοὺς
1686 521 1783 591 μὲν
1850 519 2114 583 ὡσαύτως
2173 519 2375 582 καίειν,
2410 524 2454 581 Α
2488 516 2816 580 θάπτεσθαι,
2845 514 2908 568 οὐ
2936 514 2999 583 δὴ
3030 516 3123 568 καὶ
3161 515 3286 577 τοὺς
3314 509 3476 585 ἦττον
3513 512 3728 579 ἐναγεῖς
3760 511 4082 580 τολμῶντας

792 628 889 680 καὶ
922 620 1282 693 προαγωγοὺς
1308 618 1447 687 πρδς
1477 614 1682 675 αὐτοῖς,
1723 611 1789 666 ἀν
1832 628 1891 664 τε
1924 611 2139 680 ἀνδρες,
2198 612 2265 664 ἀν
2322 628 2380 663 τε

794 719 1054 785 γυναῖκες
1108 707 1413 765 αίτινεσοῦν
1460 700 1585 760 ῶσι.
1643 705 1915 765 Γυναῖκας
1969 702 2025 755 δὲ
2075 702 2139 772 δὴ
2196 701 2288 765 τάς
2322 718 2385 765 γε

798 804 1152 877 μοιχευτρίας
1175 804 1241 872 τῇ
1272 800 1379 853 τῶν
1435 797 1649 867 πορνῶν
1698 796 2081 865 προεστηκυίᾳ
2142 794 2388 863 περικεί-

800 913 1000 969 ραντας
1032 892 1406 962 παραδιδόναι,
1444 890 1537 941 τὸν
1570 887 1759 941 λοιπὸν
1808 884 2216 954 πορνευσούσας
2247 882 2382 953 βίον,

797 990 887 1044 ἴνα
919 988 1033 1041 ἀνθ’
1059 982 1133 1040 ὧν
1160 985 1361 1044 ἐαυτὰς
1424 981 1735 1052 μονολεχεῖς
1787 975 1869 1043 οἷς
1926 978 2389 1047 καθωμολόγηντο

796 1085 897 1136 οὐκ
926 1080 1218 1149 ἐφύλαξαν,
1249 1080 1360 1139 τοῖς
1389 1075 1595 1137 ἄλλοις,
1626 1076 1750 1126 ὅσον
1777 1072 1836 1125 τὸ
1873 1070 1959 1125 ἐπ’
2003 1071 2218 1132 αὐταῖς,
2290 1086 2388 1137 μο-

2488 606 2598 659 τῶν
2627 606 2827 675 φόνων.
2857 604 3074 667 Βιαίους
3116 606 3172 657 δὲ
3196 605 3260 674 δὴ
3294 605 3388 657 καλ.
3418 603 3644 673 μοιχοὺς
3687 603 3751 657 οὐ
3785 605 3946 671 μόνον
3968 603 4085 656 δια-

2489 700 2917 770 πεπραγμένους
2957 698 3212 768 ζημιοῦν,
3276 698 3413 750 ἀλλά
3478 697 3580 749 κάν
3627 713 3713 758 τις
3759 696 4084 764 βιαζόμενος

2494 792 2614 861 μὲν,
2649 791 2709 844 οὐ
2743 790 2924 859 ⁴τυχὼν
2953 790 3035 854 δέ,
3061 790 3379 856 ἁλίσκηται,
3417 788 3449 857 ἡ
3484 788 3689 857 πειρῶν
3724 788 3843 856 μὲν,
3873 787 3935 839 οὐ
3970 787 4088 837 δια-

2490 880 2883 949 πεπραγμένος
2914 879 2993 943 δὶ,
3024 879 3119 931 καὶ
3169 876 3359 930 τοῦτον
3397 876 3552 930 οὐδέν
3606 871 3769 946 ἦττον
3825 877 3892 945 τῇ
3946 874 4085 943 αὐτῇ

2492 968 2667 1039 ζημίᾳ
2712 968 2969 1039 ζημιοῦν.
3026 970 3104 1037 Τῇ
3158 972 3266 1036 γὰρ
3322 967 3517 1038 γνώμῃ
3538 969 3637 1020 καὶ
3666 966 3823 1027 οὖτος
3851 966 4023 1036 βίαιος
4052 966 4087 1036 ἡ

2498 1062 2681 1130 μοιχὸς
2712 1061 2863 1114 οὐδὲν
2897 1056 3061 1132 ἦττον
3102 1060 3197 1113 τοῦ
3243 1061 3753 1130 διαπεπραγμένου.
3802 1058 4089 1127 Ἀξιοῦμεν

797 1174 1035 1239 νο).εχεῖς
1090 1170 1191 1231 τὰς
1265 1166 1809 1233 καθωμολογημένας
1873 1163 2115 1227 σώζωσι,
2162 1165 2228 1231 τῇ
2280 1149 2396 1212 τῶν
2493 1154 2537 1206 δ’
2566 1155 2749 1223 ἡμεῖς,
2774 1153 2841 1223 ἢν
2860 1152 3119 1221 γυναικός
3148 1170 3228 1213 τις
3266 1152 3441 1223 ἑτέρῳ
3491 1154 3700 1222 ὁτῳοῦν
3761 1150 4079 1217 καθωμολο-

799 1262 937 1335 πρδς
964 1258 1167 1325 ταύτην
1198 1257 1263 1309 ἂν
1289 1253 1546 1324 μαλακῶς
1578 1254 1811 1322 ἐχόντων
1834 1252 1931 1321 τὴν
1961 1249 2258 1320 ἐπιθυμίαν
2291 1249 2393 1302 οὐκ
2496 1247 2748 1317 γημὲνης
2805 1246 2971 1316 ἔρωτι
3035 1244 3231 1299 ἐαυτοῦ
3289 1245 3655 1314 ἁλισκομένου
3738 1243 4089 1311 αἰσθάνηται,

804 1352 988 1419 ἐναγεῑ
1014 1367 1119 1401 τινι
1151 1347 1441 1416 θεραπεία.
1512 1344 1704 1398 Καίειν
1738 1343 1783 1396 δ’
1816 1341 2101 1413 ὡσαύτως,
2142 1341 2245 1393 κάν
2312 1358 2395 1403 τις

802 1442 1038 1509 γυναῖκα
1065 1434 1315 1507 ἡντινοῦν
1353 1434 1633 1504 βιάσηται,
1673 1431 1819 1501 πλὴν
1853 1431 2082 1501 πόρνης,
2117 1432 2222 1485 κᾶν
2252 1432 2393 1483 ἐται-

807 1530 999 1601 ροῦσα,
1038 1526 1263 1597 μηδέπω
1304 1524 1736 1594 πεπορνευκυῖα,
1758 1521 2015 1589 ἐλεγχθῇ.
2046 1522 2160 1573 Καὶ
2185 1519 2397 1589 πόρνην

803 1622 857 1673 δὲ
886 1618 1216 1688 βιασάμενόν
1247 1633 1378 1670 ποτε
1402 1614 1599 1678 καίειν,
1637 1614 1703 1683 ἡν
1724 1629 1786 1681 γε
1810 1614 2139 1681 αἱμορροίας
2169 1612 2269 1681 τῆς
2299 1628 2399 1676 γυ·

805 1711 981 1773 ναιξὶν
1016 1705 1275 1769 εἰωθυίας
1335 1704 1396 1757 οὐ
1447 1702 1866 1771 καθαρεύουσαν
1928 1701 2211 1771 βιάσηται.
2263 1700 2400 1752 Τού-

805 1818 928 1861 τους
997 1798 1095 1865 μὲν
1147 1795 1241 1849 οὖν
1286 1794 1517 1859 πάντας,
1569 1792 1664 1845 ἆτε
1712 1794 1806 1844 καὶ
1850 1791 2273 1855 ἐναγεστάτους,
2338 1792 2395 1841 ἐν

2499 1338 2926 1409 παρ’ὲξηγητὴν
2958 1355 3015 1390 τε
3050 1338 3217 1400 εὐθὺς
3255 1339 3401 1392 ίόντα
3432 1339 3529 1389 καὶ
3578 1336 3640 1389 τὸ
3672 1336 3844 1396 πάθος
3899 1333 4094 1401 ἐξαγο-

2502 1430 2753 1500 ρεύοντα,
2789 1430 3081 1498 καθαρμόν
3112 1446 3172 1482 τε
3204 1430 3371 1482 αὐτοῦ
3396 1429 3493 1481 τοῦ
3520 1428 3727 1490 πάθους
3769 1428 3965 1488 αιτειν,
4000 1426 4095 1476 καὶ

2500 1522 2596 1575 τοῦ
2655 1523 2731 1590 μὴ
2772 1523 2828 1584 ἐς
2888 1524 3077 1590 μεῖζον
3134 1522 3494 1589 ἐμπεσεῖσθαι
3550 1520 3723 1572 κακδν
3767 1518 4092 1587 ἀσφάλειαν,

2502 1617 2881 1686 κρατήσαντος
2912 1614 2979 1667 ἂν
3012 1615 3105 1667 τοῦ
3134 1614 3341 1675 πάθους
3374 1613 3470 1680 τῆς
3500 1612 3702 1681 ψυχῆς,
3727 1612 3822 1663 καὶ
3852 1612 3944 1663 ἐπί
3972 1609 4096 1679 ίερά

2505 1708 4093 1779 βαδίζοντα..............

810 1890 957 1951 ίδίοις
990 1891 1131 1941 τισὶν
1161 1888 1477 1953 ἀπάγοντας
1521 1883 1899 1952 πολυανδρίοις
1932 1881 2131 1942 καίειν,
2189 1882 2250 1932 οὐ
2282 1881 2394 1941 τοῖς
2428 1882 2471 1941 Β
2499 1893 2595 1945 καὶ
2625 1893 2841 1961 θανάτῳ
2872 1892 2973 1961 ήδη
3006 1890 3258 1961 ζημιοῦν,
3285 1891 3407 1943 Τῶν
3431 1890 3475 1942 δ’
3503 1890 3859 1959 ἀδικημάτων
3886 1890 4097 1956 ἀμφισ-

808 1985 1026 2043 κοινοῖς.
1058 1981 1261 2051 Τριττὰ
1295 1980 1405 2047 γὰρ
1432 1973 1524 2031 οὖν
1555 1984 1649 2028 καὶ
1686 1973 1827 2029 εἶναι
1864 1974 2169 2045 ἑκασταχοῦ
2194 1976 2263 2028 τά
2297 1989 2397 2026 πο-

809 2073 1088 2140 λυάνδρια,
1127 2072 1272 2139 ὅροις
1300 2069 1545 2137 εὐδὴλοις
1576 2068 1639 2139 δὴ
1666 2085 1811 2121 τισιν
1854 2068 2099 2137 ἀλλήλων
2127 2068 2398 2137 διακρινό-

812 2182 969 2232 μενα,
1004 2163 1060 2215 ἓν
1096 2164 1192 2232 μὲν
1250 2161 1507 2230 ἱερεῦσιν,
1550 2161 1738 2229 ἕτερον
1772 2160 1829 2213 δὲ
1883 2161 1961 2229 τῷ
2006 2160 2151 2230 ἀ)λῳ
2215 2161 2397 2229 δήμῳ,

808 2258 938 2309 ἄλλο
959 2256 1013 2309 δὲ
1042 2256 1102 2306 τὸ
1132 2257 1241 2315 τοῖς
1275 2253 1495 2320 ἐναγὲσι
1545 2252 1781 2316 τούτοις,
1835 2244 1895 2303 οὐ
1951 2252 2043 2302 καλ⁹
2102 2251 2396 2318 σοφιστῶν,

810 2351 876 2416 ἦν
907 2364 987 2409 τις
1023 2346 1171 2416 παρά
1199 2346 1298 2407 τὰς
1330 2346 1605 2413 ἡμετέρας
1627 2343 1828 2405 ταύτας
1860 2342 2017 2406 δόξας
2046 2343 2401 2410 σοφιζόμενος

808 2440 944 2508 ἁλῷ,
996 2440 1103 2503 ζῶν
1152 2440 1247 2491 καὶ
1306 2432 1463 2499 οὗτος
1520 2438 1875 2489 κεκαύσεται.
1914 2436 2023 2489 Καὶ
2060 2436 2126 2504 ἡν
2168 2435 2402 2506 θυγατρί

807 2549 890 2595 τις
918 2532 948 2603 ἦ
979 2532 1143 2603 μητρὶ
1168 2531 1285 2598 ἀλῷ
1320 2530 1535 2601 μιχθεὶς
1562 2530 1595 2598 ἡ
1634 2546 1740 2581 τινι
1769 2528 1880 2581 τῶν
1913 2527 2026 2581 ἀνω
2046 2544 2104 2580 τε
2130 2529 2224 2581 καὶ
2250 2528 2403 2581 κάτω

808 2625 1036 2681 τούτων.
1080 2626 1182 2678 Ἦν
1218 2624 1275 2677 δέ
1309 2624 1415 2676 τῶν
1442 2640 1549 2675 τινι
1576 2622 1751 2676 ἀλλων
1802 2620 2041 2685 οἰκείων,
2072 2621 2405 2689 ἀπορρήτων

813 2720 999 2789 μέντοι
1023 2719 1115 2772 καὶ
1152 2716 1356 2781 αὐτῶν,
1394 2714 1761 2785 προσμιχθείς
1793 2714 2042 2781 τις,ἀλῴ,
2092 2713 2288 2783 ἀτιμίᾳ
2345 2730 2404 2764 τε

811 2811 1167 2881 ζημιοῦσθαι,
1200 2810 1423 2877 ἕωσπερ
1460 2809 1527 2861 ἂν
1582 2809 1782 2871 ἱκανῶς
1828 2806 2105 2877 καθαρθῇ,
2146 2808 2240 2858 καὶ
2271 2806 2407 2874 πρὸς

811 2908 876 2972 τῇ
910 2903 1105 2973 ἀτιμία
1134 2902 1227 2954 καὶ
1260 2900 1423 2971 ίερῶν
1454 2900 1791 2969 συμπάντων
1816 2898 2124 2969 εἴργεσθαι.
2163 2897 2252 2949 Ἐν
2284 2896 2407 2949 τού-

809 3013 888 3065 τῳ
946 2995 1056 3046 τῶν
1106 2992 1316 3059 ἐναγῶν
1369 2990 1448 3061 τῷ
1507 2990 1846 3059 πολυανδρίῳ
1910 2992 2005 3041 καὶ
2077 2990 2406 3059 ἀνδροφόνον

810 3089 1007 3153 καίειν,
1042 3087 1096 3149 ὃς
1135 3102 1265 3137 ποτε
1302 3083 1368 3137 ἂν
1397 3084 1506 3136 τῶν
1538 3100 1659 3136 τινα
1687 3082 2065 3152 ἐναγεστιρων
2096 3082 2270 3150 φόνων
2300 3083 2406 3135 ὐπὸ

810 3178 919 3229 τῶν
950 3177 1231 3247 ἀρχόντων
1254 3174 1649 3244 τετολμηκέναι
1670 3174 1863 3243 κριθῇ.
1892 3176 1995 3228 Ἦν
2034 3174 2088 3226 δὲ
2148 3174 2408 3244 παρθένῳ

809 3288 917 3333 τις,
947 3270 977 3339 ἢ
1008 3269 1101 3321 καί
1126 3286 1230 3321 τινι
1258 3270 1619 3339 κεκινημένῃ,
1656 3268 1814 3337 ἀνδρὶ
1842 3269 1940 3337 μὲν
1993 3269 2052 3322 οὐ
2088 3268 2411 3338 καθωμολο-

811 3364 1051 3433 γημένῃ,
1078 3361 1183 3414 ὐπ’)
1210 3361 1264 3413 δέ
1288 3362 1464 3430 κυρίῳ
1505 3360 1583 3429 τῷ
1633 3361 1771 3423 τέως
1815 3362 2147 3433 τρεφομένῃ,
2209 3362 2409 3433 ἑκούσῃ

816 3455 1030 3523 μιχθεὶς
1065 3453 1235 3515 οὕτως
1266 3454 1400 3523 ἁλῷ,
1433 3452 1561 3507 ὥστ’
1591 3453 1657 3505 ἀν
1692 3455 1783 3507 καὶ
1812 3454 2046 3507 θάνατον
2089 3455 2238 3524 αὐτῷ
2268 3451 2413 3508 εἶναι

815 3551 910 3621 τὴν
962 3550 1195 3621 ζημίαν,
1249 3551 1306 3602 ἐν
1360 3549 1437 3620 τῷ
1492 3548 1658 3621 κυινῷ
1710 3550 2054 3622 πολυανδρίῳ
2119 3552 2414 3621 καιόμενον

2503 1984 2877 2050 ϐητουμένων,
2907 1983 3021 2042 ταῖς
3048 1982 3288 2034 πλείοσιν
3311 1982 3377 2034 ἀν
3409 1980 3520 2033 τῶν
3540 1980 3736 2050 ψήφων
3754 1981 3844 2031 τὸν
3868 1979 4097 2046 φεύγον-

2503 2092 2571 2128 τα
2595 2075 2935 2127 ἁλίσκεσθαι.
2977 2074 3335 2127 ’Λπολύεσθαι
3365 2074 3421 2127 δὲ
3448 2075 3522 2144 μὴ
3570 2074 3798 2138 ἀδικεῖν,
3834 2073 3896 2126 οὐ
3936 2074 4100 2141 μόνον

2504 2166 2598 2220 ἀπ’
2622 2168 2925 2219 ἐλαττόνων
2950 2166 3058 2219 τῶν
3081 2165 3639 2235 καταψηφιζομένων,
3668 2165 3803 2217 ἀλλά
3836 2165 3939 2217 κᾶν
3997 2179 4096 2214 πο-

2505 2260 2561 2312 τέ
2597 2277 2683 2313 πω
2716 2259 3142 2325 ἴσαιγένωνται.
3183 2261 3304 2311 Ἐτι
3341 2260 3521 2329 μέντοι
3558 2260 3781 2329 κάκεῖνο
3830 2256 3908 2326 τῷ
3969 2257 4099 2324 περὶ

2507 2352 2673 2403 δικῶν
2693 2351 2838 2420 λόγῳ
2872 2350 3238 2419 προσκείσθω,
3266 2351 3340 2414 ὡς
3367 2351 3463 2403 ἐὰν
3492 2350 3830 2420 ἀδικήματός
3868 2367 3950 2411 τις
3980 2366 4093 2401 τοι-

2507 2442 2665 2495 ούτου
2694 2441 2849 2510 παρά
2876 2446 2953 2512 τῷ
2982 2441 3247 2511 συνεδρίῳ
3275 2440 3615 2510 κρινόμενος,
3646 2440 3741 2510 οἵῳ
3774 2440 3839 2493 ἂν
3865 2441 4096 2493 θάνατον

2507 2536 2605 2605 τὴν
2628 2535 2835 2604 ζημίαν
2866 2534 3199 2595 ἐπικεῖσθαι,
3234 2535 3374 2586 καλὰ
3403 2534 3539 2587 ἀττα
3566 2533 3747 2601 ἐαυτῷ
3771 2535 3909 2602 ἔργα
3960 2548 4099 2602 προ-

2509 2627 2877 2697 πεπραγμένα
2930 2625 3194 2695 ἐπιδείξῃ,
3235 2624 3526 2695 μεγιθειὴ
3578 2624 3773 2693 πλήθει
3830 2623 4107 2692 ὐπερϐἀλ-

2508 2720 2621 2773 λειν
2648 2722 2709 2772 τὸ
2741 2718 2987 2788 ἀδίκημα
3010 2720 3295 2783 δοκοῦντα,
3324 2719 3534 2785 τοῦτον,
3569 2718 3644 2781 ὼς
3661 2718 3840 2771 οὐκέτ’
3877 2720 3943 2772 ἂν
3974 2720 4102 2771 δυσ-

2510 2810 2771 2879 όρθωτον,
2819 2810 2941 2863 οὐδέ
2998 2809 3094 2879 τὴν
3151 2810 3316 2878 φύσιν
3372 2810 3563 2874 κακὸν,
3615 2810 3880 2880 δυστυχίᾳ
3933 2810 3988 2861 δὲ
4038 2810 4106 2878 δὴ

2510 2902 2617 2954 τῶν
2651 2901 2829 2956 ἀλλων
2859 2902 3200 2971 κεχρημένον
3228 2902 3334 2957 τινὶ
3376 2903 3467 2954 καὶ
3496 2900 3747 2963 παιδείας
3800 2901 4000 2970 ἐνδείᾳ,
4030 2902 4105 2969 μὴ

2510 2998 2576 3067 δὴ
2600 2996 2816 3066 θανάτῳ
2844 2996 2948 3060 ἔτι,
3000 2996 3135 3049 ἀλλά
3200 2995 3420 3065 δεσμοῖς
3470 3013 3614 3048 τισιν
3674 2994 3923 3048 εὐθύνειν
3980 3011 4109 3065 χρο-

2512 3091 2669 3154 νίοις,
2716 3090 2879 3143 Ἀλλά
2898 3092 3027 3161 περὶ
3067 3090 3165 3159 μὲν
3197 3090 3308 3143 τῶν
3338 3092 3602 3142 τοιούτων
3635 3089 3782 3152 ἀλις.
3811 3089 3875 3143 Εἰ
3908 3090 4016 3159 γάρ
4052 3106 4107 3141 τι

2515 3183 2646 3252 ἡμῖν
2679 3182 2771 3235 καὶ
2807 3182 3269 3251 παραλέλειπται,
3304 3181 3420 3233 ἀλλ’
3455 3180 3549 3234 οῦν
3590 3181 3657 3235 τά
3685 3199 3744 3249 γε
3776 3182 3835 3234 ἐν
3865 3181 3962 3250 ὅλῃ
4000 3182 4103 3251 ἡδη

2519 3279 2585 3343 τῇ
2619 3274 2789 3345 βίϐλῳ
2838 3276 3105 3345 εἰρημένα
3166 3274 3350 3339 ίκανά,
3398 3273 3538 3327 θεῶν
3589 3275 3657 3327 ἂν
3709 3271 4119 3342 συλλαμϐανόν-

2521 3384 2651 3428 ⁴ιων,
2682 3365 2941 3435 τοιαύτην
2980 3368 3095 3428 τοῖς
3140 3366 3435 3435 ἡμετέροις
3495 3366 3759 3433 ἀρχουσιν
3808 3365 4113 3434 ἐμποιῆσαι

2522 3459 2658 3522 ἕξιν,
2687 3458 2826 3523 οἷαν,
2857 3460 2953 3511 καὶ
2977 3458 3104 3527 περὶ
3134 3451 3209 3516 ὧν
3234 3459 3334 3528 οὐχ
3357 3459 3489 3527 ἡμῖν
3532 3456 3954 3527 διασεσάφηται,
4014 3456 4115 3509 αὐ-

2526 3554 2651 3615 τοὺς
2685 3552 2868 3615 καλῶς
2896 3568 2960 3603 τε
2994 3551 3088 3605 καλ⁵
3119 3550 3178 3604 εὐ
3210 3550 3614 3621 διαγινώσκειν.

2096 3928 2660 4017 ΕΠΙΝΟΜΙΣ
2742 3920 2848 4010 (¹).

894 4283 959 4335 Ἀ
1021 4278 1121 4350 μὲν
1177 4272 1270 4332 οῦν
1326 4276 1423 4347 τῆς
1488 4275 1674 4347 βίϐλου
1736 4276 1793 4327 ἐν
1845 4276 1988 4346 άρχῇ
2067 4276 2198 4347 ύμῖν
2256 4276 2420 4345 τῆσδε

817 4376 1114 4447 προύτέθη,
1141 4370 1494 4443 ἐξείργασταί
1526 4387 1587 4423 τε
1644 4370 1742 4423 σὺν
1794 4368 1904 4423 τῶν
1963 4362 2104 4423 θεῶν
2146 4372 2257 4433 τοῖς
2308 4369 2421 4423 τῶν

815 4468 1075 4523 τοιούτων
1098 4465 1338 4537 ἐφόροις,
1376 4462 1461 4532 ἐφ’
1491 4460 1585 4525 οὒς
1613 4461 1679 4532 δὴ
1708 4462 1868 4532 ἡμεῖς
1895 4462 1989 4514 καὶ
2032 4462 2276 4515 Ποσειδῶ
2326 4479 2423 4515 κο-

821 4562 1050 4629 ρυφαῖον
1093 4557 1254 4627 τήνδε
1282 4555 1634 4624 ἀναφέρομεν
1662 4554 1762 4621 τὴν
1798 4552 2148 4624 συγγραφὴν,
2183 4554 2279 4606 καὶ
2308 4554 2422 4607 δια-

2532 4279 2739 4347 γίστων
2764 4275 3010 4341 ἐκείνων,
3045 4275 3162 4340 ἐνὸς
3198 4276 3319 4346 μὲν,
3355 4276 3451 4331 τοῦ
3473 4276 3549 4341 ὡς
3578 4280 3609 4347 ἡ
3636 4278 3779 4350 ἀρχὴ
3819 4280 3957 4350 αὕτη
4009 4282 4121 4335 τῶν

2532 4370 2774 4430 πάντων,
2814 4369 2841 4420 ὁ
2867 4367 3121 4436 μέγιστος
3153 4366 3292 4431 θεὸς,
3322 4368 3382 4421 ὃν
3407 4386 3467 4435 γε
3497 4368 3658 4439 ἡμεῖς
3703 4371 3917 4441 πατρίῳ
3946 4375 4124 4441 φωνῇό

2531 4465 2628 4513 Δία
2660 4459 2954 4529 καλοῦμεν,
2978 4461 3163 4529 ἄκρως
3188 4460 3391 4527 ἀγαθός
3422 4462 3592 4527 ἐστιν,
3644 4462 3900 4532 οὐδεμιᾶς
3966 4464 4119 4533 αὐτῷ

2529 4552 2737 4621 ἀγαθοῦ
2766 4551 3073 4622 ὑπερϐολῆς
3100 4553 3175 4623 μὴ
3205 4554 3303 4606 οὐκ
3322 4552 3379 4616 ἐς
3409 4555 3533 4607 ὅσον
3587 4552 3700 4607 οἷόν
3748 4572 3807 4608 τε
3865 4555 4130 4625 βελτίστῳ

818 4651 1129 4720 πεπέραταί
1158 4666 1220 4718 γε
1249 4647 1472 4711 ἱκανῶς.
1508 4645 1910 4699 Ἐπιδέδεικται
1947 4648 2056 4714 γὰρ
2104 4646 2423 4717 ἡμῖν,’ἡτις
2462 4707 2498 4720 ,λ
2532 4643 2671 4700 εῖναι
2705 4645 3036 4715 λειπομένης
3070 4662 3082 4675 ·
3126 4646 3316 4715 ἐτέρου
3357 4645 3436 4708 δὲ,
3461 4644 3555 4698 τοῦ
3580 4645 3679 4709 τάς
3699 4662 3758 4698 τε
3786 4646 3975 4713 οὐσίαις
4006 4650 4131 4710 ταῖς

817 4762 878 4797 τε
906 4742 1051 4815 ἀρχὴ
1084 4742 1196 4796 τῶν
1233 4742 1453 4797 πάντων
1494 4740 1587 4793 καὶ
1617 4740 1675 4791 ἐν
1708 4741 1823 4803 τοῖς
1859 4740 2028 4793 πᾶσιν
2055 4736 2125 4794 αὖ
2153 4739 2298 4804 τίνες
2326 4741 2426 4809 μὲν
2462 4736 2503 4762 υ
2533 4742 2820 4809 γεννήσεσι
2839 4739 2956 4801 ταῖς
2997 4738 3198 4803 αὐτῶν,
3254 4739 3349 4790 καὶ
3393 4737 3494 4801 τὰς
3545 4737 3829 4809 γεννὴσεις
3871 4741 3990 4800 ταῖς
4042 4739 4135 4791 οὐ·

781 4892 786 4907 ,
821 4835 1037 4907 πρῶταί
1069 4850 1126 4886 τε
1158 4830 1351 4902 φύσεις
1381 4832 1476 4884 καὶ
1521 4832 1587 4901 τῇ
1619 4832 1762 4901 ἀρχῇ
1798 4832 2115 4901 προσεχεῖς,
2175 4831 2323 4892 τίνες
2371 4830 2431 4883 δὲ

820 4928 1096 4999 δεύτεραι,
1126 4925 1272 4988 τίνες
1308 4924 1365 4977 δέ
1398 4922 1580 4995 τρίται
1634 4924 1732 4977 καὶ
1776 4923 2025 4993 ἔσχαται,
2057 4924 2085 4975 ὅ
2119 4940 2179 4977 τε
2215 4922 2432 4994 ἄνθρω·

822 5038 921 5084 πος
953 5021 1011 5073 ἐν
1037 5018 1227 5080 αὐταῖς
1256 5016 1379 5069 τίνα
1404 5015 1535 5067 ποτὲ
1566 5014 1665 5086 τὴν
1690 5012 1875 5085 χώραν
1899 5015 2109 5086 εἴληχε,
2136 5016 2233 5068 καὶ
2256 5017 2319 5067 ἐκ
2350 5014 2432 5067 τί⁸

822 5133 930 5167 νων
994 5112 1353 5181 συνέστηκεν,
1406 5108 1507 5181 οτῳ
1558 5126 1618 5162 τε
1678 5108 1793 5162 δντι
1828 5109 1978 5179 αὐτῷ
2007 5104 2121 5173 οἷος
2162 5109 2257 5163 καὶ
2319 5109 2433 5180 βίος

825 5210 1115 5278 προσὴιει,
1135 5205 1276 5260 ὥστε
1300 5206 1365 5275 δὴ
1396 5207 1489 5258 καὶ
1518 5204 1857 5275 εὐδαιμόνως
1900 5204 2025 5275 ζῇν.
2055 5197 2131 5259 Οὐ
2181 5204 2269 5276 δὴ,
2330 5222 2431 5257 κυ-

826 5305 1093 5373 ριωτάτου
1129 5317 1186 5353 τε
1222 5300 1375 5363 ὄντος
1408 5299 1502 5351 καὶ
1536 5297 1717 5352 κοινοῦ
1748 5297 2203 5369 ἐπιθυμήματος,
2250 5297 2429 5353 ᾶπαν-

822 5414 918 5461 τες
954 5395 1054 5466 μὲν
1088 5392 1368 5465 ἄνθρωποι
1400 5393 1668 5462 ἐφίενται,
1702 5390 1930 5461 ζητοῦσι
1967 5392 2032 5445 δῖ
2056 5391 2188 5444 αὐτὸ
2218 5392 2319 5445 οὐκ
2375 5394 2433 5445 ἐν

823 5489 905 5559 τῷ
936 5488 1084 5558 αὐτῷ
1116 5488 1357 5550 ἆπαντες
1390 5487 1513 5558 βίῳ,
1546 5486 1664 5540 ἀλλ’
1698 5480 1741 5555 ᾦ
1781 5528 1793 5541 .
1879 5525 1893 5541 .
1974 5526 1987 5540 .
2042 5486 2432 5541 ἀποδέδεικται

823 5586 1034 5637 ἐεαστα
1068 5582 1162 5636 ἀπ’
1202 5582 1424 5635 ἐννοιῶν
1458 5598 1516 5635 τε
1546 5582 1643 5635 καὶ
1665 5580 2001 5651 ἀξιωμάτων
2035 5581 2137 5634 οὐκ
2182 5581 2433 5636 ἀσθενῶν

825 5696 987 5732 τινων
1014 5679 1109 5733 καὶ
1141 5676 1488 5747 ἀμφιλόγων,
1519 5676 1697 5731 ἀλλων
1727 5692 1785 5729 τε
1816 5675 1900 5747 δὴ,
1941 5676 2037 5731 καὶ
2094 5674 2265 5748 τριῶν
2326 5692 2427 5745 με-

2538 4834 2683 4897 σίαις
2718 4833 2981 4901 ἀνάλογον
3010 4833 3153 4903 ἐχειν
3183 4833 3297 4886 δεῖν
3333 4848 3347 4863 ⁶
3388 4834 3482 4885 καὶ
3531 4833 3743 4903 τρίτου,
3799 4832 3890 4886 τοῦ
3925 4834 4018 4886 καὶ
4068 4834 4137 4888 τά

2536 4927 2676 4997 ἔργα
2708 4928 2829 4989 ταῖς
2860 4925 3090 4991 οὐσίαις,
3126 4926 3219 4979 καὶ⁵
3249 4925 3346 4988 τὰς
3380 4924 3569 4989 οὐσίας
3613 4927 3726 4989 τοῖς
3780 4923 3965 4997 ἔργοις
4026 4927 4138 4988 τοῖς

2540 5018 2827 5089 σφετέροις
2856 5018 3123 5085 ἀνάλογον
3148 5018 3257 5070 δεῖν
3284 5018 3377 5071 καὶ
3420 5018 3563 5071 αὐτὰ
3584 5017 3753 5087 ἐχειν.

2611 5112 2831 5165 Τούτων
2855 5114 2963 5182 γὰρ
2985 5112 3363 5181 ὑποκειμένων
3392 5112 3723 5182 ἀξιωμάτων
3777 5112 4034 5184 βεϐαίων,
4073 5116 4139 5168 ἐκ

2542 5203 2640 5273 μὲν
2670 5202 2762 5256 τοῦ
2791 5201 3036 5274 πρώτου,
3067 5202 3205 5257 ἀλλα
3238 5220 3297 5256 τε
3336 5204 3469 5273 ἡμῖν
3510 5202 3618 5257 τῶν
3663 5204 3847 5269 καλῶς
3907 5204 4146 5275 ἐχόντων’

2540 5298 2831 5368 δογμάτων
2879 5296 3291 5361 ἀποδείκνυται,
3354 5298 3450 5351 καὶ
3511 5298 3586 5363 ὠς
3633 5300 3694 5351 τὸ
3726 5300 3835 5353 πᾶν
3884 5300 4002 5369 ἅμα
4038 5300 4161 5368 μένθ

2541 5390 2715 5445 ἀῖδιον
2740 5389 2817 5460 τῷ
2840 5388 2923 5443 Διῒ
2947 5390 3191 5458 γέγονεν,
3228 5390 3346 5460 ἅμα
3375 5389 3433 5443 δὲ
3468 5389 3564 5443 καὶ
3597 5391 3625 5443 ὃ
3656 5408 3708 5443 τι
3756 5391 3821 5459 δὴ
3850 5389 4139 5445 κάλλιστον

2542 5486 2607 5537 ἐκ
2630 5483 2739 5535 τῶν
2767 5484 2995 5537 ἐνόντων
3028 5482 3276 5551 γεγονὸς,
3317 5483 3375 5535 ἐν
3411 5485 3477 5554 τῇ
3534 5483 3672 5552 αὐτῇ
3740 5481 3890 5551 μένει
3940 5488 3997 5547 ις
4054 5484 4147 5535 τὸν

2545 5575 2724 5628 πάντα
2758 5575 2931 5628 αἰῶνα
2970 5575 3327 5638 καταστάσει,
3360 5574 3424 5627 ἐκ
3452 5592 3513 5644 γε
3533 5574 3597 5645 δὴ
3632 5575 3724 5627 τοῦ
3750 5575 4009 5640 καθάπαξ
4042 5576 4139 5629 αὐς

2542 5669 2621 5741 τῷ
2645 5669 3098 5738 ἀποδεδειγμένου
3136 5670 3416 5739 σχήματος
3456 5669 3892 5739 ἀπαρακίνητον,
3925 5669 4001 5721 Οὐ
4036 5670 4146 5736 γὰρ

900 5826 977 5894 (1)
1014 5824 1313 5879 Conclusio
1342 5824 1557 5880 scilicet
1588 5824 1715 5880 libri
1784 5822 1858 5879 De
1895 5824 2125 5896 legibus,
2165 5823 2326 5894 cujus
2372 5836 2498 5893 cap.
2532 5818 2564 5875 6
2624 5818 2745 5873 libri
2780 5831 2841 5883 ιι,
2874 5815 2949 5873 De
3002 5815 3139 5885 fato,
3172 5821 3226 5873 ct
3255 5829 3378 5887 cap.
3420 5814 3480 5871 3!
3524 5814 3647 5872 libri
3680 5830 3765 5884 ιιι,
3800 5814 3873 5869 De
3903 5814 4148 5884 iudiciis,

827 5912 992 5968 Supra
1022 5896 1398 5953 exhibuimus.
