4484 6462
438 427 575 494 1033

1608 430 1977 493 SYNOPSIS
2021 430 2127 489 RIl
2141 431 2366 491 ETORl
2382 428 2427 490 (λ’
2444 430 2512 490 Ε.

3564 424 3701 489 1034

427 547 759 620 ρητορικοῦο
820 551 1086 619 σαφήνεια
1135 550 1287 619 (65),
1367 550 1593 621 μέγεθος
1659 550 1813 618 (66),
1874 552 1996 605 κάλ·
2031 561 2074 613 Α
2108 553 2198 609 rhe

1924 552 1996 605 Ξιλ-
2031 561 2074 613 Α
2108 552 2390 609 rhetoricae
2419 568 2432 618 ;
2474 549 2719 614 claritas,
2748 546 3089 617 magnitudo,
3118 543 3494 614 pulchritudO,
3555 546 3695 602 cele-

422 641 509 705 λος
526 642 662 710 (67),
681 643 949 711 γοργότης
969 644 1104 713 (68),
1124 640 1255 716 ἦθος
1278 643 1412 713 (69),
1437 644 1662 714 ἀλήθεια
1682 644 1816 714 (70),
1841 645 2007 698 δεινὸ-

422 753 518 803 της
549 736 686 805 (7t).
722 738 939 791 Μᾶλλον
968 737 1025 791 δὲ
1053 737 1199 808 esas
1238 738 1346 805 γὰρ
1394 738 1623 807 ἀλήθεια
1655 738 1768 808 (72)
1804 739 1907 790 ιπδ
1948 739 2005 789 τι

420 824 553 893 ἦθός
595 833 711 883 ἐστι
752 833 1079 901 ταττομένη.
1107 832 1268 900 Τρεῖς
1310 831 1418 899 γὰρ
1462 833 1669 885 τούτων
1720 830 1823 883 εἰς).
1854 846 2003 895 γενι-

424 922 515 974 καί
553 920 666 989 (75)
692 938 706 951 ·
742 923 774 991 ἡ
806 925 1079 992 σαφήνεια
1107 964 1121 986 ,
1172 924 1234 975 τὸ
1271 923 1502 992 μέγεθος
1530 966 1543 987 ,
1588 923 1679 974 καὶ
1728 925 1786 975 τὸ
1831 918 1962 991 ἦθος
1989 940 2001 952 ’

422 1015 479 1065 αἱ
508 1013 590 1067 ’δὲ
630 1015 816 1067 λοιποί)⁸
859 1015 1078 1067 εἰδικαί.
1138 1014 1258 1067 Τῶν
1322 1016 1555 1082 γενικῶν
1612 1016 1777 1084 τριῶν
1806 1080 1815 1089 _
1849 1013 2003 1066 ἰδεῶν

420 1108 453 1173 ὴ
528 1109 632 1176 μὲν
691 1109 961 1177 σαφήνεια
1034 1107 1127 1161 δύο
1198 1110 1342 1169 ἰδέας
1407 1108 1520 1177 ἔχει
1595 1108 2001 1178 ὑποϐεϐηκυέας

420 1198 609 1266 αὐτὴν,
645 1199 703 1263 ἐξ
727 1193 801 1254 ῶν
858 1201 920 1269 δὴ
958 1200 1226 1267 γίγνεται,
1282 1201 1380 1270 τήν
1423 1218 1479 1253 τε
1522 1202 1831 1270 εὐκρίνειαν
1888 1202 1999 1272 (74)

420 1292 514 1342 καὶ
548 1292 647 1359 τὴν
677 1290 1025 1362 καθαρότητα
1054 1294 1192 1361 (75)’
1220 1295 1281 1346 τὸ
1311 1293 1366 1346 δὲ
1403 1293 1635 1362 μέγεθος
1670 1293 1727 1359 ἓξ
1757 1310 1771 1324 ο
1804 1295 2000 1363 σεμνό-

420 1400 556 1452 τητα
594 1384 729 1454 (76),
763 1384 1057 1454 περιϐολὴν
1093 1386 1231 1451 (77),
1258 1385 1720 1456 τραχύτητα(78).
1753 1386 2002 1454 λαμπρό-

419 1491 558 1542 τητα
588 1476 719 1543 (79),
753 1477 936 1546 ἀκμὴν
966 1478 1099 1546 (80),
1154 1478 1249 1531 καὶ
1296 1478 1637 1555 σφοδρότητα
1667 1479 1803 1547 (8|)'
1854 1478 1914 1530 τὸ
1940 1477 1997 1530 δὲ

419 1560 551 1637 ἦθος
581 1568 881 1624 ἐπιείκειαν
898 1570 1050 1639 ’(88),
1082 1567 1340 1639 ἀφέλειαν
1375 1570 1510 1643 (85),
1568 1570 1829 1642 ἀλήθειαν
1860 1569 1974 1638 (84)

422 1771 599 1824 neque
669 1753 979 1825 pauciores,
1041 1753 1092 1805 id
1161 1756 1487 1822 interpretes
1520 1754 1883 1825 Hermogenis
1923 1756 2001 1808 sic

426 1827 869 1891 declaraut.quia
898 1824 1077 1889 primo
1126 1826 1566 1892 perspicuitatem
1592 1824 1786 1880 habere
1821 1827 2001 1878 omnis

423 1900 580 1951 debet
609 1896 809 1952 oratio.
846 1909 968 1954 eum
1014 1894 1131 1948 sine
1168 1910 1229 1945 ea
1270 1912 1373 1950 non
1413 1897 1764 1961 intelligatur.
1811 1895 2005 1947 deinde

419 1970 623 2038 justam
659 1962 1109 2038 magnitudinem.
1138 1976 1379 2038 utaures
1412 1967 1651 2033 impleat,
1686 1966 1849 2019 tertio
1871 1966 1979 2038 _pul

422 2033 812 2092 i-hritudinetn.
852 2043 908 2086 ut
940 2033 1120 2105 Aeliam
1162 2036 1392 2101 placeat,
1443 2052 1564 2105 quae
1603 2036 1998 2105 corrumpitur,

424 2110 528 2163 nisi
561 2118 754 2169 quarto
793 2102 1017 2157 accedat
1055 2106 1330 2162 nobilitas.
1360 2102 1649 2175 quaquasi
1696 2106 1844 2159 ﬂuat.
1879 2104 1997 2159 Jam

426 2191 484 2232 ut
543 2177 721 2230 ﬂuxus
753 2176 857 2227 iate
888 2175 956 2226 sit
1000 2176 1222 2236 decens,
1254 2192 1392 2244 opus
1437 2177 1633 2245 quinto
1685 2186 1763 2230 est
1797 2178 2000 2236 animo,

424 2249 624 2302 indole.
660 2244 923 2306 moribus,
975 2260 1095 2309 qure
1126 2254 1280 2298 sexto
1330 2248 1445 2300 sola
1479 2248 1825 2299 commendat
1860 2248 2001 2299 veri-

424 2330 529 2373 tas.
571 2317 809 2384 Denique
846 2323 903 2365 ut
937 2316 1035 2368 ista
1066 2315 1209 2378 justa
1247 2321 1460 2369 ratione
1493 2318 1717 2385 legeque
1754 2332 1875 2370 sese
1911 2318 2002 2368 ha-

425 2390 591 2443 beant
644 2402 742 2453 pro
802 2385 1119 2439 diversitate
1184 2395 1674 2453 argumentorum,
1726 2402 1860 2453 opus
1920 2396 2003 2438 est

427 2461 661 2524 Septimo
690 2457 738 2508 vi
776 2456 1006 2519 quadam
1035 2456 1379 2521 ιιιιιιιιιιξιιιίςιι,
1410 2458 1473 2509 ad
1508 2457 1837 2524 expedienda
1880 2457 2001 2507 ista.

426 2523 575 2583 Adde
603 2528 905 2581 Sturmium
955 2526 1017 2576 de
1050 2523 1258 2579 Elocut.
1290 2526 1383 2580 lib.
1417 2543 1498 2589 ιιι,
1531 2523 1587 2580 c.
1611 2527 1643 2580 6
1689 2542 1805 2595 seq.
1845 2524 2001 2579 Voss.

429 2599 565 2652 Ιιιςι.
607 2598 641 2650 l.
679 2614 752 2657 νι,
783 2613 830 2648 c.
862 2596 917 2653 6.
950 2596 1035 2647 15.

499 2668 610 2731 (65)
650 2666 976 2733 Σαφήνεια.
1001 2665 1308 2719 Claritatcm
1344 2668 1519 2719 reddit
1552 2665 1849 2730 Sturmius,
1878 2668 2001 2719 ite‘n

428 2750 669 2801 apertum
701 2738 958 2789 orationis
990 2753 1171 2803 genus,
1222 2736 1661 2797 Persmcuitatem
1700 2737 2004 2802 appellasse

429 2810 657 2863 Fabium
689 2807 933 2871 Scaliger
964 2807 1266 2870 existimat,
1294 2806 1610 2860 Ciceronem
1642 2822 1769 2858 vrro
1800 2810 2005 2859 eviden-

428 2882 577 2932 tiam.
613 2878 724 2930 Lib.
764 2893 812 2931 ιν
854 2874 1001 2930 Poet.
1040 2891 1089 2929 c.
1130 2878 1180 2927 Ι.
1237 2877 1594 2943 l’erspicuitas
1641 2891 1823 2929 vocem
1878 2882 2005 2929 rcti-

432 2961 525 3003 net
552 2960 601 3001 et
630 2946 860 3001 Vossius
888 2947 940 2999 iu
969 2947 1188 2999 virtutis
1219 2946 1382 3014 hujus
1411 2948 1819 3009 nominatione;
1853 2962 2009 2999 usur-

431 3029 633 3088 patque
666 3033 773 3088 non
808 3030 932 3069 raro
980 3015 1095 3088 ipse
1126 3018 1291 3088 etiam
1321 3016 1773 3088 Sturinius.Agit
1825 3024 2003 3069 autem

429 3086 495 3145 de
534 3086 632 3141 hac
665 3086 1051 3155 Hermogenes,
1084 3086 1177 3138 lib.
1213 3104 1225 3139 l
1260 3086 1322 3138 de
1356 3086 1439 3140 Id.
1473 3101 1571 3154 cap
1626 3087 1675 3139 1.

502 3158 615 3228 (66)
645 3154 934 3228 Μέγεθος-,Α
966 3155 1237 3228 Sturmius
1265 3159 1424 3228 modo
1458 3154 1856 3228 amplitudinem
1891 3171 2006 3209 ver-

432 3225 519 3292 tit,
550 3229 709 3281 modo
755 3225 1206 3293 magnitudinem.
1241 3227 1433 3280 (lateri
1490 3226 1599 3279 fere
1630 3240 1820 3279 omnes
1874 3227 2007 3278 reti-

433 3309 563 3353 nent
623 3296 1292 3367 posterius.vocabulum.
1338 3298 1464 3367 Agit
1521 3295 1587 3350 de
1630 3311 1693 3350 ea
1746 3293 2000 3365 licrmOg.

432 3370 577 3423 dicto
616 3368 714 3420 lib.
754 3382 800 3419 c.
836 3364 889 3418 4.

502 3439 615 3507 (67‘,
655 3436 912 3499 Κάλλος.
943 3434 1397 3507 Pulchritudinem
1434 3438 1666 3491 reddunt
1698 3451 1906 3507 omnes.

503 3509 617 3578 (68)
647 3505 1251 3589 Fogﬁcqpﬁtpnpid
1282 3508 1397 3589 haec
1427 3508 1712 3589 virrtushest
1744 3506 2007 3589 celeritas,

432 3575 801 3648 Trapezuntio
836 3575 1108 3648 velocita’s.
1148 3575 1252 3648 Sed
1295 3586 1447 3632 notat
1478 3577 1719 3646 Scaliger
1754 3576 2009 3643 praedicto

440 3646 581 3708 loco.
619 3648 865 3701 Graecum
897 3654 1017 3713 plus
1065 3646 1398 3715 signiﬁcare.
1430 3649 1657 3703 Vossius
1703 3648 2008 3700 rectissime

434 3719 715 3772 incitatum
764 3716 881 3770 sive
927 3718 1252 3771 concitatum
1295 3719 1502 3771 dicendi
1536 3734 1693 3786 genus
1747 3717 2007 3786 appellari

475 3797 608 3842 utat.

648 3852 855 3922 Ἦθος.
890 3858 1233 3926 A/fectionem
1284 3859 1443 3912 vertit
1478 3856 1896 3923 Trapezuntius.
1925 3856 2013 3923 jn-

436 3931 578 3983 dirio
607 3927 867 3997 Scaligeri
900 3931 1165 3996 apposite.
1198 3928 1387 3983 Caneri
1416 3929 1707 3982 orationem
1750 3938 2010 3982 moratam

438 4001 658 4053 reddere
691 4001 1025 4051 maluerunt.

506 4070 622 4137 (70)
670 4067 970 4133 Ἀλήθεια.
1004 4067 1153 4123 Hanc
1188 4084 1377 4123 omnes
1410 4072 1682 4123 veritatem
1717 4069 2008 4137 appellant.

510 4142 619 4209 (71)
673 4141 973 4204 Δεινότης.
1038 4139 1404 4209 Trapczuutio
1455 4142 1714 4209 gravitas,
1772 4142 2013 4193 Sturmio

439 4226 563 4265 cum
602 4210 789 4262 addito
820 4209 1032 4261 occulta
1061 4212 1297 4278 gravitas
1324 4210 1375 4262 in
1414 4211 1673 4278 peculiari
1710 4210 1778 4262 de
1814 4210 2015 4263 virtute

442 4281 542 4334 hac
577 4278 931 4347 Hermogenis
961 4282 1161 4333 libello.
1194 4280 1263 4332 At
1300 4280 1353 4331 in
1387 4296 1447 4341 ιι,
1476 4282 1540 4333 de
1589 4279 1755 4344 Ideis,
1801 4281 1888 4333 ubi
1922 4296 2016 4348 pa-

440 4352 574 4421 riter
607 4351 673 4403 de
726 4365 806 4421 ea
832 4351 1031 4421 agitur,
1067 4362 1248 4418 aptam
1296 4353 1500 4403 dicendi
1548 4351 1776 4421 ﬁgurant
1833 4355 2012 4404 vertit.

443 4419 685 4489 Scaliger
710 4434 740 4471 a
768 4418 937 4473 Fabio
964 4430 1017 4473 et
1047 4422 1169 4473 aliis
1196 4422 1297 4473 vim
1332 4436 1426 4473 seu
1455 4418 1801 4473 acrimoniam
1830 4423 2013 4473 vocari

440 4492 595 4550 dicit,
636 4492 795 4558 idque
845 4491 1057 4543 caeteris
1092 4490 1329 4557 prmiert,
1368 4493 1509 4543 mnle
1550 4500 1605 4544 et
1658 4491 1881 4544 Vossius
1916 4493 2015 4543 vim

440 4560 650 4612 dicendi
693 4562 937 4628 exponit,
984 4561 1177 4627 rejecta
1224 4561 1487 4614 Nunnesii
1542 4561 2012 4629 interpretatione,

440 4631 529 4700 qui
561 4630 893 4700 prudentiam
926 4632 1311 4697 interpretatus
1344 4640 1447 4684 est.

512 4701 625 4769 (72)
670 4699 741 4752 Ἠ
771 4700 877 4769 γὰρ
923 4699 1197 4765 ἀλήθεια.
1241 4700 1357 4754 Non
1400 4709 1607 4754 tantum
1658 4700 1830 4753 nostri
1872 4702 2015 4767 judi-
2050 4700 2092 4754 D

442 4770 546 4833 cio,
584 4775 677 4823 sed
714 4771 886 4838 ipsius
934 4770 1286 4840 Hermogenis
1320 4775 1661 4832 auctmitate,
1694 4772 1786 4837 qui
1836 4772 1888 4824 in
1923 4788 2015 4825 ca-

442 4844 551 4909 pite
582 4840 649 4894 de
686 4840 933 4894 moribus
968 4839 1071 4893 hoc
1096 4839 1268 4907 genus
1301 4841 1373 4893 illi
1408 4841 1648 4909 subjicit.
1723 4840 1883 4903 Ηθος,
1924 4843 2019 4903 ait,

440 4910 620 4963 τοίνυν
653 4911 711 4960 ὲν
742 4909 920 4977 λόγοις
966 4913 1109 4962 ποιεῖ
1157 4910 1448 4973 ἐπιείκεια,
1495 4912 1587 4961 καὶ
1616 4911 1895 4977 ἀσφέλεια,
1930 4917 2025 4964 καὶ

444 4984 582 5051 πρὸς
626 4978 839 5041 τούτοις
879 4981 939 5031 τὸ
974 4984 1103 5051 κατ’
1147 4981 1329 5032 αὐτῶν
1368 4982 1768 5049 ἐμφαινόμενον
1804 4982 2018 5051 ἀληθές·

447 5050 640 5104 habuit
694 5051 837 5103 haud
892 5050 1058 5104 dubie
1117 5051 1171 5103 in
1215 5050 1397 5104 animo
1451 5054 1565 5106 haec
1610 5052 1773 5104 verba
1815 5050 2018 5116 noeter,

446 5136 569 5173 cum
607 5120 707 5174 ista
743 5121 1027 5174 scriberet.

516 5190 625 5259 (75)
664 5191 928 5244 Fer-mal.
964 5188 1099 5256 Quia
1121 5192 1183 5263 in
1217 5192 1397 5261 plures
1430 5192 1752 5248 dividuntur
1784 5193 2021 5263 species,

446 5275 569 5313 cum
600 5262 819 5329 reliqua:
853 5276 958 5314 non
987 5262 1322 5316 dividantur.

516 5331 627 5400 (74)
662 5332 1040 5397 Εὑκρίνειιιν.
1084 5331 1482 5400 Τηιιιιιῑιιηιὶιιε
1503 5335 1842 5403 elegantiam,
1869 5333 2023 5387 Slur-

446 5402 588 5455 mitts
632 5404 1413 5472 perspicuitatemreddidere.
1468 5402 1866 5458 ltistinctionem
1927 5421 2019 5472 ap-

448 5472 650 5545 pellare
680 5474 872 5545 maluit
901 5472 1026 5545 Ger.
1067 5471 1312 5528 Vossius.
1346 5476 1674 5545 Quanquam
1705 5488 1760 5531 et
1790 5471 2023 5529 di5tinc-

448 5543 521 5618 tio
575 5542 625 5594 id
683 5544 876 5618 potius.
909 5544 1177 5618 videatur,
1231 5548 1373 5618 unde
1419 5542 1663 5599 naséitur
1718 5546 2016 5614 εὐκρίνεια.

444 5616 578 5664 Cum
632 5614 778 5665 enim
818 5614 1082 5686 distinete
1120 5616 1302 5667 omnia
1352 5626 1729 5684 proponuntur
1760 5631 1812 5671 et
1855 5632 2023 5686 expo-

446 5691 667 5756 nuntur,
702 5691 759 5733 lit
781 5683 1076 5751 εὐκρίνεια,
1105 5702 1225 5754 quae
1251 5688 1322 5738 nil
1347 5683 1516 5753 aliud,
1554 5702 1713 5755 quam
1735 5683 2019 5756 judicaitdi

444 5750 679 5825 facditas
724 5762 777 5804 et
824 5750 1212 5820 protnptituito,
1266 5750 1881 5825 propter'reinotioncm
1927 5760 2021 5811 ob-

444 5822 636 5897 stacuh
676 5825 874 5897 omnis,
902 5826 1045 5891 quod
1071 5829 1237 5879 etiam
1266 5822 1329 5879 ιιι
1366 5822 1497 5897 pura
1521 5830 1769 5884 oratione
1804 5843 2021 5897 qmique

445 5892 609 5946 "nodo
646 5894 848 5947 exoriri
896 5903 1089 5962 potest.

761 5992 1029 6050 ΡΛτιιοι..
1061 5994 1174 6052 Gn.
1216 5994 1368 6055 CLX
1385 6038 1400 6055 .

2116 643 2273 706 ritas,
2314 656 2520 705 mores,
2549 638 2775 701 veritas,
2797 639 3060 693 ellicacia.
3093 634 3191 690 Vel
3219 636 3399 703 potius
3433 650 3549 697 sex,
3572 648 3700 688 nam

2115 734 2316 786 veritas
2353 731 2527 800 posita
2558 740 2635 785 est
2678 727 2780 783 sub
2808 727 3075 780 moribus.
3110 727 3317 781 Harum
3344 733 3525 779 autem
3588 731 3701 777 tres

2114 833 2242 877 sunt
2272 822 2570 892 generales,
2602 821 2845 883 claritas,
2881 820 3219 890 magnitudo,
3244 833 3449 882 mores,
3477 818 3701 885 reliquae

2112 931 2241 971 vero
2269 915 2555 985 speciales.
2590 916 2665 970 Ex
2700 915 2873 969 tribus
2905 912 3248 981 generalibus
3283 910 3421 966 ideis
3478 910 3702 965 claritas

2110 1013 2326 1079 quidem
2363 1011 2500 1063 duas
2535 1010 2697 1063 habet
2737 1009 2871 1062 alias
2912 1009 3061 1062 ideas
3088 1006 3190 1059 sibi
3229 1006 3524 1075 subiectas,
3558 1009 3701 1059 unde

2111 1105 2377 1167 nascitur,
2405 1100 2816 1155 distinctionem
2847 1109 2901 1155 et
2922 1100 3235 1169 puritatem.
3265 1097 3578 1167 Magnitudo
3602 1112 3702 1149 au-

2109 1208 2216 1252 tem
2252 1213 2367 1257 Sex.
2401 1194 2743 1265 gravitatem,
2805 1193 3263 1260 complexionem,
3321 1191 3700 1260 asperitatem.

2110 1290 2478 1361 Splendorem,
2510 1289 2771 1355 vigorem,
2806 1296 2859 1339 et
2887 1285 3307 1340 vehementiam.
3339 1285 3517 1338 Mores
3566 1298 3698 1337 vero

2106 1383 2585 1451 mquauimitatem,
2610 1379 3038 1449 simplicitatem,
3058 1376 3364 1438 veritatem,
3385 1386 3438 1430 et
3465 1375 3702 1444 gravita-

2109 1486 2236 1537 tem,
2256 1490 2373 1544 quaa
2400 1490 2506 1528 non
2540 1482 2815 1544 spectatur
2843 1488 2936 1541 per
2968 1486 3025 1525 se
3066 1470 3204 1540 ipsa,
3228 1469 3323 1525 sed
3357 1470 3409 1522 in
3437 1468 3701 1538 simplici-

2110 1578 2218 1623 tate
2256 1578 2308 1623 et
2345 1560 2608 1623 modestia
2633 1567 2905 1622 consistit.
2937 1565 3201 1633 Quaelibet
3231 1580 3294 1619 ex
3326 1562 3461 1619 ideis
3493 1561 3703 1633 specia-

2184 1756 2299 1824 (75)
2342 1755 2449 1810 Kal
2494 1753 2608 1816 τὴν
2648 1753 3023 1824 καθυρςῖ-τητα
3093 1750 3346 1824 Recessit
3392 1748 3460 1824 ab
3511 1749 3704 1807 ordine

2113 1820 2545 1893 Herinogeniano
2601 1835 2805 1877 noster.
2842 1821 3207 1889 Hermogenes
3229 1820 3376 1893 enim
3396 1821 3548 1893 _l_i_anc_
3585 1837 3709 1893 spe-

2114 1900 2248 1950 ciem
2304 1888 2458 1949 alteii
2510 1895 2791 1959 prmunisit.
2834 1902 2887 1944 et
2946 1888 3161 1951 merito,
3217 1890 3344 1957 quia
3394 1888 3483 1942 illa
3538 1890 3701 1958 hujus

2113 1968 2270 2034 quasi
2308 1977 2491 2019 custos
2528 1974 2628 2017 est.
2660 1963 2845 2034 Porro
2884 1963 3060 2034 virtus
3091 1964 3203 2034 hzec
3239 1975 3267 2012 a
3305 1960 3553 2034 Sturmio
3607 1977 3700 2014 vo-

2108 2030 2266 2090 catur
2319 2038 2548 2105 paritas,
2583 2050 2609 2085 a
2658 2032 2848 2087 Vossio
2884 2031 3220 2105 simplicitas.
3272 2031 3358 2083 cui
3401 2030 3534 2105 nihil
3580 2045 3701 2085 esse

2108 2109 2252 2161 aliud
2293 2097 2529 2175 putatur,
2577 2119 2738 2170 quam
2771 2102 2946 2175 oratio
2982 2102 3377 2175 ἀζαλτάσκευος.
3403 2097 3700 2175 ΑΝιιιιιιαιιι

2108 2178 2227 2247 ejus
2274 2168 2509 2241 explicat
2542 2168 2797 2247 Herniea.
2830 2173 2920 2247 lib.
2953 2188 2991 2229 ι,
3029 2170 3208 2223 ldear.
3242 2184 3364 2247 cap.
3388 2168 3452 2247 2.

2180 2248 2289 2313 (76)
2316 2239 2676 2315 Σεμνότητιι.
2705 2244 3026 2297 Gravitatem
3055 2256 3245 2315 omnes
3269 2240 3505 2315 reddunt
3532 2256 3546 2291 :
3579 2239 3702 2292 Ari-

2108 2310 2309 2379 stdteli,
2354 2310 2488 2372 teste
2528 2316 2828 2379 Scaligero,
2889 2322 2971 2364 est
3018 2311 3217 2379 μετρία
3262 2310 3524 2377 βαρύτης.
3588 2326 3696 2362 ηοιι

2108 2390 2429 2456 simpliciter
2459 2386 2722 2453 βαρύτης.
2758 2383 3024 2456 Caeterum
3058 2396 3119 2435 ea
3149 2382 3321 2456 virtus
3348 2390 3456 2456 est.
3503 2380 3553 2431 in
3590 2397 3694 2448 qua

2109 2450 2407 2514 aucloritas
2437 2450 2491 2509 et
2520 2456 2775 2521 dignitas.
2807 2455 2869 2509 V.
2908 2453 3168 2519 Hermog.
3204 2452 3277 2504 ib.
3327 2466 3378 2505 c.
3417 2450 3469 2503 5.

2181 2530 2295 2594 (77)
2338 2526 2697 2592 Περιόολήν.
2748 2524 3150 2590 Trapezuntius
3195 2522 3699 2594 circumductionem

2112 2602 2291 2659 vertit.
2328 2614 2487 2663 quem
2525 2597 2873 2665 reprehendit
2899 2594 3143 2659 Scaliger
3186 2602 3238 2645 et
3266 2593 3693 2665 complexionem

2112 2673 2185 2724 ait
2216 2662 2614 2739 appellandam.
2653 2664 2883 2739 Vo~sius
2930 2665 3141 2739 videtur
3164 2663 3330 2739 ‘malle
3364 2662 3695 2739 _cumulali0-

2110 2757 2225 2795 nem
2251 2733 2465 2797 dicere,
2498 2738 2623 2805 quia
2652 2737 2954 2789 orationem
2992 2736 3093 2786 hac
3127 2734 3327 2805 virtute
3364 2733 3686 2785 instructam

2110 2823 2269 2864 vocat
2296 2802 2645 2863 cumulatam.
2672 2807 2736 2858 At
2760 2806 3006 2857 Sturmio
3046 2813 3127 2856 est
3153 2802 3327 2856 oratio
3354 2809 3693 2869 exaggerata,

2114 2892 2163 2933 ut
2203 2884 2280 2936 sic
2312 2883 2473 2933 etiam
2522 2877 2857 2942 exaggeratio
2893 2874 3073 2929 vocari
3115 2874 3306 2937 possit.
3341 2871 3613 2939 quomodo
3643 2882 3695 2924 et

2111 2952 2402 3017 aliquoties
2436 2950 2487 3000 in
2524 2948 2935 2999 commentariis
2985 2944 3217 3017 appellat
3269 2943 3525 3007 Hcrmog.
3560 2942 3693 2995 dict.‘

2112 3016 2217 3076 lib.
2242 3037 2289 3074 c.
2321 3021 2408 3083 18,
2444 3019 2532 3071 ubi
2567 3018 2802 3069 ostendit
2833 3031 2949 3067 eam
2980 3030 3099 3066 esse
3128 3016 3406 3072 virtutem,
3436 3027 3541 3083 qua
3568 3026 3695 3063 ora-

2114 3092 2187 3144 tio
2230 3082 2409 3143 allatis
2471 3089 2635 3141 variis
2687 3086 3121 3139 circumstantiis
3168 3099 3274 3137 non
3332 3082 3570 3150 amplius
3616 3093 3702 3135 eat

2117 3165 2282 3220 nuda.
2315 3161 2404 3211 sed
2440 3160 2492 3209 ﬁt
2528 3158 2706 3225 ampla
2742 3164 2793 3207 et
2828 3170 3046 3220 magna.

2189 3232 2300 3298 (78)
2362 3229 2728 3295 Τραχύτητίι.
2786 3226 3138 3298 Asperitatem
3198 3231 3419 3298 vertunt
3486 3234 3701 3298 omnes.

2117 3290 2305 3365 Fitquc
2337 3290 2700 3352 amaritudine
2736 3306 2787 3350 et
2812 3290 3111 3350 aecrbitate
3163 3293 3451 3353 orationis,
3485 3290 3701 3365 qnamlu

2038 3362 2079 3416 C
2116 3362 2295 3424 evadit
2327 3370 2533 3431 ingrata
2562 3369 2787 3420 auribus
2818 3375 2871 3419 et
2908 3368 3112 3427 animo,
3148 3374 3371 3436 propter
3406 3363 3705 3429 reprehen—

2117 3442 2322 3495 siones.
2363 3439 2480 3490 Vid.
2516 3436 2769 3505 llermog.
2800 3439 2942 3489 dicto
2976 3438 3111 3501 loco,
3138 3454 3256 3505 cap.
3294 3438 3345 3492 6.

2186 3511 2299 3579 (79)
2334 3502 2755 3573 Λαμπρότητᾱ.
2821 3505 3075 3579 Reddunt
3114 3502 3305 3562 omnes
3349 3502 3699 3575 splendorem-

2119 3576 2359 3643 Scaliger
2414 3591 2590 3633 tamen
2624 3580 2785 3630 etiam
2839 3576 3044 3630 illustre
3098 3592 3190 3632 seu
3234 3580 3559 3632 luculentum
3607 3586 3700 3637 88-

2119 3667 2240 3714 nus,
2268 3649 2497 3705 Vossius
2524 3648 2768 3716 festivum
2796 3648 2901 3701 dici
2938 3662 3098 3715 posse
3139 3658 3348 3716 putant.
3384 3650 3478 3704 Esi
3514 3652 3693 3716 autem

2117 3738 2177 3775 ea
2210 3710 2405 3779 virtus.
2454 3710 2557 3781 qua
2594 3710 3089 3773 commemoramus
3138 3710 3224 3771 res
3268 3736 3512 3787 magnas,
3556 3710 3638 3787 VAG}
3674 3726 3703 3761 ³

2118 3792 2276 3845 nobis
2332 3780 2591 3855 pneclare
2630 3799 2830 3855 gestas,
2878 3804 2985 3855 quo
3022 3788 3281 3853 majorem
3325 3780 3518 3845 delrius
3560 3780 3700 3834 ﬁdu-

2116 3864 2212 3917 ciae
2239 3861 2714 3929 signiﬁcationem.
2754 3857 2813 3911 V.
2849 3857 3031 3913 Herm.
3072 3859 3124 3912 d.
3152 3859 3190 3916 Ι.
3224 3874 3274 3913 c.
3309 3860 3361 3913 8.

2188 3932 2300 3999 (80)
2349 3931 2588 3998 Ἀκμὴν.
2626 3930 2870 3997 Scaliger
2907 3931 3067 3983 vertit
3116 3931 3216 3982 vim
3276 3931 3562 3992 orationis,
3598 3946 3702 3985 car

2117 4004 2215 4056 teri
2254 4003 2497 4070 plerique
2531 4001 2775 4066 vigorem,
2815 4001 2865 4053 id
2919 4002 3061 4070 quod
3106 4016 3206 4069 ego
3247 4001 3447 4055 rectius
3477 4002 3700 4070 opinor.

2118 4069 2259 4126 cum
2283 4072 2362 4124 vis
2391 4072 2593 4139 aliquid
2628 4070 2863 4129 amplius
2890 4069 3177 4138 signiﬁcet,
3209 4086 3272 4125 ac
3304 4071 3384 4125 sic
3407 4069 3568 4123 etiam
3593 4071 3703 4123 Ser

2118 4144 2276 4206 νότης
2328 4150 2652 4209 exponetur.
2712 4139 3082 4207 Hermogenes
3116 4141 3214 4194 hac
3264 4157 3392 4194 voce
3425 4141 3569 4193 illam
3619 4142 3703 4193 iu-

2119 4214 2306 4279 telligit
2342 4213 2616 4270 virtutem,
2654 4211 2809 4277 cujus
2846 4210 3107 4264 beneﬁcio
3137 4211 3320 4264 omnia
3358 4222 3485 4264 sunt
3522 4213 3696 4264 valida

2118 4293 2172 4335 et
2205 4285 2494 4344 lacertosa,
2529 4282 2827 4349 roburque,
2864 4294 2927 4335 ac
2957 4279 3101 4335 vires
3144 4282 3364 4336 habent.
3403 4280 3534 4334 Vide
3571 4298 3695 4335 eum

2119 4354 2255 4406 libro
2281 4352 2446 4416 dicto,
2481 4368 2599 4417 cap.
2633 4351 2685 4402 0.

2192 4425 2303 4491 (81)
2346 4421 2747 4489 Σφοδρότητα.
2783 4420 2968 4473 Acrem
2998 4432 3059 4491 et
3100 4422 3443 4475 vehementem
3493 4421 3702 4474 dicendi

2118 4496 2344 4564 ﬁgurant
2375 4495 2648 4545 Sturmius
2674 4493 2951 4564 appellata
2971 4490 3356 4544 Vcltementiam
3385 4493 3700 4564 Trapezun-

2121 4563 2226 4619 tins
2275 4574 2329 4616 et
2375 4564 2553 4617 caeteri
2596 4565 2884 4628 appellant.
2936 4563 3029 4613 Est
3066 4572 3244 4614 autem
3296 4564 3558 4631 asperitas
3594 4563 3699 4616 .ad-

2120 4650 2314 4688 versus
2344 4634 2627 4685 inferiores
2658 4632 2735 4684 vel
2767 4633 3026 4695 aequales.
3062 4632 3123 4685 V.
3162 4632 3344 4687 Herm.
3390 4648 3509 4699 cap.
3546 4632 3597 4685 7.

2196 4705 2306 4771 (8'2)
2351 4704 2731 4755 Ἐπιείκειαν.
2792 4700 3190 4769 Τιίιιιιιῑιιιιιιιιε
3232 4704 3548 4755 modestiam
3604 4719 3697 4770 ap-

2126 4777 2310 4844 pellat,
2340 4772 2954 4857 ivgum:imiiatenrverti
2988 4773 3189 4827 rectius
3222 4772 3461 4857 Scaliger
3482 4781 3535 4825 et
3570 4771 3702 4825 Vos-

2124 4842 2236 4898 sius
2268 4860 2333 4897 ex
2366 4842 2617 4894 'l‘crentio
2656 4842 2989 4905 existimant,
3031 4858 3154 4895 cum
3207 4842 3469 4895 modestia
3518 4852 3701 4911 pateat

2124 4915 2306 4968 latius.
2362 4911 2604 4965 Sturmio
2652 4921 2735 4965 est
2786 4914 3079 4965 moderatio
3131 4923 3184 4965 et
3240 4914 3524 4982 mitigatio,
3574 4928 3696 4965 cuin

2126 4996 2311 5038 orator
2335 5000 2440 5037 non
2467 4981 2641 5036 solum
2666 4984 2729 5035 de
2754 4983 2873 5050 jure
2905 5000 3005 5036 suo
3042 4984 3288 5046 remittit,
3323 4981 3508 5036 verum
3534 4983 3697 5035 etiam

2124 5070 2248 5108 cum
2284 5056 2445 5121 vulgo
2485 5069 2542 5105 se
2588 5062 2883 5119 comparat,
2916 5064 2967 5107 et
3017 5055 3059 5106 si
3112 5068 3216 5106 non
3254 5055 3381 5107 site
3408 5052 3553 5121 vulgi
3598 5068 3697 5104 nu-

2128 5142 2297 5179 mero.
2349 5125 2479 5176 Vide
2539 5121 2925 5193 Hermogenem
2977 5126 3067 5177 lib.
3120 5138 3176 5183 ιι,
3229 5139 3351 5193 cap.
3399 5125 3451 5182 6,
3509 5123 3596 5175 ubi
3646 5133 3700 5175 et

2125 5196 2538 5264 a'qnubilitatem
2566 5192 2838 5264 Sturmius
2870 5208 2974 5247 ιιοιι
3010 5192 3499 5261 ιιιιιιιιυιιιιιιύοιιι.

2196 5267 2308 5334 (85)
2357 5265 2687 5332 Ἀφέλειαν.
2725 5262 2842 5328 Qua
2878 5265 3117 5317 tollimus
3146 5267 3351 5327 omnia,
3392 5279 3513 5332 quae
3544 5262 3700 5315 nobis

2125 5338 2363 5401 obstant,
2416 5343 2475 5387 ut
2524 5334 2577 5385 in
2619 5336 2777 5388 nobis
2826 5335 3253 5401 signiticationes
3316 5336 3591 5394 vitiorum,
3644 5335 3695 5384 in

2126 5407 2442 5459 adversario
2482 5405 2912 5472 signiﬁcationes
2942 5408 3227 5467 virtutum,
3272 5416 3434 5473 atque
3474 5407 3545 5457 ita
3580 5404 3698 5457 sine

2126 5477 2420 5529 calliditate
2452 5491 2549 5528 nos
2589 5485 2642 5525 et
2687 5476 3063 5529 adversarium
3116 5476 3284 5543 judici
3319 5476 3697 5543 proponimus.

2133 5546 2535 5615 Simplicitatem
2573 5548 2734 5613 vulgo
2762 5548 3015 5597 reddunt.
3055 5547 3294 5615 Scaliger
3327 5546 3571 5597 virtutem
3604 5562 3697 5596 vo-

2126 5630 2211 5671 cat
2232 5618 2551 5684 quoridiana:
2568 5617 2868 5679 locutionis,
2887 5633 2986 5669 nan
3011 5622 3149 5685 apu-l
3172 5614 3363 5683 plebem
3386 5616 3575 5669 solum.
3614 5614 3702 5668 sed

2126 5688 2374 5740 lectorum
2409 5688 2624 5751 civium,
2666 5688 2873 5756 qualem
2916 5686 3275 5739 Gracchorum
3306 5691 3461 5738 matri
3486 5686 3559 5737 M.
3580 5685 3707 5756 Τιμ-

2128 5761 2227 5812 lius
2259 5758 2521 5810 attribut.
2560 5754 2773 5823 Agitde
2812 5760 2909 5811 hac
2938 5756 3119 5810 llcim.
3158 5761 3252 5811 lib.
3286 5774 3345 5820 ιι,
3382 5756 3502 5819 c.5,
3536 5758 3596 5809 de
3617 5754 3705 5808 la.

2200 5829 2312 5897 (84)
2359 5829 2655 5892 Ἀλήθεια.
2696 5827 2769 5880 De
2805 5845 2909 5895 qua
2946 5830 3314 5900 lict'tttogenes
3365 5833 3506 5882 dicto
3546 5829 3709 5883 libro.

2130 5917 2247 5971 cap.
2276 5901 2330 5967 2,
2357 5911 2544 5969 estque
2568 5901 2765 5967 virtus,
2792 5915 2894 5970 qua
2929 5901 3303 5971 signiﬁcamus
3331 5916 3543 5953 morum
3582 5900 3717 5951 sim-

3305 5998 3380 6057 33
