  <div class='ocr_page' id='page_1' title='image "/cluster/home/n/w/nwhite01/storage/ocr_20150623/160/nnc1.0046980687/531.png"; bbox 0 0 4484 6462; ppageno 0'>
   <div class='ocr_carea' id='block_1_1' title="bbox 774 385 910 449">
    <p class='ocr_par' dir='ltr' id='par_1_1' title="bbox 774 385 910 449">
     <span class='ocr_line' id='line_1_1' title="bbox 774 385 910 449; baseline 0.007 -1"><span class='ocrx_word' id='word_1_1' title='bbox 774 385 910 449; x_wconf 70' lang='grc'><strong>1043</strong></span> 
     </span>
    </p>
   </div>
   <div class='ocr_carea' id='block_1_2' title="bbox 1992 397 2863 468">
    <p class='ocr_par' dir='ltr' id='par_1_2' title="bbox 1992 397 2863 468">
     <span class='ocr_line' id='line_1_2' title="bbox 1992 397 2863 468; baseline 0.017 -15"><span class='ocrx_word' id='word_1_2' title='bbox 1992 397 2255 456; x_wconf 78' lang='grc' dir='ltr'><strong>ΜΛΤῙῊ</strong></span> <span class='ocrx_word' id='word_1_3' title='bbox 2271 399 2360 459; x_wconf 63' lang='grc' dir='ltr'><strong>ΡΕΙ</strong></span> <span class='ocrx_word' id='word_1_4' title='bbox 2397 403 2863 468; x_wconf 64' lang='lat' dir='ltr'><strong>CAMARIOTAI</strong></span> 
     </span>
    </p>
   </div>
   <div class='ocr_carea' id='block_1_3' title="bbox 3915 392 4046 485">
    <p class='ocr_par' dir='ltr' id='par_1_3' title="bbox 3915 392 4046 485">
     <span class='ocr_line' id='line_1_3' title="bbox 3915 392 4046 485; baseline 0.008 -4"><span class='ocrx_word' id='word_1_5' title='bbox 3915 392 4046 485; x_wconf 69' lang='lat' dir='ltr'><strong>toti</strong></span> 
     </span>
    </p>
   </div>
   <div class='ocr_carea' id='block_1_4' title="bbox 767 499 2538 595">
    <p class='ocr_par' dir='ltr' id='par_1_4' title="bbox 767 499 2538 571">
     <span class='ocr_line' id='line_1_4' title="bbox 767 499 2538 571; baseline 0.007 -19"><span class='ocrx_word' id='word_1_6' title='bbox 767 499 893 560; x_wconf 80' lang='lat' dir='ltr'><strong>bus.</strong></span> <span class='ocrx_word' id='word_1_7' title='bbox 923 499 1235 568; x_wconf 82' lang='lat' dir='ltr'><strong>ubicunque</strong></span> <span class='ocrx_word' id='word_1_8' title='bbox 1274 501 1606 554; x_wconf 87' lang='lat' dir='ltr'><strong>conveniens</strong></span> <span class='ocrx_word' id='word_1_9' title='bbox 1646 512 1753 564; x_wconf 88' lang='lat' dir='ltr'><strong>est,</strong></span> <span class='ocrx_word' id='word_1_10' title='bbox 1787 502 2042 571; x_wconf 76' lang='lat' dir='ltr'><strong>pranniis,</strong></span> <span class='ocrx_word' id='word_1_11' title='bbox 2087 509 2360 560; x_wconf 87' lang='lat' dir='ltr'><strong>narratio—</strong></span> <span class='ocrx_word' id='word_1_12' title='bbox 2390 516 2434 571; x_wconf 81' lang='grc' dir='ltr'><strong>Α</strong></span> <span class='ocrx_word' id='word_1_13' title='bbox 2466 506 2538 564; x_wconf 69' lang='grc' dir='ltr'>οἷν</span> 
     </span>
    </p>
   </div>
   <div class='ocr_carea' id='block_1_5' title="bbox 2277 499 4048 595">
    <p class='ocr_par' dir='ltr' id='par_1_5' title="bbox 2282 506 4048 595">
     <span class='ocr_line' id='line_1_5' title="bbox 2282 506 4048 595; baseline 0.014 -36"><span class='ocrx_word' id='word_1_14' title='bbox 2282 509 2360 560; x_wconf 88' lang='lat' dir='ltr'><strong>io-</strong></span> <span class='ocrx_word' id='word_1_15' title='bbox 2390 516 2434 571; x_wconf 81' lang='grc' dir='ltr'><strong>Α</strong></span> <span class='ocrx_word' id='word_1_16' title='bbox 2466 506 2636 582; x_wconf 68' lang='grc' dir='ltr'>οὗπερ</span> <span class='ocrx_word' id='word_1_17' title='bbox 2668 516 2766 580; x_wconf 83' lang='grc' dir='ltr'>δεί,</span> <span class='ocrx_word' id='word_1_18' title='bbox 2808 522 3142 589; x_wconf 80' lang='grc' dir='ltr'>προοιμίοις,</span> <span class='ocrx_word' id='word_1_19' title='bbox 3176 525 3516 595; x_wconf 75' lang='grc' dir='ltr'><strong>διηγήσεσιν,</strong></span> <span class='ocrx_word' id='word_1_20' title='bbox 3561 528 3760 595; x_wconf 76' lang='grc' dir='ltr'>άγῶσι,</span> <span class='ocrx_word' id='word_1_21' title='bbox 3795 531 3888 583; x_wconf 78' lang='grc' dir='ltr'>καί</span> <span class='ocrx_word' id='word_1_22' title='bbox 3929 533 4048 583; x_wconf 68' lang='grc' dir='ltr'>ἑπι-</span> 
     </span>
    </p>
   </div>
   <div class='ocr_carea' id='block_1_6' title="bbox 770 592 2360 664">
    <p class='ocr_par' dir='ltr' id='par_1_6' title="bbox 770 592 2360 664">
     <span class='ocr_line' id='line_1_6' title="bbox 770 592 2360 664; baseline 0.006 -19"><span class='ocrx_word' id='word_1_23' title='bbox 770 592 958 655; x_wconf 83' lang='lat' dir='ltr'><strong>nihus,</strong></span> <span class='ocrx_word' id='word_1_24' title='bbox 979 593 1444 656; x_wconf 73' lang='lat' dir='ltr'><strong>contentionibus,</strong></span> <span class='ocrx_word' id='word_1_25' title='bbox 1464 596 1937 650; x_wconf 72' lang='lat' dir='ltr'><strong>conclusionibus.</strong></span> <span class='ocrx_word' id='word_1_26' title='bbox 1967 596 2179 662; x_wconf 84' lang='lat' dir='ltr'><strong>Quibus</strong></span> <span class='ocrx_word' id='word_1_27' title='bbox 2201 600 2360 664; x_wconf 88' lang='lat' dir='ltr'><strong>ideis,</strong></span> 
     </span>
    </p>
   </div>
   <div class='ocr_carea' id='block_1_7' title="bbox 768 684 2367 754">
    <p class='ocr_par' dir='ltr' id='par_1_7' title="bbox 768 684 2367 754">
     <span class='ocr_line' id='line_1_7' title="bbox 768 684 2367 754; baseline 0.01 -23"><span class='ocrx_word' id='word_1_28' title='bbox 768 684 822 732; x_wconf 83' lang='lat' dir='ltr'><strong>iu</strong></span> <span class='ocrx_word' id='word_1_29' title='bbox 855 697 963 749; x_wconf 82' lang='lat' dir='ltr'><strong>quo</strong></span> <span class='ocrx_word' id='word_1_30' title='bbox 995 697 1194 750; x_wconf 77' lang='lat' dir='ltr'><strong>genere</strong></span> <span class='ocrx_word' id='word_1_31' title='bbox 1223 685 1513 750; x_wconf 84' lang='lat' dir='ltr'><strong>orationis,</strong></span> <span class='ocrx_word' id='word_1_32' title='bbox 1537 687 1738 753; x_wconf 87' lang='lat' dir='ltr'><strong>quibus</strong></span> <span class='ocrx_word' id='word_1_33' title='bbox 1767 690 2077 754; x_wconf 82' lang='lat' dir='ltr'><strong>sententiis,</strong></span> <span class='ocrx_word' id='word_1_34' title='bbox 2150 693 2367 746; x_wconf 87' lang='lat' dir='ltr'><strong>metho-</strong></span> 
     </span>
    </p>
   </div>
   <div class='ocr_carea' id='block_1_8' title="bbox 767 772 2364 854">
    <p class='ocr_par' dir='ltr' id='par_1_8' title="bbox 767 772 2364 854">
     <span class='ocr_line' id='line_1_8' title="bbox 767 772 2364 854; baseline 0.012 -34"><span class='ocrx_word' id='word_1_35' title='bbox 767 772 874 837; x_wconf 98' lang='lat' dir='ltr'><strong>dis,</strong></span> <span class='ocrx_word' id='word_1_36' title='bbox 899 772 1254 839; x_wconf 85' lang='lat' dir='ltr'><strong>dictionibus,</strong></span> <span class='ocrx_word' id='word_1_37' title='bbox 1276 775 1485 845; x_wconf 79' lang='lat' dir='ltr'><strong>ﬁguris,</strong></span> <span class='ocrx_word' id='word_1_38' title='bbox 1506 778 1858 850; x_wconf 79' lang='lat' dir='ltr'><strong>reliquisque.</strong></span> <span class='ocrx_word' id='word_1_39' title='bbox 1881 793 1942 837; x_wconf 91' lang='lat' dir='ltr'><strong>ut</strong></span> <span class='ocrx_word' id='word_1_40' title='bbox 1962 792 2017 836; x_wconf 89' lang='lat' dir='ltr'><strong>et</strong></span> <span class='ocrx_word' id='word_1_41' title='bbox 2037 799 2142 854; x_wconf 83' lang='lat' dir='ltr'><strong>qua</strong></span> <span class='ocrx_word' id='word_1_42' title='bbox 2163 785 2216 838; x_wconf 96' lang='lat' dir='ltr'><strong>in</strong></span> <span class='ocrx_word' id='word_1_43' title='bbox 2241 801 2364 854; x_wconf 82' lang='lat' dir='ltr'><strong>pcr-</strong></span> 
     </span>
    </p>
   </div>
   <div class='ocr_carea' id='block_1_9' title="bbox 766 866 2363 944">
    <p class='ocr_par' dir='ltr' id='par_1_9' title="bbox 766 866 2363 944">
     <span class='ocr_line' id='line_1_9' title="bbox 766 866 2363 944; baseline 0.009 -27"><span class='ocrx_word' id='word_1_44' title='bbox 766 879 900 918; x_wconf 87' lang='lat' dir='ltr'><strong>sona</strong></span> <span class='ocrx_word' id='word_1_45' title='bbox 925 874 979 921; x_wconf 87' lang='lat' dir='ltr'><strong>et</strong></span> <span class='ocrx_word' id='word_1_46' title='bbox 1015 883 1093 921; x_wconf 85' lang='lat' dir='ltr'><strong>re.</strong></span> <span class='ocrx_word' id='word_1_47' title='bbox 1117 866 1267 924; x_wconf 89' lang='lat' dir='ltr'><strong>Scire</strong></span> <span class='ocrx_word' id='word_1_48' title='bbox 1289 885 1526 940; x_wconf 80' lang='lat' dir='ltr'><strong>namque</strong></span> <span class='ocrx_word' id='word_1_49' title='bbox 1575 882 1812 942; x_wconf 76' lang='lat' dir='ltr'><strong>oportet.</strong></span> <span class='ocrx_word' id='word_1_50' title='bbox 1865 892 1984 944; x_wconf 65' lang='lat' dir='ltr'><strong>quae</strong></span> <span class='ocrx_word' id='word_1_51' title='bbox 2010 879 2121 931; x_wconf 87' lang='lat' dir='ltr'><strong>sint</strong></span> <span class='ocrx_word' id='word_1_52' title='bbox 2169 879 2363 934; x_wconf 88' lang='lat' dir='ltr'><strong>horum</strong></span> 
     </span>
    </p>
   </div>
   <div class='ocr_carea' id='block_1_10' title="bbox 765 957 2364 1032">
    <p class='ocr_par' dir='ltr' id='par_1_10' title="bbox 765 957 2364 1032">
     <span class='ocr_line' id='line_1_10' title="bbox 765 957 2364 1032; baseline 0.011 -24"><span class='ocrx_word' id='word_1_53' title='bbox 765 957 1106 1022; x_wconf 63' lang='lat' dir='ltr'><strong>diﬂ&#39;erentim,</strong></span> <span class='ocrx_word' id='word_1_54' title='bbox 1142 962 1638 1032; x_wconf 83' lang='lat' dir='ltr'><strong>convenientesque</strong></span> <span class='ocrx_word' id='word_1_55' title='bbox 1671 967 1753 1022; x_wconf 85' lang='lat' dir='ltr'><strong>eis</strong></span> <span class='ocrx_word' id='word_1_56' title='bbox 1787 968 2110 1024; x_wconf 67' lang='lat' dir='ltr'><strong>adhibendae</strong></span> <span class='ocrx_word' id='word_1_57' title='bbox 2159 972 2364 1025; x_wconf 86' lang='lat' dir='ltr'><strong>oratio-</strong></span> 
     </span>
    </p>
   </div>
   <div class='ocr_carea' id='block_1_11' title="bbox 769 1055 2362 1134">
    <p class='ocr_par' dir='ltr' id='par_1_11' title="bbox 769 1055 2362 1134">
     <span class='ocr_line' id='line_1_11' title="bbox 769 1055 2362 1134; baseline 0.01 -30"><span class='ocrx_word' id='word_1_58' title='bbox 769 1069 888 1118; x_wconf 77' lang='lat' dir='ltr'><strong>nes,</strong></span> <span class='ocrx_word' id='word_1_59' title='bbox 944 1055 1362 1125; x_wconf 86' lang='lat' dir='ltr'><strong>docendumque</strong></span> <span class='ocrx_word' id='word_1_60' title='bbox 1417 1061 1584 1128; x_wconf 86' lang='lat' dir='ltr'><strong>probe</strong></span> <span class='ocrx_word' id='word_1_61' title='bbox 1626 1075 1996 1132; x_wconf 74' lang='lat' dir='ltr'><strong>accurateque</strong></span> <span class='ocrx_word' id='word_1_62' title='bbox 2034 1067 2362 1134; x_wconf 63' lang='lat' dir='ltr'><strong>prooemium</strong></span> 
     </span>
    </p>
   </div>
   <div class='ocr_carea' id='block_1_12' title="bbox 769 1146 2356 1228">
    <p class='ocr_par' dir='ltr' id='par_1_12' title="bbox 769 1146 2356 1228">
     <span class='ocr_line' id='line_1_12' title="bbox 769 1146 2356 1228; baseline 0.009 -29"><span class='ocrx_word' id='word_1_63' title='bbox 769 1146 938 1215; x_wconf 88' lang='lat' dir='ltr'><strong>quod,</strong></span> <span class='ocrx_word' id='word_1_64' title='bbox 966 1155 1020 1201; x_wconf 91' lang='lat' dir='ltr'><strong>et</strong></span> <span class='ocrx_word' id='word_1_65' title='bbox 1049 1148 1159 1214; x_wconf 86' lang='lat' dir='ltr'><strong>ubi,</strong></span> <span class='ocrx_word' id='word_1_66' title='bbox 1186 1155 1239 1201; x_wconf 86' lang='lat' dir='ltr'><strong>et</strong></span> <span class='ocrx_word' id='word_1_67' title='bbox 1261 1155 1558 1220; x_wconf 89' lang='lat' dir='ltr'><strong>quomodo,</strong></span> <span class='ocrx_word' id='word_1_68' title='bbox 1590 1164 1642 1210; x_wconf 90' lang='lat' dir='ltr'><strong>et</strong></span> <span class='ocrx_word' id='word_1_69' title='bbox 1668 1156 1829 1225; x_wconf 82' lang='lat' dir='ltr'><strong>quale</strong></span> <span class='ocrx_word' id='word_1_70' title='bbox 1853 1158 2105 1214; x_wconf 82' lang='lat' dir='ltr'><strong>adhiberi</strong></span> <span class='ocrx_word' id='word_1_71' title='bbox 2140 1177 2234 1228; x_wconf 91' lang='lat' dir='ltr'><strong>par</strong></span> <span class='ocrx_word' id='word_1_72' title='bbox 2262 1162 2356 1226; x_wconf 90' lang='lat' dir='ltr'><strong>sit,</strong></span> 
     </span>
    </p>
   </div>
   <div class='ocr_carea' id='block_1_13' title="bbox 765 1246 2361 1321">
    <p class='ocr_par' dir='ltr' id='par_1_13' title="bbox 765 1246 2361 1321">
     <span class='ocr_line' id='line_1_13' title="bbox 765 1246 2361 1321; baseline 0.011 -31"><span class='ocrx_word' id='word_1_73' title='bbox 765 1250 1115 1308; x_wconf 86' lang='lat' dir='ltr'><strong>etquousque</strong></span> <span class='ocrx_word' id='word_1_74' title='bbox 1142 1246 1357 1298; x_wconf 78' lang='lat' dir='ltr'><strong>extendi</strong></span> <span class='ocrx_word' id='word_1_75' title='bbox 1387 1246 1599 1310; x_wconf 83' lang='lat' dir='ltr'><strong>debeat,</strong></span> <span class='ocrx_word' id='word_1_76' title='bbox 1629 1251 1862 1306; x_wconf 87' lang='lat' dir='ltr'><strong>itemubi</strong></span> <span class='ocrx_word' id='word_1_77' title='bbox 1899 1269 2089 1314; x_wconf 87' lang='lat' dir='ltr'><strong>unum,</strong></span> <span class='ocrx_word' id='word_1_78' title='bbox 2118 1257 2361 1321; x_wconf 90' lang='lat' dir='ltr'><strong>autduo,</strong></span> 
     </span>
    </p>
   </div>
   <div class='ocr_carea' id='block_1_14' title="bbox 765 1332 2364 1412">
    <p class='ocr_par' dir='ltr' id='par_1_14' title="bbox 765 1332 2364 1412">
     <span class='ocr_line' id='line_1_14' title="bbox 765 1332 2364 1412; baseline 0.013 -31"><span class='ocrx_word' id='word_1_79' title='bbox 765 1338 861 1383; x_wconf 85' lang='lat' dir='ltr'><strong>aut</strong></span> <span class='ocrx_word' id='word_1_80' title='bbox 883 1332 1035 1399; x_wconf 92' lang='lat' dir='ltr'><strong>plura</strong></span> <span class='ocrx_word' id='word_1_81' title='bbox 1055 1336 1277 1388; x_wconf 83' lang='lat' dir='ltr'><strong>exordia</strong></span> <span class='ocrx_word' id='word_1_82' title='bbox 1302 1340 1634 1405; x_wconf 85' lang='lat' dir='ltr'><strong>usurpanda,</strong></span> <span class='ocrx_word' id='word_1_83' title='bbox 1657 1350 1709 1395; x_wconf 90' lang='lat' dir='ltr'><strong>et</strong></span> <span class='ocrx_word' id='word_1_84' title='bbox 1735 1342 1824 1396; x_wconf 90' lang='lat' dir='ltr'><strong>ubi</strong></span> <span class='ocrx_word' id='word_1_85' title='bbox 1873 1343 2032 1412; x_wconf 81' lang='lat' dir='ltr'><strong>plane</strong></span> <span class='ocrx_word' id='word_1_86' title='bbox 2067 1361 2197 1406; x_wconf 91' lang='lat' dir='ltr'><strong>non.</strong></span> <span class='ocrx_word' id='word_1_87' title='bbox 2244 1363 2364 1401; x_wconf 90' lang='lat' dir='ltr'><strong>rur-</strong></span> 
     </span>
    </p>
   </div>
   <div class='ocr_carea' id='block_1_15' title="bbox 765 1426 2362 1499">
    <p class='ocr_par' dir='ltr' id='par_1_15' title="bbox 765 1426 2362 1499">
     <span class='ocr_line' id='line_1_15' title="bbox 765 1426 2362 1499; baseline 0.012 -22"><span class='ocrx_word' id='word_1_88' title='bbox 765 1440 887 1478; x_wconf 82' lang='lat' dir='ltr'><strong>sum</strong></span> <span class='ocrx_word' id='word_1_89' title='bbox 911 1426 1000 1481; x_wconf 89' lang='lat' dir='ltr'><strong>ubi</strong></span> <span class='ocrx_word' id='word_1_90' title='bbox 1023 1429 1154 1480; x_wconf 85' lang='lat' dir='ltr'><strong>utile</strong></span> <span class='ocrx_word' id='word_1_91' title='bbox 1179 1429 1437 1484; x_wconf 81' lang='lat' dir='ltr'><strong>adhibere</strong></span> <span class='ocrx_word' id='word_1_92' title='bbox 1459 1434 1907 1499; x_wconf 76' lang='lat' dir='ltr'><strong>constitutionem</strong></span> <span class='ocrx_word' id='word_1_93' title='bbox 1942 1441 2274 1494; x_wconf 78' lang='lat' dir='ltr'><strong>narrationis</strong></span> <span class='ocrx_word' id='word_1_94' title='bbox 2307 1452 2362 1496; x_wconf 91' lang='lat' dir='ltr'><strong>et</strong></span> 
     </span>
    </p>
   </div>
   <div class='ocr_carea' id='block_1_16' title="bbox 767 1519 2361 1595">
    <p class='ocr_par' dir='ltr' id='par_1_16' title="bbox 767 1519 2361 1595">
     <span class='ocr_line' id='line_1_16' title="bbox 767 1519 2361 1595; baseline 0.01 -26"><span class='ocrx_word' id='word_1_95' title='bbox 767 1519 1228 1584; x_wconf 82' lang='lat' dir='ltr'><strong>narrationem,et</strong></span> <span class='ocrx_word' id='word_1_96' title='bbox 1247 1521 1335 1575; x_wconf 91' lang='lat' dir='ltr'><strong>ubi</strong></span> <span class='ocrx_word' id='word_1_97' title='bbox 1365 1538 1470 1576; x_wconf 92' lang='lat' dir='ltr'><strong>non</strong></span> <span class='ocrx_word' id='word_1_98' title='bbox 1498 1523 1660 1578; x_wconf 89' lang='lat' dir='ltr'><strong>modo</strong></span> <span class='ocrx_word' id='word_1_99' title='bbox 1697 1540 1803 1579; x_wconf 92' lang='lat' dir='ltr'><strong>non</strong></span> <span class='ocrx_word' id='word_1_100' title='bbox 1857 1532 2212 1595; x_wconf 87' lang='lat' dir='ltr'><strong>constituere,</strong></span> <span class='ocrx_word' id='word_1_101' title='bbox 2269 1536 2361 1586; x_wconf 87' lang='lat' dir='ltr'><strong>sed</strong></span> 
     </span>
    </p>
   </div>
   <div class='ocr_carea' id='block_1_17' title="bbox 764 1617 2359 1682">
    <p class='ocr_par' dir='ltr' id='par_1_17' title="bbox 764 1617 2359 1682">
     <span class='ocr_line' id='line_1_17' title="bbox 764 1617 2359 1682; baseline 0.011 -21"><span class='ocrx_word' id='word_1_102' title='bbox 764 1623 865 1662; x_wconf 92' lang='lat' dir='ltr'><strong>nec</strong></span> <span class='ocrx_word' id='word_1_103' title='bbox 891 1620 1139 1675; x_wconf 81' lang='lat' dir='ltr'><strong>narrare,</strong></span> <span class='ocrx_word' id='word_1_104' title='bbox 1171 1627 1358 1666; x_wconf 88' lang='lat' dir='ltr'><strong>verum</strong></span> <span class='ocrx_word' id='word_1_105' title='bbox 1379 1617 1748 1682; x_wconf 59' lang='lat' dir='ltr'><strong>praeteritione</strong></span> <span class='ocrx_word' id='word_1_106' title='bbox 1771 1633 1834 1674; x_wconf 87' lang='lat' dir='ltr'><strong>ac</strong></span> <span class='ocrx_word' id='word_1_107' title='bbox 1855 1621 2137 1676; x_wconf 90' lang='lat' dir='ltr'><strong>reticentia</strong></span> <span class='ocrx_word' id='word_1_108' title='bbox 2182 1625 2247 1677; x_wconf 90' lang='lat' dir='ltr'><strong>ad</strong></span> <span class='ocrx_word' id='word_1_109' title='bbox 2303 1625 2359 1678; x_wconf 81' lang='lat' dir='ltr'><strong>ti-</strong></span> 
     </span>
    </p>
   </div>
   <div class='ocr_carea' id='block_1_18' title="bbox 766 1702 2365 1781">
    <p class='ocr_par' dir='ltr' id='par_1_18' title="bbox 766 1702 2365 1781">
     <span class='ocr_line' id='line_1_18' title="bbox 766 1702 2365 1781; baseline 0.011 -30"><span class='ocrx_word' id='word_1_110' title='bbox 766 1715 888 1752; x_wconf 89' lang='lat' dir='ltr'><strong>nem</strong></span> <span class='ocrx_word' id='word_1_111' title='bbox 914 1702 1228 1759; x_wconf 76' lang='lat' dir='ltr'><strong>decurrere.</strong></span> <span class='ocrx_word' id='word_1_112' title='bbox 1264 1703 1417 1760; x_wconf 90' lang='lat' dir='ltr'><strong>Sicut</strong></span> <span class='ocrx_word' id='word_1_113' title='bbox 1441 1716 1493 1759; x_wconf 89' lang='lat' dir='ltr'><strong>et</strong></span> <span class='ocrx_word' id='word_1_114' title='bbox 1524 1707 1809 1762; x_wconf 64' lang='lat' dir='ltr'><strong>Gcomrtra</strong></span> <span class='ocrx_word' id='word_1_115' title='bbox 1838 1712 1987 1765; x_wconf 81' lang='lat' dir='ltr'><strong>exiis</strong></span> <span class='ocrx_word' id='word_1_116' title='bbox 2007 1729 2128 1781; x_wconf 69' lang='lat' dir='ltr'><strong>quae</strong></span> <span class='ocrx_word' id='word_1_117' title='bbox 2147 1716 2212 1769; x_wconf 92' lang='lat' dir='ltr'><strong>de</strong></span> <span class='ocrx_word' id='word_1_118' title='bbox 2236 1715 2365 1769; x_wconf 77' lang='lat' dir='ltr'><strong>Sar-</strong></span> 
     </span>
    </p>
   </div>
   <div class='ocr_carea' id='block_1_19' title="bbox 764 1793 2351 1876">
    <p class='ocr_par' dir='ltr' id='par_1_19' title="bbox 764 1793 2351 1876">
     <span class='ocr_line' id='line_1_19' title="bbox 764 1793 2351 1876; baseline 0.012 -31"><span class='ocrx_word' id='word_1_119' title='bbox 764 1793 926 1849; x_wconf 83' lang='lat' dir='ltr'><strong>dibus</strong></span> <span class='ocrx_word' id='word_1_120' title='bbox 955 1798 1167 1852; x_wconf 86' lang='lat' dir='ltr'><strong>scribit.</strong></span> <span class='ocrx_word' id='word_1_121' title='bbox 1193 1799 1407 1854; x_wconf 88' lang='lat' dir='ltr'><strong>videtur</strong></span> <span class='ocrx_word' id='word_1_122' title='bbox 1437 1801 1631 1855; x_wconf 88' lang='lat' dir='ltr'><strong>borum</strong></span> <span class='ocrx_word' id='word_1_123' title='bbox 1668 1817 1777 1857; x_wconf 92' lang='lat' dir='ltr'><strong>non</strong></span> <span class='ocrx_word' id='word_1_124' title='bbox 1815 1803 1986 1860; x_wconf 81' lang='lat' dir='ltr'><strong>fuisse</strong></span> <span class='ocrx_word' id='word_1_125' title='bbox 2044 1807 2351 1876; x_wconf 83' lang='lat' dir='ltr'><strong>imperitus,</strong></span> 
     </span>
    </p>
   </div>
   <div class='ocr_carea' id='block_1_20' title="bbox 766 1885 2350 1958">
    <p class='ocr_par' dir='ltr' id='par_1_20' title="bbox 766 1885 2350 1958">
     <span class='ocr_line' id='line_1_20' title="bbox 766 1885 2350 1958; baseline 0.012 -21"><span class='ocrx_word' id='word_1_126' title='bbox 766 1892 906 1939; x_wconf 86' lang='lat' dir='ltr'><strong>utet</strong></span> <span class='ocrx_word' id='word_1_127' title='bbox 941 1885 1087 1940; x_wconf 80' lang='lat' dir='ltr'><strong>alius</strong></span> <span class='ocrx_word' id='word_1_128' title='bbox 1110 1887 1308 1958; x_wconf 82' lang='lat' dir='ltr'><strong>aliquis</strong></span> <span class='ocrx_word' id='word_1_129' title='bbox 1343 1906 1404 1945; x_wconf 79' lang='lat' dir='ltr'><strong>ex</strong></span> <span class='ocrx_word' id='word_1_130' title='bbox 1438 1901 1722 1947; x_wconf 89' lang='lat' dir='ltr'><strong>oratorum</strong></span> <span class='ocrx_word' id='word_1_131' title='bbox 1778 1896 1948 1950; x_wconf 93' lang='lat' dir='ltr'><strong>cboro</strong></span> <span class='ocrx_word' id='word_1_132' title='bbox 2006 1898 2207 1953; x_wconf 88' lang='lat' dir='ltr'><strong>clarus.</strong></span> <span class='ocrx_word' id='word_1_133' title='bbox 2270 1902 2350 1956; x_wconf 81' lang='lat' dir='ltr'><strong>Ad</strong></span> 
     </span>
    </p>
   </div>
   <div class='ocr_carea' id='block_1_21' title="bbox 766 1979 2348 2059">
    <p class='ocr_par' dir='ltr' id='par_1_21' title="bbox 766 1979 2348 2059">
     <span class='ocr_line' id='line_1_21' title="bbox 766 1979 2348 2059; baseline 0.013 -33"><span class='ocrx_word' id='word_1_134' title='bbox 766 1980 900 2041; x_wconf 76' lang='lat' dir='ltr'><strong>lizec,</strong></span> <span class='ocrx_word' id='word_1_135' title='bbox 927 1979 1011 2032; x_wconf 89' lang='lat' dir='ltr'><strong>cui</strong></span> <span class='ocrx_word' id='word_1_136' title='bbox 1038 1980 1106 2032; x_wconf 91' lang='lat' dir='ltr'><strong>sit</strong></span> <span class='ocrx_word' id='word_1_137' title='bbox 1128 1982 1460 2036; x_wconf 87' lang='lat' dir='ltr'><strong>conveniens</strong></span> <span class='ocrx_word' id='word_1_138' title='bbox 1486 1986 1950 2044; x_wconf 86' lang='lat' dir='ltr'><strong>uticontentione.</strong></span> <span class='ocrx_word' id='word_1_139' title='bbox 1979 1997 2032 2041; x_wconf 91' lang='lat' dir='ltr'><strong>et</strong></span> <span class='ocrx_word' id='word_1_140' title='bbox 2051 1992 2348 2059; x_wconf 91' lang='lat' dir='ltr'><strong>quomodo,</strong></span> 
     </span>
    </p>
   </div>
   <div class='ocr_carea' id='block_1_22' title="bbox 762 2075 2350 2147">
    <p class='ocr_par' dir='ltr' id='par_1_22' title="bbox 762 2075 2350 2147">
     <span class='ocr_line' id='line_1_22' title="bbox 762 2075 2350 2147; baseline 0.011 -26"><span class='ocrx_word' id='word_1_141' title='bbox 762 2076 816 2122; x_wconf 91' lang='lat' dir='ltr'><strong>et</strong></span> <span class='ocrx_word' id='word_1_142' title='bbox 845 2084 1134 2138; x_wconf 83' lang='lat' dir='ltr'><strong>quousque</strong></span> <span class='ocrx_word' id='word_1_143' title='bbox 1158 2082 1211 2126; x_wconf 90' lang='lat' dir='ltr'><strong>et</strong></span> <span class='ocrx_word' id='word_1_144' title='bbox 1245 2075 1332 2127; x_wconf 91' lang='lat' dir='ltr'><strong>cui</strong></span> <span class='ocrx_word' id='word_1_145' title='bbox 1367 2089 1499 2141; x_wconf 92' lang='lat' dir='ltr'><strong>non,</strong></span> <span class='ocrx_word' id='word_1_146' title='bbox 1527 2087 1580 2132; x_wconf 88' lang='lat' dir='ltr'><strong>et</strong></span> <span class='ocrx_word' id='word_1_147' title='bbox 1607 2079 1693 2132; x_wconf 90' lang='lat' dir='ltr'><strong>cui</strong></span> <span class='ocrx_word' id='word_1_148' title='bbox 1712 2078 1925 2146; x_wconf 72' lang='lat' dir='ltr'><strong>epilo;;o</strong></span> <span class='ocrx_word' id='word_1_149' title='bbox 1953 2097 2062 2135; x_wconf 91' lang='lat' dir='ltr'><strong>non</strong></span> <span class='ocrx_word' id='word_1_150' title='bbox 2097 2083 2195 2147; x_wconf 91' lang='lat' dir='ltr'><strong>uti,</strong></span> <span class='ocrx_word' id='word_1_151' title='bbox 2223 2085 2350 2140; x_wconf 85' lang='lat' dir='ltr'><strong>item</strong></span> 
     </span>
    </p>
   </div>
   <div class='ocr_carea' id='block_1_23' title="bbox 762 2170 2353 2246">
    <p class='ocr_par' dir='ltr' id='par_1_23' title="bbox 762 2170 2353 2246">
     <span class='ocr_line' id='line_1_23' title="bbox 762 2170 2353 2246; baseline 0.011 -27"><span class='ocrx_word' id='word_1_152' title='bbox 762 2170 964 2237; x_wconf 71' lang='lat' dir='ltr'><strong>quibus</strong></span> <span class='ocrx_word' id='word_1_153' title='bbox 999 2171 1208 2237; x_wconf 77' lang='lat' dir='ltr'><strong>ﬁguris,</strong></span> <span class='ocrx_word' id='word_1_154' title='bbox 1235 2173 1287 2226; x_wconf 91' lang='lat' dir='ltr'><strong>in</strong></span> <span class='ocrx_word' id='word_1_155' title='bbox 1314 2189 1423 2240; x_wconf 90' lang='lat' dir='ltr'><strong>quo</strong></span> <span class='ocrx_word' id='word_1_156' title='bbox 1448 2191 1644 2244; x_wconf 81' lang='lat' dir='ltr'><strong>genere</strong></span> <span class='ocrx_word' id='word_1_157' title='bbox 1667 2189 1914 2246; x_wconf 78' lang='lat' dir='ltr'><strong>acparte</strong></span> <span class='ocrx_word' id='word_1_158' title='bbox 1934 2181 2199 2235; x_wconf 82' lang='lat' dir='ltr'><strong>orationis</strong></span> <span class='ocrx_word' id='word_1_159' title='bbox 2223 2197 2353 2236; x_wconf 94' lang='lat' dir='ltr'><strong>con-</strong></span> 
     </span>
    </p>
   </div>
   <div class='ocr_carea' id='block_1_24' title="bbox 765 2261 2353 2339">
    <p class='ocr_par' dir='ltr' id='par_1_24' title="bbox 765 2261 2353 2339">
     <span class='ocr_line' id='line_1_24' title="bbox 765 2261 2353 2339; baseline 0.009 -26"><span class='ocrx_word' id='word_1_160' title='bbox 765 2261 943 2314; x_wconf 68' lang='lat' dir='ltr'><strong>veniat</strong></span> <span class='ocrx_word' id='word_1_161' title='bbox 984 2264 1082 2327; x_wconf 92' lang='lat' dir='ltr'><strong>uti,</strong></span> <span class='ocrx_word' id='word_1_162' title='bbox 1124 2273 1274 2318; x_wconf 86' lang='lat' dir='ltr'><strong>tenes</strong></span> <span class='ocrx_word' id='word_1_163' title='bbox 1325 2265 1439 2319; x_wconf 65' lang='lat' dir='ltr'><strong>haec</strong></span> <span class='ocrx_word' id='word_1_164' title='bbox 1498 2276 1755 2322; x_wconf 85' lang='lat' dir='ltr'><strong>accurate</strong></span> <span class='ocrx_word' id='word_1_165' title='bbox 1824 2279 2045 2339; x_wconf 84' lang='lat' dir='ltr'><strong>pmpter</strong></span> <span class='ocrx_word' id='word_1_166' title='bbox 2105 2284 2353 2328; x_wconf 76' lang='lat' dir='ltr'><strong>oratores</strong></span> 
     </span>
    </p>
   </div>
   <div class='ocr_carea' id='block_1_25' title="bbox 762 2351 2353 2431">
    <p class='ocr_par' dir='ltr' id='par_1_25' title="bbox 762 2351 2353 2431">
     <span class='ocr_line' id='line_1_25' title="bbox 762 2351 2353 2431; baseline 0.009 -27"><span class='ocrx_word' id='word_1_167' title='bbox 762 2351 930 2406; x_wconf 81' lang='lat' dir='ltr'><strong>falsos</strong></span> <span class='ocrx_word' id='word_1_168' title='bbox 961 2353 1093 2422; x_wconf 92' lang='lat' dir='ltr'><strong>(non</strong></span> <span class='ocrx_word' id='word_1_169' title='bbox 1133 2371 1281 2409; x_wconf 89' lang='lat' dir='ltr'><strong>nunc</strong></span> <span class='ocrx_word' id='word_1_170' title='bbox 1349 2356 1450 2410; x_wconf 81' lang='lat' dir='ltr'><strong>fori</strong></span> <span class='ocrx_word' id='word_1_171' title='bbox 1519 2373 1876 2428; x_wconf 71' lang='lat' dir='ltr'><strong>purgamenta</strong></span> <span class='ocrx_word' id='word_1_172' title='bbox 1932 2363 2171 2431; x_wconf 83' lang='lat' dir='ltr'><strong>loquor),</strong></span> <span class='ocrx_word' id='word_1_173' title='bbox 2205 2365 2353 2418; x_wconf 91' lang='lat' dir='ltr'><strong>iuso-</strong></span> 
     </span>
    </p>
   </div>
   <div class='ocr_carea' id='block_1_26' title="bbox 767 2451 2351 2524">
    <p class='ocr_par' dir='ltr' id='par_1_26' title="bbox 767 2451 2351 2524">
     <span class='ocr_line' id='line_1_26' title="bbox 767 2451 2351 2524; baseline 0.008 -24"><span class='ocrx_word' id='word_1_174' title='bbox 767 2451 940 2501; x_wconf 78' lang='lat' dir='ltr'><strong>tentes</strong></span> <span class='ocrx_word' id='word_1_175' title='bbox 978 2457 1397 2519; x_wconf 87' lang='lat' dir='ltr'><strong>protervosque.</strong></span> <span class='ocrx_word' id='word_1_176' title='bbox 1435 2454 1523 2520; x_wconf 91' lang='lat' dir='ltr'><strong>qui</strong></span> <span class='ocrx_word' id='word_1_177' title='bbox 1559 2453 1722 2505; x_wconf 67' lang='lat' dir='ltr'><strong>edam</strong></span> <span class='ocrx_word' id='word_1_178' title='bbox 1753 2457 1894 2508; x_wconf 71' lang='lat' dir='ltr'><strong>cmlo</strong></span> <span class='ocrx_word' id='word_1_179' title='bbox 1921 2471 1982 2508; x_wconf 89' lang='lat' dir='ltr'><strong>se</strong></span> <span class='ocrx_word' id='word_1_180' title='bbox 2035 2458 2351 2524; x_wconf 82' lang='lat' dir='ltr'><strong>superiores</strong></span> 
     </span>
    </p>
   </div>
   <div class='ocr_carea' id='block_1_27' title="bbox 761 2540 2347 2618">
    <p class='ocr_par' dir='ltr' id='par_1_27' title="bbox 761 2540 2347 2618">
     <span class='ocr_line' id='line_1_27' title="bbox 761 2540 2347 2618; baseline 0.009 -26"><span class='ocrx_word' id='word_1_181' title='bbox 761 2540 1120 2609; x_wconf 83' lang='lat' dir='ltr'><strong>arbitrantur,</strong></span> <span class='ocrx_word' id='word_1_182' title='bbox 1151 2557 1276 2597; x_wconf 92' lang='lat' dir='ltr'><strong>cum</strong></span> <span class='ocrx_word' id='word_1_183' title='bbox 1311 2553 1492 2602; x_wconf 88' lang='lat' dir='ltr'><strong>tamen</strong></span> <span class='ocrx_word' id='word_1_184' title='bbox 1525 2562 1619 2600; x_wconf 93' lang='lat' dir='ltr'><strong>eos</strong></span> <span class='ocrx_word' id='word_1_185' title='bbox 1648 2548 1812 2601; x_wconf 88' lang='lat' dir='ltr'><strong>etiam</strong></span> <span class='ocrx_word' id='word_1_186' title='bbox 1849 2551 1998 2618; x_wconf 85' lang='lat' dir='ltr'><strong>pueri</strong></span> <span class='ocrx_word' id='word_1_187' title='bbox 2040 2549 2347 2608; x_wconf 83' lang='lat' dir='ltr'><strong>traducant.</strong></span> 
     </span>
    </p>
   </div>
   <div class='ocr_carea' id='block_1_28' title="bbox 828 2726 2350 2802">
    <p class='ocr_par' dir='ltr' id='par_1_28' title="bbox 828 2726 2350 2802">
     <span class='ocr_line' id='line_1_28' title="bbox 828 2726 2350 2802; baseline 0.008 -20"><span class='ocrx_word' id='word_1_188' title='bbox 828 2726 1099 2782; x_wconf 53' lang='lat' dir='ltr'><strong>Caeterum</strong></span> <span class='ocrx_word' id='word_1_189' title='bbox 1163 2731 1600 2798; x_wconf 84' lang='lat' dir='ltr'><strong>quandoquidem</strong></span> <span class='ocrx_word' id='word_1_190' title='bbox 1664 2749 1692 2786; x_wconf 90' lang='lat' dir='ltr'><strong>a</strong></span> <span class='ocrx_word' id='word_1_191' title='bbox 1779 2741 2350 2802; x_wconf 78' lang='lat' dir='ltr'><strong>progymnasmatibus</strong></span> 
     </span>
    </p>
   </div>
   <div class='ocr_carea' id='block_1_29' title="bbox 760 2820 2349 2890">
    <p class='ocr_par' dir='ltr' id='par_1_29' title="bbox 760 2820 2349 2890">
     <span class='ocr_line' id='line_1_29' title="bbox 760 2820 2349 2890; baseline 0.009 -20"><span class='ocrx_word' id='word_1_192' title='bbox 760 2835 935 2890; x_wconf 84' lang='lat' dir='ltr'><strong>usque</strong></span> <span class='ocrx_word' id='word_1_193' title='bbox 962 2823 1028 2875; x_wconf 86' lang='lat' dir='ltr'><strong>ad</strong></span> <span class='ocrx_word' id='word_1_194' title='bbox 1062 2820 1338 2876; x_wconf 78' lang='lat' dir='ltr'><strong>facultatis</strong></span> <span class='ocrx_word' id='word_1_195' title='bbox 1369 2824 1686 2878; x_wconf 86' lang='lat' dir='ltr'><strong>methodum</strong></span> <span class='ocrx_word' id='word_1_196' title='bbox 1725 2839 1941 2881; x_wconf 91' lang='lat' dir='ltr'><strong>omnem</strong></span> <span class='ocrx_word' id='word_1_197' title='bbox 1976 2839 2146 2882; x_wconf 89' lang='lat' dir='ltr'><strong>artem</strong></span> <span class='ocrx_word' id='word_1_198' title='bbox 2203 2829 2349 2885; x_wconf 78' lang='lat' dir='ltr'><strong>Rhe-</strong></span> 
     </span>
    </p>
   </div>
   <div class='ocr_carea' id='block_1_30' title="bbox 761 2915 2321 2991">
    <p class='ocr_par' dir='ltr' id='par_1_30' title="bbox 761 2915 2321 2991">
     <span class='ocr_line' id='line_1_30' title="bbox 761 2915 2321 2991; baseline 0.009 -25"><span class='ocrx_word' id='word_1_199' title='bbox 761 2915 988 2970; x_wconf 82' lang='lat' dir='ltr'><strong>loricam</strong></span> <span class='ocrx_word' id='word_1_200' title='bbox 1019 2916 1427 2983; x_wconf 88' lang='lat' dir='ltr'><strong>proposuimus,</strong></span> <span class='ocrx_word' id='word_1_201' title='bbox 1464 2932 1585 2983; x_wconf 84' lang='lat' dir='ltr'><strong>age,</strong></span> <span class='ocrx_word' id='word_1_202' title='bbox 1617 2919 1782 2972; x_wconf 86' lang='lat' dir='ltr'><strong>etiam</strong></span> <span class='ocrx_word' id='word_1_203' title='bbox 1814 2922 1932 2988; x_wconf 84' lang='lat' dir='ltr'><strong>ejus</strong></span> <span class='ocrx_word' id='word_1_204' title='bbox 1967 2923 2180 2991; x_wconf 85' lang='lat' dir='ltr'><strong>aliquas</strong></span> <span class='ocrx_word' id='word_1_205' title='bbox 2241 2939 2321 2980; x_wconf 92' lang='lat' dir='ltr'><strong>tra</strong></span> 
     </span>
    </p>
   </div>
   <div class='ocr_carea' id='block_1_31' title="bbox 758 3005 2342 3088">
    <p class='ocr_par' dir='ltr' id='par_1_31' title="bbox 758 3005 2342 3088">
     <span class='ocr_line' id='line_1_31' title="bbox 758 3005 2342 3088; baseline 0.009 -31"><span class='ocrx_word' id='word_1_206' title='bbox 758 3005 952 3059; x_wconf 88' lang='lat' dir='ltr'><strong>damus</strong></span> <span class='ocrx_word' id='word_1_207' title='bbox 981 3005 1511 3069; x_wconf 86' lang='lat' dir='ltr'><strong>detlnitionesvobis,</strong></span> <span class='ocrx_word' id='word_1_208' title='bbox 1540 3009 1802 3064; x_wconf 89' lang='lat' dir='ltr'><strong>addentes</strong></span> <span class='ocrx_word' id='word_1_209' title='bbox 1820 3014 1982 3066; x_wconf 87' lang='lat' dir='ltr'><strong>simul</strong></span> <span class='ocrx_word' id='word_1_210' title='bbox 2003 3031 2172 3084; x_wconf 88' lang='lat' dir='ltr'><strong>pauca</strong></span> <span class='ocrx_word' id='word_1_211' title='bbox 2197 3034 2342 3088; x_wconf 65' lang='lat' dir='ltr'><strong>quze&#39;</strong></span> 
     </span>
    </p>
   </div>
   <div class='ocr_carea' id='block_1_32' title="bbox 2471 605 4052 689">
    <p class='ocr_par' dir='ltr' id='par_1_32' title="bbox 2471 605 4052 689">
     <span class='ocr_line' id='line_1_32' title="bbox 2471 605 4052 689; baseline 0.013 -34"><span class='ocrx_word' id='word_1_212' title='bbox 2471 605 2672 672; x_wconf 71' lang='grc' dir='ltr'><strong>λόγοις⁹</strong></span> <span class='ocrx_word' id='word_1_213' title='bbox 2707 611 2892 675; x_wconf 78' lang='grc' dir='ltr'><strong>ποίαις</strong></span> <span class='ocrx_word' id='word_1_214' title='bbox 2923 614 3111 676; x_wconf 71' lang='grc' dir='ltr'>ἰδέαις,</span> <span class='ocrx_word' id='word_1_215' title='bbox 3161 619 3220 669; x_wconf 77' lang='grc' dir='ltr'>ἐν</span> <span class='ocrx_word' id='word_1_216' title='bbox 3248 620 3387 689; x_wconf 85' lang='grc' dir='ltr'>ποίῳ</span> <span class='ocrx_word' id='word_1_217' title='bbox 3431 621 3560 673; x_wconf 71' lang='grc' dir='ltr'>εῖδει</span> <span class='ocrx_word' id='word_1_218' title='bbox 3604 621 3696 674; x_wconf 81' lang='grc' dir='ltr'>τοῦ</span> <span class='ocrx_word' id='word_1_219' title='bbox 3727 621 3909 689; x_wconf 87' lang='grc' dir='ltr'>λόγου,</span> <span class='ocrx_word' id='word_1_220' title='bbox 3958 625 4052 676; x_wconf 77' lang='grc' dir='ltr'><strong>καὶ</strong></span> 
     </span>
    </p>
   </div>
   <div class='ocr_carea' id='block_1_33' title="bbox 2469 697 4050 784">
    <p class='ocr_par' dir='ltr' id='par_1_33' title="bbox 2469 697 4050 784">
     <span class='ocr_line' id='line_1_33' title="bbox 2469 697 4050 784; baseline 0.012 -37"><span class='ocrx_word' id='word_1_221' title='bbox 2469 697 2654 760; x_wconf 81' lang='grc' dir='ltr'>ποίαις</span> <span class='ocrx_word' id='word_1_222' title='bbox 2701 700 2960 772; x_wconf 68' lang='grc' dir='ltr'>ἐννοίαις,</span> <span class='ocrx_word' id='word_1_223' title='bbox 3018 708 3286 774; x_wconf 85' lang='grc' dir='ltr'>μεθόδοις,</span> <span class='ocrx_word' id='word_1_224' title='bbox 3341 711 3541 778; x_wconf 69' lang='grc' dir='ltr'>λέξεσι,</span> <span class='ocrx_word' id='word_1_225' title='bbox 3593 715 3834 784; x_wconf 82' lang='grc' dir='ltr'>σχήμασι</span> <span class='ocrx_word' id='word_1_226' title='bbox 3869 717 3960 768; x_wconf 74' lang='grc' dir='ltr'><strong>καὶ</strong></span> <span class='ocrx_word' id='word_1_227' title='bbox 3992 719 4050 768; x_wconf 75' lang='grc' dir='ltr'>ὲν</span> 
     </span>
    </p>
   </div>
   <div class='ocr_carea' id='block_1_34' title="bbox 2471 791 4050 876">
    <p class='ocr_par' dir='ltr' id='par_1_34' title="bbox 2471 791 4050 876">
     <span class='ocr_line' id='line_1_34' title="bbox 2471 791 4050 876; baseline 0.014 -36"><span class='ocrx_word' id='word_1_228' title='bbox 2471 791 2608 858; x_wconf 86' lang='grc' dir='ltr'>ποίῳ</span> <span class='ocrx_word' id='word_1_229' title='bbox 2637 793 2695 846; x_wconf 72' lang='grc' dir='ltr'>δὲ</span> <span class='ocrx_word' id='word_1_230' title='bbox 2730 797 3009 866; x_wconf 81' lang='grc' dir='ltr'><strong>προσώπῳ</strong></span> <span class='ocrx_word' id='word_1_231' title='bbox 3056 801 3150 852; x_wconf 81' lang='grc' dir='ltr'><strong>καὶ</strong></span> <span class='ocrx_word' id='word_1_232' title='bbox 3202 802 3512 870; x_wconf 80' lang='grc' dir='ltr'><strong>πράγματι.</strong></span> <span class='ocrx_word' id='word_1_233' title='bbox 3562 807 3654 859; x_wconf 85' lang='grc' dir='ltr'>Δεί</span> <span class='ocrx_word' id='word_1_234' title='bbox 3704 807 3813 876; x_wconf 81' lang='grc' dir='ltr'><strong>γάρ</strong></span> <span class='ocrx_word' id='word_1_235' title='bbox 3847 808 4050 862; x_wconf 66' lang='grc' dir='ltr'>εἰδέναι</span> 
     </span>
    </p>
   </div>
   <div class='ocr_carea' id='block_1_35' title="bbox 2467 882 4051 968">
    <p class='ocr_par' dir='ltr' id='par_1_35' title="bbox 2467 882 4051 968">
     <span class='ocr_line' id='line_1_35' title="bbox 2467 882 4051 968; baseline 0.013 -35"><span class='ocrx_word' id='word_1_236' title='bbox 2467 882 2567 946; x_wconf 72' lang='grc' dir='ltr'><strong>τὰς</strong></span> <span class='ocrx_word' id='word_1_237' title='bbox 2614 887 2824 940; x_wconf 81' lang='grc' dir='ltr'>τούτων</span> <span class='ocrx_word' id='word_1_238' title='bbox 2855 890 3143 960; x_wconf 67' lang='grc' dir='ltr'>διαφορὰς,</span> <span class='ocrx_word' id='word_1_239' title='bbox 3183 899 3279 947; x_wconf 81' lang='grc' dir='ltr'><strong>καὶ</strong></span> <span class='ocrx_word' id='word_1_240' title='bbox 3335 901 3637 965; x_wconf 81' lang='grc' dir='ltr'>προσφυεῖς</span> <span class='ocrx_word' id='word_1_241' title='bbox 3684 900 3813 960; x_wconf 81' lang='grc' dir='ltr'>τοὺς</span> <span class='ocrx_word' id='word_1_242' title='bbox 3858 901 4051 968; x_wconf 84' lang='grc' dir='ltr'>λόγους</span> 
     </span>
    </p>
   </div>
   <div class='ocr_carea' id='block_1_36' title="bbox 2469 976 4051 1060">
    <p class='ocr_par' dir='ltr' id='par_1_36' title="bbox 2469 976 4051 1060">
     <span class='ocr_line' id='line_1_36' title="bbox 2469 976 4051 1060; baseline 0.011 -34"><span class='ocrx_word' id='word_1_243' title='bbox 2469 976 2734 1043; x_wconf 82' lang='grc' dir='ltr'>εἰσάγειν.</span> <span class='ocrx_word' id='word_1_244' title='bbox 2769 979 2959 1036; x_wconf 82' lang='grc' dir='ltr'>Ταῦτα</span> <span class='ocrx_word' id='word_1_245' title='bbox 2991 984 3267 1039; x_wconf 78' lang='grc' dir='ltr'>διδάσκειν</span> <span class='ocrx_word' id='word_1_246' title='bbox 3300 987 3457 1050; x_wconf 87' lang='grc' dir='ltr'>είδὼς</span> <span class='ocrx_word' id='word_1_247' title='bbox 3485 990 3730 1054; x_wconf 80' lang='grc' dir='ltr'>άκριὸῶς</span> <span class='ocrx_word' id='word_1_248' title='bbox 3764 991 4051 1060; x_wconf 82' lang='grc' dir='ltr'>προοίμιον</span> 
     </span>
    </p>
   </div>
   <div class='ocr_carea' id='block_1_37' title="bbox 2467 1068 4046 1148">
    <p class='ocr_par' dir='ltr' id='par_1_37' title="bbox 2467 1068 4046 1148">
     <span class='ocr_line' id='line_1_37' title="bbox 2467 1068 4046 1148; baseline 0.012 -30"><span class='ocrx_word' id='word_1_249' title='bbox 2467 1068 2580 1132; x_wconf 81' lang='grc' dir='ltr'>ὅτε,</span> <span class='ocrx_word' id='word_1_250' title='bbox 2621 1071 2714 1123; x_wconf 73' lang='grc' dir='ltr'><strong>καὶ</strong></span> <span class='ocrx_word' id='word_1_251' title='bbox 2748 1072 2906 1138; x_wconf 80' lang='grc' dir='ltr'>ὅπου,</span> <span class='ocrx_word' id='word_1_252' title='bbox 2961 1081 3056 1130; x_wconf 81' lang='grc' dir='ltr'><strong>κα).</strong></span> <span class='ocrx_word' id='word_1_253' title='bbox 3103 1080 3273 1143; x_wconf 87' lang='grc' dir='ltr'>ὅπως,</span> <span class='ocrx_word' id='word_1_254' title='bbox 3327 1079 3422 1134; x_wconf 78' lang='grc' dir='ltr'><strong>κα).</strong></span> <span class='ocrx_word' id='word_1_255' title='bbox 3470 1077 3582 1136; x_wconf 70' lang='grc' dir='ltr'>οἷον</span> <span class='ocrx_word' id='word_1_256' title='bbox 3609 1083 3858 1136; x_wconf 87' lang='grc' dir='ltr'>τίθεσθαι</span> <span class='ocrx_word' id='word_1_257' title='bbox 3907 1084 4046 1148; x_wconf 85' lang='grc' dir='ltr'>δέον,</span> 
     </span>
    </p>
   </div>
   <div class='ocr_carea' id='block_1_38' title="bbox 2468 1164 4050 1240">
    <p class='ocr_par' dir='ltr' id='par_1_38' title="bbox 2468 1164 4050 1240">
     <span class='ocr_line' id='line_1_38' title="bbox 2468 1164 4050 1240; baseline 0.01 -27"><span class='ocrx_word' id='word_1_258' title='bbox 2468 1164 2564 1216; x_wconf 79' lang='grc' dir='ltr'><strong>καὶ</strong></span> <span class='ocrx_word' id='word_1_259' title='bbox 2597 1166 2794 1234; x_wconf 82' lang='grc' dir='ltr'><strong>μέχρις</strong></span> <span class='ocrx_word' id='word_1_260' title='bbox 2822 1168 2957 1222; x_wconf 82' lang='grc' dir='ltr'>ὅπου</span> <span class='ocrx_word' id='word_1_261' title='bbox 2984 1171 3103 1223; x_wconf 86' lang='grc' dir='ltr'>δέον</span> <span class='ocrx_word' id='word_1_262' title='bbox 3153 1172 3544 1240; x_wconf 78' lang='grc' dir='ltr'>πλατύνεσθαι,</span> <span class='ocrx_word' id='word_1_263' title='bbox 3579 1179 3676 1230; x_wconf 81' lang='grc' dir='ltr'><strong>καὶ</strong></span> <span class='ocrx_word' id='word_1_264' title='bbox 3716 1176 3778 1229; x_wconf 80' lang='grc' dir='ltr'><strong>οὗ</strong></span> <span class='ocrx_word' id='word_1_265' title='bbox 3816 1177 3916 1240; x_wconf 72' lang='grc' dir='ltr'>ἑνὶ,</span> <span class='ocrx_word' id='word_1_266' title='bbox 3953 1178 4050 1229; x_wconf 77' lang='grc' dir='ltr'><strong>καὶ</strong></span> 
     </span>
    </p>
   </div>
   <div class='ocr_carea' id='block_1_39' title="bbox 2464 1252 4048 1338">
    <p class='ocr_par' dir='ltr' id='par_1_39' title="bbox 2464 1252 4048 1338">
     <span class='ocr_line' id='line_1_39' title="bbox 2464 1252 4048 1338; baseline 0.01 -35"><span class='ocrx_word' id='word_1_267' title='bbox 2464 1252 2585 1307; x_wconf 74' lang='grc' dir='ltr'>δυσὶ</span> <span class='ocrx_word' id='word_1_268' title='bbox 2625 1257 2760 1325; x_wconf 86' lang='grc'><strong>(40),</strong></span> <span class='ocrx_word' id='word_1_269' title='bbox 2794 1261 2885 1312; x_wconf 81' lang='grc' dir='ltr'>καὶ</span> <span class='ocrx_word' id='word_1_270' title='bbox 2916 1262 3128 1314; x_wconf 73' lang='grc' dir='ltr'>πλείοσι</span> <span class='ocrx_word' id='word_1_271' title='bbox 3163 1266 3469 1333; x_wconf 87' lang='grc' dir='ltr'>προοιμίοις</span> <span class='ocrx_word' id='word_1_272' title='bbox 3519 1270 3810 1338; x_wconf 68' lang='grc' dir='ltr'>χρηστέον,</span> <span class='ocrx_word' id='word_1_273' title='bbox 3854 1270 3947 1320; x_wconf 79' lang='grc' dir='ltr'><strong>καὶ</strong></span> <span class='ocrx_word' id='word_1_274' title='bbox 3985 1259 4048 1320; x_wconf 75' lang='grc' dir='ltr'><strong>οὗ</strong></span> 
     </span>
    </p>
   </div>
   <div class='ocr_carea' id='block_1_40' title="bbox 2470 1347 4044 1428">
    <p class='ocr_par' dir='ltr' id='par_1_40' title="bbox 2470 1347 4044 1428">
     <span class='ocr_line' id='line_1_40' title="bbox 2470 1347 4044 1428; baseline 0.011 -31"><span class='ocrx_word' id='word_1_275' title='bbox 2470 1347 2760 1417; x_wconf 82' lang='grc' dir='ltr'>μηδαμῶς,</span> <span class='ocrx_word' id='word_1_276' title='bbox 2789 1353 2882 1405; x_wconf 78' lang='grc' dir='ltr'><strong>καὶ</strong></span> <span class='ocrx_word' id='word_1_277' title='bbox 2911 1349 2971 1408; x_wconf 80' lang='grc' dir='ltr'><strong>οὗ</strong></span> <span class='ocrx_word' id='word_1_278' title='bbox 2990 1355 3168 1424; x_wconf 84' lang='grc' dir='ltr'>χρεὼν</span> <span class='ocrx_word' id='word_1_279' title='bbox 3189 1359 3426 1427; x_wconf 80' lang='grc' dir='ltr'>χρῆσθαι</span> <span class='ocrx_word' id='word_1_280' title='bbox 3447 1361 3890 1428; x_wconf 76' lang='grc' dir='ltr'>προκαταστάσει</span> <span class='ocrx_word' id='word_1_281' title='bbox 3911 1361 4044 1427; x_wconf 79' lang='grc'><strong>(41).</strong></span> 
     </span>
    </p>
   </div>
   <div class='ocr_carea' id='block_1_41' title="bbox 2467 1437 4045 1520">
    <p class='ocr_par' dir='ltr' id='par_1_41' title="bbox 2467 1437 4045 1520">
     <span class='ocr_line' id='line_1_41' title="bbox 2467 1437 4045 1520; baseline 0.01 -31"><span class='ocrx_word' id='word_1_282' title='bbox 2467 1437 2563 1489; x_wconf 71' lang='grc' dir='ltr'><strong>καὶ</strong></span> <span class='ocrx_word' id='word_1_283' title='bbox 2593 1439 2866 1506; x_wconf 80' lang='grc' dir='ltr'>διηγήσει,</span> <span class='ocrx_word' id='word_1_284' title='bbox 2899 1447 2992 1497; x_wconf 79' lang='grc' dir='ltr'><strong>καὶ</strong></span> <span class='ocrx_word' id='word_1_285' title='bbox 3020 1439 3083 1498; x_wconf 75' lang='grc' dir='ltr'><strong>οὗ</strong></span> <span class='ocrx_word' id='word_1_286' title='bbox 3117 1447 3190 1514; x_wconf 82' lang='grc' dir='ltr'>μὴ</span> <span class='ocrx_word' id='word_1_287' title='bbox 3241 1449 3405 1517; x_wconf 82' lang='grc' dir='ltr'>μόνον</span> <span class='ocrx_word' id='word_1_288' title='bbox 3431 1451 3493 1502; x_wconf 85' lang='grc' dir='ltr'>οὐ</span> <span class='ocrx_word' id='word_1_289' title='bbox 3523 1451 3881 1504; x_wconf 84' lang='grc' dir='ltr'>διασκευάσαι</span> <span class='ocrx_word' id='word_1_290' title='bbox 3909 1449 4045 1520; x_wconf 69' lang='grc'><strong>(42).</strong></span> 
     </span>
    </p>
   </div>
   <div class='ocr_carea' id='block_1_42' title="bbox 2469 1531 4046 1611">
    <p class='ocr_par' dir='ltr' id='par_1_42' title="bbox 2469 1531 4046 1611">
     <span class='ocr_line' id='line_1_42' title="bbox 2469 1531 4046 1611; baseline 0.007 -29"><span class='ocrx_word' id='word_1_291' title='bbox 2469 1531 2606 1584; x_wconf 76' lang='grc' dir='ltr'>ἀλλὰ</span> <span class='ocrx_word' id='word_1_292' title='bbox 2661 1534 2797 1600; x_wconf 70' lang='grc' dir='ltr'>μηδὲ</span> <span class='ocrx_word' id='word_1_293' title='bbox 2844 1536 3211 1605; x_wconf 87' lang='grc' dir='ltr'>διηγήσασθαι</span> <span class='ocrx_word' id='word_1_294' title='bbox 3249 1541 3403 1608; x_wconf 74' lang='grc'><strong>(45)’</strong></span> <span class='ocrx_word' id='word_1_295' title='bbox 3459 1543 3790 1611; x_wconf 81' lang='grc' dir='ltr'>παραλείψει</span> <span class='ocrx_word' id='word_1_296' title='bbox 3843 1543 3898 1594; x_wconf 77' lang='grc' dir='ltr'>δὲ</span> <span class='ocrx_word' id='word_1_297' title='bbox 3949 1543 4046 1595; x_wconf 82' lang='grc' dir='ltr'><strong>καὶ</strong></span> 
     </span>
    </p>
   </div>
   <div class='ocr_carea' id='block_1_43' title="bbox 2467 1625 4045 1702">
    <p class='ocr_par' dir='ltr' id='par_1_43' title="bbox 2467 1625 4045 1702">
     <span class='ocr_line' id='line_1_43' title="bbox 2467 1625 4045 1702; baseline 0.006 -27"><span class='ocrx_word' id='word_1_298' title='bbox 2467 1625 2850 1694; x_wconf 85' lang='grc' dir='ltr'>ἀποσιωπήσει</span> <span class='ocrx_word' id='word_1_299' title='bbox 2909 1631 3090 1700; x_wconf 79' lang='grc' dir='ltr'>τελείᾳ</span> <span class='ocrx_word' id='word_1_300' title='bbox 3143 1633 3529 1702; x_wconf 79' lang='grc' dir='ltr'>παραδραμεῖν</span> <span class='ocrx_word' id='word_1_301' title='bbox 3589 1636 3696 1688; x_wconf 66' lang='grc' dir='ltr'>κᾶν</span> <span class='ocrx_word' id='word_1_302' title='bbox 3746 1637 3774 1688; x_wconf 89' lang='grc' dir='ltr'><strong>ό</strong></span> <span class='ocrx_word' id='word_1_303' title='bbox 3833 1636 4045 1701; x_wconf 77' lang='grc' dir='ltr'>γεωμέ-</span> 
     </span>
    </p>
   </div>
   <div class='ocr_carea' id='block_1_44' title="bbox 2467 1715 4041 1794">
    <p class='ocr_par' dir='ltr' id='par_1_44' title="bbox 2467 1715 4041 1794">
     <span class='ocr_line' id='line_1_44' title="bbox 2467 1715 4041 1794; baseline -0.003 -15"><span class='ocrx_word' id='word_1_304' title='bbox 2467 1734 2603 1786; x_wconf 78' lang='grc' dir='ltr'>τρης</span> <span class='ocrx_word' id='word_1_305' title='bbox 2638 1719 2751 1789; x_wconf 83' lang='grc'><strong>(44)</strong></span> <span class='ocrx_word' id='word_1_306' title='bbox 2805 1722 2864 1785; x_wconf 61' lang='grc' dir='ltr'><strong>ἕξ</strong></span> <span class='ocrx_word' id='word_1_307' title='bbox 2911 1715 2987 1773; x_wconf 83' lang='grc' dir='ltr'>ὧν</span> <span class='ocrx_word' id='word_1_308' title='bbox 3036 1725 3178 1777; x_wconf 82' lang='grc' dir='ltr'>κατὰ</span> <span class='ocrx_word' id='word_1_309' title='bbox 3207 1724 3300 1777; x_wconf 82' lang='grc' dir='ltr'>τοῦ</span> <span class='ocrx_word' id='word_1_310' title='bbox 3347 1725 3594 1794; x_wconf 81' lang='grc' dir='ltr'>Σάρδεων</span> <span class='ocrx_word' id='word_1_311' title='bbox 3635 1726 3835 1793; x_wconf 85' lang='grc' dir='ltr'>γράφει</span> <span class='ocrx_word' id='word_1_312' title='bbox 3871 1726 4041 1793; x_wconf 68' lang='grc' dir='ltr'>ἐφάνη</span> 
     </span>
    </p>
   </div>
   <div class='ocr_carea' id='block_1_45' title="bbox 2466 1807 4042 1883">
    <p class='ocr_par' dir='ltr' id='par_1_45' title="bbox 2466 1807 4042 1883">
     <span class='ocr_line' id='line_1_45' title="bbox 2466 1807 4042 1883; baseline 0.012 -25"><span class='ocrx_word' id='word_1_313' title='bbox 2466 1807 2624 1860; x_wconf 83' lang='grc' dir='ltr'>τοῦτο</span> <span class='ocrx_word' id='word_1_314' title='bbox 2673 1811 2774 1862; x_wconf 81' lang='grc' dir='ltr'><strong>οὐκ</strong></span> <span class='ocrx_word' id='word_1_315' title='bbox 2832 1813 3108 1878; x_wconf 77' lang='grc' dir='ltr'>ἐγνωκὼς,</span> <span class='ocrx_word' id='word_1_316' title='bbox 3147 1816 3240 1867; x_wconf 81' lang='grc' dir='ltr'><strong>κα).</strong></span> <span class='ocrx_word' id='word_1_317' title='bbox 3287 1815 3472 1875; x_wconf 77' lang='grc' dir='ltr'>λοιπὸς</span> <span class='ocrx_word' id='word_1_318' title='bbox 3505 1815 3663 1876; x_wconf 75' lang='grc' dir='ltr'>ἄλλος</span> <span class='ocrx_word' id='word_1_319' title='bbox 3724 1814 3837 1882; x_wconf 83' lang='grc'><strong>(45)</strong></span> <span class='ocrx_word' id='word_1_320' title='bbox 3883 1815 4042 1883; x_wconf 70' lang='grc' dir='ltr'>χορὸς</span> 
     </span>
    </p>
   </div>
   <div class='ocr_carea' id='block_1_46' title="bbox 2459 1901 4043 1974">
    <p class='ocr_par' dir='ltr' id='par_1_46' title="bbox 2459 1901 4043 1974">
     <span class='ocr_line' id='line_1_46' title="bbox 2459 1901 4043 1974; baseline 0.004 -23"><span class='ocrx_word' id='word_1_321' title='bbox 2459 1901 2707 1968; x_wconf 77' lang='grc' dir='ltr'>ρητόρων</span> <span class='ocrx_word' id='word_1_322' title='bbox 2737 1901 3048 1971; x_wconf 82' lang='grc' dir='ltr'>διωνύμως.</span> <span class='ocrx_word' id='word_1_323' title='bbox 3083 1907 3225 1974; x_wconf 82' lang='grc' dir='ltr'>Πρὸς</span> <span class='ocrx_word' id='word_1_324' title='bbox 3257 1908 3470 1970; x_wconf 78' lang='grc' dir='ltr'>τούτοις</span> <span class='ocrx_word' id='word_1_325' title='bbox 3499 1909 3592 1959; x_wconf 81' lang='grc' dir='ltr'>καὶ</span> <span class='ocrx_word' id='word_1_326' title='bbox 3638 1909 3700 1960; x_wconf 84' lang='grc' dir='ltr'>οὐ</span> <span class='ocrx_word' id='word_1_327' title='bbox 3744 1908 3863 1960; x_wconf 88' lang='grc' dir='ltr'>δέον</span> <span class='ocrx_word' id='word_1_328' title='bbox 3892 1909 4043 1958; x_wconf 70' lang='grc' dir='ltr'>ἐστὶν</span> 
     </span>
    </p>
   </div>
   <div class='ocr_carea' id='block_1_47' title="bbox 2457 1993 4040 2068">
    <p class='ocr_par' dir='ltr' id='par_1_47' title="bbox 2457 1993 4040 2068">
     <span class='ocr_line' id='line_1_47' title="bbox 2457 1993 4040 2068; baseline 0.006 -24"><span class='ocrx_word' id='word_1_329' title='bbox 2457 1994 2851 2058; x_wconf 85' lang='grc' dir='ltr'>ἀγωνίσασθαι,</span> <span class='ocrx_word' id='word_1_330' title='bbox 2893 1997 2988 2049; x_wconf 76' lang='grc' dir='ltr'><strong>καὶ</strong></span> <span class='ocrx_word' id='word_1_331' title='bbox 3037 1998 3186 2060; x_wconf 76' lang='grc' dir='ltr'>ὅπως</span> <span class='ocrx_word' id='word_1_332' title='bbox 3239 2000 3332 2052; x_wconf 68' lang='grc' dir='ltr'><strong>καὶ</strong></span> <span class='ocrx_word' id='word_1_333' title='bbox 3393 2000 3554 2068; x_wconf 77' lang='grc' dir='ltr'>μέχρι</span> <span class='ocrx_word' id='word_1_334' title='bbox 3607 2001 3797 2066; x_wconf 88' lang='grc' dir='ltr'>πόσου,</span> <span class='ocrx_word' id='word_1_335' title='bbox 3850 2002 3946 2054; x_wconf 74' lang='grc' dir='ltr'><strong>καὶ</strong></span> <span class='ocrx_word' id='word_1_336' title='bbox 3978 1993 4040 2053; x_wconf 76' lang='grc' dir='ltr'><strong>οὗ</strong></span> 
     </span>
    </p>
   </div>
   <div class='ocr_carea' id='block_1_48' title="bbox 2460 2085 4040 2159">
    <p class='ocr_par' dir='ltr' id='par_1_48' title="bbox 2460 2085 4040 2159">
     <span class='ocr_line' id='line_1_48' title="bbox 2460 2085 4040 2159; baseline 0.006 -24"><span class='ocrx_word' id='word_1_337' title='bbox 2460 2085 2728 2152; x_wconf 83' lang='grc' dir='ltr'>μηδαμῶς</span> <span class='ocrx_word' id='word_1_338' title='bbox 2759 2087 2896 2152; x_wconf 88' lang='grc'><strong>(46),</strong></span> <span class='ocrx_word' id='word_1_339' title='bbox 2930 2089 3024 2141; x_wconf 77' lang='grc' dir='ltr'><strong>καὶ</strong></span> <span class='ocrx_word' id='word_1_340' title='bbox 3074 2089 3136 2142; x_wconf 85' lang='grc' dir='ltr'><strong>οὗ</strong></span> <span class='ocrx_word' id='word_1_341' title='bbox 3182 2092 3257 2159; x_wconf 83' lang='grc' dir='ltr'>μὴ</span> <span class='ocrx_word' id='word_1_342' title='bbox 3302 2091 3736 2159; x_wconf 80' lang='grc' dir='ltr'>ἐπιλογίσασθαι,</span> <span class='ocrx_word' id='word_1_343' title='bbox 3770 2095 3864 2146; x_wconf 73' lang='grc' dir='ltr'><strong>καὶ</strong></span> <span class='ocrx_word' id='word_1_344' title='bbox 3905 2093 4040 2152; x_wconf 81' lang='grc' dir='ltr'>οἵοις</span> 
     </span>
    </p>
   </div>
   <div class='ocr_carea' id='block_1_49' title="bbox 2459 2178 4036 2254">
    <p class='ocr_par' dir='ltr' id='par_1_49' title="bbox 2459 2178 4036 2254">
     <span class='ocr_line' id='line_1_49' title="bbox 2459 2178 4036 2254; baseline 0.005 -26"><span class='ocrx_word' id='word_1_345' title='bbox 2459 2178 2739 2246; x_wconf 82' lang='grc' dir='ltr'>σχήμασιν</span> <span class='ocrx_word' id='word_1_346' title='bbox 2765 2180 2824 2230; x_wconf 82' lang='grc' dir='ltr'>ὲν</span> <span class='ocrx_word' id='word_1_347' title='bbox 2849 2180 2948 2248; x_wconf 81' lang='grc' dir='ltr'><strong>οἵῳ</strong></span> <span class='ocrx_word' id='word_1_348' title='bbox 2976 2180 3110 2233; x_wconf 83' lang='grc' dir='ltr'>είδει</span> <span class='ocrx_word' id='word_1_349' title='bbox 3142 2183 3235 2234; x_wconf 78' lang='grc' dir='ltr'><strong>κα).</strong></span> <span class='ocrx_word' id='word_1_350' title='bbox 3270 2183 3428 2251; x_wconf 70' lang='grc' dir='ltr'>μέρει</span> <span class='ocrx_word' id='word_1_351' title='bbox 3457 2184 3548 2236; x_wconf 74' lang='grc' dir='ltr'>τοῦ</span> <span class='ocrx_word' id='word_1_352' title='bbox 3592 2184 3754 2250; x_wconf 76' lang='grc' dir='ltr'>λόγου</span> <span class='ocrx_word' id='word_1_353' title='bbox 3799 2185 4036 2254; x_wconf 81' lang='grc' dir='ltr'>χρῆσθαι</span> 
     </span>
    </p>
   </div>
   <div class='ocr_carea' id='block_1_50' title="bbox 2458 2271 4035 2346">
    <p class='ocr_par' dir='ltr' id='par_1_50' title="bbox 2458 2271 4035 2346">
     <span class='ocr_line' id='line_1_50' title="bbox 2458 2271 4035 2346; baseline 0.004 -24"><span class='ocrx_word' id='word_1_354' title='bbox 2458 2271 2657 2338; x_wconf 78' lang='grc' dir='ltr'>χρεὼν,</span> <span class='ocrx_word' id='word_1_355' title='bbox 2709 2272 2866 2335; x_wconf 78' lang='grc' dir='ltr'>εἰδὼς</span> <span class='ocrx_word' id='word_1_356' title='bbox 2909 2274 3156 2340; x_wconf 75' lang='grc' dir='ltr'>ἀκριϐῶς</span> <span class='ocrx_word' id='word_1_357' title='bbox 3185 2276 3271 2328; x_wconf 80' lang='grc' dir='ltr'><strong>διὰ</strong></span> <span class='ocrx_word' id='word_1_358' title='bbox 3303 2278 3430 2338; x_wconf 78' lang='grc' dir='ltr'>τοὺς</span> <span class='ocrx_word' id='word_1_359' title='bbox 3457 2279 3888 2346; x_wconf 70' lang='grc' dir='ltr'>ψευδορήτορας,</span> <span class='ocrx_word' id='word_1_360' title='bbox 3939 2276 4035 2329; x_wconf 84' lang='grc' dir='ltr'>νῦν</span> 
     </span>
    </p>
   </div>
   <div class='ocr_carea' id='block_1_51' title="bbox 2454 2363 4032 2436">
    <p class='ocr_par' dir='ltr' id='par_1_51' title="bbox 2454 2363 4032 2436">
     <span class='ocr_line' id='line_1_51' title="bbox 2454 2363 4032 2436; baseline 0.006 -23"><span class='ocrx_word' id='word_1_361' title='bbox 2454 2363 2554 2414; x_wconf 82' lang='grc' dir='ltr'><strong>οὐκ</strong></span> <span class='ocrx_word' id='word_1_362' title='bbox 2585 2364 2694 2433; x_wconf 78' lang='grc' dir='ltr'>ἐρῶ</span> <span class='ocrx_word' id='word_1_363' title='bbox 2727 2364 2794 2415; x_wconf 85' lang='grc' dir='ltr'>τὰ</span> <span class='ocrx_word' id='word_1_364' title='bbox 2841 2365 3076 2434; x_wconf 81' lang='grc' dir='ltr'>ἀγοραῖα</span> <span class='ocrx_word' id='word_1_365' title='bbox 3124 2367 3454 2434; x_wconf 81' lang='grc' dir='ltr'>καθάρματα</span> <span class='ocrx_word' id='word_1_366' title='bbox 3484 2369 3620 2436; x_wconf 77' lang='grc'><strong>(47),</strong></span> <span class='ocrx_word' id='word_1_367' title='bbox 3647 2371 3772 2432; x_wconf 80' lang='grc' dir='ltr'>τοὺς</span> <span class='ocrx_word' id='word_1_368' title='bbox 3813 2387 4032 2422; x_wconf 78' lang='grc' dir='ltr'>κατειοο</span> 
     </span>
    </p>
   </div>
   <div class='ocr_carea' id='block_1_52' title="bbox 2459 2448 4036 2529">
    <p class='ocr_par' dir='ltr' id='par_1_52' title="bbox 2459 2448 4036 2529">
     <span class='ocr_line' id='line_1_52' title="bbox 2459 2448 4036 2529; baseline 0.004 -23"><span class='ocrx_word' id='word_1_369' title='bbox 2459 2457 2653 2522; x_wconf 80' lang='grc' dir='ltr'>μένους</span> <span class='ocrx_word' id='word_1_370' title='bbox 2689 2459 2782 2507; x_wconf 73' lang='grc' dir='ltr'><strong>καὶ</strong></span> <span class='ocrx_word' id='word_1_371' title='bbox 2817 2456 3125 2528; x_wconf 80' lang='grc' dir='ltr'>βδελυροὺς,</span> <span class='ocrx_word' id='word_1_372' title='bbox 3152 2459 3202 2509; x_wconf 81' lang='grc' dir='ltr'>οἳ</span> <span class='ocrx_word' id='word_1_373' title='bbox 3257 2461 3350 2512; x_wconf 75' lang='grc' dir='ltr'><strong>καὶ</strong></span> <span class='ocrx_word' id='word_1_374' title='bbox 3383 2460 3475 2512; x_wconf 81' lang='grc' dir='ltr'>τοῦ</span> <span class='ocrx_word' id='word_1_375' title='bbox 3524 2448 3744 2529; x_wconf 76' lang='grc' dir='ltr'>αἰθέρος</span> <span class='ocrx_word' id='word_1_376' title='bbox 3772 2461 3887 2527; x_wconf 82' lang='grc'><strong>(43)</strong></span> <span class='ocrx_word' id='word_1_377' title='bbox 3935 2462 4036 2513; x_wconf 84' lang='grc' dir='ltr'><strong>αὐ-</strong></span> 
     </span>
    </p>
   </div>
   <div class='ocr_carea' id='block_1_53' title="bbox 2456 2547 4036 2622">
    <p class='ocr_par' dir='ltr' id='par_1_53' title="bbox 2456 2547 4036 2622">
     <span class='ocr_line' id='line_1_53' title="bbox 2456 2547 4036 2622; baseline 0.006 -24"><span class='ocrx_word' id='word_1_378' title='bbox 2456 2549 2580 2608; x_wconf 80' lang='grc' dir='ltr'>τοὺς</span> <span class='ocrx_word' id='word_1_379' title='bbox 2613 2549 2953 2616; x_wconf 82' lang='grc' dir='ltr'>ὑπερτέρους</span> <span class='ocrx_word' id='word_1_380' title='bbox 2985 2547 3124 2602; x_wconf 76' lang='grc' dir='ltr'>εἶναι</span> <span class='ocrx_word' id='word_1_381' title='bbox 3157 2552 3456 2619; x_wconf 81' lang='grc' dir='ltr'>νομίζουσι,</span> <span class='ocrx_word' id='word_1_382' title='bbox 3493 2552 3898 2622; x_wconf 84' lang='grc' dir='ltr'>μειρακυλλίοις</span> <span class='ocrx_word' id='word_1_383' title='bbox 3924 2553 4036 2622; x_wconf 86' lang='grc'><strong>(49)</strong></span> 
     </span>
    </p>
   </div>
   <div class='ocr_carea' id='block_1_54' title="bbox 2455 2641 3295 2712">
    <p class='ocr_par' dir='ltr' id='par_1_54' title="bbox 2455 2641 3295 2712">
     <span class='ocr_line' id='line_1_54' title="bbox 2455 2641 3295 2712; baseline 0.005 -20"><span class='ocrx_word' id='word_1_384' title='bbox 2455 2641 2596 2705; x_wconf 73' lang='grc' dir='ltr'>ἁμού</span> <span class='ocrx_word' id='word_1_385' title='bbox 2608 2659 2712 2700; x_wconf 76' lang='grc' dir='ltr'>σοις</span> <span class='ocrx_word' id='word_1_386' title='bbox 2749 2643 2908 2711; x_wconf 86' lang='grc' dir='ltr'>περιο</span> <span class='ocrx_word' id='word_1_387' title='bbox 2920 2643 3114 2710; x_wconf 81' lang='grc' dir='ltr'>ρυλλού</span> <span class='ocrx_word' id='word_1_388' title='bbox 3124 2662 3295 2712; x_wconf 83' lang='grc' dir='ltr'>μενοι.</span> 
     </span>
    </p>
   </div>
   <div class='ocr_carea' id='block_1_55' title="bbox 2539 2733 4035 2807">
    <p class='ocr_par' dir='ltr' id='par_1_55' title="bbox 2539 2733 4035 2807">
     <span class='ocr_line' id='line_1_55' title="bbox 2539 2733 4035 2807; baseline 0.003 -21"><span class='ocrx_word' id='word_1_389' title='bbox 2539 2733 2677 2786; x_wconf 76' lang='grc' dir='ltr'>Ἀλλ’</span> <span class='ocrx_word' id='word_1_390' title='bbox 2705 2738 2766 2786; x_wconf 75' lang='grc' dir='ltr'><strong>ἐκ</strong></span> <span class='ocrx_word' id='word_1_391' title='bbox 2791 2737 3312 2803; x_wconf 85' lang='grc' dir='ltr'>προγυμνασμάτων</span> <span class='ocrx_word' id='word_1_392' title='bbox 3335 2735 3451 2802; x_wconf 81' lang='grc'><strong>(50)</strong></span> <span class='ocrx_word' id='word_1_393' title='bbox 3485 2736 3646 2806; x_wconf 74' lang='grc' dir='ltr'>μέχρι</span> <span class='ocrx_word' id='word_1_394' title='bbox 3670 2739 3764 2789; x_wconf 68' lang='grc' dir='ltr'><strong>καὶ</strong></span> <span class='ocrx_word' id='word_1_395' title='bbox 3784 2739 3878 2806; x_wconf 81' lang='grc' dir='ltr'>τῆς</span> <span class='ocrx_word' id='word_1_396' title='bbox 3905 2738 4035 2807; x_wconf 77' lang='grc' dir='ltr'>περὶ</span> 
     </span>
    </p>
   </div>
   <div class='ocr_carea' id='block_1_56' title="bbox 2459 2826 4032 2899">
    <p class='ocr_par' dir='ltr' id='par_1_56' title="bbox 2459 2826 4032 2899">
     <span class='ocr_line' id='line_1_56' title="bbox 2459 2826 4032 2899; baseline 0.004 -22"><span class='ocrx_word' id='word_1_397' title='bbox 2459 2826 2684 2893; x_wconf 79' lang='grc' dir='ltr'>μεθόδου</span> <span class='ocrx_word' id='word_1_398' title='bbox 2713 2827 3017 2897; x_wconf 81' lang='grc' dir='ltr'>δεινότητος</span> <span class='ocrx_word' id='word_1_399' title='bbox 3063 2827 3159 2897; x_wconf 80' lang='grc' dir='ltr'>τὴν</span> <span class='ocrx_word' id='word_1_400' title='bbox 3193 2830 3378 2881; x_wconf 77' lang='grc' dir='ltr'>πᾶσαν</span> <span class='ocrx_word' id='word_1_401' title='bbox 3412 2833 3712 2899; x_wconf 77' lang='grc' dir='ltr'>ῥητορικὴν</span> <span class='ocrx_word' id='word_1_402' title='bbox 3760 2831 4032 2898; x_wconf 74' lang='grc' dir='ltr'>προϐιϐά-</span> 
     </span>
    </p>
   </div>
   <div class='ocr_carea' id='block_1_57' title="bbox 2457 2903 4033 2991">
    <p class='ocr_par' dir='ltr' id='par_1_57' title="bbox 2457 2903 4033 2991">
     <span class='ocr_line' id='line_1_57' title="bbox 2457 2903 4033 2991; baseline 0.003 -21"><span class='ocrx_word' id='word_1_403' title='bbox 2457 2936 2648 2978; x_wconf 60' lang='lat' dir='ltr'><strong>cavea-1;</strong></span> <span class='ocrx_word' id='word_1_404' title='bbox 2693 2918 2946 2986; x_wconf 81' lang='grc' dir='ltr'>δύναμιν,</span> <span class='ocrx_word' id='word_1_405' title='bbox 2982 2903 3117 2989; x_wconf 77' lang='grc' dir='ltr'>φέρε</span> <span class='ocrx_word' id='word_1_406' title='bbox 3167 2924 3260 2973; x_wconf 77' lang='grc' dir='ltr'>καὶ</span> <span class='ocrx_word' id='word_1_407' title='bbox 3309 2922 3514 2974; x_wconf 83' lang='grc' dir='ltr'>τούτων</span> <span class='ocrx_word' id='word_1_408' title='bbox 3569 2923 3715 2984; x_wconf 70' lang='grc' dir='ltr'>τινδς</span> <span class='ocrx_word' id='word_1_409' title='bbox 3766 2924 4033 2991; x_wconf 70' lang='grc' dir='ltr'>ὁρισμοὺς</span> 
     </span>
    </p>
   </div>
   <div class='ocr_carea' id='block_1_58' title="bbox 2457 3011 4035 3084">
    <p class='ocr_par' dir='ltr' id='par_1_58' title="bbox 2457 3011 4035 3084">
     <span class='ocr_line' id='line_1_58' title="bbox 2457 3011 4035 3084; baseline 0.003 -22"><span class='ocrx_word' id='word_1_410' title='bbox 2457 3011 2585 3077; x_wconf 82' lang='grc' dir='ltr'>ὑμῖν</span> <span class='ocrx_word' id='word_1_411' title='bbox 2624 3012 2980 3081; x_wconf 83' lang='grc' dir='ltr'>παραδόντες,</span> <span class='ocrx_word' id='word_1_412' title='bbox 3011 3014 3104 3065; x_wconf 73' lang='grc' dir='ltr'>καί</span> <span class='ocrx_word' id='word_1_413' title='bbox 3138 3031 3259 3066; x_wconf 83' lang='grc' dir='ltr'>τινα</span> <span class='ocrx_word' id='word_1_414' title='bbox 3293 3013 3478 3084; x_wconf 71' lang='grc' dir='ltr'>ἕτερα,</span> <span class='ocrx_word' id='word_1_415' title='bbox 3508 3015 3717 3084; x_wconf 79' lang='grc' dir='ltr'>βραχέα</span> <span class='ocrx_word' id='word_1_416' title='bbox 3748 3015 3884 3083; x_wconf 72' lang='grc' dir='ltr'>πρδς</span> <span class='ocrx_word' id='word_1_417' title='bbox 3915 3017 4035 3067; x_wconf 89' lang='grc' dir='ltr'>τού-</span> 
     </span>
    </p>
   </div>
   <div class='ocr_carea' id='block_1_59' title="bbox 759 3195 4026 3291">
    <p class='ocr_par' dir='ltr' id='par_1_59' title="bbox 759 3195 4026 3291">
     <span class='ocr_line' id='line_1_59' title="bbox 759 3195 4026 3291; baseline 0.002 -24"><span class='ocrx_word' id='word_1_418' title='bbox 759 3217 974 3291; x_wconf 67' lang='lat' dir='ltr'><strong>satione</strong></span> <span class='ocrx_word' id='word_1_419' title='bbox 1028 3218 1662 3291; x_wconf 17' lang='lat' dir='ltr'><strong>cceptumwrelinqneret</strong></span> <span class='ocrx_word' id='word_1_420' title='bbox 1719 3219 2114 3291; x_wconf 78' lang='lat' dir='ltr'><strong>inconfectnm.</strong></span> <span class='ocrx_word' id='word_1_421' title='bbox 2159 3227 2346 3291; x_wconf 54' lang='lat' dir='ltr'><strong>,simu-</strong></span> <span class='ocrx_word' id='word_1_422' title='bbox 2377 3195 2420 3254; x_wconf 65' lang='grc' dir='ltr'><strong>θ</strong></span> <span class='ocrx_word' id='word_1_423' title='bbox 2454 3223 2830 3284; x_wconf 82' lang='lat' dir='ltr'><strong>Grammatici,</strong></span> <span class='ocrx_word' id='word_1_424' title='bbox 2884 3224 3024 3276; x_wconf 85' lang='lat' dir='ltr'><strong>Attei</strong></span> <span class='ocrx_word' id='word_1_425' title='bbox 3085 3221 3369 3285; x_wconf 72' lang='lat' dir='ltr'><strong>Philolorzi,</strong></span> <span class='ocrx_word' id='word_1_426' title='bbox 3422 3221 3593 3275; x_wconf 86' lang='lat' dir='ltr'><strong>Solini</strong></span> <span class='ocrx_word' id='word_1_427' title='bbox 3639 3219 4026 3288; x_wconf 73' lang='lat' dir='ltr'><strong>Polybistor’s,</strong></span> 
     </span>
    </p>
   </div>
   <div class='ocr_carea' id='block_1_60' title="bbox 760 3286 2343 3359">
    <p class='ocr_par' dir='ltr' id='par_1_60' title="bbox 760 3286 2343 3359">
     <span class='ocr_line' id='line_1_60' title="bbox 760 3286 2343 3359; baseline 0.009 -22"><span class='ocrx_word' id='word_1_428' title='bbox 760 3286 926 3359; x_wconf 79' lang='lat' dir='ltr'><strong>lasset</strong></span> <span class='ocrx_word' id='word_1_429' title='bbox 953 3291 1205 3342; x_wconf 86' lang='lat' dir='ltr'><strong>morbum</strong></span> <span class='ocrx_word' id='word_1_430' title='bbox 1236 3289 1549 3342; x_wconf 81' lang='lat' dir='ltr'><strong>oblivionis.</strong></span> <span class='ocrx_word' id='word_1_431' title='bbox 1586 3287 1845 3351; x_wconf 72' lang='lat' dir='ltr'><strong>Respexit</strong></span> <span class='ocrx_word' id='word_1_432' title='bbox 1899 3292 1964 3342; x_wconf 76' lang='lat' dir='ltr'><strong>ad</strong></span> <span class='ocrx_word' id='word_1_433' title='bbox 2001 3286 2343 3359; x_wconf 83' lang='lat' dir='ltr'><strong>repentinum</strong></span> 
     </span>
    </p>
   </div>
   <div class='ocr_carea' id='block_1_61' title="bbox 763 3358 2348 3425">
    <p class='ocr_par' dir='ltr' id='par_1_61' title="bbox 763 3358 2348 3425">
     <span class='ocr_line' id='line_1_61' title="bbox 763 3358 2348 3425; baseline 0.008 -17"><span class='ocrx_word' id='word_1_434' title='bbox 763 3358 1120 3422; x_wconf 80' lang='lat' dir='ltr'><strong>Hermogenis</strong></span> <span class='ocrx_word' id='word_1_435' title='bbox 1145 3361 1422 3416; x_wconf 85' lang='lat' dir='ltr'><strong>morbum.</strong></span> <span class='ocrx_word' id='word_1_436' title='bbox 1481 3369 1572 3412; x_wconf 85' lang='lat' dir='ltr'><strong>aut</strong></span> <span class='ocrx_word' id='word_1_437' title='bbox 1617 3360 1855 3412; x_wconf 82' lang='lat' dir='ltr'><strong>subitam</strong></span> <span class='ocrx_word' id='word_1_438' title='bbox 1893 3358 2244 3425; x_wconf 83' lang='lat' dir='ltr'><strong>oblivionem.</strong></span> <span class='ocrx_word' id='word_1_439' title='bbox 2280 3370 2348 3422; x_wconf 89' lang='lat' dir='ltr'><strong>de</strong></span> 
     </span>
    </p>
   </div>
   <div class='ocr_carea' id='block_1_62' title="bbox 757 3429 2342 3499">
    <p class='ocr_par' dir='ltr' id='par_1_62' title="bbox 757 3429 2342 3499">
     <span class='ocr_line' id='line_1_62' title="bbox 757 3429 2342 3499; baseline 0.008 -19"><span class='ocrx_word' id='word_1_440' title='bbox 757 3445 863 3499; x_wconf 84' lang='lat' dir='ltr'><strong>qua</strong></span> <span class='ocrx_word' id='word_1_441' title='bbox 921 3430 1014 3496; x_wconf 87' lang='lat' dir='ltr'><strong>qui</strong></span> <span class='ocrx_word' id='word_1_442' title='bbox 1074 3432 1218 3486; x_wconf 90' lang='lat' dir='ltr'><strong>scire</strong></span> <span class='ocrx_word' id='word_1_443' title='bbox 1270 3429 1684 3492; x_wconf 65' lang='lat' dir='ltr'><strong>vole°,.Suiilam</strong></span> <span class='ocrx_word' id='word_1_444' title='bbox 1731 3431 1872 3499; x_wconf 76' lang='lat' dir='ltr'><strong>legat</strong></span> <span class='ocrx_word' id='word_1_445' title='bbox 1907 3433 1957 3484; x_wconf 92' lang='lat' dir='ltr'><strong>in</strong></span> <span class='ocrx_word' id='word_1_446' title='bbox 1993 3431 2161 3499; x_wconf 88' lang='lat' dir='ltr'><strong>ipsius</strong></span> <span class='ocrx_word' id='word_1_447' title='bbox 2197 3435 2342 3492; x_wconf 85' lang='lat' dir='ltr'><strong>Vita.</strong></span> 
     </span>
    </p>
   </div>
   <div class='ocr_carea' id='block_1_63' title="bbox 759 3497 2339 3568">
    <p class='ocr_par' dir='ltr' id='par_1_63' title="bbox 759 3497 2339 3568">
     <span class='ocr_line' id='line_1_63' title="bbox 759 3497 2339 3568; baseline 0.008 -20"><span class='ocrx_word' id='word_1_448' title='bbox 759 3497 1027 3552; x_wconf 64' lang='lat' dir='ltr'><strong>Caeterum</strong></span> <span class='ocrx_word' id='word_1_449' title='bbox 1059 3518 1164 3566; x_wconf 80' lang='lat' dir='ltr'><strong>qua</strong></span> <span class='ocrx_word' id='word_1_450' title='bbox 1211 3503 1388 3557; x_wconf 78' lang='lat' dir='ltr'><strong>fronte</strong></span> <span class='ocrx_word' id='word_1_451' title='bbox 1430 3502 1533 3554; x_wconf 89' lang='lat' dir='ltr'><strong>hoc</strong></span> <span class='ocrx_word' id='word_1_452' title='bbox 1567 3512 1754 3554; x_wconf 79' lang='lat' dir='ltr'><strong>noster</strong></span> <span class='ocrx_word' id='word_1_453' title='bbox 1789 3498 1972 3562; x_wconf 80' lang='lat' dir='ltr'><strong>faciat,</strong></span> <span class='ocrx_word' id='word_1_454' title='bbox 2014 3497 2120 3558; x_wconf 85' lang='lat' dir='ltr'><strong>non</strong></span> <span class='ocrx_word' id='word_1_455' title='bbox 2157 3508 2339 3568; x_wconf 79' lang='lat' dir='ltr'><strong>video.</strong></span> 
     </span>
    </p>
   </div>
   <div class='ocr_carea' id='block_1_64' title="bbox 762 3570 2343 3644">
    <p class='ocr_par' dir='ltr' id='par_1_64' title="bbox 762 3570 2343 3644">
     <span class='ocr_line' id='line_1_64' title="bbox 762 3570 2343 3644; baseline 0.005 -20"><span class='ocrx_word' id='word_1_456' title='bbox 762 3570 868 3622; x_wconf 76' lang='lat' dir='ltr'><strong>nisi</strong></span> <span class='ocrx_word' id='word_1_457' title='bbox 897 3584 1170 3635; x_wconf 80' lang='lat' dir='ltr'><strong>quatenus</strong></span> <span class='ocrx_word' id='word_1_458' title='bbox 1203 3587 1495 3644; x_wconf 82' lang='lat' dir='ltr'><strong>commune</strong></span> <span class='ocrx_word' id='word_1_459' title='bbox 1520 3584 1598 3623; x_wconf 77' lang='lat' dir='ltr'><strong>est</strong></span> <span class='ocrx_word' id='word_1_460' title='bbox 1622 3570 1904 3629; x_wconf 70' lang='lat' dir='ltr'><strong>Graeculis.</strong></span> <span class='ocrx_word' id='word_1_461' title='bbox 1933 3576 2148 3643; x_wconf 90' lang='lat' dir='ltr'><strong>nugari,</strong></span> <span class='ocrx_word' id='word_1_462' title='bbox 2173 3586 2225 3626; x_wconf 84' lang='lat' dir='ltr'><strong>et</strong></span> <span class='ocrx_word' id='word_1_463' title='bbox 2251 3594 2343 3644; x_wconf 86' lang='lat' dir='ltr'><strong>per</strong></span> 
     </span>
    </p>
   </div>
   <div class='ocr_carea' id='block_1_65' title="bbox 759 3642 1818 3697">
    <p class='ocr_par' dir='ltr' id='par_1_65' title="bbox 759 3642 1818 3697">
     <span class='ocr_line' id='line_1_65' title="bbox 759 3642 1818 3697; baseline 0 -6"><span class='ocrx_word' id='word_1_464' title='bbox 759 3650 945 3694; x_wconf 87' lang='lat' dir='ltr'><strong>mutua</strong></span> <span class='ocrx_word' id='word_1_465' title='bbox 975 3644 1211 3697; x_wconf 83' lang='lat' dir='ltr'><strong>convitia</strong></span> <span class='ocrx_word' id='word_1_466' title='bbox 1249 3644 1385 3696; x_wconf 82' lang='lat' dir='ltr'><strong>velle</strong></span> <span class='ocrx_word' id='word_1_467' title='bbox 1433 3642 1818 3695; x_wconf 78' lang='lat' dir='ltr'><strong>inclarescere.</strong></span> 
     </span>
    </p>
   </div>
   <div class='ocr_carea' id='block_1_66' title="bbox 829 3712 2338 3780">
    <p class='ocr_par' dir='ltr' id='par_1_66' title="bbox 829 3712 2338 3780">
     <span class='ocr_line' id='line_1_66' title="bbox 829 3712 2338 3780; baseline 0.005 -15"><span class='ocrx_word' id='word_1_468' title='bbox 829 3712 941 3779; x_wconf 85' lang='grc'><strong>(40)</strong></span> <span class='ocrx_word' id='word_1_469' title='bbox 984 3716 1136 3780; x_wconf 71' lang='grc' dir='ltr'><strong>Ἐν),</strong></span> <span class='ocrx_word' id='word_1_470' title='bbox 1171 3714 1268 3768; x_wconf 80' lang='grc' dir='ltr'><strong>καὶ</strong></span> <span class='ocrx_word' id='word_1_471' title='bbox 1295 3715 1462 3774; x_wconf 78' lang='grc' dir='ltr'>δυσὶ,</span> <span class='ocrx_word' id='word_1_472' title='bbox 1492 3713 1588 3764; x_wconf 79' lang='grc' dir='ltr'><strong>καὶ</strong></span> <span class='ocrx_word' id='word_1_473' title='bbox 1619 3713 1886 3768; x_wconf 72' lang='grc' dir='ltr'>πλείοσι.</span> <span class='ocrx_word' id='word_1_474' title='bbox 1920 3713 2051 3768; x_wconf 78' lang='lat' dir='ltr'><strong>Puta</strong></span> <span class='ocrx_word' id='word_1_475' title='bbox 2088 3716 2138 3770; x_wconf 90' lang='lat' dir='ltr'><strong>in</strong></span> <span class='ocrx_word' id='word_1_476' title='bbox 2167 3721 2338 3772; x_wconf 85' lang='lat' dir='ltr'><strong>media</strong></span> 
     </span>
    </p>
   </div>
   <div class='ocr_carea' id='block_1_67' title="bbox 757 3783 2340 3854">
    <p class='ocr_par' dir='ltr' id='par_1_67' title="bbox 757 3783 2340 3854">
     <span class='ocr_line' id='line_1_67' title="bbox 757 3783 2340 3854; baseline 0.001 -24"><span class='ocrx_word' id='word_1_477' title='bbox 757 3797 865 3834; x_wconf 81' lang='lat' dir='ltr'><strong>non</strong></span> <span class='ocrx_word' id='word_1_478' title='bbox 909 3799 1190 3854; x_wconf 85' lang='lat' dir='ltr'><strong>nunquam</strong></span> <span class='ocrx_word' id='word_1_479' title='bbox 1225 3786 1494 3839; x_wconf 85' lang='lat' dir='ltr'><strong>oratione.</strong></span> <span class='ocrx_word' id='word_1_480' title='bbox 1529 3783 1726 3844; x_wconf 75' lang='lat' dir='ltr'><strong>quibus</strong></span> <span class='ocrx_word' id='word_1_481' title='bbox 1773 3786 1853 3836; x_wconf 83' lang='lat' dir='ltr'><strong>via</strong></span> <span class='ocrx_word' id='word_1_482' title='bbox 1894 3795 2115 3851; x_wconf 80' lang='lat' dir='ltr'><strong>paratur</strong></span> <span class='ocrx_word' id='word_1_483' title='bbox 2140 3789 2205 3841; x_wconf 85' lang='lat' dir='ltr'><strong>ad</strong></span> <span class='ocrx_word' id='word_1_484' title='bbox 2252 3806 2340 3839; x_wconf 70' lang='grc' dir='ltr'>ςρ-</span> 
     </span>
    </p>
   </div>
   <div class='ocr_carea' id='block_1_68' title="bbox 759 3854 2340 3915">
    <p class='ocr_par' dir='ltr' id='par_1_68' title="bbox 759 3854 2340 3915">
     <span class='ocr_line' id='line_1_68' title="bbox 759 3854 2340 3915; baseline 0.008 -13"><span class='ocrx_word' id='word_1_485' title='bbox 759 3856 1000 3915; x_wconf 84' lang='lat' dir='ltr'><strong>quentia,</strong></span> <span class='ocrx_word' id='word_1_486' title='bbox 1051 3865 1103 3910; x_wconf 92' lang='lat' dir='ltr'><strong>et</strong></span> <span class='ocrx_word' id='word_1_487' title='bbox 1152 3856 1364 3908; x_wconf 78' lang='lat' dir='ltr'><strong>interim</strong></span> <span class='ocrx_word' id='word_1_488' title='bbox 1424 3854 1644 3907; x_wconf 82' lang='lat' dir='ltr'><strong>auditor</strong></span> <span class='ocrx_word' id='word_1_489' title='bbox 1697 3855 1860 3908; x_wconf 79' lang='lat' dir='ltr'><strong>veluti</strong></span> <span class='ocrx_word' id='word_1_490' title='bbox 1926 3858 2188 3912; x_wconf 79' lang='lat' dir='ltr'><strong>reﬁcitur.</strong></span> <span class='ocrx_word' id='word_1_491' title='bbox 2219 3861 2340 3914; x_wconf 65' lang='lat' dir='ltr'><strong>&quot;me</strong></span> 
     </span>
    </p>
   </div>
   <div class='ocr_carea' id='block_1_69' title="bbox 761 3923 2334 3994">
    <p class='ocr_par' dir='ltr' id='par_1_69' title="bbox 761 3923 2334 3994">
     <span class='ocr_line' id='line_1_69' title="bbox 761 3923 2334 3994; baseline 0.003 -18"><span class='ocrx_word' id='word_1_492' title='bbox 761 3923 1015 3994; x_wconf 53' lang='lat' dir='ltr'><strong>intelligit</strong></span> <span class='ocrx_word' id='word_1_493' title='bbox 1061 3927 1284 3980; x_wconf 80' lang='lat' dir='ltr'><strong>exordia</strong></span> <span class='ocrx_word' id='word_1_494' title='bbox 1336 3942 1435 3994; x_wconf 87' lang='lat' dir='ltr'><strong>per</strong></span> <span class='ocrx_word' id='word_1_495' title='bbox 1497 3925 1584 3977; x_wconf 90' lang='lat' dir='ltr'><strong>illa</strong></span> <span class='ocrx_word' id='word_1_496' title='bbox 1637 3924 1759 3976; x_wconf 72' lang='grc' dir='ltr'>δυσὶ</span> <span class='ocrx_word' id='word_1_497' title='bbox 1791 3926 1886 3977; x_wconf 77' lang='grc' dir='ltr'>καὶ</span> <span class='ocrx_word' id='word_1_498' title='bbox 1943 3926 2175 3983; x_wconf 77' lang='grc' dir='ltr'>πλείοσι.</span> <span class='ocrx_word' id='word_1_499' title='bbox 2214 3930 2334 3984; x_wconf 67' lang='lat' dir='ltr'><strong>Vill.</strong></span> 
     </span>
    </p>
   </div>
   <div class='ocr_carea' id='block_1_70' title="bbox 761 3988 1944 4063">
    <p class='ocr_par' dir='ltr' id='par_1_70' title="bbox 761 3988 1944 4063">
     <span class='ocr_line' id='line_1_70' title="bbox 761 3988 1944 4063; baseline 0.008 -21"><span class='ocrx_word' id='word_1_500' title='bbox 761 3988 1010 4049; x_wconf 68' lang='lat' dir='ltr'><strong>Vossiuin</strong></span> <span class='ocrx_word' id='word_1_501' title='bbox 1046 3996 1185 4052; x_wconf 83' lang='lat' dir='ltr'><strong>Inst.</strong></span> <span class='ocrx_word' id='word_1_502' title='bbox 1220 3996 1313 4051; x_wconf 88' lang='lat' dir='ltr'><strong>0r.</strong></span> <span class='ocrx_word' id='word_1_503' title='bbox 1338 3988 1441 4050; x_wconf 80' lang='lat' dir='ltr'><strong>lib.</strong></span> <span class='ocrx_word' id='word_1_504' title='bbox 1475 4011 1558 4054; x_wconf 86' lang='grc' dir='ltr'>ιιι,</span> <span class='ocrx_word' id='word_1_505' title='bbox 1595 4009 1712 4063; x_wconf 87' lang='lat' dir='ltr'><strong>cap.</strong></span> <span class='ocrx_word' id='word_1_506' title='bbox 1747 3994 1856 4060; x_wconf 75' lang='lat'><strong>2,§</strong></span> <span class='ocrx_word' id='word_1_507' title='bbox 1890 3998 1944 4051; x_wconf 73' lang='lat'><strong>2.</strong></span> 
     </span>
    </p>
   </div>
   <div class='ocr_carea' id='block_1_71' title="bbox 825 4064 2336 4136">
    <p class='ocr_par' dir='ltr' id='par_1_71' title="bbox 825 4064 2336 4136">
     <span class='ocr_line' id='line_1_71' title="bbox 825 4064 2336 4136; baseline 0.004 -18"><span class='ocrx_word' id='word_1_508' title='bbox 825 4066 939 4134; x_wconf 76' lang='grc'><strong>(41)</strong></span> <span class='ocrx_word' id='word_1_509' title='bbox 972 4069 1488 4136; x_wconf 79' lang='grc' dir='ltr'>Προκαταστὰσει.</span> <span class='ocrx_word' id='word_1_510' title='bbox 1537 4066 1609 4119; x_wconf 91' lang='lat' dir='ltr'><strong>De</strong></span> <span class='ocrx_word' id='word_1_511' title='bbox 1658 4079 1761 4136; x_wconf 79' lang='lat' dir='ltr'><strong>qua</strong></span> <span class='ocrx_word' id='word_1_512' title='bbox 1825 4064 2082 4134; x_wconf 74' lang='lat' dir='ltr'><strong>Hermog.</strong></span> <span class='ocrx_word' id='word_1_513' title='bbox 2145 4070 2236 4124; x_wconf 90' lang='lat' dir='ltr'><strong>lib.</strong></span> <span class='ocrx_word' id='word_1_514' title='bbox 2276 4088 2336 4129; x_wconf 86' lang='grc' dir='ltr'><strong>ιι,</strong></span> 
     </span>
    </p>
   </div>
   <div class='ocr_carea' id='block_1_72' title="bbox 757 4135 2338 4206">
    <p class='ocr_par' dir='ltr' id='par_1_72' title="bbox 757 4135 2338 4206">
     <span class='ocr_line' id='line_1_72' title="bbox 757 4135 2338 4206; baseline 0.005 -21"><span class='ocrx_word' id='word_1_515' title='bbox 757 4137 823 4191; x_wconf 89' lang='lat' dir='ltr'><strong>de</strong></span> <span class='ocrx_word' id='word_1_516' title='bbox 858 4135 1067 4192; x_wconf 12' lang='lat' dir='ltr'><strong>Invenit.</strong></span> <span class='ocrx_word' id='word_1_517' title='bbox 1106 4156 1155 4193; x_wconf 90' lang='lat' dir='ltr'><strong>c.</strong></span> <span class='ocrx_word' id='word_1_518' title='bbox 1197 4140 1244 4203; x_wconf 75' lang='grc' dir='ltr'><strong>ί,</strong></span> <span class='ocrx_word' id='word_1_519' title='bbox 1299 4139 1386 4190; x_wconf 89' lang='lat' dir='ltr'><strong>ubi</strong></span> <span class='ocrx_word' id='word_1_520' title='bbox 1448 4137 1581 4191; x_wconf 84' lang='lat' dir='ltr'><strong>alias</strong></span> <span class='ocrx_word' id='word_1_521' title='bbox 1637 4135 1715 4187; x_wconf 84' lang='lat' dir='ltr'><strong>vel</strong></span> <span class='ocrx_word' id='word_1_522' title='bbox 1759 4137 2122 4206; x_wconf 78' lang='grc' dir='ltr'>ὑποδιήγησιν</span> <span class='ocrx_word' id='word_1_523' title='bbox 2178 4139 2338 4197; x_wconf 73' lang='lat' dir='ltr'><strong>docet</strong></span> 
     </span>
    </p>
   </div>
   <div class='ocr_carea' id='block_1_73' title="bbox 756 4206 2334 4279">
    <p class='ocr_par' dir='ltr' id='par_1_73' title="bbox 756 4206 2334 4279">
     <span class='ocr_line' id='line_1_73' title="bbox 756 4206 2334 4279; baseline 0.003 -19"><span class='ocrx_word' id='word_1_524' title='bbox 756 4206 1042 4275; x_wconf 85' lang='lat' dir='ltr'><strong>appellari,</strong></span> <span class='ocrx_word' id='word_1_525' title='bbox 1080 4225 1272 4276; x_wconf 81' lang='lat' dir='ltr'><strong>nempe</strong></span> <span class='ocrx_word' id='word_1_526' title='bbox 1308 4211 1430 4276; x_wconf 83' lang='lat' dir='ltr'><strong>quia</strong></span> <span class='ocrx_word' id='word_1_527' title='bbox 1464 4222 1584 4274; x_wconf 67' lang='lat' dir='ltr'><strong>qum</strong></span> <span class='ocrx_word' id='word_1_528' title='bbox 1614 4206 2015 4279; x_wconf 62' lang='lat' dir='ltr'><strong>recentioribus</strong></span> <span class='ocrx_word' id='word_1_529' title='bbox 2054 4210 2334 4279; x_wconf 80' lang='grc' dir='ltr'>διήγησις,</span> 
     </span>
    </p>
   </div>
   <div class='ocr_carea' id='block_1_74' title="bbox 756 4276 2332 4345">
    <p class='ocr_par' dir='ltr' id='par_1_74' title="bbox 756 4276 2332 4345">
     <span class='ocr_line' id='line_1_74' title="bbox 756 4276 2332 4345; baseline 0.008 -23"><span class='ocrx_word' id='word_1_530' title='bbox 756 4293 818 4329; x_wconf 69' lang='grc' dir='ltr'>ιιπ</span> <span class='ocrx_word' id='word_1_531' title='bbox 854 4279 1050 4345; x_wconf 90' lang='lat' dir='ltr'><strong>priscis</strong></span> <span class='ocrx_word' id='word_1_532' title='bbox 1075 4281 1238 4332; x_wconf 84' lang='lat' dir='ltr'><strong>etiam</strong></span> <span class='ocrx_word' id='word_1_533' title='bbox 1273 4280 1628 4337; x_wconf 80' lang='grc' dir='ltr'>κατάστασις,</span> <span class='ocrx_word' id='word_1_534' title='bbox 1664 4285 1722 4329; x_wconf 91' lang='lat' dir='ltr'><strong>ut</strong></span> <span class='ocrx_word' id='word_1_535' title='bbox 1771 4276 2046 4333; x_wconf 86' lang='lat' dir='ltr'><strong>Sturmius</strong></span> <span class='ocrx_word' id='word_1_536' title='bbox 2082 4276 2332 4336; x_wconf 84' lang='lat' dir='ltr'><strong>testatur.</strong></span> 
     </span>
    </p>
   </div>
   <div class='ocr_carea' id='block_1_75' title="bbox 763 4346 2332 4418">
    <p class='ocr_par' dir='ltr' id='par_1_75' title="bbox 763 4346 2332 4418">
     <span class='ocr_line' id='line_1_75' title="bbox 763 4346 2332 4418; baseline 0.002 -16"><span class='ocrx_word' id='word_1_537' title='bbox 763 4346 854 4402; x_wconf 82' lang='lat' dir='ltr'><strong>Est</strong></span> <span class='ocrx_word' id='word_1_538' title='bbox 887 4358 1067 4402; x_wconf 88' lang='lat' dir='ltr'><strong>autem</strong></span> <span class='ocrx_word' id='word_1_539' title='bbox 1107 4350 1432 4418; x_wconf 63' lang='lat' dir='ltr'><strong>praeparatio</strong></span> <span class='ocrx_word' id='word_1_540' title='bbox 1481 4346 1877 4418; x_wconf 55' lang='lat' dir='ltr'><strong>quaédamqier</strong></span> <span class='ocrx_word' id='word_1_541' title='bbox 1932 4351 2332 4416; x_wconf 84' lang='lat' dir='ltr'><strong>expositionem</strong></span> 
     </span>
    </p>
   </div>
   <div class='ocr_carea' id='block_1_76' title="bbox 757 4415 2337 4488">
    <p class='ocr_par' dir='ltr' id='par_1_76' title="bbox 757 4415 2337 4488">
     <span class='ocr_line' id='line_1_76' title="bbox 757 4415 2337 4488; baseline 0.003 -18"><span class='ocrx_word' id='word_1_542' title='bbox 757 4415 1116 4482; x_wconf 74' lang='lat' dir='ltr'><strong>personarum</strong></span> <span class='ocrx_word' id='word_1_543' title='bbox 1148 4420 1212 4470; x_wconf 87' lang='lat' dir='ltr'><strong>ad</strong></span> <span class='ocrx_word' id='word_1_544' title='bbox 1241 4415 1511 4488; x_wconf 80' lang='lat' dir='ltr'><strong>majorem</strong></span> <span class='ocrx_word' id='word_1_545' title='bbox 1535 4415 1888 4488; x_wconf 10' lang='lat' dir='ltr'><strong>tldemﬁﬁfacti,</strong></span> <span class='ocrx_word' id='word_1_546' title='bbox 1922 4415 2067 4484; x_wconf 86' lang='lat' dir='ltr'><strong>quod</strong></span> <span class='ocrx_word' id='word_1_547' title='bbox 2102 4436 2337 4474; x_wconf 70' lang='lat' dir='ltr'><strong>narran-</strong></span> 
     </span>
    </p>
   </div>
   <div class='ocr_carea' id='block_1_77' title="bbox 754 4487 2333 4562">
    <p class='ocr_par' dir='ltr' id='par_1_77' title="bbox 754 4487 2333 4562">
     <span class='ocr_line' id='line_1_77' title="bbox 754 4487 2333 4562; baseline 0.004 -24"><span class='ocrx_word' id='word_1_548' title='bbox 754 4491 881 4562; x_wconf 76' lang='lat' dir='ltr'><strong>ilum</strong></span> <span class='ocrx_word' id='word_1_549' title='bbox 908 4503 1010 4545; x_wconf 76' lang='lat' dir='ltr'><strong>CSI.</strong></span> <span class='ocrx_word' id='word_1_550' title='bbox 1044 4491 1178 4562; x_wconf 73' lang='lat' dir='ltr'><strong>Vide</strong></span> <span class='ocrx_word' id='word_1_551' title='bbox 1208 4487 1481 4562; x_wconf 73' lang='lat' dir='ltr'><strong>Vitssmm.</strong></span> <span class='ocrx_word' id='word_1_552' title='bbox 1509 4489 1646 4542; x_wconf 74' lang='lat' dir='ltr'><strong>Inst.</strong></span> <span class='ocrx_word' id='word_1_553' title='bbox 1679 4487 1770 4552; x_wconf 86' lang='grc' dir='ltr'><strong>ΙΙΙ,</strong></span> <span class='ocrx_word' id='word_1_554' title='bbox 1794 4503 1918 4556; x_wconf 87' lang='lat' dir='ltr'><strong>cap.</strong></span> <span class='ocrx_word' id='word_1_555' title='bbox 1948 4492 1981 4545; x_wconf 78' lang='grc'>3</span> <span class='ocrx_word' id='word_1_556' title='bbox 2013 4489 2039 4562; x_wconf 84' lang='lat'><strong>§</strong></span> <span class='ocrx_word' id='word_1_557' title='bbox 2071 4491 2125 4556; x_wconf 78' lang='lat'><strong>3,</strong></span> <span class='ocrx_word' id='word_1_558' title='bbox 2151 4507 2333 4546; x_wconf 74' lang='lat' dir='ltr'><strong>exent-</strong></span> 
     </span>
    </p>
   </div>
   <div class='ocr_carea' id='block_1_78' title="bbox 755 4561 1567 4627">
    <p class='ocr_par' dir='ltr' id='par_1_78' title="bbox 755 4561 1567 4627">
     <span class='ocr_line' id='line_1_78' title="bbox 755 4561 1567 4627; baseline 0.004 -16"><span class='ocrx_word' id='word_1_559' title='bbox 755 4561 899 4627; x_wconf 79' lang='lat' dir='ltr'><strong>p&#39;um</strong></span> <span class='ocrx_word' id='word_1_560' title='bbox 930 4570 1015 4614; x_wconf 87' lang='lat' dir='ltr'><strong>est</strong></span> <span class='ocrx_word' id='word_1_561' title='bbox 1046 4562 1096 4613; x_wconf 88' lang='lat' dir='ltr'><strong>in</strong></span> <span class='ocrx_word' id='word_1_562' title='bbox 1131 4561 1356 4614; x_wconf 86' lang='lat' dir='ltr'><strong>Verrina</strong></span> <span class='ocrx_word' id='word_1_563' title='bbox 1395 4573 1567 4614; x_wconf 74' lang='lat' dir='ltr'><strong>sexta.</strong></span> 
     </span>
    </p>
   </div>
   <div class='ocr_carea' id='block_1_79' title="bbox 827 4627 2328 4699">
    <p class='ocr_par' dir='ltr' id='par_1_79' title="bbox 827 4627 2328 4699">
     <span class='ocr_line' id='line_1_79' title="bbox 827 4627 2328 4699; baseline -0.001 -16"><span class='ocrx_word' id='word_1_564' title='bbox 827 4631 1397 4699; x_wconf 67' lang='grc' dir='ltr'>(42)Διασκευάσαι.</span> <span class='ocrx_word' id='word_1_565' title='bbox 1439 4627 1662 4683; x_wconf 79' lang='lat' dir='ltr'><strong>Videtur</strong></span> <span class='ocrx_word' id='word_1_566' title='bbox 1721 4631 1825 4684; x_wconf 84' lang='lat' dir='ltr'><strong>hoc</strong></span> <span class='ocrx_word' id='word_1_567' title='bbox 1881 4635 2183 4686; x_wconf 87' lang='lat' dir='ltr'><strong>membrum</strong></span> <span class='ocrx_word' id='word_1_568' title='bbox 2233 4649 2328 4699; x_wconf 78' lang='lat' dir='ltr'><strong>op-</strong></span> 
     </span>
    </p>
   </div>
   <div class='ocr_carea' id='block_1_80' title="bbox 754 4701 2334 4770">
    <p class='ocr_par' dir='ltr' id='par_1_80' title="bbox 754 4701 2334 4770">
     <span class='ocr_line' id='line_1_80' title="bbox 754 4701 2334 4770; baseline 0.003 -21"><span class='ocrx_word' id='word_1_569' title='bbox 754 4715 955 4762; x_wconf 72' lang='lat' dir='ltr'><strong>ponere</strong></span> <span class='ocrx_word' id='word_1_570' title='bbox 987 4703 1154 4766; x_wconf 90' lang='lat' dir='ltr'><strong>priori</strong></span> <span class='ocrx_word' id='word_1_571' title='bbox 1190 4717 1250 4754; x_wconf 90' lang='lat' dir='ltr'><strong>ac</strong></span> <span class='ocrx_word' id='word_1_572' title='bbox 1288 4705 1330 4754; x_wconf 90' lang='lat' dir='ltr'><strong>si</strong></span> <span class='ocrx_word' id='word_1_573' title='bbox 1363 4701 1725 4754; x_wconf 79' lang='grc' dir='ltr'>διασκευάσαι</span> <span class='ocrx_word' id='word_1_574' title='bbox 1761 4718 2028 4767; x_wconf 87' lang='lat' dir='ltr'><strong>usurpare</strong></span> <span class='ocrx_word' id='word_1_575' title='bbox 2070 4720 2168 4770; x_wconf 90' lang='lat' dir='ltr'><strong>pro</strong></span> <span class='ocrx_word' id='word_1_576' title='bbox 2199 4721 2334 4768; x_wconf 88' lang='grc' dir='ltr'>προ-</span> 
     </span>
    </p>
   </div>
   <div class='ocr_carea' id='block_1_81' title="bbox 755 4771 2331 4841">
    <p class='ocr_par' dir='ltr' id='par_1_81' title="bbox 755 4771 2331 4841">
     <span class='ocr_line' id='line_1_81' title="bbox 755 4771 2331 4841; baseline 0.002 -19"><span class='ocrx_word' id='word_1_577' title='bbox 755 4772 1122 4841; x_wconf 84' lang='grc' dir='ltr'>καταστῆσαι.</span> <span class='ocrx_word' id='word_1_578' title='bbox 1156 4771 1306 4824; x_wconf 73' lang='lat' dir='ltr'><strong>Alias</strong></span> <span class='ocrx_word' id='word_1_579' title='bbox 1335 4771 1599 4838; x_wconf 79' lang='grc' dir='ltr'>διασκευὴ</span> <span class='ocrx_word' id='word_1_580' title='bbox 1628 4772 1671 4822; x_wconf 85' lang='lat' dir='ltr'><strong>si</strong></span> <span class='ocrx_word' id='word_1_581' title='bbox 1708 4773 1758 4825; x_wconf 89' lang='lat' dir='ltr'><strong>in</strong></span> <span class='ocrx_word' id='word_1_582' title='bbox 1785 4773 2099 4828; x_wconf 88' lang='lat' dir='ltr'><strong>narratione</strong></span> <span class='ocrx_word' id='word_1_583' title='bbox 2146 4774 2331 4828; x_wconf 82' lang='lat' dir='ltr'><strong>consi-</strong></span> 
     </span>
    </p>
   </div>
   <div class='ocr_carea' id='block_1_82' title="bbox 751 4843 2335 4910">
    <p class='ocr_par' dir='ltr' id='par_1_82' title="bbox 751 4843 2335 4910">
     <span class='ocr_line' id='line_1_82' title="bbox 751 4843 2335 4910; baseline 0.004 -20"><span class='ocrx_word' id='word_1_584' title='bbox 751 4843 996 4903; x_wconf 69' lang='lat' dir='ltr'><strong>«leralur,</strong></span> <span class='ocrx_word' id='word_1_585' title='bbox 1065 4843 1210 4895; x_wconf 86' lang='lat' dir='ltr'><strong>aliud</strong></span> <span class='ocrx_word' id='word_1_586' title='bbox 1266 4843 1417 4910; x_wconf 89' lang='lat' dir='ltr'><strong>quid,</strong></span> <span class='ocrx_word' id='word_1_587' title='bbox 1472 4858 1636 4910; x_wconf 88' lang='lat' dir='ltr'><strong>qnam</strong></span> <span class='ocrx_word' id='word_1_588' title='bbox 1706 4844 2177 4910; x_wconf 78' lang='grc' dir='ltr'>προκαταστασις.</span> <span class='ocrx_word' id='word_1_589' title='bbox 2237 4860 2335 4898; x_wconf 88' lang='lat' dir='ltr'><strong>nec</strong></span> 
     </span>
    </p>
   </div>
   <div class='ocr_carea' id='block_1_83' title="bbox 755 4911 2352 4979">
    <p class='ocr_par' dir='ltr' id='par_1_83' title="bbox 755 4911 2352 4979">
     <span class='ocr_line' id='line_1_83' title="bbox 755 4911 2352 4979; baseline 0.003 -16"><span class='ocrx_word' id='word_1_590' title='bbox 755 4919 863 4964; x_wconf 89' lang='lat' dir='ltr'><strong>tam</strong></span> <span class='ocrx_word' id='word_1_591' title='bbox 904 4926 1031 4978; x_wconf 90' lang='lat' dir='ltr'><strong>pars</strong></span> <span class='ocrx_word' id='word_1_592' title='bbox 1062 4913 1203 4978; x_wconf 85' lang='lat' dir='ltr'><strong>ejus,</strong></span> <span class='ocrx_word' id='word_1_593' title='bbox 1237 4928 1398 4979; x_wconf 84' lang='lat' dir='ltr'><strong>quam</strong></span> <span class='ocrx_word' id='word_1_594' title='bbox 1454 4911 1687 4978; x_wconf 85' lang='lat' dir='ltr'><strong>species,</strong></span> <span class='ocrx_word' id='word_1_595' title='bbox 1723 4922 1781 4966; x_wconf 92' lang='lat' dir='ltr'><strong>ut</strong></span> <span class='ocrx_word' id='word_1_596' title='bbox 1831 4927 1896 4966; x_wconf 81' lang='lat' dir='ltr'><strong>ex</strong></span> <span class='ocrx_word' id='word_1_597' title='bbox 1932 4914 2352 4967; x_wconf 86' lang='lat' dir='ltr'><strong>Fortunatiano-</strong></span> 
     </span>
    </p>
   </div>
   <div class='ocr_carea' id='block_1_84' title="bbox 751 4982 2334 5054">
    <p class='ocr_par' dir='ltr' id='par_1_84' title="bbox 751 4982 2334 5054">
     <span class='ocr_line' id='line_1_84' title="bbox 751 4982 2334 5054; baseline 0.005 -26"><span class='ocrx_word' id='word_1_598' title='bbox 751 4982 1033 5054; x_wconf 74' lang='lat' dir='ltr'><strong>discimus.</strong></span> <span class='ocrx_word' id='word_1_599' title='bbox 1065 4985 1153 5051; x_wconf 88' lang='lat' dir='ltr'><strong>qui</strong></span> <span class='ocrx_word' id='word_1_600' title='bbox 1188 4984 1310 5047; x_wconf 85' lang='grc' dir='ltr'>1.ιι,</span> <span class='ocrx_word' id='word_1_601' title='bbox 1357 4983 1545 5036; x_wconf 82' lang='lat' dir='ltr'><strong>definit</strong></span> <span class='ocrx_word' id='word_1_602' title='bbox 1591 4999 1732 5047; x_wconf 87' lang='lat' dir='ltr'><strong>eam,</strong></span> <span class='ocrx_word' id='word_1_603' title='bbox 1761 5000 1879 5053; x_wconf 73' lang='lat' dir='ltr'><strong>quo:</strong></span> <span class='ocrx_word' id='word_1_604' title='bbox 1906 5000 1987 5038; x_wconf 73' lang='lat' dir='ltr'><strong>res</strong></span> <span class='ocrx_word' id='word_1_605' title='bbox 2027 4995 2200 5054; x_wconf 68' lang='lat' dir='ltr'><strong>gestas</strong></span> <span class='ocrx_word' id='word_1_606' title='bbox 2231 5001 2334 5037; x_wconf 83' lang='lat' dir='ltr'><strong>non</strong></span> 
     </span>
    </p>
   </div>
   <div class='ocr_carea' id='block_1_85' title="bbox 753 5052 1591 5122">
    <p class='ocr_par' dir='ltr' id='par_1_85' title="bbox 753 5052 1591 5122">
     <span class='ocr_line' id='line_1_85' title="bbox 753 5052 1591 5122; baseline 0.005 -20"><span class='ocrx_word' id='word_1_607' title='bbox 753 5059 860 5104; x_wconf 85' lang='lat' dir='ltr'><strong>tam</strong></span> <span class='ocrx_word' id='word_1_608' title='bbox 895 5052 1066 5112; x_wconf 82' lang='lat' dir='ltr'><strong>docet,</strong></span> <span class='ocrx_word' id='word_1_609' title='bbox 1096 5070 1253 5120; x_wconf 84' lang='lat' dir='ltr'><strong>quant</strong></span> <span class='ocrx_word' id='word_1_610' title='bbox 1286 5067 1591 5122; x_wconf 76' lang='lat' dir='ltr'><strong>exaggerat.</strong></span> 
     </span>
    </p>
   </div>
   <div class='ocr_carea' id='block_1_86' title="bbox 825 5122 2333 5195">
    <p class='ocr_par' dir='ltr' id='par_1_86' title="bbox 825 5122 2333 5195">
     <span class='ocr_line' id='line_1_86' title="bbox 825 5122 2333 5195; baseline 0.001 -19"><span class='ocrx_word' id='word_1_611' title='bbox 825 5123 935 5190; x_wconf 80' lang='grc'><strong>(45)</strong></span> <span class='ocrx_word' id='word_1_612' title='bbox 965 5123 1135 5189; x_wconf 83' lang='grc' dir='ltr'>Μηδὲ</span> <span class='ocrx_word' id='word_1_613' title='bbox 1159 5124 1592 5192; x_wconf 73' lang='grc' dir='ltr'>διηγήσασθαι.</span> <span class='ocrx_word' id='word_1_614' title='bbox 1639 5122 1786 5188; x_wconf 53' lang='lat' dir='ltr'><strong>Haec,</strong></span> <span class='ocrx_word' id='word_1_615' title='bbox 1817 5135 1870 5178; x_wconf 92' lang='lat' dir='ltr'><strong>et</strong></span> <span class='ocrx_word' id='word_1_616' title='bbox 1912 5140 2032 5192; x_wconf 68' lang='lat' dir='ltr'><strong>qua:</strong></span> <span class='ocrx_word' id='word_1_617' title='bbox 2088 5141 2333 5195; x_wconf 89' lang='lat' dir='ltr'><strong>sequun-</strong></span> 
     </span>
    </p>
   </div>
   <div class='ocr_carea' id='block_1_87' title="bbox 752 5195 2336 5264">
    <p class='ocr_par' dir='ltr' id='par_1_87' title="bbox 752 5195 2336 5264">
     <span class='ocr_line' id='line_1_87' title="bbox 752 5195 2336 5264; baseline 0.004 -22"><span class='ocrx_word' id='word_1_618' title='bbox 752 5200 862 5251; x_wconf 91' lang='lat' dir='ltr'><strong>tur,</strong></span> <span class='ocrx_word' id='word_1_619' title='bbox 902 5207 1156 5264; x_wconf 87' lang='lat' dir='ltr'><strong>corrupta</strong></span> <span class='ocrx_word' id='word_1_620' title='bbox 1191 5197 1346 5260; x_wconf 73' lang='lat' dir='ltr'><strong>mihi,</strong></span> <span class='ocrx_word' id='word_1_621' title='bbox 1378 5206 1430 5249; x_wconf 87' lang='lat' dir='ltr'><strong>ct</strong></span> <span class='ocrx_word' id='word_1_622' title='bbox 1478 5195 1666 5250; x_wconf 84' lang='lat' dir='ltr'><strong>mutila</strong></span> <span class='ocrx_word' id='word_1_623' title='bbox 1702 5196 1978 5251; x_wconf 89' lang='lat' dir='ltr'><strong>videntur.</strong></span> <span class='ocrx_word' id='word_1_624' title='bbox 2019 5197 2163 5249; x_wconf 83' lang='lat' dir='ltr'><strong>Sane</strong></span> <span class='ocrx_word' id='word_1_625' title='bbox 2215 5213 2336 5249; x_wconf 86' lang='lat' dir='ltr'><strong>sen-</strong></span> 
     </span>
    </p>
   </div>
   <div class='ocr_carea' id='block_1_88' title="bbox 753 5265 2336 5335">
    <p class='ocr_par' dir='ltr' id='par_1_88' title="bbox 753 5265 2336 5335">
     <span class='ocr_line' id='line_1_88' title="bbox 753 5265 2336 5335; baseline 0.003 -22"><span class='ocrx_word' id='word_1_626' title='bbox 753 5265 939 5321; x_wconf 83' lang='lat' dir='ltr'><strong>tentia.</strong></span> <span class='ocrx_word' id='word_1_627' title='bbox 976 5277 1030 5320; x_wconf 89' lang='lat' dir='ltr'><strong>ct</strong></span> <span class='ocrx_word' id='word_1_628' title='bbox 1061 5268 1370 5333; x_wconf 63' lang='lat' dir='ltr'><strong>praecedens</strong></span> <span class='ocrx_word' id='word_1_629' title='bbox 1408 5267 1545 5319; x_wconf 76' lang='grc' dir='ltr'>ἀλλὰ</span> <span class='ocrx_word' id='word_1_630' title='bbox 1599 5267 1899 5332; x_wconf 87' lang='lat' dir='ltr'><strong>requirunt,</strong></span> <span class='ocrx_word' id='word_1_631' title='bbox 1939 5277 1996 5321; x_wconf 91' lang='lat' dir='ltr'><strong>ut</strong></span> <span class='ocrx_word' id='word_1_632' title='bbox 2049 5278 2166 5335; x_wconf 83' lang='lat' dir='ltr'><strong>post</strong></span> <span class='ocrx_word' id='word_1_633' title='bbox 2221 5267 2336 5333; x_wconf 75' lang='grc' dir='ltr'>διη-</span> 
     </span>
    </p>
   </div>
   <div class='ocr_carea' id='block_1_89' title="bbox 750 5335 2330 5405">
    <p class='ocr_par' dir='ltr' id='par_1_89' title="bbox 750 5335 2330 5405">
     <span class='ocr_line' id='line_1_89' title="bbox 750 5335 2330 5405; baseline 0.003 -18"><span class='ocrx_word' id='word_1_634' title='bbox 750 5335 1027 5400; x_wconf 71' lang='grc' dir='ltr'>γήσασθαι</span> <span class='ocrx_word' id='word_1_635' title='bbox 1061 5336 1239 5403; x_wconf 91' lang='lat' dir='ltr'><strong>colon,</strong></span> <span class='ocrx_word' id='word_1_636' title='bbox 1277 5339 1351 5390; x_wconf 87' lang='lat' dir='ltr'><strong>uti</strong></span> <span class='ocrx_word' id='word_1_637' title='bbox 1389 5347 1603 5401; x_wconf 88' lang='lat' dir='ltr'><strong>vocant,</strong></span> <span class='ocrx_word' id='word_1_638' title='bbox 1634 5346 1888 5405; x_wconf 87' lang='lat' dir='ltr'><strong>ponatur,</strong></span> <span class='ocrx_word' id='word_1_639' title='bbox 1929 5355 2036 5390; x_wconf 85' lang='lat' dir='ltr'><strong>non</strong></span> <span class='ocrx_word' id='word_1_640' title='bbox 2071 5347 2330 5403; x_wconf 81' lang='lat' dir='ltr'><strong>punctum</strong></span> 
     </span>
    </p>
   </div>
   <div class='ocr_carea' id='block_1_90' title="bbox 751 5407 2335 5477">
    <p class='ocr_par' dir='ltr' id='par_1_90' title="bbox 751 5407 2335 5477">
     <span class='ocr_line' id='line_1_90' title="bbox 751 5407 2335 5477; baseline 0.003 -22"><span class='ocrx_word' id='word_1_641' title='bbox 751 5407 951 5474; x_wconf 78' lang='lat' dir='ltr'><strong>rnajus,</strong></span> <span class='ocrx_word' id='word_1_642' title='bbox 981 5408 1140 5476; x_wconf 89' lang='lat' dir='ltr'><strong>eique</strong></span> <span class='ocrx_word' id='word_1_643' title='bbox 1167 5419 1562 5463; x_wconf 85' lang='lat' dir='ltr'><strong>connectantur</strong></span> <span class='ocrx_word' id='word_1_644' title='bbox 1594 5410 1901 5474; x_wconf 84' lang='lat' dir='ltr'><strong>sequentia,</strong></span> <span class='ocrx_word' id='word_1_645' title='bbox 1930 5424 2106 5477; x_wconf 90' lang='lat' dir='ltr'><strong>usque</strong></span> <span class='ocrx_word' id='word_1_646' title='bbox 2129 5408 2194 5461; x_wconf 87' lang='lat' dir='ltr'><strong>ad</strong></span> <span class='ocrx_word' id='word_1_647' title='bbox 2232 5423 2335 5460; x_wconf 69' lang='grc' dir='ltr'><strong>παι</strong></span> 
     </span>
    </p>
   </div>
   <div class='ocr_carea' id='block_1_91' title="bbox 753 5477 2336 5549">
    <p class='ocr_par' dir='ltr' id='par_1_91' title="bbox 753 5477 2336 5549">
     <span class='ocr_line' id='line_1_91' title="bbox 753 5477 2336 5549; baseline 0.003 -22"><span class='ocrx_word' id='word_1_648' title='bbox 753 5477 1079 5549; x_wconf 70' lang='grc' dir='ltr'>ριδραμείν,</span> <span class='ocrx_word' id='word_1_649' title='bbox 1119 5483 1264 5549; x_wconf 88' lang='lat' dir='ltr'><strong>quod</strong></span> <span class='ocrx_word' id='word_1_650' title='bbox 1302 5481 1494 5548; x_wconf 75' lang='lat' dir='ltr'><strong>majori</strong></span> <span class='ocrx_word' id='word_1_651' title='bbox 1524 5489 1724 5549; x_wconf 87' lang='lat' dir='ltr'><strong>puncto</strong></span> <span class='ocrx_word' id='word_1_652' title='bbox 1754 5494 1780 5532; x_wconf 88' lang='lat' dir='ltr'><strong>a</strong></span> <span class='ocrx_word' id='word_1_653' title='bbox 1810 5481 2034 5546; x_wconf 88' lang='lat' dir='ltr'><strong>reliquis</strong></span> <span class='ocrx_word' id='word_1_654' title='bbox 2079 5494 2336 5548; x_wconf 84' lang='lat' dir='ltr'><strong>separan-</strong></span> 
     </span>
    </p>
   </div>
   <div class='ocr_carea' id='block_1_92' title="bbox 749 5548 903 5602">
    <p class='ocr_par' dir='ltr' id='par_1_92' title="bbox 749 5548 903 5602">
     <span class='ocr_line' id='line_1_92' title="bbox 749 5548 903 5602; baseline 0.052 -8"><span class='ocrx_word' id='word_1_655' title='bbox 749 5548 903 5602; x_wconf 85' lang='lat' dir='ltr'><strong>dum.</strong></span> 
     </span>
    </p>
   </div>
   <div class='ocr_carea' id='block_1_93' title="bbox 820 5619 2333 5690">
    <p class='ocr_par' dir='ltr' id='par_1_93' title="bbox 820 5619 2333 5690">
     <span class='ocr_line' id='line_1_93' title="bbox 820 5619 2333 5690; baseline 0.001 -19"><span class='ocrx_word' id='word_1_656' title='bbox 820 5619 936 5688; x_wconf 71' lang='grc' dir='ltr'><strong>(Η)</strong></span> <span class='ocrx_word' id='word_1_657' title='bbox 980 5619 1040 5673; x_wconf 85' lang='lat'><strong>&#39;0</strong></span> <span class='ocrx_word' id='word_1_658' title='bbox 1075 5622 1437 5690; x_wconf 75' lang='grc' dir='ltr'>γεωμέτρης.</span> <span class='ocrx_word' id='word_1_659' title='bbox 1472 5620 1649 5674; x_wconf 80' lang='lat' dir='ltr'><strong>Locus</strong></span> <span class='ocrx_word' id='word_1_660' title='bbox 1691 5621 1978 5680; x_wconf 67' lang='lat' dir='ltr'><strong>obscurus.</strong></span> <span class='ocrx_word' id='word_1_661' title='bbox 2018 5621 2144 5687; x_wconf 92' lang='lat' dir='ltr'><strong>quis</strong></span> <span class='ocrx_word' id='word_1_662' title='bbox 2189 5621 2333 5674; x_wconf 89' lang='lat' dir='ltr'><strong>enim</strong></span> 
     </span>
    </p>
   </div>
   <div class='ocr_carea' id='block_1_94' title="bbox 749 5687 2338 5759">
    <p class='ocr_par' dir='ltr' id='par_1_94' title="bbox 749 5687 2338 5759">
     <span class='ocr_line' id='line_1_94' title="bbox 749 5687 2338 5759; baseline 0.004 -22"><span class='ocrx_word' id='word_1_663' title='bbox 749 5687 836 5742; x_wconf 87' lang='lat' dir='ltr'><strong>hic</strong></span> <span class='ocrx_word' id='word_1_664' title='bbox 870 5687 1153 5759; x_wconf 79' lang='lat' dir='ltr'><strong>geometra</strong></span> <span class='ocrx_word' id='word_1_665' title='bbox 1188 5687 1337 5745; x_wconf 62' lang='lat' dir='ltr'><strong>iste?</strong></span> <span class='ocrx_word' id='word_1_666' title='bbox 1371 5693 1509 5746; x_wconf 70' lang='lat' dir='ltr'><strong>Num</strong></span> <span class='ocrx_word' id='word_1_667' title='bbox 1542 5693 1780 5753; x_wconf 61' lang='lat' dir='ltr'><strong>aliquem</strong></span> <span class='ocrx_word' id='word_1_668' title='bbox 1813 5708 1875 5744; x_wconf 80' lang='lat' dir='ltr'><strong>ex</strong></span> <span class='ocrx_word' id='word_1_669' title='bbox 1935 5694 2338 5744; x_wconf 84' lang='lat' dir='ltr'><strong>mathematicis</strong></span> 
     </span>
    </p>
   </div>
   <div class='ocr_carea' id='block_1_95' title="bbox 742 5760 2333 5832">
    <p class='ocr_par' dir='ltr' id='par_1_95' title="bbox 742 5760 2333 5832">
     <span class='ocr_line' id='line_1_95' title="bbox 742 5760 2333 5832; baseline 0.002 -20"><span class='ocrx_word' id='word_1_670' title='bbox 742 5765 1027 5832; x_wconf 71' lang='lat' dir='ltr'><strong>tt&#39;ctertlzus</strong></span> <span class='ocrx_word' id='word_1_671' title='bbox 1053 5763 1340 5832; x_wconf 84' lang='lat' dir='ltr'><strong>intelligit?</strong></span> <span class='ocrx_word' id='word_1_672' title='bbox 1364 5775 1415 5817; x_wconf 90' lang='lat' dir='ltr'><strong>at</strong></span> <span class='ocrx_word' id='word_1_673' title='bbox 1437 5762 1640 5832; x_wconf 88' lang='lat' dir='ltr'><strong>quem?</strong></span> <span class='ocrx_word' id='word_1_674' title='bbox 1667 5761 1801 5814; x_wconf 78' lang='lat' dir='ltr'><strong>Num</strong></span> <span class='ocrx_word' id='word_1_675' title='bbox 1824 5760 2003 5829; x_wconf 88' lang='lat' dir='ltr'><strong>potius</strong></span> <span class='ocrx_word' id='word_1_676' title='bbox 2024 5769 2108 5814; x_wconf 87' lang='lat' dir='ltr'><strong>est</strong></span> <span class='ocrx_word' id='word_1_677' title='bbox 2137 5779 2333 5815; x_wconf 81' lang='lat' dir='ltr'><strong>noincu</strong></span> 
     </span>
    </p>
   </div>
   <div class='ocr_carea' id='block_1_96' title="bbox 748 5831 2323 5900">
    <p class='ocr_par' dir='ltr' id='par_1_96' title="bbox 748 5831 2323 5900">
     <span class='ocr_line' id='line_1_96' title="bbox 748 5831 2323 5900; baseline 0.003 -22"><span class='ocrx_word' id='word_1_678' title='bbox 748 5831 983 5900; x_wconf 70' lang='lat' dir='ltr'><strong>alicujus</strong></span> <span class='ocrx_word' id='word_1_679' title='bbox 1039 5831 1303 5890; x_wconf 72' lang='lat' dir='ltr'><strong>auctoris.</strong></span> <span class='ocrx_word' id='word_1_680' title='bbox 1355 5831 1544 5888; x_wconf 19' lang='lat' dir='ltr'><strong>sic’cx</strong></span> <span class='ocrx_word' id='word_1_681' title='bbox 1583 5832 1760 5886; x_wconf 85' lang='lat' dir='ltr'><strong>uﬂicio</strong></span> <span class='ocrx_word' id='word_1_682' title='bbox 1797 5848 1889 5884; x_wconf 80' lang='lat' dir='ltr'><strong>seu</strong></span> <span class='ocrx_word' id='word_1_683' title='bbox 1944 5848 2190 5895; x_wconf 82' lang='lat' dir='ltr'><strong>munere,</strong></span> <span class='ocrx_word' id='word_1_684' title='bbox 2233 5846 2323 5884; x_wconf 85' lang='lat' dir='ltr'><strong>aut</strong></span> 
     </span>
    </p>
   </div>
   <div class='ocr_carea' id='block_1_97' title="bbox 748 5903 2324 5976">
    <p class='ocr_par' dir='ltr' id='par_1_97' title="bbox 748 5903 2324 5976">
     <span class='ocr_line' id='line_1_97' title="bbox 748 5903 2324 5976; baseline 0.001 -20"><span class='ocrx_word' id='word_1_685' title='bbox 748 5913 950 5960; x_wconf 74' lang='grc' dir='ltr'>νιι“ι.ιιι;</span> <span class='ocrx_word' id='word_1_686' title='bbox 979 5905 1239 5976; x_wconf 76' lang='lat' dir='ltr'><strong>singulari</strong></span> <span class='ocrx_word' id='word_1_687' title='bbox 1267 5905 1503 5970; x_wconf 56' lang='lat' dir='ltr'><strong>l‘urtnati,</strong></span> <span class='ocrx_word' id='word_1_688' title='bbox 1541 5904 1681 5959; x_wconf 67' lang='lat' dir='ltr'><strong>sicut</strong></span> <span class='ocrx_word' id='word_1_689' title='bbox 1709 5903 1936 5958; x_wconf 79' lang='lat' dir='ltr'><strong>Joannis</strong></span> <span class='ocrx_word' id='word_1_690' title='bbox 1971 5914 2063 5957; x_wconf 79' lang='lat' dir='ltr'><strong>aut</strong></span> <span class='ocrx_word' id='word_1_691' title='bbox 2093 5903 2324 5957; x_wconf 67' lang='lat' dir='ltr'><strong>SdXUlliS</strong></span> 
     </span>
    </p>
   </div>
   <div class='ocr_carea' id='block_1_98' title="bbox 2453 3291 4024 3362">
    <p class='ocr_par' dir='ltr' id='par_1_98' title="bbox 2453 3291 4024 3362">
     <span class='ocr_line' id='line_1_98' title="bbox 2453 3291 4024 3362; baseline -0.003 -13"><span class='ocrx_word' id='word_1_692' title='bbox 2453 3296 2547 3360; x_wconf 87' lang='lat' dir='ltr'><strong>qui</strong></span> <span class='ocrx_word' id='word_1_693' title='bbox 2617 3297 2836 3362; x_wconf 73' lang='lat' dir='ltr'><strong>scripsit</strong></span> <span class='ocrx_word' id='word_1_694' title='bbox 2897 3295 2965 3348; x_wconf 89' lang='lat' dir='ltr'><strong>de</strong></span> <span class='ocrx_word' id='word_1_695' title='bbox 3015 3292 3314 3348; x_wconf 89' lang='lat' dir='ltr'><strong>Sardorum</strong></span> <span class='ocrx_word' id='word_1_696' title='bbox 3367 3292 3447 3362; x_wconf 80' lang='lat' dir='ltr'><strong>vel</strong></span> <span class='ocrx_word' id='word_1_697' title='bbox 3480 3291 3635 3350; x_wconf 87' lang='lat' dir='ltr'><strong>urbe.</strong></span> <span class='ocrx_word' id='word_1_698' title='bbox 3670 3293 3751 3344; x_wconf 84' lang='lat' dir='ltr'><strong>vel</strong></span> <span class='ocrx_word' id='word_1_699' title='bbox 3805 3294 4024 3358; x_wconf 86' lang='lat' dir='ltr'><strong>populo,</strong></span> 
     </span>
    </p>
   </div>
   <div class='ocr_carea' id='block_1_99' title="bbox 2450 3360 4026 3429">
    <p class='ocr_par' dir='ltr' id='par_1_99' title="bbox 2450 3360 4026 3429">
     <span class='ocr_line' id='line_1_99' title="bbox 2450 3360 4026 3429; baseline 0 -11"><span class='ocrx_word' id='word_1_700' title='bbox 2450 3367 2610 3419; x_wconf 73' lang='lat' dir='ltr'><strong>nobis</strong></span> <span class='ocrx_word' id='word_1_701' title='bbox 2663 3360 2827 3419; x_wconf 85' lang='lat' dir='ltr'><strong>hodie</strong></span> <span class='ocrx_word' id='word_1_702' title='bbox 2881 3363 3190 3429; x_wconf 69' lang='lat' dir='ltr'><strong>incogniti?</strong></span> <span class='ocrx_word' id='word_1_703' title='bbox 3254 3362 3308 3415; x_wconf 95' lang='lat' dir='ltr'><strong>ln</strong></span> <span class='ocrx_word' id='word_1_704' title='bbox 3368 3360 3470 3416; x_wconf 87' lang='lat' dir='ltr'><strong>hoc</strong></span> <span class='ocrx_word' id='word_1_705' title='bbox 3513 3362 3688 3427; x_wconf 67' lang='lat' dir='ltr'><strong>magis</strong></span> <span class='ocrx_word' id='word_1_706' title='bbox 3747 3362 4026 3418; x_wconf 89' lang='lat' dir='ltr'><strong>inclinem.</strong></span> 
     </span>
    </p>
   </div>
   <div class='ocr_carea' id='block_1_100' title="bbox 2450 3430 4026 3491">
    <p class='ocr_par' dir='ltr' id='par_1_100' title="bbox 2450 3430 4026 3491">
     <span class='ocr_line' id='line_1_100' title="bbox 2450 3430 4026 3491; baseline -0.001 -3"><span class='ocrx_word' id='word_1_707' title='bbox 2450 3433 2662 3489; x_wconf 86' lang='lat' dir='ltr'><strong>Laudat</strong></span> <span class='ocrx_word' id='word_1_708' title='bbox 2697 3438 2840 3489; x_wconf 90' lang='lat' dir='ltr'><strong>enim</strong></span> <span class='ocrx_word' id='word_1_709' title='bbox 2906 3449 2960 3489; x_wconf 85' lang='lat' dir='ltr'><strong>et</strong></span> <span class='ocrx_word' id='word_1_710' title='bbox 3013 3435 3274 3488; x_wconf 85' lang='lat' dir='ltr'><strong>Joannem</strong></span> <span class='ocrx_word' id='word_1_711' title='bbox 3338 3430 3710 3491; x_wconf 74' lang='lat' dir='ltr'><strong>Geoznetram,</strong></span> <span class='ocrx_word' id='word_1_712' title='bbox 3749 3441 4026 3488; x_wconf 88' lang='lat' dir='ltr'><strong>auctorem</strong></span> 
     </span>
    </p>
   </div>
   <div class='ocr_carea' id='block_1_101' title="bbox 2451 3500 4029 3562">
    <p class='ocr_par' dir='ltr' id='par_1_101' title="bbox 2451 3500 4029 3562">
     <span class='ocr_line' id='line_1_101' title="bbox 2451 3500 4029 3562; baseline 0.001 -6"><span class='ocrx_word' id='word_1_713' title='bbox 2451 3503 2785 3560; x_wconf 83' lang='lat' dir='ltr'><strong>llvmnorum</strong></span> <span class='ocrx_word' id='word_1_714' title='bbox 2851 3507 3212 3562; x_wconf 70' lang='lat' dir='ltr'><strong>quorumdam</strong></span> <span class='ocrx_word' id='word_1_715' title='bbox 3273 3505 3326 3555; x_wconf 92' lang='lat' dir='ltr'><strong>in</strong></span> <span class='ocrx_word' id='word_1_716' title='bbox 3369 3500 3592 3556; x_wconf 79' lang='lat' dir='ltr'><strong>Mariam</strong></span> <span class='ocrx_word' id='word_1_717' title='bbox 3643 3501 3908 3557; x_wconf 86' lang='lat' dir='ltr'><strong>Simlerus</strong></span> <span class='ocrx_word' id='word_1_718' title='bbox 3964 3520 4029 3558; x_wconf 73' lang='lat' dir='ltr'><strong>ex</strong></span> 
     </span>
    </p>
   </div>
   <div class='ocr_carea' id='block_1_102' title="bbox 2447 3577 3320 3642">
    <p class='ocr_par' dir='ltr' id='par_1_102' title="bbox 2447 3577 3320 3642">
     <span class='ocr_line' id='line_1_102' title="bbox 2447 3577 3320 3642; baseline -0.003 -13"><span class='ocrx_word' id='word_1_719' title='bbox 2447 3577 2706 3642; x_wconf 62' lang='lat' dir='ltr'><strong>Catalogo</strong></span> <span class='ocrx_word' id='word_1_720' title='bbox 2739 3577 2992 3630; x_wconf 80' lang='lat' dir='ltr'><strong>bibliolb.</strong></span> <span class='ocrx_word' id='word_1_721' title='bbox 3029 3577 3320 3628; x_wconf 70' lang='lat' dir='ltr'><strong>Vaticanm.</strong></span> 
     </span>
    </p>
   </div>
   <div class='ocr_carea' id='block_1_103' title="bbox 2517 3642 4032 3713">
    <p class='ocr_par' dir='ltr' id='par_1_103' title="bbox 2517 3642 4032 3713">
     <span class='ocr_line' id='line_1_103' title="bbox 2517 3642 4032 3713; baseline -0.001 -11"><span class='ocrx_word' id='word_1_722' title='bbox 2517 3649 2628 3713; x_wconf 80' lang='grc'><strong>(45)</strong></span> <span class='ocrx_word' id='word_1_723' title='bbox 2661 3647 2767 3701; x_wconf 71' lang='grc' dir='ltr'><strong>Καὶ</strong></span> <span class='ocrx_word' id='word_1_724' title='bbox 2798 3647 3014 3710; x_wconf 76' lang='grc' dir='ltr'>λοιπὸς</span> <span class='ocrx_word' id='word_1_725' title='bbox 3055 3649 3266 3708; x_wconf 72' lang='grc' dir='ltr'>ἄλλος.</span> <span class='ocrx_word' id='word_1_726' title='bbox 3321 3642 3513 3696; x_wconf 86' lang='lat' dir='ltr'><strong>Omnia</strong></span> <span class='ocrx_word' id='word_1_727' title='bbox 3569 3644 3681 3697; x_wconf 60' lang='lat' dir='ltr'><strong>haec</strong></span> <span class='ocrx_word' id='word_1_728' title='bbox 3716 3643 3872 3698; x_wconf 78' lang='lat' dir='ltr'><strong>valde</strong></span> <span class='ocrx_word' id='word_1_729' title='bbox 3903 3654 4032 3700; x_wconf 85' lang='lat' dir='ltr'><strong>sunt</strong></span> 
     </span>
    </p>
   </div>
   <div class='ocr_carea' id='block_1_104' title="bbox 2446 3715 4026 3782">
    <p class='ocr_par' dir='ltr' id='par_1_104' title="bbox 2446 3715 4026 3782">
     <span class='ocr_line' id='line_1_104' title="bbox 2446 3715 4026 3782; baseline 0.002 -16"><span class='ocrx_word' id='word_1_730' title='bbox 2446 3718 2704 3780; x_wconf 84' lang='lat' dir='ltr'><strong>obscura,</strong></span> <span class='ocrx_word' id='word_1_731' title='bbox 2744 3719 2929 3771; x_wconf 84' lang='lat' dir='ltr'><strong>nescio</strong></span> <span class='ocrx_word' id='word_1_732' title='bbox 2964 3733 3030 3770; x_wconf 80' lang='lat' dir='ltr'><strong>an</strong></span> <span class='ocrx_word' id='word_1_733' title='bbox 3054 3733 3162 3770; x_wconf 92' lang='lat' dir='ltr'><strong>non</strong></span> <span class='ocrx_word' id='word_1_734' title='bbox 3207 3715 3417 3768; x_wconf 84' lang='lat' dir='ltr'><strong>mutila.</strong></span> <span class='ocrx_word' id='word_1_735' title='bbox 3447 3730 3548 3782; x_wconf 85' lang='lat' dir='ltr'><strong>ego</strong></span> <span class='ocrx_word' id='word_1_736' title='bbox 3573 3729 3705 3766; x_wconf 83' lang='lat' dir='ltr'><strong>sane</strong></span> <span class='ocrx_word' id='word_1_737' title='bbox 3737 3715 3810 3766; x_wconf 91' lang='lat' dir='ltr'><strong>nil</strong></span> <span class='ocrx_word' id='word_1_738' title='bbox 3851 3731 3914 3768; x_wconf 75' lang='lat' dir='ltr'><strong>ex</strong></span> <span class='ocrx_word' id='word_1_739' title='bbox 3941 3717 4026 3770; x_wconf 88' lang='lat' dir='ltr'><strong>bis</strong></span> 
     </span>
    </p>
   </div>
   <div class='ocr_carea' id='block_1_105' title="bbox 2442 3784 4028 3856">
    <p class='ocr_par' dir='ltr' id='par_1_105' title="bbox 2442 3784 4028 3856">
     <span class='ocr_line' id='line_1_105' title="bbox 2442 3784 4028 3856; baseline 0.002 -19"><span class='ocrx_word' id='word_1_740' title='bbox 2442 3789 2624 3850; x_wconf 74' lang='lat' dir='ltr'><strong>elicio,</strong></span> <span class='ocrx_word' id='word_1_741' title='bbox 2663 3788 2806 3855; x_wconf 86' lang='lat' dir='ltr'><strong>quod</strong></span> <span class='ocrx_word' id='word_1_742' title='bbox 2850 3788 2979 3840; x_wconf 91' lang='lat' dir='ltr'><strong>mihi</strong></span> <span class='ocrx_word' id='word_1_743' title='bbox 3038 3786 3356 3841; x_wconf 76' lang='lat' dir='ltr'><strong>satisfaciat.</strong></span> <span class='ocrx_word' id='word_1_744' title='bbox 3393 3784 3564 3856; x_wconf 81' lang='lat' dir='ltr'><strong>Agent</strong></span> <span class='ocrx_word' id='word_1_745' title='bbox 3611 3785 3750 3838; x_wconf 74' lang='lat' dir='ltr'><strong>forte</strong></span> <span class='ocrx_word' id='word_1_746' title='bbox 3781 3785 3897 3851; x_wconf 87' lang='lat' dir='ltr'><strong>alii,</strong></span> <span class='ocrx_word' id='word_1_747' title='bbox 3934 3787 4028 3856; x_wconf 87' lang='lat' dir='ltr'><strong>qui</strong></span> 
     </span>
    </p>
   </div>
   <div class='ocr_carea' id='block_1_106' title="bbox 2445 3855 3454 3911">
    <p class='ocr_par' dir='ltr' id='par_1_106' title="bbox 2445 3855 3454 3911">
     <span class='ocr_line' id='line_1_106' title="bbox 2445 3855 3454 3911; baseline -0.003 0"><span class='ocrx_word' id='word_1_748' title='bbox 2445 3858 2600 3911; x_wconf 90' lang='lat' dir='ltr'><strong>libris</strong></span> <span class='ocrx_word' id='word_1_749' title='bbox 2631 3859 2952 3911; x_wconf 84' lang='lat' dir='ltr'><strong>melioribus</strong></span> <span class='ocrx_word' id='word_1_750' title='bbox 2989 3868 3148 3910; x_wconf 85' lang='lat' dir='ltr'><strong>erunt</strong></span> <span class='ocrx_word' id='word_1_751' title='bbox 3182 3855 3454 3908; x_wconf 81' lang='lat' dir='ltr'><strong>instructi.</strong></span> 
     </span>
    </p>
   </div>
   <div class='ocr_carea' id='block_1_107' title="bbox 2517 3923 4030 3996">
    <p class='ocr_par' dir='ltr' id='par_1_107' title="bbox 2517 3923 4030 3996">
     <span class='ocr_line' id='line_1_107' title="bbox 2517 3923 4030 3996; baseline 0.001 -14"><span class='ocrx_word' id='word_1_752' title='bbox 2517 3931 2628 3996; x_wconf 72' lang='grc'><strong>(46)</strong></span> <span class='ocrx_word' id='word_1_753' title='bbox 2658 3931 2766 3983; x_wconf 77' lang='grc' dir='ltr'><strong>Καὶ</strong></span> <span class='ocrx_word' id='word_1_754' title='bbox 2798 3923 2871 3983; x_wconf 85' lang='grc' dir='ltr'>οὗ</span> <span class='ocrx_word' id='word_1_755' title='bbox 2905 3925 3216 3996; x_wconf 81' lang='grc' dir='ltr'>μηδαμῶς.</span> <span class='ocrx_word' id='word_1_756' title='bbox 3249 3925 3467 3980; x_wconf 68' lang='lat' dir='ltr'><strong>Scilicet</strong></span> <span class='ocrx_word' id='word_1_757' title='bbox 3497 3926 3896 3993; x_wconf 86' lang='grc' dir='ltr'>ἀγωνίσασθαι,</span> <span class='ocrx_word' id='word_1_758' title='bbox 3931 3945 4030 3996; x_wconf 85' lang='lat' dir='ltr'><strong>per</strong></span> 
     </span>
    </p>
   </div>
   <div class='ocr_carea' id='block_1_108' title="bbox 2440 4000 4026 4067">
    <p class='ocr_par' dir='ltr' id='par_1_108' title="bbox 2440 4000 4026 4067">
     <span class='ocr_line' id='line_1_108' title="bbox 2440 4000 4026 4067; baseline 0.003 -17"><span class='ocrx_word' id='word_1_759' title='bbox 2440 4002 2585 4066; x_wconf 81' lang='lat' dir='ltr'><strong>quod</strong></span> <span class='ocrx_word' id='word_1_760' title='bbox 2660 4016 2770 4054; x_wconf 90' lang='lat' dir='ltr'><strong>non</strong></span> <span class='ocrx_word' id='word_1_761' title='bbox 2833 4001 3274 4067; x_wconf 76' lang='lat' dir='ltr'><strong>qualemcunque</strong></span> <span class='ocrx_word' id='word_1_762' title='bbox 3359 4000 3868 4056; x_wconf 78' lang='lat' dir='ltr'><strong>conﬁrmationem.</strong></span> <span class='ocrx_word' id='word_1_763' title='bbox 3932 4002 4026 4054; x_wconf 86' lang='lat' dir='ltr'><strong>sed</strong></span> 
     </span>
    </p>
   </div>
   <div class='ocr_carea' id='block_1_109' title="bbox 2441 4067 4029 4136">
    <p class='ocr_par' dir='ltr' id='par_1_109' title="bbox 2441 4067 4029 4136">
     <span class='ocr_line' id='line_1_109' title="bbox 2441 4067 4029 4136; baseline 0.003 -16"><span class='ocrx_word' id='word_1_764' title='bbox 2441 4072 2844 4125; x_wconf 81' lang='lat' dir='ltr'><strong>contentionem</strong></span> <span class='ocrx_word' id='word_1_765' title='bbox 2876 4068 3167 4136; x_wconf 76' lang='lat' dir='ltr'><strong>specialius</strong></span> <span class='ocrx_word' id='word_1_766' title='bbox 3193 4069 3270 4119; x_wconf 92' lang='lat' dir='ltr'><strong>sic</strong></span> <span class='ocrx_word' id='word_1_767' title='bbox 3294 4067 3492 4118; x_wconf 84' lang='lat' dir='ltr'><strong>dietam</strong></span> <span class='ocrx_word' id='word_1_768' title='bbox 3525 4067 3794 4135; x_wconf 82' lang='lat' dir='ltr'><strong>intelligit,</strong></span> <span class='ocrx_word' id='word_1_769' title='bbox 3823 4086 3941 4136; x_wconf 74' lang='lat' dir='ltr'><strong>quae</strong></span> <span class='ocrx_word' id='word_1_770' title='bbox 3976 4072 4029 4124; x_wconf 91' lang='lat' dir='ltr'><strong>in</strong></span> 
     </span>
    </p>
   </div>
   <div class='ocr_carea' id='block_1_110' title="bbox 2443 4137 4028 4209">
    <p class='ocr_par' dir='ltr' id='par_1_110' title="bbox 2443 4137 4028 4209">
     <span class='ocr_line' id='line_1_110' title="bbox 2443 4137 4028 4209; baseline 0.001 -18"><span class='ocrx_word' id='word_1_771' title='bbox 2443 4157 2620 4209; x_wconf 81' lang='lat' dir='ltr'><strong>pugna</strong></span> <span class='ocrx_word' id='word_1_772' title='bbox 2653 4142 2889 4206; x_wconf 87' lang='lat' dir='ltr'><strong>quadam</strong></span> <span class='ocrx_word' id='word_1_773' title='bbox 2919 4154 3041 4192; x_wconf 87' lang='lat' dir='ltr'><strong>cum</strong></span> <span class='ocrx_word' id='word_1_774' title='bbox 3095 4137 3412 4209; x_wconf 76' lang='lat' dir='ltr'><strong>adversario</strong></span> <span class='ocrx_word' id='word_1_775' title='bbox 3449 4138 3724 4191; x_wconf 87' lang='lat' dir='ltr'><strong>consistit.</strong></span> <span class='ocrx_word' id='word_1_776' title='bbox 3766 4137 3886 4193; x_wconf 66' lang='lat' dir='ltr'><strong>Haac</strong></span> <span class='ocrx_word' id='word_1_777' title='bbox 3920 4155 4028 4194; x_wconf 90' lang='lat' dir='ltr'><strong>non</strong></span> 
     </span>
    </p>
   </div>
   <div class='ocr_carea' id='block_1_111' title="bbox 2442 4208 3877 4275">
    <p class='ocr_par' dir='ltr' id='par_1_111' title="bbox 2442 4208 3877 4275">
     <span class='ocr_line' id='line_1_111' title="bbox 2442 4208 3877 4275; baseline -0.004 -11"><span class='ocrx_word' id='word_1_778' title='bbox 2442 4211 2494 4264; x_wconf 92' lang='lat' dir='ltr'><strong>in</strong></span> <span class='ocrx_word' id='word_1_779' title='bbox 2525 4208 2788 4266; x_wconf 82' lang='lat' dir='ltr'><strong>omnibus</strong></span> <span class='ocrx_word' id='word_1_780' title='bbox 2813 4210 2996 4263; x_wconf 87' lang='lat' dir='ltr'><strong>causis</strong></span> <span class='ocrx_word' id='word_1_781' title='bbox 3025 4223 3091 4262; x_wconf 75' lang='lat' dir='ltr'><strong>ac</strong></span> <span class='ocrx_word' id='word_1_782' title='bbox 3116 4208 3404 4275; x_wconf 79' lang='lat' dir='ltr'><strong>generibus</strong></span> <span class='ocrx_word' id='word_1_783' title='bbox 3434 4216 3517 4260; x_wconf 91' lang='lat' dir='ltr'><strong>est</strong></span> <span class='ocrx_word' id='word_1_784' title='bbox 3548 4209 3877 4262; x_wconf 84' lang='lat' dir='ltr'><strong>necessaria.</strong></span> 
     </span>
    </p>
   </div>
   <div class='ocr_carea' id='block_1_112' title="bbox 2512 4275 4026 4352">
    <p class='ocr_par' dir='ltr' id='par_1_112' title="bbox 2512 4275 4026 4352">
     <span class='ocr_line' id='line_1_112' title="bbox 2512 4275 4026 4352; baseline -0.001 -18"><span class='ocrx_word' id='word_1_785' title='bbox 2512 4281 2624 4350; x_wconf 85' lang='grc'><strong>(47)</strong></span> <span class='ocrx_word' id='word_1_786' title='bbox 2671 4281 2747 4334; x_wconf 84' lang='grc' dir='ltr'><strong>Τὰ</strong></span> <span class='ocrx_word' id='word_1_787' title='bbox 2798 4278 3049 4349; x_wconf 73' lang='grc' dir='ltr'>ἀγοραῖα</span> <span class='ocrx_word' id='word_1_788' title='bbox 3097 4279 3464 4352; x_wconf 63' lang='grc' dir='ltr'>καθάρματα.</span> <span class='ocrx_word' id='word_1_789' title='bbox 3503 4275 3592 4329; x_wconf 92' lang='lat' dir='ltr'><strong>Sic</strong></span> <span class='ocrx_word' id='word_1_790' title='bbox 3625 4279 3878 4352; x_wconf 69' lang='lat' dir='ltr'><strong>appellat</strong></span> <span class='ocrx_word' id='word_1_791' title='bbox 3917 4295 4026 4334; x_wconf 89' lang='lat' dir='ltr'><strong>non</strong></span> 
     </span>
    </p>
   </div>
   <div class='ocr_carea' id='block_1_113' title="bbox 2443 4348 4020 4416">
    <p class='ocr_par' dir='ltr' id='par_1_113' title="bbox 2443 4348 4020 4416">
     <span class='ocr_line' id='line_1_113' title="bbox 2443 4348 4020 4416; baseline 0 -13"><span class='ocrx_word' id='word_1_792' title='bbox 2443 4361 2550 4404; x_wconf 87' lang='lat' dir='ltr'><strong>tam</strong></span> <span class='ocrx_word' id='word_1_793' title='bbox 2589 4348 2862 4411; x_wconf 72' lang='lat' dir='ltr'><strong>Oratores,</strong></span> <span class='ocrx_word' id='word_1_794' title='bbox 2896 4365 3058 4416; x_wconf 87' lang='lat' dir='ltr'><strong>quam</strong></span> <span class='ocrx_word' id='word_1_795' title='bbox 3114 4348 3424 4402; x_wconf 70' lang='lat' dir='ltr'><strong>causidicos</strong></span> <span class='ocrx_word' id='word_1_796' title='bbox 3472 4357 3526 4400; x_wconf 92' lang='lat' dir='ltr'><strong>et</strong></span> <span class='ocrx_word' id='word_1_797' title='bbox 3559 4349 3798 4409; x_wconf 78' lang='lat' dir='ltr'><strong>rabulas,</strong></span> <span class='ocrx_word' id='word_1_798' title='bbox 3837 4351 4020 4403; x_wconf 63' lang='lat' dir='ltr'><strong>faecem</strong></span> 
     </span>
    </p>
   </div>
   <div class='ocr_carea' id='block_1_114' title="bbox 2441 4418 4026 4488">
    <p class='ocr_par' dir='ltr' id='par_1_114' title="bbox 2441 4418 4026 4488">
     <span class='ocr_line' id='line_1_114' title="bbox 2441 4418 4026 4488; baseline 0 -15"><span class='ocrx_word' id='word_1_799' title='bbox 2441 4421 2564 4481; x_wconf 82' lang='lat' dir='ltr'><strong>fori,</strong></span> <span class='ocrx_word' id='word_1_800' title='bbox 2594 4431 2758 4488; x_wconf 88' lang='lat' dir='ltr'><strong>atque.</strong></span> <span class='ocrx_word' id='word_1_801' title='bbox 2786 4422 2869 4474; x_wconf 84' lang='lat' dir='ltr'><strong>liis</strong></span> <span class='ocrx_word' id='word_1_802' title='bbox 2898 4420 3126 4486; x_wconf 76' lang='lat' dir='ltr'><strong>oppanit</strong></span> <span class='ocrx_word' id='word_1_803' title='bbox 3170 4419 3564 4473; x_wconf 72' lang='lat' dir='ltr'><strong>declamatores</strong></span> <span class='ocrx_word' id='word_1_804' title='bbox 3597 4428 3692 4471; x_wconf 90' lang='lat' dir='ltr'><strong>aut</strong></span> <span class='ocrx_word' id='word_1_805' title='bbox 3738 4418 4026 4488; x_wconf 86' lang='lat' dir='ltr'><strong>Sophistas</strong></span> 
     </span>
    </p>
   </div>
   <div class='ocr_carea' id='block_1_115' title="bbox 2445 4490 2993 4554">
    <p class='ocr_par' dir='ltr' id='par_1_115' title="bbox 2445 4490 2993 4554">
     <span class='ocr_line' id='line_1_115' title="bbox 2445 4490 2993 4554; baseline 0 -11"><span class='ocrx_word' id='word_1_806' title='bbox 2445 4493 2658 4554; x_wconf 90' lang='lat' dir='ltr'><strong>ineptos</strong></span> <span class='ocrx_word' id='word_1_807' title='bbox 2693 4495 2743 4544; x_wconf 91' lang='lat' dir='ltr'><strong>in</strong></span> <span class='ocrx_word' id='word_1_808' title='bbox 2769 4490 2993 4545; x_wconf 85' lang='lat' dir='ltr'><strong>scholis.</strong></span> 
     </span>
    </p>
   </div>
   <div class='ocr_carea' id='block_1_116' title="bbox 2513 4557 4029 4627">
    <p class='ocr_par' dir='ltr' id='par_1_116' title="bbox 2513 4557 4029 4627">
     <span class='ocr_line' id='line_1_116' title="bbox 2513 4557 4029 4627; baseline 0.001 -13"><span class='ocrx_word' id='word_1_809' title='bbox 2513 4562 2626 4626; x_wconf 78' lang='grc'><strong>(48)</strong></span> <span class='ocrx_word' id='word_1_810' title='bbox 2649 4561 2715 4613; x_wconf 90' lang='grc' dir='ltr'><strong>Οἳ</strong></span> <span class='ocrx_word' id='word_1_811' title='bbox 2743 4563 2840 4616; x_wconf 80' lang='grc' dir='ltr'>καί</span> <span class='ocrx_word' id='word_1_812' title='bbox 2886 4562 2991 4614; x_wconf 82' lang='grc' dir='ltr'>τοῦ</span> <span class='ocrx_word' id='word_1_813' title='bbox 3023 4559 3275 4624; x_wconf 69' lang='grc' dir='ltr'>αἰθέρος.</span> <span class='ocrx_word' id='word_1_814' title='bbox 3310 4557 3444 4610; x_wconf 88' lang='lat' dir='ltr'><strong>Cum</strong></span> <span class='ocrx_word' id='word_1_815' title='bbox 3481 4559 3564 4612; x_wconf 84' lang='lat' dir='ltr'><strong>bis</strong></span> <span class='ocrx_word' id='word_1_816' title='bbox 3594 4561 3872 4624; x_wconf 83' lang='lat' dir='ltr'><strong>omnibus,</strong></span> <span class='ocrx_word' id='word_1_817' title='bbox 3909 4576 4029 4627; x_wconf 66' lang='lat' dir='ltr'><strong>qua:</strong></span> 
     </span>
    </p>
   </div>
   <div class='ocr_carea' id='block_1_117' title="bbox 2442 4629 4026 4700">
    <p class='ocr_par' dir='ltr' id='par_1_117' title="bbox 2442 4629 4026 4700">
     <span class='ocr_line' id='line_1_117' title="bbox 2442 4629 4026 4700; baseline 0 -16"><span class='ocrx_word' id='word_1_818' title='bbox 2442 4633 2700 4697; x_wconf 66' lang='lat' dir='ltr'><strong>prmdicta</strong></span> <span class='ocrx_word' id='word_1_819' title='bbox 2742 4642 2898 4688; x_wconf 88' lang='lat' dir='ltr'><strong>sunt.</strong></span> <span class='ocrx_word' id='word_1_820' title='bbox 2928 4632 3258 4700; x_wconf 86' lang='lat' dir='ltr'><strong>promiscue,</strong></span> <span class='ocrx_word' id='word_1_821' title='bbox 3286 4644 3348 4681; x_wconf 93' lang='lat' dir='ltr'><strong>ac</strong></span> <span class='ocrx_word' id='word_1_822' title='bbox 3382 4631 3497 4682; x_wconf 92' lang='lat' dir='ltr'><strong>sine</strong></span> <span class='ocrx_word' id='word_1_823' title='bbox 3522 4629 3840 4700; x_wconf 78' lang='lat' dir='ltr'><strong>discrimine</strong></span> <span class='ocrx_word' id='word_1_824' title='bbox 3864 4641 4026 4684; x_wconf 87' lang='lat' dir='ltr'><strong>utun-</strong></span> 
     </span>
    </p>
   </div>
   <div class='ocr_carea' id='block_1_118' title="bbox 2441 4699 4026 4770">
    <p class='ocr_par' dir='ltr' id='par_1_118' title="bbox 2441 4699 4026 4770">
     <span class='ocr_line' id='line_1_118' title="bbox 2441 4699 4026 4770; baseline -0.001 -15"><span class='ocrx_word' id='word_1_825' title='bbox 2441 4713 2529 4755; x_wconf 90' lang='lat' dir='ltr'><strong>tur</strong></span> <span class='ocrx_word' id='word_1_826' title='bbox 2563 4721 2576 4756; x_wconf 90' lang='lat'><strong>:</strong></span> <span class='ocrx_word' id='word_1_827' title='bbox 2617 4703 2798 4770; x_wconf 86' lang='lat' dir='ltr'><strong>utqui</strong></span> <span class='ocrx_word' id='word_1_828' title='bbox 2860 4699 3126 4763; x_wconf 73' lang='lat' dir='ltr'><strong>cogitant,</strong></span> <span class='ocrx_word' id='word_1_829' title='bbox 3164 4718 3270 4752; x_wconf 88' lang='lat' dir='ltr'><strong>non</strong></span> <span class='ocrx_word' id='word_1_830' title='bbox 3324 4708 3430 4752; x_wconf 90' lang='lat' dir='ltr'><strong>tam</strong></span> <span class='ocrx_word' id='word_1_831' title='bbox 3478 4701 3608 4767; x_wconf 88' lang='lat' dir='ltr'><strong>quid</strong></span> <span class='ocrx_word' id='word_1_832' title='bbox 3639 4701 3747 4753; x_wconf 68' lang='lat' dir='ltr'><strong>vlici</strong></span> <span class='ocrx_word' id='word_1_833' title='bbox 3807 4699 4026 4766; x_wconf 86' lang='lat' dir='ltr'><strong>debeat,</strong></span> 
     </span>
    </p>
   </div>
   <div class='ocr_carea' id='block_1_119' title="bbox 2441 4771 4020 4840">
    <p class='ocr_par' dir='ltr' id='par_1_119' title="bbox 2441 4771 4020 4840">
     <span class='ocr_line' id='line_1_119' title="bbox 2441 4771 4020 4840; baseline -0.004 -14"><span class='ocrx_word' id='word_1_834' title='bbox 2441 4789 2602 4833; x_wconf 82' lang='lat' dir='ltr'><strong>quam</strong></span> <span class='ocrx_word' id='word_1_835' title='bbox 2639 4775 2765 4840; x_wconf 87' lang='lat' dir='ltr'><strong>quid</strong></span> <span class='ocrx_word' id='word_1_836' title='bbox 2802 4772 2999 4840; x_wconf 78' lang='lat' dir='ltr'><strong>possit,</strong></span> <span class='ocrx_word' id='word_1_837' title='bbox 3037 4780 3096 4824; x_wconf 91' lang='lat' dir='ltr'><strong>ut</strong></span> <span class='ocrx_word' id='word_1_838' title='bbox 3127 4787 3189 4822; x_wconf 82' lang='lat' dir='ltr'><strong>ex</strong></span> <span class='ocrx_word' id='word_1_839' title='bbox 3240 4786 3305 4822; x_wconf 93' lang='lat' dir='ltr'><strong>eo</strong></span> <span class='ocrx_word' id='word_1_840' title='bbox 3338 4771 3616 4822; x_wconf 85' lang='lat' dir='ltr'><strong>meliorem</strong></span> <span class='ocrx_word' id='word_1_841' title='bbox 3651 4780 3845 4835; x_wconf 83' lang='lat' dir='ltr'><strong>putant</strong></span> <span class='ocrx_word' id='word_1_842' title='bbox 3892 4786 4020 4820; x_wconf 75' lang='lat' dir='ltr'><strong>ora-</strong></span> 
     </span>
    </p>
   </div>
   <div class='ocr_carea' id='block_1_120' title="bbox 2441 4841 4026 4911">
    <p class='ocr_par' dir='ltr' id='par_1_120' title="bbox 2441 4841 4026 4911">
     <span class='ocr_line' id='line_1_120' title="bbox 2441 4841 4026 4911; baseline -0.002 -16"><span class='ocrx_word' id='word_1_843' title='bbox 2441 4844 2668 4904; x_wconf 90' lang='lat' dir='ltr'><strong>tionem,</strong></span> <span class='ocrx_word' id='word_1_844' title='bbox 2695 4858 2806 4911; x_wconf 92' lang='lat' dir='ltr'><strong>quo</strong></span> <span class='ocrx_word' id='word_1_845' title='bbox 2833 4842 3040 4906; x_wconf 70' lang='lat' dir='ltr'><strong>ﬁguris,</strong></span> <span class='ocrx_word' id='word_1_846' title='bbox 3071 4841 3374 4902; x_wconf 88' lang='lat' dir='ltr'><strong>sententiis,</strong></span> <span class='ocrx_word' id='word_1_847' title='bbox 3406 4849 3562 4892; x_wconf 84' lang='lat' dir='ltr'><strong>acute</strong></span> <span class='ocrx_word' id='word_1_848' title='bbox 3591 4841 3772 4900; x_wconf 82' lang='lat' dir='ltr'><strong>dictis,</strong></span> <span class='ocrx_word' id='word_1_849' title='bbox 3795 4850 3852 4890; x_wconf 91' lang='lat' dir='ltr'><strong>ut</strong></span> <span class='ocrx_word' id='word_1_850' title='bbox 3877 4841 4026 4906; x_wconf 84' lang='lat' dir='ltr'><strong>ejus-</strong></span> 
     </span>
    </p>
   </div>
   <div class='ocr_carea' id='block_1_121' title="bbox 2442 4911 4028 4983">
    <p class='ocr_par' dir='ltr' id='par_1_121' title="bbox 2442 4911 4028 4983">
     <span class='ocr_line' id='line_1_121' title="bbox 2442 4911 4028 4983; baseline -0.001 -17"><span class='ocrx_word' id='word_1_851' title='bbox 2442 4913 2588 4966; x_wconf 90' lang='lat' dir='ltr'><strong>modi</strong></span> <span class='ocrx_word' id='word_1_852' title='bbox 2625 4914 2796 4981; x_wconf 79' lang='lat' dir='ltr'><strong>magis</strong></span> <span class='ocrx_word' id='word_1_853' title='bbox 2830 4912 3094 4983; x_wconf 79' lang='lat' dir='ltr'><strong>abundat,</strong></span> <span class='ocrx_word' id='word_1_854' title='bbox 3122 4911 3236 4970; x_wconf 68' lang='lat' dir='ltr'><strong>sive</strong></span> <span class='ocrx_word' id='word_1_855' title='bbox 3263 4911 3412 4962; x_wconf 81' lang='lat' dir='ltr'><strong>utilia</strong></span> <span class='ocrx_word' id='word_1_856' title='bbox 3444 4925 3502 4963; x_wconf 89' lang='lat' dir='ltr'><strong>ea</strong></span> <span class='ocrx_word' id='word_1_857' title='bbox 3530 4912 3640 4963; x_wconf 89' lang='lat' dir='ltr'><strong>sint</strong></span> <span class='ocrx_word' id='word_1_858' title='bbox 3677 4924 3741 4964; x_wconf 87' lang='lat' dir='ltr'><strong>ac</strong></span> <span class='ocrx_word' id='word_1_859' title='bbox 3774 4925 4028 4964; x_wconf 85' lang='lat' dir='ltr'><strong>necessa-</strong></span> 
     </span>
    </p>
   </div>
   <div class='ocr_carea' id='block_1_122' title="bbox 2439 4983 2965 5037">
    <p class='ocr_par' dir='ltr' id='par_1_122' title="bbox 2439 4983 2965 5037">
     <span class='ocr_line' id='line_1_122' title="bbox 2439 4983 2965 5037; baseline 0.002 -2"><span class='ocrx_word' id='word_1_860' title='bbox 2439 4984 2516 5035; x_wconf 89' lang='lat' dir='ltr'><strong>ria</strong></span> <span class='ocrx_word' id='word_1_861' title='bbox 2545 4983 2659 5037; x_wconf 81' lang='lat' dir='ltr'><strong>sive</strong></span> <span class='ocrx_word' id='word_1_862' title='bbox 2688 5000 2793 5036; x_wconf 90' lang='lat' dir='ltr'><strong>non</strong></span> <span class='ocrx_word' id='word_1_863' title='bbox 2835 4983 2965 5037; x_wconf 91' lang='lat' dir='ltr'><strong>sint.</strong></span> 
     </span>
    </p>
   </div>
   <div class='ocr_carea' id='block_1_123' title="bbox 2511 5051 4021 5122">
    <p class='ocr_par' dir='ltr' id='par_1_123' title="bbox 2511 5051 4021 5122">
     <span class='ocr_line' id='line_1_123' title="bbox 2511 5051 4021 5122; baseline -0.001 -16"><span class='ocrx_word' id='word_1_864' title='bbox 2511 5053 2623 5122; x_wconf 89' lang='grc'><strong>(49)</strong></span> <span class='ocrx_word' id='word_1_865' title='bbox 2675 5053 3166 5119; x_wconf 69' lang='grc' dir='ltr'>Μειρακυλλίοις.</span> <span class='ocrx_word' id='word_1_866' title='bbox 3222 5051 3322 5117; x_wconf 82' lang='grc' dir='ltr'>Οιιί</span> <span class='ocrx_word' id='word_1_867' title='bbox 3375 5051 3547 5119; x_wconf 83' lang='lat' dir='ltr'><strong>prima</strong></span> <span class='ocrx_word' id='word_1_868' title='bbox 3593 5051 3756 5104; x_wconf 89' lang='lat' dir='ltr'><strong>etiam</strong></span> <span class='ocrx_word' id='word_1_869' title='bbox 3806 5051 4021 5106; x_wconf 82' lang='lat' dir='ltr'><strong>dicendi</strong></span> 
     </span>
    </p>
   </div>
   <div class='ocr_carea' id='block_1_124' title="bbox 2438 5124 3778 5194">
    <p class='ocr_par' dir='ltr' id='par_1_124' title="bbox 2438 5124 3778 5194">
     <span class='ocr_line' id='line_1_124' title="bbox 2438 5124 3778 5194; baseline -0.003 -16"><span class='ocrx_word' id='word_1_870' title='bbox 2438 5133 2710 5194; x_wconf 85' lang='lat' dir='ltr'><strong>praecepta</strong></span> <span class='ocrx_word' id='word_1_871' title='bbox 2745 5140 2809 5179; x_wconf 82' lang='lat' dir='ltr'><strong>ex</strong></span> <span class='ocrx_word' id='word_1_872' title='bbox 2844 5124 3056 5178; x_wconf 88' lang='lat' dir='ltr'><strong>idoneis</strong></span> <span class='ocrx_word' id='word_1_873' title='bbox 3087 5124 3367 5194; x_wconf 83' lang='lat' dir='ltr'><strong>magistris</strong></span> <span class='ocrx_word' id='word_1_874' title='bbox 3399 5131 3778 5194; x_wconf 75' lang='lat' dir='ltr'><strong>perceperunt.</strong></span> 
     </span>
    </p>
   </div>
   <div class='ocr_carea' id='block_1_125' title="bbox 2512 5191 4026 5263">
    <p class='ocr_par' dir='ltr' id='par_1_125' title="bbox 2512 5191 4026 5263">
     <span class='ocr_line' id='line_1_125' title="bbox 2512 5191 4026 5263; baseline -0.002 -15"><span class='ocrx_word' id='word_1_875' title='bbox 2512 5191 2631 5263; x_wconf 83' lang='grc'><strong>(50)</strong></span> <span class='ocrx_word' id='word_1_876' title='bbox 2668 5195 2761 5248; x_wconf 81' lang='grc' dir='ltr'><strong>Ἐκ</strong></span> <span class='ocrx_word' id='word_1_877' title='bbox 2797 5193 3377 5262; x_wconf 75' lang='grc' dir='ltr'>προγυμνασιιάτων.</span> <span class='ocrx_word' id='word_1_878' title='bbox 3421 5191 3511 5245; x_wconf 90' lang='lat' dir='ltr'><strong>Sic</strong></span> <span class='ocrx_word' id='word_1_879' title='bbox 3562 5193 3794 5261; x_wconf 88' lang='lat' dir='ltr'><strong>appellat</strong></span> <span class='ocrx_word' id='word_1_880' title='bbox 3847 5201 4026 5258; x_wconf 89' lang='lat' dir='ltr'><strong>partes</strong></span> 
     </span>
    </p>
   </div>
   <div class='ocr_carea' id='block_1_126' title="bbox 2439 5263 4021 5335">
    <p class='ocr_par' dir='ltr' id='par_1_126' title="bbox 2439 5263 4021 5335">
     <span class='ocr_line' id='line_1_126' title="bbox 2439 5263 4021 5335; baseline -0.001 -17"><span class='ocrx_word' id='word_1_881' title='bbox 2439 5267 2777 5319; x_wconf 85' lang='lat' dir='ltr'><strong>orationum.</strong></span> <span class='ocrx_word' id='word_1_882' title='bbox 2810 5267 3015 5332; x_wconf 82' lang='lat' dir='ltr'><strong>Nempe</strong></span> <span class='ocrx_word' id='word_1_883' title='bbox 3064 5265 3197 5317; x_wconf 87' lang='lat' dir='ltr'><strong>nihil</strong></span> <span class='ocrx_word' id='word_1_884' title='bbox 3233 5263 3379 5316; x_wconf 90' lang='lat' dir='ltr'><strong>aliud</strong></span> <span class='ocrx_word' id='word_1_885' title='bbox 3427 5263 3479 5318; x_wconf 91' lang='lat' dir='ltr'><strong>in</strong></span> <span class='ocrx_word' id='word_1_886' title='bbox 3522 5265 4021 5335; x_wconf 82' lang='lat' dir='ltr'><strong>progymnasinati-</strong></span> 
     </span>
    </p>
   </div>
   <div class='ocr_carea' id='block_1_127' title="bbox 2441 5334 4023 5403">
    <p class='ocr_par' dir='ltr' id='par_1_127' title="bbox 2441 5334 4023 5403">
     <span class='ocr_line' id='line_1_127' title="bbox 2441 5334 4023 5403; baseline -0.003 -13"><span class='ocrx_word' id='word_1_887' title='bbox 2441 5339 2542 5390; x_wconf 91' lang='lat' dir='ltr'><strong>bus</strong></span> <span class='ocrx_word' id='word_1_888' title='bbox 2573 5338 2773 5401; x_wconf 72' lang='lat' dir='ltr'><strong>agitur,</strong></span> <span class='ocrx_word' id='word_1_889' title='bbox 2811 5351 2970 5400; x_wconf 85' lang='lat' dir='ltr'><strong>quam</strong></span> <span class='ocrx_word' id='word_1_890' title='bbox 3011 5344 3069 5388; x_wconf 89' lang='lat' dir='ltr'><strong>ut</strong></span> <span class='ocrx_word' id='word_1_891' title='bbox 3099 5350 3220 5403; x_wconf 60' lang='lat' dir='ltr'><strong>qua!</strong></span> <span class='ocrx_word' id='word_1_892' title='bbox 3269 5335 3536 5402; x_wconf 77' lang='lat' dir='ltr'><strong>cujusque</strong></span> <span class='ocrx_word' id='word_1_893' title='bbox 3592 5334 3760 5400; x_wconf 85' lang='lat' dir='ltr'><strong>partis</strong></span> <span class='ocrx_word' id='word_1_894' title='bbox 3801 5334 4023 5388; x_wconf 79' lang='lat' dir='ltr'><strong>sittra-</strong></span> 
     </span>
    </p>
   </div>
   <div class='ocr_carea' id='block_1_128' title="bbox 2440 5403 4021 5474">
    <p class='ocr_par' dir='ltr' id='par_1_128' title="bbox 2440 5403 4021 5474">
     <span class='ocr_line' id='line_1_128' title="bbox 2440 5403 4021 5474; baseline -0.003 -12"><span class='ocrx_word' id='word_1_895' title='bbox 2440 5409 2624 5462; x_wconf 86' lang='lat' dir='ltr'><strong>etandi</strong></span> <span class='ocrx_word' id='word_1_896' title='bbox 2660 5410 2801 5462; x_wconf 87' lang='lat' dir='ltr'><strong>ratio</strong></span> <span class='ocrx_word' id='word_1_897' title='bbox 2825 5409 2874 5461; x_wconf 91' lang='lat' dir='ltr'><strong>in</strong></span> <span class='ocrx_word' id='word_1_898' title='bbox 2908 5407 3114 5474; x_wconf 87' lang='lat' dir='ltr'><strong>integra</strong></span> <span class='ocrx_word' id='word_1_899' title='bbox 3142 5407 3408 5466; x_wconf 88' lang='lat' dir='ltr'><strong>oratione,</strong></span> <span class='ocrx_word' id='word_1_900' title='bbox 3437 5406 3703 5459; x_wconf 78' lang='lat' dir='ltr'><strong>discatur.</strong></span> <span class='ocrx_word' id='word_1_901' title='bbox 3735 5403 3852 5457; x_wconf 80' lang='lat' dir='ltr'><strong>Huc</strong></span> <span class='ocrx_word' id='word_1_902' title='bbox 3874 5405 4021 5458; x_wconf 89' lang='lat' dir='ltr'><strong>enim</strong></span> 
     </span>
    </p>
   </div>
   <div class='ocr_carea' id='block_1_129' title="bbox 2441 5475 4022 5546">
    <p class='ocr_par' dir='ltr' id='par_1_129' title="bbox 2441 5475 4022 5546">
     <span class='ocr_line' id='line_1_129' title="bbox 2441 5475 4022 5546; baseline 0.001 -20"><span class='ocrx_word' id='word_1_903' title='bbox 2441 5479 2712 5546; x_wconf 68' lang='lat' dir='ltr'><strong>pertinent</strong></span> <span class='ocrx_word' id='word_1_904' title='bbox 2744 5477 3110 5546; x_wconf 87' lang='lat' dir='ltr'><strong>narrationes,</strong></span> <span class='ocrx_word' id='word_1_905' title='bbox 3142 5475 3610 5534; x_wconf 83' lang='lat' dir='ltr'><strong>contirmationes.</strong></span> <span class='ocrx_word' id='word_1_906' title='bbox 3641 5475 4022 5537; x_wconf 81' lang='lat' dir='ltr'><strong>rehitationes.</strong></span> 
     </span>
    </p>
   </div>
   <div class='ocr_carea' id='block_1_130' title="bbox 2440 5545 4022 5616">
    <p class='ocr_par' dir='ltr' id='par_1_130' title="bbox 2440 5545 4022 5616">
     <span class='ocr_line' id='line_1_130' title="bbox 2440 5545 4022 5616; baseline -0.003 -14"><span class='ocrx_word' id='word_1_907' title='bbox 2440 5545 2806 5607; x_wconf 85' lang='lat' dir='ltr'><strong>laudationes.</strong></span> <span class='ocrx_word' id='word_1_908' title='bbox 2843 5545 3317 5616; x_wconf 81' lang='lat' dir='ltr'><strong>ampliﬁcationes.</strong></span> <span class='ocrx_word' id='word_1_909' title='bbox 3372 5547 3827 5615; x_wconf 88' lang='lat' dir='ltr'><strong>comparationes,</strong></span> <span class='ocrx_word' id='word_1_910' title='bbox 3861 5555 3912 5598; x_wconf 91' lang='lat' dir='ltr'><strong>et</strong></span> <span class='ocrx_word' id='word_1_911' title='bbox 3970 5546 4022 5598; x_wconf 90' lang='lat' dir='ltr'><strong>id</strong></span> 
     </span>
    </p>
   </div>
   <div class='ocr_carea' id='block_1_131' title="bbox 2442 5616 4022 5688">
    <p class='ocr_par' dir='ltr' id='par_1_131' title="bbox 2442 5616 4022 5688">
     <span class='ocr_line' id='line_1_131' title="bbox 2442 5616 4022 5688; baseline -0.002 -16"><span class='ocrx_word' id='word_1_912' title='bbox 2442 5636 2633 5688; x_wconf 78' lang='lat' dir='ltr'><strong>genus.</strong></span> <span class='ocrx_word' id='word_1_913' title='bbox 2699 5619 2899 5674; x_wconf 80' lang='lat' dir='ltr'><strong>Eodem</strong></span> <span class='ocrx_word' id='word_1_914' title='bbox 2971 5620 3130 5672; x_wconf 86' lang='lat' dir='ltr'><strong>modo</strong></span> <span class='ocrx_word' id='word_1_915' title='bbox 3195 5620 3248 5670; x_wconf 90' lang='lat' dir='ltr'><strong>in</strong></span> <span class='ocrx_word' id='word_1_916' title='bbox 3307 5617 3667 5686; x_wconf 81' lang='lat' dir='ltr'><strong>sequentibus</strong></span> <span class='ocrx_word' id='word_1_917' title='bbox 3729 5616 4022 5688; x_wconf 62' lang='grc' dir='ltr'>ῥητορικὸν</span> 
     </span>
    </p>
   </div>
   <div class='ocr_carea' id='block_1_132' title="bbox 2444 5687 4023 5759">
    <p class='ocr_par' dir='ltr' id='par_1_132' title="bbox 2444 5687 4023 5759">
     <span class='ocr_line' id='line_1_132' title="bbox 2444 5687 4023 5759; baseline -0.002 -18"><span class='ocrx_word' id='word_1_918' title='bbox 2444 5687 2855 5759; x_wconf 79' lang='grc' dir='ltr'>προγύμνασμα</span> <span class='ocrx_word' id='word_1_919' title='bbox 2886 5689 2957 5742; x_wconf 93' lang='lat' dir='ltr'><strong>nil</strong></span> <span class='ocrx_word' id='word_1_920' title='bbox 3011 5688 3180 5754; x_wconf 86' lang='lat' dir='ltr'><strong>aliud,</strong></span> <span class='ocrx_word' id='word_1_921' title='bbox 3215 5704 3377 5755; x_wconf 85' lang='lat' dir='ltr'><strong>quam</strong></span> <span class='ocrx_word' id='word_1_922' title='bbox 3418 5687 3872 5759; x_wconf 26' lang='lat' dir='ltr'><strong>exercitatio‘per</strong></span> <span class='ocrx_word' id='word_1_923' title='bbox 3910 5687 4023 5739; x_wconf 85' lang='lat' dir='ltr'><strong>sin-</strong></span> 
     </span>
    </p>
   </div>
   <div class='ocr_carea' id='block_1_133' title="bbox 2443 5756 4020 5835">
    <p class='ocr_par' dir='ltr' id='par_1_133' title="bbox 2443 5756 4020 5835">
     <span class='ocr_line' id='line_1_133' title="bbox 2443 5756 4020 5835; baseline -0.003 -23"><span class='ocrx_word' id='word_1_924' title='bbox 2443 5756 2599 5829; x_wconf 83' lang='lat' dir='ltr'><strong>gulas</strong></span> <span class='ocrx_word' id='word_1_925' title='bbox 2634 5756 2946 5835; x_wconf 15' lang='lat' dir='ltr'><strong>iurationis“</strong></span> <span class='ocrx_word' id='word_1_926' title='bbox 2981 5770 3161 5835; x_wconf 77' lang='lat' dir='ltr'><strong>partes</strong></span> <span class='ocrx_word' id='word_1_927' title='bbox 3189 5801 3214 5835; x_wconf 33' lang='lat'><strong>,.</strong></span> <span class='ocrx_word' id='word_1_928' title='bbox 3258 5774 3505 5835; x_wconf 80' lang='lat' dir='ltr'><strong>quarum</strong></span> <span class='ocrx_word' id='word_1_929' title='bbox 3550 5758 3637 5835; x_wconf 15' lang='lat' dir='ltr'><strong>ibi;</strong></span> <span class='ocrx_word' id='word_1_930' title='bbox 3673 5756 4020 5835; x_wconf 63' lang='lat' dir='ltr'><strong>deﬁnitiones</strong></span> 
     </span>
    </p>
   </div>
   <div class='ocr_carea' id='block_1_134' title="bbox 2445 5827 4020 5898">
    <p class='ocr_par' dir='ltr' id='par_1_134' title="bbox 2445 5827 4020 5898">
     <span class='ocr_line' id='line_1_134' title="bbox 2445 5827 4020 5898; baseline 0 -16"><span class='ocrx_word' id='word_1_931' title='bbox 2445 5827 2845 5898; x_wconf 80' lang='lat' dir='ltr'><strong>proponuntur.</strong></span> <span class='ocrx_word' id='word_1_932' title='bbox 2913 5831 3067 5894; x_wconf 83' lang='lat' dir='ltr'><strong>Quod</strong></span> <span class='ocrx_word' id='word_1_933' title='bbox 3135 5829 3216 5885; x_wconf 87' lang='lat' dir='ltr'><strong>vel</strong></span> <span class='ocrx_word' id='word_1_934' title='bbox 3275 5847 3336 5884; x_wconf 77' lang='lat' dir='ltr'><strong>ex</strong></span> <span class='ocrx_word' id='word_1_935' title='bbox 3408 5831 3540 5898; x_wconf 67' lang='lat' dir='ltr'><strong>ipsis</strong></span> <span class='ocrx_word' id='word_1_936' title='bbox 3607 5827 4020 5884; x_wconf 73' lang='lat' dir='ltr'><strong>deﬁnitionibus</strong></span> 
     </span>
    </p>
   </div>
   <div class='ocr_carea' id='block_1_135' title="bbox 2435 5915 2677 5972">
    <p class='ocr_par' dir='ltr' id='par_1_135' title="bbox 2435 5915 2677 5972">
     <span class='ocr_line' id='line_1_135' title="bbox 2435 5915 2677 5972; baseline 0.012 -16"><span class='ocrx_word' id='word_1_937' title='bbox 2435 5915 2677 5972; x_wconf 68' lang='lat' dir='ltr'><strong>apparet.</strong></span> 
     </span>
    </p>
   </div>
  </div>
