4484 6462
783 385 921 448 1055

1977 377 2344 437 ΜΑΤΤΠἉΕῘ
2390 377 2475 438 C.-\
2491 381 2537 437 Μ
2553 379 2588 434 Λ
2605 380 2646 437 Β
2663 378 2847 438 lOT.E

3916 381 4051 444 1036

780 510 986 556 tionem
1017 499 1242 554 faciunt.
1277 497 1332 552 Si
1365 498 1495 566 quis
1538 498 1682 550 enim
1745 498 1930 550 minus
1991 505 2114 563 apte
2186 511 2366 549 mores
2398 504 2436 556 Α
2473 513 2551 548 rut

2281 511 2366 549 res
2398 504 2436 556 Α
2473 499 2743 562 πισμένου
2792 494 3017 564 δηλοῦσι
3059 495 3385 564 σαφήνειαν,
3413 494 3528 547 ἀλλ’
3563 494 3665 548 οὐκ
3713 495 3923 549 ἰδιώτου
3957 501 4051 551 καὶ

780 595 1048 655 imitatur,
1079 601 1129 644 et
1166 591 1214 642 vi
1248 589 1520 642 orationis
1564 604 1704 642 verae
1733 590 1903 642 utitur
1927 587 2362 642 circumstantiis

780 695 833 738 et
894 683 1178 738 sententiis
1221 679 1700 739 convenientibus,
1753 688 1806 732 et
1869 677 2058 746 liguiis
2111 677 2362 739 diversis.

782 775 874 828 sed
913 771 1190 825 contrario
1217 771 1327 824 hinc
1360 769 1512 822 eﬂ'ert
1575 768 1755 831 modo,
1828 785 1934 821 non
1989 767 2204 822 videtur
2262 770 2365 823 lide

781 866 978 934 dignus
1016 871 1224 916 orator.
1253 861 1408 927 Quod
1449 868 1628 913 autem
1676 860 1996 926 magnitudo
2048 861 2237 913 eadem
2296 860 2366 914 sit

781 973 905 1009 cum
932 957 1222 1025 gravitate,
1261 969 1418 1008 nemo
1469 962 1652 1018 negat.
1709 952 1798 1006 Vis
1827 969 1976 1015 vero,
2010 954 2366 1021 quemadmo-

781 1051 910 1101 dum
948 1046 1208 1109 diximus,
1267 1054 1371 1109 est,
1431 1045 1690 1099 omnibus
1751 1045 1834 1098 his
1897 1045 2000 1098 rite
2059 1048 2158 1099 uti.
2225 1044 2366 1098 Sunt

783 1143 947 1208 igitur
979 1148 1218 1206 quatuor
1250 1140 1480 1191 virtutes
1511 1138 1799 1192 rhetoricae
1829 1138 2124 1202 orationis,
2152 1141 2366 1208 perspi-

780 1234 980 1293 cuitas,
1009 1231 1270 1293 brevitas,
1315 1230 1692 1297 probabilitas,
1719 1229 1980 1296 gravitas.
2025 1229 2090 1283 Et
2131 1231 2199 1284 ab
2235 1232 2367 1301 ipsis

781 1327 886 1388 vis,
914 1341 1038 1391 quae
1068 1326 1120 1378 in
1143 1334 1260 1378 arte
1293 1325 1657 1390 principatum
1685 1323 1920 1378 obtinet.

850 1418 1045 1472 Videat
1093 1419 1260 1485 igitur
1299 1417 1556 1483 quilibet,
1617 1417 1707 1477 qui
1771 1418 1934 1477 volet,
1994 1427 2105 1471 tum
2164 1416 2364 1469 librum

779 1509 1588 1576 partitionemconvenientem,
1625 1523 1746 1575 qua:
1773 1517 2009 1575 quatuor
2042 1505 2368 1558 narrationis

778 1601 1192 1669 comprehendit
1222 1600 1456 1652 virtutes
1490 1600 1815 1662 rhetoricas,
1843 1608 1896 1652 et
1933 1613 2038 1651 una
2069 1612 2192 1650 cum
2231 1596 2367 1662 ipsis

723 1713 726 1715 ·
778 1694 886 1746 vim
916 1693 1350 1764 gravitatemque
1409 1690 1809 1751 continentem,
1838 1689 2104 1756 scriptum
2141 1703 2169 1742 a
2220 1687 2367 1740 Rhe-

782 1793 900 1836 tore
965 1799 1028 1836 ex
1096 1782 1515 1836 Mercurialibus
1551 1781 1744 1839 antris.
1777 1795 1898 1846 quae
1921 1780 2172 1847 Orpheus
2210 1795 2367 1848 pera-

779 1891 966 1944 grasse
995 1874 1215 1937 dicitur,
1249 1883 1294 1927 et
1317 1873 1690 1942 circumjectis
1714 1873 1783 1926 ibi
1808 1872 2035 1927 callibus
2061 1875 2366 1939 praeruptis,

779 1983 918 2034 quas
949 1967 1240 2028 Isocrates,
1267 1979 1320 2020 et
1354 1967 1564 2037 Lysias,
1598 1975 1649 2019 et
1686 1965 2105 2025 Demosthenes.
2144 1981 2365 2020 eorum-

780 2077 884 2128 que
913 2062 1197 2124 coretanei,
1220 2071 1271 2114 et
1304 2077 1408 2112 una
1439 2074 1560 2112 cuni
1596 2059 1728 2127 ipsis
1761 2060 1916 2127 pauci
1940 2059 2106 2126 aliqui
2128 2075 2364 2128 occupa-

779 2163 974 2208 verunt
999 2164 1267 2206 oratores.
1301 2153 1418 2205 Non
1448 2160 1628 2205 autem
1675 2152 1777 2204 ista
1817 2151 1918 2204 lori
1985 2162 2362 2220 purgamenta,

778 2244 968 2297 eodem
996 2258 1213 2312 semper
1277 2241 1441 2294 modo
1493 2241 1720 2294 vetustis
1749 2241 1854 2295 illis
1910 2253 2123 2308 ornata,
2167 2258 2365 2311 neque,

781 2335 922 2397 illos,
958 2336 1154 2401 quibus
1209 2333 1382 2403 Syrus
1446 2332 1652 2385 Rbetor
1677 2332 1830 2392 dicit,
1867 2343 1920 2385 et
1951 2332 2145 2398 ligneis
2171 2334 2367 2388 vestris

780 2426 1299 2481 ronversationibus
1341 2423 1618 2477 inﬂantur.
1681 2423 1909 2490 Oportet
1962 2434 2144 2478 autem
2203 2425 2370 2493 probe

780 2517 1135 2571 consulturos
1172 2532 1302 2576 non,
1359 2515 1624 2584 exigendo
1679 2515 1768 2582 jus
1801 2530 1985 2577 omne,
2013 2531 2232 2579 nocere,
2275 2517 2368 2570 sed

780 2611 1056 2664 afferenda
1081 2611 1153 2672 id,
1188 2609 1331 2679 quod
1354 2625 1571 2678 aequum
1607 2619 1710 2670 est,
1735 2609 2034 2662 utilitatem
2070 2608 2289 2662 afferre.

2469 589 2761 650 ἀκαλλοῦς.
2807 587 2870 642 ’11
2921 587 3192 658 γοργότης
3245 588 3302 640 δὲ
3361 589 3625 657 συντομία
3683 590 3796 655 (15)
3834 591 4051 654 πάντως

2471 683 2613 734 ἐστί.
2646 683 2720 734 Τὸ
2759 676 2889 749 ἦθος
2923 683 3015 734 καὶ
3044 681 3075 747 ή
3108 679 3343 748 ἀλήθεια
3380 681 3503 747 (14)
3522 682 3615 734 τὸν
3643 682 3871 735 πιθανὸν
3893 683 4053 749 λόγον

2474 773 2746 826 ποιοῦσιν.
2780 775 2842 825 El
2875 773 2982 842 γὰρ
3023 772 3095 842 μὴ
3148 773 3443 842 προσφυῶς
3476 791 3558 833 τις
3588 777 3810 842 μιμιῗτο
3843 777 3910 826 τὰ
3948 776 4052 843 ἤθη

2470 863 2564 917 καὶ
2609 866 2674 933 τῇ
2704 863 2944 932 ὲμφάσει
2974 863 3069 916 τοῦ
3099 863 3368 932 ἀληθινοῦ
3402 863 3562 929 λόγου
3600 864 3780 931 χρῷτο
3809 867 3920 926 τοῖς
3956 883 4055 916 πε-

2474 957 2828 1023 ριστατικοῖς,
2884 955 2975 1006 καὶ
3017 957 3137 1015 ταῖς
3172 954 3472 1006 ἐπιεικέσιν
3514 955 3768 1016 ἐννοίαις,
3810 955 3902 1006 καὶ
3941 955 4054 1015 τοῖς

2469 1047 2840 1108 διστακτικοῖς
2877 1047 3181 1114 σχήμασιν,
3229 1045 3346 1098 ἀλλ’
3398 1045 3643 1097 ὲναντῖον
3678 1046 3849 1098 ταῦτα
3888 1046 4052 1112 ἐκφέ-

2474 1155 2590 1208 ρεν
2623 1139 2721 1190 οὐκ
2757 1139 2820 1191 ἂν
2851 1139 3079 1201 πιθανὸς
3112 1139 3286 1201 δόξειε
3325 1141 3532 1210 ῥήτωρ.
3566 1140 3638 1191 Τὸ
3675 1141 3906 1208 μέγεοος
3942 1142 4053 1208 (15)

2470 1231 2547 1294 δὲ,
2583 1233 2663 1283 ὅτι
2699 1231 2894 1283 ταυτόν
2931 1233 3046 1282 ἔστι
3095 1233 3159 1299 τῇ
3212 1232 3696 1303 μεγαλοπρεπείᾳ,
3737 1236 3911 1296 οὐδεὶς
3963 1236 4057 1286 ἀν-

2470 1325 2642 1392 τερεῖ.
2692 1323 2752 1376 Ἠ
2791 1324 3034 1390 δεινότης
3061 1324 3172 1390 (16)
3202 1326 3282 1388 δὲ,
3311 1325 3499 1394 ὥσπερ
3535 1328 3770 1395 ἔφημεν.
3804 1328 3862 1381 τὸ
3893 1330 3971 1389 εἰς
3996 1328 4056 1392 τδ

2469 1413 2588 1465 δέον
2635 1414 2846 1475 τούτοις
2903 1418 3041 1466 πᾶσι
3094 1419 3356 1484 χρῆσθαι.
3400 1419 3679 1488 Τέσσαρες
3718 1417 3811 1474 οὖν
3864 1424 4058 1491 ἀρεταὶ

2473 1506 2775 1576 ῥητορικοῦ
2814 1507 2997 1574 λόγου,
3051 1509 3346 1574 σαφήνεια,
3392 1511 3686 1577 συντομία,
3733 1513 4056 1582 πιθανότης,

2475 1597 2948 1667 μεγαλοπρέπεια,
3011 1599 3106 1650 κα).
3163 1598 3252 1649 ἐπ’
3315 1602 3505 1662 αὑταῖς
3563 1604 3594 1670 ἡ
3655 1603 3902 1672 δεινότης
3961 1606 4058 1672 τῆς

2472 1685 2672 1754 τέχνης
2728 1687 2788 1738 τὸ
2825 1686 3205 1754 ἀκροκόρυωον
3264 1687 3400 1754 (17).
3450 1687 3665 1755 Ὀράτω
3714 1689 3845 1756 γοῦν
3897 1692 4000 1751 πᾶς
4032 1691 4059 1741 ὁ

2477 1777 2803 1846 βουλόμενος
2867 1780 2962 1833 καὶ
3022 1779 3121 1845 τὴν
3185 1779 3366 1848 βίϐλον
3421 1780 3521 1848 τὴν
3587 1782 3819 1848 μερικὴν
3877 1799 4058 1848 χρονι-

2477 1873 2580 1939 κὴν
2627 1871 2763 1940 (18),
2825 1873 3201 1940 πρωτοτύπως
3239 1873 3359 1939 μὲν.
3413 1873 3446 1942 ἦ
3505 1873 3602 1934 τὰς
3654 1875 3930 1942 τέσσαρας
3961 1874 4062 1939 τῆς

2477 1966 2793 2032 διηγήσεως
2845 1965 2958 2031 ἔχει
3009 1965 3309 2033 ῥητορικὰς
3360 1965 3581 2032 ἀρετὰς,
3612 1968 3704 2018 καὶ
3742 1967 3839 2016 σὺν
3871 1965 4062 2025 αὑταῖς

2474 2057 2673 2109 ἔπειτα
2726 2058 2824 2124 τὴν
2880 2057 3172 2122 δεινότητα
3223 2057 3366 2108 κατὰ
3403 2057 3610 2126 ῥήτορα
3658 2058 3941 2124 γράφοντα
3975 2056 4062 2108 διὰ

2473 2147 2583 2200 τῶν
2654 2148 2973 2216 Ἐρμαῖκῶν
3009 2148 3224 2215 ἄντρων
3279 2148 3428 2216 (11)),
3489 2142 3562 2198 ὧν
3622 2149 3854 2216 Ὀρφεὺς
3910 2148 4062 2213 λέγει

2477 2240 2846 2309 διαδραμόντα
2909 2241 3000 2292 καὶ
3054 2241 3144 2292 διὰ
3197 2239 3304 2292 τῶν
3365 2241 3787 2308 παρακρήμιων
3839 2241 4066 2292 ἐκείνων

2476 2332 2820 2398 ἁτραπιτῶν,
2858 2332 2922 2392 ἃς
2965 2333 3283 2400 Ἰσοκράτης
3336 2333 3429 2383 καὶ
3489 2332 3718 2393 Λυσίας,
3757 2332 3848 2383 καὶ
3882 2333 4062 2400 Δημο⁴

2479 2425 2702 2491 σθένης,
2754 2424 2849 2475 καὶ
2895 2426 2942 2475 οἱ
2978 2423 3271 2492 ὁμόχρονοι
3303 2424 3530 2487 τούτων,
3584 2425 3678 2476 καὶ
3715 2423 3831 2492 μετ’
3865 2423 4067 2485 αὐτοὺς

2476 2518 2653 2582 ὀλίγοι
2705 2517 2847 2578 τινὲς
2883 2515 3174 2585 διέδραμον
3227 2518 3483 2584 ῥήτορες,
3517 2515 3652 2568 ἀλλὰ
3693 2517 3767 2585 μὴ
3817 2517 3958 2568 κατὰ
3998 2517 4066 2568 τὰ

2474 2611 2714 2678 ἀγοραῖα
2773 2608 3109 2676 καθάρματα
3163 2608 3231 2660 τὰ
3289 2606 3364 2674 τῷ
3426 2607 3583 2668 ἄττα,
3633 2610 3729 2660 καὶ
3785 2607 3861 2676 τῷ
3923 2603 4068 2660 κᾶτα

779 2701 1230 2770 ὲναμὸλυνόμενα
1270 2701 1409 2768 (9.0),
1452 2701 1549 2752 καὶ
1611 2691 1692 2762 οἷς
1739 2699 1926 2761 ἄλλοις
1986 2699 2013 2750 ὁ
2071 2700 2243 2770 Σύρος
2297 2701 2481 2771 ῥήτωρ
2562 2700 2676 2771 (21)
2734 2701 2892 2770 φησι,
2945 2701 3038 2754 καὶ
3096 2703 3218 2764 ταῖς
3277 2700 3432 2768 σφῶν
3489 2700 3776 2765 ὑποξύλοις
3855 2721 4066 2772 συμμο-

780 2822 944 2871 etiam
995 2819 1220 2882 plebeias
1265 2834 1326 2871 ac
1381 2817 1587 2884 vulgari
1640 2816 1900 2880 orationi,
1935 2833 2056 2884 qua!
2109 2834 2208 2871 nec
2238 2819 2362 2872 aliis

779 2894 940 2945 rebus
967 2889 1036 2942 ab
1065 2892 1311 2942 oratione
1341 2901 1532 2940 ornata
1557 2899 1879 2955 i-ouiptaque
1906 2897 1959 2941 et
1987 2888 2138 2958 gravi
2165 2888 2362 2943 distiu-

779 2962 984 3030 griilttt‘.

856 3031 969 3099 (15)
1005 3033 1311 3096 rom-dmi;
1347 3027 1413 3081 δὲ
1446 3029 1769 3091 συντομία.
1795 3027 1979 3080 Tertia
2035 3029 2176 3090 idea,
2200 3044 2361 3096 quam

780 3113 1063 3167 cuiuparat
1093 3117 1215 3151 eum
1256 3104 1455 3151 virtute
1485 3099 1748 3160 secunda,
1768 3108 1820 3151 et
1846 3099 2091 3151 eamdem
2122 3101 2196 3154 ait.
2219 3116 2360 3155 esse.

2474 2820 2603 2874 dare
2651 2835 2788 2886 opus
2838 2819 3162 2873 Tlieodectis
3211 2825 3304 2871 aut
3353 2817 3648 2871 Minuciani
3686 2821 3886 2882 potius,
3920 2823 4066 2887 quod

2477 2892 2724 2945 lirniatur
2767 2907 2851 2948 eo.
2885 2891 3141 2956 quoniam
3200 2890 3373 2957 ipsum
3419 2890 3563 2941 hunc
3602 2889 3970 2943 Minoi-ianum
4011 2893 4066 2946 in

2476 2961 2916 3027 prmceilentibus
2980 2959 3215 3026 appellat
3279 2959 3496 3024 φύσεως
3559 2959 3713 3011 Beia:
3789 2979 4064 3028 μετεσχη-

2474 3032 2585 3092 κώς
2620 3032 3024 3096 (distinguenda
3058 3031 3200 3082 enim
3247 3030 3470 3081 omnino
3500 3043 3560 3079 ea
3613 3031 3775 3082 vei-lia
3808 3034 3834 3082 Ξ]
3868 3048 4068 3097 prmon-

2478 3103 2733 3156 dentibus
2789 3101 3182 3171 τεχνογράφος,
3247 3109 3298 3153 et
3351 3100 3420 3171 ad
3483 3099 3855 3153 Minucianum
3925 3103 4067 3154 rele-

781 3173 893 3235 Ego
931 3188 1058 3223 vero
1107 3171 1337 3223 multum
1387 3185 1585 3222 censi‘o
1619 3169 1854 3222 dilferre.
1895 3169 2168 3236 Συντομῐα
2219 3175 2364 3224 enim
2397 3172 2436 3228 C
2472 3172 2685 3239 renda).
2721 3172 2839 3225 Jam
2875 3169 3019 3224 ivero
3073 3171 3200 3224 illud
3253 3169 3455 3236 optime
3511 3187 3634 3223 cuni
3686 3186 3750 3222 eo
3790 3175 4066 3233 convenit,

785 3244 908 3295 talis
947 3242 997 3292 in
1073 3241 1318 3295 oratione
1375 3240 1629 3294 breiitas.
1667 3240 1882 3306 quando
1928 3255 2264 3304 qumcunque
2301 3244 2367 3296 ad

782 3312 1286 3376 ampliﬁcationem,
1345 3311 1788 3367 illustrationem.
1842 3311 2366 3365 circumductionem

782 3383 1010 3441 l-cirmt,
1049 3383 1415 3447 prmciduntur
1466 3381 1672 3441 omnia,
1704 3394 1880 3445 eaque
1913 3379 2219 3433 alit-runtur
2254 3393 2372 3434 tan-

785 3463 918 3512 tum.
961 3468 1080 3516 quze
1113 3451 1437 3519 simpliciter
1469 3461 1596 3502 sunt
1633 3450 1965 3512 necessaria,
1993 3451 2108 3503 sine
2137 3452 2373 3505 circum-

785 3523 1151 3584 stantiarum,
1211 3536 1540 3583 causaruiu,
1597 3529 1652 3574 et
1705 3519 1964 3572 similium
2029 3520 2369 3588 adjecrinnc,

786 3593 1003 3645 etiamsi
1061 3595 1112 3644 in
1165 3594 1280 3659 ipsa
1336 3589 1586 3641 oratione
1638 3600 1886 3659 respectu
1928 3590 2215 3644 Verborum
2263 3593 2374 3644 lor-

783 3658 1396 3730 muIai-nmqueSomnia
1430 3660 1534 3711 sint
1581 3661 1756 3728 plena.
1805 3658 1951 3730 'l‘alis
1991 3659 2100 3713 l'ere
2134 3662 2372 3717 brevitas

788 3729 1233 3798 Laconum’l'uit,
1278 3733 1330 3783 in
1383 3729 1714 3796 quotidianis
1761 3729 1923 3783 etiam
1969 3731 2374 3798 colloquiis.At

785 3805 853 3853 ab
901 3805 999 3856 hac
1050 3803 1207 3871 longe
1253 3801 1435 3856 dill'crt
1482 3801 1773 3866 γοργότης,
1826 3814 1944 3866 quzc
2002 3800 2179 3854 locum
2234 3818 2373 3869 smpe

786 3874 947 3926 habet
1002 3884 1139 3939 tum,
1178 3888 1300 3924 eum
1353 3888 1456 3924 non
1511 3872 1671 3923 modo
1710 3872 2040 3930 necessaria,
2073 3872 2164 3924 sed
2209 3888 2373 3940 prope

787 3943 1061 4009 suiieiﬂua
1097 3943 1466 4004 addueuiitur,
1499 3951 1550 3993 et
1582 3941 1834 3994 consistit
1867 3941 1917 3990 iu
1953 3941 2066 4005 ipsa
2106 3943 2374 3997 brevitate

785 4016 1018 4073 quadam
1058 4013 1475 4069 sententiarum.
1518 4013 1832 4073 verborum,
1877 4010 2258 4071 formularum.
2292 4024 2368 4078 ut,

784 4084 923 4147 Quid
981 4085 1144 4152 igitur
1198 4083 1437 4151 faciam?
1480 4098 1581 4133 non
1639 4081 1799 4133 eum?
1834 4097 1897 4132 ne
1945 4098 2084 4133 nunc
2138 4086 2369 4152 quidem,

793 4171 909 4207 cum
949 4151 1188 4207 atrersor
1245 4156 1424 4207 ultro?
1474 4151 1732 4211 Exclusit,
1787 4162 2010 4215 revocat,
2055 4151 2374 4206 redenmne?

790 4223 932 4289 Non,
976 4228 1020 4278 δί
1061 4242 1137 4276 me
1189 4226 1440 4277 obsecret.
1481 4225 1653 4289 Atque
1701 4222 1823 4274 tzilis
1869 4221 2125 4288 frequens
2161 4225 2211 4275 in
2255 4224 2374 4276 Sal-

783 4297 970 4356 lustio,
999 4312 1158 4363 quem
1217 4297 1286 4348 ob
1329 4308 1548 4347 causam
1609 4295 1747 4344 hanc
1795 4307 1901 4343 non
1956 4293 2113 4360 pauci
2154 4295 2371 4348 brevem

787 4368 1084 4434 appellant.

856 4433 1171 4503 (15)Ἦθος
1195 4435 1291 4487 καὶ
1318 4435 1355 4500 ἠ
1381 4435 1656 4502 ἀλήθεια.
1683 4431 1887 4497 Quarta
1921 4441 1975 4486 et
2002 4433 2194 4502 quinta
2229 4433 2370 4502 idea,

786 4517 1139 4572 comparatur
1173 4522 1293 4556 eum
1323 4507 1522 4556 virtute,
1557 4504 1736 4558 tertia.

862 4578 974 4641 (14)
1021 4577 1089 4629 Td
1128 4575 1396 4640 μέγεθος.
1430 4576 1593 4626 Sexta
1625 4573 1980 4642 Hermogenis
2012 4577 2150 4629 idea.

859 4648 970 4716 (l6)
1011 4650 1078 4699 'H
1111 4646 1403 4710 δεινότης.
1442 4644 1611 4709 Quam
1650 4645 1934 4716 distinguit
1970 4655 2154 4698 noster
2184 4660 2211 4698 a
2242 4647 2370 4700 reli-

788 4721 912 4786 quis
945 4729 1179 4784 quatuor
1208 4716 1520 4775 viituiibus,
1558 4716 1682 4768 licet
1718 4730 1822 4767 non
1875 4715 2038 4768 faciat
2073 4717 2367 4781 diversam,

787 4805 909 4842 Cum
946 4791 1016 4840 ml
1066 4787 1207 4838 aliud
1263 4787 1356 4849 sit,
1383 4801 1546 4853 quam
1583 4787 1813 4837 idoneus
1865 4787 2077 4838 illarum
2109 4787 2370 4840 virtutum

787 4874 943 4911 usus.
979 4858 1110 4910 Vide
1145 4873 1262 4915 qua:
1290 4859 1403 4924 ipse
1439 4857 1504 4908 de
1533 4871 1596 4907 ea
1633 4857 1790 4908 habet
1829 4857 1879 4906 in
1914 4856 2368 4922 praecedentibus,

788 4939 841 4983 et
872 4945 970 4981 nos
1001 4941 1124 4978 ante
1152 4927 1410 4977 diximus.
1907 4991 1910 4994 γ

855 5000 966 5067 (17)
1013 4998 1079 5050 Τὸ
1128 4996 1568 5063 dupe/adposcere.
1620 4994 1785 5049 ReCte
1847 5013 1860 5050 :
1928 4996 2370 5062 quandoquidem

789 5070 996 5137 absque
1041 5067 1144 5118 hac
1199 5067 1420 5131 reliqum
1468 5069 1701 5116 virtutes
1748 5081 1937 5120 omnes
1989 5069 2062 5118 nil
2112 5069 2368 5132 clliciunt,

785 5154 963 5202 neque.
996 5141 1152 5188 linem
1188 5152 1344 5188 Suum
1379 5143 1812 5200 consequuntur.

858 5208 969 5277 (l8)
1001 5211 1117 5271 Τὶιν
1138 5207 1396 5272 μερικὴν
1427 5206 1738 5272 mormur.
1762 5210 1931 5270 Quem
1963 5221 2146 5261 nosler
2171 5207 2372 5261 librum

784 5280 1038 5347 iniigitet
1082 5294 1186 5328 non
1245 5291 1551 5344 pronip.um
1592 5286 1673 5329 est
1707 5277 1938 5330 delinire
1964 5293 1984 5331 :
2015 5294 2191 5345 neque
2225 5283 2371 5331 enim

786 5350 1074 5416 quisquam
1112 5358 1213 5408 est,
1249 5360 1508 5412 quantum
1551 5362 1647 5398 nos
1690 5351 1912 5416 Suillius,
1950 5364 2038 5414 qm
2081 5351 2132 5401 ιιι
2185 5351 2372 5400 I‘liclo-

785 5425 900 5470 l'lCt)
937 5415 1276 5484 argumento
1340 5417 1535 5468 I'lirum
1591 5415 1822 5468 ediderit
1872 5420 1972 5470 sub
2033 5419 2134 5474 lioc
2193 5422 2371 5471 titulo.

783 5490 922 5553 Quia
983 5498 1157 5538 tamen
1208 5487 1478 5553 sequitur,
1517 5488 1659 5537 κατὰ
1705 5488 1909 5554 ῥήτορα
1953 5491 2254 5556 γράφοντα,
2295 5492 2372 5540 iti-

783 5559 977 5617 ducor,
1001 5566 1057 5608 ut
1088 5557 1416 5620 existimem,
1456 5557 1812 5625 Hermogenis
1841 5561 2162 5626 partitiones
2202 5560 2373 5626 signi-

786 5629 959 5680 ﬁcari.
998 5626 1102 5679 Sed
1156 5629 1359 5687 obstat,
1403 5628 1546 5695 quod
1588 5627 1856 5679 rhetorem
1909 5645 2034 5681 eum
2100 5630 2283 5682 laudet
2322 5631 2375 5681 in

789 5697 1168 5767 sequentibus,
1192 5711 1379 5748 contra
1415 5700 1724 5764 vituperare
1758 5697 1927 5750 soleat
1958 5699 2375 5767 Hermogenem,

789 5767 886 5818 Vn
921 5771 1062 5819 enim
1115 5769 1218 5818 dici
1281 5777 1456 5834 potest
1507 5779 1614 5819 tam
1669 5769 1919 5821 celeriter
1978 5785 2055 5820 sui
2119 5772 2379 5822 dementi-

787 5855 954 5894 itu-5e.
995 5839 1135 5906 Ergo
1168 5854 1335 5904 magis
1367 5848 1467 5904 est,
1507 5846 1564 5889 ut
1595 5849 1846 5906 putemus
1880 5840 2101 5909 aliquod
2143 5842 2226 5894 hic
2258 5841 2380 5893 Liu—

2477 3244 2617 3310 qnod
2647 3245 2708 3294 de
2741 3253 2897 3296 antro
2915 3241 3164 3294 Mercurii
3195 3241 3458 3308 sequitur.
3490 3243 3602 3292 lino
3636 3241 3848 3292 videtur
3873 3244 4071 3295 Noster

2479 3314 2614 3366 nihil
2646 3313 2789 3366 aliud
2825 3329 2982 3382 agere
3022 3313 3108 3364 his
3155 3311 3358 3368 verbis.
3402 3325 3565 3374 quam
3607 3321 3664 3362 ut
3710 3313 3936 3364 redueat
3969 3328 4070 3365 nos

2477 3385 2542 3435 ad
2599 3383 2748 3435 illum
2805 3381 2980 3448 ipSum
3020 3393 3325 3442 auctorem,
3363 3381 3505 3432 unde
3540 3383 3664 3438 ista.
3698 3397 3818 3448 quae
3846 3383 3912 3435 de
3956 3383 4066 3435 vir-

2478 3455 2685 3506 tuiibns
2743 3454 3011 3508 orationis
3074 3452 3322 3510 tradidit,
3371 3450 3697 3515 desumpsit.
3746 3451 3836 3503 Ille
3887 3462 4069 3505 autem

2478 3540 2584 3574 non
2617 3523 3012 3592 Hermogenes.
3052 3523 3142 3577 sed
3171 3531 3228 3574 ut
3258 3523 3374 3587 ipse
3412 3523 3487 3572 ait
3521 3521 3579 3592 in
3611 3521 4068 3586 prmceilentibus,

2477 3589 2963 3648 b'liniicianus—est.
2992 3593 3146 3659 Quod
3175 3593 3219 3646 si
3264 3592 3377 3657 ipse
3412 3606 3515 3642 non
3552 3589 4072 3652 dix’issehconstare

2479 3673 2656 3716 tamen
2695 3675 2899 3729 porerat
2952 3682 3013 3717 ex
3048 3680 3133 3724 eo,
3168 3677 3288 3715 esse
3343 3661 3531 3720 alium,
3567 3676 3726 3726 quam
3778 3660 4075 3728 Hermoge-

2479 3751 2625 3788 nem.
2661 3736 2752 3800 qui
2789 3735 2878 3788 hic
2909 3735 3268 3802 signiﬁcatur.
3297 3733 3557 3802 quoniam
3598 3745 3858 3794 expresse
3897 3733 4072 3798 loqui-

2479 3813 2565 3856 tur
2595 3804 2661 3856 de
2697 3815 2936 3872 quatuor
2971 3801 3265 3857 virtutibus
3315 3801 3605 3872 orationis,
3639 3801 3705 3852 de
3753 3803 3952 3868 quibus
3989 3806 4073 3854 ni-

2481 3875 2551 3926 hil
2577 3870 2790 3943 scripsit
2829 3874 3218 3944 Hermogenes,
3244 3870 3334 3944 sed
3394 3872 3458 3922 de
3487 3871 3624 3922 ldeis
3681 3883 3908 3944 septem.
3951 3887 4074 3939 qua!

2481 3951 2642 3999 modo
2692 3945 2921 4009 majore.
2961 3943 3120 3998 modo
3181 3943 3395 3996 minore
3469 3955 3696 3995 numero
3749 3943 3800 3994 iu
3857 3945 4071 3997 virtuti-

2480 4016 2582 4069 bus
2618 4017 2738 4070 istis
2774 4017 3280 4079 deprehenduntur.

2550 4085 2660 4153 (19)
2699 4084 3033 4152 Ἐρμαϊχών
3081 4086 3336 4152 ἄντρων.
3371 4083 3575 4137 Alludit
3631 4084 3696 4136 ad
3739 4084 3971 4142 fabulam
4007 4084 4074 4136 de

2479 4157 2722 4224 Orpheo,
2756 4155 2848 4223 qui
2898 4157 3098 4209 dicitur
3151 4156 3321 4223 lyram
3361 4157 3637 4212 accepisse
3687 4157 3752 4208 ab
3799 4156 4069 4223 Apolline,

2478 4227 2570 4295 qui
2623 4243 2741 4279 eam
2777 4229 3029 4292 princeps
3065 4237 3349 4290 acceperat
3389 4241 3417 4276 ιι
3457 4225 3727 4278 Mercurio
3784 4227 4071 4278 inventore

2478 4300 2597 4360 eius
2625 4298 2676 4350 in
2710 4296 2950 4366 Cyllene,
2980 4308 3158 4349 uionte
3190 4295 3456 4347 Arcadiae.
3499 4295 3627 4350 Vide
3652 4296 3853 4366 llygin.
3879 4297 3970 4347 lib.
4009 4311 4069 4359 ιι,

2484 4367 2621 4420 Fab.
2653 4368 2733 4420 vel
2762 4365 3013 4434 respicit
3060 4366 3296 4419 fabulam
3351 4367 3513 4418 aliam
3550 4367 3614 4418 de
3650 4365 3922 4420 Mercurio
3973 4381 4072 4418 cu-

2481 4439 2688 4490 mulum
2740 4438 2924 4490 iiescio
2970 4452 3132 4505 quem
3191 4435 3458 4488 honorum
3493 4446 3747 4489 servante
3787 4439 3839 4488 in
3890 4445 4072 4499 antro,

2407 4518 2449 4571 υ
2483 4509 2627 4560 unde
2678 4508 2947 4562 sumsisse
2999 4506 3360 4558 eruditiooem
3402 4520 3555 4556 suam
3593 4507 3769 4560 aiebat
3803 4505 4070 4574 Orpbeus.

2481 4579 2686 4632 Fabula
2719 4588 2802 4632 est
2831 4577 2971 4646 apud
2995 4577 3227 4629 1zetzeu
3249 4583 3301 4626 et
3333 4576 3606 4646 Orpheum
3640 4577 3815 4644 ipsum
3845 4578 3894 4628 in
3933 4577 4072 4628 libro

2480 4649 2546 4702 de
2605 4644 2878 4713 geminis._
2926 4648 3077 4700 Adde
3131 4646 3276 4700 Junii
3347 4644 3681 4714 AdaO-ioruin
3741 4646 3899 4700 Cent.
3975 4662 4069 4710 vii,

2483 4720 2547 4771 ad
2587 4719 2676 4771 86.

2554 4789 2663 4856 (20)
2695 4787 2776 4852 Τῷ
2798 4787 2944 4841 ἄττα
2975 4789 3071 4840 καὶ
3099 4787 3178 4848 τῷ
3218 4780 3369 4841 κᾶτα
3403 4787 3927 4855 ἐναμὸλυνόμενα.
3961 4787 4069 4842 Ge-

2482 4875 2585 4912 nus
2616 4859 2872 4928 loiincudi
2909 4859 3271 4928 proverbiale,
3320 4868 3375 4910 ut
3407 4861 3688 4922 existimo,
3723 4870 3856 4926 puto
3886 4871 4068 4912 autem

3763 4930 4071 4997 siguilicare

2555 5001 2668 5064 (‘2!)
2717 5003 2777 5052 '0
2814 5000 3003 5066 Σύρος
3032 4999 3251 5066 ῥήτωρ.
3306 5000 3438 5066 Quis
3485 5000 3569 5053 hic
3609 4997 3779 5068 Syrus
3833 5001 4068 5053 rhetor?

2483 5076 2562 5123 An
2599 5074 2700 5124 hoc
2734 5076 3015 5138 proprium
3046 5072 3162 5134 ejus
3199 5070 3441 5125 nomen?
3476 5086 3601 5121 num
3643 5071 3822 5135 potius
3849 5071 4072 5123 desunt-

2484 5153 2631 5209 ptuin
2667 5160 2692 5193 a
2730 5143 2946 5209 patria?
2985 5142 3178 5210 Syrum
3234 5157 3367 5194 sane
3421 5142 3638 5206 proprio
3687 5146 3910 5193 nomine
3957 5144 4070 5193 scio

2484 5213 2755 5264 neminem
2810 5213 3132 5264 llhctoruiu.
3173 5213 3238 5262 At
3269 5228 3330 5262 ex
3376 5210 3530 5278 Syria
3561 5211 3848 5277 quosdam,
3903 5213 4070 5263 inter-

2485 5297 2590 5349 qne
2620 5298 2711 5350 eos
2751 5283 3194 5332 Andromachitni
3249 5280 3468 5350 Syrum,
3520 5283 3610 5346 qui
3649 5282 3781 5332 vixit
3813 5282 4069 5346 tempori-

2488 5353 2588 5403 bus
2623 5349 2790 5404 Taciti
2829 5361 2878 5404 et
2914 5351 3189 5402 Aureliani
3229 5349 3402 5417 imper
3445 5359 3645 5412 torum,
3686 5355 3759 5403 uti
3803 5353 4068 5404 discimus

2485 5437 2547 5473 ex
2584 5420 2828 5488 Eunapio
2878 5421 2994 5473 Vita
3030 5421 3335 5488 Porphyrii.
3375 5419 3502 5473 Item
3543 5419 3834 5486 Sopatrum
3873 5423 4066 5490 Syrum

2485 5507 2546 5544 ex
2596 5495 2781 5542 eodem
2837 5501 3102 5551 auctore,
3152 5494 3242 5558 qui
3297 5491 3426 5542 vixit
3475 5501 3595 5556 post
3640 5504 3880 5556 tempora
3925 5492 4072 5545 Cou-

2485 5561 2732 5614 stautini.
2766 5561 2865 5613 Sed
2918 5573 2972 5613 et
3006 5563 3265 5628 magister
3300 5562 3419 5628 ejus
3462 5559 3797 5614 Jamblicbus
3834 5563 3933 5615 luit
3970 5561 4070 5629 Sy-

2488 5639 2601 5691 i'tls,
2639 5643 2799 5682 natus
2835 5631 3071 5691 Chalcis,
3112 5631 3301 5699 Syrias.
3336 5644 3455 5698 qua:
3494 5629 3644 5684 Coele
3686 5634 3903 5689 dicitur.
3935 5634 4067 5683 civi-

2488 5712 2596 5754 tate
2629 5702 2934 5753 iiotissiuia.
2985 5702 3059 5754 Ac
3093 5701 3329 5755 fortasse
3365 5715 3469 5753 non
3510 5702 3646 5753 alius
3701 5707 3801 5755 hoc
3853 5703 3900 5753 in
3949 5705 4069 5757 loco

2489 5773 2824 5836 indignatur,
2861 5774 3302 5840 qiiaiidoqtiidciii
3339 5783 3391 5825 et
3428 5773 3743 5828 nominatus
3784 5785 3865 5827 cst
3895 5772 3944 5825 in
3975 5790 4069 5826 su-

2490 5842 2818 5911 [b.‘I’lUIIllu:.
