  <div class='ocr_page' id='page_1' title='image "/cluster/home/n/w/nwhite01/storage/ocr_20150623/160/nnc1.0046980687/540.png"; bbox 0 0 4484 6462; ppageno 0'>
   <div class='ocr_carea' id='block_1_1' title="bbox 443 401 574 467">
    <p class='ocr_par' dir='ltr' id='par_1_1' title="bbox 443 401 574 467">
     <span class='ocr_line' id='line_1_1' title="bbox 443 401 574 467; baseline -0.008 0"><span class='ocrx_word' id='word_1_1' title='bbox 443 401 574 467; x_wconf 72' lang='lat'><strong>1061</strong></span> 
     </span>
    </p>
   </div>
   <div class='ocr_carea' id='block_1_2' title="bbox 1469 399 2636 462">
    <p class='ocr_par' dir='ltr' id='par_1_2' title="bbox 1469 399 2636 462">
     <span class='ocr_line' id='line_1_2' title="bbox 1469 399 2636 462; baseline 0.003 -3"><span class='ocrx_word' id='word_1_2' title='bbox 1469 403 1559 459; x_wconf 77' lang='lat' dir='ltr'><strong>LA</strong></span> <span class='ocrx_word' id='word_1_3' title='bbox 1575 399 1970 462; x_wconf 79' lang='lat' dir='ltr'><strong>MENTATIO</strong></span> <span class='ocrx_word' id='word_1_4' title='bbox 1995 402 2091 462; x_wconf 89' lang='lat' dir='ltr'><strong>DE</strong></span> <span class='ocrx_word' id='word_1_5' title='bbox 2130 400 2354 461; x_wconf 79' lang='lat' dir='ltr'><strong>CPOLI</strong></span> <span class='ocrx_word' id='word_1_6' title='bbox 2379 399 2636 462; x_wconf 76' lang='lat' dir='ltr'><strong>CAPTA.</strong></span> 
     </span>
    </p>
   </div>
   <div class='ocr_carea' id='block_1_3' title="bbox 3551 396 3696 470">
    <p class='ocr_par' dir='ltr' id='par_1_3' title="bbox 3551 396 3696 470">
     <span class='ocr_line' id='line_1_3' title="bbox 3551 396 3696 470; baseline -0.014 -10"><span class='ocrx_word' id='word_1_7' title='bbox 3551 396 3696 470; x_wconf 67' lang='lat'><strong>106.9.</strong></span> 
     </span>
    </p>
   </div>
   <div class='ocr_carea' id='block_1_4' title="bbox 437 512 2208 593">
    <p class='ocr_par' dir='ltr' id='par_1_4' title="bbox 437 513 2208 593">
     <span class='ocr_line' id='line_1_4' title="bbox 437 513 2208 593; baseline 0.001 -25"><span class='ocrx_word' id='word_1_8' title='bbox 437 514 920 593; x_wconf 48' lang='lat' dir='ltr'><strong>xvodpsvapdvov,</strong></span> <span class='ocrx_word' id='word_1_9' title='bbox 964 514 1102 569; x_wconf 77' lang='grc' dir='ltr'>ἀλλὰ</span> <span class='ocrx_word' id='word_1_10' title='bbox 1154 516 1247 568; x_wconf 76' lang='grc' dir='ltr'>καὶ</span> <span class='ocrx_word' id='word_1_11' title='bbox 1297 517 1358 567; x_wconf 85' lang='grc' dir='ltr'><strong>τδ</strong></span> <span class='ocrx_word' id='word_1_12' title='bbox 1389 513 1550 582; x_wconf 84' lang='grc' dir='ltr'>σῶμα</span> <span class='ocrx_word' id='word_1_13' title='bbox 1582 515 1876 579; x_wconf 81' lang='grc' dir='ltr'><strong>κόπτοντα,</strong></span> <span class='ocrx_word' id='word_1_14' title='bbox 1916 516 2009 570; x_wconf 81' lang='grc' dir='ltr'>καὶ</span> <span class='ocrx_word' id='word_1_15' title='bbox 2036 518 2084 577; x_wconf 75' lang='grc' dir='ltr'><strong>Α</strong></span> <span class='ocrx_word' id='word_1_16' title='bbox 2113 529 2208 570; x_wconf 89' lang='lat' dir='ltr'><strong>ace</strong></span> 
     </span>
    </p>
   </div>
   <div class='ocr_carea' id='block_1_5' title="bbox 1920 512 3691 593">
    <p class='ocr_par' dir='ltr' id='par_1_5' title="bbox 1920 512 3691 582">
     <span class='ocr_line' id='line_1_5' title="bbox 1920 512 3691 582; baseline -0.001 -14"><span class='ocrx_word' id='word_1_17' title='bbox 1920 516 2009 570; x_wconf 81' lang='grc' dir='ltr'>καὶ</span> <span class='ocrx_word' id='word_1_18' title='bbox 2036 518 2084 577; x_wconf 76' lang='grc' dir='ltr'><strong>Α</strong></span> <span class='ocrx_word' id='word_1_19' title='bbox 2113 515 2490 570; x_wconf 81' lang='lat' dir='ltr'><strong>acerbissima.</strong></span> <span class='ocrx_word' id='word_1_20' title='bbox 2546 513 2679 567; x_wconf 82' lang='lat' dir='ltr'><strong>Nam</strong></span> <span class='ocrx_word' id='word_1_21' title='bbox 2713 512 2932 568; x_wconf 87' lang='lat' dir='ltr'><strong>visurus</strong></span> <span class='ocrx_word' id='word_1_22' title='bbox 2982 523 3101 568; x_wconf 83' lang='lat' dir='ltr'><strong>erat</strong></span> <span class='ocrx_word' id='word_1_23' title='bbox 3139 521 3287 568; x_wconf 90' lang='lat' dir='ltr'><strong>certe</strong></span> <span class='ocrx_word' id='word_1_24' title='bbox 3335 512 3447 577; x_wconf 88' lang='lat' dir='ltr'><strong>illa,</strong></span> <span class='ocrx_word' id='word_1_25' title='bbox 3482 528 3604 582; x_wconf 65' lang='lat' dir='ltr'><strong>quae</strong></span> <span class='ocrx_word' id='word_1_26' title='bbox 3638 525 3691 567; x_wconf 79' lang='lat' dir='ltr'><strong>et</strong></span> 
     </span>
    </p>
   </div>
   <div class='ocr_carea' id='block_1_6' title="bbox 435 604 2010 684">
    <p class='ocr_par' dir='ltr' id='par_1_6' title="bbox 435 604 2010 684">
     <span class='ocr_line' id='line_1_6' title="bbox 435 604 2010 684; baseline 0 -26"><span class='ocrx_word' id='word_1_27' title='bbox 435 609 656 676; x_wconf 76' lang='grc' dir='ltr'><strong>μυρίαις</strong></span> <span class='ocrx_word' id='word_1_28' title='bbox 718 607 850 658; x_wconf 78' lang='grc' dir='ltr'>αὑτὸ</span> <span class='ocrx_word' id='word_1_29' title='bbox 897 605 1300 684; x_wconf 46' lang='grc' dir='ltr'>ταλαιίπωρίαις</span> <span class='ocrx_word' id='word_1_30' title='bbox 1355 604 1861 667; x_wconf 77' lang='grc' dir='ltr'>καθυποϐάλλοντα,</span> <span class='ocrx_word' id='word_1_31' title='bbox 1916 606 2010 658; x_wconf 83' lang='grc' dir='ltr'>νύ-</span> 
     </span>
    </p>
   </div>
   <div class='ocr_carea' id='block_1_7' title="bbox 433 695 2006 767">
    <p class='ocr_par' dir='ltr' id='par_1_7' title="bbox 433 695 2006 767">
     <span class='ocr_line' id='line_1_7' title="bbox 433 695 2006 767; baseline 0 -17"><span class='ocrx_word' id='word_1_32' title='bbox 433 715 579 767; x_wconf 79' lang='grc' dir='ltr'>κτωρ</span> <span class='ocrx_word' id='word_1_33' title='bbox 606 698 700 750; x_wconf 74' lang='grc' dir='ltr'>καὶ</span> <span class='ocrx_word' id='word_1_34' title='bbox 735 696 1078 766; x_wconf 79' lang='grc' dir='ltr'>μεθημέραν.</span> <span class='ocrx_word' id='word_1_35' title='bbox 1211 697 1488 766; x_wconf 76' lang='grc' dir='ltr'>δὴ-θρηνῶ</span> <span class='ocrx_word' id='word_1_36' title='bbox 1519 714 1622 765; x_wconf 78' lang='grc' dir='ltr'><strong>μου</strong></span> <span class='ocrx_word' id='word_1_37' title='bbox 1650 695 1739 747; x_wconf 74' lang='grc' dir='ltr'><strong>τὸν</strong></span> <span class='ocrx_word' id='word_1_38' title='bbox 1769 699 2006 766; x_wconf 78' lang='grc' dir='ltr'>πατέρα.</span> 
     </span>
    </p>
   </div>
   <div class='ocr_carea' id='block_1_8' title="bbox 432 782 2009 857">
    <p class='ocr_par' dir='ltr' id='par_1_8' title="bbox 432 782 2009 857">
     <span class='ocr_line' id='line_1_8' title="bbox 432 782 2009 857; baseline -0.001 -18"><span class='ocrx_word' id='word_1_39' title='bbox 432 786 546 854; x_wconf 71' lang='grc' dir='ltr'>ἃμα</span> <span class='ocrx_word' id='word_1_40' title='bbox 583 786 684 855; x_wconf 82' lang='grc' dir='ltr'>μὲν</span> <span class='ocrx_word' id='word_1_41' title='bbox 724 785 943 853; x_wconf 81' lang='grc' dir='ltr'>πατρίδι</span> <span class='ocrx_word' id='word_1_42' title='bbox 994 783 1394 850; x_wconf 82' lang='grc' dir='ltr'>συνεαλωκότα,</span> <span class='ocrx_word' id='word_1_43' title='bbox 1447 787 1543 837; x_wconf 65' lang='grc' dir='ltr'><strong>καλ⁷</strong></span> <span class='ocrx_word' id='word_1_44' title='bbox 1596 785 1805 838; x_wconf 85' lang='grc' dir='ltr'>δούλιον</span> <span class='ocrx_word' id='word_1_45' title='bbox 1851 782 2009 857; x_wconf 83' lang='grc' dir='ltr'>ἦμαρ</span> 
     </span>
    </p>
   </div>
   <div class='ocr_carea' id='block_1_9' title="bbox 433 875 2005 946">
    <p class='ocr_par' dir='ltr' id='par_1_9' title="bbox 433 875 2005 946">
     <span class='ocr_line' id='line_1_9' title="bbox 433 875 2005 946; baseline -0.001 -16"><span class='ocrx_word' id='word_1_46' title='bbox 433 879 634 939; x_wconf 81' lang='grc' dir='ltr'><strong>ἰδόντα,</strong></span> <span class='ocrx_word' id='word_1_47' title='bbox 660 880 963 945; x_wconf 72' lang='grc' dir='ltr'><strong>ποιητικῶς</strong></span> <span class='ocrx_word' id='word_1_48' title='bbox 1000 877 1196 937; x_wconf 77' lang='grc' dir='ltr'>εἰπεῖν,</span> <span class='ocrx_word' id='word_1_49' title='bbox 1232 875 1349 945; x_wconf 77' lang='grc' dir='ltr'>ἅμα</span> <span class='ocrx_word' id='word_1_50' title='bbox 1391 876 1448 928; x_wconf 77' lang='grc' dir='ltr'>δὲ</span> <span class='ocrx_word' id='word_1_51' title='bbox 1486 880 1552 946; x_wconf 79' lang='grc' dir='ltr'>τῇ</span> <span class='ocrx_word' id='word_1_52' title='bbox 1603 876 1856 946; x_wconf 72' lang='grc' dir='ltr'>αἰσθήσει</span> <span class='ocrx_word' id='word_1_53' title='bbox 1906 878 2005 945; x_wconf 79' lang='grc' dir='ltr'>τῆς</span> 
     </span>
    </p>
   </div>
   <div class='ocr_carea' id='block_1_10' title="bbox 430 968 2008 1038">
    <p class='ocr_par' dir='ltr' id='par_1_10' title="bbox 430 968 2008 1038">
     <span class='ocr_line' id='line_1_10' title="bbox 430 968 2008 1038; baseline -0.001 -16"><span class='ocrx_word' id='word_1_54' title='bbox 430 970 697 1036; x_wconf 81' lang='grc' dir='ltr'>ἀδοκήτου</span> <span class='ocrx_word' id='word_1_55' title='bbox 754 970 846 1021; x_wconf 69' lang='grc' dir='ltr'>καὶ</span> <span class='ocrx_word' id='word_1_56' title='bbox 884 968 1280 1038; x_wconf 75' lang='grc' dir='ltr'><strong>χαλεπωτάτης</strong></span> <span class='ocrx_word' id='word_1_57' title='bbox 1320 968 1532 1037; x_wconf 77' lang='grc' dir='ltr'><strong>ἐκείνης</strong></span> <span class='ocrx_word' id='word_1_58' title='bbox 1567 970 1811 1032; x_wconf 73' lang='grc' dir='ltr'><strong>δουλείας</strong></span> <span class='ocrx_word' id='word_1_59' title='bbox 1848 971 2008 1022; x_wconf 84' lang='grc' dir='ltr'>πολε-</span> 
     </span>
    </p>
   </div>
   <div class='ocr_carea' id='block_1_11' title="bbox 433 1060 2010 1132">
    <p class='ocr_par' dir='ltr' id='par_1_11' title="bbox 433 1060 2010 1132">
     <span class='ocr_line' id='line_1_11' title="bbox 433 1060 2010 1132; baseline 0.001 -21"><span class='ocrx_word' id='word_1_60' title='bbox 433 1061 532 1132; x_wconf 61' lang='grc' dir='ltr'><strong>μία⁵</strong></span> <span class='ocrx_word' id='word_1_61' title='bbox 595 1062 740 1129; x_wconf 80' lang='grc' dir='ltr'>χειρὶ</span> <span class='ocrx_word' id='word_1_62' title='bbox 783 1062 843 1111; x_wconf 74' lang='grc' dir='ltr'>τὸ</span> <span class='ocrx_word' id='word_1_63' title='bbox 908 1060 1010 1129; x_wconf 75' lang='grc' dir='ltr'>ζῇν</span> <span class='ocrx_word' id='word_1_64' title='bbox 1060 1060 1479 1126; x_wconf 71' lang='grc' dir='ltr'>ἀπολελοιπότα,</span> <span class='ocrx_word' id='word_1_65' title='bbox 1515 1061 1652 1131; x_wconf 80' lang='grc' dir='ltr'>πρὶν</span> <span class='ocrx_word' id='word_1_66' title='bbox 1712 1060 1820 1113; x_wconf 83' lang='grc' dir='ltr'><strong>τῶν</strong></span> <span class='ocrx_word' id='word_1_67' title='bbox 1869 1061 2010 1129; x_wconf 70' lang='grc' dir='ltr'>μετὰ</span> 
     </span>
    </p>
   </div>
   <div class='ocr_carea' id='block_1_12' title="bbox 428 1149 2006 1219">
    <p class='ocr_par' dir='ltr' id='par_1_12' title="bbox 428 1149 2006 1219">
     <span class='ocr_line' id='line_1_12' title="bbox 428 1149 2006 1219; baseline 0.001 -15"><span class='ocrx_word' id='word_1_68' title='bbox 428 1153 603 1205; x_wconf 77' lang='grc' dir='ltr'>ταῦτα</span> <span class='ocrx_word' id='word_1_69' title='bbox 640 1149 838 1219; x_wconf 85' lang='grc' dir='ltr'>πεῖῥαν</span> <span class='ocrx_word' id='word_1_70' title='bbox 872 1152 1063 1204; x_wconf 78' lang='grc' dir='ltr'>λαῦεἶν</span> <span class='ocrx_word' id='word_1_71' title='bbox 1113 1152 1327 1215; x_wconf 80' lang='grc' dir='ltr'>δεινῶν,</span> <span class='ocrx_word' id='word_1_72' title='bbox 1374 1152 1660 1219; x_wconf 78' lang='grc' dir='ltr'><strong>ἑπομένων</strong></span> <span class='ocrx_word' id='word_1_73' title='bbox 1705 1153 1919 1205; x_wconf 82' lang='grc' dir='ltr'>πολλῶν</span> <span class='ocrx_word' id='word_1_74' title='bbox 1953 1170 2006 1205; x_wconf 87' lang='grc' dir='ltr'><strong>τε</strong></span> 
     </span>
    </p>
   </div>
   <div class='ocr_carea' id='block_1_13' title="bbox 429 1243 2008 1314">
    <p class='ocr_par' dir='ltr' id='par_1_13' title="bbox 429 1243 2008 1314">
     <span class='ocr_line' id='line_1_13' title="bbox 429 1243 2008 1314; baseline 0.002 -18"><span class='ocrx_word' id='word_1_75' title='bbox 429 1246 524 1296; x_wconf 72' lang='grc' dir='ltr'>καὶ</span> <span class='ocrx_word' id='word_1_76' title='bbox 559 1243 836 1311; x_wconf 82' lang='grc' dir='ltr'>μεγάλων·</span> <span class='ocrx_word' id='word_1_77' title='bbox 883 1243 1021 1296; x_wconf 83' lang='grc' dir='ltr'>ἀλλά</span> <span class='ocrx_word' id='word_1_78' title='bbox 1052 1245 1148 1296; x_wconf 73' lang='lat' dir='ltr'><strong>xz‘t</strong></span> <span class='ocrx_word' id='word_1_79' title='bbox 1179 1243 1534 1314; x_wconf 72' lang='grc' dir='ltr'><strong>παραμυθίας</strong></span> <span class='ocrx_word' id='word_1_80' title='bbox 1573 1244 1706 1298; x_wconf 76' lang='grc' dir='ltr'>αὑτὸ</span> <span class='ocrx_word' id='word_1_81' title='bbox 1734 1246 1800 1314; x_wconf 81' lang='grc' dir='ltr'>δὴ</span> <span class='ocrx_word' id='word_1_82' title='bbox 1848 1247 2008 1299; x_wconf 73' lang='grc' dir='ltr'>τοῦτο</span> 
     </span>
    </p>
   </div>
   <div class='ocr_carea' id='block_1_14' title="bbox 435 1335 2008 1406">
    <p class='ocr_par' dir='ltr' id='par_1_14' title="bbox 435 1335 2008 1406">
     <span class='ocr_line' id='line_1_14' title="bbox 435 1335 2008 1406; baseline 0.002 -19"><span class='ocrx_word' id='word_1_83' title='bbox 435 1336 694 1402; x_wconf 76' lang='grc' dir='ltr'>ποιοῦμαι</span> <span class='ocrx_word' id='word_1_84' title='bbox 719 1336 974 1386; x_wconf 89' lang='grc' dir='ltr'>ὑπόθεσιν</span> <span class='ocrx_word' id='word_1_85' title='bbox 1002 1339 1058 1388; x_wconf 77' lang='grc' dir='ltr'>ἐν</span> <span class='ocrx_word' id='word_1_86' title='bbox 1091 1336 1209 1397; x_wconf 77' lang='grc' dir='ltr'>ταῖς</span> <span class='ocrx_word' id='word_1_87' title='bbox 1238 1335 1654 1406; x_wconf 79' lang='grc' dir='ltr'>κατειληφυίαις</span> <span class='ocrx_word' id='word_1_88' title='bbox 1683 1339 1831 1406; x_wconf 76' lang='grc' dir='ltr'>ἡμᾶς</span> <span class='ocrx_word' id='word_1_89' title='bbox 1869 1355 2008 1406; x_wconf 87' lang='grc' dir='ltr'>συμ-</span> 
     </span>
    </p>
   </div>
   <div class='ocr_carea' id='block_1_15' title="bbox 434 1413 2045 1503">
    <p class='ocr_par' dir='ltr' id='par_1_15' title="bbox 434 1413 2045 1503">
     <span class='ocr_line' id='line_1_15' title="bbox 434 1413 2045 1503; baseline 0.004 -27"><span class='ocrx_word' id='word_1_90' title='bbox 434 1429 644 1494; x_wconf 73' lang='grc' dir='ltr'>φοραῖς.</span> <span class='ocrx_word' id='word_1_91' title='bbox 680 1413 740 1478; x_wconf 69' lang='lat' dir='ltr'><strong>Ei</strong></span> <span class='ocrx_word' id='word_1_92' title='bbox 769 1427 824 1478; x_wconf 80' lang='grc' dir='ltr'>δέ</span> <span class='ocrx_word' id='word_1_93' title='bbox 847 1445 924 1497; x_wconf 88' lang='grc' dir='ltr'>τῳ</span> <span class='ocrx_word' id='word_1_94' title='bbox 955 1427 1154 1494; x_wconf 75' lang='grc' dir='ltr'>πικρὸν</span> <span class='ocrx_word' id='word_1_95' title='bbox 1182 1428 1329 1480; x_wconf 74' lang='grc' dir='ltr'>δοκεῖ</span> <span class='ocrx_word' id='word_1_96' title='bbox 1380 1429 1441 1482; x_wconf 80' lang='grc' dir='ltr'><strong>τὺ</strong></span> <span class='ocrx_word' id='word_1_97' title='bbox 1478 1430 1570 1499; x_wconf 78' lang='grc' dir='ltr'>βίᾳ</span> <span class='ocrx_word' id='word_1_98' title='bbox 1598 1429 1696 1498; x_wconf 80' lang='grc' dir='ltr'>τῆς</span> <span class='ocrx_word' id='word_1_99' title='bbox 1723 1421 2007 1503; x_wconf 73' lang='grc' dir='ltr'>παρούσης</span> <span class='ocrx_word' id='word_1_100' title='bbox 2037 1422 2045 1430; x_wconf 68' lang='grc'><strong>’</strong></span> 
     </span>
    </p>
   </div>
   <div class='ocr_carea' id='block_1_16' title="bbox 433 1517 2008 1591">
    <p class='ocr_par' dir='ltr' id='par_1_16' title="bbox 433 1517 2008 1591">
     <span class='ocr_line' id='line_1_16' title="bbox 433 1517 2008 1591; baseline 0.002 -23"><span class='ocrx_word' id='word_1_101' title='bbox 433 1518 573 1586; x_wconf 80' lang='grc' dir='ltr'>ζωῆς</span> <span class='ocrx_word' id='word_1_102' title='bbox 603 1517 936 1589; x_wconf 79' lang='grc' dir='ltr'><strong>ὑπεξελθεῖν,</strong></span> <span class='ocrx_word' id='word_1_103' title='bbox 957 1517 1122 1591; x_wconf 80' lang='lat' dir='ltr'><strong>[forte</strong></span> <span class='ocrx_word' id='word_1_104' title='bbox 1152 1520 1478 1590; x_wconf 76' lang='grc' dir='ltr'>πολεμίους]</span> <span class='ocrx_word' id='word_1_105' title='bbox 1497 1521 1770 1589; x_wconf 85' lang='grc' dir='ltr'>πολεμούς</span> <span class='ocrx_word' id='word_1_106' title='bbox 1791 1537 1850 1574; x_wconf 93' lang='grc' dir='ltr'><strong>τε</strong></span> <span class='ocrx_word' id='word_1_107' title='bbox 1878 1521 2008 1574; x_wconf 77' lang='grc' dir='ltr'>ἰδεῖν</span> 
     </span>
    </p>
   </div>
   <div class='ocr_carea' id='block_1_17' title="bbox 433 1609 2008 1680">
    <p class='ocr_par' dir='ltr' id='par_1_17' title="bbox 433 1609 2008 1680">
     <span class='ocr_line' id='line_1_17' title="bbox 433 1609 2008 1680; baseline 0.003 -21"><span class='ocrx_word' id='word_1_108' title='bbox 433 1609 812 1676; x_wconf 76' lang='grc' dir='ltr'>ἐσπασμένους</span> <span class='ocrx_word' id='word_1_109' title='bbox 850 1609 1147 1680; x_wconf 77' lang='grc' dir='ltr'>μαχαίρας,</span> <span class='ocrx_word' id='word_1_110' title='bbox 1193 1609 1413 1677; x_wconf 75' lang='grc' dir='ltr'>φονικὸν</span> <span class='ocrx_word' id='word_1_111' title='bbox 1459 1611 1558 1663; x_wconf 77' lang='grc' dir='ltr'>καὶ</span> <span class='ocrx_word' id='word_1_112' title='bbox 1611 1610 1872 1672; x_wconf 86' lang='grc' dir='ltr'>πνέοντας</span> <span class='ocrx_word' id='word_1_113' title='bbox 1911 1611 2008 1664; x_wconf 74' lang='grc' dir='ltr'>καὶ</span> 
     </span>
    </p>
   </div>
   <div class='ocr_carea' id='block_1_18' title="bbox 432 1701 2006 1774">
    <p class='ocr_par' dir='ltr' id='par_1_18' title="bbox 432 1701 2006 1774">
     <span class='ocr_line' id='line_1_18' title="bbox 432 1701 2006 1774; baseline 0.004 -24"><span class='ocrx_word' id='word_1_114' title='bbox 432 1701 694 1767; x_wconf 82' lang='grc' dir='ltr'>ὁρῶντας,</span> <span class='ocrx_word' id='word_1_115' title='bbox 714 1701 810 1751; x_wconf 77' lang='grc' dir='ltr'>καὶ</span> <span class='ocrx_word' id='word_1_116' title='bbox 828 1702 1042 1768; x_wconf 82' lang='grc' dir='ltr'>πληγάς</span> <span class='ocrx_word' id='word_1_117' title='bbox 1064 1701 1420 1766; x_wconf 66' lang='grc' dir='ltr'>ἐντείνοντας,</span> <span class='ocrx_word' id='word_1_118' title='bbox 1443 1702 1475 1770; x_wconf 75' lang='grc' dir='ltr'>ἢ</span> <span class='ocrx_word' id='word_1_119' title='bbox 1501 1703 1639 1755; x_wconf 87' lang='grc' dir='ltr'><strong>κατά</strong></span> <span class='ocrx_word' id='word_1_120' title='bbox 1655 1703 1761 1755; x_wconf 83' lang='grc' dir='ltr'>τῶν</span> <span class='ocrx_word' id='word_1_121' title='bbox 1778 1721 2006 1774; x_wconf 83' lang='grc' dir='ltr'>καιριω-</span> 
     </span>
    </p>
   </div>
   <div class='ocr_carea' id='block_1_19' title="bbox 432 1791 2005 1865">
    <p class='ocr_par' dir='ltr' id='par_1_19' title="bbox 432 1791 2005 1865">
     <span class='ocr_line' id='line_1_19' title="bbox 432 1791 2005 1865; baseline 0.003 -21"><span class='ocrx_word' id='word_1_122' title='bbox 432 1791 630 1857; x_wconf 80' lang='grc' dir='ltr'>τάτων,</span> <span class='ocrx_word' id='word_1_123' title='bbox 666 1792 756 1845; x_wconf 80' lang='grc' dir='ltr'>ἵνα</span> <span class='ocrx_word' id='word_1_124' title='bbox 778 1792 842 1862; x_wconf 69' lang='grc' dir='ltr'>δὴ</span> <span class='ocrx_word' id='word_1_125' title='bbox 870 1794 1062 1846; x_wconf 83' lang='grc' dir='ltr'>θᾶττον</span> <span class='ocrx_word' id='word_1_126' title='bbox 1085 1794 1326 1863; x_wconf 79' lang='grc' dir='ltr'>ἀπολίπῃ</span> <span class='ocrx_word' id='word_1_127' title='bbox 1366 1794 1426 1846; x_wconf 75' lang='grc' dir='ltr'>τὸ</span> <span class='ocrx_word' id='word_1_128' title='bbox 1453 1795 1552 1864; x_wconf 77' lang='grc' dir='ltr'>ζῇν</span> <span class='ocrx_word' id='word_1_129' title='bbox 1578 1796 1607 1847; x_wconf 87' lang='grc' dir='ltr'><strong>ό</strong></span> <span class='ocrx_word' id='word_1_130' title='bbox 1637 1796 2005 1865; x_wconf 85' lang='grc' dir='ltr'>πληττόμενος</span> 
     </span>
    </p>
   </div>
   <div class='ocr_carea' id='block_1_20' title="bbox 2112 600 3686 670">
    <p class='ocr_par' dir='ltr' id='par_1_20' title="bbox 2112 600 3686 670">
     <span class='ocr_line' id='line_1_20' title="bbox 2112 600 3686 670; baseline -0.001 -13"><span class='ocrx_word' id='word_1_131' title='bbox 2112 603 2236 657; x_wconf 86' lang='lat' dir='ltr'><strong>aliis</strong></span> <span class='ocrx_word' id='word_1_132' title='bbox 2293 603 2628 668; x_wconf 80' lang='lat' dir='ltr'><strong>acciderent,</strong></span> <span class='ocrx_word' id='word_1_133' title='bbox 2658 600 2710 657; x_wconf 77' lang='grc' dir='ltr'>ἐι</span> <span class='ocrx_word' id='word_1_134' title='bbox 2735 602 2790 656; x_wconf 79' lang='grc' dir='ltr'>ἐἰ</span> <span class='ocrx_word' id='word_1_135' title='bbox 2818 601 2921 670; x_wconf 89' lang='lat' dir='ltr'><strong>ipsi</strong></span> <span class='ocrx_word' id='word_1_136' title='bbox 2953 603 3275 658; x_wconf 82' lang='lat' dir='ltr'><strong>sustinenda</strong></span> <span class='ocrx_word' id='word_1_137' title='bbox 3314 602 3570 668; x_wconf 80' lang='lat' dir='ltr'><strong>fuissent,</strong></span> <span class='ocrx_word' id='word_1_138' title='bbox 3597 619 3686 656; x_wconf 89' lang='lat' dir='ltr'><strong>su-</strong></span> 
     </span>
    </p>
   </div>
   <div class='ocr_carea' id='block_1_21' title="bbox 2114 693 3687 762">
    <p class='ocr_par' dir='ltr' id='par_1_21' title="bbox 2114 693 3687 762">
     <span class='ocr_line' id='line_1_21' title="bbox 2114 693 3687 762; baseline -0.001 -14"><span class='ocrx_word' id='word_1_139' title='bbox 2114 693 2227 748; x_wconf 92' lang='lat' dir='ltr'><strong>bito</strong></span> <span class='ocrx_word' id='word_1_140' title='bbox 2286 694 2341 748; x_wconf 92' lang='lat' dir='ltr'><strong>in</strong></span> <span class='ocrx_word' id='word_1_141' title='bbox 2369 703 2577 748; x_wconf 86' lang='lat' dir='ltr'><strong>tantam</strong></span> <span class='ocrx_word' id='word_1_142' title='bbox 2601 694 2726 747; x_wconf 74' lang='lat' dir='ltr'><strong>vitae</strong></span> <span class='ocrx_word' id='word_1_143' title='bbox 2745 695 3233 749; x_wconf 74' lang='lat' dir='ltr'><strong>commutationem</strong></span> <span class='ocrx_word' id='word_1_144' title='bbox 3271 693 3641 762; x_wconf 67' lang='lat' dir='ltr'><strong>praecipitatus</strong></span> <span class='ocrx_word' id='word_1_145' title='bbox 3671 709 3687 746; x_wconf 74' lang='grc' dir='ltr'><strong>τ</strong></span> 
     </span>
    </p>
   </div>
   <div class='ocr_carea' id='block_1_22' title="bbox 2112 785 3688 855">
    <p class='ocr_par' dir='ltr' id='par_1_22' title="bbox 2112 785 3688 855">
     <span class='ocr_line' id='line_1_22' title="bbox 2112 785 3688 855; baseline -0.003 -15"><span class='ocrx_word' id='word_1_146' title='bbox 2112 801 2232 855; x_wconf 68' lang='lat' dir='ltr'><strong>quae</strong></span> <span class='ocrx_word' id='word_1_147' title='bbox 2263 785 2401 840; x_wconf 85' lang='lat' dir='ltr'><strong>mala</strong></span> <span class='ocrx_word' id='word_1_148' title='bbox 2426 800 2532 839; x_wconf 90' lang='lat' dir='ltr'><strong>non</strong></span> <span class='ocrx_word' id='word_1_149' title='bbox 2564 787 2630 839; x_wconf 84' lang='lat' dir='ltr'><strong>ad</strong></span> <span class='ocrx_word' id='word_1_150' title='bbox 2659 786 2906 839; x_wconf 88' lang='lat' dir='ltr'><strong>animum</strong></span> <span class='ocrx_word' id='word_1_151' title='bbox 2937 786 3114 839; x_wconf 85' lang='lat' dir='ltr'><strong>solum</strong></span> <span class='ocrx_word' id='word_1_152' title='bbox 3153 794 3475 853; x_wconf 71' lang='lat' dir='ltr'><strong>perventura</strong></span> <span class='ocrx_word' id='word_1_153' title='bbox 3505 795 3688 845; x_wconf 83' lang='lat' dir='ltr'><strong>erant,</strong></span> 
     </span>
    </p>
   </div>
   <div class='ocr_carea' id='block_1_23' title="bbox 2110 875 3686 945">
    <p class='ocr_par' dir='ltr' id='par_1_23' title="bbox 2110 875 3686 945">
     <span class='ocr_line' id='line_1_23' title="bbox 2110 875 3686 945; baseline -0.003 -13"><span class='ocrx_word' id='word_1_154' title='bbox 2110 877 2205 932; x_wconf 85' lang='lat' dir='ltr'><strong>sed</strong></span> <span class='ocrx_word' id='word_1_155' title='bbox 2233 892 2437 945; x_wconf 86' lang='lat' dir='ltr'><strong>corpus</strong></span> <span class='ocrx_word' id='word_1_156' title='bbox 2480 878 2642 931; x_wconf 89' lang='lat' dir='ltr'><strong>etiam</strong></span> <span class='ocrx_word' id='word_1_157' title='bbox 2671 875 2961 942; x_wconf 78' lang='lat' dir='ltr'><strong>aﬂlictura,</strong></span> <span class='ocrx_word' id='word_1_158' title='bbox 2994 887 3048 930; x_wconf 90' lang='lat' dir='ltr'><strong>et</strong></span> <span class='ocrx_word' id='word_1_159' title='bbox 3078 875 3380 929; x_wconf 83' lang='lat' dir='ltr'><strong>innumeris</strong></span> <span class='ocrx_word' id='word_1_160' title='bbox 3426 875 3686 929; x_wconf 70' lang='lat' dir='ltr'><strong>mrumnis</strong></span> 
     </span>
    </p>
   </div>
   <div class='ocr_carea' id='block_1_24' title="bbox 2111 965 3685 1041">
    <p class='ocr_par' dir='ltr' id='par_1_24' title="bbox 2111 965 3685 1041">
     <span class='ocr_line' id='line_1_24' title="bbox 2111 965 3685 1041; baseline -0.006 -13"><span class='ocrx_word' id='word_1_161' title='bbox 2111 973 2450 1040; x_wconf 76' lang='lat' dir='ltr'><strong>subiectura.</strong></span> <span class='ocrx_word' id='word_1_162' title='bbox 2474 971 2638 1041; x_wconf 87' lang='lat' dir='ltr'><strong>idque</strong></span> <span class='ocrx_word' id='word_1_163' title='bbox 2673 971 2789 1025; x_wconf 88' lang='lat' dir='ltr'><strong>dies</strong></span> <span class='ocrx_word' id='word_1_164' title='bbox 2822 979 2876 1024; x_wconf 87' lang='lat' dir='ltr'><strong>et</strong></span> <span class='ocrx_word' id='word_1_165' title='bbox 2905 977 3114 1024; x_wconf 86' lang='lat' dir='ltr'><strong>noctes.</strong></span> <span class='ocrx_word' id='word_1_166' title='bbox 3151 965 3270 1021; x_wconf 83' lang='lat' dir='ltr'><strong>Non</strong></span> <span class='ocrx_word' id='word_1_167' title='bbox 3299 966 3462 1036; x_wconf 89' lang='lat' dir='ltr'><strong>igitur</strong></span> <span class='ocrx_word' id='word_1_168' title='bbox 3499 966 3685 1034; x_wconf 90' lang='lat' dir='ltr'><strong>lugeo.</strong></span> 
     </span>
    </p>
   </div>
   <div class='ocr_carea' id='block_1_25' title="bbox 2112 1059 3687 1135">
    <p class='ocr_par' dir='ltr' id='par_1_25' title="bbox 2112 1059 3687 1135">
     <span class='ocr_line' id='line_1_25' title="bbox 2112 1059 3687 1135; baseline -0.006 -17"><span class='ocrx_word' id='word_1_169' title='bbox 2112 1065 2357 1135; x_wconf 78' lang='lat' dir='ltr'><strong>inquam.</strong></span> <span class='ocrx_word' id='word_1_170' title='bbox 2400 1073 2608 1134; x_wconf 86' lang='lat' dir='ltr'><strong>patrem</strong></span> <span class='ocrx_word' id='word_1_171' title='bbox 2643 1060 3012 1128; x_wconf 86' lang='lat' dir='ltr'><strong>meum,quod</strong></span> <span class='ocrx_word' id='word_1_172' title='bbox 3049 1074 3153 1113; x_wconf 81' lang='lat' dir='ltr'><strong>una</strong></span> <span class='ocrx_word' id='word_1_173' title='bbox 3189 1059 3406 1128; x_wconf 83' lang='lat' dir='ltr'><strong>quidem</strong></span> <span class='ocrx_word' id='word_1_174' title='bbox 3439 1073 3561 1111; x_wconf 91' lang='lat' dir='ltr'><strong>cum</strong></span> <span class='ocrx_word' id='word_1_175' title='bbox 3596 1073 3687 1126; x_wconf 79' lang='lat' dir='ltr'><strong>pa-</strong></span> 
     </span>
    </p>
   </div>
   <div class='ocr_carea' id='block_1_26' title="bbox 2111 1151 3690 1225">
    <p class='ocr_par' dir='ltr' id='par_1_26' title="bbox 2111 1151 3690 1225">
     <span class='ocr_line' id='line_1_26' title="bbox 2111 1151 3690 1225; baseline -0.008 -15"><span class='ocrx_word' id='word_1_176' title='bbox 2111 1157 2211 1211; x_wconf 85' lang='lat' dir='ltr'><strong>tria</strong></span> <span class='ocrx_word' id='word_1_177' title='bbox 2235 1165 2451 1225; x_wconf 85' lang='lat' dir='ltr'><strong>captus,</strong></span> <span class='ocrx_word' id='word_1_178' title='bbox 2475 1153 2754 1210; x_wconf 68' lang='lat' dir='ltr'><strong>servitutis</strong></span> <span class='ocrx_word' id='word_1_179' title='bbox 2778 1153 2991 1206; x_wconf 87' lang='lat' dir='ltr'><strong>initium</strong></span> <span class='ocrx_word' id='word_1_180' title='bbox 3016 1151 3244 1206; x_wconf 89' lang='lat' dir='ltr'><strong>viderit:</strong></span> <span class='ocrx_word' id='word_1_181' title='bbox 3277 1151 3460 1203; x_wconf 78' lang='lat' dir='ltr'><strong>statim</strong></span> <span class='ocrx_word' id='word_1_182' title='bbox 3481 1155 3690 1212; x_wconf 65' lang='lat' dir='ltr'><strong>autem,</strong></span> 
     </span>
    </p>
   </div>
   <div class='ocr_carea' id='block_1_27' title="bbox 2111 1242 3691 1316">
    <p class='ocr_par' dir='ltr' id='par_1_27' title="bbox 2111 1242 3691 1316">
     <span class='ocr_line' id='line_1_27' title="bbox 2111 1242 3691 1316; baseline -0.005 -13"><span class='ocrx_word' id='word_1_183' title='bbox 2111 1261 2167 1303; x_wconf 93' lang='lat' dir='ltr'><strong>ut</strong></span> <span class='ocrx_word' id='word_1_184' title='bbox 2237 1248 2572 1316; x_wconf 84' lang='lat' dir='ltr'><strong>inopinatam</strong></span> <span class='ocrx_word' id='word_1_185' title='bbox 2632 1246 2780 1300; x_wconf 83' lang='lat' dir='ltr'><strong>illam</strong></span> <span class='ocrx_word' id='word_1_186' title='bbox 2841 1244 3297 1312; x_wconf 85' lang='lat' dir='ltr'><strong>durissimamque</strong></span> <span class='ocrx_word' id='word_1_187' title='bbox 3361 1242 3691 1296; x_wconf 79' lang='lat' dir='ltr'><strong>servitutem</strong></span> 
     </span>
    </p>
   </div>
   <div class='ocr_carea' id='block_1_28' title="bbox 2109 1333 3685 1408">
    <p class='ocr_par' dir='ltr' id='par_1_28' title="bbox 2109 1333 3685 1408">
     <span class='ocr_line' id='line_1_28' title="bbox 2109 1333 3685 1408; baseline -0.007 -12"><span class='ocrx_word' id='word_1_188' title='bbox 2109 1355 2273 1396; x_wconf 86' lang='lat' dir='ltr'><strong>sensu</strong></span> <span class='ocrx_word' id='word_1_189' title='bbox 2312 1339 2576 1408; x_wconf 87' lang='lat' dir='ltr'><strong>percepit.</strong></span> <span class='ocrx_word' id='word_1_190' title='bbox 2617 1337 2800 1393; x_wconf 89' lang='lat' dir='ltr'><strong>hostili</strong></span> <span class='ocrx_word' id='word_1_191' title='bbox 2833 1335 3014 1406; x_wconf 85' lang='lat' dir='ltr'><strong>gladio</strong></span> <span class='ocrx_word' id='word_1_192' title='bbox 3071 1334 3437 1404; x_wconf 86' lang='lat' dir='ltr'><strong>interemptus</strong></span> <span class='ocrx_word' id='word_1_193' title='bbox 3496 1333 3685 1399; x_wconf 77' lang='lat' dir='ltr'><strong>fuerit,</strong></span> 
     </span>
    </p>
   </div>
   <div class='ocr_carea' id='block_1_29' title="bbox 2111 1425 3688 1501">
    <p class='ocr_par' dir='ltr' id='par_1_29' title="bbox 2111 1425 3688 1501">
     <span class='ocr_line' id='line_1_29' title="bbox 2111 1425 3688 1501; baseline -0.004 -17"><span class='ocrx_word' id='word_1_194' title='bbox 2111 1431 2428 1501; x_wconf 86' lang='lat' dir='ltr'><strong>priusquam</strong></span> <span class='ocrx_word' id='word_1_195' title='bbox 2454 1437 2785 1485; x_wconf 86' lang='lat' dir='ltr'><strong>consecutas</strong></span> <span class='ocrx_word' id='word_1_196' title='bbox 2805 1427 3005 1481; x_wconf 69' lang='lat' dir='ltr'><strong>exinde</strong></span> <span class='ocrx_word' id='word_1_197' title='bbox 3024 1441 3300 1481; x_wconf 72' lang='lat' dir='ltr'><strong>aerumnas</strong></span> <span class='ocrx_word' id='word_1_198' title='bbox 3319 1425 3688 1496; x_wconf 75' lang='lat' dir='ltr'><strong>experiretur,</strong></span> 
     </span>
    </p>
   </div>
   <div class='ocr_carea' id='block_1_30' title="bbox 2111 1520 3689 1591">
    <p class='ocr_par' dir='ltr' id='par_1_30' title="bbox 2111 1520 3689 1591">
     <span class='ocr_line' id='line_1_30' title="bbox 2111 1520 3689 1591; baseline -0.003 -15"><span class='ocrx_word' id='word_1_199' title='bbox 2111 1523 2309 1578; x_wconf 80' lang='lat' dir='ltr'><strong>multas</strong></span> <span class='ocrx_word' id='word_1_200' title='bbox 2337 1536 2393 1577; x_wconf 89' lang='lat' dir='ltr'><strong>et</strong></span> <span class='ocrx_word' id='word_1_201' title='bbox 2429 1537 2657 1591; x_wconf 87' lang='lat' dir='ltr'><strong>magnas</strong></span> <span class='ocrx_word' id='word_1_202' title='bbox 2689 1537 2706 1576; x_wconf 90' lang='lat'><strong>:</strong></span> <span class='ocrx_word' id='word_1_203' title='bbox 2737 1521 2831 1575; x_wconf 89' lang='lat' dir='ltr'><strong>sed</strong></span> <span class='ocrx_word' id='word_1_204' title='bbox 2889 1520 2990 1575; x_wconf 83' lang='lat' dir='ltr'><strong>hoc</strong></span> <span class='ocrx_word' id='word_1_205' title='bbox 3019 1520 3134 1589; x_wconf 88' lang='lat' dir='ltr'><strong>ipso</strong></span> <span class='ocrx_word' id='word_1_206' title='bbox 3154 1560 3168 1581; x_wconf 88' lang='lat'><strong>,</strong></span> <span class='ocrx_word' id='word_1_207' title='bbox 3201 1534 3302 1589; x_wconf 92' lang='lat' dir='ltr'><strong>pro</strong></span> <span class='ocrx_word' id='word_1_208' title='bbox 3360 1529 3689 1586; x_wconf 87' lang='lat' dir='ltr'><strong>argumento</strong></span> 
     </span>
    </p>
   </div>
   <div class='ocr_carea' id='block_1_31' title="bbox 2107 1611 3690 1681">
    <p class='ocr_par' dir='ltr' id='par_1_31' title="bbox 2107 1611 3690 1681">
     <span class='ocr_line' id='line_1_31' title="bbox 2107 1611 3690 1681; baseline -0.001 -13"><span class='ocrx_word' id='word_1_209' title='bbox 2107 1614 2499 1669; x_wconf 80' lang='lat' dir='ltr'><strong>consolationis</strong></span> <span class='ocrx_word' id='word_1_210' title='bbox 2523 1621 2669 1677; x_wconf 86' lang='lat' dir='ltr'><strong>utor,</strong></span> <span class='ocrx_word' id='word_1_211' title='bbox 2699 1613 2828 1667; x_wconf 90' lang='lat' dir='ltr'><strong>dum</strong></span> <span class='ocrx_word' id='word_1_212' title='bbox 2851 1613 2918 1667; x_wconf 90' lang='lat' dir='ltr'><strong>ad</strong></span> <span class='ocrx_word' id='word_1_213' title='bbox 2948 1612 3379 1681; x_wconf 77' lang='lat' dir='ltr'><strong>magnitudinem</strong></span> <span class='ocrx_word' id='word_1_214' title='bbox 3409 1611 3690 1666; x_wconf 88' lang='lat' dir='ltr'><strong>involven-</strong></span> 
     </span>
    </p>
   </div>
   <div class='ocr_carea' id='block_1_32' title="bbox 2113 1702 3686 1773">
    <p class='ocr_par' dir='ltr' id='par_1_32' title="bbox 2113 1702 3686 1773">
     <span class='ocr_line' id='line_1_32' title="bbox 2113 1702 3686 1773; baseline -0.003 -15"><span class='ocrx_word' id='word_1_215' title='bbox 2113 1704 2248 1759; x_wconf 92' lang='lat' dir='ltr'><strong>tium</strong></span> <span class='ocrx_word' id='word_1_216' title='bbox 2282 1720 2384 1760; x_wconf 87' lang='lat' dir='ltr'><strong>nos</strong></span> <span class='ocrx_word' id='word_1_217' title='bbox 2414 1704 2787 1758; x_wconf 87' lang='lat' dir='ltr'><strong>calamitatum</strong></span> <span class='ocrx_word' id='word_1_218' title='bbox 2845 1703 3077 1773; x_wconf 83' lang='lat' dir='ltr'><strong>respicio</strong></span> <span class='ocrx_word' id='word_1_219' title='bbox 3149 1702 3302 1768; x_wconf 87' lang='lat' dir='ltr'><strong>Quod</strong></span> <span class='ocrx_word' id='word_1_220' title='bbox 3331 1704 3376 1756; x_wconf 89' lang='lat' dir='ltr'><strong>si</strong></span> <span class='ocrx_word' id='word_1_221' title='bbox 3411 1704 3498 1757; x_wconf 90' lang='lat' dir='ltr'><strong>cui</strong></span> <span class='ocrx_word' id='word_1_222' title='bbox 3527 1718 3686 1757; x_wconf 88' lang='lat' dir='ltr'><strong>acer-</strong></span> 
     </span>
    </p>
   </div>
   <div class='ocr_carea' id='block_1_33' title="bbox 2108 1793 3685 1858">
    <p class='ocr_par' dir='ltr' id='par_1_33' title="bbox 2108 1793 3685 1858">
     <span class='ocr_line' id='line_1_33' title="bbox 2108 1793 3685 1858; baseline -0.003 -9"><span class='ocrx_word' id='word_1_223' title='bbox 2108 1796 2235 1850; x_wconf 88' lang='lat' dir='ltr'><strong>bum</strong></span> <span class='ocrx_word' id='word_1_224' title='bbox 2268 1795 2502 1858; x_wconf 80' lang='lat' dir='ltr'><strong>videtur,</strong></span> <span class='ocrx_word' id='word_1_225' title='bbox 2532 1795 2769 1849; x_wconf 87' lang='lat' dir='ltr'><strong>violenta</strong></span> <span class='ocrx_word' id='word_1_226' title='bbox 2797 1801 2972 1848; x_wconf 87' lang='lat' dir='ltr'><strong>morte</strong></span> <span class='ocrx_word' id='word_1_227' title='bbox 3003 1809 3070 1848; x_wconf 79' lang='lat' dir='ltr'><strong>ex</strong></span> <span class='ocrx_word' id='word_1_228' title='bbox 3104 1793 3206 1848; x_wconf 82' lang='lat' dir='ltr'><strong>liae</strong></span> <span class='ocrx_word' id='word_1_229' title='bbox 3239 1795 3349 1847; x_wconf 88' lang='lat' dir='ltr'><strong>vita</strong></span> <span class='ocrx_word' id='word_1_230' title='bbox 3383 1795 3685 1858; x_wconf 73' lang='lat' dir='ltr'><strong>discedere,</strong></span> 
     </span>
    </p>
   </div>
   <div class='ocr_carea' id='block_1_34' title="bbox 431 1874 2202 1956">
    <p class='ocr_par' dir='ltr' id='par_1_34' title="bbox 431 1874 2202 1955">
     <span class='ocr_line' id='line_1_34' title="bbox 431 1874 2202 1955; baseline 0.005 -23"><span class='ocrx_word' id='word_1_231' title='bbox 431 1882 461 1950; x_wconf 80' lang='grc' dir='ltr'>ἦ</span> <span class='ocrx_word' id='word_1_232' title='bbox 495 1881 602 1933; x_wconf 82' lang='grc' dir='ltr'>τῶν</span> <span class='ocrx_word' id='word_1_233' title='bbox 630 1876 791 1953; x_wconf 81' lang='grc' dir='ltr'>ἦττον</span> <span class='ocrx_word' id='word_1_234' title='bbox 818 1882 1097 1948; x_wconf 85' lang='grc' dir='ltr'>τοιούτων,</span> <span class='ocrx_word' id='word_1_235' title='bbox 1124 1882 1190 1936; x_wconf 82' lang='grc' dir='ltr'><strong>ἵν’</strong></span> <span class='ocrx_word' id='word_1_236' title='bbox 1224 1885 1482 1938; x_wconf 81' lang='grc' dir='ltr'>ὲπιπλέον</span> <span class='ocrx_word' id='word_1_237' title='bbox 1520 1885 1910 1955; x_wconf 73' lang='grc' dir='ltr'>αισθανόμενος</span> <span class='ocrx_word' id='word_1_238' title='bbox 1939 1886 2000 1940; x_wconf 81' lang='grc' dir='ltr'>τὸ</span> <span class='ocrx_word' id='word_1_239' title='bbox 2032 1874 2202 1942; x_wconf 60' lang='grc' dir='ltr'>πειτα</span> 
     </span>
    </p>
   </div>
   <div class='ocr_carea' id='block_1_35' title="bbox 1910 1874 3681 1956">
    <p class='ocr_par' dir='ltr' id='par_1_35' title="bbox 1939 1874 3681 1956">
     <span class='ocr_line' id='line_1_35' title="bbox 1939 1874 3681 1956; baseline -0.001 -16"><span class='ocrx_word' id='word_1_240' title='bbox 1939 1886 2000 1940; x_wconf 81' lang='grc' dir='ltr'>τὸ</span> <span class='ocrx_word' id='word_1_241' title='bbox 2032 1874 2226 1942; x_wconf 62' lang='grc' dir='ltr'>πευω</span> <span class='ocrx_word' id='word_1_242' title='bbox 2258 1886 2440 1941; x_wconf 85' lang='lat' dir='ltr'><strong>hostes</strong></span> <span class='ocrx_word' id='word_1_243' title='bbox 2461 1886 2642 1941; x_wconf 82' lang='lat' dir='ltr'><strong>videat</strong></span> <span class='ocrx_word' id='word_1_244' title='bbox 2692 1887 2890 1956; x_wconf 84' lang='lat' dir='ltr'><strong>aliquis</strong></span> <span class='ocrx_word' id='word_1_245' title='bbox 2945 1885 3159 1940; x_wconf 83' lang='lat' dir='ltr'><strong>eductis</strong></span> <span class='ocrx_word' id='word_1_246' title='bbox 3217 1886 3441 1956; x_wconf 83' lang='lat' dir='ltr'><strong>gladiis,</strong></span> <span class='ocrx_word' id='word_1_247' title='bbox 3479 1875 3681 1940; x_wconf 65' lang='lat' dir='ltr'><strong>caedent</strong></span> 
     </span>
    </p>
   </div>
   <div class='ocr_carea' id='block_1_36' title="bbox 430 1974 2027 2049">
    <p class='ocr_par' dir='ltr' id='par_1_36' title="bbox 430 1974 2027 2049">
     <span class='ocr_line' id='line_1_36' title="bbox 430 1974 2027 2049; baseline 0.004 -23"><span class='ocrx_word' id='word_1_248' title='bbox 430 1974 706 2043; x_wconf 77' lang='grc' dir='ltr'>θνήσκειν,</span> <span class='ocrx_word' id='word_1_249' title='bbox 735 1975 1125 2046; x_wconf 86' lang='grc' dir='ltr'>ὀδυνηρότερον</span> <span class='ocrx_word' id='word_1_250' title='bbox 1155 1978 1377 2043; x_wconf 79' lang='grc' dir='ltr'>γίνοιτο,</span> <span class='ocrx_word' id='word_1_251' title='bbox 1408 1977 1818 2047; x_wconf 82' lang='grc' dir='ltr'>φιλανθρωπίας</span> <span class='ocrx_word' id='word_1_252' title='bbox 1852 1982 1951 2049; x_wconf 71' lang='grc' dir='ltr'>μὲν</span> <span class='ocrx_word' id='word_1_253' title='bbox 1973 1983 2027 2033; x_wconf 78' lang='lat'><strong>6;</strong></span> 
     </span>
    </p>
   </div>
   <div class='ocr_carea' id='block_1_37' title="bbox 429 2056 2001 2141">
    <p class='ocr_par' dir='ltr' id='par_1_37' title="bbox 429 2056 2001 2141">
     <span class='ocr_line' id='line_1_37' title="bbox 429 2056 2001 2141; baseline 0.004 -24"><span class='ocrx_word' id='word_1_254' title='bbox 429 2063 666 2127; x_wconf 76' lang='grc' dir='ltr'>τοιοῦτος</span> <span class='ocrx_word' id='word_1_255' title='bbox 689 2066 969 2136; x_wconf 72' lang='grc' dir='ltr'>λογισμὸς,</span> <span class='ocrx_word' id='word_1_256' title='bbox 1002 2068 1096 2121; x_wconf 72' lang='grc' dir='ltr'>καὶ</span> <span class='ocrx_word' id='word_1_257' title='bbox 1118 2056 1220 2120; x_wconf 84' lang='grc' dir='ltr'>τὸν</span> <span class='ocrx_word' id='word_1_258' title='bbox 1237 2069 1465 2122; x_wconf 83' lang='grc' dir='ltr'>τοιαῦτα</span> <span class='ocrx_word' id='word_1_259' title='bbox 1496 2069 1883 2138; x_wconf 88' lang='grc' dir='ltr'>διανοούμενον</span> <span class='ocrx_word' id='word_1_260' title='bbox 1900 2071 2001 2141; x_wconf 81' lang='grc' dir='ltr'>τῆς</span> 
     </span>
    </p>
   </div>
   <div class='ocr_carea' id='block_1_38' title="bbox 430 2159 1999 2231">
    <p class='ocr_par' dir='ltr' id='par_1_38' title="bbox 430 2159 1999 2231">
     <span class='ocr_line' id='line_1_38' title="bbox 430 2159 1999 2231; baseline 0.006 -21"><span class='ocrx_word' id='word_1_261' title='bbox 430 2159 564 2228; x_wconf 70' lang='grc' dir='ltr'>πρὸς</span> <span class='ocrx_word' id='word_1_262' title='bbox 597 2159 693 2229; x_wconf 82' lang='grc' dir='ltr'>τὴν</span> <span class='ocrx_word' id='word_1_263' title='bbox 716 2159 877 2226; x_wconf 79' lang='grc' dir='ltr'>φύσιν</span> <span class='ocrx_word' id='word_1_264' title='bbox 931 2161 1264 2231; x_wconf 73' lang='grc' dir='ltr'>ἀποδέχομαι</span> <span class='ocrx_word' id='word_1_265' title='bbox 1300 2163 1672 2230; x_wconf 84' lang='grc' dir='ltr'>συμπαθείας.</span> <span class='ocrx_word' id='word_1_266' title='bbox 1709 2163 1784 2217; x_wconf 87' lang='grc' dir='ltr'>Τὸ</span> <span class='ocrx_word' id='word_1_267' title='bbox 1814 2165 1999 2229; x_wconf 76' lang='grc' dir='ltr'>μέντοι</span> 
     </span>
    </p>
   </div>
   <div class='ocr_carea' id='block_1_39' title="bbox 428 2252 1999 2324">
    <p class='ocr_par' dir='ltr' id='par_1_39' title="bbox 428 2252 1999 2324">
     <span class='ocr_line' id='line_1_39' title="bbox 428 2252 1999 2324; baseline 0.003 -20"><span class='ocrx_word' id='word_1_268' title='bbox 428 2252 527 2305; x_wconf 90' lang='grc' dir='ltr'><strong>οὑκ</strong></span> <span class='ocrx_word' id='word_1_269' title='bbox 576 2252 964 2324; x_wconf 79' lang='grc' dir='ltr'>ἀμισθον,οὑδ’</span> <span class='ocrx_word' id='word_1_270' title='bbox 1017 2254 1245 2324; x_wconf 81' lang='grc' dir='ltr'>ἀκερδὲς</span> <span class='ocrx_word' id='word_1_271' title='bbox 1305 2255 1399 2308; x_wconf 86' lang='grc' dir='ltr'><strong>τού</strong></span> <span class='ocrx_word' id='word_1_272' title='bbox 1457 2257 1706 2309; x_wconf 86' lang='grc' dir='ltr'>τοιούτου</span> <span class='ocrx_word' id='word_1_273' title='bbox 1743 2257 1999 2323; x_wconf 86' lang='grc' dir='ltr'>θανάτου,</span> 
     </span>
    </p>
   </div>
   <div class='ocr_carea' id='block_1_40' title="bbox 427 2323 2005 2419">
    <p class='ocr_par' dir='ltr' id='par_1_40' title="bbox 427 2323 2005 2419">
     <span class='ocr_line' id='line_1_40' title="bbox 427 2323 2005 2419; baseline 0.004 -22"><span class='ocrx_word' id='word_1_274' title='bbox 427 2323 622 2409; x_wconf 59' lang='grc' dir='ltr'>πείθει,</span> <span class='ocrx_word' id='word_1_275' title='bbox 667 2346 740 2415; x_wconf 82' lang='grc' dir='ltr'>μὴ</span> <span class='ocrx_word' id='word_1_276' title='bbox 785 2346 986 2415; x_wconf 73' lang='grc' dir='ltr'>μᾶλλον</span> <span class='ocrx_word' id='word_1_277' title='bbox 1032 2323 1320 2416; x_wconf 80' lang='grc' dir='ltr'>ὀδύρεσθαι</span> <span class='ocrx_word' id='word_1_278' title='bbox 1368 2347 1562 2415; x_wconf 82' lang='grc' dir='ltr'>ταῦτα,</span> <span class='ocrx_word' id='word_1_279' title='bbox 1609 2348 1641 2417; x_wconf 83' lang='grc' dir='ltr'>ἦ</span> <span class='ocrx_word' id='word_1_280' title='bbox 1692 2351 1805 2416; x_wconf 85' lang='grc' dir='ltr'><strong>πρά</strong></span> <span class='ocrx_word' id='word_1_281' title='bbox 1825 2367 1880 2413; x_wconf 73' lang='grc' dir='ltr'><strong>υς</strong></span> <span class='ocrx_word' id='word_1_282' title='bbox 1915 2350 2005 2419; x_wconf 79' lang='grc' dir='ltr'><strong>φέ-</strong></span> 
     </span>
    </p>
   </div>
   <div class='ocr_carea' id='block_1_41' title="bbox 430 2432 2002 2513">
    <p class='ocr_par' dir='ltr' id='par_1_41' title="bbox 430 2432 2002 2513">
     <span class='ocr_line' id='line_1_41' title="bbox 430 2432 2002 2513; baseline 0.008 -28"><span class='ocrx_word' id='word_1_283' title='bbox 430 2454 563 2506; x_wconf 78' lang='grc' dir='ltr'>ρειν,</span> <span class='ocrx_word' id='word_1_284' title='bbox 597 2432 742 2513; x_wconf 74' lang='grc' dir='ltr'>ᾗπερ</span> <span class='ocrx_word' id='word_1_285' title='bbox 785 2438 934 2500; x_wconf 73' lang='grc' dir='ltr'>εἰκὸς</span> <span class='ocrx_word' id='word_1_286' title='bbox 973 2438 1368 2509; x_wconf 79' lang='grc' dir='ltr'>μεταχωρῆσαι</span> <span class='ocrx_word' id='word_1_287' title='bbox 1409 2441 1501 2494; x_wconf 83' lang='grc' dir='ltr'>τὸν</span> <span class='ocrx_word' id='word_1_288' title='bbox 1527 2439 1673 2494; x_wconf 81' lang='grc' dir='ltr'>οὑτω</span> <span class='ocrx_word' id='word_1_289' title='bbox 1705 2442 1803 2511; x_wconf 80' lang='grc' dir='ltr'>τῆς</span> <span class='ocrx_word' id='word_1_290' title='bbox 1855 2443 2002 2510; x_wconf 78' lang='grc' dir='ltr'>ζωῆς</span> 
     </span>
    </p>
   </div>
   <div class='ocr_carea' id='block_1_42' title="bbox 429 2530 2000 2604">
    <p class='ocr_par' dir='ltr' id='par_1_42' title="bbox 429 2530 2000 2604">
     <span class='ocr_line' id='line_1_42' title="bbox 429 2530 2000 2604; baseline 0.005 -23"><span class='ocrx_word' id='word_1_291' title='bbox 429 2531 774 2583; x_wconf 70' lang='grc' dir='ltr'>ὑπεκστάντα</span> <span class='ocrx_word' id='word_1_292' title='bbox 819 2530 1226 2600; x_wconf 80' lang='grc' dir='ltr'>διανοούμενον,</span> <span class='ocrx_word' id='word_1_293' title='bbox 1265 2533 1356 2585; x_wconf 78' lang='grc' dir='ltr'>καὶ</span> <span class='ocrx_word' id='word_1_294' title='bbox 1413 2534 1672 2602; x_wconf 85' lang='grc' dir='ltr'>μάλιστα,</span> <span class='ocrx_word' id='word_1_295' title='bbox 1705 2536 1754 2587; x_wconf 80' lang='grc' dir='ltr'><strong>εί</strong></span> <span class='ocrx_word' id='word_1_296' title='bbox 1798 2536 2000 2604; x_wconf 87' lang='grc' dir='ltr'>μετιὼν</span> 
     </span>
    </p>
   </div>
   <div class='ocr_carea' id='block_1_43' title="bbox 426 2623 2042 2700">
    <p class='ocr_par' dir='ltr' id='par_1_43' title="bbox 426 2623 2042 2700">
     <span class='ocr_line' id='line_1_43' title="bbox 426 2623 2042 2700; baseline 0.004 -26"><span class='ocrx_word' id='word_1_297' title='bbox 426 2623 729 2692; x_wconf 79' lang='grc' dir='ltr'>ἐτύγχανεν</span> <span class='ocrx_word' id='word_1_298' title='bbox 787 2626 991 2694; x_wconf 81' lang='grc' dir='ltr'>ἀρετὴν</span> <span class='ocrx_word' id='word_1_299' title='bbox 1033 2625 1126 2677; x_wconf 79' lang='grc' dir='ltr'>καὶ</span> <span class='ocrx_word' id='word_1_300' title='bbox 1159 2626 1289 2696; x_wconf 85' lang='grc' dir='ltr'>παρ’</span> <span class='ocrx_word' id='word_1_301' title='bbox 1331 2627 1450 2679; x_wconf 85' lang='grc' dir='ltr'>ὅλον</span> <span class='ocrx_word' id='word_1_302' title='bbox 1482 2626 1573 2680; x_wconf 64' lang='grc' dir='ltr'><strong>τδν</strong></span> <span class='ocrx_word' id='word_1_303' title='bbox 1606 2628 1756 2696; x_wconf 88' lang='grc' dir='ltr'><strong>αὑτῷ</strong></span> <span class='ocrx_word' id='word_1_304' title='bbox 1797 2624 2042 2700; x_wconf 76' lang='grc' dir='ltr'>μετρη-’</span> 
     </span>
    </p>
   </div>
   <div class='ocr_carea' id='block_1_44' title="bbox 429 2716 2000 2790">
    <p class='ocr_par' dir='ltr' id='par_1_44' title="bbox 429 2716 2000 2790">
     <span class='ocr_line' id='line_1_44' title="bbox 429 2716 2000 2790; baseline 0.004 -22"><span class='ocrx_word' id='word_1_305' title='bbox 429 2716 590 2769; x_wconf 79' lang='grc' dir='ltr'>θέντα</span> <span class='ocrx_word' id='word_1_306' title='bbox 633 2716 748 2785; x_wconf 79' lang='grc' dir='ltr'>βίον</span> <span class='ocrx_word' id='word_1_307' title='bbox 792 2717 959 2787; x_wconf 80' lang='grc' dir='ltr'>αὑτὴν</span> <span class='ocrx_word' id='word_1_308' title='bbox 1008 2716 1156 2787; x_wconf 88' lang='grc' dir='ltr'><strong>αὑτῷ</strong></span> <span class='ocrx_word' id='word_1_309' title='bbox 1213 2718 1686 2788; x_wconf 76' lang='grc' dir='ltr'>προστησάμενος.</span> <span class='ocrx_word' id='word_1_310' title='bbox 1729 2717 1854 2783; x_wconf 82' lang='grc' dir='ltr'>Οἷός</span> <span class='ocrx_word' id='word_1_311' title='bbox 1910 2739 2000 2790; x_wconf 87' lang='grc' dir='ltr'><strong>μοι</strong></span> 
     </span>
    </p>
   </div>
   <div class='ocr_carea' id='block_1_45' title="bbox 426 2805 2002 2880">
    <p class='ocr_par' dir='ltr' id='par_1_45' title="bbox 426 2805 2002 2880">
     <span class='ocr_line' id='line_1_45' title="bbox 426 2805 2002 2880; baseline 0.004 -23"><span class='ocrx_word' id='word_1_312' title='bbox 426 2810 453 2857; x_wconf 82' lang='grc' dir='ltr'><strong>ό</strong></span> <span class='ocrx_word' id='word_1_313' title='bbox 485 2808 666 2875; x_wconf 79' lang='grc' dir='ltr'>πατὴρ</span> <span class='ocrx_word' id='word_1_314' title='bbox 707 2807 879 2876; x_wconf 87' lang='grc' dir='ltr'>μυρία</span> <span class='ocrx_word' id='word_1_315' title='bbox 908 2805 1258 2877; x_wconf 82' lang='grc' dir='ltr'>συνεσχηκὼς</span> <span class='ocrx_word' id='word_1_316' title='bbox 1283 2807 1477 2877; x_wconf 78' lang='grc' dir='ltr'>ἀρετῇ,</span> <span class='ocrx_word' id='word_1_317' title='bbox 1515 2811 1606 2861; x_wconf 76' lang='grc' dir='ltr'><strong>καὶ</strong></span> <span class='ocrx_word' id='word_1_318' title='bbox 1638 2810 1778 2877; x_wconf 89' lang='grc' dir='ltr'><strong>μετά</strong></span> <span class='ocrx_word' id='word_1_319' title='bbox 1799 2811 2002 2880; x_wconf 80' lang='grc' dir='ltr'>ταύτης</span> 
     </span>
    </p>
   </div>
   <div class='ocr_carea' id='block_1_46' title="bbox 424 2898 1998 2974">
    <p class='ocr_par' dir='ltr' id='par_1_46' title="bbox 424 2898 1998 2974">
     <span class='ocr_line' id='line_1_46' title="bbox 424 2898 1998 2974; baseline 0.004 -24"><span class='ocrx_word' id='word_1_320' title='bbox 424 2900 736 2951; x_wconf 69' lang='grc' dir='ltr'>ἀποθανών.</span> <span class='ocrx_word' id='word_1_321' title='bbox 771 2898 944 2951; x_wconf 83' lang='grc' dir='ltr'>[Ιολλά</span> <span class='ocrx_word' id='word_1_322' title='bbox 974 2900 1030 2954; x_wconf 87' lang='grc' dir='ltr'>δὲ</span> <span class='ocrx_word' id='word_1_323' title='bbox 1057 2900 1207 2968; x_wconf 83' lang='grc' dir='ltr'>αὐτῷ</span> <span class='ocrx_word' id='word_1_324' title='bbox 1234 2901 1331 2969; x_wconf 82' lang='grc' dir='ltr'>τῆς</span> <span class='ocrx_word' id='word_1_325' title='bbox 1357 2902 1558 2971; x_wconf 79' lang='grc' dir='ltr'>ἀρετῆς</span> <span class='ocrx_word' id='word_1_326' title='bbox 1586 2904 1653 2955; x_wconf 75' lang='grc' dir='ltr'>τὰ</span> <span class='ocrx_word' id='word_1_327' title='bbox 1688 2904 1998 2974; x_wconf 89' lang='grc' dir='ltr'>μαρτύρια,</span> 
     </span>
    </p>
   </div>
   <div class='ocr_carea' id='block_1_47' title="bbox 425 2989 1996 3063">
    <p class='ocr_par' dir='ltr' id='par_1_47' title="bbox 425 2989 1996 3063">
     <span class='ocr_line' id='line_1_47' title="bbox 425 2989 1996 3063; baseline 0.004 -23"><span class='ocrx_word' id='word_1_328' title='bbox 425 2989 659 3051; x_wconf 75' lang='grc' dir='ltr'>καὶτοῖς</span> <span class='ocrx_word' id='word_1_329' title='bbox 699 2989 858 3041; x_wconf 83' lang='grc' dir='ltr'>αὑτὸν</span> <span class='ocrx_word' id='word_1_330' title='bbox 883 2989 1047 3042; x_wconf 80' lang='grc' dir='ltr'>εἰδόσι</span> <span class='ocrx_word' id='word_1_331' title='bbox 1093 2990 1350 3059; x_wconf 82' lang='grc' dir='ltr'>γνώριμα</span> <span class='ocrx_word' id='word_1_332' title='bbox 1393 2992 1589 3044; x_wconf 80' lang='grc' dir='ltr'>πάντα.</span> <span class='ocrx_word' id='word_1_333' title='bbox 1626 2994 1735 3046; x_wconf 81' lang='grc' dir='ltr'>Καί</span> <span class='ocrx_word' id='word_1_334' title='bbox 1769 3011 1858 3063; x_wconf 85' lang='grc' dir='ltr'><strong>μοι</strong></span> <span class='ocrx_word' id='word_1_335' title='bbox 1894 3010 1996 3046; x_wconf 84' lang='grc' dir='ltr'>πε-</span> 
     </span>
    </p>
   </div>
   <div class='ocr_carea' id='block_1_48' title="bbox 425 3078 2000 3153">
    <p class='ocr_par' dir='ltr' id='par_1_48' title="bbox 425 3078 2000 3153">
     <span class='ocr_line' id='line_1_48' title="bbox 425 3078 2000 3153; baseline 0.005 -25"><span class='ocrx_word' id='word_1_336' title='bbox 425 3079 646 3145; x_wconf 80' lang='grc' dir='ltr'>ρίεργον</span> <span class='ocrx_word' id='word_1_337' title='bbox 668 3078 1107 3148; x_wconf 81' lang='grc' dir='ltr'>ἀπαριθμεῖσθαι</span> <span class='ocrx_word' id='word_1_338' title='bbox 1146 3079 1322 3132; x_wconf 82' lang='grc' dir='ltr'>πάντα</span> <span class='ocrx_word' id='word_1_339' title='bbox 1356 3081 1455 3133; x_wconf 80' lang='grc' dir='ltr'>ὅσα</span> <span class='ocrx_word' id='word_1_340' title='bbox 1489 3097 1544 3133; x_wconf 87' lang='grc' dir='ltr'><strong>τε</strong></span> <span class='ocrx_word' id='word_1_341' title='bbox 1578 3083 1636 3133; x_wconf 87' lang='grc' dir='ltr'>ὲν</span> <span class='ocrx_word' id='word_1_342' title='bbox 1690 3100 2000 3153; x_wconf 83' lang='grc' dir='ltr'>πτωχοτρο-</span> 
     </span>
    </p>
   </div>
   <div class='ocr_carea' id='block_1_49' title="bbox 421 3169 1995 3244">
    <p class='ocr_par' dir='ltr' id='par_1_49' title="bbox 421 3169 1995 3244">
     <span class='ocr_line' id='line_1_49' title="bbox 421 3169 1995 3244; baseline 0.006 -24"><span class='ocrx_word' id='word_1_343' title='bbox 421 3170 595 3236; x_wconf 75' lang='grc' dir='ltr'>φίαις,</span> <span class='ocrx_word' id='word_1_344' title='bbox 620 3169 722 3222; x_wconf 84' lang='grc' dir='ltr'>ὅσα</span> <span class='ocrx_word' id='word_1_345' title='bbox 752 3173 808 3222; x_wconf 81' lang='grc' dir='ltr'>ἐν</span> <span class='ocrx_word' id='word_1_346' title='bbox 835 3169 1069 3241; x_wconf 75' lang='grc' dir='ltr'>ὑποδοχῇ</span> <span class='ocrx_word' id='word_1_347' title='bbox 1121 3172 1312 3237; x_wconf 79' lang='grc' dir='ltr'>ξένων,</span> <span class='ocrx_word' id='word_1_348' title='bbox 1356 3173 1673 3244; x_wconf 74' lang='grc' dir='ltr'>συμπαθείᾳ</span> <span class='ocrx_word' id='word_1_349' title='bbox 1699 3175 1995 3244; x_wconf 76' lang='grc' dir='ltr'>δεομένων,</span> 
     </span>
    </p>
   </div>
   <div class='ocr_carea' id='block_1_50' title="bbox 422 3261 2000 3336">
    <p class='ocr_par' dir='ltr' id='par_1_50' title="bbox 422 3261 2000 3336">
     <span class='ocr_line' id='line_1_50' title="bbox 422 3261 2000 3336; baseline 0.006 -23"><span class='ocrx_word' id='word_1_350' title='bbox 422 3263 514 3313; x_wconf 69' lang='grc' dir='ltr'><strong>καὶ</strong></span> <span class='ocrx_word' id='word_1_351' title='bbox 573 3262 716 3330; x_wconf 79' lang='grc' dir='ltr'>άπερ</span> <span class='ocrx_word' id='word_1_352' title='bbox 766 3261 951 3324; x_wconf 75' lang='grc' dir='ltr'>ἁπλῶς</span> <span class='ocrx_word' id='word_1_353' title='bbox 984 3264 1076 3314; x_wconf 83' lang='grc' dir='ltr'>τὸν</span> <span class='ocrx_word' id='word_1_354' title='bbox 1130 3265 1397 3333; x_wconf 70' lang='grc' dir='ltr'>ἐλεήμονα</span> <span class='ocrx_word' id='word_1_355' title='bbox 1444 3268 1866 3336; x_wconf 74' lang='grc' dir='ltr'>χαρακτηρίζει,</span> <span class='ocrx_word' id='word_1_356' title='bbox 1907 3272 2000 3324; x_wconf 63' lang='grc' dir='ltr'><strong>κιὶ</strong></span> 
     </span>
    </p>
   </div>
   <div class='ocr_carea' id='block_1_51' title="bbox 417 3353 1998 3432">
    <p class='ocr_par' dir='ltr' id='par_1_51' title="bbox 417 3353 1998 3432">
     <span class='ocr_line' id='line_1_51' title="bbox 417 3353 1998 3432; baseline 0.008 -28"><span class='ocrx_word' id='word_1_357' title='bbox 417 3354 653 3416; x_wconf 74' lang='grc' dir='ltr'>δίκαιον,</span> <span class='ocrx_word' id='word_1_358' title='bbox 711 3353 1094 3424; x_wconf 76' lang='grc' dir='ltr'>εὐλαϐουμένῳ</span> <span class='ocrx_word' id='word_1_359' title='bbox 1136 3357 1195 3408; x_wconf 78' lang='grc' dir='ltr'>τὸ</span> <span class='ocrx_word' id='word_1_360' title='bbox 1249 3358 1426 3410; x_wconf 81' lang='grc' dir='ltr'>δοκεῖν</span> <span class='ocrx_word' id='word_1_361' title='bbox 1457 3361 1524 3411; x_wconf 80' lang='grc' dir='ltr'><strong>τά</strong></span> <span class='ocrx_word' id='word_1_362' title='bbox 1553 3362 1729 3413; x_wconf 83' lang='grc' dir='ltr'>οικετα</span> <span class='ocrx_word' id='word_1_363' title='bbox 1779 3361 1998 3432; x_wconf 83' lang='grc' dir='ltr'>θαυμά-</span> 
     </span>
    </p>
   </div>
   <div class='ocr_carea' id='block_1_52' title="bbox 418 3442 1996 3519">
    <p class='ocr_par' dir='ltr' id='par_1_52' title="bbox 418 3442 1996 3519">
     <span class='ocr_line' id='line_1_52' title="bbox 418 3442 1996 3519; baseline 0.009 -26"><span class='ocrx_word' id='word_1_364' title='bbox 418 3442 553 3507; x_wconf 78' lang='grc' dir='ltr'>ζειν,</span> <span class='ocrx_word' id='word_1_365' title='bbox 604 3445 652 3496; x_wconf 90' lang='grc' dir='ltr'><strong>εί</strong></span> <span class='ocrx_word' id='word_1_366' title='bbox 700 3445 968 3514; x_wconf 80' lang='grc' dir='ltr'>πατρικὸν</span> <span class='ocrx_word' id='word_1_367' title='bbox 1013 3445 1102 3498; x_wconf 70' lang='grc' dir='ltr'><strong>διὰ</strong></span> <span class='ocrx_word' id='word_1_368' title='bbox 1147 3447 1361 3517; x_wconf 76' lang='grc' dir='ltr'>μακροῦ</span> <span class='ocrx_word' id='word_1_369' title='bbox 1394 3450 1721 3519; x_wconf 76' lang='grc' dir='ltr'>διεξέλθοιμι</span> <span class='ocrx_word' id='word_1_370' title='bbox 1751 3453 1996 3508; x_wconf 73' lang='grc' dir='ltr'>ἔπαινον.</span> 
     </span>
    </p>
   </div>
   <div class='ocr_carea' id='block_1_53' title="bbox 417 3532 1998 3614">
    <p class='ocr_par' dir='ltr' id='par_1_53' title="bbox 417 3532 1998 3614">
     <span class='ocr_line' id='line_1_53' title="bbox 417 3532 1998 3614; baseline 0.007 -26"><span class='ocrx_word' id='word_1_371' title='bbox 417 3538 547 3605; x_wconf 83' lang='lat' dir='ltr'><strong>(Kal</strong></span> <span class='ocrx_word' id='word_1_372' title='bbox 575 3532 740 3605; x_wconf 76' lang='grc' dir='ltr'>εἶχεν</span> <span class='ocrx_word' id='word_1_373' title='bbox 763 3536 850 3590; x_wconf 77' lang='grc' dir='ltr'>ἔτι</span> <span class='ocrx_word' id='word_1_374' title='bbox 877 3538 1168 3607; x_wconf 74' lang='grc' dir='ltr'>ἐγκώμιον</span> <span class='ocrx_word' id='word_1_375' title='bbox 1197 3536 1348 3603; x_wconf 76' lang='grc' dir='ltr'>εἶτα,</span> <span class='ocrx_word' id='word_1_376' title='bbox 1377 3542 1468 3595; x_wconf 85' lang='grc' dir='ltr'>ὅτι</span> <span class='ocrx_word' id='word_1_377' title='bbox 1515 3545 1712 3611; x_wconf 73' lang='grc' dir='ltr'>ἱερεὺς</span> <span class='ocrx_word' id='word_1_378' title='bbox 1738 3541 1813 3614; x_wconf 82' lang='grc' dir='ltr'>ἦν</span> <span class='ocrx_word' id='word_1_379' title='bbox 1848 3547 1998 3599; x_wconf 75' lang='grc' dir='ltr'>Θεοῦ</span> 
     </span>
    </p>
   </div>
   <div class='ocr_carea' id='block_1_54' title="bbox 415 3629 1998 3704">
    <p class='ocr_par' dir='ltr' id='par_1_54' title="bbox 415 3629 1998 3704">
     <span class='ocr_line' id='line_1_54' title="bbox 415 3629 1998 3704; baseline 0.006 -23"><span class='ocrx_word' id='word_1_380' title='bbox 415 3629 587 3692; x_wconf 77' lang='grc' dir='ltr'>ἄξιος</span> <span class='ocrx_word' id='word_1_381' title='bbox 617 3646 628 3656; x_wconf 88' lang='grc'><strong>·</strong></span> <span class='ocrx_word' id='word_1_382' title='bbox 658 3630 790 3698; x_wconf 78' lang='grc' dir='ltr'>μεθ’</span> <span class='ocrx_word' id='word_1_383' title='bbox 843 3630 900 3696; x_wconf 78' lang='grc' dir='ltr'>ἁ,</span> <span class='ocrx_word' id='word_1_384' title='bbox 949 3631 1041 3684; x_wconf 84' lang='grc' dir='ltr'>ὅτι</span> <span class='ocrx_word' id='word_1_385' title='bbox 1101 3635 1201 3686; x_wconf 75' lang='grc' dir='ltr'><strong>καί</strong></span> <span class='ocrx_word' id='word_1_386' title='bbox 1227 3650 1385 3698; x_wconf 84' lang='grc' dir='ltr'>τινες</span> <span class='ocrx_word' id='word_1_387' title='bbox 1432 3635 1694 3701; x_wconf 80' lang='grc' dir='ltr'>ἀναξίως</span> <span class='ocrx_word' id='word_1_388' title='bbox 1728 3638 1998 3704; x_wconf 77' lang='grc' dir='ltr'>ἐτόλμων</span> 
     </span>
    </p>
   </div>
   <div class='ocr_carea' id='block_1_55' title="bbox 416 3721 1997 3797">
    <p class='ocr_par' dir='ltr' id='par_1_55' title="bbox 416 3721 1997 3797">
     <span class='ocr_line' id='line_1_55' title="bbox 416 3721 1997 3797; baseline 0.006 -23"><span class='ocrx_word' id='word_1_389' title='bbox 416 3721 708 3790; x_wconf 69' lang='grc' dir='ltr'>ιιρᾶσθαι,</span> <span class='ocrx_word' id='word_1_390' title='bbox 746 3725 843 3776; x_wconf 74' lang='grc' dir='ltr'>καὶ</span> <span class='ocrx_word' id='word_1_391' title='bbox 898 3726 1274 3794; x_wconf 72' lang='grc' dir='ltr'>λειτουργεῖν</span> <span class='ocrx_word' id='word_1_392' title='bbox 1311 3725 1455 3792; x_wconf 82' lang='grc' dir='ltr'>Θεῷ,</span> <span class='ocrx_word' id='word_1_393' title='bbox 1494 3727 1595 3781; x_wconf 79' lang='grc' dir='ltr'><strong>καί</strong></span> <span class='ocrx_word' id='word_1_394' title='bbox 1634 3728 1887 3797; x_wconf 69' lang='grc' dir='ltr'>ἔλεγεν·</span> <span class='ocrx_word' id='word_1_395' title='bbox 1933 3733 1997 3784; x_wconf 83' lang='lat'><strong>&#39;0</strong></span> 
     </span>
    </p>
   </div>
   <div class='ocr_carea' id='block_1_56' title="bbox 419 3815 1998 3890">
    <p class='ocr_par' dir='ltr' id='par_1_56' title="bbox 419 3815 1998 3890">
     <span class='ocr_line' id='line_1_56' title="bbox 419 3815 1998 3890; baseline 0.004 -24"><span class='ocrx_word' id='word_1_396' title='bbox 419 3816 556 3885; x_wconf 75' lang='grc' dir='ltr'>πρὸς</span> <span class='ocrx_word' id='word_1_397' title='bbox 588 3817 700 3879; x_wconf 77' lang='grc' dir='ltr'>τοῖς</span> <span class='ocrx_word' id='word_1_398' title='bbox 726 3815 909 3879; x_wconf 84' lang='grc' dir='ltr'>ἀλλοις</span> <span class='ocrx_word' id='word_1_399' title='bbox 962 3818 1283 3887; x_wconf 78' lang='grc' dir='ltr'>ἀτοπήμασι</span> <span class='ocrx_word' id='word_1_400' title='bbox 1345 3819 1560 3883; x_wconf 79' lang='grc' dir='ltr'>πολλοῖς</span> <span class='ocrx_word' id='word_1_401' title='bbox 1597 3821 1691 3873; x_wconf 79' lang='grc' dir='ltr'>καὶ</span> <span class='ocrx_word' id='word_1_402' title='bbox 1737 3822 1998 3890; x_wconf 84' lang='grc' dir='ltr'>μεγάλοις</span> 
     </span>
    </p>
   </div>
   <div class='ocr_carea' id='block_1_57' title="bbox 417 3907 1994 3984">
    <p class='ocr_par' dir='ltr' id='par_1_57' title="bbox 417 3907 1994 3984">
     <span class='ocr_line' id='line_1_57' title="bbox 417 3907 1994 3984; baseline 0.004 -25"><span class='ocrx_word' id='word_1_403' title='bbox 417 3909 690 3977; x_wconf 75' lang='grc' dir='ltr'>ὑπάρξασι</span> <span class='ocrx_word' id='word_1_404' title='bbox 740 3911 882 3975; x_wconf 77' lang='grc' dir='ltr'>τότε,</span> <span class='ocrx_word' id='word_1_405' title='bbox 913 3909 1066 3963; x_wconf 74' lang='grc' dir='ltr'>οὐδὲν</span> <span class='ocrx_word' id='word_1_406' title='bbox 1097 3907 1282 3981; x_wconf 81' lang='grc' dir='ltr'>ἧττον,</span> <span class='ocrx_word' id='word_1_407' title='bbox 1317 3913 1362 3964; x_wconf 84' lang='grc' dir='ltr'>εἰ</span> <span class='ocrx_word' id='word_1_408' title='bbox 1392 3911 1468 3982; x_wconf 86' lang='grc' dir='ltr'>μὴ</span> <span class='ocrx_word' id='word_1_409' title='bbox 1502 3915 1594 3965; x_wconf 75' lang='grc' dir='ltr'>καὶ</span> <span class='ocrx_word' id='word_1_410' title='bbox 1638 3914 1863 3980; x_wconf 72' lang='grc' dir='ltr'>μᾶλλον,</span> <span class='ocrx_word' id='word_1_411' title='bbox 1893 3915 1994 3984; x_wconf 79' lang='grc' dir='ltr'>τὴν</span> 
     </span>
    </p>
   </div>
   <div class='ocr_carea' id='block_1_58' title="bbox 415 4000 1995 4074">
    <p class='ocr_par' dir='ltr' id='par_1_58' title="bbox 415 4000 1995 4074">
     <span class='ocr_line' id='line_1_58' title="bbox 415 4000 1995 4074; baseline 0.004 -22"><span class='ocrx_word' id='word_1_412' title='bbox 415 4000 646 4068; x_wconf 75' lang='grc' dir='ltr'>σιδηρᾶν</span> <span class='ocrx_word' id='word_1_413' title='bbox 680 4001 808 4070; x_wconf 77' lang='grc' dir='ltr'>ἡμῖν</span> <span class='ocrx_word' id='word_1_414' title='bbox 835 4002 910 4064; x_wconf 73' lang='grc' dir='ltr'>ὡς</span> <span class='ocrx_word' id='word_1_415' title='bbox 962 4003 1252 4074; x_wconf 75' lang='grc' dir='ltr'>ἀστραπὴν</span> <span class='ocrx_word' id='word_1_416' title='bbox 1284 4002 1572 4072; x_wconf 75' lang='grc' dir='ltr'>παρώξυνε</span> <span class='ocrx_word' id='word_1_417' title='bbox 1610 4021 1666 4056; x_wconf 86' lang='grc' dir='ltr'><strong>τε</strong></span> <span class='ocrx_word' id='word_1_418' title='bbox 1721 4005 1815 4057; x_wconf 77' lang='grc' dir='ltr'>καὶ</span> <span class='ocrx_word' id='word_1_419' title='bbox 1873 4007 1995 4058; x_wconf 85' lang='grc' dir='ltr'>ἀνε-</span> 
     </span>
    </p>
   </div>
   <div class='ocr_carea' id='block_1_59' title="bbox 414 4091 1996 4168">
    <p class='ocr_par' dir='ltr' id='par_1_59' title="bbox 414 4091 1996 4168">
     <span class='ocr_line' id='line_1_59' title="bbox 414 4091 1996 4168; baseline 0.005 -26"><span class='ocrx_word' id='word_1_420' title='bbox 414 4091 680 4146; x_wconf 78' lang='grc' dir='ltr'>στίλὸωσε</span> <span class='ocrx_word' id='word_1_421' title='bbox 718 4093 936 4163; x_wconf 80' lang='grc' dir='ltr'>ρἀδον,</span> <span class='ocrx_word' id='word_1_422' title='bbox 975 4096 1066 4148; x_wconf 71' lang='grc' dir='ltr'><strong>ἐπὶ</strong></span> <span class='ocrx_word' id='word_1_423' title='bbox 1097 4096 1239 4150; x_wconf 74' lang='grc' dir='ltr'>ἔθνει</span> <span class='ocrx_word' id='word_1_424' title='bbox 1283 4098 1528 4168; x_wconf 80' lang='grc' dir='ltr'>ἀσυνέτῳ</span> <span class='ocrx_word' id='word_1_425' title='bbox 1559 4099 1996 4168; x_wconf 86' lang='grc' dir='ltr'>παροργίσαντος</span> 
     </span>
    </p>
   </div>
   <div class='ocr_carea' id='block_1_60' title="bbox 412 4186 1997 4262">
    <p class='ocr_par' dir='ltr' id='par_1_60' title="bbox 412 4186 1997 4262">
     <span class='ocr_line' id='line_1_60' title="bbox 412 4186 1997 4262; baseline 0.005 -24"><span class='ocrx_word' id='word_1_426' title='bbox 412 4186 558 4254; x_wconf 70' lang='grc' dir='ltr'>ἡμᾶς</span> <span class='ocrx_word' id='word_1_427' title='bbox 592 4186 877 4255; x_wconf 69' lang='grc' dir='ltr'>τοὺιθιοῦ,</span> <span class='ocrx_word' id='word_1_428' title='bbox 914 4189 1004 4242; x_wconf 82' lang='grc' dir='ltr'>καὶ</span> <span class='ocrx_word' id='word_1_429' title='bbox 1033 4188 1132 4260; x_wconf 75' lang='grc' dir='ltr'>τὴν</span> <span class='ocrx_word' id='word_1_430' title='bbox 1160 4188 1272 4243; x_wconf 87' lang='grc' dir='ltr'><strong>τῶν</strong></span> <span class='ocrx_word' id='word_1_431' title='bbox 1315 4190 1556 4260; x_wconf 81' lang='grc' dir='ltr'>ἀνομιῶν</span> <span class='ocrx_word' id='word_1_432' title='bbox 1584 4191 1741 4262; x_wconf 70' lang='grc' dir='ltr'>ἡμῶν</span> <span class='ocrx_word' id='word_1_433' title='bbox 1772 4192 1997 4246; x_wconf 66' lang='grc' dir='ltr'>ἐπίσκε-</span> 
     </span>
    </p>
   </div>
   <div class='ocr_carea' id='block_1_61' title="bbox 2029 3217 2072 3277">
    <p class='ocr_par' dir='ltr' id='par_1_61' title="bbox 2029 3217 2072 3277">
     <span class='ocr_line' id='line_1_61' title="bbox 2029 3217 2072 3277; baseline 0 0"><span class='ocrx_word' id='word_1_434' title='bbox 2029 3217 2072 3277; x_wconf 87' lang='lat' dir='ltr'><strong><em>C</em></strong></span> 
     </span>
    </p>
   </div>
   <div class='ocr_carea' id='block_1_62' title="bbox 2108 1978 3682 2049">
    <p class='ocr_par' dir='ltr' id='par_1_62' title="bbox 2108 1978 3682 2049">
     <span class='ocr_line' id='line_1_62' title="bbox 2108 1978 3682 2049; baseline 0 -17"><span class='ocrx_word' id='word_1_435' title='bbox 2108 1978 2354 2033; x_wconf 88' lang='lat' dir='ltr'><strong>trucibus</strong></span> <span class='ocrx_word' id='word_1_436' title='bbox 2382 1979 2558 2032; x_wconf 88' lang='lat' dir='ltr'><strong>oculis</strong></span> <span class='ocrx_word' id='word_1_437' title='bbox 2583 1979 2930 2041; x_wconf 85' lang='lat' dir='ltr'><strong>anhelantes,</strong></span> <span class='ocrx_word' id='word_1_438' title='bbox 2963 1986 3017 2031; x_wconf 94' lang='lat' dir='ltr'><strong>et</strong></span> <span class='ocrx_word' id='word_1_439' title='bbox 3068 1981 3292 2032; x_wconf 77' lang='lat' dir='ltr'><strong>vulnera</strong></span> <span class='ocrx_word' id='word_1_440' title='bbox 3351 1981 3682 2049; x_wconf 76' lang='lat' dir='ltr'><strong>indigentes.</strong></span> 
     </span>
    </p>
   </div>
   <div class='ocr_carea' id='block_1_63' title="bbox 2105 2068 3689 2139">
    <p class='ocr_par' dir='ltr' id='par_1_63' title="bbox 2105 2068 3689 2139">
     <span class='ocr_line' id='line_1_63' title="bbox 2105 2068 3689 2139; baseline 0.003 -16"><span class='ocrx_word' id='word_1_441' title='bbox 2105 2083 2281 2138; x_wconf 90' lang='lat' dir='ltr'><strong>eaque</strong></span> <span class='ocrx_word' id='word_1_442' title='bbox 2334 2068 2417 2124; x_wconf 84' lang='lat' dir='ltr'><strong>vel</strong></span> <span class='ocrx_word' id='word_1_443' title='bbox 2449 2069 2778 2139; x_wconf 83' lang='lat' dir='ltr'><strong>opportunis</strong></span> <span class='ocrx_word' id='word_1_444' title='bbox 2813 2069 3057 2138; x_wconf 87' lang='lat' dir='ltr'><strong>partibus</strong></span> <span class='ocrx_word' id='word_1_445' title='bbox 3087 2070 3433 2139; x_wconf 90' lang='lat' dir='ltr'><strong>corporibus,</strong></span> <span class='ocrx_word' id='word_1_446' title='bbox 3486 2073 3689 2139; x_wconf 83' lang='lat' dir='ltr'><strong>quibus</strong></span> 
     </span>
    </p>
   </div>
   <div class='ocr_carea' id='block_1_64' title="bbox 2105 2161 3688 2234">
    <p class='ocr_par' dir='ltr' id='par_1_64' title="bbox 2105 2161 3688 2234">
     <span class='ocr_line' id='line_1_64' title="bbox 2105 2161 3688 2234; baseline 0.005 -20"><span class='ocrx_word' id='word_1_447' title='bbox 2105 2161 2404 2229; x_wconf 87' lang='lat' dir='ltr'><strong>percussis.</strong></span> <span class='ocrx_word' id='word_1_448' title='bbox 2432 2163 2538 2217; x_wconf 88' lang='lat' dir='ltr'><strong>cita</strong></span> <span class='ocrx_word' id='word_1_449' title='bbox 2566 2178 2711 2217; x_wconf 84' lang='lat' dir='ltr'><strong>mors</strong></span> <span class='ocrx_word' id='word_1_450' title='bbox 2737 2163 3109 2232; x_wconf 55' lang='lat' dir='ltr'><strong>sequiturpgvel</strong></span> <span class='ocrx_word' id='word_1_451' title='bbox 3136 2174 3194 2220; x_wconf 86' lang='lat' dir='ltr'><strong>et</strong></span> <span class='ocrx_word' id='word_1_452' title='bbox 3223 2164 3342 2218; x_wconf 85' lang='lat' dir='ltr'><strong>aliis</strong></span> <span class='ocrx_word' id='word_1_453' title='bbox 3385 2164 3570 2220; x_wconf 89' lang='lat' dir='ltr'><strong>minus</strong></span> <span class='ocrx_word' id='word_1_454' title='bbox 3599 2182 3688 2234; x_wconf 84' lang='lat' dir='ltr'><strong>pe-</strong></span> 
     </span>
    </p>
   </div>
   <div class='ocr_carea' id='block_1_65' title="bbox 2106 2253 3682 2320">
    <p class='ocr_par' dir='ltr' id='par_1_65' title="bbox 2106 2253 3682 2320">
     <span class='ocr_line' id='line_1_65' title="bbox 2106 2253 3682 2320; baseline 0.001 -14"><span class='ocrx_word' id='word_1_455' title='bbox 2106 2253 2380 2320; x_wconf 82' lang='lat' dir='ltr'><strong>riculosis,</strong></span> <span class='ocrx_word' id='word_1_456' title='bbox 2424 2262 2482 2308; x_wconf 89' lang='lat' dir='ltr'><strong>ut</strong></span> <span class='ocrx_word' id='word_1_457' title='bbox 2544 2269 2744 2310; x_wconf 83' lang='lat' dir='ltr'><strong>sensus</strong></span> <span class='ocrx_word' id='word_1_458' title='bbox 2807 2255 3011 2310; x_wconf 83' lang='lat' dir='ltr'><strong>doloris</strong></span> <span class='ocrx_word' id='word_1_459' title='bbox 3064 2255 3390 2310; x_wconf 77' lang='lat' dir='ltr'><strong>diuturnior</strong></span> <span class='ocrx_word' id='word_1_460' title='bbox 3453 2266 3682 2310; x_wconf 89' lang='lat' dir='ltr'><strong>mortem</strong></span> 
     </span>
    </p>
   </div>
   <div class='ocr_carea' id='block_1_66' title="bbox 2104 2351 3682 2425">
    <p class='ocr_par' dir='ltr' id='par_1_66' title="bbox 2104 2351 3682 2425">
     <span class='ocr_line' id='line_1_66' title="bbox 2104 2351 3682 2425; baseline 0.003 -20"><span class='ocrx_word' id='word_1_461' title='bbox 2104 2351 2294 2407; x_wconf 73' lang='lat' dir='ltr'><strong>aﬂerat</strong></span> <span class='ocrx_word' id='word_1_462' title='bbox 2338 2352 2678 2407; x_wconf 87' lang='lat' dir='ltr'><strong>acerbiorem</strong></span> <span class='ocrx_word' id='word_1_463' title='bbox 2741 2353 3157 2413; x_wconf 82' lang='lat' dir='ltr'><strong>:humauitatis</strong></span> <span class='ocrx_word' id='word_1_464' title='bbox 3227 2355 3479 2425; x_wconf 86' lang='lat' dir='ltr'><strong>equidem</strong></span> <span class='ocrx_word' id='word_1_465' title='bbox 3555 2357 3682 2410; x_wconf 89' lang='lat' dir='ltr'><strong>talis</strong></span> 
     </span>
    </p>
   </div>
   <div class='ocr_carea' id='block_1_67' title="bbox 2106 2445 3680 2516">
    <p class='ocr_par' dir='ltr' id='par_1_67' title="bbox 2106 2445 3680 2516">
     <span class='ocr_line' id='line_1_67' title="bbox 2106 2445 3680 2516; baseline 0.003 -16"><span class='ocrx_word' id='word_1_466' title='bbox 2106 2454 2193 2500; x_wconf 90' lang='lat' dir='ltr'><strong>est</strong></span> <span class='ocrx_word' id='word_1_467' title='bbox 2225 2445 2489 2514; x_wconf 85' lang='lat' dir='ltr'><strong>c0gitatio</strong></span> <span class='ocrx_word' id='word_1_468' title='bbox 2523 2463 2535 2499; x_wconf 94' lang='lat'>:</span> <span class='ocrx_word' id='word_1_469' title='bbox 2569 2461 2809 2516; x_wconf 92' lang='lat' dir='ltr'><strong>eumque</strong></span> <span class='ocrx_word' id='word_1_470' title='bbox 2834 2448 2927 2516; x_wconf 85' lang='lat' dir='ltr'><strong>qui</strong></span> <span class='ocrx_word' id='word_1_471' title='bbox 2960 2447 3063 2503; x_wconf 90' lang='lat' dir='ltr'><strong>hoc</strong></span> <span class='ocrx_word' id='word_1_472' title='bbox 3098 2448 3280 2503; x_wconf 84' lang='lat' dir='ltr'><strong>animo</strong></span> <span class='ocrx_word' id='word_1_473' title='bbox 3335 2459 3440 2514; x_wconf 87' lang='lat' dir='ltr'><strong>est,</strong></span> <span class='ocrx_word' id='word_1_474' title='bbox 3493 2449 3680 2511; x_wconf 87' lang='lat' dir='ltr'><strong>laudo.</strong></span> 
     </span>
    </p>
   </div>
   <div class='ocr_carea' id='block_1_68' title="bbox 2103 2539 3705 2608">
    <p class='ocr_par' dir='ltr' id='par_1_68' title="bbox 2103 2539 3705 2608">
     <span class='ocr_line' id='line_1_68' title="bbox 2103 2539 3705 2608; baseline 0.002 -17"><span class='ocrx_word' id='word_1_475' title='bbox 2103 2539 2251 2608; x_wconf 91' lang='lat' dir='ltr'><strong>quod</strong></span> <span class='ocrx_word' id='word_1_476' title='bbox 2306 2540 2555 2594; x_wconf 63' lang='lat' dir='ltr'><strong>humana</strong></span> <span class='ocrx_word' id='word_1_477' title='bbox 2592 2549 2802 2594; x_wconf 75' lang='lat' dir='ltr'><strong>natura:</strong></span> <span class='ocrx_word' id='word_1_478' title='bbox 2832 2542 3313 2596; x_wconf 83' lang='lat' dir='ltr'><strong>commiseratione</strong></span> <span class='ocrx_word' id='word_1_479' title='bbox 3365 2541 3630 2597; x_wconf 78' lang='lat' dir='ltr'><strong>adiciatur</strong></span> <span class='ocrx_word' id='word_1_480' title='bbox 3670 2560 3705 2595; x_wconf 15' lang='lat'><strong>:7</strong></span> 
     </span>
    </p>
   </div>
   <div class='ocr_carea' id='block_1_69' title="bbox 2103 2630 3688 2703">
    <p class='ocr_par' dir='ltr' id='par_1_69' title="bbox 2103 2630 3688 2703">
     <span class='ocr_line' id='line_1_69' title="bbox 2103 2630 3688 2703; baseline 0.002 -19"><span class='ocrx_word' id='word_1_481' title='bbox 2103 2630 2574 2700; x_wconf 83' lang='lat' dir='ltr'><strong>scdtamen,quia</strong></span> <span class='ocrx_word' id='word_1_482' title='bbox 2633 2647 2782 2686; x_wconf 86' lang='lat' dir='ltr'><strong>mors</strong></span> <span class='ocrx_word' id='word_1_483' title='bbox 2840 2633 3151 2702; x_wconf 85' lang='lat' dir='ltr'><strong>hujusmodi</strong></span> <span class='ocrx_word' id='word_1_484' title='bbox 3211 2649 3314 2687; x_wconf 91' lang='lat' dir='ltr'><strong>suo</strong></span> <span class='ocrx_word' id='word_1_485' title='bbox 3362 2637 3585 2703; x_wconf 73' lang='lat' dir='ltr'><strong>prmntio</strong></span> <span class='ocrx_word' id='word_1_486' title='bbox 3631 2645 3688 2687; x_wconf 85' lang='lat' dir='ltr'><strong>et</strong></span> 
     </span>
    </p>
   </div>
   <div class='ocr_carea' id='block_1_70' title="bbox 2109 2722 3684 2798">
    <p class='ocr_par' dir='ltr' id='par_1_70' title="bbox 2109 2722 3684 2798">
     <span class='ocr_line' id='line_1_70' title="bbox 2109 2722 3684 2798; baseline 0.003 -23"><span class='ocrx_word' id='word_1_487' title='bbox 2109 2722 2266 2777; x_wconf 83' lang='lat' dir='ltr'><strong>lucro</strong></span> <span class='ocrx_word' id='word_1_488' title='bbox 2320 2739 2430 2777; x_wconf 89' lang='lat' dir='ltr'><strong>non</strong></span> <span class='ocrx_word' id='word_1_489' title='bbox 2483 2735 2655 2788; x_wconf 88' lang='lat' dir='ltr'><strong>caret,</strong></span> <span class='ocrx_word' id='word_1_490' title='bbox 2685 2740 2792 2778; x_wconf 92' lang='lat' dir='ltr'><strong>non</strong></span> <span class='ocrx_word' id='word_1_491' title='bbox 2827 2734 2934 2778; x_wconf 92' lang='lat' dir='ltr'><strong>tam</strong></span> <span class='ocrx_word' id='word_1_492' title='bbox 2965 2725 3029 2777; x_wconf 88' lang='lat' dir='ltr'><strong>ad</strong></span> <span class='ocrx_word' id='word_1_493' title='bbox 3089 2728 3496 2781; x_wconf 77' lang='lat' dir='ltr'><strong>lamentantium</strong></span> <span class='ocrx_word' id='word_1_494' title='bbox 3520 2743 3684 2798; x_wconf 88' lang='lat' dir='ltr'><strong>quam</strong></span> 
     </span>
    </p>
   </div>
   <div class='ocr_carea' id='block_1_71' title="bbox 2104 2816 3680 2882">
    <p class='ocr_par' dir='ltr' id='par_1_71' title="bbox 2104 2816 3680 2882">
     <span class='ocr_line' id='line_1_71' title="bbox 2104 2816 3680 2882; baseline -0.001 -11"><span class='ocrx_word' id='word_1_495' title='bbox 2104 2819 2171 2871; x_wconf 86' lang='lat' dir='ltr'><strong>ad</strong></span> <span class='ocrx_word' id='word_1_496' title='bbox 2204 2818 2480 2871; x_wconf 87' lang='lat' dir='ltr'><strong>moderate</strong></span> <span class='ocrx_word' id='word_1_497' title='bbox 2532 2816 2645 2871; x_wconf 70' lang='lat' dir='ltr'><strong>Itzec</strong></span> <span class='ocrx_word' id='word_1_498' title='bbox 2672 2816 2952 2871; x_wconf 80' lang='lat' dir='ltr'><strong>ferendum</strong></span> <span class='ocrx_word' id='word_1_499' title='bbox 2989 2817 3252 2882; x_wconf 89' lang='lat' dir='ltr'><strong>adducor,</strong></span> <span class='ocrx_word' id='word_1_500' title='bbox 3289 2818 3417 2871; x_wconf 86' lang='lat' dir='ltr'><strong>dum</strong></span> <span class='ocrx_word' id='word_1_501' title='bbox 3470 2835 3680 2873; x_wconf 79' lang='lat' dir='ltr'><strong>mecum</strong></span> 
     </span>
    </p>
   </div>
   <div class='ocr_carea' id='block_1_72' title="bbox 2104 2909 3653 2981">
    <p class='ocr_par' dir='ltr' id='par_1_72' title="bbox 2104 2909 3653 2981">
     <span class='ocr_line' id='line_1_72' title="bbox 2104 2909 3653 2981; baseline 0.001 -19"><span class='ocrx_word' id='word_1_502' title='bbox 2104 2910 2380 2979; x_wconf 72' lang='lat' dir='ltr'><strong>perpendo</strong></span> <span class='ocrx_word' id='word_1_503' title='bbox 2440 2909 2806 2964; x_wconf 83' lang='lat' dir='ltr'><strong>conditionem</strong></span> <span class='ocrx_word' id='word_1_504' title='bbox 2843 2925 2993 2979; x_wconf 81' lang='lat' dir='ltr'><strong>:qua</strong></span> <span class='ocrx_word' id='word_1_505' title='bbox 3046 2910 3174 2964; x_wconf 90' lang='lat' dir='ltr'><strong>hinc</strong></span> <span class='ocrx_word' id='word_1_506' title='bbox 3203 2909 3524 2966; x_wconf 84' lang='lat' dir='ltr'><strong>discessisse</strong></span> <span class='ocrx_word' id='word_1_507' title='bbox 3554 2927 3653 2981; x_wconf 88' lang='lat' dir='ltr'><strong>pro</strong></span> 
     </span>
    </p>
   </div>
   <div class='ocr_carea' id='block_1_73' title="bbox 2107 3002 3682 3069">
    <p class='ocr_par' dir='ltr' id='par_1_73' title="bbox 2107 3002 3682 3069">
     <span class='ocr_line' id='line_1_73' title="bbox 2107 3002 3682 3069; baseline 0.003 -16"><span class='ocrx_word' id='word_1_508' title='bbox 2107 3003 2280 3055; x_wconf 83' lang='lat' dir='ltr'><strong>habile</strong></span> <span class='ocrx_word' id='word_1_509' title='bbox 2314 3013 2396 3056; x_wconf 89' lang='lat' dir='ltr'><strong>est</strong></span> <span class='ocrx_word' id='word_1_510' title='bbox 2419 3017 2542 3056; x_wconf 87' lang='lat' dir='ltr'><strong>eum</strong></span> <span class='ocrx_word' id='word_1_511' title='bbox 2574 3002 2771 3069; x_wconf 81' lang='lat' dir='ltr'><strong>quisic</strong></span> <span class='ocrx_word' id='word_1_512' title='bbox 2805 3004 2969 3057; x_wconf 86' lang='lat' dir='ltr'><strong>vitam</strong></span> <span class='ocrx_word' id='word_1_513' title='bbox 3007 3002 3264 3069; x_wconf 87' lang='lat' dir='ltr'><strong>reliquit;</strong></span> <span class='ocrx_word' id='word_1_514' title='bbox 3323 3005 3559 3058; x_wconf 80' lang='lat' dir='ltr'><strong>maxime</strong></span> <span class='ocrx_word' id='word_1_515' title='bbox 3611 3009 3682 3066; x_wconf 87' lang='lat' dir='ltr'><strong>si,</strong></span> 
     </span>
    </p>
   </div>
   <div class='ocr_carea' id='block_1_74' title="bbox 2102 3091 3696 3165">
    <p class='ocr_par' dir='ltr' id='par_1_74' title="bbox 2102 3091 3696 3165">
     <span class='ocr_line' id='line_1_74' title="bbox 2102 3091 3696 3165; baseline 0.003 -19"><span class='ocrx_word' id='word_1_516' title='bbox 2102 3091 2323 3147; x_wconf 81' lang='lat' dir='ltr'><strong>virtutis</strong></span> <span class='ocrx_word' id='word_1_517' title='bbox 2371 3093 2552 3147; x_wconf 89' lang='lat' dir='ltr'><strong>studio</strong></span> <span class='ocrx_word' id='word_1_518' title='bbox 2602 3093 2846 3158; x_wconf 90' lang='lat' dir='ltr'><strong>deditus,</strong></span> <span class='ocrx_word' id='word_1_519' title='bbox 2905 3110 3026 3149; x_wconf 89' lang='lat' dir='ltr'><strong>eam</strong></span> <span class='ocrx_word' id='word_1_520' title='bbox 3070 3097 3172 3149; x_wconf 90' lang='lat' dir='ltr'><strong>sibi</strong></span> <span class='ocrx_word' id='word_1_521' title='bbox 3225 3111 3322 3165; x_wconf 84' lang='lat' dir='ltr'><strong>per</strong></span> <span class='ocrx_word' id='word_1_522' title='bbox 3359 3105 3532 3150; x_wconf 90' lang='lat' dir='ltr'><strong>totum</strong></span> <span class='ocrx_word' id='word_1_523' title='bbox 3567 3099 3696 3150; x_wconf 67' lang='lat' dir='ltr'><strong>vitae</strong></span> 
     </span>
    </p>
   </div>
   <div class='ocr_carea' id='block_1_75' title="bbox 2104 3183 3688 3254">
    <p class='ocr_par' dir='ltr' id='par_1_75' title="bbox 2104 3183 3688 3254">
     <span class='ocr_line' id='line_1_75' title="bbox 2104 3183 3688 3254; baseline 0.004 -20"><span class='ocrx_word' id='word_1_524' title='bbox 2104 3197 2217 3236; x_wconf 78' lang='lat' dir='ltr'><strong>sua:</strong></span> <span class='ocrx_word' id='word_1_525' title='bbox 2241 3183 2575 3238; x_wconf 87' lang='lat' dir='ltr'><strong>curriculum</strong></span> <span class='ocrx_word' id='word_1_526' title='bbox 2635 3186 2968 3254; x_wconf 86' lang='lat' dir='ltr'><strong>sequendam</strong></span> <span class='ocrx_word' id='word_1_527' title='bbox 3042 3186 3216 3240; x_wconf 74' lang='lat' dir='ltr'><strong>duxit.</strong></span> <span class='ocrx_word' id='word_1_528' title='bbox 3275 3185 3424 3241; x_wconf 78' lang='lat' dir='ltr'><strong>Talis</strong></span> <span class='ocrx_word' id='word_1_529' title='bbox 3500 3199 3688 3241; x_wconf 85' lang='lat' dir='ltr'><strong>autem</strong></span> 
     </span>
    </p>
   </div>
   <div class='ocr_carea' id='block_1_76' title="bbox 2106 3277 3686 3347">
    <p class='ocr_par' dir='ltr' id='par_1_76' title="bbox 2106 3277 3686 3347">
     <span class='ocr_line' id='line_1_76' title="bbox 2106 3277 3686 3347; baseline 0.003 -20"><span class='ocrx_word' id='word_1_530' title='bbox 2106 3290 2261 3327; x_wconf 88' lang='lat' dir='ltr'><strong>meus</strong></span> <span class='ocrx_word' id='word_1_531' title='bbox 2299 3284 2450 3343; x_wconf 88' lang='lat' dir='ltr'><strong>pater</strong></span> <span class='ocrx_word' id='word_1_532' title='bbox 2487 3277 2722 3337; x_wconf 79' lang='lat' dir='ltr'><strong>exstitit.</strong></span> <span class='ocrx_word' id='word_1_533' title='bbox 2748 3278 2841 3347; x_wconf 91' lang='lat' dir='ltr'><strong>qui</strong></span> <span class='ocrx_word' id='word_1_534' title='bbox 2887 3278 3195 3332; x_wconf 86' lang='lat' dir='ltr'><strong>indivuisus</strong></span> <span class='ocrx_word' id='word_1_535' title='bbox 3231 3279 3454 3334; x_wconf 89' lang='lat' dir='ltr'><strong>virtutis</strong></span> <span class='ocrx_word' id='word_1_536' title='bbox 3511 3289 3686 3334; x_wconf 77' lang='lat' dir='ltr'><strong>secta-</strong></span> 
     </span>
    </p>
   </div>
   <div class='ocr_carea' id='block_1_77' title="bbox 2105 3366 3684 3440">
    <p class='ocr_par' dir='ltr' id='par_1_77' title="bbox 2105 3366 3684 3440">
     <span class='ocr_line' id='line_1_77' title="bbox 2105 3366 3684 3440; baseline 0.002 -19"><span class='ocrx_word' id='word_1_537' title='bbox 2105 3379 2187 3421; x_wconf 91' lang='lat' dir='ltr'><strong>tor</strong></span> <span class='ocrx_word' id='word_1_538' title='bbox 2217 3366 2322 3420; x_wconf 83' lang='lat' dir='ltr'><strong>i&#39;uit</strong></span> <span class='ocrx_word' id='word_1_539' title='bbox 2358 3379 2410 3421; x_wconf 87' lang='lat' dir='ltr'><strong>et</strong></span> <span class='ocrx_word' id='word_1_540' title='bbox 2442 3367 2570 3423; x_wconf 89' lang='lat' dir='ltr'><strong>huic</strong></span> <span class='ocrx_word' id='word_1_541' title='bbox 2607 3369 2934 3424; x_wconf 89' lang='lat' dir='ltr'><strong>immortuus</strong></span> <span class='ocrx_word' id='word_1_542' title='bbox 2963 3379 3066 3424; x_wconf 79' lang='lat' dir='ltr'><strong>est.</strong></span> <span class='ocrx_word' id='word_1_543' title='bbox 3100 3370 3287 3440; x_wconf 89' lang='lat' dir='ltr'><strong>Itaque</strong></span> <span class='ocrx_word' id='word_1_544' title='bbox 3311 3372 3480 3425; x_wconf 91' lang='lat' dir='ltr'><strong>multa</strong></span> <span class='ocrx_word' id='word_1_545' title='bbox 3503 3388 3684 3426; x_wconf 84' lang='lat' dir='ltr'><strong>rerum</strong></span> 
     </span>
    </p>
   </div>
   <div class='ocr_carea' id='block_1_78' title="bbox 2103 3459 3697 3533">
    <p class='ocr_par' dir='ltr' id='par_1_78' title="bbox 2103 3459 3697 3533">
     <span class='ocr_line' id='line_1_78' title="bbox 2103 3459 3697 3533; baseline 0.003 -21"><span class='ocrx_word' id='word_1_546' title='bbox 2103 3459 2457 3513; x_wconf 71' lang='lat' dir='ltr'><strong>laudabilium</strong></span> <span class='ocrx_word' id='word_1_547' title='bbox 2497 3459 2825 3516; x_wconf 87' lang='lat' dir='ltr'><strong>documenta</strong></span> <span class='ocrx_word' id='word_1_548' title='bbox 2883 3462 3079 3517; x_wconf 84' lang='lat' dir='ltr'><strong>dedit:</strong></span> <span class='ocrx_word' id='word_1_549' title='bbox 3117 3475 3244 3518; x_wconf 86' lang='lat' dir='ltr'><strong>nota</strong></span> <span class='ocrx_word' id='word_1_550' title='bbox 3293 3464 3420 3528; x_wconf 84' lang='lat' dir='ltr'><strong>illis,</strong></span> <span class='ocrx_word' id='word_1_551' title='bbox 3485 3464 3697 3533; x_wconf 75' lang='lat' dir='ltr'><strong>quibus</strong></span> 
     </span>
    </p>
   </div>
   <div class='ocr_carea' id='block_1_79' title="bbox 2101 3550 3688 3620">
    <p class='ocr_par' dir='ltr' id='par_1_79' title="bbox 2101 3550 3688 3620">
     <span class='ocr_line' id='line_1_79' title="bbox 2101 3550 3688 3620; baseline 0.003 -17"><span class='ocrx_word' id='word_1_552' title='bbox 2101 3559 2264 3603; x_wconf 86' lang='lat' dir='ltr'><strong>notus</strong></span> <span class='ocrx_word' id='word_1_553' title='bbox 2297 3550 2418 3614; x_wconf 84' lang='lat' dir='ltr'><strong>iuit,</strong></span> <span class='ocrx_word' id='word_1_554' title='bbox 2444 3552 2648 3606; x_wconf 90' lang='lat' dir='ltr'><strong>omnia.</strong></span> <span class='ocrx_word' id='word_1_555' title='bbox 2673 3552 2781 3607; x_wconf 79' lang='lat' dir='ltr'><strong>Nec</strong></span> <span class='ocrx_word' id='word_1_556' title='bbox 2812 3554 2944 3606; x_wconf 87' lang='lat' dir='ltr'><strong>mihi</strong></span> <span class='ocrx_word' id='word_1_557' title='bbox 2977 3569 3206 3609; x_wconf 89' lang='lat' dir='ltr'><strong>necesse</strong></span> <span class='ocrx_word' id='word_1_558' title='bbox 3226 3566 3332 3620; x_wconf 86' lang='lat' dir='ltr'><strong>est,</strong></span> <span class='ocrx_word' id='word_1_559' title='bbox 3359 3569 3688 3608; x_wconf 82' lang='lat' dir='ltr'><strong>enumerare</strong></span> 
     </span>
    </p>
   </div>
   <div class='ocr_carea' id='block_1_80' title="bbox 2099 3645 3683 3717">
    <p class='ocr_par' dir='ltr' id='par_1_80' title="bbox 2099 3645 3683 3717">
     <span class='ocr_line' id='line_1_80' title="bbox 2099 3645 3683 3717; baseline 0.003 -21"><span class='ocrx_word' id='word_1_560' title='bbox 2099 3659 2223 3711; x_wconf 69' lang='lat' dir='ltr'><strong>quae</strong></span> <span class='ocrx_word' id='word_1_561' title='bbox 2255 3645 2336 3698; x_wconf 90' lang='lat' dir='ltr'><strong>vel</strong></span> <span class='ocrx_word' id='word_1_562' title='bbox 2369 3647 2421 3697; x_wconf 92' lang='lat' dir='ltr'><strong>in</strong></span> <span class='ocrx_word' id='word_1_563' title='bbox 2482 3660 2749 3715; x_wconf 83' lang='lat' dir='ltr'><strong>pauperes</strong></span> <span class='ocrx_word' id='word_1_564' title='bbox 2795 3649 3065 3717; x_wconf 77' lang='lat' dir='ltr'><strong>erogavit,</strong></span> <span class='ocrx_word' id='word_1_565' title='bbox 3133 3646 3212 3702; x_wconf 86' lang='lat' dir='ltr'><strong>vel</strong></span> <span class='ocrx_word' id='word_1_566' title='bbox 3244 3647 3296 3699; x_wconf 90' lang='lat' dir='ltr'><strong>in</strong></span> <span class='ocrx_word' id='word_1_567' title='bbox 3352 3646 3683 3715; x_wconf 81' lang='lat' dir='ltr'><strong>recipiendis</strong></span> 
     </span>
    </p>
   </div>
   <div class='ocr_carea' id='block_1_81' title="bbox 2102 3737 3681 3809">
    <p class='ocr_par' dir='ltr' id='par_1_81' title="bbox 2102 3737 3681 3809">
     <span class='ocr_line' id='line_1_81' title="bbox 2102 3737 3681 3809; baseline 0.003 -21"><span class='ocrx_word' id='word_1_568' title='bbox 2102 3737 2427 3806; x_wconf 82' lang='lat' dir='ltr'><strong>hospitibus,</strong></span> <span class='ocrx_word' id='word_1_569' title='bbox 2477 3738 3105 3809; x_wconf 70' lang='lat' dir='ltr'><strong>tniscricordiaeindigis,</strong></span> <span class='ocrx_word' id='word_1_570' title='bbox 3140 3739 3370 3808; x_wconf 82' lang='lat' dir='ltr'><strong>benigne</strong></span> <span class='ocrx_word' id='word_1_571' title='bbox 3400 3738 3532 3795; x_wconf 79' lang='lat' dir='ltr'><strong>fecit</strong></span> <span class='ocrx_word' id='word_1_572' title='bbox 3598 3738 3681 3792; x_wconf 88' lang='lat' dir='ltr'><strong>vel</strong></span> 
     </span>
    </p>
   </div>
   <div class='ocr_carea' id='block_1_82' title="bbox 2101 3830 3685 3901">
    <p class='ocr_par' dir='ltr' id='par_1_82' title="bbox 2101 3830 3685 3901">
     <span class='ocr_line' id='line_1_82' title="bbox 2101 3830 3685 3901; baseline 0.001 -18"><span class='ocrx_word' id='word_1_573' title='bbox 2101 3831 2189 3883; x_wconf 85' lang='lat' dir='ltr'><strong>illa</strong></span> <span class='ocrx_word' id='word_1_574' title='bbox 2217 3831 2418 3899; x_wconf 89' lang='lat' dir='ltr'><strong>quibus</strong></span> <span class='ocrx_word' id='word_1_575' title='bbox 2487 3830 2686 3901; x_wconf 88' lang='lat' dir='ltr'><strong>aliquis</strong></span> <span class='ocrx_word' id='word_1_576' title='bbox 2713 3833 3064 3901; x_wconf 84' lang='lat' dir='ltr'><strong>cognoscitur</strong></span> <span class='ocrx_word' id='word_1_577' title='bbox 3109 3834 3190 3885; x_wconf 87' lang='lat' dir='ltr'><strong>vir</strong></span> <span class='ocrx_word' id='word_1_578' title='bbox 3221 3833 3401 3886; x_wconf 82' lang='lat' dir='ltr'><strong>bonus</strong></span> <span class='ocrx_word' id='word_1_579' title='bbox 3430 3841 3485 3885; x_wconf 85' lang='lat' dir='ltr'><strong>et</strong></span> <span class='ocrx_word' id='word_1_580' title='bbox 3519 3833 3685 3886; x_wconf 80' lang='lat' dir='ltr'><strong>mise-</strong></span> 
     </span>
    </p>
   </div>
   <div class='ocr_carea' id='block_1_83' title="bbox 2101 3920 3694 3989">
    <p class='ocr_par' dir='ltr' id='par_1_83' title="bbox 2101 3920 3694 3989">
     <span class='ocr_line' id='line_1_83' title="bbox 2101 3920 3694 3989; baseline 0.002 -15"><span class='ocrx_word' id='word_1_581' title='bbox 2101 3923 2296 3976; x_wconf 82' lang='lat' dir='ltr'><strong>ricors.</strong></span> <span class='ocrx_word' id='word_1_582' title='bbox 2360 3920 2562 3976; x_wconf 84' lang='lat' dir='ltr'><strong>Vereor</strong></span> <span class='ocrx_word' id='word_1_583' title='bbox 2613 3925 2782 3987; x_wconf 86' lang='lat' dir='ltr'><strong>enim,</strong></span> <span class='ocrx_word' id='word_1_584' title='bbox 2820 3940 2886 3980; x_wconf 89' lang='lat' dir='ltr'><strong>ne</strong></span> <span class='ocrx_word' id='word_1_585' title='bbox 2945 3940 3061 3980; x_wconf 85' lang='lat' dir='ltr'><strong>mea</strong></span> <span class='ocrx_word' id='word_1_586' title='bbox 3104 3925 3288 3978; x_wconf 89' lang='lat' dir='ltr'><strong>videar</strong></span> <span class='ocrx_word' id='word_1_587' title='bbox 3314 3925 3594 3989; x_wconf 87' lang='lat' dir='ltr'><strong>admirari,</strong></span> <span class='ocrx_word' id='word_1_588' title='bbox 3631 3926 3694 3977; x_wconf 79' lang='lat' dir='ltr'><strong>si‘</strong></span> 
     </span>
    </p>
   </div>
   <div class='ocr_carea' id='block_1_84' title="bbox 2100 4017 3685 4086">
    <p class='ocr_par' dir='ltr' id='par_1_84' title="bbox 2100 4017 3685 4086">
     <span class='ocr_line' id='line_1_84' title="bbox 2100 4017 3685 4086; baseline 0.002 -19"><span class='ocrx_word' id='word_1_589' title='bbox 2100 4029 2360 4084; x_wconf 80' lang='lat' dir='ltr'><strong>paternas</strong></span> <span class='ocrx_word' id='word_1_590' title='bbox 2390 4017 2544 4086; x_wconf 81' lang='lat' dir='ltr'><strong>longa</strong></span> <span class='ocrx_word' id='word_1_591' title='bbox 2577 4017 2828 4070; x_wconf 85' lang='lat' dir='ltr'><strong>oratione</strong></span> <span class='ocrx_word' id='word_1_592' title='bbox 2868 4032 3216 4086; x_wconf 79' lang='lat' dir='ltr'><strong>percenseam</strong></span> <span class='ocrx_word' id='word_1_593' title='bbox 3255 4018 3466 4073; x_wconf 84' lang='lat' dir='ltr'><strong>laudes.</strong></span> <span class='ocrx_word' id='word_1_594' title='bbox 3495 4018 3560 4071; x_wconf 83' lang='lat' dir='ltr'><strong>Et</strong></span> <span class='ocrx_word' id='word_1_595' title='bbox 3585 4020 3685 4070; x_wconf 82' lang='lat' dir='ltr'><strong>ad-</strong></span> 
     </span>
    </p>
   </div>
   <div class='ocr_carea' id='block_1_85' title="bbox 2097 4108 3687 4178">
    <p class='ocr_par' dir='ltr' id='par_1_85' title="bbox 2097 4108 3687 4178">
     <span class='ocr_line' id='line_1_85' title="bbox 2097 4108 3687 4178; baseline 0.004 -18"><span class='ocrx_word' id='word_1_596' title='bbox 2097 4109 2357 4161; x_wconf 81' lang='lat' dir='ltr'><strong>debantur</strong></span> <span class='ocrx_word' id='word_1_597' title='bbox 2380 4108 2535 4178; x_wconf 80' lang='lat' dir='ltr'><strong>plura</strong></span> <span class='ocrx_word' id='word_1_598' title='bbox 2591 4111 2644 4162; x_wconf 86' lang='lat' dir='ltr'><strong>in</strong></span> <span class='ocrx_word' id='word_1_599' title='bbox 2679 4109 2859 4163; x_wconf 80' lang='lat' dir='ltr'><strong>eadem</strong></span> <span class='ocrx_word' id='word_1_600' title='bbox 2888 4111 3145 4178; x_wconf 66' lang='lat' dir='ltr'><strong>epistola,</strong></span> <span class='ocrx_word' id='word_1_601' title='bbox 3173 4111 3242 4164; x_wconf 89' lang='lat' dir='ltr'><strong>ad</strong></span> <span class='ocrx_word' id='word_1_602' title='bbox 3299 4111 3508 4165; x_wconf 65' lang='lat' dir='ltr'><strong>tandem</strong></span> <span class='ocrx_word' id='word_1_603' title='bbox 3535 4112 3687 4166; x_wconf 73' lang='lat' dir='ltr'><strong>illius</strong></span> 
     </span>
    </p>
   </div>
   <div class='ocr_carea' id='block_1_86' title="bbox 2096 4199 3690 4271">
    <p class='ocr_par' dir='ltr' id='par_1_86' title="bbox 2096 4199 3690 4271">
     <span class='ocr_line' id='line_1_86' title="bbox 2096 4199 3690 4271; baseline -0.001 -15"><span class='ocrx_word' id='word_1_604' title='bbox 2096 4200 2198 4256; x_wconf 78' lang='lat' dir='ltr'><strong>viri</strong></span> <span class='ocrx_word' id='word_1_605' title='bbox 2229 4215 2248 4253; x_wconf 88' lang='lat'><strong><em>:</em></strong></span> <span class='ocrx_word' id='word_1_606' title='bbox 2283 4209 2361 4264; x_wconf 83' lang='lat' dir='ltr'><strong>tu,</strong></span> <span class='ocrx_word' id='word_1_607' title='bbox 2396 4199 2535 4267; x_wconf 79' lang='lat' dir='ltr'><strong>quod</strong></span> <span class='ocrx_word' id='word_1_608' title='bbox 2570 4202 2817 4254; x_wconf 78' lang='lat' dir='ltr'><strong>sacerdos</strong></span> <span class='ocrx_word' id='word_1_609' title='bbox 2871 4200 3092 4271; x_wconf 42' lang='lat' dir='ltr'><strong>fuisset</strong></span> <span class='ocrx_word' id='word_1_610' title='bbox 3115 4199 3225 4255; x_wconf 81' lang='lat' dir='ltr'><strong>Deo</strong></span> <span class='ocrx_word' id='word_1_611' title='bbox 3278 4200 3492 4269; x_wconf 79' lang='lat' dir='ltr'><strong>dignus.</strong></span> <span class='ocrx_word' id='word_1_612' title='bbox 3552 4200 3690 4255; x_wconf 82' lang='lat' dir='ltr'><strong>Huic</strong></span> 
     </span>
    </p>
   </div>
   <div class='ocr_carea' id='block_1_87' title="bbox 411 4277 2182 4366">
    <p class='ocr_par' dir='ltr' id='par_1_87' title="bbox 411 4277 2182 4356">
     <span class='ocr_line' id='line_1_87' title="bbox 411 4277 2182 4356; baseline 0.01 -26"><span class='ocrx_word' id='word_1_613' title='bbox 411 4277 506 4347; x_wconf 58' lang='grc' dir='ltr'>ιιιν</span> <span class='ocrx_word' id='word_1_614' title='bbox 563 4280 949 4350; x_wconf 68' lang='grc' dir='ltr'>εργασαμενου</span> <span class='ocrx_word' id='word_1_615' title='bbox 1002 4283 1062 4335; x_wconf 71' lang='grc' dir='ltr'>ιν</span> <span class='ocrx_word' id='word_1_616' title='bbox 1113 4277 1395 4353; x_wconf 71' lang='grc' dir='ltr'>μάστιξιν,</span> <span class='ocrx_word' id='word_1_617' title='bbox 1427 4282 1910 4356; x_wconf 70' lang='grc' dir='ltr'>ὃτιιξεκαύθημεν</span> <span class='ocrx_word' id='word_1_618' title='bbox 1939 4287 1996 4340; x_wconf 76' lang='lat' dir='ltr'><strong>iv</strong></span> <span class='ocrx_word' id='word_1_619' title='bbox 2101 4295 2182 4347; x_wconf 83' lang='lat' dir='ltr'><strong>loc</strong></span> 
     </span>
    </p>
   </div>
   <div class='ocr_carea' id='block_1_88' title="bbox 1913 4277 3684 4366">
    <p class='ocr_par' dir='ltr' id='par_1_88' title="bbox 1939 4287 3684 4366">
     <span class='ocr_line' id='line_1_88' title="bbox 1939 4287 3684 4366; baseline 0.005 -26"><span class='ocrx_word' id='word_1_620' title='bbox 1939 4287 1996 4340; x_wconf 76' lang='lat' dir='ltr'><strong>iv</strong></span> <span class='ocrx_word' id='word_1_621' title='bbox 2101 4295 2216 4347; x_wconf 84' lang='lat' dir='ltr'><strong>loco</strong></span> <span class='ocrx_word' id='word_1_622' title='bbox 2255 4291 2502 4346; x_wconf 80' lang='lat' dir='ltr'><strong>additum</strong></span> <span class='ocrx_word' id='word_1_623' title='bbox 2531 4294 2795 4362; x_wconf 81' lang='lat' dir='ltr'><strong>quosdam</strong></span> <span class='ocrx_word' id='word_1_624' title='bbox 2835 4307 2914 4359; x_wconf 84' lang='lat' dir='ltr'><strong>se,</strong></span> <span class='ocrx_word' id='word_1_625' title='bbox 2940 4309 3066 4350; x_wconf 91' lang='lat' dir='ltr'><strong>cum</strong></span> <span class='ocrx_word' id='word_1_626' title='bbox 3101 4292 3251 4366; x_wconf 68' lang='lat' dir='ltr'><strong>digni</strong></span> <span class='ocrx_word' id='word_1_627' title='bbox 3315 4307 3424 4348; x_wconf 90' lang='lat' dir='ltr'><strong>non</strong></span> <span class='ocrx_word' id='word_1_628' title='bbox 3475 4304 3684 4360; x_wconf 74' lang='lat' dir='ltr'><strong>essent,</strong></span> 
     </span>
    </p>
   </div>
   <div class='ocr_carea' id='block_1_89' title="bbox 411 4370 2182 4457">
    <p class='ocr_par' dir='ltr' id='par_1_89' title="bbox 411 4370 2182 4448">
     <span class='ocr_line' id='line_1_89' title="bbox 411 4370 2182 4448; baseline 0.008 -25"><span class='ocrx_word' id='word_1_629' title='bbox 411 4371 529 4434; x_wconf 74' lang='grc' dir='ltr'>ταῖς</span> <span class='ocrx_word' id='word_1_630' title='bbox 580 4370 904 4443; x_wconf 66' lang='grc' dir='ltr'>δπιθυμίαις</span> <span class='ocrx_word' id='word_1_631' title='bbox 936 4374 1121 4444; x_wconf 76' lang='grc' dir='ltr'>ἡμῶν,</span> <span class='ocrx_word' id='word_1_632' title='bbox 1171 4376 1264 4429; x_wconf 76' lang='grc' dir='ltr'>καὶ</span> <span class='ocrx_word' id='word_1_633' title='bbox 1318 4374 1643 4447; x_wconf 65' lang='grc' dir='ltr'>ἀπέστημεν</span> <span class='ocrx_word' id='word_1_634' title='bbox 1696 4375 1792 4431; x_wconf 85' lang='grc' dir='ltr'>τοῦ</span> <span class='ocrx_word' id='word_1_635' title='bbox 1828 4377 1992 4448; x_wconf 80' lang='grc' dir='ltr'>μόνον</span> <span class='ocrx_word' id='word_1_636' title='bbox 2100 4385 2182 4438; x_wconf 73' lang='lat' dir='ltr'><strong>in:</strong></span> 
     </span>
    </p>
   </div>
   <div class='ocr_carea' id='block_1_90' title="bbox 1911 4370 3682 4457">
    <p class='ocr_par' dir='ltr' id='par_1_90' title="bbox 1911 4384 3682 4457">
     <span class='ocr_line' id='line_1_90' title="bbox 1911 4384 3682 4457; baseline 0.005 -23"><span class='ocrx_word' id='word_1_637' title='bbox 1911 4394 1992 4434; x_wconf 74' lang='grc' dir='ltr'><strong>νου</strong></span> <span class='ocrx_word' id='word_1_638' title='bbox 2100 4385 2153 4438; x_wconf 92' lang='lat' dir='ltr'><strong>in</strong></span> <span class='ocrx_word' id='word_1_639' title='bbox 2178 4384 2473 4440; x_wconf 75' lang='lat' dir='ltr'><strong>sacerdotii</strong></span> <span class='ocrx_word' id='word_1_640' title='bbox 2505 4385 2826 4457; x_wconf 76' lang='lat' dir='ltr'><strong>dignitatem</strong></span> <span class='ocrx_word' id='word_1_641' title='bbox 2860 4386 3180 4457; x_wconf 77' lang='lat' dir='ltr'><strong>ingessisse,</strong></span> <span class='ocrx_word' id='word_1_642' title='bbox 3227 4395 3282 4442; x_wconf 92' lang='lat' dir='ltr'><strong>et</strong></span> <span class='ocrx_word' id='word_1_643' title='bbox 3345 4400 3502 4442; x_wconf 79' lang='lat' dir='ltr'><strong>sacra</strong></span> <span class='ocrx_word' id='word_1_644' title='bbox 3537 4386 3682 4442; x_wconf 81' lang='lat' dir='ltr'><strong>cele-</strong></span> 
     </span>
    </p>
   </div>
   <div class='ocr_carea' id='block_1_91' title="bbox 408 4460 2179 4550">
    <p class='ocr_par' dir='ltr' id='par_1_91' title="bbox 408 4460 2179 4538">
     <span class='ocr_line' id='line_1_91' title="bbox 408 4460 2179 4538; baseline 0.01 -25"><span class='ocrx_word' id='word_1_645' title='bbox 408 4460 710 4530; x_wconf 69' lang='grc' dir='ltr'>δυναμένου</span> <span class='ocrx_word' id='word_1_646' title='bbox 737 4463 934 4528; x_wconf 72' lang='grc' dir='ltr'>σώζειν</span> <span class='ocrx_word' id='word_1_647' title='bbox 962 4467 1130 4537; x_wconf 77' lang='grc' dir='ltr'>ἡμᾶς.</span> <span class='ocrx_word' id='word_1_648' title='bbox 1158 4466 1269 4524; x_wconf 79' lang='grc' dir='ltr'>Καί</span> <span class='ocrx_word' id='word_1_649' title='bbox 1289 4463 1438 4533; x_wconf 78' lang='grc' dir='ltr'>εἶτα,</span> <span class='ocrx_word' id='word_1_650' title='bbox 1465 4469 1616 4538; x_wconf 75' lang='grc' dir='ltr'>μετὰ</span> <span class='ocrx_word' id='word_1_651' title='bbox 1638 4469 1703 4524; x_wconf 84' lang='grc' dir='ltr'>τὸ</span> <span class='ocrx_word' id='word_1_652' title='bbox 1725 4468 1996 4535; x_wconf 70' lang='grc' dir='ltr'>ἐξειπεῖν</span> <span class='ocrx_word' id='word_1_653' title='bbox 2098 4475 2179 4531; x_wconf 78' lang='lat' dir='ltr'><strong>bt&#39;t</strong></span> 
     </span>
    </p>
   </div>
   <div class='ocr_carea' id='block_1_92' title="bbox 1914 4460 3685 4550">
    <p class='ocr_par' dir='ltr' id='par_1_92' title="bbox 1914 4473 3685 4550">
     <span class='ocr_line' id='line_1_92' title="bbox 1914 4473 3685 4550; baseline 0.002 -23"><span class='ocrx_word' id='word_1_654' title='bbox 1914 4473 1996 4527; x_wconf 68' lang='grc' dir='ltr'>εῖν</span> <span class='ocrx_word' id='word_1_655' title='bbox 2098 4475 2308 4533; x_wconf 61' lang='lat' dir='ltr'><strong>brasse.</strong></span> <span class='ocrx_word' id='word_1_656' title='bbox 2348 4475 2449 4532; x_wconf 84' lang='lat' dir='ltr'><strong>Ubi</strong></span> <span class='ocrx_word' id='word_1_657' title='bbox 2513 4479 2742 4533; x_wconf 77' lang='lat' dir='ltr'><strong>addebat</strong></span> <span class='ocrx_word' id='word_1_658' title='bbox 2784 4495 2801 4533; x_wconf 90' lang='lat'><strong><em>:</em></strong></span> <span class='ocrx_word' id='word_1_659' title='bbox 2839 4477 2951 4534; x_wconf 85' lang='lat' dir='ltr'><strong>Hoc</strong></span> <span class='ocrx_word' id='word_1_660' title='bbox 2977 4479 3141 4534; x_wconf 82' lang='lat' dir='ltr'><strong>etiam</strong></span> <span class='ocrx_word' id='word_1_661' title='bbox 3203 4487 3403 4550; x_wconf 71' lang='lat' dir='ltr'><strong>prteter</strong></span> <span class='ocrx_word' id='word_1_662' title='bbox 3450 4479 3685 4533; x_wconf 81' lang='lat' dir='ltr'><strong>aiis‘ab—</strong></span> 
     </span>
    </p>
   </div>
   <div class='ocr_carea' id='block_1_93' title="bbox 408 4552 2179 4643">
    <p class='ocr_par' dir='ltr' id='par_1_93' title="bbox 408 4552 2179 4630">
     <span class='ocr_line' id='line_1_93' title="bbox 408 4552 2179 4630; baseline 0.008 -24"><span class='ocrx_word' id='word_1_663' title='bbox 408 4552 508 4606; x_wconf 67' lang='grc' dir='ltr'>νὶαί</span> <span class='ocrx_word' id='word_1_664' title='bbox 540 4554 701 4608; x_wconf 68' lang='grc' dir='ltr'>ἄλλα</span> <span class='ocrx_word' id='word_1_665' title='bbox 729 4557 865 4625; x_wconf 71' lang='grc' dir='ltr'>περὶ</span> <span class='ocrx_word' id='word_1_666' title='bbox 894 4557 1000 4612; x_wconf 85' lang='grc' dir='ltr'>τοῦ</span> <span class='ocrx_word' id='word_1_667' title='bbox 1033 4561 1262 4627; x_wconf 75' lang='grc' dir='ltr'>πατρὸς</span> <span class='ocrx_word' id='word_1_668' title='bbox 1294 4559 1478 4626; x_wconf 82' lang='grc' dir='ltr'>αὐτῷ,</span> <span class='ocrx_word' id='word_1_669' title='bbox 1512 4559 1738 4630; x_wconf 77' lang='grc' dir='ltr'>ἐπάγει·</span> <span class='ocrx_word' id='word_1_670' title='bbox 2025 4560 2070 4616; x_wconf 85' lang='lat' dir='ltr'><strong>D</strong></span> <span class='ocrx_word' id='word_1_671' title='bbox 2099 4582 2179 4624; x_wconf 75' lang='lat' dir='ltr'><strong>sui</strong></span> 
     </span>
    </p>
   </div>
   <div class='ocr_carea' id='block_1_94' title="bbox 1910 4552 3681 4643">
    <p class='ocr_par' dir='ltr' id='par_1_94' title="bbox 2025 4560 3681 4643">
     <span class='ocr_line' id='line_1_94' title="bbox 2025 4560 3681 4643; baseline 0 -19"><span class='ocrx_word' id='word_1_672' title='bbox 2025 4560 2070 4616; x_wconf 81' lang='lat' dir='ltr'><strong>D</strong></span> <span class='ocrx_word' id='word_1_673' title='bbox 2099 4571 2290 4636; x_wconf 81' lang='lat' dir='ltr'><strong>surda,</strong></span> <span class='ocrx_word' id='word_1_674' title='bbox 2327 4586 2452 4640; x_wconf 72' lang='lat' dir='ltr'><strong>quae</strong></span> <span class='ocrx_word' id='word_1_675' title='bbox 2479 4574 2650 4629; x_wconf 86' lang='lat' dir='ltr'><strong>multa</strong></span> <span class='ocrx_word' id='word_1_676' title='bbox 2686 4587 2991 4643; x_wconf 82' lang='lat' dir='ltr'><strong>magnaque</strong></span> <span class='ocrx_word' id='word_1_677' title='bbox 3024 4583 3154 4629; x_wconf 92' lang='lat' dir='ltr'><strong>tunc</strong></span> <span class='ocrx_word' id='word_1_678' title='bbox 3187 4574 3537 4637; x_wconf 59' lang='lat' dir='ltr'><strong>exstiti-runt,</strong></span> <span class='ocrx_word' id='word_1_679' title='bbox 3573 4585 3681 4626; x_wconf 90' lang='lat' dir='ltr'><strong>non</strong></span> 
     </span>
    </p>
   </div>
   <div class='ocr_carea' id='block_1_95' title="bbox 408 4653 3695 4735">
    <p class='ocr_par' dir='ltr' id='par_1_95' title="bbox 408 4653 3695 4735">
     <span class='ocr_line' id='line_1_95' title="bbox 408 4653 3695 4735; baseline 0.004 -26"><span class='ocrx_word' id='word_1_680' title='bbox 408 4656 589 4709; x_wconf 80' lang='lat' dir='ltr'><strong>minus</strong></span> <span class='ocrx_word' id='word_1_681' title='bbox 614 4653 742 4718; x_wconf 87' lang='lat' dir='ltr'><strong>illis,</strong></span> <span class='ocrx_word' id='word_1_682' title='bbox 804 4655 916 4707; x_wconf 83' lang='lat' dir='ltr'><strong>into</strong></span> <span class='ocrx_word' id='word_1_683' title='bbox 973 4655 1148 4708; x_wconf 86' lang='lat' dir='ltr'><strong>multo</strong></span> <span class='ocrx_word' id='word_1_684' title='bbox 1205 4657 1403 4723; x_wconf 78' lang='lat' dir='ltr'><strong>magis,</strong></span> <span class='ocrx_word' id='word_1_685' title='bbox 1465 4656 1698 4711; x_wconf 76' lang='lat' dir='ltr'><strong>ferream</strong></span> <span class='ocrx_word' id='word_1_686' title='bbox 1761 4661 1992 4729; x_wconf 83' lang='lat' dir='ltr'><strong>virgam,</strong></span> <span class='ocrx_word' id='word_1_687' title='bbox 2028 4669 2282 4732; x_wconf 83' lang='lat' dir='ltr'><strong>tanquam</strong></span> <span class='ocrx_word' id='word_1_688' title='bbox 2317 4666 2516 4735; x_wconf 81' lang='lat' dir='ltr'><strong>fulgur,</strong></span> <span class='ocrx_word' id='word_1_689' title='bbox 2547 4669 2601 4722; x_wconf 93' lang='lat' dir='ltr'><strong>in</strong></span> <span class='ocrx_word' id='word_1_690' title='bbox 2666 4683 2765 4725; x_wconf 81' lang='lat' dir='ltr'><strong>nos</strong></span> <span class='ocrx_word' id='word_1_691' title='bbox 2788 4670 3030 4724; x_wconf 68' lang='lat' dir='ltr'><strong>irritat-it</strong></span> <span class='ocrx_word' id='word_1_692' title='bbox 3101 4679 3155 4724; x_wconf 83' lang='lat' dir='ltr'><strong>et</strong></span> <span class='ocrx_word' id='word_1_693' title='bbox 3207 4669 3499 4724; x_wconf 85' lang='lat' dir='ltr'><strong>vibravit:</strong></span> <span class='ocrx_word' id='word_1_694' title='bbox 3573 4676 3695 4722; x_wconf 75' lang='lat' dir='ltr'><strong>sto—</strong></span> 
     </span>
    </p>
   </div>
   <div class='ocr_carea' id='block_1_96' title="bbox 406 4750 3684 4838">
    <p class='ocr_par' dir='ltr' id='par_1_96' title="bbox 406 4750 3684 4838">
     <span class='ocr_line' id='line_1_96' title="bbox 406 4750 3684 4838; baseline 0.005 -32"><span class='ocrx_word' id='word_1_695' title='bbox 406 4752 568 4807; x_wconf 90' lang='lat' dir='ltr'><strong>lidam</strong></span> <span class='ocrx_word' id='word_1_696' title='bbox 624 4753 737 4805; x_wconf 87' lang='lat' dir='ltr'><strong>Deo</strong></span> <span class='ocrx_word' id='word_1_697' title='bbox 760 4760 975 4818; x_wconf 88' lang='lat' dir='ltr'><strong>gentem</strong></span> <span class='ocrx_word' id='word_1_698' title='bbox 1045 4750 1184 4804; x_wconf 87' lang='lat' dir='ltr'><strong>irate</strong></span> <span class='ocrx_word' id='word_1_699' title='bbox 1226 4753 1279 4804; x_wconf 94' lang='lat' dir='ltr'><strong>in</strong></span> <span class='ocrx_word' id='word_1_700' title='bbox 1308 4752 1779 4829; x_wconf 66' lang='lat' dir='ltr'><strong>uosimmittente,</strong></span> <span class='ocrx_word' id='word_1_701' title='bbox 1809 4754 2150 4827; x_wconf 82' lang='lat' dir='ltr'><strong>ﬂagellisque</strong></span> <span class='ocrx_word' id='word_1_702' title='bbox 2182 4773 2398 4819; x_wconf 82' lang='lat' dir='ltr'><strong>nostras</strong></span> <span class='ocrx_word' id='word_1_703' title='bbox 2474 4765 2794 4835; x_wconf 85' lang='lat' dir='ltr'><strong>iniquitates</strong></span> <span class='ocrx_word' id='word_1_704' title='bbox 2859 4770 3136 4834; x_wconf 83' lang='lat' dir='ltr'><strong>visitante,</strong></span> <span class='ocrx_word' id='word_1_705' title='bbox 3203 4770 3350 4838; x_wconf 93' lang='lat' dir='ltr'><strong>quod</strong></span> <span class='ocrx_word' id='word_1_706' title='bbox 3411 4768 3684 4837; x_wconf 86' lang='lat' dir='ltr'><strong>cupidita-</strong></span> 
     </span>
    </p>
   </div>
   <div class='ocr_carea' id='block_1_97' title="bbox 408 4847 3742 4930">
    <p class='ocr_par' dir='ltr' id='par_1_97' title="bbox 408 4847 3742 4930">
     <span class='ocr_line' id='line_1_97' title="bbox 408 4847 3742 4930; baseline 0.004 -29"><span class='ocrx_word' id='word_1_707' title='bbox 408 4849 556 4903; x_wconf 90' lang='lat' dir='ltr'><strong>tibus</strong></span> <span class='ocrx_word' id='word_1_708' title='bbox 588 4849 794 4903; x_wconf 83' lang='lat' dir='ltr'><strong>nostris</strong></span> <span class='ocrx_word' id='word_1_709' title='bbox 843 4863 1253 4911; x_wconf 79' lang='lat' dir='ltr'><strong>exarseramus.</strong></span> <span class='ocrx_word' id='word_1_710' title='bbox 1288 4848 1359 4902; x_wconf 87' lang='lat' dir='ltr'><strong>ab</strong></span> <span class='ocrx_word' id='word_1_711' title='bbox 1424 4847 1628 4917; x_wconf 86' lang='lat' dir='ltr'><strong>illoque</strong></span> <span class='ocrx_word' id='word_1_712' title='bbox 1691 4849 1787 4918; x_wconf 91' lang='lat' dir='ltr'><strong>qui</strong></span> <span class='ocrx_word' id='word_1_713' title='bbox 1849 4849 2001 4905; x_wconf 87' lang='lat' dir='ltr'><strong>solus</strong></span> <span class='ocrx_word' id='word_1_714' title='bbox 2064 4867 2393 4911; x_wconf 84' lang='lat' dir='ltr'><strong>conservare</strong></span> <span class='ocrx_word' id='word_1_715' title='bbox 2458 4875 2560 4914; x_wconf 93' lang='lat' dir='ltr'><strong>nos</strong></span> <span class='ocrx_word' id='word_1_716' title='bbox 2595 4869 2829 4930; x_wconf 89' lang='lat' dir='ltr'><strong>poterat,</strong></span> <span class='ocrx_word' id='word_1_717' title='bbox 2887 4860 3290 4916; x_wconf 78' lang='lat' dir='ltr'><strong>deieceramus.</strong></span> <span class='ocrx_word' id='word_1_718' title='bbox 3339 4861 3434 4915; x_wconf 83' lang='lat' dir='ltr'><strong>His</strong></span> <span class='ocrx_word' id='word_1_719' title='bbox 3490 4862 3566 4915; x_wconf 85' lang='lat' dir='ltr'><strong>ita</strong></span> <span class='ocrx_word' id='word_1_720' title='bbox 3617 4862 3685 4914; x_wconf 84' lang='lat' dir='ltr'><strong>de</strong></span> <span class='ocrx_word' id='word_1_721' title='bbox 3739 4855 3742 4861; x_wconf 81' lang='grc'>’</span> 
     </span>
    </p>
   </div>
   <div class='ocr_carea' id='block_1_98' title="bbox 402 4939 1606 5013">
    <p class='ocr_par' dir='ltr' id='par_1_98' title="bbox 402 4939 1606 5013">
     <span class='ocr_line' id='line_1_98' title="bbox 402 4939 1606 5013; baseline -0.001 -17"><span class='ocrx_word' id='word_1_722' title='bbox 402 4952 555 5013; x_wconf 81' lang='lat' dir='ltr'><strong>patre</strong></span> <span class='ocrx_word' id='word_1_723' title='bbox 580 4943 755 5009; x_wconf 85' lang='lat' dir='ltr'><strong>dictis,</strong></span> <span class='ocrx_word' id='word_1_724' title='bbox 789 4953 838 4996; x_wconf 82' lang='lat' dir='ltr'><strong>et</strong></span> <span class='ocrx_word' id='word_1_725' title='bbox 864 4944 986 4996; x_wconf 83' lang='lat' dir='ltr'><strong>aliis</strong></span> <span class='ocrx_word' id='word_1_726' title='bbox 1011 4941 1372 5012; x_wconf 79' lang='lat' dir='ltr'><strong>superadditis</strong></span> <span class='ocrx_word' id='word_1_727' title='bbox 1403 4939 1563 5008; x_wconf 78' lang='lat' dir='ltr'><strong>infert</strong></span> <span class='ocrx_word' id='word_1_728' title='bbox 1587 4957 1606 4995; x_wconf 93' lang='lat'><em>:</em></span> 
     </span>
    </p>
   </div>
   <div class='ocr_carea' id='block_1_99' title="bbox 471 5033 1994 5104">
    <p class='ocr_par' dir='ltr' id='par_1_99' title="bbox 471 5033 1994 5104">
     <span class='ocr_line' id='line_1_99' title="bbox 471 5033 1994 5104; baseline -0.001 -14"><span class='ocrx_word' id='word_1_729' title='bbox 471 5037 727 5090; x_wconf 76' lang='grc' dir='ltr'>Τοιούτου</span> <span class='ocrx_word' id='word_1_730' title='bbox 757 5036 939 5090; x_wconf 64' lang='grc' dir='ltr'>τοίνυν</span> <span class='ocrx_word' id='word_1_731' title='bbox 979 5036 1134 5097; x_wconf 72' lang='grc' dir='ltr'>ὄντος</span> <span class='ocrx_word' id='word_1_732' title='bbox 1166 5051 1260 5104; x_wconf 89' lang='grc' dir='ltr'><strong>μοι</strong></span> <span class='ocrx_word' id='word_1_733' title='bbox 1292 5033 1387 5087; x_wconf 86' lang='grc' dir='ltr'>τοῦ</span> <span class='ocrx_word' id='word_1_734' title='bbox 1414 5033 1618 5103; x_wconf 83' lang='grc' dir='ltr'>πατρός</span> <span class='ocrx_word' id='word_1_735' title='bbox 1645 5049 1661 5065; x_wconf 77' lang='grc' dir='ltr'><strong>ο</strong></span> <span class='ocrx_word' id='word_1_736' title='bbox 1688 5035 1737 5086; x_wconf 85' lang='grc' dir='ltr'><strong>εί</strong></span> <span class='ocrx_word' id='word_1_737' title='bbox 1761 5035 1994 5103; x_wconf 74' lang='grc' dir='ltr'>σφαγεὶς</span> 
     </span>
    </p>
   </div>
   <div class='ocr_carea' id='block_1_100' title="bbox 400 5128 1992 5203">
    <p class='ocr_par' dir='ltr' id='par_1_100' title="bbox 400 5128 1992 5203">
     <span class='ocr_line' id='line_1_100' title="bbox 400 5128 1992 5203; baseline 0.006 -25"><span class='ocrx_word' id='word_1_738' title='bbox 400 5130 594 5203; x_wconf 14' lang='grc' dir='ltr'>ᾢχετγο,</span> <span class='ocrx_word' id='word_1_739' title='bbox 663 5134 710 5184; x_wconf 83' lang='grc' dir='ltr'><strong>εί</strong></span> <span class='ocrx_word' id='word_1_740' title='bbox 761 5130 970 5198; x_wconf 72' lang='grc' dir='ltr'>ἄταφος</span> <span class='ocrx_word' id='word_1_741' title='bbox 1030 5131 1311 5199; x_wconf 70' lang='grc' dir='ltr'>ἔρριπται,</span> <span class='ocrx_word' id='word_1_742' title='bbox 1373 5131 1420 5180; x_wconf 81' lang='grc' dir='ltr'><strong>εί</strong></span> <span class='ocrx_word' id='word_1_743' title='bbox 1473 5129 1549 5198; x_wconf 84' lang='grc' dir='ltr'>μὴ</span> <span class='ocrx_word' id='word_1_744' title='bbox 1617 5128 1716 5198; x_wconf 84' lang='grc' dir='ltr'>τῆς</span> <span class='ocrx_word' id='word_1_745' title='bbox 1779 5147 1992 5198; x_wconf 76' lang='grc' dir='ltr'>νενομι-</span> 
     </span>
    </p>
   </div>
   <div class='ocr_carea' id='block_1_101' title="bbox 400 5222 1991 5297">
    <p class='ocr_par' dir='ltr' id='par_1_101' title="bbox 400 5222 1991 5297">
     <span class='ocr_line' id='line_1_101' title="bbox 400 5222 1991 5297; baseline -0.004 -18"><span class='ocrx_word' id='word_1_746' title='bbox 400 5227 610 5297; x_wconf 70' lang='grc' dir='ltr'>σμένης</span> <span class='ocrx_word' id='word_1_747' title='bbox 642 5225 944 5295; x_wconf 80' lang='grc' dir='ltr'>τετύχηκεν</span> <span class='ocrx_word' id='word_1_748' title='bbox 987 5225 1163 5288; x_wconf 81' lang='grc' dir='ltr'>ὁσίας,</span> <span class='ocrx_word' id='word_1_749' title='bbox 1199 5222 1248 5275; x_wconf 88' lang='grc' dir='ltr'><strong>εί</strong></span> <span class='ocrx_word' id='word_1_750' title='bbox 1287 5223 1361 5292; x_wconf 86' lang='grc' dir='ltr'>μὴ</span> <span class='ocrx_word' id='word_1_751' title='bbox 1391 5223 1460 5275; x_wconf 79' lang='grc' dir='ltr'><strong>τά</strong></span> <span class='ocrx_word' id='word_1_752' title='bbox 1512 5222 1699 5275; x_wconf 88' lang='grc' dir='ltr'>είκότα</span> <span class='ocrx_word' id='word_1_753' title='bbox 1726 5222 1991 5295; x_wconf 78' lang='grc' dir='ltr'>τεθρήνη-</span> 
     </span>
    </p>
   </div>
   <div class='ocr_carea' id='block_1_102' title="bbox 400 5315 1977 5395">
    <p class='ocr_par' dir='ltr' id='par_1_102' title="bbox 400 5315 1977 5395">
     <span class='ocr_line' id='line_1_102' title="bbox 400 5315 1977 5395; baseline -0.003 -22"><span class='ocrx_word' id='word_1_754' title='bbox 400 5337 514 5385; x_wconf 86' lang='grc' dir='ltr'>ται,</span> <span class='ocrx_word' id='word_1_755' title='bbox 546 5318 720 5374; x_wconf 82' lang='grc' dir='ltr'>ταῦτα</span> <span class='ocrx_word' id='word_1_756' title='bbox 745 5319 809 5388; x_wconf 81' lang='grc' dir='ltr'>δὴ</span> <span class='ocrx_word' id='word_1_757' title='bbox 833 5317 902 5371; x_wconf 87' lang='grc' dir='ltr'><strong>τά</strong></span> <span class='ocrx_word' id='word_1_758' title='bbox 924 5317 1034 5370; x_wconf 82' lang='grc' dir='ltr'>τῶν</span> <span class='ocrx_word' id='word_1_759' title='bbox 1067 5317 1406 5387; x_wconf 78' lang='grc' dir='ltr'>μικρολόγων</span> <span class='ocrx_word' id='word_1_760' title='bbox 1450 5318 1546 5369; x_wconf 78' lang='grc' dir='ltr'>καὶ</span> <span class='ocrx_word' id='word_1_761' title='bbox 1595 5315 1977 5395; x_wconf 28' lang='grc' dir='ltr'>μοικροψύχων,</span> 
     </span>
    </p>
   </div>
   <div class='ocr_carea' id='block_1_103' title="bbox 400 5413 1984 5486">
    <p class='ocr_par' dir='ltr' id='par_1_103' title="bbox 400 5413 1984 5486">
     <span class='ocr_line' id='line_1_103' title="bbox 400 5413 1984 5486; baseline -0.014 -14"><span class='ocrx_word' id='word_1_762' title='bbox 400 5419 449 5472; x_wconf 87' lang='grc' dir='ltr'><strong>τί</strong></span> <span class='ocrx_word' id='word_1_763' title='bbox 507 5416 612 5486; x_wconf 74' lang='grc' dir='ltr'>τῆς</span> <span class='ocrx_word' id='word_1_764' title='bbox 659 5416 810 5478; x_wconf 83' lang='grc' dir='ltr'>θείας</span> <span class='ocrx_word' id='word_1_765' title='bbox 857 5415 1080 5485; x_wconf 72' lang='grc' dir='ltr'>ικείνης</span> <span class='ocrx_word' id='word_1_766' title='bbox 1135 5414 1316 5484; x_wconf 79' lang='grc' dir='ltr'>ψυχῆς</span> <span class='ocrx_word' id='word_1_767' title='bbox 1373 5413 1472 5466; x_wconf 72' lang='grc' dir='ltr'>καὶ</span> <span class='ocrx_word' id='word_1_768' title='bbox 1525 5413 1984 5483; x_wconf 43' lang='grc' dir='ltr'>μεγαλοψυχίας</span> 
     </span>
    </p>
   </div>
   <div class='ocr_carea' id='block_1_104' title="bbox 399 5488 1985 5578">
    <p class='ocr_par' dir='ltr' id='par_1_104' title="bbox 399 5488 1985 5578">
     <span class='ocr_line' id='line_1_104' title="bbox 399 5488 1985 5578; baseline -0.002 -16"><span class='ocrx_word' id='word_1_769' title='bbox 399 5507 610 5563; x_wconf 84' lang='grc' dir='ltr'>Οὑκουν</span> <span class='ocrx_word' id='word_1_770' title='bbox 666 5508 776 5561; x_wconf 81' lang='grc' dir='ltr'>οὐδ’</span> <span class='ocrx_word' id='word_1_771' title='bbox 804 5507 1006 5578; x_wconf 66' lang='grc' dir='ltr'>ἤκουσέ</span> <span class='ocrx_word' id='word_1_772' title='bbox 1070 5505 1173 5573; x_wconf 84' lang='grc' dir='ltr'><strong>μού</strong></span> <span class='ocrx_word' id='word_1_773' title='bbox 1211 5523 1317 5569; x_wconf 89' lang='grc' dir='ltr'>τις,</span> <span class='ocrx_word' id='word_1_774' title='bbox 1369 5488 1482 5558; x_wconf 83' lang='grc' dir='ltr'>οὐδ’</span> <span class='ocrx_word' id='word_1_775' title='bbox 1528 5505 1847 5572; x_wconf 82' lang='grc' dir='ltr'>ἀκούσεται,</span> <span class='ocrx_word' id='word_1_776' title='bbox 1891 5507 1985 5559; x_wconf 75' lang='grc' dir='ltr'><strong>τὸν</strong></span> 
     </span>
    </p>
   </div>
   <div class='ocr_carea' id='block_1_105' title="bbox 395 5597 1986 5670">
    <p class='ocr_par' dir='ltr' id='par_1_105' title="bbox 395 5597 1986 5670">
     <span class='ocr_line' id='line_1_105' title="bbox 395 5597 1986 5670; baseline -0.001 -15"><span class='ocrx_word' id='word_1_777' title='bbox 395 5598 634 5656; x_wconf 81' lang='grc' dir='ltr'>τοιοῦτον</span> <span class='ocrx_word' id='word_1_778' title='bbox 686 5601 1044 5670; x_wconf 69' lang='grc' dir='ltr'>ὀδυρομένου,</span> <span class='ocrx_word' id='word_1_779' title='bbox 1089 5599 1200 5652; x_wconf 84' lang='grc' dir='ltr'>οὐδ’</span> <span class='ocrx_word' id='word_1_780' title='bbox 1245 5601 1302 5651; x_wconf 83' lang='grc' dir='ltr'>ὲν</span> <span class='ocrx_word' id='word_1_781' title='bbox 1356 5597 1517 5668; x_wconf 82' lang='grc' dir='ltr'>δεινῷ</span> <span class='ocrx_word' id='word_1_782' title='bbox 1561 5597 1850 5668; x_wconf 78' lang='grc' dir='ltr'>τιθεμένου</span> <span class='ocrx_word' id='word_1_783' title='bbox 1894 5600 1986 5653; x_wconf 74' lang='grc' dir='ltr'><strong>τὸν</strong></span> 
     </span>
    </p>
   </div>
   <div class='ocr_carea' id='block_1_106' title="bbox 396 5692 1981 5764">
    <p class='ocr_par' dir='ltr' id='par_1_106' title="bbox 396 5692 1981 5764">
     <span class='ocr_line' id='line_1_106' title="bbox 396 5692 1981 5764; baseline 0 -16"><span class='ocrx_word' id='word_1_784' title='bbox 396 5697 593 5764; x_wconf 80' lang='grc' dir='ltr'>τρόπον</span> <span class='ocrx_word' id='word_1_785' title='bbox 646 5695 747 5764; x_wconf 79' lang='grc' dir='ltr'>τῆς</span> <span class='ocrx_word' id='word_1_786' title='bbox 799 5693 1081 5763; x_wconf 83' lang='grc' dir='ltr'>τελευτῆς.</span> <span class='ocrx_word' id='word_1_787' title='bbox 1112 5692 1274 5747; x_wconf 70' lang='grc' dir='ltr'>’Ἀλλ’</span> <span class='ocrx_word' id='word_1_788' title='bbox 1335 5694 1544 5746; x_wconf 76' lang='grc' dir='ltr'>ἐκεῖνον</span> <span class='ocrx_word' id='word_1_789' title='bbox 1568 5693 1668 5763; x_wconf 77' lang='grc' dir='ltr'>μὲν</span> <span class='ocrx_word' id='word_1_790' title='bbox 1700 5693 1794 5746; x_wconf 74' lang='grc' dir='ltr'><strong>ἐπὶ</strong></span> <span class='ocrx_word' id='word_1_791' title='bbox 1844 5697 1981 5748; x_wconf 80' lang='grc' dir='ltr'>πᾶσι</span> 
     </span>
    </p>
   </div>
   <div class='ocr_carea' id='block_1_107' title="bbox 398 5786 1977 5857">
    <p class='ocr_par' dir='ltr' id='par_1_107' title="bbox 398 5786 1977 5857">
     <span class='ocr_line' id='line_1_107' title="bbox 398 5786 1977 5857; baseline 0.001 -18"><span class='ocrx_word' id='word_1_792' title='bbox 398 5786 636 5857; x_wconf 68' lang='grc' dir='ltr'>ἡγοῦμαί</span> <span class='ocrx_word' id='word_1_793' title='bbox 669 5804 728 5840; x_wconf 88' lang='grc' dir='ltr'><strong>τε</strong></span> <span class='ocrx_word' id='word_1_794' title='bbox 781 5789 876 5840; x_wconf 72' lang='grc' dir='ltr'><strong>καὶ</strong></span> <span class='ocrx_word' id='word_1_795' title='bbox 930 5786 1187 5857; x_wconf 76' lang='grc' dir='ltr'>ὀνομάζω</span> <span class='ocrx_word' id='word_1_796' title='bbox 1246 5787 1540 5857; x_wconf 83' lang='grc' dir='ltr'>μακάριον,</span> <span class='ocrx_word' id='word_1_797' title='bbox 1593 5787 1686 5838; x_wconf 72' lang='grc' dir='ltr'>καὶ</span> <span class='ocrx_word' id='word_1_798' title='bbox 1752 5788 1977 5856; x_wconf 80' lang='grc' dir='ltr'>μνήμης</span> 
     </span>
    </p>
   </div>
   <div class='ocr_carea' id='block_1_108' title="bbox 397 5877 1977 5953">
    <p class='ocr_par' dir='ltr' id='par_1_108' title="bbox 397 5877 1977 5953">
     <span class='ocr_line' id='line_1_108' title="bbox 397 5877 1977 5953; baseline 0.003 -22"><span class='ocrx_word' id='word_1_799' title='bbox 397 5881 746 5953; x_wconf 57' lang='grc' dir='ltr'>μαρτυρικῗκ</span> <span class='ocrx_word' id='word_1_800' title='bbox 779 5879 935 5947; x_wconf 76' lang='grc' dir='ltr'>ἀξιῶ,</span> <span class='ocrx_word' id='word_1_801' title='bbox 971 5879 1146 5944; x_wconf 74' lang='grc' dir='ltr'>οὑτως</span> <span class='ocrx_word' id='word_1_802' title='bbox 1191 5880 1333 5949; x_wconf 81' lang='grc' dir='ltr'>ὑπὲρ</span> <span class='ocrx_word' id='word_1_803' title='bbox 1362 5877 1649 5942; x_wconf 75' lang='grc' dir='ltr'>εὐσεϐείας</span> <span class='ocrx_word' id='word_1_804' title='bbox 1694 5879 1977 5935; x_wconf 80' lang='grc' dir='ltr'>ἀπολελοι-</span> 
     </span>
    </p>
   </div>
   <div class='ocr_carea' id='block_1_109' title="bbox 2171 5037 3686 5110">
    <p class='ocr_par' dir='ltr' id='par_1_109' title="bbox 2171 5037 3686 5110">
     <span class='ocr_line' id='line_1_109' title="bbox 2171 5037 3686 5110; baseline -0.002 -16"><span class='ocrx_word' id='word_1_805' title='bbox 2171 5037 2318 5094; x_wconf 85' lang='lat' dir='ltr'><strong>Talis</strong></span> <span class='ocrx_word' id='word_1_806' title='bbox 2350 5039 2517 5110; x_wconf 88' lang='lat' dir='ltr'><strong>igitur</strong></span> <span class='ocrx_word' id='word_1_807' title='bbox 2561 5055 2686 5095; x_wconf 92' lang='lat' dir='ltr'><strong>cum</strong></span> <span class='ocrx_word' id='word_1_808' title='bbox 2760 5039 2890 5093; x_wconf 89' lang='lat' dir='ltr'><strong>mihi</strong></span> <span class='ocrx_word' id='word_1_809' title='bbox 2959 5037 3123 5094; x_wconf 78' lang='lat' dir='ltr'><strong>fuerit</strong></span> <span class='ocrx_word' id='word_1_810' title='bbox 3178 5048 3377 5110; x_wconf 83' lang='lat' dir='ltr'><strong>pater:</strong></span> <span class='ocrx_word' id='word_1_811' title='bbox 3413 5038 3459 5094; x_wconf 89' lang='lat' dir='ltr'><strong>si</strong></span> <span class='ocrx_word' id='word_1_812' title='bbox 3515 5037 3686 5093; x_wconf 83' lang='lat' dir='ltr'><strong>etiam</strong></span> 
     </span>
    </p>
   </div>
   <div class='ocr_carea' id='block_1_110' title="bbox 2098 5131 3684 5202">
    <p class='ocr_par' dir='ltr' id='par_1_110' title="bbox 2098 5131 3684 5202">
     <span class='ocr_line' id='line_1_110' title="bbox 2098 5131 3684 5202; baseline 0.001 -16"><span class='ocrx_word' id='word_1_813' title='bbox 2098 5132 2400 5187; x_wconf 88' lang='lat' dir='ltr'><strong>trucidatus</strong></span> <span class='ocrx_word' id='word_1_814' title='bbox 2428 5131 2617 5201; x_wconf 88' lang='lat' dir='ltr'><strong>periit.</strong></span> <span class='ocrx_word' id='word_1_815' title='bbox 2659 5133 2704 5186; x_wconf 88' lang='lat' dir='ltr'><strong>si</strong></span> <span class='ocrx_word' id='word_1_816' title='bbox 2742 5133 3057 5187; x_wconf 85' lang='lat' dir='ltr'><strong>inhumatus</strong></span> <span class='ocrx_word' id='word_1_817' title='bbox 3112 5133 3391 5202; x_wconf 86' lang='lat' dir='ltr'><strong>projectus</strong></span> <span class='ocrx_word' id='word_1_818' title='bbox 3436 5131 3560 5197; x_wconf 82' lang='lat' dir='ltr'><strong>fuit,</strong></span> <span class='ocrx_word' id='word_1_819' title='bbox 3636 5133 3684 5187; x_wconf 89' lang='lat' dir='ltr'><strong>si</strong></span> 
     </span>
    </p>
   </div>
   <div class='ocr_carea' id='block_1_111' title="bbox 2090 5223 3684 5295">
    <p class='ocr_par' dir='ltr' id='par_1_111' title="bbox 2090 5223 3684 5295">
     <span class='ocr_line' id='line_1_111' title="bbox 2090 5223 3684 5295; baseline -0.003 -16"><span class='ocrx_word' id='word_1_820' title='bbox 2090 5224 2257 5295; x_wconf 86' lang='lat' dir='ltr'><strong>justis</strong></span> <span class='ocrx_word' id='word_1_821' title='bbox 2311 5225 2589 5294; x_wconf 78' lang='lat' dir='ltr'><strong>exsequiis</strong></span> <span class='ocrx_word' id='word_1_822' title='bbox 2646 5225 2847 5290; x_wconf 88' lang='lat' dir='ltr'><strong>caruit,</strong></span> <span class='ocrx_word' id='word_1_823' title='bbox 2887 5223 2935 5278; x_wconf 90' lang='lat' dir='ltr'><strong>si</strong></span> <span class='ocrx_word' id='word_1_824' title='bbox 2968 5239 3078 5278; x_wconf 89' lang='lat' dir='ltr'><strong>non</strong></span> <span class='ocrx_word' id='word_1_825' title='bbox 3149 5224 3218 5277; x_wconf 88' lang='lat' dir='ltr'><strong>de</strong></span> <span class='ocrx_word' id='word_1_826' title='bbox 3249 5238 3402 5277; x_wconf 91' lang='lat' dir='ltr'><strong>more</strong></span> <span class='ocrx_word' id='word_1_827' title='bbox 3454 5223 3684 5278; x_wconf 70' lang='lat' dir='ltr'><strong>deﬂetus</strong></span> 
     </span>
    </p>
   </div>
   <div class='ocr_carea' id='block_1_112' title="bbox 2093 5318 3683 5388">
    <p class='ocr_par' dir='ltr' id='par_1_112' title="bbox 2093 5318 3683 5388">
     <span class='ocr_line' id='line_1_112' title="bbox 2093 5318 3683 5388; baseline 0 -15"><span class='ocrx_word' id='word_1_828' title='bbox 2093 5328 2198 5384; x_wconf 89' lang='lat' dir='ltr'><strong>est,</strong></span> <span class='ocrx_word' id='word_1_829' title='bbox 2233 5319 2362 5388; x_wconf 90' lang='lat' dir='ltr'><strong>quid</strong></span> <span class='ocrx_word' id='word_1_830' title='bbox 2395 5318 2531 5383; x_wconf 72' lang='lat' dir='ltr'><strong>haec,</strong></span> <span class='ocrx_word' id='word_1_831' title='bbox 2568 5332 2691 5388; x_wconf 70' lang='lat' dir='ltr'><strong>qua:</strong></span> <span class='ocrx_word' id='word_1_832' title='bbox 2722 5318 2973 5372; x_wconf 88' lang='lat' dir='ltr'><strong>homines</strong></span> <span class='ocrx_word' id='word_1_833' title='bbox 2999 5319 3051 5372; x_wconf 91' lang='lat' dir='ltr'><strong>in</strong></span> <span class='ocrx_word' id='word_1_834' title='bbox 3087 5319 3269 5388; x_wconf 79' lang='lat' dir='ltr'><strong>parvis</strong></span> <span class='ocrx_word' id='word_1_835' title='bbox 3303 5321 3468 5377; x_wconf 88' lang='lat' dir='ltr'><strong>rebus</strong></span> <span class='ocrx_word' id='word_1_836' title='bbox 3514 5333 3683 5374; x_wconf 86' lang='lat' dir='ltr'><strong>occu-</strong></span> 
     </span>
    </p>
   </div>
   <div class='ocr_carea' id='block_1_113' title="bbox 2090 5413 3684 5484">
    <p class='ocr_par' dir='ltr' id='par_1_113' title="bbox 2090 5413 3684 5484">
     <span class='ocr_line' id='line_1_113' title="bbox 2090 5413 3684 5484; baseline -0.001 -16"><span class='ocrx_word' id='word_1_837' title='bbox 2090 5414 2226 5484; x_wconf 87' lang='lat' dir='ltr'><strong>pati,</strong></span> <span class='ocrx_word' id='word_1_838' title='bbox 2268 5423 2323 5468; x_wconf 91' lang='lat' dir='ltr'><strong>et</strong></span> <span class='ocrx_word' id='word_1_839' title='bbox 2357 5413 2556 5482; x_wconf 90' lang='lat' dir='ltr'><strong>pusillo</strong></span> <span class='ocrx_word' id='word_1_840' title='bbox 2613 5413 2804 5466; x_wconf 85' lang='lat' dir='ltr'><strong>animo</strong></span> <span class='ocrx_word' id='word_1_841' title='bbox 2862 5413 3098 5482; x_wconf 73' lang='lat' dir='ltr'><strong>prmditi,</strong></span> <span class='ocrx_word' id='word_1_842' title='bbox 3159 5423 3418 5481; x_wconf 88' lang='lat' dir='ltr'><strong>reputare</strong></span> <span class='ocrx_word' id='word_1_843' title='bbox 3481 5414 3684 5478; x_wconf 77' lang='lat' dir='ltr'><strong>solent,</strong></span> 
     </span>
    </p>
   </div>
   <div class='ocr_carea' id='block_1_114' title="bbox 2091 5505 3740 5573">
    <p class='ocr_par' dir='ltr' id='par_1_114' title="bbox 2091 5505 3740 5573">
     <span class='ocr_line' id='line_1_114' title="bbox 2091 5505 3740 5573; baseline -0.002 -11"><span class='ocrx_word' id='word_1_844' title='bbox 2091 5509 2156 5562; x_wconf 89' lang='lat' dir='ltr'><strong>ad</strong></span> <span class='ocrx_word' id='word_1_845' title='bbox 2195 5509 2345 5562; x_wconf 84' lang='lat' dir='ltr'><strong>illam</strong></span> <span class='ocrx_word' id='word_1_846' title='bbox 2408 5508 2580 5562; x_wconf 88' lang='lat' dir='ltr'><strong>divini</strong></span> <span class='ocrx_word' id='word_1_847' title='bbox 2618 5507 2785 5562; x_wconf 88' lang='lat' dir='ltr'><strong>animi</strong></span> <span class='ocrx_word' id='word_1_848' title='bbox 2841 5507 3189 5561; x_wconf 82' lang='lat' dir='ltr'><strong>altitudinem</strong></span> <span class='ocrx_word' id='word_1_849' title='bbox 3220 5505 3496 5561; x_wconf 72' lang='lat' dir='ltr'><strong>attinent?</strong></span> <span class='ocrx_word' id='word_1_850' title='bbox 3531 5508 3670 5573; x_wconf 68' lang='lat' dir='ltr'><strong>Quo»</strong></span> <span class='ocrx_word' id='word_1_851' title='bbox 3736 5515 3740 5520; x_wconf 85' lang='lat'><strong>&#39;</strong></span> 
     </span>
    </p>
   </div>
   <div class='ocr_carea' id='block_1_115' title="bbox 2089 5597 3682 5676">
    <p class='ocr_par' dir='ltr' id='par_1_115' title="bbox 2089 5597 3682 5676">
     <span class='ocr_line' id='line_1_115' title="bbox 2089 5597 3682 5676; baseline -0.002 -24"><span class='ocrx_word' id='word_1_852' title='bbox 2089 5598 2234 5653; x_wconf 79' lang='lat' dir='ltr'><strong>circa</strong></span> <span class='ocrx_word' id='word_1_853' title='bbox 2271 5613 2371 5652; x_wconf 86' lang='lat' dir='ltr'><strong>nec</strong></span> <span class='ocrx_word' id='word_1_854' title='bbox 2401 5598 2697 5676; x_wconf 70' lang='lat' dir='ltr'><strong>auditasst</strong></span> <span class='ocrx_word' id='word_1_855' title='bbox 2729 5613 2829 5650; x_wconf 82' lang='lat' dir='ltr'><strong>vox</strong></span> <span class='ocrx_word' id='word_1_856' title='bbox 2861 5613 2978 5650; x_wconf 87' lang='lat' dir='ltr'><strong>mea</strong></span> <span class='ocrx_word' id='word_1_857' title='bbox 3001 5597 3070 5651; x_wconf 89' lang='lat' dir='ltr'><strong>ab</strong></span> <span class='ocrx_word' id='word_1_858' title='bbox 3106 5597 3239 5662; x_wconf 93' lang='lat' dir='ltr'><strong>ullo,</strong></span> <span class='ocrx_word' id='word_1_859' title='bbox 3269 5612 3367 5651; x_wconf 91' lang='lat' dir='ltr'><strong>nec</strong></span> <span class='ocrx_word' id='word_1_860' title='bbox 3399 5598 3682 5664; x_wconf 84' lang='lat' dir='ltr'><strong>audietur,</strong></span> 
     </span>
    </p>
   </div>
   <div class='ocr_carea' id='block_1_116' title="bbox 2091 5690 3684 5761">
    <p class='ocr_par' dir='ltr' id='par_1_116' title="bbox 2091 5690 3684 5761">
     <span class='ocr_line' id='line_1_116' title="bbox 2091 5690 3684 5761; baseline 0 -17"><span class='ocrx_word' id='word_1_861' title='bbox 2091 5691 2239 5745; x_wconf 86' lang='lat' dir='ltr'><strong>hunc</strong></span> <span class='ocrx_word' id='word_1_862' title='bbox 2275 5692 2430 5745; x_wconf 85' lang='lat' dir='ltr'><strong>talem</strong></span> <span class='ocrx_word' id='word_1_863' title='bbox 2464 5691 2802 5761; x_wconf 76' lang='lat' dir='ltr'><strong>deplorantis</strong></span> <span class='ocrx_word' id='word_1_864' title='bbox 2839 5701 2891 5746; x_wconf 89' lang='lat' dir='ltr'><strong>et</strong></span> <span class='ocrx_word' id='word_1_865' title='bbox 2954 5692 3203 5744; x_wconf 84' lang='lat' dir='ltr'><strong>dolenter</strong></span> <span class='ocrx_word' id='word_1_866' title='bbox 3260 5690 3452 5745; x_wconf 90' lang='lat' dir='ltr'><strong>mortis</strong></span> <span class='ocrx_word' id='word_1_867' title='bbox 3505 5706 3684 5760; x_wconf 84' lang='lat' dir='ltr'><strong>genus</strong></span> 
     </span>
    </p>
   </div>
   <div class='ocr_carea' id='block_1_117' title="bbox 2086 5782 3688 5850">
    <p class='ocr_par' dir='ltr' id='par_1_117' title="bbox 2086 5782 3688 5850">
     <span class='ocr_line' id='line_1_117' title="bbox 2086 5782 3688 5850; baseline -0.001 -12"><span class='ocrx_word' id='word_1_868' title='bbox 2086 5782 2334 5839; x_wconf 77' lang='lat' dir='ltr'><strong>ferentis.</strong></span> <span class='ocrx_word' id='word_1_869' title='bbox 2370 5784 2650 5850; x_wconf 78' lang='lat' dir='ltr'><strong>Quinimo,</strong></span> <span class='ocrx_word' id='word_1_870' title='bbox 2687 5784 2738 5837; x_wconf 91' lang='lat' dir='ltr'><strong>in</strong></span> <span class='ocrx_word' id='word_1_871' title='bbox 2781 5785 2868 5839; x_wconf 89' lang='lat' dir='ltr'><strong>his</strong></span> <span class='ocrx_word' id='word_1_872' title='bbox 2896 5784 3150 5838; x_wconf 81' lang='lat' dir='ltr'><strong>omnibus</strong></span> <span class='ocrx_word' id='word_1_873' title='bbox 3174 5783 3327 5836; x_wconf 91' lang='lat' dir='ltr'><strong>illum</strong></span> <span class='ocrx_word' id='word_1_874' title='bbox 3356 5783 3688 5837; x_wconf 75' lang='lat' dir='ltr'><strong>etexistimo</strong></span> 
     </span>
    </p>
   </div>
   <div class='ocr_carea' id='block_1_118' title="bbox 2088 5877 3680 5948">
    <p class='ocr_par' dir='ltr' id='par_1_118' title="bbox 2088 5877 3680 5948">
     <span class='ocr_line' id='line_1_118' title="bbox 2088 5877 3680 5948; baseline -0.001 -14"><span class='ocrx_word' id='word_1_875' title='bbox 2088 5887 2142 5934; x_wconf 88' lang='lat' dir='ltr'><strong>et</strong></span> <span class='ocrx_word' id='word_1_876' title='bbox 2173 5879 2396 5932; x_wconf 85' lang='lat' dir='ltr'><strong>nomino</strong></span> <span class='ocrx_word' id='word_1_877' title='bbox 2428 5880 2645 5934; x_wconf 86' lang='lat' dir='ltr'><strong>beatum</strong></span> <span class='ocrx_word' id='word_1_878' title='bbox 2682 5893 2694 5930; x_wconf 86' lang='lat'>:</span> <span class='ocrx_word' id='word_1_879' title='bbox 2733 5878 2962 5948; x_wconf 82' lang='lat' dir='ltr'><strong>parique</strong></span> <span class='ocrx_word' id='word_1_880' title='bbox 3015 5892 3139 5932; x_wconf 90' lang='lat' dir='ltr'><strong>cum</strong></span> <span class='ocrx_word' id='word_1_881' title='bbox 3179 5877 3514 5948; x_wconf 71' lang='lat' dir='ltr'><strong>martyribus</strong></span> <span class='ocrx_word' id='word_1_882' title='bbox 3565 5891 3680 5932; x_wconf 82' lang='lat' dir='ltr'><strong>mc-</strong></span> 
     </span>
    </p>
   </div>
  </div>
