4484 6462
479 426 614 490 1065

1503 418 2002 480 LAMENTATIO
2029 418 2123 478 DE
2155 416 2373 477 CPOLl
2415 416 2680 476 CAPTA.

3610 416 3743 483 l066

472 538 802 608 τηλικαύτη,
832 536 1051 608 πατρὶς’
1091 537 1123 606 ἡ
1169 534 1459 604 Ῥωμαίων
1493 533 1737 588 ἐκποδὼν
1790 534 2057 604 βασιλεία·
2087 539 2135 597 Λ
2167 548 2243 586 neI

1985 536 2057 587 ία·
2087 539 2135 597 Λ
2167 533 2369 586 nemini
2406 530 2747 599 nongloriari
2781 530 2994 595 licebat,
3015 533 3067 585 in
3102 546 3210 601 qua
3242 531 3417 585 civem
3447 530 3745 599 ascriptum

478 630 742 699 βασιλεία,
775 629 836 682 τὸ
868 628 1063 698 σεμνλν
1092 628 1187 680 καὶ
1227 629 1460 698 πρᾶγμα
1498 628 1589 680 καὶ
1635 628 1826 697 ὄνομα.
1860 626 1933 679 Τὸ
1958 628 2057 696 τῆς

489 720 820 789 Ἐκκλησίας
878 719 1061 772 ἔνθεον
1116 736 1185 771 τε
1239 720 1335 773 καλ⁸
1392 718 1598 789 ὑψηλὸν
1652 718 2057 789 καταϐέϐληται

478 814 684 881 σκῆμα·
720 813 747 864 ὁ
796 811 904 864 ἀπὸ
936 810 1038 879 γῆς
1076 810 1245 879 ὖμνος
1287 809 1405 877 Θεῷ
1454 810 1938 880 ἀναπεμπόμενος,
1990 810 2058 880 τῇ

479 901 747 971 ἀγγελικῇ
789 898 1318 972 προσαμιλλώμενος
1360 902 1605 970 πολιτείᾳ
1654 901 1749 952 καὶ
1799 899 2055 969 μελῳδίᾳ,

479 992 875 1061 κατεσιγάσθη.
923 993 985 1045 Οἱ
1041 994 1159 1044 ναοὶ
1204 992 1251 1045 οί
1305 991 1436 1045 θεῖοι
1470 990 1953 1060 κατεστράφησαν,
1992 989 2060 1042 τὰ

481 1084 845 1155 θυσιαστήρια
882 1084 1275 1155 βεόεϐἡλωται,
1301 1084 1656 1155 κατεπατήθη
1705 1083 1773 1136 τὰ
1808 1083 1950 1153 ἱερά.
1996 1083 2058 1137 'll

480 1177 641 1229 πολιὰ
677 1178 1185 1248 καταπεφρόνηται,
1232 1179 1263 1249 ή
1313 1177 1503 1246 νεότης
1540 1175 1890 1245 διέφθαρται.
1940 1174 2061 1228 Τῶν

479 1270 539 1320 ἐν
566 1268 753 1339 ἡλικίᾳ
787 1270 847 1322 τὸ
880 1271 1040 1322 πλέον
1074 1270 1351 1340 μαχαίρας
1404 1268 1527 1340 (φεῦ
1555 1269 1592 1339 ί)
1628 1269 1790 1338 ἔργου
1834 1268 2063 1335 γεγόνα-

482 1378 586 1414 σιν·
623 1362 672 1413 οἱ
702 1361 757 1413 δέ
789 1361 1003 1432 δουλείᾳ
1032 1361 1495 1431 διακαρτεροῦσιν
1526 1362 1748 1431 αἰσχρᾷ.
1784 1362 1847 1413 Ai
1876 1362 2063 1426 γυναῖ-

483 1470 601 1515 κες,
637 1455 693 1505 ἐν
724 1454 919 1523 ἀτιμία
938 1470 953 1485 ⁸
986 1456 1094 1505 τεῒν
1123 1454 1346 1519 παίδων,
1374 1454 1434 1505 οὗ
1473 1455 1534 1505 τὸ
1563 1454 1696 1521 θῇλυ
1728 1453 1909 1519 μόνον,
1931 1453 2065 1505 ἀλλὰ

482 1544 579 1597 καὶ
604 1544 735 1596 αὐτὸ
766 1544 827 1596 τὸ
856 1547 1045 1615 ἄρρεν,
1080 1545 1489 1613 ἐνασελγαίνειν
1523 1544 1671 1613 αὖτῷ
1702 1546 1825 1607 τοὺς
1861 1544 2066 1614 βιρεά-

488 1657 612 1709 ρους
640 1640 937 1693 ὲκδέδοται.
973 1640 1046 1692 Τὸ
1078 1640 1134 1693 δὲ
1168 1641 1263 1692 καὶ
1296 1641 1429 1710 πρὸς
1458 1639 1557 1707 τὴν
1583 1638 1843 1691 ἀσέϐειαν
1893 1639 2063 1690 ἐλεειο

484 1732 590 1794 νῶς
627 1731 1030 1800 μετατέθειται.
1058 1731 1138 1783 Τὰ
1168 1731 1347 1783 πάντα
1391 1733 1447 1782 ὲν
1479 1728 1747 1800 ἀπωλείᾳ,
1781 1731 1837 1782 ἐν
1869 1730 2066 1799 ἀτιμίᾳ

486 1824 550 1876 τὰ
572 1824 755 1893 τίμια.
802 1822 862 1875 '0
895 1821 1179 1893 βοηθήσων
1213 1822 1410 1884 οὐδείς.
1452 1822 1519 1875 Ἢ
1557 1822 1823 1889 σύμπασα
1854 1823 2066 1892 πλήρης

482 1917 592 1970 τῶν
640 1918 704 1969 ἐκ
754 1916 854 1984 τῆς
889 1916 1168 1984 ἡμετέρας
1214 1914 1425 1975 πόλεως
1473 1913 1942 1983 προσαιτούντων,
1974 1915 2066 1966 καὶ

486 2011 653 2063 πᾶσιν
703 2011 758 2060 ἐν
792 2006 1087 2076 ὀφθαλμοῖς
1136 2008 1269 2076 ἡμῖν
1318 2007 1385 2059 τὰ
1429 2006 1601 2059 δεινά.
1656 2007 1863 2068 Πάντες
1912 2006 2066 2074 ἡμῶν

483 2102 581 2163 τὰς
619 2102 904 2168 συμρορὲς
937 2099 1237 2162 ἐλεοῦντες,
1273 2099 1577 2168 ὀδύρονται·
1632 2100 1692 2152 οὐ
1741 2099 1964 2152 δύναται
2012 2099 2067 2152 δὲ

486 2193 985 2264 παραμυοῄσεσθαι
1008 2192 1157 2261 ὅμως
1190 2191 1385 2255 οὐδείς.
1424 2191 1831 2261 Ἐπιχαίρουσιν
1864 2192 1911 2243 oi
1938 2192 2068 2261 βαρ-

486 2287 646 2356 ϐαροι
679 2288 745 2355 τῇ
772 2284 1017 2355 ἀπωλείᾳ
1046 2283 1226 2354 ἡμῶν*
1250 2282 1461 2353 τρυφὴν
1487 2282 1767 2336 ποιοῦνται
1793 2284 1891 2345 τὰς
1915 2282 2068 2353 ἡμῶν

488 2380 816 2449 συμφοράς’·
849 2376 1231 2446 ἐγκαυχῶνται
1288 2379 1352 2445 τῇ
1404 2376 1614 2429 ἐαυτῶν
1666 2375 1923 2445 ἀσεϐείᾳ³
1971 2376 2069 2445 τῆς

486 2473 767 2541 ἡμετέρας
791 2469 1074 2531 εὑσεὸείας
1123 2466 1613 2531 κατεξανίστανται
1638 2484 1651 2497 ο
1694 2468 2068 2537 ἐνυὸρίζουσιν

490 2559 651 2628 ἡμῶν
680 2562 794 2621 τοῖς
826 2560 1068 2628 σεμνοῖς.
1112 2558 1186 2610 Τὸ
1218 2558 1313 2610 τοῦ
1346 2557 1483 2610 Θεοῦ
1512 2558 1598 2610 διὰ
1640 2558 1739 2626 τὴν
1785 2557 1943 2626 ἡμῶν
1976 2574 2069 2608 κα-

491 2650 613 2701 κίαν
658 2650 831 2718 ὄνομα
876 2649 1308 2718 βλασφημεῖται.
1373 2646 1725 2710 ’Λλαλάζουσι
1780 2646 1923 2699 κατὰ
1972 2646 2071 2715 τῆς

490 2742 766 2810 ἡμετέρας
799 2740 1117 2811 θρησκείας.
1142 2734 1218 2793 Οὖ
1258 2738 1336 2809 τῷ
1366 2739 1609 2808 ἀληθινῷ
1635 2738 1755 2808 Θεῷ
1809 2738 1907 2807 τὴν
1937 2738 2069 2808 ἀλη-

491 2832 643 2901 θινὴν
694 2832 953 2903 λατρείαν
1012 2832 1343 2902 ὲκτελοῦμεν
1398 2833 1605 2901 ἡμεῖς,
1679 2830 1908 2884 ἐνταῦθα
1978 2829 2071 2882 νῦν

491 2926 664 2988 ἑστὼς
697 2925 759 2976 τὸ
803 2926 899 2994 τῆς
932 2923 1268 2993 ἐρημώσεως
1314 2924 1588 2993 βδέλυγμα
1636 2924 1955 2991 καθορᾶται.
2007 2924 2069 2977 Ἢ

491 3015 832 3085 Χριστιανῶν
902 3014 1056 3077 πόλις
1102 3015 1202 3085 ἤδη
1258 3015 1365 3067 τῶν
1423 3015 1674 3067 ἀσεϐῶνο
1710 3015 1809 3067 οὐκ
1854 3014 1932 3066 ἐτι
1980 3031 2075 3083 με-

492 3108 632 3177 γάλη
694 3108 782 3159 ἐπ’
842 3106 1103 3173 ἀγαθοῖς,
1151 3107 1286 3159 ἀλλὰ
1335 3108 1566 3175 μεγίστη
1617 3106 1676 3157 ἐν
1735 3109 2066 3175 συμφοραῖς.

493 3199 647 3270 Ὀσῳ
683 3198 1042 3270 λαμπροτέρα
1073 3193 1164 3269 ἦν,
1198 3198 1436 3269 τοσούτῳ
1466 3198 1561 3252 νῦν
1606 3198 1766 3251 ἀθλία
1808 3200 2073 3269 καθέστη-

493 3306 610 3342 κεν.
662 3288 830 3340 Οὐδὲν
871 3287 1042 3356 αὐτῆς
1099 3289 1518 3355 μακαριώτερον
1560 3289 1859 3357 πρότερον,
1921 3288 2074 3340 οὐδὲν

494 3384 860 3450 ἐλεεινότερον
892 3382 987 3434 νῦν
1018 3381 1145 3449 ἐξῆν
1169 3381 1341 3450 αὐτὴν
1392 3383 1489 3434 καὶ
1540 3381 1754 3451 οὐρανῷ
1790 3381 2073 3449 παραϐάλ-

493 3476 629 3529 λειν·
655 3475 730 3537 ὡς
758 3475 935 3545 ἥλιον,
964 3475 1059 3527 καὶ
1084 3474 1338 3543 σελήνην,
1359 3473 1452 3525 καὶ
1481 3472 1738 3543 ἀστέρας,
1764 3473 1831 3525 τὰ
1856 3473 2075 3526 ποικίλα

494 3568 606 3622 τῶν
639 3567 805 3630 ναῶν,
840 3568 931 3618 καὶ
964 3566 1073 3617 τῶν
1118 3565 1294 3619 ἄλλων
1344 3564 1723 3635 περιόλέπτων
1756 3564 2077 3633 οἰκημάτων

497 3660 948 3730 προὸαλλομένην
976 3658 1149 3727 κάλλη
1180 3674 1235 3709 τε
1267 3657 1363 3708 καὶ
1402 3657 1631 3725 μεγέθη,
1660 3648 1875 3709 πάντων
1908 3656 2075 3723 ἀσύγ-

496 3768 659 3821 κριτα
711 3750 906 3803 ἄλλων.
968 3748 1126 3800 Ἀλλὰ
1162 3746 1256 3798 νῦν
1292 3748 1391 3799 οὐκ
1426 3743 1542 3809 οἵδ’,
1598 3747 1624 3797 ὃ
1672 3763 1723 3798 τι
1775 3764 1856 3810 τις
1912 3747 2077 3817 αὐτὴν

496 3844 689 3906 είπὼν,
724 3844 823 3896 οὐκ
850 3840 1285 3909 ἀπενεχθήσεται
1327 3840 1421 3891 τοῦ
1471 3841 1860 3908 προσήκοντος.
1895 3840 2077 3893 Πάντα

498 3937 607 4005 γὰρ
638 3935 775 4002 αὐτῇ
813 3933 1000 3985 λοιπὸν
1031 3932 1268 4000 ἁρμόζει
1303 3932 1367 3983 τὰ
1401 3931 1590 4000 χείρω.
1630 3931 1868 3999 Ἀμείνω
1894 3932 1959 3985 ἂν
1986 3928 2076 4003 ἦν,

499 4029 548 4082 εί
602 4028 714 4096 πῦρ
763 4025 931 4093 αὐτὴν
988 4024 1358 4092 κατενεμήθη,
1406 4024 1437 4094 ἢ
1478 4024 1620 4090 ὓδωρ
1666 4024 1991 4090 ἐπέκλυσεν,
2045 4026 2077 4095 ἢ

500 4120 722 4188 σεισμδς
766 4118 1157 4185 κατηδὰφισεν,
1212 4116 1395 4178 αὐτοῖς
1451 4116 1719 4180 πολίταις,
1771 4120 1863 4169 καὶ
1912 4120 2078 4171 πᾶσιν

499 4211 613 4278 ἅμα
649 4210 850 4279 τιμίοις
882 4226 938 4260 τε
969 4209 1062 4260 καὶ
1090 4208 1329 4275 σεμνοῖς,
1368 4208 1399 4277 ἢ
1442 4206 1733 4275 σωζομένη
1766 4224 1824 4259 τε
1858 4206 1960 4272 ἔτι,
1985 4209 2079 4261 καὶ

501 4305 594 4359 ἐπὶ
626 4302 730 4371 γῆς
762 4301 1035 4372 ὁρωμένη,
1084 4299 1211 4352 ἄνευ
1245 4293 1319 4352 ὧν
1351 4294 1463 4365 εἶχε
1514 4299 1712 4365 τιμίων
1747 4315 1803 4351 τε
1850 4298 1944 4351 καὶ
1975 4316 2077 4352 κα-

500 4397 627 4449 λῶν.
660 4394 811 4460 Μέγα
844 4394 1190 4462 Χριστιανοῖς
1222 4390 1446 4454 ὄνειδος,
1480 4391 1588 4459 ὅσῳ
1636 4391 1767 4458 πρὶν
1802 4392 2079 4459 φιλοτιμία

504 4486 738 4557 μεγάλη.
776 4484 963 4552 Πὰσης
1017 4482 1299 4544 ἐλπίζουσι
1348 4482 1818 4551 καταδραμείσθαι
1860 4482 1957 4550 τῆς
2007 4483 2080 4535 οἰ-

2159 637 2301 683 esse,
2333 638 2441 676 non
2465 638 2656 693 parum
2725 624 3026 693 argumenti
3088 624 3153 678 ad
3218 624 3749 680 commendationem

2159 716 2499 786 gloriamque
2536 717 2789 771 habebat.
2822 715 2914 771 Illa
2953 717 3119 784 igitur
3149 720 3270 775 talis
3303 734 3363 773 ac
3393 727 3541 773 tanta
3578 719 3749 788 patria

2161 817 2347 863 nostra
2379 816 2535 877 capta
2569 816 2690 863 est:
2726 807 3100 862 Romanorum
3127 808 3403 862 sublatum
3432 820 3516 864 est
3576 810 3747 878 impe-

2163 898 2304 952 rium
2335 916 2347 952 :
2377 898 2589 968 imperii
2620 897 2807 963 decus,
2841 908 2893 954 et
2921 914 2979 952 re
3009 908 3064 952 et
3110 901 3333 953 nomine
3355 903 3746 955 venerandum.

2162 989 2420 1045 Ecclesiae
2450 990 2635 1044 divina
2663 1000 2716 1045 et
2769 992 3022 1067 sublimis
3079 992 3287 1062 dejecta
3347 1000 3432 1046 est
3490 994 3750 1060 species:

2164 1082 2422 1154 hymnus,
2460 1084 2551 1153 qui
2576 1100 2605 1138 e
2636 1092 2780 1137 terra
2812 1099 3028 1139 sursum
3065 1084 3129 1137 ad
3170 1084 3334 1139 Deum
3407 1084 3748 1149 mittebatur,

2163 1186 2217 1230 et
2246 1193 2368 1230 cum
2407 1178 2649 1246 angelica
2681 1177 2925 1232 certabat
2960 1180 3065 1232 vita
3118 1186 3171 1232 ct
3232 1188 3417 1246 cantu,
3474 1178 3751 1234 consiluit.

2165 1270 2390 1340 Templa
2425 1269 2517 1323 Dei
2553 1286 2741 1325 eversa
2774 1279 2923 1335 sunt,
2984 1271 3178 1323 altaria
3230 1271 3537 1340 profanata,
3597 1288 3754 1326 sacra

2165 1362 2767 1417 conculcata.Canities
2788 1372 3097 1431 contempta
3129 1373 3230 1425 est,
3254 1364 3514 1431 juventus
3545 1366 3756 1433 disper-

2167 1453 2302 1507 dita.
2333 1454 2434 1519 Qui
2470 1469 2562 1522 per
2585 1454 2759 1508 mzatis
2796 1456 3037 1524 vigorem
3074 1470 3223 1507 arma
3262 1454 3404 1511 ferre
3436 1468 3750 1525 potuerunt,

2170 1561 2357 1599 eorum
2390 1562 2518 1614 pars
2552 1547 2725 1613 major
2762 1546 2904 1601 ferro
2938 1548 3155 1601 concisa
3188 1547 3352 1617 jacet,
3390 1548 3484 1602 alii
3522 1551 3756 1605 servitu-

2172 1646 2276 1691 tem
2353 1647 2566 1705 turpem
2637 1638 2888 1691 tolerant.
2945 1638 3204 1693 Matronze
3264 1640 3621 1695 dedecorat-.13.
3678 1641 3755 1694 Ex

2170 1728 2342 1796 prole,
2376 1742 2483 1781 non
2521 1710 2735 1782 feminze
2767 1738 3002 1792 tantum,
3038 1732 3129 1785 sed
3160 1732 3383 1786 masculi
3420 1734 3606 1797 etiam,
3634 1734 3757 1789 libi-

2172 1821 2284 1875 dini
2328 1820 2683 1875 harbarorum
2718 1820 2907 1876 dediti.
2946 1820 3152 1876 Horum
3210 1824 3363 1877 multi
3427 1841 3639 1894 quoque
3690 1827 3756 1880 ad

2174 1914 2402 1983 impium
2472 1911 2763 1966 Mahometi
2822 1913 3029 1966 cultum
3091 1916 3367 1969 conversi.
3422 1915 3633 1971 Cuncta
3688 1919 3755 1969 at

2172 2005 2447 2058 interitum
2514 2005 2727 2057 redacta
2810 2004 2873 2056 ad
2936 2004 3402 2075 ignominiamque
3493 2010 3759 2063 honorata

2171 2106 2347 2159 erant,
2375 2110 2475 2149 nec
2515 2097 2604 2163 qui
2626 2107 2912 2151 succurrat
2946 2099 3268 2167 quisquam.
3293 2098 3585 2153 Terrarum
3610 2103 3763 2157 orbis

2176 2189 2455 2243 hominum
2492 2202 2555 2244 ex
2589 2198 2773 2242 nostra
2806 2189 3024 2243 civitate
3056 2190 3431 2259 dispersorum
3491 2202 3545 2248 et
3604 2209 3757 2247 meu-

2172 2281 2405 2336 dicando
2442 2280 2644 2333 victum
2682 2282 3038 2347 quzerentium
3102 2282 3340 2351 plenus;
3403 2285 3457 2341 in
3510 2288 3759 2341 omnium

2174 2380 2420 2425 nostrum
2454 2370 2629 2425 oculis
2653 2385 2909 2425 aerumnae
2944 2372 3153 2441 positae.
3194 2373 3420 2441 Omnes,
3482 2377 3759 2431 excidium

2173 2470 2421 2516 nostrum
2464 2463 2808 2524 miserantes,
2845 2462 3078 2528 plorant,
3110 2464 3209 2519 sed
3269 2481 3429 2521 nemo
3481 2469 3759 2523 consolari

2175 2553 2428 2607 miserias
2470 2561 2669 2622 potest.
2716 2551 2987 2608 lnsultant
3050 2554 3269 2609 barbari
3326 2566 3527 2613 nostra:
3579 2560 3762 2628 perni-

2175 2645 2299 2708 ciei,
2328 2644 2485 2698 ludos
2519 2646 2725 2698 faciunt
2767 2654 2985 2699 nostras
3015 2646 3375 2713 calamitates,
3415 2650 3465 2703 in
3512 2666 3607 2704 sua
3660 2653 3763 2705 im-

2176 2738 2376 2807 pietate
2411 2737 2740 2807 gloriantur,
2777 2738 2831 2791 in
2870 2738 3195 2808 religionem
3227 2751 3471 2795 nostram
3510 2743 3651 2811 piam
3680 2745 3761 2797 in-

2179 2839 2436 2897 surgunt,
2471 2830 2816 2883 contumeliis
2850 2830 2900 2883 in
2964 2841 3180 2885 nostras
3243 2848 3333 2887 res
3393 2834 3653 2890 honestas
3710 2845 3763 2889 (ιι

2180 2930 2398 2976 sanctas
2433 2921 2785 2977 invehuntur.
2827 2922 3087 2975 Sanctum
3126 2922 3216 2977 Dei
3260 2939 3481 2989 nomen,
3548 2939 3765 2996 propter

2177 3014 2527 3067 vitiositatem
2609 3026 2872 3079 nostram,
2940 3015 3079 3067 male
3145 3016 3317 3069 audit.
3385 3017 3765 3073 Vociferantur

2178 3117 2365 3159 coatra
2403 3115 2649 3159 nostram
2707 3108 3047 3174 religionem.
3097 3107 3303 3173 Quibus
3348 3109 3401 3163 in
3455 3110 3591 3164 locis
3635 3128 3764 3165 vero

2103 3225 2144 3284 ο
2180 3195 2291 3250 Deo
2317 3212 2503 3249 verum
2535 3211 2634 3249 nos
2662 3198 2867 3249 cultum
2889 3200 3306 3266 prazstabamus,
3330 3200 3402 3253 ibi
3436 3218 3580 3255 nunc
3603 3202 3765 3257 deso-

2182 3285 2404 3339 lationis
2472 3287 2807 3340 abominatio
2878 3297 3031 3341 stans
3086 3291 3443 3359 conspicitur.
3492 3292 3765 3349 Christia-

2179 3392 2373 3431 norum
2398 3388 2555 3431 antea
2590 3379 2720 3433 urbs
2784 3395 2929 3433 nunc
2984 3383 3275 3449 impiorum
3324 3384 3453 3437 urbs
3500 3395 3582 3438 est
3613 3405 3625 3440 :
3656 3403 3765 3442 non

2174 3470 2286 3539 jam
2326 3472 2565 3540 amplius
2601 3488 2793 3541 magna
2835 3474 2999 3528 rebus
3028 3476 3270 3530 bonis‘et
3303 3477 3464 3539 lretis,
3499 3480 3591 3533 sed
3614 3480 3766 3533 cala-

2180 3565 2461 3619 mitatibus
2494 3575 2547 3618 ct
2580 3566 2816 3620 miseriis
2849 3568 3105 3620 maxima.
3129 3568 3249 3633 Quo
3272 3571 3609 3638 splendidior
3632 3575 3761 3627 olim

2178 3667 2317 3721 erat,
2355 3667 2504 3712 tanto
2533 3674 2675 3711 nunc
2713 3660 2965 3713 miserior
3006 3662 3222 3715 redacta
3257 3671 3359 3715 est.
3396 3663 3766 3729 Quemadmo-

2180 3749 2308 3803 dum
2346 3750 2477 3803 nihil
2510 3751 2597 3803 illa
2629 3752 2837 3805 beatius
2866 3762 3043 3816 antea,
3081 3754 3151 3806 ita
3185 3765 3372 3809 contra
3426 3758 3558 3810 nihil
3617 3775 3762 3812 nunc

2179 3840 2367 3894 eadem
2404 3840 2679 3894 miserius.
2717 3841 2934 3895 Poterat
2965 3842 3079 3906 ipsa
3112 3844 3193 3897 vel
3218 3847 3359 3899 (ιαειο
3425 3852 3759 3916 cmnparari,

2182 3942 2368 4001 utpote
2409 3948 2530 4002 qua:
2588 3942 2846 4002 tanquam
2880 3935 2994 3989 sole
3027 3945 3079 3989 et
3111 3936 3234 3989 luna
3282 3949 3332 3992 et
3383 3941 3576 4003 stellis,
3615 3945 3765 3997 varia

2183 4024 2510 4091 templorum
2564 4035 2616 4078 et
2664 4026 2894 4079 aliorum
2954 4028 3306 4084 aediﬁciorum
3358 4033 3763 4101 splend.dorum

2182 4116 2585 4185 pulchritudine
2633 4127 2688 4171 et
2737 4119 3116 4186 amplituline,
3146 4124 3403 4178 omnibus
3457 4124 3579 4179 aliis
3611 4137 3766 4181 extra

2183 4222 2399 4262 Onmem
2442 4210 2867 4278 etnnparationis
2898 4211 3069 4265 aleam
3096 4221 3419 4269 antestaret.
3448 4215 3602 4270 Nunc
3636 4233 3765 4271 vero

2184 4302 2366 4355 nescio
2396 4303 2524 4370 quid
2562 4304 2627 4356 de
2661 4304 2773 4371 ipsa
2804 4304 2907 4357 dici
2936 4314 3099 4373 queat
3152 4315 3207 4359 ut
3258 4323 3362 4360 non
3411 4309 3695 4364 aberretur
3734 4325 3763 4363 a

2185 4406 2333 4446 vero.
2368 4391 2575 4446 Cuncta
2612 4409 2847 4462 namque
2895 4394 3164 4449 deteriora
3225 4400 3479 4468 tiCiliCt’ps
3536 4402 3586 4453 in
3642 4417 3762 4455 eam

2184 4484 2480 4552 quadrant.
2552 4482 2840 4538 Pr:r5laret
2902 4500 3020 4538 eam
3075 4489 3324 4543 inccndio
3384 4503 3761 4560 consumptam

501 4579 774 4647 κουμένης
804 4577 854 4628 οί
890 4575 1095 4643 ταύτην
1124 4573 1680 4643 ἐκπολιορκήσαντες,
1706 4575 1797 4626 καὶ
1829 4574 2076 4637 είκότως.
2118 4589 2159 4642 ι)
2185 4590 2272 4629 ess

1992 4592 2076 4637 υς.
2118 4589 2159 4642 ι)
2185 4590 2328 4635 esse,
2366 4586 2460 4629 aut
2494 4577 2849 4631 inundatione
2878 4593 3145 4645 aquarum
3170 4584 3469 4649 abreptam,
3506 4593 3598 4635 ant
3653 4594 3763 4638 ter-

507 4667 609 4721 ‘llv
641 4668 749 4736 γὰρ
780 4666 947 4735 μόνην
974 4663 1041 4717 δι’
1063 4662 1257 4725 αἰῶνος
1282 4662 1516 4732 ἡγοῦντο
1544 4662 1815 4715 ἀνάλωτον
1838 4661 2077 4727 ἔσεσθαι,

502 4761 575 4822 ὡς
618 4755 919 4828 κρείττωῆ
972 4755 1114 4807 κατὰ
1158 4754 1256 4816 τὰς
1292 4756 1348 4805 ἐν
1397 4756 1465 4821 γῇ
1509 4753 1689 4815 πόλεις
1724 4754 1963 4817 ἁπάσας,
2016 4755 2081 4816 ἃς

506 4847 825 4919 ἀνθρωπίνη
874 4845 996 4915 χεὶρ
1045 4845 1292 4912 ἡγειρεν,
1341 4843 1389 4893 εί
1444 4841 1583 4911 αῦτη
1620 4845 1713 4894 νῦν
1749 4844 1931 4906 αὐτοῖς
1977 4844 2079 4913 ἤδη

508 4942 660 5012 παρὰ
718 4941 897 4993 πᾶσαν
948 4936 1139 4988 ἐλπίδα
1192 4935 1585 5004 πεπόρθηται,
1642 4934 1691 4985 τί
1738 4934 1923 4988 λοιπον
1974 4937 2083 4989 τῶν

511 5038 730 5088 πάντων
764 5032 1123 5092 ἁνὲλπιστονς
1176 5027 1340 5079 Ὅθεν
1389 5026 1483 5079 καὶ
1521 5026 1660 5095 μέγα
1687 5026 1829 5078 κατὰ
1863 5027 2082 5081 πάντων

514 5125 793 5198 φρονοῦσι,
829 5122 922 5176 καὶ
954 5120 1091 5188 μετὰ
1116 5120 1464 5193 φρονήματος
1520 5120 1755 5186 μεγάλου
1789 5119 1880 5170 καὶ
1914 5121 2085 5187 φορᾶς

508 5215 837 5274 ἀνυποίστου
870 5213 1039 5265 πᾶσιν
1092 5212 1327 5262 ἐπίασιν.
1372 5210 1433 5261 'll
1483 5210 1685 5279 ταύτης
1738 5211 2085 5273 κατάπτωσις

507 5310 565 5362 τὸ
602 5307 819 5361 πάντων
851 5302 1228 5371 καταϐἑεληκε
1265 5301 1539 5371 φρόνημα·
1580 5304 1669 5353 καὶ
1700 5303 1829 5372 περὶ
1874 5303 2085 5354 ἑαυτῶν

513 5396 957 5454 λοιπὸννδεδίασι
1011 5395 1234 5456 πάντες.
1285 5392 1482 5444 Οὐκέτι
1539 5392 1712 5455 οὖδεὲς
1766 5396 1830 5463 τῇ
1894 5395 2084 5446 ἑαυτοῦ

512 5489 797 5559 ἐλευθερία
832 5487 1049 5559 θαῤῥεῖ’
1092 5486 1291 5547 πάντες
1320 5483 1516 5549 αὐτοὺς
1554 5484 1967 5554 ἐπιδραμείσθαι
1997 5493 2087 5539 τὸν

514 5582 789 5655 βάρόαρον
823 5576 1215 5649 προσδοκῶσιν.
1253 5576 1418 5627 Ὅθεν
1469 5578 1563 5629 καὶ
1618 5577 1667 5628 oi
1724 5577 1821 5644 μὲν
1852 5578 1926 5646 τῷ
1979 5578 2088 5630 δέει

514 5674 716 5742 φόρους
741 5668 988 5722 τελοῦσιν
1018 5664 1188 5734 αὐτῷ,
1220 5665 1329 5718 οὐδ’
1354 5664 1496 5718 οὕτω
1526 5666 1666 5718 πάνυ
1697 5666 1921 5737 Οαρῤεἶν
1943 5668 2088 5736 ἔχη.

514 5782 623 5829 τες·
658 5764 707 5817 οἱ
750 5762 794 5815 δ’
822 5762 1031 5830 ἕτοιμοι
1066 5757 1226 5811 τοῦτο
1262 5760 1455 5823 ποιεῖν,
1514 5760 1563 5811 ει
1619 5761 1692 5829 μὴ
1738 5777 2091 5833 προαναρππ,

517 5856 689 5911 σθεῖεν
721 5855 818 5925 τῆς
848 5853 972 5922 γῆς.
1016 5852 1102 5913 Ὠς
1139 5849 1309 5920 πυρὸς
1340 5850 1544 5921 ῥύμην,
1581 5851 1713 5921 ὓλην
1758 5853 1956 5924 πολλὴν
1999 5855 2088 5906 καί

795 5950 1042 6011 ΡΑτιιοι.
1115 5947 1228 6005 Gn.
1274 5946 1440 6007 CLX.

2179 4681 2258 4718 rae
2278 4675 2423 4718 motu
2458 4665 2605 4719 humi
2650 4678 2997 4734 prostratam,
3034 4688 3194 4739 quam
3237 4673 3414 4726 adhuc
3446 4684 3679 4739 exstare,
3713 4685 3767 4731 et

2185 4754 2237 4807 in
2266 4764 2406 4808 terra
2438 4758 2698 4824 conspici,
2732 4758 2998 4826 dignitate
3030 4776 3126 4814 sua
3156 4771 3209 4815 et
3243 4770 3585 4818 ornamentis
3637 4783 3763 4835 spo-

2188 4849 2391 4901 liatam.
2416 4846 2604 4916 Magna
2627 4850 2947 4905 Christiano
2978 4854 3185 4907 nomini
3226 4856 3521 4924 ignominia
3557 4875 3619 4912 ex
3647 4862 3765 4927 ejus

2185 4939 2480 4993 amissione
2502 4941 2720 5007 accidit,
2748 4955 2952 5011 quanto
2986 4947 3189 4999 scilicet
3224 4956 3384 5000 antea
3437 4951 3585 5005 salus
3643 4953 3764 5020 ejus

2189 5033 2383 5101 majori
2413 5033 2597 5102 gloria:
2632 5046 2770 5089 erat.
2809 5035 2925 5089 Non
2963 5037 3075 5105 jam
3109 5038 3380 5102 dubitant,
3436 5045 3527 5109 qui
3589 5045 3761 5112 ipsam

2185 5138 2654 5193 expugnaverunt.
2694 5132 2947 5181 intotqu
3002 5141 3267 5183 terrarum
3339 5134 3522 5186 orbem
3578 5152 3769 5189 excur-

2187 5218 2369 5272 siones
2384 5216 2562 5271 l'acere
2588 5234 2819 5286 eumque
2844 5220 3134 5287 subjicere.
3165 5225 3335 5288 Quam
3369 5227 3565 5279 etenim
3596 5232 3764 5283 solam

2188 5311 2241 5362 in
2267 5326 2424 5364 omne
2452 5312 2709 5364 s.eculurn
2748 5313 3001 5365 iuvit-tam
3033 5316 3445 5382 existimabant,
3478 5331 3532 5371 ut
3559 5322 3767 5375 ueteris

2190 5401 2241 5454 in
2285 5414 2424 5457 terra
2452 5405 2677 5457 urbibus
2713 5405 2945 5457 humana
2982 5422 3142 5459 manu
3182 5411 3475 5464 exstructis
3548 5415 3766 5479 prieceh

2188 5493 2387 5547 lentem
2423 5497 2694 5556 omnibus,
2748 5511 2870 5547 eum
2935 5496 3047 5549 haec
3100 5498 3210 5566 jam
3270 5501 3338 5554 ab
3386 5502 3519 5568 ipsis
3576 5515 3768 5571 preter

2190 5600 2403 5639 omnem
2434 5602 2583 5655 spem
2630 5599 2781 5655 capta
2830 5596 2883 5640 et
2932 5589 3138 5658 direpta
3194 5592 3283 5656 sit,
3328 5594 3459 5661 quid
3511 5595 3769 5667 deinceps

2192 5680 2434 5730 omnium
2467 5694 2524 5732 se
2557 5696 2659 5731 non
2695 5680 3021 5736 subacturos
3046 5700 3260 5751 sperent
3288 5687 3309 5739 ἶ)
3344 5685 3494 5740 Unde
3550 5706 3770 5758 quoque

2195 5785 2413 5837 magnos
2441 5782 2805 5838 C(HlCt'PCIUEll
2829 5774 3062 5838 animos,
3104 5776 3388 5845 minasque.
3415 5791 3599 5833 contra
3652 5784 3773 5835 uni-

2195 5876 2380 5913 vcrsos
2413 5860 2640 5929 spirant,
2672 5872 2723 5913 et
2759 5877 2948 5931 magna
2990 5868 3397 5935 contemptione
3425 5884 3612 5922 eorum
3671 5872 3774 5926 im-

3385 5959 3459 6018 at
