4484 6462
730 413 857 473 106³1

1904 406 2269 468 narrum
2314 406 2782 500 CAMARIOT/li

3869 403 3999 469 1068

722 535 955 594 petuqoc
988 523 1335 578 intolerando
1391 522 1616 593 quosvis
1646 522 1929 578 invadunt.
1966 522 2139 591 llnjus
2162 523 2311 591 prin-
2343 536 2386 591 Α
2420 542 2493 576 συ

2232 523 2311 577 ἰιι⁶
2343 536 2386 591 Α
2420 525 2703 593 συνηρεφῆ
2738 522 3095 593 νεμηθέντος,
3153 520 3327 586 οὕτως
3362 523 3484 576 οὑδέ
3514 521 3616 591 τὴν
3659 519 4003 591 βαρϐαρικὴν

721 616 857 682 cipis
890 617 1040 669 urbis
1070 614 1229 668 ruina
1256 615 1503 669 omnium
1537 614 1751 669 animos
1778 614 1978 683 deiecit
2011 625 2065 669 et
2098 614 2311 681 aﬂlixit,

722 724 781 765 ae
848 705 1075 776 proinde
1128 707 1228 761 sibi
1283 716 1535 760 metuunt
1586 721 1797 761 omnes.
1852 704 2023 760 Nemo
2080 707 2312 775 amplius

722 799 958 853 libertati
991 814 1105 854 sua:
1135 798 1387 861 confidit,
1419 797 1512 852 sed
1545 799 1730 852 cuncti
1759 813 1787 850 a
1817 798 2051 852 barbaro
2116 814 2175 853 se
2225 798 2311 852 in-

722 904 911 942 rasum
956 888 1023 942 iri
1060 897 1332 941 metuunt.
1370 886 1505 939 llinc
1540 888 1598 941 fit
1632 897 1687 940 ut
1719 886 1915 956 partim
1970 903 2161 941 eorum
2217 888 2312 941 tri—

722 983 911 1033 Initum
948 981 997 1034 ei
1033 977 1291 1049 pendant,
1329 993 1435 1047 qua
1477 994 1545 1033 ne
1577 979 1691 1047 ipsa
1728 968 1949 1048 quidem
1983 994 2038 1031 re
2073 994 2132 1033 se
2162 986 2310 1033 tutos

722 1086 1012 1125 mansuros
1070 1071 1389 1136 confidunt;
1454 1071 1545 1125 alii
1616 1086 1743 1126 vero
1805 1072 1908 1124 hoc
1964 1079 2133 1140 parati
2185 1080 2313 1123 sunt

722 1165 919 1227 facere,
951 1162 1055 1217 nisi
1085 1170 1209 1217 ante
1245 1163 1515 1230 oppressi,
1545 1162 1611 1217 de
1664 1172 1807 1217 terra
1862 1162 2023 1216 deleti
2089 1163 2311 1217 fuerint.

719 1256 873 1311 Sicut
906 1255 1053 1310 enim
1090 1255 1233 1323 ignis
1266 1255 1520 1309 violentia
1550 1256 1752 1324 passim
1781 1255 1845 1308 ad
1901 1269 2119 1309 omnem
2176 1270 2309 1309 con-

719 1359 921 1416 gestam
955 1347 1281 1411 obviamqne
1310 1346 1593 1400 materiam
1636 1357 1940 1414 grassatur.
1973 1348 2043 1400 ita
2073 1346 2315 1400 barbari-

717 1458 840 1496 cum
909 1443 962 1495 iu
1014 1456 1209 1494 omnes
1264 1441 1530 1509 impetum
1585 1455 1749 1493 nemo
1801 1440 2061 1493 cohibere
2110 1448 2308 1508 potest.

719 1536 946 1602 Semper
985 1532 1050 1587 ad
1080 1532 1288 1601 majora
1320 1529 1586 1586 barbarus
1640 1531 2001 1599 cogitationes
2055 1530 2311 1593 intendit,

716 1625 1069 1691 cupiditatem
1103 1638 1260 1677 suam
1286 1624 1351 1676 ad
1383 1631 1622 1676 extrema
1658 1639 1833 1692 usque
1856 1632 2014 1676 terra!
2042 1621 2310 1687 extendit,

716 1723 769 1767 et.
800 1729 910 1783 quo
944 1717 1123 1766 minus
1162 1713 1216 1766 in
1254 1727 1444 1766 omnes
1476 1726 1621 1767 cmco
1652 1713 1855 1781 impetu
1892 1713 2155 1770 incurrat.
2205 1721 2312 1764 ter-

718 1809 865 1860 mino
897 1814 1108 1857 retatur
1141 1803 1315 1856 nullo.
1350 1804 1430 1856 Ab
1461 1803 1628 1857 altera
1662 1812 1835 1871 parte,
1871 1814 2016 1857 metu
2047 1802 2309 1872 prostrati

2422 616 2565 669 κατά
2612 618 2834 669 πάντων
2883 614 3073 682 ἔφοδον
3125 615 3186 667 οὗ
3235 614 3458 667 δύναται
3504 612 3683 673 οὐδεὶς
3732 612 4002 678 ἐπισχεῖν.

2430 706 2542 758 Ἀεὶ
2575 706 2793 774 μείζοσι
2829 704 3103 775 βάρϐαρος
3155 705 3420 771 ἐγχειρεῖ,
3448 704 3542 755 καὶ
3573 703 3673 763 τὴν
3702 701 4002 769 ἐπιθυμίη

2419 794 2501 856 είς
2541 796 2608 847 τά
2636 795 2738 860 γῆς
2775 794 2985 863 πέρατα
3022 793 3362 860 παρατείνειο
3396 794 3490 847 καὶ
3520 794 3647 862 ὅρος
3685 792 3836 860 αὐτῷ
3882 792 4008 853 τοὺς

2417 888 2510 939 ἐπὶ
2541 887 2618 955 τῷ
2666 888 2841 941 πάντα
2881 887 3240 955 κατατρέχειν
3284 888 3480 949 οὐδείς.
3527 886 3736 948 Πάντες
3776 884 3833 937 δὲ
3867 900 4004 936 κῖιτ-

2417 979 2691 1048 επτήχασι
2736 995 2750 1009 '
2796 980 2891 1031 καὶ
2917 979 3012 1032 τοῦ
3040 978 3162 1031 καθ’
3195 979 3390 1033 ἑαυτὸν
3419 977 3726 1048 φροντίζων
3750 976 4007 1041 ἕκαστος,

2419 1069 2695 1138 κάθηνται
2760 1070 2819 1121 τὸ
2864 1069 3060 1139 μέλλον
3109 1067 3581 1130 ἀποσκοποῦντες,
3636 1068 3755 1123 δίον
3802 1068 4004 1139 ὁρμᾷν,

2422 1161 2680 1233 σύστημα
2707 1164 3037 1230 γενομένους
3076 1163 3154 1225 ἓν,
3198 1161 3363 1215 αὑτὸν
3411 1165 3566 1232 κοινῇ
3608 1163 3818 1224 πάντας
3866 1161 4011 1227 ἀμύσ

2418 1256 2640 1319 νασίλαι,
2670 1258 2765 1309 καὶ
2813 1256 2974 1323 δίκην
3018 1256 3151 1326 παρ’
3189 1256 3356 1310 αἰτοῦ
3388 1255 3603 1317 λαϐεῖν,
3630 1250 3706 1308 ὧν
3762 1256 3841 1315 εἰς
3867 1250 4009 1322 Χρι-

2420 1348 2677 1412 στιανοὺς
2725 1348 2823 1401 καὶ
2867 1349 2928 1401 τὸ
2976 1348 3220 1419 Χριστοῦ
3268 1349 3465 1417 ὄνομα,
3506 1348 3617 1401 ’καὶ
3671 1345 3862 1416 ὕϐριζε
3916 1343 4011 1395 καὶ

2420 1442 2663 1511 ὑϐρίζων
2715 1441 3066 1511 καθεκάστην
3104 1442 3165 1495 οὐ
3222 1440 3483 1495 παύεται.
3538 1438 3705 1493 Ἀλλά
3736 1436 3896 1490 τοῦτό
3946 1453 4009 1502 γι

2418 1534 2530 1585 οὔτ’
2567 1532 2800 1601 ἐμέλησέ
2832 1550 2919 1585 πω
2948 1532 3146 1597 οὐδενὶ,
3184 1531 3308 1583 οὕτε
3341 1531 3589 1599 μελήσει,
3633 1528 3772 1597 πλὴν
3803 1530 3851 1579 εί
3876 1527 4011 1587 Θεὸς

2419 1622 2656 1691 Θελήσει.
2689 1623 2858 1687 ἀξίων
2889 1623 3191 1692 γινομένων
3232 1622 3413 1690 ἡμῶν.
3445 1624 3555 1676 Καὶ
3585 1622 3820 1681 ἕκαστος
3853 1617 4012 1671 τοῦτο

2419 1714 2874 1783 παρακερδαίνει,
2926 1714 2987 1767 τὸ
3041 1716 3156 1775 τοῖς
3223 1713 3417 1776 δεινοῖς
3468 1712 3698 1783 ὕστερος
3755 1709 4010 1781 ἡγεῖσθαι

2417 1806 2908 1876 ταμιευοήσεσθαι,
2959 1804 3250 1870 ἐξαπατῶν
3296 1806 3492 1860 ἑαυτὸν
3540 1808 3608 1876 τῇ
3670 1803 4008 1873 ἰδιοπραγίᾳ,

717 1907 845 1951 sunt
872 1911 1089 1960 omnes,
1122 1907 1176 1949 et
1209 1910 1307 1964 pro
1349 1911 1407 1950 se
1444 1896 1681 1963 quisque
1713 1894 1958 1960 solliciti,
2020 1904 2309 1964 exspecta-
2342 1889 2383 1947 Β
2415 1916 2488 1953 κα

2239 1910 2309 1949 ναο
2342 1889 2383 1947 Β
2415 1900 2511 1953 καὶ
2556 1901 2620 1969 τῇ
2658 1898 2906 1969 ἀπωλείᾳ
2936 1899 3044 1951 τῶν
3076 1898 3273 1963 ἄλλων,
3328 1899 3360 1969 ἦ
3403 1898 3501 1952 καὶ
3533 1898 3613 1969 τῷ
3645 1899 3721 1968 μὴ
3761 1898 3827 1952 ἂν
3857 1898 4010 1966 ἥξειν

717 1992 863 2047 tione
896 1991 1092 2053 futuri,
1126 2004 1365 2060 quonam
1400 2004 1488 2043 res
1521 2002 1770 2042 evasura:
1789 1988 1919 2048 sint,
1990 1988 2311 2058 languentes

720 2091 962 2146 cessant,
991 2097 1114 2135 cum
1143 2092 1335 2137 contra
1372 2091 1651 2151 oporteret
1688 2082 1740 2133 in
1770 2095 1937 2133 unum
1990 2080 2312 2149 conspirare

717 2175 1024 2238 universos,
1048 2174 1549 2243 communilmsque
1583 2173 1777 2242 opibus
1812 2181 1867 2226 et
1898 2172 2066 2225 armis
2096 2172 2309 2225 hostem

715 2268 1026 2337 popnlsare,
1067 2280 1130 2321 ac
1161 2282 1352 2336 pinnas
1386 2266 1655 2321 scelerum
1688 2281 1810 2335 qua:
1840 2256 1892 2319 in
1958 2263 2308 2319 Christianos

712 2359 1030 2429 Christique
1086 2374 1281 2411 nomen
1338 2358 1735 2412 contumeliose
1769 2367 1820 2412 et
1872 2355 2203 2426 perpetravit
2257 2362 2311 2407 et

713 2454 960 2523 quotidie
990 2461 1305 2521 perpetrare
1334 2465 1440 2505 non
1468 2451 1700 2513 desistit.
1736 2450 1801 2504 de
1826 2450 1920 2504 illo
1937 2464 2174 2503 sumere.
2202 2446 2309 2502 Sed

716 2553 820 2601 hoc
865 2546 1071 2600 nemini
1130 2560 1275 2599 nunc
1313 2559 1459 2597 cura:
1501 2552 1603 2607 est,
1637 2557 1812 2612 neque
1864 2540 2095 2611 posthac
2141 2540 2307 2594 etiam

714 2653 859 2690 ruvze
885 2637 1010 2702 erit,
1038 2636 1140 2689 nisi
1177 2634 1555 2704 tum,quamlo
1589 2632 1733 2689 Deus
1764 2632 2104 2699 roleguobis
2133 2630 2311 2699 dignis

714 2729 893 2785 factis.
929 2729 1141 2799 Singuli
1174 2742 1322 2791 vero,
1362 2742 1421 2781 se
1479 2735 1788 2795 postremos
1844 2724 1911 2777 ad
1971 2724 2309 2778 calamitates

714 2828 1053 2876 reservatum
1092 2820 1155 2873 iri
1188 2828 1468 2889 putantes,
1494 2817 1868 2871 maleintcrea
1903 2816 2005 2870 hoc
2062 2830 2230 2869 morte
2253 2814 2308 2867 in

712 2915 867 2968 lucro
898 2920 1133 2982 ponunt.
1168 2908 1273 2965 Ubi
1303 2918 1451 2964 certe
1480 2909 1694 2977 scipsos
1720 2909 2023 2977 decipiunt,
2080 2921 2307 2985 suarum

714 3018 896 3057 rerum
927 3003 1130 3064 studio,
1160 3010 1218 3055 ut
1247 2999 1599 3071 negligentia,
1635 3000 1758 3053 aliis
1809 2998 2017 3053 interea
2078 3012 2311 3063 pereun-

714 3100 881 3165 tibus,
912 3096 1150 3152 autdum
1185 3110 1467 3165 nunquam
1497 3094 1563 3148 ad
1591 3109 1649 3149 se
1682 3105 1909 3156 ventura
1939 3092 2139 3147 similia
2166 3093 2305 3146 mala

714 3202 926 3261 putant,
959 3201 1055 3244 aut
1086 3200 1214 3244 tunc
1260 3188 1482 3243 demum
1540 3202 1598 3241 se
1644 3202 1796 3240 arma
1834 3196 1889 3241 et
1928 3185 2304 3241 defensionem

2424 1991 2555 2044 ποτέ
2588 1992 2684 2044 καὶ
2718 1993 2798 2054 εἰς
2833 1992 2997 2044 αὑτὸν
3051 1990 3261 2045 οἴεσθαι
3302 1991 3372 2045 τὰ
3434 1991 3587 2044 δεινά
3613 2007 3627 2024 θ
3677 1991 3710 2060 ἢ
3742 1988 3865 2044 τότε
3897 1990 4014 2044 δια-

2423 2084 2718 2151 νοούμενος
2752 2083 3104 2153 διεγεροῆναί
3154 2101 3212 2136 τε
3263 2084 3356 2136 καὶ
3408 2082 3747 2151 ἀμύνασθαι,
3794 2085 3882 2138 ὅτε
3913 2081 4013 2139 καὶ

2422 2173 2511 2228 ἐπ’
2542 2175 2704 2227 αὑτὸν
2736 2176 2763 2227 ὁ
2798 2175 3069 2245 βάρϐαρος
3114 2175 3191 2245 ίῃθ
3241 2175 3373 2244 πρὶν
3418 2175 3473 2227 δὲ
3522 2174 3679 2228 τοῦτο
3725 2174 4005 2243 γενέσθα,

2423 2270 2547 2336 μηδ’
2584 2268 2651 2322 ἂν
2699 2268 2753 2320 ετ
2792 2287 2845 2322 τι
2886 2271 2979 2322 καὶ
3031 2270 3240 2337 γένοιτό
3317 2288 3447 2323 ποτε
3496 2270 4009 2341 διεγεροησόμενδς·

2420 2362 2538 2415 οὐδὲ
2567 2361 2761 2413 τοῦτον
2793 2361 2925 2428 γοῦν
2954 2362 3169 2424 οὐδενὸς
3197 2362 3577 2432 λογιζομένου,
3620 2365 3694 2435 μὴ
3726 2382 4012 2438 προαναρ-

2422 2454 2702 2524 πασοῆναι
2742 2454 2975 2522 φθάσαι,
3007 2456 3148 2524 πρίν»
3164 2472 3287 2509 τινα
3320 2456 3509 2525 σχεδὸν
3538 2457 3725 2511 λαϐεῖν
3755 2458 4014 2527 αἴσθησιν

2420 2546 2528 2599 τῶν
2552 2546 2769 2599 δεινῶν.
2806 2548 2978 2601 Τοῦτο
3006 2548 3051 2601 δ’
3081 2546 3335 2613 ἑκάστοις
3359 2554 3505 2603 ποιεῖ
3528 2552 3559 2621 ἦ
3584 2568 3641 2604 τε
3676 2551 3811 2622 άλλη
3836 2553 4012 2617 πᾶσα,

2420 2632 2452 2713 ᾖ
2493 2640 2759 2704 συζῶσιν,
2800 2640 3125 2710 ἀϐελτηρία,
3188 2642 3282 2693 καὶ
3324 2640 3385 2693 ἰδ
3438 2643 3507 2695 δι’
3557 2642 3727 2712 αὐτὴν
3757 2644 3859 2713 τὴν
3902 2644 4015 2696 τῶν

2404 2730 2634 2783 ’πολλῶν
2670 2730 2894 2801 ἀγάπην
2950 2732 3216 2801 ψυγῆναι,
3270 2734 3366 2786 καὶ
3410 2733 3735 2803 ἐξαφανίσαι
3776 2739 3871 2791 τὸν
3915 2738 4010 2793 ἐπὶ

2418 2822 2517 2891 τῆς
2551 2825 2790 2887 πίστεως
2830 2826 3013 2894 ζῆλον.
3055 2826 3116 2879 Ei
3145 2825 3189 2878 δ’
3221 2826 3475 2893 ἕκαστος,
3526 2830 4008 2901 ἀποστρεφόμενος

2417 2919 2485 2973 τὰ
2520 2920 2735 2984 πονηρά
2766 2916 2924 2986 ἔργα,
2966 2918 3044 2970 τά
3082 2918 3194 2972 τῶν
3234 2918 3582 2985 Χριστιανῶν
3614 2920 3850 2974 ἑκάστου
3899 2922 4008 2975 ὑπὸ

2417 3012 2526 3064 τῶν
2552 3010 2766 3064 ἀσεϐῶν
2819 3010 2968 3079 πάθη
3030 3011 3139 3064 ῐδια
3193 3012 3498 3079 ἐλογίζετο,
3550 3013 3647 3067 καὶ
3677 3013 3840 3083 ζῆλον
3865 3015 4009 3083 ὑπὲρ

2416 3103 2512 3155 τοῦ
2557 3101 2798 3170 Χριστοῦ
2852 3102 3121 3170 ὀνόματος
3176 3105 3523 3173 ἀνελάμϐανε
3580 3108 3885 3177 πρέποντα,
3937 3107 4012 3177 μὴ

2418 3195 2555 3249 ἄλλα
2581 3195 2763 3258 ἀλλοις
2796 3195 3071 3261 ἐγκαλῶν,
3104 3190 3185 3259 οἷς
3213 3196 3272 3249 οὐ
3308 3184 3584 3266 Θέμις-ὀύ
3622 3200 3784 3265 μόνον
3818 3200 3918 3253 οὐκ
3946 3200 4011 3253 ἂν

710 3296 1072 3356 διεεοεριιιτοδ
1136 3284 1402 3355 cogitant,
1438 3282 1658 3351 quando
1691 3282 1744 3335 in
1781 3282 1928 3348 ipsos
1961 3280 2124 3335 etiam
2176 3280 2304 3333 bar-
2335 3277 2380 3339 C
2415 3287 2479 3338 αὑ

2239 3297 2304 3333 ιῐ·
2335 3277 2380 3339 C
2415 3287 2568 3339 αὐτοὶ
2597 3286 2691 3339 τὸν
2730 3286 3010 3356 βάρϐαρον
3070 3288 3371 3353 ἐδεδίεσαν,
3426 3288 3549 3341 ἀλλ’
3596 3290 3709 3343 οὐδ’
3744 3291 3814 3344 ἂν
3850 3293 4010 3361 ἡμεῖς

709 3382 875 3435 Ιιοι-ιιε
913 3378 1176 3434 inraserit
1212 3377 1577 3447 ;priusquam
1613 3390 1741 3430 vero
1770 3375 1873 3428 hoc
1897 3373 2011 3439 fiat,
2068 3388 2127 3427 se
2164 3390 2305 3427 nun-

707 3489 896 3541 quam,
933 3472 1199 3543 quidquid
1257 3471 1420 3525 etiam
1454 3468 1568 3533 fiat,
1598 3476 1948 3523 surrecturos
1980 3467 2309 3521 vindictam-

706 3582 813 3634 que
844 3576 1157 3635 paraturos.
1216 3562 1328 3617 Nec
1366 3564 1584 3617 interim
1624 3562 1729 3615 hoc
1762 3561 1958 3615 saltem
2010 3560 2305 3630 quisquam

705 3659 931 3725 cogitat,
966 3658 1066 3712 sibi
1091 3661 1399 3713 cavendum
1464 3670 1608 3718 esse,
1669 3668 1737 3708 ne
1790 3662 1913 3708 ante
1968 3654 2308 3723 Opprimatur

705 3767 867 3817 quam
905 3751 1016 3805 fere
1058 3750 1226 3804 ullum
1270 3763 1492 3804 sensum
1554 3748 1735 3818 capiat
1793 3747 2071 3802 interitus.
2126 3746 2307 3802 Causa

707 3847 868 3915 taujus
898 3846 1023 3898 mali
1058 3855 1139 3898 est
1171 3859 1297 3899 cum
1336 3843 1545 3911 reliqua
1582 3841 1785 3907 omnis,
1815 3857 1938 3895 cum
1977 3856 2085 3911 qua
2116 3850 2309 3896 Conse-

704 3947 960 4003 nescunl,
996 3938 1271 3992 stolidilas
1303 3946 1357 3990 et
1389 3935 1669 3998 socordia,
1734 3944 1847 3987 tum
1886 3935 2029 4003 quod
2054 3935 2179 3988 hinc
2197 3935 2309 4004 ple-

705 4045 1002 4098 roremque
1032 4029 1198 4084 etiam
1231 4027 1475 4082 charitas
1502 4024 1738 4088 refrixit,
1768 4038 1821 4078 et
1853 4026 2131 4095 religionis
2160 4026 2309 4080 zelus

700 4123 957 4174 t‘\(tl('\’ll.
986 4122 1141 4187 Quod
1180 4118 1226 4173 si
1271 4119 1679 4187 unusquisque,
1743 4118 1988 4185 improba
2050 4116 2190 4170 facta
2256 4125 2310 4172 et

700 4216 904 4269 scclcl‘a
938 4216 1268 4278 detestatus,
1312 4215 1452 4267 mala
1508 4213 1711 4277 quibus
1774 4212 1976 4280 singuli
2031 4210 2309 4266 Christia-

700 4321 893 4358 norum
925 4306 993 4360 ab
1024 4304 1189 4375 impia
1221 4314 1380 4374 gente
1413 4303 1751 4367 aliiciuntur,
1777 4319 1874 4359 sua
1909 4304 2306 4367 existimasset,

696 4398 1213 4467 mmulationemque
1241 4411 1339 4467 pro
1360 4397 1559 4451 Christi
1596 4397 1818 4450 nomine
1847 4412 1906 4452 se
1937 4396 2158 4466 dignam
2190 4408 2310 4449 sus-

696 4492 959 4560 cepisset,
1013 4506 1124 4545 non
1152 4500 1336 4545 autem
1357 4490 1588 4544 crimina
1623 4490 1729 4544 alia
1763 4489 1885 4543 aliis
1918 4486 2309 4557 indigncobje-

696 4586 884 4651 cisset,
921 4600 1027 4639 non
1067 4594 1281 4639 tantum
1314 4585 1415 4655 ipsi
1475 4584 1765 4639 barbarum
1798 4599 1941 4637 nunc
1973 4598 2081 4649 non
2134 4582 2308 4637 refor-

2413 3394 2476 3444 γε
2501 3377 2811 3448 τηλικαύτῃ
2844 3380 3396 3449 περιεπεπτώκειμεν
3420 3383 3699 3451 συμφορᾷ,
3738 3384 3831 3436 καὶ
3856 3382 4011 3451 δίκην

2412 3471 2511 3538 τὴν
2563 3469 2723 3533 ἀξίαν
2784 3470 2952 3525 πάλαι
3004 3472 3072 3523 ἂν
3102 3472 3130 3523 ὁ
3163 3470 3443 3541 βάρϐαρος
3495 3472 3771 3529 ἐδεδώκει.
3811 3474 3925 3527 Νῦν
3957 3474 4012 3528 δέ

2411 3562 2500 3615 διὰ
2531 3562 2591 3614 τὸ
2629 3562 2834 3633 μηδένα
2873 3561 2967 3615 τοῦ
3010 3563 3389 3633 προσήκοντος
3435 3562 3690 3631 ἐθελῆσαι
3732 3566 4010 3633 γενέσθαι,

2414 3654 2510 3705 καὶ
2541 3637 2640 3724 τὴν
2673 3654 2824 3707 θείαν
2859 3655 3257 3721 ἐγκαταλιπεῖν
3290 3657 3443 3725 ἡμᾶς
3468 3658 3750 3726 πρόνοιαν,
3783 3656 4012 3721 ἑκόντας

2413 3748 2940 3818 ἀποσχοινισθέντας
2990 3748 3183 3818 αὐτῆς,
3218 3750 3313 3802 ἐπὶ
3345 3751 3547 3820 πολλῆς
3587 3768 3646 3804 τε
3699 3754 3794 3807 τοῦ
3827 3754 4009 3808 κωλύ-

2415 3857 2603 3903 σοντος
2640 3839 2900 3909 ἐρημίας,
2930 3840 2962 3909 ἢ
2998 3839 3093 3892 καὶ
3118 3840 3255 3903 ὅλως
3282 3840 3375 3894 τοῦ
3410 3843 3780 3913 ἀμυνομένου,
3822 3847 3922 3916 τήν
3954 3863 4011 3899 τι

2416 3934 2571 3987 πόλιν
2604 3933 2762 4002 ἡμῶν
2797 3931 2906 4003 (εἴη
2958 3933 3016 3985 δὲ
3077 3934 3170 3986 καὶ
3216 3935 3405 4005 κοινὴν
3463 3939 3698 4006 πατρίδα
3734 3939 3845 3992 τῶν
3873 3940 4010 4010 Χρι-

2416 4025 2652 4080 στιανῶν
2686 4026 2946 4079 ἀπάντων
2976 4026 3174 4096 εἰπεῖν)
3199 4028 3226 4079 ὁ
3258 4026 3535 4099 βάρϐαρος
3566 4032 4007 4101 κατεστρέψατο,

2414 4121 2563 4189 ἡμᾶς
2609 4135 2667 4169 τε
2727 4117 3245 4186 ἐξηνδραποδίσατο,
3306 4122 3400 4173 καὶ
3455 4123 3631 4174 πάντα
3685 4123 3904 4193 διέθηκε
3945 4127 4012 4177 τά

2414 4212 2719 4277 δεινότατα,
2754 4211 2850 4262 καὶ
2884 4211 3240 4284 τοῖςγλοιποῖς
3298 4216 3435 4283 μετὰ
3494 4214 3694 4268 πολλοῦ
3741 4217 3835 4269 τοῦ
3884 4218 4010 4289 θρά-

2415 4321 2544 4367 σους
2575 4302 2668 4355 καὶ
2704 4302 2949 4371 μεγάλου
2983 4303 3304 4372 ἐπέρχεται.
3337 4305 3435 4358 Διά
3467 4309 3642 4359 ταῦτα
3686 4310 3779 4361 καὶ
3824 4310 4010 4379 ὀδύρο-

2417 4415 2539 4466 μαι,
2576 4397 2671 4449 καὶ
2702 4394 2928 4466 δακρύω
2963 4434 2977 4458 ,
3029 4401 3123 4448 καὶ
3157 4395 3252 4449 τοῦ
3300 4397 3561 4468 δακρύειν
3606 4400 3665 4452 οὐ
3705 4401 4012 4471 παύσομαι,

2413 4490 2517 4553 ἕως
2548 4488 2615 4543 ἂν
2640 4489 2739 4559 τὴν
2769 4487 3125 4553 τῶν,άσεϐῶν
3152 4489 3293 4542 κατά
3322 4490 3673 4561 Χριστιανῶν
3707 4494 4012 4564 εὐημερίαν

2414 4584 2549 4654 ὁρῶ.

697 4683 991 4745 nudarent,
1032 4683 1127 4737 sed
1161 4697 1229 4735 ne
1261 4697 1363 4736 nos
1392 4680 1611 4750 quidem
1640 4681 1750 4749 jam
1786 4681 1837 4732 in
1874 4688 2077 4733 tantam
2133 4678 2521 4735 incidissemus
2562 4680 2951 4746 calamitatem,
2984 4692 3177 4749 poenas
3228 4687 3407 4732 autem
3458 4678 3783 4747 jamdudum
3840 4679 4011 4736 hostis

696 4794 751 4832 se
785 4776 1265 4848 dignasdedisset.
1292 4775 1453 4829 Nunc
1481 4790 1636 4839 vero,
1666 4776 1927 4845 quoniam
1958 4788 2116 4828 uento
2147 4773 2316 4829 voluit
2355 4771 2594 4828 oﬂicium
2628 4773 2831 4836 facere,
2896 4773 3204 4842 divinaeque
3273 4787 3374 4827 nos
3424 4773 3780 4839 providentia:
3842 4778 4012 4831 desti-

698 4876 793 4926 tuti
831 4873 1035 4926 luimus
1085 4885 1212 4939 ope,
1246 4871 1374 4924 dum
1406 4880 1593 4926 nostra
1620 4871 1778 4941 culpa
1814 4871 1957 4925 ultro
1991 4885 2093 4925 nos
2127 4870 2195 4924 ab
2222 4885 2286 4925 ea
2349 4872 2686 4927 exclusimus
2719 4889 2733 4924 :
2767 4869 3029 4937 quoniam
3052 4870 3177 4923 item
3208 4884 3401 4938 magna
3453 4870 3857 4938 prohibentium
3916 4872 4010 4928 ho.

693 4983 855 5033 stem,
890 4977 983 5022 aut
1047 4968 1239 5022 saltem
1301 4966 1703 5029 resistentium,
1766 4966 1995 5036 penuria
2054 4967 2287 5031 exstitit,
2331 4966 2535 5022 factum
2570 4975 2673 5032 cst,
2712 4972 2851 5020 utet
2881 4965 3073 5019 urbem
3144 4971 3416 5029 nostram,
3470 4965 3581 5020 imo
3660 4983 4010 5023 communem

694 5068 1080 5120 universorttllt
1158 5061 1606 5116 Christianorum
1687 5061 1947 5130 patriam,
2031 5061 2301 5117 barbarus
2341 5060 2619 5125 everterit,
2695 5059 2987 5127 omnisque
3052 5056 3270 5129 generis
3317 5060 3587 5112 horrenda
3649 5062 3900 5131 exempla
3957 5064 4009 5117 in

694 5179 794 5218 nos
821 5161 1057 5217 ediderit
1091 5168 1305 5227 captos,
1343 5168 1395 5212 et
1424 5160 1473 5211 in
1501 5164 1732 5210 exteros
1786 5169 1982 5225 magna
2049 5153 2279 5207 audacia
2321 5154 2587 5211 effrenate
2618 5150 2861 5205 invadat.
2898 5148 2993 5204 His
3062 5150 3127 5202 de
3212 5148 3401 5202 causis
3462 5163 3563 5219 ego
3623 5151 3899 5223 lacrymor
3958 5162 4011 5209 et

692 5262 869 5333 ploro,
904 5276 1001 5315 nec
1032 5254 1371 5327 lacrymandi
1408 5253 1571 5307 ﬁnem
1616 5250 1833 5317 faciam,
1895 5249 2140 5320 quandiu
2195 5249 2487 5319 impiorum
2513 5245 2700 5303 felices
2729 5253 2922 5301 contra
2944 5242 3295 5301 Christianos
3328 5260 3620 5301 successus
3649 5239 3863 5300 videon

764 5362 1009 5426 Augetur
1044 5354 1211 5407 etiam
1243 5366 1396 5404 meus
1422 5347 1579 5404 dolor
1613 5363 1679 5403 ex
1712 5362 1777 5401 eo
1802 5345 1951 5416 quod
2008 5345 2155 5399 circa
2209 5344 2305 5398 do-
2337 5346 2384 5403 D
2499 5341 2535 5393 'l

2247 5360 2305 5398 ο-
2337 5346 2384 5403 D
2499 5339 2797 5393 Ἐπιτείνει
2819 5338 2876 5392 δέ
2905 5356 2999 5409 μοι
3027 5338 3089 5392 τὸ
3113 5336 3287 5402 πάθος
3314 5340 3407 5392 καὶ
3436 5338 3495 5391 τὸ
3517 5338 3612 5391 ἐπὶ
3643 5341 3753 5401 τοῖς
3785 5340 4010 5404 οἰκείοις

691 5454 952 5506 mesticos
985 5458 1036 5502 et
1073 5454 1339 5516 cognatos
1360 5459 1510 5499 meos
1542 5442 1747 5496 factum
1772 5450 1877 5495 est.
1912 5439 2126 5493 Etenim
2159 5438 2305 5493 alius

691 5549 885 5600 horum
918 5546 1045 5603 alio.
1090 5542 1279 5597 nescio
1307 5554 1417 5610 quo
1450 5548 1727 5592 terrarum
1779 5534 2008 5605 singuli,
2064 5532 2300 5602 dispersi

697 5650 834 5692 utut.
870 5638 1127 5692 Nonnulli
1160 5650 1403 5705 quoque,
1441 5649 1565 5687 vera
1598 5632 1868 5701 religione
1903 5633 2195 5697 abnegata,
2229 5627 2296 5681 ad

688 5733 1021 5801 impietatem
1046 5726 1381 5783 defer-erunt.
1400 5727 1474 5780 Ac
1506 5726 1571 5779 de
1589 5736 1914 5779 cae-tororum
1942 5722 2159 5791 quidem
2184 5735 2303 5774 om-

686 5828 838 5878 nium
874 5823 1092 5876 fortuna
1155 5820 1613 5888 singulorumque
1671 5818 1851 5872 dicere
1888 5831 1994 5869 non
2022 5829 2244 5882 possum
2281 5830 2293 5868 :

683 5917 776 5973 sed
808 5916 1126 5978 dequatuor
1152 5914 1340 5967 fratris
1365 5911 1469 5967 inci
1495 5911 1638 5975 Iiliis,
1674 5924 1797 5963 cum
1827 5918 1933 5962 tres
1964 5904 2071 5975 (hei
2100 5903 2232 5958 mihi
2259 5904 2297 5969 ί)

2409 5436 2501 5491 καὶ
2534 5434 2826 5504 συγγενέσι
2874 5434 3269 5504 γεγενημένον.
3326 5433 3523 5497 Ἀλλος
3558 5434 3664 5502 γὰρ
3712 5433 3873 5505 ἄλλῃ,
3913 5436 4010 5486 οὐκ

2410 5525 2505 5582 οἷδ’
2541 5531 2647 5600 ὅπη
2691 5525 2818 5596 γῆς,
2856 5525 3236 5597 διεσπάρησαν
3276 5525 3532 5589 ἕκαστος.
3576 5526 3637 5578 Οἱ
3673 5525 3729 5578 δὲ
3779 5526 3874 5579 καὶ
3909 5526 4011 5597 τὴν

2409 5621 2717 5693 ἀμώμητον
2756 5620 2941 5673 πίστιν
2967 5619 3236 5690 ἡμειψαν,
3280 5621 3371 5672 ἐπὶ
3403 5618 3504 5688 τὴν
3536 5618 3795 5671 ἀσέϐειαν
3846 5635 4012 5687 μετα-

2414 5715 2620 5779 Θέντες.
2655 5714 2761 5766 Καὶ
2790 5713 2915 5774 τοὺς
2955 5712 3055 5782 μὲν
3082 5712 3279 5770 ἄλλους
3318 5712 3568 5773 ἅπαντας
3622 5710 3747 5763 καθ’
3778 5712 4009 5763 ἕκαστον

2406 5807 2589 5874 λέγειν
2619 5807 2720 5857 οὐκ
2756 5803 2822 5856 ἂν
2857 5796 2969 5865 οἷός
3013 5819 3072 5853 τε
3114 5798 3202 5873 ἧν·
3242 5801 3357 5853 ἀλλ’
3392 5800 3692 5869 ἀδελφιδῶν
3735 5819 3829 5870 μοι
3881 5816 4008 5853 τεσ·

2408 5901 2615 5970 σάρων,
2653 5899 2762 5953 τῶν
2817 5898 3003 5967 τριῶν,
3060 5898 3195 5965 QEO!
3247 5897 3632 5966 μεταθεμένων
3666 5894 3855 5956 δεινῶς
3884 5938 3895 5954 ,
3934 5893 4007 5956 ’ᾧ
