4484 6462
491 412 622 474 10⁴39

1516 408 2006 468 LAMENTATIO
2039 404 2136 466 DE
2169 404 2386 465 CPOLI
2417 407 2673 468 CAPTA.

3615 409 3742 472 10το

487 528 689 596 σφόδρα
751 525 925 594 νεαρῷ
981 524 1078 594 τῆς
1121 523 1356 595 ἡλικίας,
1414 526 1509 578 καὶ
1558 526 1719 579 ἄλλου
1761 523 1896 594 ἄλλῃ
1929 525 2064 576 ἀπε·
2097 521 2223 580 Ain

1970 540 2064 575 πε-
2097 524 2137 580 Α
2171 521 2223 574 in
2258 522 2565 576 calamitate
2599 524 2754 578 fidem
2789 524 3168 578 adolescentia:
3193 524 3480 592 fragilitate
3518 526 3741 594 relique-

487 620 788 690 νεχθέντος,
826 619 977 688 μόλις
1003 613 1083 682 εἷς
1118 636 1208 686 μοι
1241 617 1669 687 περισέσωσται,
1701 618 1860 679 ὤνιος
1890 618 2062 686 ἀργυ-

490 715 647 780 ρίοις,
706 711 799 763 καὶ
853 709 1203 780 ταλαιπωρίᾳ
1239 710 1431 779 πολλῇ·
1474 709 1573 761 οὑκ
1611 709 1674 761 ἂν
1725 708 1856 768 ἴσως
1905 707 2064 759 τοῦτο

490 805 706 872 συμϐἀν
736 805 931 868 οὑτως,
965 804 1014 856 εί
1041 805 1066 857 ὁ
1094 803 1276 873 πατὴρ
1313 801 1413 871 μὲν
1442 802 1650 865 αὑτοῖς,
1675 803 1798 870 ἐμοὶ
1830 800 1884 853 δὲ
1906 801 2062 854 ἀδελ-

489 895 586 961 φὸς
619 897 838 964 περιῆν.
866 895 1015 964 Ταχὺ
1041 894 1150 963 γὰρ
1182 893 1248 946 ἂν
1276 894 1473 956 αὑτοὺς
1505 893 1851 960 ἀναζητήσας
1881 908 2065 960 περιε-

488 986 722 1047 σώσατο,
751 985 844 1039 τοῦ
873 986 1035 1038 πόνου
1069 1003 1160 1054 μοι
1193 985 1594 1054 συναράμενος.
1621 985 1734 1036 Νῦν
1761 983 1816 1035 δὲ
1839 984 1899 1035 τὸ
1924 983 2066 1036 ὲκεί-

486 1095 612 1140 νους
647 1079 744 1147 μὲν
777 1079 833 1143 ἐξ
859 1077 1166 1148 ἀνθρώπων
1201 1077 1478 1146 γενέσθαι,
1513 1077 1612 1144 ἐμὲ
1643 1077 1699 1128 δὲ
1737 1076 1897 1145 μόνον
1925 1077 2062 1146 πρὸς

487 1172 662 1224 πάντα
702 1171 776 1243 μὴ
817 1171 1104 1240 ἐξαρκεῖν,
1157 1170 1332 1233 ἄλλως
1383 1187 1442 1222 τε
1503 1169 1598 1222 καὶ
1657 1170 2062 1242 ἀπραγμοσύνῃ

488 1263 826 1333 συνεζηκότα
884 1262 1052 1334 πολλῇ
1110 1263 1200 1334 (δι’
1241 1262 1309 1332 ἣν
1354 1262 1493 1331 πρὸς
1531 1263 1708 1315 πάντα
1759 1261 1918 1314 πόνον
1971 1263 2065 1315 καὶ

487 1355 706 1423 πρᾶξιν,
744 1355 885 1425 πλὴν
932 1357 1026 1409 τοῦ
1079 1355 1220 1409 κατά
1280 1355 1406 1418 τοὺς
1470 1356 1701 1422 λόγους,
1752 1355 2062 1408 συνέϐαινεν

487 1447 632 1516 ἔχειν
661 1448 925 1517 ἀπείρως)
958 1448 1133 1502 αἴτιον
1167 1447 1354 1511 αὑτοῖς
1402 1446 1498 1516 τῆς
1543 1447 1802 1518 τοιαύτης
1837 1450 2064 1516 μεταϐο-

487 1539 606 1608 λῆς.
649 1537 789 1592 Οὔτε
831 1539 940 1610 γὰρ
991 1540 1172 1609 εὑρεῖν
1204 1539 1419 1603 αὑτοὺς,
1451 1541 1558 1608 ὅπη
1605 1541 1731 1609 γῆς,
1763 1541 1944 1610 ῥᾴδιον
1977 1537 2062 1607 ἦν,

487 1633 608 1685 οὑδὲ
643 1633 751 1685 τῶν
785 1631 961 1686 ἀλλων
989 1631 1183 1684 οὐδένα
1217 1633 1520 1699 συγγενῶν,
1563 1633 1781 1685 πάντων
1818 1632 2063 1694 ἐλεεινῶς

488 1726 594 1784 τοῖς
633 1722 928 1794 βαρϐάροις
970 1723 1062 1774 ἀπ’
1096 1722 1346 1791 ἀλλήλων
1377 1723 1762 1792 γεγενημένων
1783 1764 1796 1787 ,
1847 1723 1940 1774 καὶ
1973 1722 2065 1775 ἀλ-

486 1815 580 1866 λου
621 1814 756 1884 ἄλλῃ
779 1813 1194 1882 ἀπενεχθέντος’
1230 1813 1322 1864 καὶ
1345 1814 1372 1865 ὁ
1395 1813 1655 1864 ἑκάστοτε
1681 1814 1736 1865 δὲ
1771 1814 1870 1864 σὺν
1894 1812 2060 1880 πολλῇ

489 1905 842 1975 ταλαιπωρίᾳ
880 1923 969 1976 μοι
1020 1903 1411 1973 εὑρισκόμενος
1445 1898 1595 1956 εἷλκε
1654 1903 1792 1972 πρὸς
1848 1903 2063 1958 ἑαυτὸν.

490 1998 713 2069 Πρῶτον
751 1996 842 2050 οῦν
873 1997 1255 2064 περιτυγχάνω
1280 1997 1346 2062 τῇ
1381 1993 1605 2062 ἀδελφῇ,
1644 1988 1763 2045 εἷτα
1792 1996 1855 2061 τῇ
1893 1993 2065 2061 μητρὶ

490 2089 746 2157 ἀλλαχοῦ,
771 2089 850 2158 τῷ
874 2086 1139 2158 ἀδελφιδῷ
1165 2085 1411 2155 ὕστερον·
1440 2087 1534 2138 καὶ
1565 2086 1773 2148 τούτοις
1796 2085 1893 2154 τὴν
1917 2085 2068 2136 ἐλευ-

491 2183 679 2253 θερίαν
703 2183 808 2235 ὑπδ
839 2181 956 2250 Θεῷ
990 2182 1148 2250 αἰτίῳ
1174 2177 1590 2250 περιποιοῦμαι,
1616 2181 1768 2243 τάξιν
1795 2179 2066 2247 ὑπηρέτου

494 2276 685 2340 σώζων
719 2277 902 2340 αὐτὸς,
947 2276 1042 2328 καὶ
1076 2274 1135 2327 τὺ
1187 2273 1388 2341 σφόδρα
1424 2273 1660 2342 χαλεπὸν
1706 2273 1807 2339 τῆς
1848 2273 1954 2324 τῶν
1980 2272 2068 2322 λύ-

490 2387 636 2437 τρων
672 2369 964 2438 εὑρέσεωςο
998 2367 1064 2436 ἣν
1114 2365 1249 2434 ἐλέῳ
1282 2366 1427 2433 μόνῳ
1467 2364 1604 2416 Θεοῦ
1652 2363 1960 2433 ἐκτώμεθα,
1999 2363 2064 2416 δι’

498 2463 564 2530 ἢν
590 2460 698 2514 τῶν
726 2459 1085 2529 παρεχόντων
1141 2459 1237 2510 καὶ
1261 2456 1554 2509 ἐλεούντων
1585 2459 1618 2526 ἠ
1651 2457 1768 2510 θεία
1803 2457 2069 2518 ἀντίδοσις

501 2552 899 2623 μυριοπλασίας
945 2548 1359 2620 ἀποδοθήσεται.
1399 2550 1576 2602 Μόνον
1607 2549 1702 2602 νῦν
1751 2551 1890 2619 είμι,
1942 2566 2072 2616 συγ-

496 2643 676 2712 γενέσι
709 2641 923 2705 πολλοῖς
952 2641 1200 2709 πολλαχῆ
1230 2640 1678 2709 διεσπαρμένοις,
1714 2642 1807 2693 καὶ
1832 2640 2070 2710 οὐδαμοῦ

496 2734 617 2788 οὑδὲ
651 2734 844 2788 σύνδυο
883 2733 1322 2804 εὑρισκομένοις,
1380 2734 1438 2785 ἐν
1483 2734 1688 2803 ἀπορίᾳ
1748 2733 1916 2802 πολλῇ
1975 2735 2070 2786 καὶ

494 2823 843 2894 ταλαιπωρίᾳ
878 2824 1112 2894 μεγάλῃ.
1169 2823 1338 2877 Τοῦτὸ
1396 2840 1464 2892 με
1518 2825 1607 2876 καὶ
1658 2824 1777 2876 λίαν
1825 2823 2070 2891 ἀλγύνει,

494 2914 656 2969 τοῦτο
678 2917 824 2968 ποιεῖ
851 2915 912 2967 τὸ
942 2915 1043 2985 ζῇν
1073 2915 1464 2983 ἀπολέγεσθαι.
1497 2915 1646 2984 Ᾱῦτη
1677 2933 1766 2983 μοι
1799 2915 2073 2982 συμφορὰ,

497 3008 858 3080 παραμυθίας
896 3006 1153 3060 ὑπόθεσιν
1187 3006 1449 3076 οὐδεμίαν
1503 3009 1896 3076 ὑποφαίνουσα.
1962 3007 2076 3060 Μία

500 3118 593 3171 μοι
631 3101 794 3170 μόνον
827 3099 1177 3170 παραμυθία,
1213 3098 1272 3152 τὸ
1308 3100 1434 3160 τοὺς
1485 3099 1799 3168 ἀδελφιδοῦς
1845 3099 2076 3167 ἀνακλη-

2167 614 2294 678 rint,
2323 615 2573 684 aliusque
2599 615 2708 670 alio
2736 617 3044 672 abstractus
3079 620 3171 682 sit,
3201 617 3286 671 vix
3321 631 3464 670 unus
3500 617 3632 670 mihi
3665 632 3743 671 re-

2167 716 2294 773 stat,
2329 719 2552 779 argento
2612 710 2844 774 venalis,
2907 726 3102 780 magna
3152 711 3474 766 difﬁcultate
3525 709 3756 764 conllie~

2166 807 2287 852 tans
2316 817 2328 852 :
2367 800 2507 866 quod
2541 799 2772 854 fortasse
2803 815 2910 853 non
2945 801 3265 866 accidisset,
3300 804 3343 856 si
3411 812 3561 871 pater
3594 802 3746 869 ipsis,

2164 899 2218 946 et
2255 893 2382 947 milii
2415 893 2601 957 frater,
2627 905 2954 964 superesset.
2989 894 3308 949 Brevienim
3334 911 3428 950 eos
3466 896 3748 965 requirens

2167 996 2562 1049 conservasset,
2593 986 2796 1042 laboris
2839 988 2969 1041 mihi
3013 990 3218 1044 socius.
3255 989 3411 1043 Nunc
3444 1004 3589 1051 vero,
3642 988 3750 1044 illis

2167 1074 2233 1127 de
2264 1076 2369 1130 vita
2397 1080 2674 1131 communi
2704 1081 2956 1140 sublatis,
2983 1095 3216 1146 quorum
3252 1096 3418 1150 opera
3454 1081 3583 1134 mihi
3612 1095 3745 1150 opus

2168 1178 2303 1230 erat.
2326 1185 2450 1224 cum
2483 1183 2582 1240 ego
2623 1171 2780 1226 solns’
2802 1173 2948 1226 omni
2990 1173 3162 1228 labori
3186 1175 3405 1228 ferendo
3429 1191 3532 1228 non
3548 1189 3748 1234 essem.

2168 1263 2466 1331 praesertim
2499 1272 2656 1317 tetate
2690 1264 2741 1317 in
2776 1265 3220 1331 otiolitterisque
3269 1276 3390 1321 aeta
3447 1267 3618 1338 (unde
3683 1267 3748 1320 ad

2167 1369 2387 1407 onmem
2420 1356 2707 1411 laboreme
2753 1357 3041 1418 actionem.
3065 1367 3425 1427 prmtcrquam
3447 1360 3510 1412 ad
3546 1359 3748 1420 studia,

2170 1447 2322 1501 rudis
2352 1449 2652 1517 et'ineptus
2680 1450 2848 1518 sum),
2887 1467 3050 1505 causa
3094 1451 3206 1505 haec
3245 1450 3348 1504 illis
3383 1459 3544 1504 tanta:
3581 1459 3750 1504 muta-

2170 1542 2333 1597 tionis
2364 1543 2579 1597 accidit.
2610 1541 2796 1609 Neque
2830 1544 2996 1606 enim,
3047 1544 3266 1597 ubinam
3327 1543 3426 1611 ipsi
3481 1553 3750 1596 terrarum

2168 1640 2368 1695 essent,
2400 1641 2616 1700 repertu
2653 1634 2836 1686 faciles
2852 1644 3038 1687 erant:
3073 1649 3246 1700 neque
3272 1643 3590 1685 caeterorum
3617 1646 3751 1685 Con-

2171 1724 2592 1792 sanguincorum
2654 1724 2796 1777 ullus
2843 1742 2854 1776 :
2908 1725 3050 1792 quod
3107 1723 3306 1793 singuli
3370 1722 3752 1776 miserabiliter

2171 1829 2198 1865 a
2248 1816 2490 1868 barbaris
2526 1815 2772 1869 distracti
2814 1830 2842 1868 a
2875 1830 2931 1869 se
2962 1814 3190 1868 invicem
3251 1823 3454 1877 essent,
3503 1814 3752 1883 aliusque

2171 1907 2276 1960 alio
2312 1908 2609 1976 abreptus:
2639 1908 2709 1960 ita
2740 1916 2790 1960 ut
2827 1908 3060 1977 quisque
3090 1908 3354 1975 ipsorum,
3398 1907 3483 1959 vix
3531 1921 3672 1974 aegre
3719 1921 3748 1956 a

2173 1996 2568 2052 mcdiversoiu
2599 1997 2718 2050 loco
2759 2004 3024 2062 repertus,
3084 2012 3168 2048 me
3230 1996 3284 2048 in
3341 2011 3397 2049 sc
3457 1995 3753 2062 qurerendo

2173 2098 2497 2157 occupatum
2553 2097 2776 2142 teneret.
2812 2087 2992 2141 Piimo
3028 2087 3209 2156 itaque
3267 2088 3558 2141 nanciscor
3603 2100 3754 2140 soro-

2173 2197 2309 2240 rem,
2339 2180 2537 2234 deinde
2575 2191 2804 2234 matrem
2843 2181 2950 2233 alio
2989 2181 3039 2234 in
3079 2181 3215 2245 loco,
3278 2190 3387 2233 tum
3449 2179 3631 2234 fratris
3695 2181 3755 2231 [i-

2174 2275 2304 2327 lium
2344 2292 2356 2327 ;
2391 2274 2589 2342 quibus
2617 2273 2948 2335 libertatem,
2986 2273 3093 2326 Deo
3116 2271 3358 2338 juvante,
3399 2272 3611 2341 peperi:
3642 2273 3757 2340 ipse

2177 2367 2535 2421 ministerium
2585 2381 2746 2420 omne
2805 2365 3017 2427 obiens,
3067 2363 3489 2432 diliicillimeque
3525 2364 3757 2432 pretium

2175 2461 2478 2514 redimendi
2518 2474 2815 2528 corrogatis
2856 2475 2868 2511 :
2913 2457 3054 2525 quod
3090 2457 3202 2510 sola
3237 2457 3328 2512 Dei
3371 2455 3746 2510 misericordia

2176 2549 2454 2603 consecuti
2483 2564 2672 2602 sumus
2709 2564 2723 2605 ;
2750 2563 2845 2616 pro
2864 2562 2970 2616 quo
2994 2548 3100 2602 illis
3120 2547 3236 2616 qui,
3257 2561 3326 2600 no
3361 2556 3500 2599 trum
3526 2546 3756 2612 m'serti,

2176 2637 2540 2706 contulerunt,
2556 2641 2733 2694 divina
2754 2641 3054 2709 benignitas
3076 2638 3506 2694 cumulatissime
3529 2639 3759 2708 gratiam

2179 2741 2397 2792 referet.
2448 2735 2605 2788 Nunc
2640 2735 2788 2786 solus
2847 2749 2968 2787 sum
2999 2750 3011 2784 :
3051 2731 3491 2800 consanguineis,
3525 2746 3760 2799 quorum

2182 2841 2410 2896 magnus
2441 2841 2724 2888 numerus,
2754 2825 2805 2877 in
2832 2825 2978 2878 varia
3006 2825 3119 2877 loca
3148 2823 3432 2892 dispersis,
3463 2839 3529 2878 ne
3551 2824 3762 2877 duobus

2179 2921 2396 2990 quidem
2429 2920 2638 2988 uspiam
2675 2934 2781 2971 una
2803 2917 3176 2976 manentibus.
3206 2916 3259 2968 in
3295 2931 3487 2984 magna
3519 2925 3763 2983 egestate

2176 3024 2230 3067 et
2252 3015 2532 3068 aerumnis.
2570 3011 2679 3064 lloc
2704 3009 2882 3078 ipsum
2908 3017 3008 3069 est,
3049 3006 3194 3075 quod
3227 3006 3385 3059 valde
3414 3021 3499 3060 me
3551 3006 3763 3059 discru-

2179 3107 2303 3168 ciet,
2336 3107 2437 3159 boc
2467 3105 2710 3156 animum
2748 3113 2804 3156 ut
2831 3101 3198 3170 despondeam
3251 3098 3396 3162 facit,
3459 3099 3573 3152 haec
3617 3099 3763 3152 cala-

499 3194 693 3256 θέντας
734 3192 885 3255 ίδεῖν,
927 3188 1023 3244 καῖ
1076 3195 1212 3261 πρὸς
1264 3190 1326 3243 τὸ
1362 3192 1592 3261 πάτριον
1643 3191 1810 3254 σέϐας
1851 3190 2078 3244 ἐπανελ-
2108 3211 2153 3274 C
2187 3201 2270 3253 mit

1997 3190 2153 3274 ελ-ρ
2187 3201 2346 3253 niitas
2386 3197 2561 3253 solatii
2619 3197 2885 3250 rationem
2940 3196 3146 3248 nullam
3211 3193 3475 3248 ostendit.
3531 3190 3762 3246 Unicum

500 3287 716 3350 θόντας.
751 3287 817 3339 Ὃ
857 3284 1089 3354 γένοιτο,
1124 3286 1218 3336 καὶ
1254 3286 1442 3355 μεῖζον
1468 3285 1547 3347 είς
1585 3285 1941 3353 παραμυθίας
1991 3300 2080 3353 μοι

500 3380 656 3448 λόγον
689 3379 888 3449 οὑδὲνῆ
924 3379 1018 3431 καὶ
1047 3377 1138 3430 τοῦ
1175 3378 1273 3448 ζῇν
1297 3377 1402 3443 ἔξω
1433 3379 1718 3448 γενοίμην,
1749 3379 1832 3430 ἵνα
1864 3377 1958 3430 καὶ
1985 3376 2078 3429 τοῦ

499 3473 704 3541 ἀλγεῖν.
747 3471 912 3527 Ἀλλά
965 3472 1200 3535 δέδοικα,
1262 3471 1336 3540 μὴ
1373 3471 1465 3523 καὶ
1517 3470 1707 3524 τούτου
1768 3471 2078 3540 γινομένου,

504 3567 768 3635 μειζόνως
798 3565 1022 3636 ἀλγήσω
1055 3565 1086 3635 ἦ
1119 3564 1258 3617 κατά
1292 3565 1388 3635 τὴν
1420 3564 1514 3616 νῦν
1575 3566 1882 3633 συμφορὰν,
1924 3563 2083 3614 κολά-

503 3673 655 3710 σεσιν
689 3655 1070 3724 ἀτελευτήτοις
1102 3655 1451 3724 ὑποϐληθοὶς,
1484 3655 1550 3706 δι’
1575 3654 1632 3707 ὃν
1671 3655 1954 3723 ἑπίκειμαι
1985 3655 2082 3722 τῆς

499 3750 678 3820 ψυχῆς
711 3750 1014 3818 μολυσμόν.
1057 3749 1216 3802 Ἀλλά
1247 3750 1339 3802 καὶ
1364 3747 1474 3801 τῶν
1510 3749 1605 3801 νῦν
1646 3750 1966 3817 συμφορῶν,
1990 3749 2083 3800 καὶ

502 3840 608 3893 τῶν
634 3840 713 3898 εἰς
744 3840 804 3890 τὸ
854 3837 1050 3906 μέλλον
1081 3837 1458 3907 ἀπαλλαγείην
1491 3837 1785 3904 κολάσεων,
1816 3837 1910 3890 τοῦ
1945 3836 2080 3890 Θεοῦ

505 3949 596 4000 μοι
633 3931 763 3984 ῐλσω
822 3928 919 3982 νῦν
962 3928 1185 3991 ἰδόντος,
1217 3930 1310 3982 καὶ
1352 3929 1430 3999 τῷ
1481 3929 1650 3999 πατρὶ
1712 3929 2083 3998 συγγενοίμην

503 4024 598 4076 καὶ
646 4022 884 4091 ἀδελφῷ,
923 4022 974 4074 εἰ
1040 4021 1134 4075 καὶ
1195 4021 1270 4092 μὴ
1319 4022 1419 4090 τῆς
1475 4021 1844 4090 καοαρότητος
1898 4022 2082 4083 αὐτοῖς

505 4112 770 4168 κοινωνῶ.
807 4114 933 4167 Εἴθε
968 4113 1024 4167 δὲ
1056 4115 1086 4184 ἡ
1123 4113 1361 4183 Χριστοῦ
1393 4112 1552 4182 χάρις
1582 4116 1645 4182 τῇ
1677 4115 1799 4180 ἐμοὶ
1828 4114 2084 4182 μετανο⁷ᾳ

506 4207 602 4261 καὶ
639 4207 778 4277 ῥοπῇ
811 4209 876 4277 τῇ
908 4206 1046 4275 πρὸς
1086 4205 1153 4257 τὰ
1187 4204 1330 4257 καλὰ
1375 4205 1482 4256 τῶν
1539 4207 1716 4257 ἐκεῖσε
1754 4205 2084 4269 ἀπαλλάξειε

504 4300 899 4370 κολαστηρίων,
934 4299 1028 4351 τὸν
1058 4297 1166 4352 τῶν
1207 4296 1397 4351 παθῶν
1428 4297 1619 4366 ἐσμὸν,
1647 4296 1706 4349 ὃν
1736 4299 2083 4368 περίκειμαι,

506 4395 832 4465 παριδοῦσα.
871 4394 1123 4464 Ζήσομαι
1151 4393 1353 4454 τοίνυν,
1390 4389 1495 4452 ἓως
1526 4391 1591 4443 ἂν
1620 4390 1713 4461 ἐξῇ
1754 4389 1877 4460 ζῇν,
1907 4391 2087 4456 ἀλγῶν

507 4491 600 4543 καὶ
650 4488 906 4559 δακρύων
961 4489 1010 4538 εί
1065 4486 1140 4556 μή
1182 4502 1234 4537 τι
1260 4484 1623 4555 χρηστότερον
1656 4484 1716 4545 ἐξ
1748 4484 2086 4537 ἀνελπίστων

2186 3295 2314 3348 mibi
2347 3294 2595 3347 Solatium
2632 3299 2821 3356 restat,
2851 3291 2893 3345 si
2925 3300 3149 3357 nepotes
3173 3304 3232 3340 ex
3263 3286 3432 3340 fratre
3470 3300 3762 3352 recupera-

2185 3395 2270 3441 tos
2297 3387 2529 3448 videam,
2595 3396 2646 3438 et
2704 3384 2769 3437 ad
2824 3383 3053 3451 patriam
3113 3380 3428 3449 religionem
3484 3381 3765 3432 reductos.

2187 3477 2402 3532 Utinam
2438 3479 2538 3531 hoc
2575 3477 2702 3530 fiat!
2763 3475 2934 3544 major
2993 3473 3122 3526 milii
3189 3476 3252 3526 ad
3309 3471 3563 3524 solatium
3631 3471 3768 3524 ratio

2184 3571 2328 3625 nulla
2366 3569 2480 3623 dari
2515 3577 2712 3637 potest.
2749 3567 2857 3619 Aut
2889 3580 3016 3620 sane
3040 3581 3101 3619 ex
3129 3565 3233 3617 vita
3254 3579 3468 3632 quoque
3491 3565 3768 3616 discei‘e:e

2184 3665 2483 3732 continget,
2524 3661 2691 3715 utsic
2721 3660 2886 3714 etiam
2950 3656 3270 3728 a‘gritudine
3327 3655 3491 3709 animi
3550 3656 3768 3709 liberer.

2185 3757 2366 3811 Metuo
2393 3767 2572 3808 tamen
2602 3769 2688 3818 ne,
2724 3754 2769 3807 si
2803 3754 2903 3806 hoc
2933 3751 3135 3806 factum
3176 3750 3361 3813 fuerit,
3428 3750 3480 3802 in
3539 3750 3769 3816 majores

2185 3848 2442 3910 incidam,
2465 3861 2625 3915 quam
2661 3854 2892 3914 quantos
2913 3860 2976 3897 ex
3006 3843 3368 3912 praesentibus
3399 3840 3554 3895 malis
3574 3841 3770 3898 sentio.

2185 3938 2422 4001 dolores,
2460 3937 2798 3990 cruciatibus
2832 3934 3052 3988 mternis
3094 3943 3317 4002 propter
3367 3933 3562 3985 animae
3639 3949 3772 3986 mea:

2188 4030 2596 4098 inquinamenta
2625 4026 2937 4080 mandatus.
2976 4026 3079 4079 Sed
3117 4026 3321 4079 utinam
3377 4037 3429 4078 et
3487 4028 3770 4091 prmscnti-

2191 4120 2290 4173 bus
2315 4119 2573 4183 miseriis,
2600 4129 2652 4172 et
2687 4117 2885 4171 futura:
2921 4118 3040 4171 vitm
3073 4120 3274 4187 pinnis,
3317 4118 3424 4171 Deo
3459 4134 3545 4172 me
3591 4120 3772 4187 propi-

2195 4209 2280 4261 tiis
2314 4208 2488 4262 oculis
2518 4208 2837 4276 aspicientc,
2886 4209 3104 4270 liberer,
3161 4208 3547 4274 consortioque
3607 4212 3774 4276 patris

2191 4313 2243 4356 et
2274 4301 2458 4355 fratris
2488 4302 2657 4366 fruar,
2699 4302 2823 4372 licet
2855 4317 2960 4355 non
2994 4319 3055 4356 ea
3083 4304 3337 4370 puritate,
3369 4317 3471 4371 qua
3503 4304 3622 4370 ipsi,
3646 4307 3771 4356 sim.

2190 4392 2329 4463 Opto
2358 4409 2486 4447 vero
2517 4393 2716 4447 Christi
2744 4393 2998 4463 gratiam,
3032 4405 3088 4446 nt
3122 4411 3182 4446 ea
3217 4409 3322 4455 me,
3357 4395 3673 4461 ptenitentia
3708 4397 3774 4447 ad

2195 4486 2366 4540 bonas
2391 4485 2642 4539 actiones
2675 4486 3130 4553 propendentem,
3197 4484 3499 4538 inferoxum
3567 4487 3774 4539 crucia-

507 4553 808 4652 ἀναφανείη
836 4578 1020 4644 ποθὲν,
1049 4553 1218 4649 τιμὴν
1252 4553 1474 4630 ἀπασαν
1509 4575 1792 4643 τιθέμενος
1838 4574 1966 4644 παρ’
1997 4575 2086 4626 οὑ·
2121 4553 2163 4606 Ῑ)
2195 4591 2278 4632 me

2005 4575 2086 4626 οὑ·
2121 4553 2163 4606 Ῑ)
2195 4577 2395 4632 mentis
2428 4577 2640 4640 liberet,
2665 4592 2771 4630 non
2813 4576 2997 4629 habito
3024 4591 3310 4644 pravorum
3382 4578 3673 4632 aﬂt‘ClUUlll
3723 4589 3776 4632 et

507 4677 595 4729 ὁὲν
625 4677 731 4729 τῶν
774 4676 878 4729 οὑκ
928 4675 1015 4744 ἐφ’
1064 4675 1196 4745 ἡμῖν
1228 4667 1415 4737 οὖσαν,
1450 4672 1543 4725 καὶ
1587 4671 1742 4723 οὐδὲν
1791 4673 1928 4739 πρὸς
1964 4673 2082 4739 spis“

508 4769 608 4823 κάν
625 4785 768 4831 τινες
793 4766 1055 4821 τάναντία
1077 4765 1421 4834 ψηφίζοιντο,
1443 4760 1622 4830 κάμοῦ
1655 4761 1903 4828 μέλλοιεν
1928 4761 2087 4827 ἐσχά-

508 4877 607 4930 την
643 4857 1079 4927 καταγινώσκειν
1116 4853 1474 4924 ἀϐελτηρίσν,
1523 4851 1680 4904 τοῦτό
1715 4867 1778 4919 γε
1816 4852 1999 4914 αὑτοῖς
2026 4853 2084 4903 οὑ

511 4953 849 5024 συνᾴδοντος.

2198 4677 2566 4736 peccatorum,
2607 4685 2842 4738 quorum
2899 4670 3152 4722 satellitio
3205 4673 3440 4738 stipatus
3493 4687 3637 4732 sum,
3687 4686 3776 4725 rc-

2196 4768 2404 4829 spectu;
2443 4759 2632 4814 Vivam
2664 4763 2844 4831 igitur,
2877 4762 3057 4829 QIIOJd
3116 4761 3295 4816 vivere
3340 4768 3684 4829 concedetur,
3723 4765 3776 4818 in

2196 4852 2388 4907 dolore
2439 4861 2492 4906 et
2538 4853 2816 4919 lacrymis,
2883 4856 2984 4907 nisi
3034 4854 3163 4922 quid
3221 4855 3497 4923 insperato
3537 4857 3779 4909 melioris

2197 4946 2426 5000 fortuna
2448 4947 2697 5001 alicunde
2729 4961 2813 4999 me
2848 4950 3146 5012 respexerit
3179 4964 3191 5000 :
3225 4962 3442 5000 omnem
3484 4949 3645 5016 hujus
3678 4965 3780 5001 ste-

512 5045 619 5101 culi
646 5047 903 5101 honorem
942 5060 1037 5116 pro
1059 5045 1229 5099 nihilo
1271 5051 1491 5114 putans,
1519 5041 1722 5094 cumis
1750 5053 1858 5094 non
1915 5038 1986 5093 sit
2031 5040 2085 5093 in
2164 5049 2668 5109 potestatonnstra,
2739 5056 2836 5094 nec
2899 5041 2965 5092 ad
3035 5055 3119 5093 me
3166 5042 3394 5095 attineat
3453 5042 3777 5110 quidquam,

510 5140 760 5212 quamvis
786 5140 952 5208 aliqui
991 5141 1045 5192 in
1078 5138 1349 5193 contraria
1379 5137 1489 5193 sint
1517 5137 1811 5200 sententia,
1872 5133 2101 5202 ideoque
2141 5150 2246 5201 me,
2285 5137 2426 5205 quod
2451 5137 2500 5188 in
2535 5136 2637 5187 huc
2673 5136 2802 5204 ipsis
2865 5152 2970 5188 non
3014 5137 3300 5201 assentiar,
3364 5146 3618 5192 extrema:
3686 5140 3780 5192 dc-

513 5235 724 5291 mentia
761 5235 982 5289 nomine
1006 5232 1444 5288 condemnaturi.
