4484 6462
466 429 604 484 1073
1463 425 1781 485 MARCUS
1813 423 2221 484 EPHESIUS.

1954 423 2221 482 lESlUS.
2262 448 2331 457 -
2362 423 2701 484 NOTITIA.
3590 420 3725 485 1074

464 535 730 592 sacriﬁcia
762 536 1022 593 Romamn
1051 540 1332 595 Ecclesi:e.
1364 569 1428 580 —
1466 541 1529 595 N.
1560 543 1648 606 55,
1677 542 1742 595 ad
1780 541 2033 596 eumdem
2071 539 2314 608 Epistola
2376 542 2759 613 gratulatoria,
2791 541 2936 612 quod
2987 558 3014 595 a
3066 540 3276 595 Latinis
3308 539 3614 594 desciverit.
3659 575 3727 584 --

465 623 526 676 Ν.
560 624 649 686 54,
684 636 767 678 est
792 640 879 693 ap.
916 624 1134 683 Fabric.
1174 645 1228 683 ιι.
1267 630 1355 682 17.
1397 660 1467 670 -
1507 629 1570 682 Ν.
1603 631 1694 695 55,
1723 630 1788 683 ad
1822 629 2048 682 Latinos
2077 627 2236 696 Respt

1955 645 2048 682 nos
2077 627 2382 696 Responsio
2418 630 2483 683 de
2526 631 2646 698 igne
2686 630 3024 699 purgatorio.
3052 660 3116 672 —
3148 629 3284 681 Ibid.
3322 628 3374 680 in
3407 628 3531 681 rod.
3571 626 3726 688 1572,

465 729 519 765 ιι.
557 714 611 774 5,
639 712 806 767 Marci
839 715 1127 785 Eugenici,
1161 720 1253 786 qui
1288 719 1523 772 concilio
1575 717 1897 774 Florentino
1953 717 2227 779 interfuit,
2280 730 2418 785 Opus
2481 719 2548 770 de
2607 718 2728 784 igne
2781 717 3122 785 purgatorio,
3160 718 3428 770 adversus
3478 714 3728 776 Latinos,

463 800 769 866 ineditam;
826 818 879 854 ιι.
915 805 969 866 4,
999 801 1304 872 Expositio,
1340 807 1480 875 apn'l
1514 805 1733 862 Fabric.
1759 823 1813 859 ιι.
1850 808 1934 859 11.
1986 838 2043 849 ~--
2076 806 2214 859 Ibid.

1986 838 2043 849 η-
2076 806 2214 859 Ibid.
2253 805 2305 858 in
2345 803 2472 858 cod.
2518 804 2676 866 1589,
2728 821 2784 857 ιι.
2815 805 2869 857 2.
2905 803 3061 856 Orat.
3102 803 3222 855 dua:
3267 804 3332 855 de
3369 805 3494 870 igne
3527 817 3727 870 purga-

466 890 627 949 torio,
654 889 879 955 eadem,
911 905 1028 956 quae
1064 881 1117 946 ιι.
1153 893 1240 960 16,
1271 909 1357 962 ap.
1388 894 1591 958 Fabr.;
1625 902 1678 948 et
1729 911 1786 948 ιι.
1821 894 1874 957 5,
1921 892 2200 962 Expositio
2232 895 2284 946 in
2348 907 2568 946 sacram
2605 890 2933 960 Liturgiam.
2964 919 3034 929 --—
3073 891 3129 943 In
3183 890 3306 943 cod.
3339 889 3565 942 Coislin.
3600 888 3727 950 289,

466 973 699 1028 Ilomilia
735 976 879 1031 dicta
917 977 1178 1034 Feri-ariae
1207 983 1271 1036 ad
1306 983 1613 1038 cardinales
1654 993 1706 1036 ct
1756 983 1997 1050 reliquos
2033 982 2237 1035 Latinoi

1958 997 1997 1036 ιε
2033 982 2352 1035 Latinorum
2387 981 2641 1034 doctores
2679 981 2809 1047 περὶ
2849 978 2945 1030 τοῦ
2978 977 3344 1053 δτιξαζοςιένου
3381 977 3512 1044 παρ’
3546 977 3729 1036 αὐτοῖς

466 1062 764 1130 καθαρσίου
809 1065 980 1134 πυρός
1051 1070 1316 1137 (estapud
1349 1069 1507 1125 Fabr.
1543 1088 1596 1124 ιι.
1636 1070 1720 1135 16,
1749 1070 1896 1140 prior
1930 1069 2237 1138 responsio)

1960 1069 2270 1138 espOnsio).
2321 1066 2384 1122 V.
2419 1066 2608 1123 Montf.
2646 1065 2783 1120 Bibl.
2821 1065 2983 1119 Coisl.
3028 1082 3079 1133 p.
3119 1065 3244 1121 406,
3280 1098 3350 1106 -
3374 1063 3499 1117 Sec.
3538 1062 3729 1116 Montf.

468 1151 518 1202 in
553 1150 692 1204 Bibl.
734 1153 975 1211 biblioth.
1028 1173 1157 1211 mss.
1189 1174 1238 1226 p.
1279 1161 1434 1223 1552,
1493 1165 1711 1215 exstant
1761 1162 1814 1213 in
1878 1158 2013 1214 Coi.
2061 1157 2264 1211 Mazar.
2306 1155 2404 1208 12-1-
2443 1173 2455 1207 :
2506 1170 2561 1207 ιι.
2605 1154 2654 1218 1,
2711 1154 2901 1206 Oratio
2941 1151 3202 1204 Ferrarim
3234 1152 3418 1204 habita
3468 1151 3534 1203 ad
3566 1151 3728 1203 (Iard.

467 1239 712 1310 aliosque
741 1242 965 1299 Latinos
998 1245 1064 1300 de
1089 1247 1212 1315 igne
1239 1249 1578 1317 purgatorio.
1611 1279 1682 1289 —
1718 1247 1783 1303 N.
1813 1248 1868 1311 2,
1900 1247 2306 1314 Rcspoasiones
2340 1245 2403 1299 ad
2436 1244 2776 1313 objectiones
2811 1244 2857 1297 ei
2894 1242 3088 1295 factas.
3121 1269 3189 1281 -
3221 1241 3284 1295 N.
3314 1241 3368 1303 6,
3399 1242 3540 1310 quod
3589 1241 3729 1293 idem

467 1337 572 1387 est.
613 1344 674 1383 ac
711 1330 927 1387 Fabric.
985 1350 1040 1388 ιι.
1076 1335 1141 1388 15
1191 1337 1362 1403 citat;
1398 1366 1466 1379 -—
1495 1337 1562 1392 N.
1614 1340 1668 1401 7,
1701 1337 1931 1392 Joannis
1989 1331 2250 1403 E'ugcnici
2317 1334 2583 1388 adversus
2617 1331 2988 1387 definitionem
3035 1329 3253 1383 concilii
3292 1328 3590 1382 Florentini
3617 1344 3632 1394 ;
3663 1357 3734 1366 —

468 1414 533 1468 Ν.
576 1417 663 1482 15,
691 1419 885 1486 synodi
919 1425 1268 1490 prasentium
1301 1425 1460 1480 CPoli
1494 1428 1879 1495 episcoporum
1908 1425 2177 1492 apologia,
2216 1423 2363 1491 quod
2405 1421 2779 1476 Florentinam
2823 1419 3094 1490 synodum
3147 1433 3251 1470 non
3285 1417 3587 1486 receperint
3619 1431 3632 1482 ;
3663 1438 3733 1456 ~—

468 1499 534 1555 N.
582 1503 670 1566 15,
703 1505 868 1561 Marci
907 1507 1124 1579 Ephesii
1180 1511 1444 1568 adversus
1483 1513 1854 1576 scholarium;
1888 1541 1956 1550 --
1985 1527 2040 1564 ιι.
2070 1511 2155 1575 16,
2190 1512 2470 1566 Adversus
2529 1511 2777 1570 Latinos,
2805 1509 2983 1576 capita
3029 1507 3365 1578 syllogistica
3395 1505 3542 1574 (add.
3581 1522 3634 1558 ιι.
3676 1504 3729 1567 7,

470 1606 558 1660 ap.
590 1591 853 1665 Fabric.).
883 1627 951 1638 -—
979 1600 1244 1670 Apologia
1281 1617 1377 1669 pro
1409 1602 1632 1667 unione,
1662 1602 1798 1656 citra
1837 1601 1955 1670 ejus
2025 1600 2356 1654 sententiam
2425 1597 2720 1652 Florentiae
2767 1597 2949 1650 habita
2979 1612 2992 1661 ;
3027 1602 3081 1649 et
3139 1611 3192 1647 ιι.
3231 1593 3319 1658 19,
3353 1594 3531 1661 ejnsd.
3585 1593 3733 1647 Con-

470 1673 663 1740 fessio,
693 1679 747 1733 in
785 1684 992 1751 synodo
1028 1684 1344 1742 Florentina
1377 1688 1526 1742 edita
1552 1686 1803 1742 Barlaam
1840 1687 2120 1749 monachi,
2150 1685 2447 1756 procedere
2495 1684 2760 1751 Spiritum
2796 1691 3048 1738 sanctum
3086 1698 3155 1736 ex
3208 1683 3324 1736 solo
3353 1681 3534 1734 Patre.
3571 1680 3732 1735 Conf.

472 1779 637 1832 supra
671 1766 722 1820 in
751 1770 805 1824 h.
839 1771 948 1825 vol.
976 1786 1030 1839 p.
1058 1773 1185 1837 468,
1220 1791 1356 1840 χχιι,
1396 1784 1450 1830 et
1479 1774 1545 1830 de
1576 1776 1698 1845 igne
1731 1776 2069 1844 purgatorio,
2095 1783 2201 1830 etc.
2229 1803 2300 1814 —
2333 1773 2389 1827 In
2423 1772 2810 1842 Baumgarten.
2842 1771 3161 1824 Nac/zricht.
3201 1787 3298 1823 von
3362 1769 3733 1837 merkwt’trdig.

471 1848 734 1920 Bac/rem,
773 1865 902 1912 tom.
940 1859 1025 1925 V1,
1055 1877 1107 1929 p.
1149 1863 1277 1927 451,
1313 1862 1498 1926 ibique
1527 1873 1638 1919 not.
1677 1863 1717 1918 i.
1755 1862 1924 1917 Hann.

545 1939 598 1995 5.
638 1939 1018 2012 Responsiones
1054 1950 1123 2001 ad
1157 1955 1472 2018 qtttzstt'ones
1497 1950 1876 2014 cardinalium,
1910 1967 2038 2005 mss.
2067 1949 2123 2002 In
2153 1951 2340 2004 codice
2365 1948 2532 2019 Regio
2569 1948 2744 2002 Paris.
2776 1947 2906 2001 250.
2945 1948 3102 2010 1218,
3130 1949 3181 2001 1η
3230 1947 3360 2001 bibl.
3401 1948 3554 2017 publ.
3590 1965 3643 2002 ιι.
3679 1949 3732 2014 4,

473 2038 526 2082 et
557 2045 609 2089 ν.
642 2033 705 2086 ad
740 2049 795 2086 ιι.
831 2034 884 2096 2,
912 2033 1088 2090 Leidte
1118 2039 1264 2094 inter
1294 2040 1425 2094 cod.
1467 2038 1721 2095 Vossian.
1757 2056 1808 2094 v.
1841 2039 2013 2093 Catal.
2044 2037 2175 2091 bibl.
2210 2035 2244 2090 L

1247 2054 1264 2092 ι
1294 2040 1425 2094 cod.
1467 2038 1721 2095 Vossian.
1757 2056 1808 2094 v.
1841 2039 2013 2093 Catal.
2044 2037 2175 2091 bihl.
2210 2035 2366 2090 Leid.
2400 2051 2454 2104 p.
2486 2036 2610 2100 597,
2636 2052 2692 2089 ιι.
2728 2036 2816 2090 57.
2848 2035 3018 2090 ΙΙΑιιι..

543 2117 597 2170 4.
639 2119 843 2174 Salutio
870 2123 1102 2179 duarum
1133 2129 1482 2196 quaestionum
1513 2129 1666 2198 παρὰ
1699 2129 1794 2180 τοῦ
1827 2126 2091 2196 βασιλέως
2133 2126 2197 2178 ab
2243 2125 2313 2176 im

1961 2126 2091 2186 λέως
2133 2126 2197 2178 ab
2243 2125 2564 2190 imperatore
2598 2123 2829 2188 (Joanne
2861 2122 3191 2190 Palaeologo)
3226 2123 3639 2189 propositarum.
3676 2123 3732 2176 In

474 2208 662 2262 codice
688 2209 856 2279 Regio
881 2213 1044 2276 2016,
1083 2221 1221 2269 teste.
1268 2216 1482 2270 Labbeo
1515 2231 1636 2286 pag.
1670 2215 1738 2271 88
1787 2215 1922 2270 bibl.
1959 2228 2111 2269 novte
2173 2227 2303 2267 mss.
2347 2210 2528 2283 [Conf.
2597 2211 2724 2265 cod.
2787 2210 3106 2278 illosqucns.
3160 2211 3284 2276 555,
3311 2212 3398 2275 41,
3434 2222 3486 2266 ct
3527 2212 3576 2265 in
3609 2211 3733 2266 cod.

478 2291 746 2352 Escorial.
785 2315 907 2354 mox
941 2303 1159 2356 citanda
1194 2311 1392 2358 exstat.
1425 2304 1602 2359 11Αιιι..

547 2385 600 2440 5.
632 2386 873 2455 Epistola
908 2394 1171 2462 encyclica
1202 2395 1270 2446 ad
1295 2411 1470 2449 omnes
1500 2393 1838 2449 Christianos
1871 2393 1936 2446 de
1980 2389 2189 2461 synodo
2229 2387 2541 2440 Florentina
2601 2401 2707 2438 non
2756 2386 3134 2454 suscipienda,
3187 2402 3309 2455 (ιιιιο
3358 2403 3480 2441 cum
3514 2387 3734 2453 Joseplni

484 2471 846 2530 Iletlionensis
874 2481 1228 2547 responsione
1257 2482 1456 2549 legitur
1485 2493 1607 2551 post
1633 2492 1748 2536 acta
1778 2479 1993 2535 concilii
2028 2472 2180 2530 Flor.
2235 2485 2366 2529 tom.
2407 2473 2544 2537 XIll,
2583 2474 2806 2537 Labbei,
2841 2489 2963 2540 pag.
3013 2474 3153 2539 677;
3193 2486 3246 2528 et
3299 2485 3430 2528 tom.
3459 2476 3562 2539 l.\';
3602 2476 3736 2527 llar-

479 2562 630 2616 duin.
681 2579 800 2632 pag.
837 2566 958 2620 549.
1020 2568 1260 2636 Incipit:
1307 2569 1448 2635 Ἐγὼ
1507 2570 1594 2622 διὰ
1617 2569 1714 2638 τὴν
1748 2565 2014 2634 ἐπιταγὴν
2049 2566 2143 2618 καὶ
2203 2564 2250 2616 τὶ

1962 2565 2014 2634 ὴν
2049 2566 2143 2618 καὶ
2203 2564 2299 2634 τὴν
2335 2565 2546 2632 χρείαν.
2612 2564 2797 2616 Graece
2851 2572 2901 2615 et
2945 2563 3136 2616 Latine
3189 2579 3310 2617 cum
3367 2565 3622 2617 versione
3649 2564 3733 2618 Jo.

482 2649 716 2706 Matthxi
753 2653 1102 2725 Caryophyli.
1137 2655 1302 2710 FABR.
1341 2656 1544 2711 Matriti
1602 2656 1654 2709 in
1693 2655 1814 2709 cod.
1856 2653 2022 2722 Regio
2062 2653 2151 2717 77,
2216 2653 2309 2705 fol.
2369 2652 2492 2712 509,
2528 2661 2842 2719 sequuntur
2891 2651 3069 2716 ejusd.
3129 2652 3403 2706 Professio
3446 2653 3590 2713 fidei,
3645 2669 3738 2720 ap.

479 2736 692 2793 Fabric.
734 2756 789 2794 ιι.
825 2742 912 2796 17.
944 2744 1363 2813 —Excerplum
1417 2746 1577 2799 hreve
1625 2759 1691 2797 ex
1746 2743 1865 2810 ejus
1919 2757 2039 2810 cap.
2092 2740 2444 2808 syllogisticis
2483 2739 2561 2808 (ιι.
2613 2739 2665 2800 7,
2701 2755 2789 2806 ap.
2821 2738 3156 2803 Fabric.)—-
3185 2741 3322 2792 'l‘nm
3363 2743 3737 2808 opusculmn,

480 2826 623 2894 quod
650 2834 733 2882 est
764 2844 853 2897 ap.
886 2828 1097 2885 Fabric.
1135 2849 1189 2887 ιι.
1227 2834 1312 2888 15.
1348 2864 1418 2874 -ι
1460 2832 1591 2886 Dein
1627 2847 1814 2898 0pnsc.
1868 2830 2030 2898 cujus
2077 2829 2358 2881 rarissime
2392 2829 2449 2880 fit
2491 2829 2696 2880 mentio
2736 2828 2802 2880 de
2851 2828 3085 2880 terminis
3119 2830 3239 2881 vita:
3305 2830 3414 2897 (est
3469 2841 3646 2883 tamen
3685 2833 3738 2883 in

480 2915 600 2969 ceti.
637 2915 898 2972 Escorial.
961 2920 1094 2973 etin
1135 2921 1254 2974 cod.
1323 2921 1636 2989 Mosquensi
1675 2919 1802 2984 591,
1851 2935 1908 2972 ιι.
1957 2918 2042 2971 12.
2085 2915 2151 2968 V.
2188 2915 2251 2968 Mi

1989 2918 2042 2971 2.
2085 2915 2151 2968 ν.
2188 2915 2425 2968 Matt/tari
2457 2916 2491 2966 Ι.
2527 2930 2573 2966 c.
2613 2930 2663 2982 p.
2697 2915 2850 2976 252).
2892 2915 3005 2968 Inc.
3041 2914 3163 2967 0'36
3202 2917 3364 2979 αὐτὸς
3410 2919 3660 2986 ἠπόρεις,

483 3005 719 3071 μακάριε
753 3007 1012 3072 δέσποτα,
1051 3008 1146 3061 τοῦ
1179 3007 1519 3077 ζητουμένου
1548 3009 1648 3077 τὴν
1671 3008 1825 3060 λύσιν
1857 3006 2099 3074 ἐξευρεῖν
2125 3021 2185 3056 τε
2234 3021 2254 3054 ιι

1968 3006 2099 3074 ipst
2125 3021 2185 3056 τε
2234 3005 2326 3054 καὶ
2363 3003 2681 3056 ἀποδοῦναι.
2713 3031 2781 3040 --
2813 3004 3050 3070 Epistula
3085 3005 3147 3057 ad
3188 3005 3484 3071 Georgium
3537 3010 3618 3075 (ιι.
3657 3007 3739 3069 11,

482 3105 565 3156 ap.
602 3090 868 3161 Fabric.).
898 3123 966 3133 -—
997 3095 1114 3148 Alia
1158 3097 1221 3148 ad
1257 3096 1506 3149 eumdem
1539 3105 1592 3149 et
1627 3095 1815 3149 eadem
1851 3109 1973 3148 esse
2011 3093 2241 3153 videtur,
2279 3106 2399 3158 qua:
2429 3102 2512 3144 est
2569 3105 2652 3158 ap.
2707 3089 2868 3143 Fahr.
2909 3107 2964 3142 ιι.
3021 3091 3102 3156 10,
3139 3101 3191 3145 et
3217 3109 3379 3161 quam
3411 3093 3647 3161 Cangius
3683 3096 3735 3147 in

483 3177 724 3232 Glossar.
751 3179 844 3233 Gr.
874 3183 979 3235 vol.
1012 3181 1078 3245 II,
1110 3185 1214 3237 col.
1250 3183 1412 3246 1281,
1454 3185 1602 3237 velut
1638 3183 1900 3237 ineditam
1965 3190 2254 3242 memorat,
2296 3190 2668 3248 provocatque
2699 3180 2765 3232 ad
2808 3197 2836 3233 c
2861 3181 2930 3232 id.
2963 3181 3092 3233 bihl.
3136 3181 3311 3234 Paris.
3363 3183 3544 3250 Regia:
3572 3184 3736 3248 5118,

483 3267 656 3328 quiin
697 3268 858 3323 catal.
893 3285 1020 3323 mss.
1063 3269 1195 3325 bibl.
1241 3272 1389 3340 publ.
1448 3271 1621 3326 Paris.
1686 3279 2008 3324 numeratur
2043 3267 2204 3331 1218,
2248 3267 2340 3321 ubi
2396 3268 2575 3321 locum
2607 3278 2840 3334 occupat
2893 3267 3186 3321 tlerintum.
3237 3269 3308 3321 De
3370 3270 3452 3320 his
3485 3272 3741 3325 otnnihus

484 3354 634 3420 plura
678 3353 921 3422 disputat
955 3355 1147 3411 Iriarte
1173 3358 1226 3411 in
1254 3358 1376 3413 Cat.
1413 3359 1572 3413 codd.
1615 3357 1708 3413 Gr.
1744 3357 1946 3412 Matrit.
1975 3373 2028 3425 p.
2065 3355 2169 3411 285
2201 3372 2316 3426 seq.
2364 3387 2424 3397 -
2470 3357 2526 3408 In
2560 3357 2720 3410 codd.
2759 3354 3250 3417 Escorialensibns,
3289 3358 3343 3409 in
3370 3359 3577 3424 quibus
3611 3343 3740 3413 sunt

483 3443 726 3505 quaedam
756 3459 784 3497 a
813 3442 1065 3498 Fabricio
1096 3459 1204 3500 non
1239 3445 1526 3500 observata
1555 3444 1644 3515 (ν.
1676 3445 1853 3500 Plueri
1881 3444 2135 3498 llinerar.
2169 3461 2260 3513 per
2313 3444 2541 3510 Hispan.
2575 3459 2628 3512 p.
2683 3442 2830 3510 180),
2869 3454 3223 3499 asservanlur
3261 3445 3423 3499 Marci
3484 3446 3741 3513 Eugenici

486 3530 722 3598 Epistula
759 3532 826 3584 at
860 3531 1177 3587 orthodazos
1205 3532 1560 3598 Christianos,
1616 3534 1819 3602 ubique
1879 3533 2124 3601 gentium
2175 3542 2228 3586 et
2283 3532 2588 3587 insularum
2649 3531 2906 3600 degentes
2938 3547 2952 3596 ;
2990 3561 3057 3570 -—
3084 3532 3151 3584 de
3184 3535 3593 3588 resurrectione
3619 3576 3633 3600 ,
3673 3564 3746 3574 —

485 3620 554 3672 de
585 3619 835 3675 terminis
872 3621 992 3673 vitae
1020 3620 1084 3674 ad
1116 3619 1425 3686 Isidorum;
1467 3652 1529 3661 —
1557 3622 1620 3674 ad
1658 3622 1793 3690 imp.
1823 3620 2027 3674 Joann.
2064 3617 2459 3692 Palaeologum,
2494 3621 2836 3675 dubitantem
2877 3619 2944 3674 de
2998 3619 3318 3674 Latinorum
3365 3623 3495 3684 rita,
3526 3641 3737 3679 sermo-

487 3723 581 3762 nes
609 3708 751 3770 duo;
785 3737 854 3751 -—
879 3707 1112 3764 Ilomilia
1147 3710 1200 3762 in
1233 3709 1617 3765 dormitionem
1674 3708 1732 3763 S.
1773 3708 1986 3763 Macarii
2048 3709 2276 3765 Coronae
2311 3709 2484 3778 (conf.
2512 3709 2578 3763 ad
2633 3725 2688 3762 ιι.
2721 3711 2772 3777 7)
2804 3728 2816 3771 ;
2849 3739 2914 3748 -
2945 3708 3409 3777 lnlerrogationes
3444 3713 3508 3765 ad
3549 3729 3742 3780 quem-

488 3798 610 3850 dam
643 3798 1020 3866 dubitantem;
1048 3799 1426 3854 —Confessio
1453 3809 1614 3852 rectae
1648 3799 1767 3851 fidei
1805 3797 2096 3853 Florentia:
2138 3798 2300 3860 facta,
2337 3797 2640 3853 secundum
2679 3796 2949 3866 synodum
2996 3795 3315 3850 Latinorum
3348 3815 3469 3851 cum
3509 3799 3744 3870 Chryso-

488 3897 701 3950 slomo;
738 3913 805 3924 -—
846 3886 1010 3942 Marci
1041 3887 1298 3956 Epistolae
1330 3888 1450 3940 dum
1486 3885 1552 3940 ad
1612 3888 1966 3954 praepositum
2009 3888 2062 3939 in
2103 3887 2159 3939 S.
2199 3895 2381 3938 monte
2443 3884 2817 3944 habitationis,
2861 3883 3217 3952 Batopedium
3263 3885 3301 3939 1.
3335 3915 3401 3924 -
3432 3888 3507 3937 Ad
3551 3904 3742 3955 quem-

489 3972 610 4025 dam
653 3971 998 4029 Scholarium
1037 3976 1444 4045 phil050pbum,
1485 3976 1674 4028 altera.
1708 4004 1772 4014 --
1809 3974 2018 4030 Monac.
2058 3975 2109 4028 in
2147 3976 2269 4030 cod.
2326 3975 2517 4029 Bavar.
2554 3974 2676 4028 145.
2715 3973 2812 4027 fol.
2849 3973 2978 4034 188,
3011 3975 3103 4027 ubi
3147 3985 3452 4040 sequuntur
3483 3975 3746 4044 Prop-auio

490 4062 655 4130 (apud
684 4061 898 4116 Fabric.
935 4079 988 4118 ιι.
1031 4064 1111 4131 10)
1143 4071 1256 4117 tum
1312 4065 1481 4118 altera
1528 4064 1690 4130 epist.
1725 4063 1999 4134 encyclica
2062 4064 2157 4129 (ib.
2204 4081 2256 4116 ιι.
2304 4062 2382 4132 6).
2416 4094 2485 4103 ——
2523 4062 2779 4132 Dialogus
2813 4059 2986 4115 Gneci
3021 4071 3074 4116 et
3111 4061 3314 4125 Latini,
3352 4079 3444 4116 seu
3485 4066 3546 4116 de
3588 4067 3746 4115 (utsii—

490 4161 628 4202 tione
650 4151 702 4201 in
737 4149 976 4218 symbolo
1006 4166 1025 4203 :
1057 4151 1225 4220 incip.
1253 4149 1534 4220 Θαυμὰζω
1559 4151 1673 4211 πῶς
1705 4152 1837 4219 ἡμῖν
1872 4154 2156 4217 ἐγκαλεῖτε
2183 4166 2195 4178 ·
2227 4151 2261 4203 il

1981 4154 2156 4203 ιλεῖτε
2183 4166 2195 4178 ·
2227 4151 2279 4203 in
2312 4151 2414 4203 fine
2445 4157 2687 4212 notatur,
2721 4149 2988 4215 scriptum
3012 4163 3134 4202 esse
3165 4165 3236 4200 ιιι.
3269 4151 3438 4216 April.
3461 4168 3547 4203 an.
3583 4152 3742 4214 6951,

491 4253 586 4292 seu
625 4253 730 4292 mra
761 4247 949 4293 nostra
981 4239 1138 4304 1415,
1173 4240 1363 4293 indict.
1398 4255 1470 4292 γι.
1511 4237 1664 4291 Hunc
1688 4238 1963 4307 dialogum
2012 4238 2171 4291 etiam
2209 4235 2396 4288 omisit
2450 4235 2750 4297 Fabricius,
2788 4233 2893 4286 nisi
2943 4233 3034 4299 sit,
3071 4234 3329 4303 opinante
3360 4235 3605 4297 llardtio,
3651 4255 3747 4289 υς-

491 4336 731 4396 cerptum
759 4329 998 4395 capitum
1026 4329 1295 4398 syllogist.
1328 4328 1427 4396 (a).
1475 4357 1544 4368 —
1577 4326 1846 4393 Posthazc,
1881 4326 2044 4381 Marci
2066 4326 2266 4394 Ephes.
2298 4332 2530 4392 metrop.
2565 4324 2627 4376 ad
2652 4339 2843 4378 (mines
2881 4327 3078 4392 ubique
3115 4335 3386 4381 terrarum
3449 4336 3503 4379 et
3541 4327 3748 4379 insula-

496 4431 616 4469 rum
670 4416 1009 4471 orthodoxos
1066 4416 1411 4470 Christianos
1450 4434 1461 4469 :
1503 4415 1660 4482 cujus
1715 4418 1936 4484 quidem
1977 4412 2227 4482 Epistol.e

1977 4412 2227 4482 Epistol.e
2287 4412 2501 4465 initium
2556 4419 2639 4465 est
2673 4427 2688 4464 :
2726 4412 2854 4473 Τοῖς
2915 4414 3231 4481 ἅπανταχοῦ
3273 4414 3373 4481 τῆς
3411 4415 3510 4480 γῆς
3538 4431 3551 4445 ·
3600 4415 3744 4466 illam

497 4503 792 4571 Epistolam
830 4505 1030 4572 excipit
1052 4505 1312 4574 Apologia
1343 4504 1591 4571 Gregorii
1625 4503 2032 4559 hieromonachi
2062 4511 2114 4556 et
2143 4502 2558 4573 protosyncelli,
2593 4513 2781 4570 postea
2820 4504 3170 4569 patriarchae,
3206 4503 3392 4557 Romae
3423 4504 3642 4572 sepulti,
3689 4506 3740 4556 in

497 4591 745 4660 Ephesini
773 4593 1055 4658 epistolam
1081 4607 1110 4645 e
1157 4592 1321 4647 variis
1354 4594 1556 4646 sanctis
1593 4607 1606 4642 :
1640 4592 1762 4645 init.
1798 4592 1870 4642 Τὸ
1906 4591 2002 4659 μὲν
2043 4590 2261 4658 προοεςιι

1976 4609 2002 4640 ν
2043 4590 2328 4658 προοίμιον
2359 4590 2454 4642 τοῦ
2484 4589 2791 4658 αἰδεσίμου.
2823 4621 2894 4630 —-
2917 4591 3054 4646 Ibid.
3088 4592 3138 4643 in
3193 4591 3317 4644 cod.
3347 4591 3438 4651 51,
3468 4592 3587 4644 ead.
3623 4591 3747 4659 Epi-

493 4680 631 4734 slola
665 4694 786 4732 cum
824 4679 1085 4746 Apologia
1113 4687 1218 4734 etc.
1267 4680 1425 4734 Cont.
1456 4679 1524 4733 el.
1561 4678 1749 4733 llardt.
1788 4679 1840 4732 in
1892 4678 2093 4731 Aretini
2124 4677 2453 4745 Beytrmgcn,
2490 4687 2596 4732 etc.
2649 4693 2739 4730 an.
2788 4676 2947 4738 1804,
2988 4687 3129 4745 p-irt.
3161 4677 3247 4739 10,
3286 4692 3407 4746 pag.
3442 4678 3506 4731 19
3532 4693 3653 4746 sqq.
3697 4689 3750 4731 rt

495 4776 631 4835 part.
669 4784 706 4828 ι,
743 4783 793 4832 p.
833 4767 902 4819 25
931 4781 1046 4836 seq.
1086 4795 1152 4806 -—
1179 4765 1376 4821 Eadem
1431 4767 1658 4834 cpistola
1708 4781 1831 4820 cum
1868 4765 2116 4834 Gregorii
2156 4766 2402 4833 apologia
2467 4766 2518 4819 in
2557 4767 2681 4819 cod.
2715 4765 3032 4835 Mosquensi
3083 4766 3280 4835 synod.
3334 4765 3463 4828 552,
3502 4783 3554 4818 ιι.
3593 4766 3646 4819 5.
3685 4765 3749 4823 V.

496 4854 736 4908 Matthwi
769 4863 882 4908 not.
913 4854 1004 4908 eit.
1038 4868 1089 4920 p.
1123 4854 1229 4908 228
1268 4869 1411 4922 seq.,
1449 4864 1610 4922 atque
1637 4868 1692 4922 p.
1724 4855 1849 4915 252,
1887 4869 1941 4908 ιι.
1980 4853 2068 4917 22,
2105 4854 2227 4906 cod.
2272 4853 2398 4916 591,
2436 4853 2661 4920 epistola
2720 4853 3021 4920 encyclica.
3061 4883 3122 4891 —
3169 4851 3458 4906 Florentiae.
3521 4854 3573 4905 in
3615 4855 3747 4907 bibl.

496 4941 812 4996 monasterii
849 4941 1322 4995 Benedictinorum
1357 4941 1415 4995 Β.
1452 4941 1652 5004 Marce,
1680 4941 1926 5010 Josephi,
1960 4941 2202 5009 episcopi
2259 4940 2558 5006 Methoncs,
2595 4935 2839 5010 apologia
2891 4941 2957 4995 ad
2994 4941 3236 4994 libellum
3266 4939 3750 5010 Mal'Ci'EplleSllli.

499 5028 560 5082 V.
594 5029 886 5084 lllontfanc.
917 5028 1055 5081 Bibl.
1094 5029 1339 5083 biblioth.
1371 5045 1506 5084 mss.
1543 5045 1596 5098 p.
1634 5029 1738 5083 415
1769 5027 1826 5090 C,
1870 5041 1921 5082 et
1958 5028 2024 5080 ad
2058 5044 2113 5081 ιι.
2146 5029 2198 5082 7.
2240 5026 2413 5081 lianc.

564 5115 616 5170 6.
661 5114 904 5183 Epistola
937 5114 1203 5182 encyclica
1227 5117 1294 5169 ad
1320 5133 1496 5170 omnes
1521 5117 1708 5184 ubique
1738 5126 2000 5168 terrarum
2030 5123 2290 5182 degentes,
2327 5116 2393 5169 de
2434 5116 2626 5169 eodem
2656 5129 2999 5186 argumento,
3037 5133 3158 5186 qua;
3199 5134 3320 5173 cum
3385 5119 3745 5186 responsione

498 5204 740 5273 Gregorii
772 5202 1167 5274 Protosyncelli
1201 5213 1377 5258 exstat
1413 5215 1544 5259 tom.
1581 5205 1698 5259 Xlll
1728 5204 1931 5259 Concil.
1961 5204 2182 5266 Labbei,
2211 5219 2330 5272 pag.
2370 5202 2490 5262 740.
2535 5212 2588 5258 et
2618 5213 2751 5257 toni.
2797 5204 2862 5256 IX
2929 5204 3217 5268 lIarduin.,
3255 5221 3306 5271 p.
3344 5206 3469 5259 601.
3503 5206 3697 5272 Incipit
3734 5223 3744 5255 τ

497 5291 561 5345 01
595 5293 696 5363 τὴν
736 5294 914 5362 κακὴν
944 5294 1091 5362 ἡμᾶς
1117 5292 1503 5361 αἰχμαλωσίαν
1535 5293 2110 5363 αἰχμαλωτεύσαντες.
2147 5293 2266 5347 Grae

1974 5309 2110 5355 ντες.
2147 5293 2334 5348 Graece
2375 5303 2428 5347 et
2469 5291 2660 5347 Latine
2703 5310 2826 5346 cum
2875 5295 3126 5348 versione
3160 5297 3509 5365 Garyophyli,
3539 5312 3588 5362 p.
3623 5297 3745 5347 6.10.

500 5355 663 5434 Fann:
720 5379 850 5435 Mss.
870 5355 1120 5450 'Mo's'quie
1148 5355 1386 5435 iri-codd.
1419 5355 1709 5450 synodi-'15
1739 5389 1792 5434 et
1827 5379 1950 5443 554,
1994 5396 2048 5432 ιι.
2083 5382 2135 5434 5.
2170 5378 2232 5436 V.
2267 5383 2271 5433 i

1994 5396 2048 5432 ιι.
2083 5382 2135 5434 5.
2170 5378 2232 5436 v.
2267 5381 2502 5435 Matthzei
2576 5379 2746 5434 Notil.
2782 5384 2879 5436 cit.
2915 5398 2966 5450 p.
3005 5383 3072 5436 δι)
3108 5393 3159 5437 ει
3193 5355 3318 5438 2552.
3342 5355 3429 5420 ἰζ
3460 5355 3750 5436 nclama

499 5484 549 5520 ιιι
575 5467 707 5522 1ιί1)1.
745 5467 999 5522 Ambros.
1035 5468 1275 5524 estliber
1300 5469 1557 5538 anonymi
1594 5469 1870 5522 Adversus
1901 5477 2304 5538 argumentum,
2336 5484 2444 5538 quo
2485 5469 2537 5522 in
2577 5471 2770 5537 primis
2806 5471 2880 5523 uti
2917 5472 3127 5525 solebat
3157 5472 3418 5525 adversus
3445 5471 3748 5523 catholicos

501 5553 734 5621 Marcus,
767 5556 1124 5626 Ephesiorum
1159 5558 1409 5612 antistes.
1439 5556 1501 5612 V.
1538 5557 1834 5612 Montfauc.
1869 5558 2005 5612 Bibl.
2035 5557 2280 5612 biblioth.
2320 5573 2453 5612 mss.
2485 5573 2540 5627 p.
2584 5559 2708 5612 519.
2744 5559 2805 5612 C.
2843 5588 2910 5598 —-
2951 5561 3084 5614 Add.
3118 5576 3282 5628 supra
3339 5562 3404 5612 ad
3445 5576 3496 5613 ιι.
3532 5561 3564 5610 2
3603 5568 3653 5611 et
3698 5560 3749 5618 Γ»,

500 5847 514 5862 ,
572 5781 649 5845 (α)
681 5781 1600 5862 hlelalnenopusc.cumrodem
1643 5787 1907 5857 principio
1955 5797 2166 5844 exstare
2207 5789 2448 5843 etiamin
2512 5786 2631 5841 cod.
2678 5786 2804 5840 bibl.
2907 5787 3048 5854 puld.
3109 5785 3277 5840 Panis.
3340 5786 3471 5840 1218
3522 5803 3574 5837 ιι.
3664 5784 3752 5848 12,

501 5856 603 5919 iatn
625 5868 785 5923 snpra
815 5856 1316 5926 animadvertinms,
1341 5858 1403 5912 ad
1439 5876 1490 5912 ιι.
1524 5857 1575 5913 2.
