4484 6462
743 437 878 495 uno
1682 437 1992 498 mancus
2017 435 2401 498 EPllESlUS
2425 435 2994 498 METROPOLITA.
3857 404 3988 494 tota

740 555 790 596 ct
816 543 1132 597 Schrocckh
1174 541 1314 597 Hist.
1349 541 1552 597 Eccles.
1583 543 1874 599 Christian.
1907 555 2048 614 part.
2077 561 2262 608 xxxiv,
2302 560 2358 614 p.
2405 545 2669 604 591-4”.
2699 577 2767 589 —
2798 547 3022 616 Iosephi
3067 545 3442 601 Methonensis
3473 554 3529 600 et
3579 543 3826 611 Gregorii
3865 543 3991 613 llie.

742 643 884 683 rom.
913 628 1319 698 Responsiones
1349 631 1413 685 ad
1449 647 1534 700 ep.
1588 632 1750 686 Marci
1788 633 2034 702 Ephesii,
2068 633 2189 686 Lat.
2220 633 2273 684 in
2307 642 2510 686 sancta:
2565 636 2839 705 generalis
2899 633 3230 688 Florentium:
3291 631 3488 702 synodi
3539 639 3673 685 tom.
3706 628 3771 694 11,
3801 646 3854 700 p.
3884 630 3984 684 271

746 730 904 785 seqq.
944 715 1005 770 V.
1046 715 1435 786 Baumgarten,
1468 721 1564 772 cit.
1619 717 1998 785 Nachrichten,
2038 729 2171 773 tom.
2209 717 2296 784 γι,
2337 734 2391 787 p.
2430 720 2556 774 152.
2603 723 2776 776 11Αιιι..

811 808 865 859 7.
899 807 1087 872 Capita
1112 807 1435 876 syllogistica
1453 817 1634 862 contra
1656 808 1870 863 Latinos
1885 810 1948 861 de
1970 809 2300 876 proccssione
2319 805 2547 874 Spiritus
2570 810 2582 859 l

2222 825 2300 862 me
2319 805 2547 874 Spiritus
2570 806 2655 873 8.,
2678 809 2950 873 κεφάλαια
2970 805 3378 874 συλλογιπικᾶ,
3397 820 3518 874 qure
3540 819 3716 873 usque
3742 805 3807 857 ad
3832 813 3993 871 caput

742 895 808 947 17
839 892 1138 964 Gregorius
1204 894 1661 967 Protosyncellus,
1695 906 1890 951 caetera
1921 897 2171 950 Bessario
2231 895 2512 949 conlutavi

2231 895 2559 949 confutavit.
2618 895 2812 965 Incipit
2843 913 2858 948 :
2903 894 3194 965 Ἐρὼμεθα
3229 895 3360 954 τοὺς
3397 893 3684 954 Λατίνους.
3716 890 3989 963 [Ποῖ-ειη.

741 984 798 1036 in
830 984 951 1037 cod.
986 983 1247 1046 Laurent,
1274 984 1413 1049 XIV,
1444 1002 1499 1038 ιι.
1530 985 1616 1048 14,
1653 985 1789 1054 plut.
1831 983 1916 1038 10.
1947 983 2010 1039 V.
2046 983 2275 1038 Bandin.
2312 984 2433 1039 Cat.
2471 983 2630 1038 codd.
2668 984 2766 1038 Gr.
2793 981 2958 1037 Laur.
2987 982 3028 1046 1,
3067 998 3121 1052 p,
3156 980 3308 1052 484.]
3345 981 3417 1036 De
3443 981 3633 1036 eodem
3672 989 3992 1049 argumento

742 1071 850 1124 alia
888 1073 1052 1125 Marci
1097 1071 1353 1142 Ephesini
1385 1073 1564 1142 capita
1604 1073 1934 1142 syllogistica
1964 1082 2228 1126 memorat
2293 1072 2513 1126 Lambec

2222 1088 2228 1126 ‘.
2293 1072 2605 1126 Lambecius
2648 1071 2778 1135 γιι,
2823 1088 2876 1142 p.
2908 1071 2942 1125 5
3105 1071 3178 1123 Τὸ
3213 1069 3438 1138 Πνεῦμα
3493 1069 3556 1121 τὸ
3591 1069 3747 1134 ἆγιον
3789 1070 3852 1120 ὲκ
3886 1069 3993 1119 Πα-

739 1159 893 1223 τρός.
935 1159 1094 1211 Aliud
1149 1161 1278 1212 item
1309 1161 1575 1229 scriptum
1613 1159 1673 1214 V.
1709 1175 1759 1228 p.
1805 1158 1932 1216 227.
1990 1161 2160 1229 lncip.
2199 1161 2370 1230 Καινή
2404 1161 2486 1223 τίς

2219 1161 2370 1230 ἱαινή
2404 1161 2486 1223 τίς
2543 1161 2694 1212 ἔστιν
2726 1161 2801 1222 ὡς
2856 1158 3091 1229 ἀληθῶς.
3151 1158 3307 1212 Adde
3375 1156 3633 1213 eumdem
3673 1153 3738 1219 ν,
3777 1171 3826 1224 p.
3865 1154 3990 1208 250.

739 1235 902 1298 FABR.
938 1244 995 1298 S.
1027 1261 1080 1315 p.
1105 1245 1233 1300 467.
1267 1247 1480 1301 Kollar.
1532 1247 1655 1301 cod.
1710 1247 1839 1304 280.
1872 1277 1943 1286 —
1977 1247 2057 1302 Ib.
2099 1263 2152 1317 p.
2187 1247 2312 1310 510,
2348 1265 2405 1302 ιι.
2447 1247 2501 1312 6,
2556 1247 2683 1301 cod.
2715 1245 2844 1300 291.
2903 1245 3067 1299 Marci
3121 1243 3510 1314 Fragmentum
3574 1242 3992 1298 schismaticum

735 1322 933 1387 contra
969 1333 1192 1390 Latinos
1225 1334 1294 1389 de
1321 1336 1669 1403 processione
1694 1335 1842 1404 Spir.
1877 1336 2087 1400 sancti;
2123 1336 2242 1389 init.
2279 1336 2340 1390 Et
2366 1336 2422 1388 δὲ
2456 1354 2506 1388 κε

2219 1376 2242 1389 η.
2279 1336 2340 1390 Εἰ
2366 1336 2422 1388 δὲ
2456 1336 2551 1388 καὶ
2573 1335 2664 1388 τὸν
2706 1335 2882 1405 μέγαν
2917 1333 3191 1402 Κύριλλον
3226 1334 3553 1401 συνηγορεῖν
3586 1333 3772 1393 αὐτοῖς
3798 1331 3990 1398 λέγου-

743 1434 830 1471 σιν
863 1421 1081 1476 Ἰταλοί.
1119 1450 1189 1462 -
1216 1421 1476 1491 Mosquze,
1515 1423 1568 1475 in
1599 1422 1725 1478 cod.
1765 1423 1957 1492 synod.
1996 1422 2120 1484 591,
2154 1438 2208 1475 ιι.
2243 1424 2294 1485 1,
2321 1423 2512 1477 eadem
2571 1437 2730 1491 capp.
2762 1437 2884 1476 cum
2927 1423 3286 1489 responsione
3325 1420 3572 1488 Gregorii
3605 1417 3892 1471 Scholarii.
3925 1447 3996 1455 —

740 1503 807 1559 N.
832 1505 886 1567 5,
930 1506 1097 1560 Marci
1138 1507 1397 1578 Eugenici
1429 1507 1497 1561 In
1524 1524 1798 1561 numerum
1831 1509 2153 1561 talentorum
2183 1509 2236 1562 in
2271 1508 2502 1579 Evangel

2220 1525 2236 1562 ι
2271 1508 2527 1579 Evangel.
2559 1509 2815 1578 parahola
2853 1507 3110 1577 Θεωρία;
3152 1509 3263 1561 inc.
3343 1507 3404 1559 '0
3440 1505 3510 1558 τά
3539 1505 3699 1557 πέντε
3729 1505 3991 1558 τάλαντα.

744 1592 923 1660 (Conl.
953 1595 1017 1646 ad
1057 1610 1114 1649 ιι.
1141 1595 1222 1662 2.)
1254 1625 1324 1638 -
1353 1594 1419 1650 Ν.
1452 1595 1504 1660 ι,
1546 1595 1726 1664 ejusd.
1761 1595 1965 1665 ἀπορία
1996 1598 2136 1664 μετὰ
2168 1596 2408 1663 λύσεως,
2449 1598 2515 1652 ini

2224 1597 2408 1663 lasw;;
2449 1598 2568 1652 init.
2605 1599 2668 1650 Ei
2699 1598 2793 1650 καὶ
2822 1598 2854 1664 ἠ
2892 1597 3236 1666 σμικροτάτη
3295 1596 3502 1656 πίστις.
3559 1623 3627 1634 -
3676 1592 3740 1647 Ν.
3769 1594 3824 1656 9,
3857 1591 3995 1645 Gre-

741 1680 902 1746 gorii,
944 1682 1269 1748 patriarchae
1297 1683 1460 1738 CPol.
1495 1683 1747 1752 apologia
1782 1693 1971 1736 contra
2041 1683 2298 1750 Ephesini
2358 1686 2747 1754 homologlam.
2779 1714 2849 1724 —
2884 1681 2950 1737 N.
2989 1684 3077 1746 15,
3130 1683 3293 1736 Marci
3353 1682 3612 1752 Eugenici
3670 1679 3904 1733 Homilia
3945 1680 3998 1730 in

739 1767 1108 1824 dormitionem
1145 1771 1202 1825 S.
1238 1771 1467 1823 Macarii
1489 1771 1583 1824 τοῦ
1614 1773 1878 1838 Κορωνᾶ·
1908 1772 2018 1823 ἰιιο.
2067 1772 2204 1838 Ὀδῷ
2243 1788 2348 1822 τινι
2399 1770 2510 1821 Eone

2243 1788 2348 1822 τινι
2399 1770 2574 1821 ἔοικεν
2620 1770 2787 1834 (conf.
2822 1770 2887 1822 ad
2918 1785 2973 1822 n.
3024 1770 3105 1836 5).
3143 1798 3214 1809 —
3239 1767 3307 1822 Ν.
3361 1768 3447 1830 16,
3500 1766 3682 1836 ejusd.
3719 1765 3857 1832 Περὶ
3890 1762 3999 1812 τῶν

745 1854 1144 1925 ἐμφερομένων
1175 1861 1240 1928 τῇ
1273 1857 1392 1927 θείᾳ
1426 1858 1565 1928 εὐχῇ
1599 1858 1887 1928 ῥημάτων,
1931 1858 2100 1926 ήγουν
2130 1857 2248 1920 τοῦ,
2283 1858 2456 1927 Κύριε
2492 1857 2674 1926 Ἰησοῦ
2704 1856 2935 1925 Χριστὲ,
2961 1857 3059 1909 Υἱὲ
3085 1855 3179 1908 τοῦ
3223 1855 3382 1919 Θεοῦ,
3413 1855 3676 1923 ἑλέησον;
3717 1854 3823 1906 inc.
3855 1851 4001 1919 Ὂση

743 1950 845 2018 μὲν
883 1953 914 2017 ἠ
953 1951 1053 2018 τῆς
1079 1952 1274 2020 εὐχῆς.
1327 1981 1396 1994 -
1432 1950 1498 2006 Ν.
1529 1952 1621 2016 20,
1682 1954 1856 2022 ejusd.
1893 1953 2256 2007 ὲπιτελεύτιοι
2305 1953 2515 2021 ὁμιλίαι
2579 1951 2866 2022 παρούσης
2919 1951 3018 2020 τῆς
3053 1951 3164 2006 τῶν
3197 1950 3498 2020 ὀροοδόξων
3545 1950 3842 2013 συνάξεως.
3886 1957 3995 2002 etc.

743 2038 863 2090 init.
904 2037 1177 2105 Βούλομαι
1213 2039 1553 2109 πλατύτερον
1582 2039 1681 2107 τὴν
1728 2042 1896 2107 ἐμήν,
1935 2040 2117 2110 (Conf.
2155 2042 2218 2093 ad
2254 2057 2310 2094 ιι.
2354 2040 2443 2109 17)
2489 2054 2514 2094 e

2254 2057 2310 2094 ιι.
2354 2040 2443 2109 17)
2489 2047 2542 2094 et
2574 2055 2630 2092 ιι.
2683 2040 2746 2093 21
2782 2058 2796 2092 :
2861 2037 3132 2093 Scholarii
3188 2037 3502 2106 ἐπικήδειος
3541 2035 3776 2105 μονῳδία
3810 2037 3902 2088 1πὶ
3933 2036 3999 2102 τῇ

743 2125 995 2193 κοιμήσει
1019 2123 1078 2177 S.
1118 2122 1315 2190 Marci,
1346 2127 1586 2198 archiep.
1625 2127 1844 2198 Ephesi.
1871 2127 2192 2196 ἀνεγνώσθη
2224 2129 2316 2181 ἐπὶ
2343 2128 2420 2196 τῷ
2443 2128 2503 2180 ὲν

2228 2129 2316 2181 ἐπὶ
2343 2128 2420 2196 τῷ
2443 2128 2503 2180 ὲν
2522 2127 2602 2197 τῷ
2632 2127 2873 2196 λειψάνῳ
2900 2127 3037 2192 ναῷ,
3066 2126 3172 2180 inc.
3216 2124 3328 2178 Φεῦ
3373 2124 3493 2187 νῦν,
3528 2117 3573 2177 ὦ
3601 2125 3895 2194 παρόντες.
3934 2120 3999 2175 ν.

741 2212 932 2266 Matth.
968 2213 1124 2266 notit.
1162 2215 1257 2267 cit.
1291 2229 1342 2284 p.
1371 2215 1497 2278 250,
1529 2231 1652 2285 sqq.
1683 2247 1751 2256 —
1783 2215 1910 2268 Par.
1943 2207 2000 2268 in
2027 2214 2158 2269 bibl.
2195 2215 2343 2283 publ.
2379 2215 2541 2270 codd.
2583 2216 2743 2281 1218,
2774 2216 2934 2270 1261.
2965 2215 3145 2270 Oxon.
3191 2216 3244 2269 in
3280 2215 3413 2269 bibl.
3453 2213 3657 2268 Bodlei.
3685 2213 3811 2266 cod.
3841 2214 3932 2279 78,
3970 2214 4004 2266 8

740 2317 860 2369 sqq.
894 2300 1037 2355 Cuil.
1065 2302 1260 2361 Laudi.
1301 2318 1346 2356 s.
1387 2320 1443 2356 ιι.
1479 2303 1600 2362 720.
1634 2304 1755 2358 Cat.
1789 2320 1922 2358 mss.
1951 2303 2156 2374 Anglia:
2185 2304 2440 2365 etc.,vol.
2471 2303 2513 2368 1,
2547 2303 2711 2358 Marci
2743 2304 2947 2374 Eugen.
2981 2297 3194 2372 “elatio
3225 2304 3292 2356 de
3316 2305 3524 2372 synodo
3552 2301 3864 2355 Florentina
3893 2319 3906 2364 ;
3933 2328 4005 2340 -—

741 2388 914 2458 Epist.
945 2391 1012 2444 ad
1045 2389 1336 2460 Georgium
1380 2392 1669 2460 quemdam
1707 2393 2084 2463 presbyterum
2118 2395 2172 2445 in
2206 2390 2515 2446 Mathonem
2571 2393 2773 2457 missa;
2806 2422 2875 2433 —
2904 2390 3148 2461 Epistola
3180 2391 3247 2445 ad
3295 2391 3682 2466 Scholarium;
3715 2388 4004 2443 Confessio

739 2478 1168 2546 cxtemporaria,
1199 2481 1300 2534 suh
1333 2489 1561 2534 mortem
1601 2481 1776 2545 facta;
1805 2482 1870 2535 ad
1921 2481 2267 2535 Scholarium
2303 2482 2643 2544 archontem,
2695 2479 2965 2548 huiusque
3028 2477 3376 2545 Responsio;
3433 2477 3747 2548 Syllogismi
3809 2488 4001 2530 contra

742 2563 967 2620 Latinos
1000 2568 1066 2620 de
1093 2569 1444 2635 processione
1467 2570 1707 2637 Spiritus
1743 2571 1915 2623 sancti
1947 2585 2068 2623 cum
2113 2570 2493 2635 llesponsione
2517 2567 2783 2622 Gennadii
2820 2568 3110 2622 Scholarii.
3138 2597 3209 2607 -—-
3238 2566 3478 2622 Venetiis
3513 2567 3564 2620 in
3598 2566 3719 2620 cod.
3753 2564 4003 2618 Naniauo

748 2656 873 2716 127,
901 2671 955 2707 ιι.
984 2655 1038 2716 4,
1065 2656 1401 2724 syllogistica
1434 2673 1554 2726 cap.
1588 2659 1693 2712 iuc.
1726 2657 1801 2710 Τὸ
1829 2657 2054 2726 Πνεῦμα
2083 2658 2143 2709 τὸ
2176 2656 2351 2725 ἅγιον.
2381 2685 2448 2696 -
2476 2653 2519 2706 N

2225 2671 2351 2725 γιον.
2381 2685 2448 2696 -
2476 2653 2541 2706 Ν.
2580 2655 2632 2717 5,
2660 2653 2897 2708 Theoria
2943 2653 2996 2707 in
3046 2655 3324 2724 parabolae
3354 2655 3678 2723 evangelicae
3708 2667 3996 2706 numerum

743 2745 1095 2797 talentorum.
1125 2773 1190 2784 --
1222 2743 1284 2797 Ν.
1315 2745 1369 2808 6,
1410 2746 1482 2800 De
1541 2747 1722 2800 anima
1759 2748 2046 2801 hrutorum
2096 2748 2324 2814 quaestio
2365 2755 2422 2799 et
2463 2742 2770 2811 responsio.
2823 2741 2984 2795 Conl.
3037 2752 3144 2796 cat.
3206 2742 3364 2795 codd.
3401 2740 3498 2795 Gr.
3526 2740 3665 2796 Nan.
3693 2757 3744 2806 p.
3773 2740 3898 2794 280.
3936 2769 4005 2779 —

743 2831 957 2884 Monac.
994 2832 1046 2884 in
1082 2833 1205 2886 cod.
1247 2831 1440 2888 Bavar.
1469 2834 1561 2898 27,
1599 2833 1761 2887 Marci
1806 2835 1936 2903 Eug.
1974 2834 2143 2902 Capp.
2183 2833 2514 2904 syllogistica
2536 2847 2659 2886 cum
2689 2830 2907 2899 Georgii
2936 2829 3205 2882 Scholarii
3249 2829 3719 2882 confutatiOuihus
3760 2831 4000 2897 priurum

743 2933 904 2987 capp.
930 2916 1089 2980 XVll,
1118 2928 1174 2973 et
1206 2918 1545 2974 Bessarionis
1582 2921 1852 2975 conlutat.
1882 2937 1910 2974 a
1963 2937 2086 2988 cap.
2120 2919 2204 2974 18.
2235 2919 2302 2974 V.
2347 2919 2514 2974 llardt
2561 2921 2612 2973 in
2659 2919 2869 2973 Aretini
2903 2918 3229 2988 Beytrtzgen,
3261 2927 3368 2972 etc.
3397 2932 3526 2970 aun.
3561 2917 3719 2976 1805,
3749 2927 3890 2985 part.
3929 2932 4002 2979 tv,

741 3022 795 3075 p.
836 3007 904 3059 12
939 3023 1058 3074 seq.
1099 3017 1152 3060 et
1186 3022 1352 3076 supra
1390 3008 1440 3060 in
1481 3008 1582 3062 hoc
1615 3008 1721 3061 vol.
1761 3025 1811 3077 p.
1846 3009 1973 3072 572,
2022 3019 2159 3064 sect.
2190 3009 2246 3072 5,
2287 3017 2340 3062 et
2371 3023 2425 3075 p.
2455 3007 2579 3062 594.
2619 3015 2754 3061 sect.
2790 3007 2843 3059 4.
2870 3035 2939 3044 --
2969 3004 3284 3059 Secundum
3335 3015 3443 3060 cat.
3497 3006 3656 3058 codd.
3687 3003 3862 3057 Graec.
3901 3003 4005 3056 Ba-

740 3107 860 3146 var.
892 3110 944 3162 p.
979 3096 1048 3148 50
1077 3112 1157 3163 sq.
1186 3095 1238 3148 in
1278 3097 1400 3150 cod.
1428 3096 1549 3159 118,
1580 3098 1671 3156 (ah
1713 3097 1934 3150 llardtio
1993 3107 2314 3150 numeratur
2345 3094 2472 3158 256,
2511 3094 2608 3148 sed
2639 3095 2786 3147 illam
2819 3093 2941 3145 libri
2968 3109 2982 3144 :
3010 3091 3216 3146 Aretini
3253 3091 3542 3162 Beytrazge,
3596 3101 3726 3155 etc.,
3771 3102 4002 3160 partem,

743 3184 798 3236 in
840 3199 946 3251 qua
987 3184 1075 3237 ille
1108 3184 1230 3237 cod.
1270 3196 1610 3246 t'eccusetur,
1643 3186 1882 3238 nondum
1927 3186 2100 3239 habeo
2142 3185 2192 3239 in
2228 3182 2506 3249 manibus)
2534 3192 2662 3237 sunt
2716 3181 2882 3234 Marci
2913 3178 3138 3248 Ephesii
3178 3179 3243 3233 ad
3273 3179 3563 3248 Georgium
3600 3181 4001 3250 presbyterum,

742 3272 963 3339 quando
997 3270 1172 3325 Latini
1201 3272 1502 3326 defecerint
1545 3288 1574 3325 a
1605 3283 1752 3328 recta
1785 3274 1926 3338 ﬁde;
1954 3273 2130 3343 ejusd.
2175 3273 2512 3344 syllogistica
2541 3287 2704 3341 capp.
2731 3279 2923 3326 contra
2956 3267 3182 3323 Latinos
3229 3277 3285 3324 et
3336 3269 3483 3324 varia
3513 3269 3780 3338 opuscula
3813 3275 4006 3323 contra

743 3358 990 3425 Latinos,
1021 3359 1148 3413 add.
1215 3360 1281 3414 ad
1307 3376 1360 3412 ιι.
1394 3359 1448 3414 2.
1483 3358 1652 3415 Ηιιιι..

813 3449 871 3504 8.
912 3449 1174 3518 Apologia
1209 3449 1270 3502 de
1298 3448 1428 3518 fuga
1462 3465 1585 3502 sua.
1625 3448 1840 3503 Citatur
1870 3464 1897 3502 a
1931 3445 2052 3502 Nic.
2082 3447 2363 3503 Conmeno
2396 3463 2521 3518 pag.
2559 3447 2686 3514 525,
2721 3446 3124 3516 praenotionum
3159 3454 3461 3517 mystagog.

811 3537 867 3594 9.
903 3535 1108 3593 Contra
1142 3530 1466 3607 encyclicam
1501 3537 1860 3603 Bessarionis,
1895 3538 1971 3591 id.
2007 3553 2059 3606 p.
2094 3537 2215 3590 172.

813 3625 904 3680 10.
941 3624 1183 3695 Epistola
1226 3625 1296 3679 ad
1348 3625 1626 3695 Georgium
1660 3623 2023 3690 Scholarium,
2049 3639 2154 3693 qua
2210 3639 2333 3678 cum
2367 3623 2736 3694 reprehendit,
2777 3624 2924 3694 quod
2957 3624 3025 3678 ad
3066 3622 3293 3679 Latinos
3348 3620 3652 3678 deﬂexerit.
3677 3621 3743 3677 V.
3775 3622 3840 3677 ad
3867 3639 3920 3676 ιι.
3951 3623 4009 3686 2,

742 3715 778 3771 5
812 3724 867 3770 et
901 3715 956 3781 7,
985 3730 1151 3784 supra
1187 3714 1240 3768 in
1277 3714 1377 3770 hoc
1402 3715 1510 3768 vol.
1549 3729 1603 3780 p.
1659 3713 1788 3776 572,
1827 3722 1962 3768 sect.
1998 3714 2052 3767 5.
2080 3742 2150 3752 -
2181 3711 2361 3768 Paris.
2391 3715 2442 3767 in
2487 3715 2625 3770 bibl.
2692 3716 2846 3784 publ.
2885 3717 3016 3769 cod.
3084 3713 3222 3768 1218
3267 3715 3344 3782 (in
3387 3729 3496 3784 quo
3548 3713 3669 3768 cod.
3702 3715 3855 3784 plura
3886 3730 4011 3770 esse

743 3802 908 3857 Marci
945 3801 1148 3873 Eugen.
1185 3801 1467 3871 opuscula,
1498 3803 1609 3870 jam
1645 3813 1804 3856 antea
1838 3802 2299 3870 observavimus),
2337 3818 2392 3855 n.
2428 3804 2518 3859 10.
2546 3833 2619 3842 -
2643 3801 2934 3859 Florentiae
2981 3803 3033 3857 in
3085 3801 3208 3856 cod.
3264 3802 3523 3856 Laurent.
3576 3801 3715 3864 Xlll,
3747 3819 3803 3857 ιι.
3834 3804 3923 3868 45,
3955 3812 4010 3858 et

743 3907 799 3945 ιι.
839 3892 931 3954 42,
965 3901 1048 3945 est
1109 3891 1286 3961 cjnsl.
1342 3891 1494 3959 εὐχὴ,
1559 3889 1748 3945 Oratio
1808 3891 1918 3944 inc.
1950 3889 2392 3960 Ἐθαυμαστὼθη
2440 3894 2471 3961 ὴ

2234 3890 2392 3960 ’τὼοη
2440 3894 2471 3961 ὴ
2529 3891 2732 3959 γνῶσις
2767 3909 2862 3944 σου
2891 3889 2948 3956 ἐξ
2986 3889 3143 3959 ἐμοῦ.
3185 3887 3251 3942 ν.
3288 3888 3523 3944 Bandin.
3557 3889 3678 3943 Cat.
3711 3889 3884 3945 Codd.
3927 3906 4005 3960 gr.

744 3979 912 4035 Laur.
952 3979 1038 4040 llI.
1069 3996 1120 4049 p.
1156 3980 1278 4034 110.
1309 4009 1376 4017 -
1406 3979 1630 4032 Tauriu.
1665 3980 1718 4031 in
1753 3981 1880 4048 cod.
1905 3978 2036 4049 Reg.
2073 3979 2194 4045 161,
2226 3981 2396 4049 Epist.
2430 3981 2494 4033 ad
2523 3979 2721 4049 Georg.
2766 3979 3018 4034 Scholar.
3055 3978 3121 4033 ν.
3158 3979 3277 4033 Cat.
3309 3979 3467 4033 codd.
3511 3994 3591 4048 gr.
3622 3977 3788 4032 Taur.
3820 3995 3872 4047 p.
3904 3981 4011 4035 245

743 4084 862 4138 seq.
890 4068 1001 4122 Inc.
1044 4069 1226 4136 Ὀσης
1263 4070 1409 4138 ἡμᾶς
1444 4066 1750 4136 ἐνέπλησας
1779 4065 1992 4135 ἡδονῆς.
2031 4065 2227 4120 Eadem
2259 4075 2342 4120 est
2374 4067 2425 4119 in
2453 4081 2514 4120 co

2259 4075 2342 4120 est
2374 4067 2425 4119 in
2453 4067 2572 4120 cod.
2601 4065 2913 4136 Mosquensi
2945 4075 3152 4136 typogr.
3188 4066 3388 4136 synod.
3442 4066 3534 4133 24,
3577 4083 3634 4122 ιι.
3673 4067 3762 4131 11,
3793 4071 3858 4122 ad
3884 4069 4010 4139 pbi.

742 4160 960 4228 losoph.
989 4159 1278 4228 quemdam
1317 4159 1696 4219 Scholarium;
1754 4173 1808 4210 ν.
1834 4156 2093 4217 Μειιιὶιεεί,
2122 4155 2162 4209 l.
2200 4170 2251 4209 c.
2290 4171 2341 4224 p.
2377 4155 2501 4210 5H.
2547 4154 2717 4208 lltnL.

819 4247 905 4300 ll.
945 4247 1188 4314 Epistola
1212 4251 1278 4299 ad
1303 4245 1586 4314 Georgium
1621 4245 1982 4315 presbyterum
2012 4243 2405 4315 (Scholarium)
2432 4251 2616 4295 contra
2648 4244 2780 4294 ritus
2814 4250 2863 4294 et
2895 4241 3165 4310 sacriﬁcia
3189 4240 3442 4297 Romane
3462 4239 3735 4308 Ecclesiae,
3775 4244 3960 4312 incipit
3995 4263 4010 4301 :

743 4337 857 4406 Τὴν
888 4338 1108 4406 γραφήν
1139 4353 1233 4388 σου
1265 4336 1580 4404 δεξάμενος.
1623 4333 1774 4387 Hanc
1807 4332 2136 4404 oppugnavit
2167 4331 2414 4386 Andreas
2440 4330 2514 4384 Co

2240 4332 2414 4386 idreas
2440 4330 2785 4384 Colossensis
2825 4327 2879 4382 in
2913 4329 3130 4399 dialogo
3162 4329 3228 4383 ad
3263 4331 3407 4382 cives
3439 4330 3840 4394 Methouenses,
3873 4341 4011 4389 teste

741 4425 964 4485 Allatio,
993 4439 1046 4492 p.
1095 4423 1212 4478 l62.
1245 4433 1438 4476 contra
1465 4420 1872 4492 Creyghtonum
1929 4429 1982 4473 et
2020 4419 2089 4473 de
2131 4433 2426 4482 consensu,
2463 4434 2515 4488 p.
2547 4417 2676 4474 955.
2718 4415 2886 4471 Ριιιιι.
2925 4414 3046 4470 Vid.
3086 4417 3152 4472 ad
3207 4432 3265 4471 ιι.
3312 4417 3363 4482 7,
3407 4429 3460 4471 et
3503 4416 3726 4473 Gerium
3749 4421 3814 4474 ad
3845 4419 4011 4476 Cavci

741 4513 883 4568 Hist.
918 4514 1023 4566 litt.
1060 4510 1162 4566 SS.
1201 4509 1315 4563 EE.
1353 4511 1387 4562 l.
1417 4526 1465 4564 c.
1510 4526 1564 4580 p.
1601 4509 1726 4564 158.
1776 4507 1946 4562 Hann.

728 4641 732 4645 .
814 4601 902 4654 12.
940 4600 1353 4653 Antirrheticum
1381 4607 1569 4652 contra
1599 4597 1865 4650 Andream
1896 4593 2278 4650 Colossenscm.
2315 4590 2526 4647 Citatur
2556 4609 2585 4646 a
2613 4590 2738 4646 Nic.
2770 4591 3058 4656 Conmeno,
3089 4608 3142 4662 p.
3177 4591 3268 4656 12,
3303 4592 3427 4658 556,
3462 4593 3587 4648 120.

814 4689 902 4741 15.
937 4689 1060 4740 Ὀτι
1096 4689 1154 4740 οὐ
1190 4687 1352 4755 μόνον
1382 4686 1488 4737 άπὸ
1521 4685 1705 4754 φωνῆς
1730 4684 1837 4735 τῶν
1862 4680 2202 4734 δεσποτικῶν
2231 4682 2492 4750 ῥημάτων
2529 4683 2585 4749 ἀγ

2242 4682 2492 4750 βημάτων
2529 4682 2851 4749 ἁγιάζονται
2879 4686 2949 4734 τά
2979 4682 3100 4734 Gala
3131 4683 3302 4752 δῶρα.
3338 4681 3490 4746 Quod
3518 4684 3819 4738 divinorum
3843 4685 4013 4741 dono-

743 4793 864 4830 rum
892 4776 1218 4829 consecratio
1260 4790 1363 4826 non
1390 4773 1560 4826 solum
1602 4773 1663 4840 ﬁt
1699 4770 1866 4824 verbis
1900 4769 2214 4831 Dominicis,
2266 4776 2355 4822 sed
2391 4771 2554 4822 etiam
2598 4787 2630 4823 a
2662 4769 2869 4837 Spiritu
2914 4780 3101 4824 sancto
3164 4786 3255 4838 per
3288 4787 3464 4838 preces
3494 4781 3545 4824 et
3598 4772 4014 4829 benedictionem

741 4865 1052 4918 sacerdotis.
1091 4861 1331 4930 Incipit:
1376 4861 1568 4928 Ἡμεῖς
1603 4861 1668 4912 ἐκ
1705 4859 1815 4910 τῶν
1877 4856 2040 4924 ἱερῶν
2104 4856 2441 4912 ἀποστόλων.
2491 4860 2512 4913 (

2240 4856 2441 4912 ττὸλων.
2491 4858 2681 4914 Graece
2740 4861 2805 4914 ad
2836 4862 3044 4915 calcem
3108 4861 3454 4929 liturgiarum
3491 4860 3548 4913 S.
3580 4860 3793 4925 Jacobi,
3830 4863 4011 4918 Basilii

741 4961 796 5006 et
822 4951 1223 5020 Chrysostomi,
1269 4963 1324 5017 p.
1363 4948 1636 5014 158-141ς
1669 4945 1841 5001 Paris.
1882 4945 2020 4998 1360
2057 4943 2152 4996 fol.
2189 4955 2241 4996 et
2270 4943 2463 4999 Latine
2488 4947 2538 4999 in
2568 4947 2865 5016 Liturgicis
2900 4947 3113 5002 Claudii
3143 4947 3210 5000 de
3237 4946 3509 5012 Sainctes,
3534 4947 3816 5018 Antwerp.
3849 4950 4012 5016 1562,

741 5042 798 5104 8,
829 5057 950 5111 pag.
980 5040 1072 5094 82.
1110 5039 1275 5093 ῈΑιιιι.
1307 5039 1370 5093 ι’.
1413 5039 1479 5093 ad
1515 5055 1568 5093 ιι.
1601 5037 1656 5090 2.
1690 5066 1758 5075 -
1794 5034 1968 5088 Paris.
2001 5034 2052 5086 in
2081 5032 2212 5086 b.bl.
2249 5034 2398 5103 pttbl.
2429 5049 2512 5088 θοι

2249 5034 2398 5103 publ.
2429 5035 2590 5088 codd.
2621 5034 2788 5099 1261,
2820 5051 2876 5090 ιι.
2911 5037 2969 5098 2,
3004 5045 3058 5089 et
3086 5034 3250 5100 1218,
3280 5051 3335 5090 ιι.
3360 5034 3412 5091 9.
3445 5064 3516 5076 —
3538 5034 3597 5089 In
3623 5037 3747 5091 cod.
3781 5036 4013 5093 Coislin.

741 5131 869 5186 200.
907 5129 970 5184 ν.
998 5129 1301 5182 Μιιιιιῖιιιιο.
1332 5126 1470 5180 Bibl.
1506 5124 1672 5180 Coisl.
1699 5139 1752 5194 p.
1776 5123 1903 5177 106.
1937 5121 2106 5174 ΙΙΑιιι..
2273 5119 2278 5124 ’

815 5219 904 5273 Il.
940 5216 1218 5286 Expositio
1251 5216 1350 5285 τῆς
1381 5213 1846 5284 ὲκκλησιαστικῆς
1902 5207 2230 5271 άκιλουοίας
2289 5209 2434 5262 edita
2482 5207 2586 5264 Gra

2289 5209 2434 5262 edita
2482 5207 2672 5264 Graece
2708 5211 2772 5266 ad
2809 5213 3014 5269 calcem
3069 5229 3298 5284 operum
3333 5214 3607 5270 Simeonis
3657 5213 4017 5270 Thessaloni-

744 5311 946 5373 censis,
970 5306 1134 5360 Jassii
1170 5308 1220 5358 iu
1251 5305 1515 5358 Moldavia
1546 5302 1702 5364 1635,
1737 5301 1830 5355 lol.
1866 5297 2035 5352 Fssn.
2065 5295 2126 5350 V.
2167 5298 2232 5350 ad
2269 5313 2327 5351 ιι.
2368 5298 2417 5363 1,
2449 5297 2505 5360 2,
2542 5299 2782 5368 Mosquze
2841 5301 2895 5356 in
2928 5301 3048 5365 cod,
3080 5302 3276 5373 synod.
3306 5303 3434 5366 595,
3469 5319 3524 5360 ιι.
3554 5303 3610 5357 2.
3650 5301 3710 5357 ν.
3749 5301 4014 5371 Matthaei,

744 5397 783 5449 I.
819 5413 870 5451 c.
903 5413 955 5466 p.
997 5393 1125 5457 249,
1168 5392 1342 5446 l‘aris.
1378 5393 1431 5445 in
1470 5391 1598 5444 bibl.
1636 5390 1782 5458 publ.
1822 5385 2225 5442 codd.I2l8ct
2257 5386 2413 5440 1261.
2446 5416 2514 5426 -
2539 5386 2702 5442 Conf.
2763 5405 2928 5459 supra
2974 5391 3026 5444 in
3079 5391 3132 5444 Il.
3195 5391 3301 5444 vol.
3334 5407 3387 5460 p.
3421 5390 3514 5448 80.
3549 5422 3617 5433 —
3653 5390 3849 5447 Gerius
3885 5392 3922 5448 I.
3961 5409 4011 5449 c.

747 5490 1082 5556 sus'picalttr,
1123 5489 1262 5542 hanc
1285 5484 1678 5555 expositionem
1721 5497 1828 5537 non
1856 5480 2076 5536 dill’erre
2112 5495 2140 5532 a
2177 5480 2336 5534 Marci
2366 5480 2500 5549 Eug.
2541 5481 2868 5550 Paraphrasi
2920 5484 2970 5537 in
3007 5482 3500 5541 Pentecostarium.
3528 5485 3698 5541 11Αιιι..

822 5579 909 5633 15.
956 5576 1284 5646 Ρυνίψιιακὶδ
1311 5577 1362 5626 in
1399 5573 1873 5628 Pettlecostarium.
1909 5571 2072 5624 Allat.
2101 5570 2235 5622 diss.
2266 5585 2324 5630 ιι,
2353 5584 2477 5638 pag.
2509 5569 2636 5631 280,
2679 5571 2746 5625 de
2777 5572 2933 5627 libris
2969 5573 3174 5628 Eccles.
3210 5572 3546 5629 Graecorum.

819 5669 905 5720 16.
943 5665 1227 5734 Responsio
1259 5665 1454 5732 duplex
1488 5662 1555 5714 ad
1587 5648 1805 5714 Latinos
1827 5662 1887 5714 de
1925 5659 2256 5729 purgatorio.
2307 5657 2407 5712 Ms.
2439 5659 2491 5711 in
2536 5659 2583 5713 hi

2246 5701 2256 5712 .
2307 5657 2407 5712 Ms.
2439 5659 2491 5711 in
2536 5659 2664 5713 bibl.
2687 5658 2955 5715 Cu-sarea.
2979 5661 3173 5732 lucipit
3206 5662 3457 5735 εἘπειδη
3493 5664 3635 5734 μετὰ
3672 5666 3916 5739 ἀγάπης.
3952 5666 4017 5723 Et

819 5879 894 5943 (ὁ)
927 5874 984 5931 5.
1023 5889 1140 5943 pag.
1168 5873 1292 5927 “25.).
1329 5872 1526 5926 liollar.
1564 5889 1618 5926 ιι.
1648 5872 1701 5938 6,
1737 5873 1856 5926 cod.
1891 5869 1977 5927 63.
2010 5871 2182 5936 iisun.
