4484 6462
714 306 857 372 1083

1714 311 1956 373 MARCI
1995 313 2139 371 EPI]
2154 313 2307 371 ESll
2353 314 2405 373 Μ
2419 315 2932 380 E'l'ROPULlT/E

3846 322 3981 384 1034

718 444 736 476 ι
770 421 1008 490 Dimisit,
1068 426 1263 496 inquit,
1314 432 1870 486 commemorationes
1917 431 2159 487 salubris
2184 445 2293 483 suae
2324 433 2368 490 Α
2404 449 2422 481 ‹
2457 433 2489 484 κ

2215 445 2293 483 uae
2324 433 2368 490 Α
2404 449 2422 481 ι
2457 432 2754 500 Κατέλιπε,
2811 435 2997 507 φησὶν,
3029 437 3159 506 ἡμῖν
3197 438 3567 506 ὑπομνήματα
3595 435 3687 488 τοῦ
3715 438 3979 513 σωτηρίου

715 519 989 586 passionis
1046 518 1172 583 ista,
1225 534 1347 588 qute
1404 523 1794 592 proposuimus
1851 524 2151 578 secundum
2194 540 2292 579 sua

720 612 993 674 mandata.
1050 613 1259 668 Debens
1318 615 1462 668 enim
1511 617 1658 670 exire
1709 617 1760 670 in
1818 616 2184 671 voluntariam
2241 629 2296 670 et

715 702 1094 756 beatissimam
1138 706 1486 761 ctviviﬁeam
1525 723 1678 762 suam
1717 721 1972 775 mortem,
2039 710 2090 762 in
2138 722 2296 765 nocte

717 809 822 861 qua
859 794 1109 848 tradebat
1139 799 1377 866 seipsum
1418 815 1516 867 pro
1567 801 1751 853 mundi
1815 801 1950 864 vita.
2022 805 2296 869 accipiens

717 902 910 954 panem
938 891 989 941 in
1015 892 1221 944 sanctis
1254 894 1370 946 suis
1403 906 1454 944 et
1489 895 1854 951 immaculatis
1917 901 2191 962 manibus,
2245 911 2298 956 et

719 979 1012 1032 ostendens
1056 980 1149 1032 tibi
1186 982 1293 1035 Deo
1321 992 1374 1035 et
1405 984 1578 1050 Patri,
1615 989 1819 1055 gratias
1852 1004 2038 1058 agens,
2073 991 2298 1044 benedi-

721 1081 871 1129 cens,
907 1072 1275 1132 sanctiﬁcans.
1319 1073 1576 1145 frangens
1600 1080 1746 1131 dedit
1766 1085 1970 1135 sanctis
1994 1084 2108 1137 suis
2133 1085 2301 1137 disci-

720 1158 866 1225 pulis
897 1165 1235 1230 etapostolis
1290 1166 1503 1231 dicens,
1569 1172 1801 1235 Accipite
1844 1182 1893 1225 et
1943 1176 2299 1231 manducate:

723 1248 837 1302 Hoc
867 1264 942 1305 est
988 1270 1173 1325 corpus
1216 1276 1409 1322 meum,
1463 1262 1600 1330 quod
1633 1280 1728 1331 pro
1768 1265 1906 1319 t'obis
1948 1267 2213 1336 frangitur
2245 1271 2300 1323 in

722 1347 1082 1402 remissionem
1114 1364 1464 1419 peccatorum.
1524 1353 1790 1410 Similiter
1849 1368 1901 1414 et
1955 1362 2178 1415 calicem
2234 1363 2299 1415 de

724 1437 999 1503 genimine
1033 1442 1155 1495 vilis
1187 1445 1480 1510 accipiens,
1521 1448 1778 1514 miscens,
1837 1451 2042 1519 gratias
2108 1468 2297 1521 agens,

726 1528 1079 1598 benedicens,
1112 1536 1478 1598 sanetiﬁeans,
1512 1539 1658 1592 dedit
1717 1543 1922 1596 sanctis
1967 1546 2080 1596 suis
2138 1545 2304 1598 disci-

723 1618 870 1686 pulis
903 1633 955 1675 et
999 1626 1286 1690 apostolis,
1330 1629 1563 1684 dicens:
1606 1631 1774 1685 Bibite
1826 1650 1890 1686 ex
1939 1637 2035 1686 hoc
2099 1652 2297 1691 omnes.

724 1708 807 1761 hic
834 1719 912 1763 est
950 1716 1166 1781 sanguis
1201 1733 1345 1770 meus
1396 1720 1515 1771 novi
1541 1719 1885 1787 Testamenti,
1919 1725 2011 1792 qui
2038 1741 2132 1791 pro
2160 1727 2302 1780 vobis

725 1808 774 1851 et
804 1818 899 1867 pro
933 1803 1114 1856 multis
1150 1805 1443 1872 effunditur
1466 1810 1520 1862 in
1560 1811 1922 1865 remissionem
1953 1825 2302 1882 peccatorum.

727 1890 839 1944 Hoc
861 1893 1017 1960 facite
1049 1897 1101 1948 in
1129 1914 1298 1952 meam
1325 1905 1894 1958 commemorationem.
1914 1905 2004 1957 »Ει
2028 1918 2147 1974 post
2175 1924 2305 1975 pau-

728 1997 790 2036 ca
821 2002 833 2037 :
867 2003 884 2034 t
914 1983 1056 2050 ldeo,
1081 1988 1306 2044 Domine
1326 1993 1693 2055 sanctissime,
1713 2004 1767 2049 et
1799 2001 1896 2049 nos
1923 2005 2234 2064 peceatores
2253 2003 2300 2049 et

731 2070 936 2140 indigni
1009 2077 1152 2129 servi
1188 2079 1285 2141 tui,
1316 2084 1406 2146 qui
1439 2083 1723 2136 constituti
1771 2101 1962 2140 sumus
1998 2088 2305 2142 ministrare

731 2173 922 2217 sancto
949 2166 1105 2220 altari
1147 2181 1256 2230 tuo,
1296 2176 1906 2242 nonpropterjustitias
1932 2190 2148 2233 nostras
2173 2179 2303 2241 (non

729 2255 870 2308 enim
903 2255 1133 2313 facimus
1151 2261 1278 2327 quid
1303 2264 1426 2317 boni
1450 2266 1504 2319 in
1526 2267 1714 2337 terra),
1738 2270 1828 2323 sed
1863 2282 2079 2338 prOpter
2097 2272 2248 2325 miset
2266 2273 2305 2326 i-

692 2419 695 2421 _
729 2349 946 2402 cordias
997 2361 1044 2403 et
1081 2353 1460 2409 miserationes
1515 2367 1636 2412 tuas
1676 2375 1813 2428 quas
1869 2361 2100 2416 eﬂudisti
2137 2364 2309 2417 abun-

729 2437 924 2494 danter
955 2457 1115 2510 super
1148 2460 1266 2509 nos,
1292 2448 1623 2503 conﬁdentes
1653 2453 2152 2521 appropinquamtts
2185 2471 2308 2509 san-

730 2543 818 2588 cto
849 2533 1002 2588 altari
1033 2546 1144 2600 tuo,
1165 2547 1217 2592 et
1249 2553 1612 2608 proponentes
1638 2545 1899 2614 antitypa,
1931 2548 1979 2600 id
2014 2558 2095 2601 est
2139 2552 2309 2603 eonfi-

729 2625 942 2689 guralia
999 2629 1169 2680 sancti
1206 2630 1446 2696 corporis
1477 2640 1531 2685 et
1574 2635 1855 2702 sanguinis
1893 2637 2091 2692 Christi
2126 2641 2223 2701 tui,
2259 2649 2310 2695 te

727 2716 1085 2774 obsecramus
1116 2728 1170 2774 et
1204 2731 1254 2774 te
1307 2725 1674 2791 postulamus,
1702 2727 1902 2781 Sancte
1965 2744 2304 2798 sanctorum,

725 2809 1062 2878 beneplaeita
1102 2823 1189 2866 tua
1218 2815 1579 2882 benignitate,
1619 2820 1806 2874 venire
1865 2821 2125 2890 Spiritum
2185 2841 2310 2879 san-

727 2912 872 2956 ctum
909 2914 1059 2958 tuum
1085 2921 1370 2974 supernos
1403 2917 1456 2962 et
1511 2925 1683 2977 super
1746 2915 2020 2980 preposita
2082 2933 2308 2972 munera

727 2993 856 3058 ista,
887 3007 942 3049 et
970 2995 1294 3052 benedicere
1311 3015 1373 3052 ea
1405 3009 1458 3054 et
1488 3003 1850 3069 sanetilieare,
1910 3017 1961 3059 et
2016 3010 2308 3064 ostendere

727 3102 923 3156 panem
951 3091 1168 3158 quidem
1202 3092 1389 3157 istum,
1446 3095 1623 3162 ipsum
1691 3098 2049 3152 honoriﬁcum
2107 3118 2304 3170 corpus
2333 3118 2380 3180 ρ

730 3179 968 3247 Domini,
1008 3183 1096 3235 Dei
1119 3193 1173 3237 et
1209 3184 1508 3241 Salvatoris
1547 3190 1716 3242 nostri
1750 3187 1875 3244 Jesu
1933 3191 2160 3255 Christi,
2212 3197 2303 3262 qui

727 3274 934 3328 eﬂusus
985 3284 1070 3328 est
1101 3292 1197 3345 pro
1227 3279 1410 3331 mundi
1447 3281 1575 3333 vita.
1615 3300 1634 3332 ι
1673 3281 1853 3337 Divus'
1877 3299 2090 3352 quoque
2139 3286 2309 3357 Chry-

729 3380 1008 3423 sustotntts
1063 3371 1252 3424 eadem
1332 3374 1529 3434 iterum
1612 3377 1891 3432 coueisius
1971 3394 2304 3446 exponens:

737 3479 754 3510 ι
782 3460 1015 3514 Veniens
1049 3463 1310 3516 Dominus
1345 3467 1616 3529 completo
1647 3468 1797 3522 omni
1859 3484 1958 3538 pro
2007 3470 2166 3526 nobis
2196 3487 2307 3542 my-

730 3555 918 3618 szcrio,
949 3565 1106 3606 nocte
1135 3572 1240 3624 qua
1277 3559 1612 3622 tradebatur,
1643 3562 1818 3630 magis
1850 3573 2030 3617 autem
2060 3565 2310 3619 tradebat

731 3645 990 3712 seipsum,
1027 3662 1125 3714 pro
1187 3651 1372 3701 mutuli
1404 3653 1534 3714 vita,
1571 3669 1762 3718 panem
1797 3655 2073 3724 accipiens
2101 3661 2308 3713 sanctis

730 3738 870 3799 Suis,
914 3735 1282 3791 immaculatis
1316 3752 1361 3791 ei
1399 3740 1697 3805 impollutis
1725 3743 1994 3807 manibus,
2021 3760 2142 3798 eum
2182 3763 2309 3816 gra-

735 3827 838 3883 tias
896 3829 1114 3897 egisset.
1171 3832 1469 3896 benedixit,
1521 3835 1870 3887 sanetiticzms
1915 3844 1968 3888 et
2028 3837 2307 3906 frangens,

736 3920 946 3974 sanctis
970 3924 1085 3974 suis
1113 3922 1398 3989 discipulis
1432 3934 1486 3976 et
1519 3925 1782 3992 apostolis
1814 3925 2007 3979 tribuit
2067 3927 2258 3985 dicens
2293 3947 2308 3984 :

733 4010 965 4078 Accipite
995 4025 1039 4066 et
1067 4015 1336 4067 comedite.
1401 4014 1513 4067 lloc
1563 4026 1638 4068 est
1680 4033 1870 4085 corpus
1922 4036 2115 4085 meum,
2171 4023 2309 4091 quod

736 4122 832 4174 pro
862 4107 1000 4161 vobis
1033 4108 1300 4177 frangitur
1331 4109 1385 4161 in
1438 4110 1799 4163 remissionem
1845 4123 2200 4176 peccatorum.
2227 4116 2310 4170 Si-
2355 4127 2358 4132 '

734 4202 938 4255 nti'iter
977 4212 1156 4255 autem
1217 4211 1272 4256 et
1315 4203 1536 4258 calicem
1593 4214 1878 4274 postquam
1940 4209 2177 4262 cmuavit
2228 4208 2310 4262 di-

737 4303 869 4342 cens
907 4302 920 4341 :
952 4287 1124 4342 Bibite
1146 4304 1210 4342 ex
1239 4292 1334 4342 hoc
1357 4306 1556 4346 omnes.
1609 4291 1711 4346 llic
1769 4308 1843 4348 est
1894 4297 2108 4367 sanguis
2166 4315 2310 4351 meus

736 4382 855 4436 novi
879 4380 1221 4446 Testantenti,
1247 4383 1338 4451 qui
1360 4399 1455 4452 pro
1483 4385 1623 4438 vobis
1671 4395 1720 4438 et
1753 4385 1991 4454 pluribus
2022 4389 2313 4456 rﬁ'unditur

732 4475 788 4526 in
809 4474 1168 4527 remissionem
1189 4483 1542 4542 peccatorum.
1576 4495 1594 4527 ι
1633 4476 1696 4530 Ει
1734 4478 1896 4546 pattlo
1928 4488 2048 4548 post
2078 4481 2149 4534 ita
2178 4484 2308 4536 suh-
2344 4463 2388 4520 θ

729 4566 947 4636 jungit:
988 4585 1005 4616 ι
1034 4564 1330 4621 Οίΐετὶιηυε
1362 4567 1458 4622 tibi
1501 4568 1824 4624 rationabile
1865 4585 1930 4624 ae
1964 4571 2306 4627 incruentum

736 4658 839 4710 hoc
863 4656 1300 4723 saeriileium,et
1351 4672 1660 4726 precamur,
1719 4669 1774 4714 et
1838 4662 2228 4730 supplicamus,
2261 4674 2312 4719 et

733 4749 1102 4818 deposcimus,
1163 4760 1224 4806 ut
1281 4755 1466 4806 mittas
1519 4751 1786 4821 Spiritum
1859 4759 2106 4809 sanetum
2158 4766 2309 4810 tuum

734 4857 899 4912 super
928 4857 1028 4896 nos
1059 4852 1111 4896 ct
1139 4845 1440 4912 superhsee
1498 4848 1746 4914 apposita
1789 4863 2014 4901 munera
2057 4866 2070 4902 :
2105 4858 2158 4903 et
2225 4850 2310 4904 [πο

734 4949 929 5005 panem
970 4936 1134 4988 istutu
1191 4937 1410 5003 quidem
1480 4937 1778 5006 pretiosum
1846 4954 2044 5009 corpus
2105 4941 2307 4995 Christi

736 5028 812 5082 tui
845 5042 859 5080 ε
887 5035 940 5081 et
962 5029 1105 5095 quod
1131 5038 1213 5083 est
1246 5029 1294 5080 itt
1316 5029 1483 5083 calice
1516 5031 1619 5084 isto
1666 5030 1964 5097 pretiosum
1985 5034 2303 5102 sanguinem

732 5119 936 5174 Christi
967 5119 1064 5184 tui,
1100 5130 1414 5189 permutans
1449 5131 1637 5176 saneto
1662 5121 1864 5190 Spiritu
1896 5131 2008 5175 tuo.
2059 5141 2075 5173 ι

2405 522 2570 576 αὐτοῦ
2603 526 2833 588 πάθους,
2861 527 3036 580 ταῦτα
3066 527 3101 580 ὃ.
3129 528 3560 596 προτεθείκαμεν
3594 527 3731 580 κατὰ
3762 525 3858 587 τὰς
3891 527 3982 578 αὐ-

2404 612 2499 665 τοῦ
2539 614 2758 678 ἐντολάς
2785 631 2798 643 ·
2831 617 3039 686 μέλλων
3072 618 3180 686 γὰρ
3227 617 3431 682 ἐξιέναι
3469 619 3561 672 ἐπὶ
3599 617 3688 669 τὸν
3735 615 3981 670 ἑκούσιον

2406 705 2498 757 καὶ
2549 706 2794 775 ἀοίδιμον
2841 709 2934 760 καὶ
2968 709 3227 771 ζωοποιδν
3275 708 3443 762 αὐτοῦ
3487 709 3737 767 θάνατον,
3775 709 3840 776 τῇ
3888 724 3980 759 νυ-

2405 797 2495 848 κτὶ
2652 800 2941 867 παρεδίδου
3006 801 3196 852 ἑαυτὸν
3259 801 3400 870 ὑπὲρ
3460 802 3558 868 τῆς
3619 800 3711 852 τοῦ
3775 799 3982 867 κόσμου

2407 889 2573 957 ζωῆς,
2599 888 2962 960 λαϐὼν,ἇρτον
2994 893 3084 944 ἐπὶ
3105 891 3211 944 τῶν
3250 893 3420 959 ἁγίων
3450 892 3612 944 αὐτοῦ
3646 893 3737 944 καὶ
3783 893 3986 958 ἀχρὰν-

2406 999 2512 1034 των
2577 983 2795 1051 χειρῶν,
2838 985 2932 1036 καὶ
2984 983 3266 1047 ἀναδείξας
3332 1000 3414 1037 σοι
3466 985 3543 1054 τῷ
3576 981 3696 1053 Θεῷ
3733 985 3825 1036 καὶ
3873 983 3985 1034 Πα-

2406 1075 2519 1142 τρὶ,
2579 1075 3006 1143 εὐχαριστήσας,
3063 1075 3392 1145 εὐλογήσας,
3453 1075 3707 1142 ἁγιάσας,
3758 1075 3982 1137 κλάσας,

2408 1162 2572 1215 ἔδωκε
2603 1150 2712 1226 τοῖς
2741 1166 2914 1232 ἁγίοις
2969 1165 3133 1218 αὐτοῦ
3185 1165 3453 1233 μαθηταῖς
3502 1166 3592 1217 καὶ
3640 1164 3984 1224 ἀποστόλοις,

2409 1253 2601 1318 εἰπὼν,
2638 1253 2878 1318 Λάϐετε,
2907 1255 3125 1323 φάγετε
3154 1273 3167 1286 ·
3206 1256 3381 1308 τοῦτό
3421 1256 3536 1324 μού
3564 1256 3695 1308 ἐστι
3720 1254 3787 1308 τὸ
3815 1253 3987 1321 σῶμα

2409 1345 2472 1395 τὸ
2506 1344 2658 1411 ὑπὲρ
2706 1342 2873 1412 ὑμῶν
2912 1344 3222 1411 κλώμενοι*
3249 1347 3334 1410 είς
3379 1344 3601 1413 ἄφεσιν
3643 1342 3940 1412 ἁμαρτιῶν
3965 1359 3982 1375 ·

2408 1436 2612 1506 ὁμοίως
2666 1439 2757 1488 καὶ
2809 1437 2868 1487 τὺ
2921 1439 3180 1504 ποτήριον
3238 1438 3300 1489 ὲκ
3344 1436 3438 1489 τοῦ
3496 1437 3837 1504 γεννήματος
3886 1434 3986 1502 τῆς

2411 1529 2661 1598 ἀμπέλου
2702 1527 2906 1588 λαϐὼν,
2963 1527 3224 1596 κεράσας,
3279 1525 3704 1596 εὐχαριστήσας,
3767 1525 3991 1594 εὐλογή-

2412 1639 2532 1683 σας,
2600 1619 2838 1687 ἁγιάσας
2875 1619 3043 1672 ἐδωκε
3091 1620 3202 1678 τοῖς
3257 1618 3431 1684 ἁγίοις
3484 1617 3652 1670 αὐτοῦ
3712 1617 3988 1686 μαθηταῖς

2412 1714 2504 1765 καὶ
2560 1711 2880 1773 ἀποστόλοις
2939 1712 3130 1773 εἰπὼν,
3167 1710 3337 1761 Πίετε
3387 1709 3455 1772 ἐξ
3488 1708 3673 1762 αὑτοῦ
3720 1707 3984 1772 πάντες·

2410 1804 2588 1858 τοῦτό
2614 1805 2747 1858 ἐστι
2774 1803 2840 1857 τὸ
2873 1799 3016 1870 αἷμά
3043 1801 3252 1870 μουτό
3284 1800 3394 1867 τῆς
3428 1799 3640 1866 καινῆς
3670 1799 3986 1864 Διαθήκης,

2408 1899 2475 1951 τὸ
2503 1898 2654 1963 ὑπὲρ
2683 1898 2850 1965 ὑμῶν
2878 1897 2971 1950 καί
3005 1894 3251 1948 πολλῶν
3299 1894 3712 1961 ἐκχυνόμενον
3738 1895 3822 1958 είς
3850 1892 3990 1960 ἀρε-

2410 2007 2515 2043 σιι-
2544 1988 2864 2056 ἁμαρτιῶν.
2910 1989 3087 2041 Τοῦτο
3135 1985 3354 2041 ποιεῖτε
3398 1989 3486 2053 εἰς
3516 1988 3631 2051 τὴν
3661 1986 3813 2055 ἐμὴν
3848 1986 3991 2039 circi-

2405 2097 2653 2152 μνησιν.
2697 2100 2713 2132 ι
2751 2083 2858 2134 Καὶ
2898 2083 3015 2148 μετ’
3055 2081 3210 2146 ὀλίγα
3241 2093 3253 2107 ’
3286 2098 3303 2129 ι
3351 2079 3450 2131 Διὰ
3507 2079 3686 2140 τοῦτο,
3719 2080 3986 2141 Δέσποτα,

2413 2177 2669 2242 πανάγιε,
2707 2175 2798 2226 καὶ
2832 2176 2991 2243 ἡμεῖς
3019 2175 3067 2226 οἱ
3101 2173 3417 2242 ἁμαρτωλοὶ
3451 2173 3541 2224 καὶ
3573 2173 3781 2235 ἀνάξιοι
3815 2171 3990 2223 δοῦλοί

2412 2285 2525 2329 σου,
2551 2267 2599 2318 οί
2635 2265 3061 2329 καταξιωθέντες
3108 2264 3443 2333 λειτουργεῖν
3484 2263 3559 2332 τῷ
3595 2265 3734 2332 ἁγίῳ
3766 2281 3856 2315 σου
3896 2263 3989 2315 θυ-

2411 2361 2735 2429 σιαστηρίῳ,
2783 2361 2841 2411 οὐ
2878 2361 2967 2412 διὰ
3015 2360 3113 2421 τὰς
3164 2361 3514 2423 δικαιοσύνας
3561 2361 3739 2429 ἡμῶν,
3771 2362 3831 2413 οὐ
3881 2361 3991 2431 γὰρ

2413 2452 2755 2521 ἐποιήσαμέν
2818 2470 2868 2504 τι
2920 2451 3120 2517 ἀγαθὸν
3168 2453 3260 2503 ἐπὶ
3311 2453 3407 2520 τῆς
3441 2453 3562 2520 γῆς,
3597 2453 3731 2505 ἀλλὰ
3787 2453 3874 2505 διὰ
3923 2453 3991 2504 τὰ

2412 2546 2536 2617 ὲλέη
2605 2562 2697 2597 σου
2744 2546 2837 2596 καὶ
2891 2545 3019 2606 τοῦς
3072 2544 3392 2614 οίκτιρμούς
3450 2561 3565 2608 σου,
3620 2544 3711 2607 οὓς
3770 2545 3990 2614 ἐξέχεας

2413 2638 2685 2700 πλουσίως
2727 2637 2811 2705 ἐφ’
2847 2637 3015 2705 ἡμᾶς,
3056 2635 3388 2706 θαρροῦντες
3439 2635 3876 2704 προσεγγὶζομεν
3915 2636 3991 2704 τῷ

2412 2731 2554 2800 ἁγίῳ
2587 2747 2678 2782 σου
2713 2728 3108 2798 θυσιαστηρίῳ,
3143 2727 3238 2780 καὶ
3265 2726 3594 2796 προσθέντες
3623 2728 3689 2779 τὰ
3722 2727 3992 2781 ἀντίτυπα.

2411 2822 2506 2875 τοῦ
2541 2822 2698 2889 ἁγίου
2751 2819 3005 2889 σώματος
3044 2820 3139 2873 καὶ
3191 2820 3423 2886 αἵματος
3471 2819 3563 2871 τοῦ
3599 2819 3833 2888 Χριστοῦ
3876 2837 3989 2881 σου,

2415 2914 2508 2966 σοῦ
2540 2914 2768 2980 δεόμεθα
2801 2914 2896 2965 καὶ
2920 2914 2978 2965 σὲ
3011 2912 3458 2982 παρακαλοῦμεν,
3485 2912 3642 2979 Ἀγιε
3677 2912 3869 2978 ἁγίων,
3903 2910 3992 2961 εὐ-

2412 3006 2566 3073 δοκία
2617 3006 2716 3072 τῆς
2767 3005 2866 3073 σῆς
2906 3003 3260 3072 ἁγαοότητος,
3313 3003 3486 3056 ἆλθεῖν
3537 3004 3596 3055 τὺ
3637 3004 3858 3071 Πνεῦμα
3899 3021 3990 3054 σου

2413 3097 2473 3149 τὸ
2520 3097 2672 3163 ἆγιον
2735 3097 2821 3164 ἐφ’
2852 3097 2999 3164 ἡμᾶς
3053 3095 3149 3148 καὶ
3202 3095 3293 3146 ἐπὶ
3342 3095 3409 3146 τὰ
3469 3095 3808 3164 προκείμενα
3847 3095 3992 3162 δῶρα

2411 3190 2608 3256 ταῦτα,
2659 3190 2757 3242 καὶ
2789 3187 3087 3256 εὐλογῆσαι
3123 3185 3261 3238 αὐτὰ
3315 3187 3409 3238 καὶ
3442 3186 3687 3252 ἁγιάσαι,
3741 3188 3836 3238 καὶ
3866 3190 3996 3238 ανασ-

2409 3282 2598 3345 δεῖξαι,
2641 3281 2730 3333 τὸν
2770 3281 2868 3349 μὲν
2912 3280 3076 3348 ἄρτον
3122 3278 3310 3329 τοῐτον
3353 3278 3484 3329 αὐτὸ
3517 3278 3578 3329 τὸ
3622 3281 3802 3346 τίμιον
3838 3279 3993 3346 σῶμα

2408 3372 2503 3424 τοῦ
2530 3372 2733 3442 Κυρίου
2759 3373 2848 3423 καὶ
2883 3369 3135 3437 Σωτῆρος
3156 3368 3312 3438 ἡμῶν
3357 3369 3533 3436 Ἰησοῦ
3561 3369 3820 3436 Χριστοῦ,
3849 3371 3907 3420 τὸ
3939 3370 3992 3421 δὲ

2412 3465 2674 3532 ποτήριον
2697 3463 2857 3515 τοῦτο
2889 3462 3021 3514 αὐτὸ
3054 3461 3112 3514 τὸ
3135 3463 3316 3530 τίμιον
3357 3456 3496 3528 αἷμα
3526 3460 3618 3513 τοῦ
3663 3462 3866 3530 Κυρίου
3903 3465 3994 3514 καὶ

2411 3555 2549 3609 Θεοῦ
2587 3558 2681 3609 καὶ
2713 3555 2966 3623 Σωτῆρος
3015 3555 3170 3622 ἡμῶν
3208 3553 3383 3622 Ἰησοῦ
3421 3553 3679 3622 Χριστοῦ,
3727 3554 3786 3606 τὸ
3837 3557 3996 3622 ἐκχυ-

2413 3649 2501 3702 θὲν
2557 3649 2698 3718 ὑπὲρ
2739 3652 2837 3718 τῆς
2878 3648 2970 3698 τοῦ
3027 3648 3234 3714 κόσμου
3289 3647 3454 3712 ζωῆς.
3501 3665 3518 3696 ›
3562 3645 3618 3698 Ὀ
3652 3646 3705 3698 δέ
3755 3664 3816 3713 γε
3852 3647 3994 3706 Osis;

2413 3746 2798 3812 Χρυσόστομος
2845 3742 2912 3794 τὰ
2964 3741 3103 3794 αὐτὰ
3158 3739 3322 3792 πάλιν
3377 3737 3780 3809 ὲπιτομώτερον
3816 3741 3994 3804 ἀπαγ-

2411 3835 2637 3904 γέλλων,
2681 3853 2698 3885 ι
2746 3833 2947 3886 Ἐλθὼν
2996 3834 3028 3886 ὁ
3056 3832 3279 3903 Κύριος,
3333 3831 3490 3898 φησὶ,
3531 3832 3624 3883 καὶ
3679 3833 3862 3883 πᾶσαν
3895 3832 3992 3900 τὴν

2413 3931 2555 4000 ὑπὲρ
2591 3929 2746 3999 ἡμῶν
2778 3927 3091 3994 οἰκονομίαν
3119 3925 3436 3995 πληρώσας,
3470 3927 3534 3992 τῇ
3557 3923 3712 3976 νυκτὶ
3819 3940 3992 3990 παρε-

2411 4025 2608 4086 δίδοτο,
2650 4023 2852 4092 μᾶλλον
2897 4021 2954 4073 δὲ
2985 4020 3177 4073 ἑαυτὸν
3228 4019 3537 4086 παρεδίδου,
3573 4018 3711 4084 ὑπὲρ
3751 4018 3849 4085 τῆς
3896 4018 3989 4070 τοῦ

2412 4120 2618 4187 κόσμου
2665 4116 2831 4185 ζωῆς,
2882 4114 3064 4168 λαϐὼν
3103 4113 3267 4182 ἄρτον
3319 4114 3375 4163 ἑν
3424 4114 3541 4174 ταῖς
3578 4112 3762 4178 ἁγίαις
3819 4113 3984 4165 αὐτοῦ

2413 4211 2507 4263 καὶ
2531 4209 2817 4277 ἀκράντοις
2846 4206 2937 4258 καὶ
2971 4205 3295 4272 ἁμωμήτοις
3322 4207 3536 4272 χερσὶν,
3566 4201 3986 4271 εὐχαριστήσας,

2414 4299 2743 4367 εὐλογήσας,
2785 4296 3050 4363 ἁγιάσας,
3095 4294 3323 4358 κλάσας,
3357 4292 3521 4344 ἔδωκε
3551 4295 3662 4350 τοῖς
3695 4293 3870 4360 ἁγίοις
3901 4295 3993 4345 αὐ-

2415 4391 2507 4445 τοῦ
2541 4389 2809 4458 μαθηταῖς
2863 4388 2957 4441 καὶ
2987 4385 3304 4446 ἀποστόλοις
3345 4383 3516 4436 εἰπών
3541 4400 3555 4413 ·
3591 4382 3832 4447 Λάϐετε,
3885 4385 3997 4454 φά-

2414 4499 2545 4554 Tete
2573 4498 2586 4512 '
2625 4480 2805 4535 τοῦτό
2848 4478 2966 4548 μού
3003 4477 3135 4531 ἐστι
3176 4477 3242 4530 τὸ
3291 4474 3464 4544 σῶμα
3509 4475 3577 4528 τὸ
3630 4475 3781 4542 ὑπὲρ
3834 4474 4000 4543 ὑμῶν

2415 4573 2726 4640 κλώμενον
2773 4570 2860 4636 εἰς
2911 4569 3135 4637 ἄφεσιν
3177 4564 3478 4636 ἁμαρτιῶν
3507 4583 3519 4596 ·
3556 4566 3754 4634 ὁμοίως
3793 4567 3883 4618 καὶ
3939 4567 4000 4618 τὸ

2414 4667 2676 4735 ποτήριον
2718 4663 2854 4730 μετᾶ
2912 4661 2970 4714 τὸ
3002 4660 3290 4728 δειπνῆσαι
3335 4658 3508 4724 λέγων
3536 4675 3550 4690 ο
3579 4659 3749 4711 HIs-ts
3792 4657 3860 4722 ἐξ
3892 4659 3998 4710 αὑ-

2413 4757 2521 4811 τοῦ
2555 4755 2780 4818 πάντες
2807 4768 2821 4782 ·
2855 4751 3035 4805 τοῦτό
3063 4751 3191 4803 ἐστι
3222 4748 3287 4802 τό
3323 4744 3466 4817 (ιῖμὰ
3494 4767 3608 4813 μου
3641 4748 3707 4801 τὸ
3738 4749 3847 4814 τῆς
3877 4765 4000 4802 και-

2416 4847 2530 4916 νῆς
2570 4846 2868 4913 Διαθήκης
2925 4843 2990 4896 τὸ
3023 4841 3175 4909 ὑπὲρ
3224 4840 3391 4910 ὑμῶν
3446 4841 3861 4909 ἐκχυνόμενον
3914 4844 3998 4905 είς

2419 4939 2641 5006 ἄφεσιν
2675 4933 2994 5005 ἁμαρτιῶν.
3038 4951 3055 4983 ι
3098 4933 3207 4985 Καὶ
3264 4933 3402 5002 μετὰ
3439 4932 3634 5002 μικρὸν
3668 4931 3840 4995 οὕτως
3882 4935 3998 4984 ἐπι-

2420 5031 2721 5085 συνάπτει·
2757 5047 2774 5079 ι
2819 5025 3210 5097 Προσφέρομὲν
3239 5042 3319 5076 σοι
3357 5026 3456 5094 τὴν
3488 5025 3710 5093 λογικὴν
3745 5025 3999 5094 τοιαύτην

2421 5126 2514 5178 καὶ
2553 5122 2885 5190 ἀναίμακτον
2937 5116 3225 5185 λατρείαν⁶
3262 5117 3356 5168 καὶ
3404 5116 3853 5186 παρακαλοῦμεν,
3905 5117 3998 5169 καὶ

730 5213 985 5285 δ;6μεθα,
1026 5216 1118 5264 καί
1170 5214 1503 5282 ἱκετεύομεν,
1557 5216 1916 5286 κατάπεμψον
1970 5216 2028 5268 τὸ
2085 5218 2304 5284 Πνεῦμα
2344 5235 2436 5270 σου
2461 5216 2522 5268 τὸ
2562 5214 2716 5280 ἆγιον
2748 5212 2832 5281 ἐφ’
2870 5211 3018 5279 ἡμᾶς
3093 5211 3186 5262 καὶ
3246 5208 3338 5260 in!
3377 5208 3446 5261 τὰ
3478 5209 3815 5278 προκείμενα
3845 5209 3996 5276 δῶρα

731 5314 930 5380 ταῦτα,
973 5316 1066 5367 κα)⁵
1111 5314 1337 5380 πίίησον
1387 5315 1475 5364 τὸν
1530 5316 1628 5381 μὲν
1677 5313 1839 5380 ἄρτον
1891 5311 2076 5364 τοῦτον
2129 5314 2308 5379 τίμιον
2352 5315 2510 5380 σῶμα
2542 5309 2635 5362 τοῦ
2668 5305 2903 5377 Χριστοῦ
2937 5323 3051 5371 σου,
3083 5305 3142 5358 τὸ
3174 5303 3228 5356 δὲ
3269 5304 3326 5356 ὲν
3393 5303 3470 5374 τῷ
3534 5305 3781 5376 ποτηρίῳ
3821 5305 3996 5376 τούτῳ

733 5411 914 5478 τίμιον
942 5405 1082 5477 αἷμα
1113 5406 1207 5460 τοῦ
1238 5405 1472 5474 Χριστοῦ
1506 5423 1622 5470 σου,
1663 5403 1985 5474 μεταϐαλὼν
2016 5403 2092 5474 τῷ
2131 5405 2406 5473 Πνεῦματί
2440 5421 2528 5454 σου
2559 5401 2633 5468 τῷ
2663 5400 2819 5469 ἁγίῳ.
2860 5417 2877 5449 ι

811 5502 883 5554 Ita
913 5503 1130 5574 quidem
1169 5515 1358 5554 omnes
1393 5502 1442 5552 hi
1477 5502 1842 5564 concorditer,
1876 5500 2028 5568 prius
2090 5499 2308 5567 quidem

735 5600 970 5653 recitant
1000 5594 1276 5648 Dominiea
1305 5593 1492 5659 verba,
1528 5601 1580 5655 et
1610 5608 1705 5660 per
1741 5608 1801 5646 ea
1828 5608 1928 5646 ttos
1958 5592 2021 5645 ad
2056 5593 2307 5644 recorda-

734 5689 934 5742 tionem
966 5685 1040 5740 rei
1075 5692 1188 5737 tum
1218 5695 1448 5752 peractae
1478 5683 1779 5748 adducunt,
1814 5693 1867 5738 et
1923 5682 2310 5737 sanctificatri-

732 5796 849 5835 cem
883 5778 989 5832 vim
1017 5791 1080 5832 ac
1106 5777 1403 5846 potentiam
1430 5775 1728 5828 immittunt
1791 5773 1844 5826 iu
1896 5787 1956 5828 ea
1997 5789 2116 5839 qme
2176 5789 2302 5826 cutt-

2491 5495 2645 5547 Οὕτω
2674 5494 2770 5562 μὲν
2797 5493 3030 5552 ἅπαντες
3053 5481 3143 5540 ob:
3182 5505 3197 5538 ι
3228 5485 3530 5553 συμφώνως
3550 5486 3868 5554 προλέγουσι
3897 5490 3996 5558 μὲν

2416 5586 2483 5638 τὰ
2511 5582 2815 5636 Δεσποτικὰ
2857 5583 3093 5650 ῥήματα,
3134 5579 3226 5630 καὶ
3260 5577 3325 5628 δι’
3367 5576 3544 5628 αὐτῶν
3573 5581 3650 5636 είς
3690 5577 3994 5646 ἀνάμνησιν

2419 5679 2562 5746 ἡμᾶς
2588 5677 2780 5742 ἄγουσι
2797 5674 2888 5725 τοῦ
2911 5673 3029 5724 τότε
3047 5671 3399 5740 πραχθέντος,
3432 5669 3522 5720 καὶ
3545 5670 3642 5737 τὴν
3668 5671 3995 5741 ἁγιαστικὴν

2415 5771 2644 5833 ὃύναμιν
2682 5769 2850 5821 sutis:
2889 5767 3260 5827 τι).ο·.›μῖνοις·
3293 5763 3607 5822 invi/avus.
3640 5763 3692 5816 δὲ
3741 5763 3985 5820 fixes-sv.
