4484 6462
430 403 565 462 1ὓ85

1307 402 1406 463 DE
1439 402 1791 464 CORPORE
1819 403 1914 466 ΕΤ
1937 404 2340 467 SANGUINE
2371 408 2708 471 CHRISTI.

3545 416 3682 475 1086

428 508 516 560 ml
539 506 634 575 τὴν
649 504 917 585 τοῦγάγίου
934 507 1243 577 Πνεύματος
1267 510 1647 562 ἐπικαλοῦνται
1666 512 1844 579 χάριν,
1865 513 2006 567 ῶστε
2035 519 2083 577 Α
2113 533 2199 572 sec

1917 531 2006 567 στε
2035 519 2083 577 Α
2113 528 2433 582 secrantur;
2469 530 2656 590 postea
2685 534 2814 574 vero
2842 522 3148 576 orationem
3173 522 3448 586 adhibent,
3471 531 3526 574 et
3552 536 3681 577 san-

428 597 593 664 αὐτὴν
614 595 888 658 ἐλθοῦσαν,
912 598 978 650 τά
996 597 1257 664 εἰρημένα
1276 600 1396 650 τότε
1419 602 1531 661 τοῖς
1553 600 1649 651 νῦν
1676 603 2008 669 ἐφαρμόσαι,

428 687 520 739 καὶ
551 686 618 738 τὰ
646 687 974 756 προκείμενα
997 688 1301 766 τελειῶσαι,
1334 689 1429 741 καὶ
1456 688 1591 757 πρὶς
1618 689 1676 741 τὸ
1695 690 2012 744 δεσποτικὸν

428 779 588 848 σῶμα
609 779 701 831 καὶ⁵
722 774 861 847 αἷμα
889 778 1254 847 μεταποιῆσαι
1273 795 1288 813 ο
1316 779 1455 849 αῦτη
1484 779 1592 848 γὰρ
1611 780 1706 832 καὶ
1734 782 1790 832 έν
1818 783 1884 850 τῇ
1909 783 2011 851 μή·

428 887 530 938 τρᾳ
559 870 657 939 τῆς
682 870 958 940 Παρθένου
977 870 1076 940 τὴν
1099 870 1360 940 θεοφόρον
1382 873 1598 939 ἐκείνην
1642 875 2012 940 συνεστήσατο

431 962 631 1031 σάρκα,
664 964 803 1015 κατά
852 964 913 1016 τὸ
941 964 1232 1034 εἰρημένον
1261 964 1397 1032 πρὸς
1429 963 1598 1035 αὐτὴν
1640 965 1744 1016 ὑπὸ
1781 964 1876 1016 τοῦ
1912 967 2012 1030 ἀγο

430 1054 590 1119 γέλου
618 1070 633 1085 ο
701 1055 945 1125 Πνεῦμα
995 1055 1168 1125 ἅγιον
1200 1056 1594 1111 ἐπελεύσεται
1633 1057 1732 1110 ἐπὶ
1778 1057 1876 1120 σὲ,
1913 1056 2012 1108 καί

431 1144 684 1214 δύναμις
724 1123 1023 1214 ’Υίωστου
1044 1123 1401 1200 ἐπισκιάσει
1435 1164 1557 1201 σοι.
1593 1149 1691 1200 Διά
1722 1147 1883 1201 τοῦτο
1916 1145 2010 1200 καὶ

432 1238 460 1288 ὁ
503 1236 675 1304 μέγας
728 1235 1026 1303 Βασίλειος,
1069 1237 1205 1302 μετά
1259 1236 1320 1287 τὸ
1371 1239 1544 1288 εἰπεῖν
1592 1236 1661 1289 τὰ
1714 1237 2012 1288 δεσποτικὰ

438 1329 660 1395 ῥήματα
693 1329 1113 1398 διηγηματικῶς
1143 1329 1219 1392 ὡς
1250 1329 1384 1399 παρ’
1418 1328 1584 1381 αὑτοῦ
1623 1329 1887 1398 εἰρημένα
1912 1329 2010 1405 ἐπὶ

432 1419 527 1470 τοῦ
558 1418 716 1485 ἁγίου
759 1419 1010 1488 σώματος
1039 1421 1132 1472 καὶ
1163 1420 1411 1489 αἵματος,
1446 1419 1715 1472 ἀντίτυπα
1754 1420 1908 1471 καλεῖ
1941 1420 2010 1472 τὰ
2046 1435 2053 1441 ·

436 1511 794 1580 προκείμενα,
845 1510 1004 1580 δῆλον
1050 1511 1125 1574 ὼς
1168 1514 1335 1582 μήπω
1382 1511 1743 1580 τετελεσμένα
1773 1511 1861 1564 διὰ
1903 1508 2012 1564 τῶν

440 1600 704 1668 ῥημάτων
756 1601 1005 1668 ἐκείνων,
1040 1603 1156 1655 ἀλλ’
1195 1603 1273 1655 ἔτι
1316 1602 1488 1654 τύπον
1527 1603 1649 1655 τινὰ
1698 1602 1792 1655 καὶ
1827 1603 2011 1655 εἰκόνα

437 1693 694 1759 φέροντα.
737 1693 849 1746 Καὶ
903 1693 1076 1756 οὕτως
1120 1694 1281 1757 εὐθὺς
1316 1695 1510 1761 ἐφεξῆς
1561 1694 1623 1746 τὸ
1670 1694 1891 1762 Πνεῦμα
1949 1694 2010 1745 τὸ

438 1781 592 1849 ἅγιον
621 1784 796 1838 ἐλίιεῖν
821 1783 1134 1854 ἐπεύχεται,
1175 1786 1268 1838 καὶ
1291 1784 1563 1847 ἀναδεῖξαι
1599 1785 1691 1835 τὸν
1718 1788 1817 1853 μὲν
1848 1785 2012 1853 ἀρτον

2115 609 2185 663 cti
2218 610 2455 677 Spiritus
2476 611 2707 680 gratiam
2737 614 3008 678 invocant,
3073 627 3132 670 ut
3184 630 3247 667 ea
3309 616 3594 679 accedens,
3618 629 3684 670 ea

2110 710 2371 767 quaztum
2395 701 2538 755 dicta
2557 714 2703 766 sunt.
2739 704 2908 758 rebus
2962 707 3324 772 praesentibus
3375 699 3688 760 accommo-

2112 785 2222 849 det,
2245 795 2299 841 et
2326 790 2601 858 proposita
2628 792 2772 846 dona
2827 794 3093 860 perficiat,
3139 795 3304 862 inque
3340 795 3685 850 Dominicum

2111 893 2308 948 corpus
2337 889 2392 934 et
2441 884 2763 948 sanguinem
2826 894 3132 940 convertat.
3164 886 3286 955 Ipsa
3335 887 3479 940 enim
3521 894 3575 940 et
3631 887 3685 939 iu

2114 981 2270 1028 utero
2357 974 2596 1043 Virginis
2665 977 2924 1033 deiferam
2990 979 3136 1033 illam
3210 978 3518 1047 procreavit
3567 992 3688 1031 car-

2114 1067 2436 1136 nem.juxta
2467 1070 2625 1134 illud,
2651 1072 2795 1140 quod
2820 1073 2870 1126 ei
2933 1074 3000 1126 ab
3063 1073 3256 1141 angelo
3309 1072 3515 1127 dictum
3551 1080 3636 1124 est
3665 1088 3680 1124 :

2117 1180 2137 1213 ι
2167 1163 2408 1230 Spiritus
2461 1175 2684 1220 sanctus
2714 1166 3059 1231 superveniet
3113 1167 3162 1220 in
3196 1177 3272 1230 te,
3317 1175 3371 1222 et
3397 1166 3571 1219 virtus
3596 1164 3690 1218 Al-

2116 1255 2310 1309 tissimi
2341 1257 2688 1311 obumbrabit
2713 1259 2836 1312 tibi.
2866 1277 2884 1309 »
2924 1258 3126 1312 Idcirco
3185 1267 3240 1312 et
3273 1273 3504 1325 magnus
3527 1256 3689 1310 Basi-

2114 1348 2237 1410 lius,
2297 1357 2418 1418 post
2470 1351 2692 1404 recitata
2732 1351 2944 1404 Domini
3023 1353 3206 1412 verba,
3257 1359 3318 1403 ut
3377 1365 3406 1403 a
3456 1364 3514 1403 se
3545 1349 3690 1404 dicta

2113 1455 2276 1509 super
2304 1447 2494 1495 sancto
2538 1455 2770 1510 corpore
2801 1451 2856 1495 et
2900 1441 3187 1509 sanguine,
3221 1441 3463 1508 antitypa
3532 1449 3692 1494 vocat

2113 1533 2390 1601 proposita
2422 1534 2585 1595 dona,
2636 1533 2896 1587 nimirum
2943 1533 3100 1600 quasi
3154 1531 3394 1586 nondum
3449 1530 3692 1601 perfecta

2113 1638 2210 1693 per
2274 1637 2337 1676 ea
2416 1623 2606 1686 verba,
2699 1637 2887 1675 verum
2972 1622 3151 1676 adhuc
3242 1630 3431 1689 typum
3500 1635 3694 1687 quem-

2114 1714 2239 1767 dam
2272 1724 2327 1768 et
2358 1713 2647 1783 imaginem
2683 1712 2934 1766 ferentia.
2964 1711 3152 1779 Itaque
3183 1711 3443 1778 deinceps
3505 1711 3690 1764 statim

2118 1804 2355 1873 Spiritus
2397 1812 2620 1859 sanctus
2652 1804 2903 1858 adveniat
2937 1814 3210 1871 precatur,
3275 1801 3550 1868 faciatque
3594 1815 3692 1868 pa-

437 1875 570 1927 αὐτὸ
603 1875 666 1966 ab
709 1875 890 1945 τίμιον
932 1876 1114 1944 σῶμα,
1155 1875 1216 1928 τὸ
1248 1875 1305 1929 δὲ
1355 1877 1617 1944 ποτήριον
1647 1875 1781 1928 αὐτὸ
1833 1873 1894 1925 τὸ
1927 1873 2012 1925 τί·
2046 1869 2086 1924 Β
2117 1869 2208 1951 ηὲιτ

1927 1869 2238 1951 ’δί’Βηειη
2281 1897 2504 1965 quidem
2569 1897 2749 1966 ipsum
2817 1869 3117 1963 pretiosum
3179 1907 3400 1963 corpus,
3461 1892 3689 1948 calicem

443 1983 563 2034 μιον
595 1960 756 2036 αἷμα.
802 1969 911 2021 Καὶ
957 1967 1118 2020 τοῦτό
1167 1984 1230 2035 γε
1270 1967 1392 2020 λίαν
1441 1969 1665 2030 είκότως
1692 1983 1704 1997 ·
1759 1965 2036 2036 καθάπερΣ

441 2032 549 2128 γὰρ
585 2032 676 2112 ἐπί
705 2061 804 2128 τῆς
841 2059 1064 2129 πρώτης
1086 2032 1300 2129 ἐκείνης
1327 2058 1692 2129 δημιουργίας
1721 2058 1884 2111 ῑλαδε
1913 2032 2037 2126 μὲν.

440 2153 472 2221 ἡ
505 2152 575 2221 γῆ
608 2151 705 2222 τὴν
735 2155 830 2206 τοῦ
879 2153 1201 2222 βλαστάνειν
1244 2153 1313 2206 τὰ
1342 2153 1399 2217 ἐξ
1443 2153 1615 2222 αὐτῆς
1662 2151 1896 2221 δύναμιν
1928 2149 2016 2204 διὰ

442 2247 536 2300 τοῦ
568 2249 712 2300 Θείου
750 2248 1200 2316 προστάγματος,
1233 2248 1329 2300 καὶ
1358 2246 1418 2298 τὸ
1449 2247 1784 2316 πρόσταγμα
1816 2247 2014 2310 ἐκεῖνο,

442 2339 590 2394 καθςῖ
632 2358 800 2411 φησιν
837 2342 866 2393 ὁ
917 2341 1082 2404 αὐτὸς
1131 2339 1478 2404 διδάσκαλος,
1535 2340 1902 2409 ἐναπομεῖναν
1950 2341 2016 2410 τῇ

442 2437 537 2506 γῇ,
570 2434 669 2503 τὴν
701 2433 795 2486 τοῦ
847 2432 1170 2502 βλαστάνειν
1215 2434 1350 2502 αὐτῇ
1404 2431 1672 2500 διηνεκῶς
1718 2432 2018 2502 παρέχεται

442 2528 676 2598 δύναμιν
699 2544 714 2562 ’
747 2527 908 2597 χρεία
935 2527 992 2580 δέ
1028 2526 1180 2594 ὅμως
1228 2525 1320 2578 καὶ
1355 2525 1634 2593 ἡμετέρας
1671 2524 2015 2592 ἐπιμελείας,

446 2621 539 2675 καὶ
561 2619 886 2691 γεωργικῶν
920 2619 1123 2688 χειρῶν
1155 2620 1232 2679 είς
1259 2620 1317 2669 τὸ
1360 2616 1760 2685 τελεσιουργεῖν
1789 2618 1858 2669 τά
1885 2615 2018 2683 φυό-
2044 2636 2053 2647 ι

448 2729 586 2779 μενα
610 2729 624 2743 ο
658 2711 749 2764 τὸν
793 2710 958 2763 αὐτὸν
1007 2709 1209 2777 τρόπον
1239 2709 1334 2761 καὶ
1383 2709 1413 2760 ὁ
1448 2708 1606 2775 λόγος
1656 2707 1837 2769 οὗτος,
1873 2708 2020 2772 ἅπαξ

447 2803 632 2873 ῥηθεὶς
661 2801 889 2855 ὐπδτοῦ
920 2800 1197 2870 Σωτῆρος,
1229 2800 1304 2862 ὡς
1333 2799 1426 2852 καὶ
1459 2803 1486 2851 ὁ
1526 2799 1668 2860 θεῖός
1711 2815 1845 2866 φησι
1877 2799 2023 2866 Χρυ-

447 2895 738 2964 σόστομος.
777 2893 866 2948 διὰ
917 2895 1118 2956 παντὸς
1164 2894 1416 2961 ἐνεργεῖο
1469 2893 1726 2960 συνεργεῖ
1776 2892 1832 2944 δέ
1873 2892 2023 2959 ὅμως

446 2989 539 3041 καὶ
570 2989 604 3057 ἡ
628 2987 727 3056 τῆς
765 2985 915 3046 θείας
963 2983 1269 3054 ἱερωσύνης
1308 2983 1540 3052 δύναμις
1590 2983 1677 3036 διὰ
1714 2984 1814 3051 τῆς
1853 2983 2022 3051 εὐχῆς

446 3082 664 3146 καὶτῆς
695 3078 947 3146 εὐλογίας
979 3079 1059 3138 εἱς
1092 3076 1193 3146 τὴν
1232 3077 1342 3129 τῶν
1372 3077 1757 3144 προκειμένων
1801 3074 2023 3126 τελείω-

2116 1997 2296 2042 autem
2361 1987 2544 2056 ipsum
2608 1986 2915 2056 pretiosum
2970 1985 3310 2052 sanguinem.
3336 1982 3504 2051 idque
3548 1992 3695 2037 certe

2111 2081 2234 2149 jure
2266 2081 2472 2146 optimo
2503 2097 2517 2133 :
2546 2093 2670 2132 nam
2701 2075 3288 2145 quemadmadmodum
3323 2076 3376 2128 in
3402 2075 3488 2128 illa
3521 2075 3694 2142 prima

2117 2170 2303 2225 mundi
2337 2170 2712 2237 fabricatione,
2758 2180 2898 2224 terra
2933 2167 3297 2238 germinandi,
3347 2181 3470 2235 quae
3520 2165 3589 2219 ab
3630 2180 3695 2220 ea

2119 2273 2422 2321 nascuntur
2467 2264 2574 2316 vim
2610 2270 2664 2316 et
2688 2259 2994 2329 potentiam
3027 2273 3124 2328 per
3153 2257 3395 2311 divinum
3454 2254 3698 2308 manda-

2121 2369 2235 2412 tum
2268 2356 2500 2425 accepit,
2559 2354 2725 2424 idque
2747 2355 3086 2412 mandatum,
3138 2347 3596 2419 quemadmodum
3621 2344 3698 2401 ait

2120 2453 2263 2507 idem
2306 2450 2520 2511 ductor,
2573 2446 2625 2500 in
2659 2446 2776 2516 ipsa
2809 2454 2952 2520 terra
2986 2456 3311 2512 permanens
3344 2439 3595 2502 insitum,
3647 2437 3699 2494 ei

2123 2544 2230 2598 vim
2261 2539 2608 2613 germinaudi
2657 2547 2918 2607 perpetuo
2957 2534 3159 2604 praebet
3192 2550 3206 2586 :
3236 2546 3372 2601 opus
3400 2539 3484 2586 est
3517 2539 3716 2584 tamen.

2121 2643 2176 2689 et
2198 2643 2384 2689 nostra
2415 2647 2574 2693 cura,
2626 2627 2994 2698 agricolarum
3029 2624 3280 2679 manibus
3322 2620 3388 2676 ad
3420 2636 3483 2676 ea
3537 2620 3700 2689 perii-

2123 2728 2311 2782 cienda
2339 2740 2458 2793 qua:
2490 2723 2788 2794 producit:
2835 2719 3026 2775 eodem
3073 2715 3236 2770 modo
3266 2723 3321 2769 et
3368 2727 3552 2768 sermo
3599 2712 3703 2767 iste

2124 2819 2292 2875 semel
2333 2818 2512 2872 editus
2552 2831 2581 2870 a
2619 2812 2930 2874 Servatore,
2966 2821 3025 2864 nt
3069 2809 3143 2862 ait
3185 2805 3345 2861 divus
3373 2805 3699 2873 Chrysosto-A

2126 2926 2270 2973 nius,
2303 2924 2518 2978 semper
2560 2915 2823 2975 cperatur
2857 2902 3123 2969 :adiuvat
3192 2908 3374 2953 tamen
3424 2904 3480 2950 et
3530 2895 3716 2954 divini.

2127 3001 2420 3060 sacerdotii
2463 2999 2698 3054 facultas
2748 2993 3124 3050 intercedente
3153 2991 3404 3046 oratione
3430 3003 3493 3043 ac
3531 2988 3700 3042 bene-

2126 3095 2385 3157 dictione,
2408 3092 2472 3147 ad
2511 3090 2912 3161 propositorum
2949 3086 3364 3155 perfectionem.
3400 3082 3525 3151 ipsa
3554 3080 3701 3134 enim

448 3192 533 3227 σιν
549 3190 564 3205 ·
586 3173 727 3244 αῦτη
748 3172 856 3241 γὰρ
879 3171 972 3225 καὶ
995 3169 1056 3224 τὺ
1079 3169 1173 3223 τοῦ
1198 3169 1573 3240 βαπτίσματος
1594 3167 1737 3237 ὕδωρ
1763 3167 1822 3221 ὃν
1838 3167 2025 3228 ἁπλῶς
2054 3209 2097 3266 c
2131 3194 2184 3241 et
2214 3187 2219 3240 τ

1932 3167 2025 3282 “1";
2054 3209 2097 3266 ρ
2131 3194 2184 3241 et
2214 3183 2557 3254 baptismatis
2582 3195 2803 3251 aquam,
2866 3195 2986 3249 quae
3015 3194 3154 3248 aqua
3212 3173 3537 3244 simpliciter
3562 3177 3703 3232 erat,

446 3273 512 3326 ἐκ
561 3269 659 3324 τοῦ
722 3268 1050 3338 φαινομένου
1110 3267 1293 3334 πάσης
1351 3264 1629 3334 ἁμαρτίας
1693 3261 2025 3331 καθαρτικὸν
2062 3261 2097 3266 “
2130 3293 2217 3347 pm

1933 3261 2025 3312 κδν
2062 3261 2097 3266 ﬁ
2130 3293 2227 3347 pro
2278 3291 2344 3330 eo
2417 3275 2560 3344 quod
2631 3275 2947 3343 apparebat,
3021 3269 3266 3338 omnium
3356 3272 3704 3332 peccatorum

446 3360 844 3435 ἀπεργάζεται,
875 3359 970 3413 τοῦ
1005 3357 1151 3412 θείου
1189 3354 1507 3424 Πνεύματος
1543 3355 1875 3424 ἀθεωρήτως
1903 3372 2027 3405 συν-

445 3459 735 3529 τρέχοντος
759 3472 773 3486 ·
807 3455 947 3526 αῦτη
976 3454 1070 3508 κα)⁵
1094 3452 1156 3505 τὸ
1188 3451 1397 3521 χρίσμα
1440 3449 1534 3503 τοῦ
1572 3448 1747 3519 μύρου
1775 3447 1872 3500 καὶ
1899 3446 2027 3507 τοὺς

452 3551 619 3621 ἱερεῖς
649 3548 850 3612 αὐτοὺς
880 3547 975 3600 καί⁸
1003 3544 1176 3599 τᾶλλα
1219 3542 1400 3596 πάντα
1428 3542 1528 3609 τῆς
1567 3538 1893 3606 Ἐκκλησίας
1926 3553 2030 3604 μυ-

453 3645 652 3713 στήρια
697 3638 1068 3710 τελεσιουργεῖ
1120 3635 1208 3689 διὰ
1249 3636 1349 3702 τῆς
1401 3632 1500 3685 τοῦ
1539 3630 1817 3699 παναγίου
1859 3629 2028 3682 Πνεῦ-

455 3753 625 3808 ματος
672 3735 920 3806 χάριτος.
971 3729 1046 3785 Οὐ
1079 3729 1260 3783 τοίνυν
1310 3727 1376 3797 τῇ
1411 3724 1660 3796 ἡμετέρᾳ
1713 3724 1848 3793 εὐχῇ
1898 3721 2033 3792 θαρ-

457 3831 716 3903 ροῦντες,
775 3827 898 3880 οὐδὲ
950 3823 1061 3878 τῶν
1115 3821 1380 3893 ῥημάτων
1438 3815 1664 3870 ἐκείνων
1727 3811 2032 3882 ἀδυναμίαν

453 3910 1005 3991 καταγινώσκοντες,
1049 3910 1401 3991 ἐπευχόμεθα
1456 3911 1568 3970 τοῖς
1622 3904 2030 3977 προκειμένοις,

454 4018 551 4071 καὶ
581 4014 752 4077 οὕτως
801 4010 946 4064 αὐτά
978 4005 1325 4061 τελειοῦσθαι
1375 3999 1730 4069 πιστεύομεν,
1761 3998 1898 4050 ἀλλά
1942 3997 2034 4049 καὶ

455 4111 524 4164 τὰ
553 4110 782 4179 ῥήματα
821 4103 920 4173 τὴν
951 4100 1164 4161 οίκείαν
1197 4096 1397 4162 σώζειν
1434 4091 1817 4162 ὁμολογοῦμεν
1851 4089 2034 4158 ἰσχὺν,

457 4205 549 4258 καὶ
589 4204 691 4270 τὴν
720 4199 822 4268 τῆς
849 4196 1002 4258 Θείας
1039 4192 1342 4264 ἱερωσύνης
1364 4188 1750 4258 ἐπιδείκνυμεν
1777 4185 2032 4254 δύναμιν,

456 4294 815 4366 τελειωτικὴν
855 4290 1023 4346 οὖσαν
1059 4287 1264 4350 παντὸς
1316 4283 1622 4356 μυστηρίου
1651 4284 1715 4352 τῇ
1745 4280 2037 4349 ἐπικλήσει

457 4390 552 4447 τοῦ
579 4391 647 4446 δι’
689 4387 862 4457 αὐτῆς
898 4372 1252 4453 ἐνεργοῦντος
1291 4380 1448 4446 ἁγίου
1502 4377 1821 4445 Πνεύμστος
1845 4390 1859 4404 ο
1895 4371 2038 4425 οὕτω

457 4482 566 4552 γὰρ
598 4480 692 4534 καὶ
739 4480 768 4531 ὁ
795 4479 938 4539 θεῖος
971 4473 1362 4545 Χρυσόστομος
1391 4468 1548 4530 αὖθις
1592 4470 1652 4521 ἐν
1683 4466 1760 4535 τῷ
1793 4464 1928 4534 Περί
1959 4465 2038 4518 le-

2129 3368 2482 3438 expiatricem
2517 3365 2667 3428 facit,
2719 3365 2911 3419 divino
2941 3362 3150 3430 Spiritu
3194 3356 3542 3413 invisibiliter
3571 3370 3709 3408 con-

2128 3469 2406 3517 currente.
2439 3459 2563 3513 "ch
2587 3468 2642 3512 et
2680 3457 2924 3510 chrisma
2959 3469 3068 3523 quo
3105 3454 3381 3520 ungimur,
3435 3459 3486 3502 et
3527 3460 3711 3501 sacer-

2129 3555 2282 3608 dotes
2313 3552 2483 3621 ipsos,
2508 3559 2560 3605 et
2583 3549 2687 3604 alia
2721 3549 2903 3602 omnia
2931 3545 3184 3601 Ecclesiae
3245 3539 3505 3612 mysteria
3539 3552 3704 3607 pera-

2133 3647 2229 3716 git,
2280 3660 2376 3714 per
2409 3641 2753 3698 sacrosancti
2787 3640 3026 3708 Spiritus
3089 3635 3344 3705 gratiam.
3406 3631 3570 3699 Atqui
3601 3644 3713 3683 non

2123 3735 2365 3792 ‘orationi
2391 3749 2555 3802 quam
2596 3731 2876 3786 fundimus
2911 3727 3271 3787 confidentes,
3313 3739 3493 3794 neque
3533 3722 3717 3776 verbis

2134 3831 2242 3886 illis
2273 3839 2334 3884 ut
2378 3826 2777 3897 impotentibus
2816 3824 3187 3880 detrahentes.
3221 3818 3518 3888 propositis
3550 3816 3717 3871 donis

2135 3921 2520 3989 adprecamur,
2555 3915 2882 3983 itaqueipsa
2936 3910 3131 3965 conlici
3173 3907 3472 3967 credimus,
3537 3905 3629 3961 sed
3665 3914 3720 3958 et

2135 4011 2298 4066 verba
2333 4010 2448 4078 ipsa
2489 4007 2775 4076 proprium
2835 4004 3074 4057 retinere
3115 4001 3284 4053 robur
3314 3998 3611 4058 credimus,
3668 4004 3723 4049 et

2136 4102 2306 4160 divini
2337 4097 2628 4155 sacerdotii
2664 4095 2977 4149 facultatem
3004 4092 3228 4161 insuper
3249 4091 3719 4152 demoustramus,

2135 4189 2596 4263 quaeconficiendi
2641 4187 2811 4240 totius
2871 4182 3116 4251 mysterii
3170 4195 3266 4250 per
3319 4177 3722 4234 invocationem

2138 4284 2374 4352 Spiritus
2449 4278 2622 4334 sancti
2682 4292 2776 4347 per
2824 4289 2946 4330 eam
3008 4273 3286 4343 operantis
3338 4271 3448 4324 vim
3503 4268 3724 4323 habeat.

2142 4375 2232 4431 Sic
2271 4373 2420 4428 enim
2480 4379 2535 4426 et
2589 4369 2750 4423 divus
2799 4367 3231 4437 Chrysostomus
3304 4363 3528 4430 pariter,
3587 4360 3726 4414 libro

2145 4468 2219 4522 De
2249 4465 2577 4528 Sacerdotio,
2623 4464 2724 4518 hac
2753 4463 2871 4532 ipsa
2903 4463 2970 4515 de
3017 4473 3075 4512 re
3102 4458 3227 4512 talia
3268 4456 3483 4526 inquit:
3523 4472 3543 4507 ι
3570 4456 3728 4508 Astat

439 4545 740 4643 ’ρωονύνης
777 4570 949 4642 τρίτῳ
991 4567 1123 4638 περὶ
1157 4563 1327 4620 αὐτοῦ
1372 4562 1565 4616 τούτου
1603 4560 1783 4614 τοιάδε
1827 4559 1993 4628 φησίν
2019 4573 2034 4590 ο
2070 4557 2114 4612 D
2145 4576 2202 4616 sa

1956 4559 1993 4610 ἰν
2019 4573 2034 4590 ο
2070 4557 2114 4612 D
2145 4559 2424 4625 sacerdos,
2456 4571 2565 4612 non
2589 4557 2766 4626 ignem
2800 4553 3115 4615 demittens,
3144 4548 3238 4604 sed
3284 4545 3546 4616 Spiritum
3603 4560 3727 4599 san-

468 4686 487 4720 ι
530 4668 804 4732 ἐστηκεν
851 4665 881 4717 6
923 4659 1125 4730 ἱερεὺς,
1163 4659 1223 4711 οῦ
1256 4657 1369 4728 πῦρ
1409 4655 1760 4724 καταφέρων,
1797 4651 1937 4705 ἀλλὰ
1983 4649 2043 4701 τὺ

464 4758 687 4828 Πνεῦμα
713 4758 771 4809 τὸ
804 4756 980 4823 ἅγιον,
1012 4753 1106 4806 καὶ
1134 4752 1236 4821 τὴν
1269 4748 1553 4818 ἱκετηρίαν
1586 4748 1817 4799 ἐπιπολὺ
1873 4746 2045 4796 ποιεῖ-

461 4868 572 4914 ται,
620 4848 722 4916 οὐχ
761 4847 846 4898 ἵνα
867 4861 947 4906 τις
975 4841 1225 4910 λαμπὰς,
1277 4837 1485 4891 ἀνωθεν
1520 4837 1774 4902 ἀφθεῖσα,
1814 4849 2049 4886 κατανα-

465 4943 617 5014 λώσῃ
667 4941 736 4994 τὰ
771 4935 1132 5008 προκείμενα,
1177 4931 1290 4985 ἀλλ’
1323 4929 1388 4983 ἶν’
1420 4931 1452 4999 ἠ
1501 4928 1683 4996 χάρις,
1705 4922 2049 4978 ἐπιπεσοῦσα

464 5037 530 5106 τῇ
557 5030 738 5103 ουσία,
766 5028 832 5083 δι’
863 5026 1075 5095 ἐκείνης
1099 5024 1196 5088 τάς
1224 5023 1479 5077 ἁπάντων
1513 5019 1692 5090 ἀνάψῃ
1719 5017 1919 5088 ψυχας,
1955 5015 2050 5069 καὶ

464 5127 734 5203 ἀργυρίου
757 5123 1150 5196 λαμπροτέρας
1172 5117 1431 5187 ἀποδείξῃ
1456 5113 1884 5182 πεπυρωμένου.
1905 5108 2050 5162 Ἀλλ’

467 5223 578 5279 οὐδ’
604 5220 939 5294 ἀμφιϐολίαν
973 5217 1094 5271 τινὰ
1129 5214 1222 5270 καὶ
1248 5211 1473 5281 ἀδηλίαν
1519 5207 1852 5279 εὐχομένους
1903 5205 2051 5275 ἡμᾶς

470 5315 800 5372 ὑποπτεύειν
831 5311 1032 5381 χρεὼν,
1061 5307 1228 5361 αὐτοῦ
1262 5303 1354 5359 τοῦ
1383 5301 1705 5370 θειουμένου
1744 5299 1838 5351 καὶ
1880 5314 2050 5368 μετα-

470 5406 884 5480 λαμϐανοςιένου
924 5404 1197 5457 Δεσπότου
1251 5396 1607 5457 κελεύσαντος
1649 5393 1820 5445 ’τοῦτο
1873 5391 2049 5442 ποιεῖν

471 5503 639 5573 ημᾶς*
697 5497 885 5554 Τοῦτο
939 5496 1070 5565 γὰρ,
1123 5492 1276 5561 φησὶ,
1325 5487 1548 5543 ποιεῖτε
1600 5489 1688 5552 εἱς
1736 5485 1852 5554 τὴν
1900 5482 2055 5553 ἐμὴν

473 5594 862 5664 ἀνάμνησινο
908 5591 1007 5643 καὶ
1053 5584 1526 5654 ἐπαγγειλαμένου
1576 5581 1774 5635 δώσειν
1828 5577 2054 5644 Πνεῦμα

477 5691 634 5757 ἀγιον
676 5689 790 5750 τοῖς
837 5683 1080 5739 αἰτοῦσιν
1127 5681 1260 5736 αὐτὸ
1314 5681 1507 5740 ἀπασι,
1558 5675 1688 5744 μήτι
1719 5690 1782 5740 γε
1824 5671 2052 5740 ἱερεῦσι,

481 5785 574 5838 καὶ
609 5781 817 5851 σφόδρα
844 5795 910 5847 γε
954 5776 1281 5848 βουλομένου
1311 5771 1469 5824 τοῦτο
1498 5769 1621 5823 καθ’
1665 5767 1901 5834 ἑκάστην
1940 5765 2055 5816 ὲπι-

483 5876 752 5933 τελεῖσθαι
780 5874 915 5940 παρ’
945 5870 1127 5945 ἡμῶν,
1179 5868 1253 5932 ὡς
1284 5869 1372 5922 δια
1403 5864 1622 5920 πάντων
1666 5860 1792 5929 ἑξῆς
1823 5856 2051 5928 ἀναρσί-

2145 4664 2292 4710 ctum
2321 4667 2336 4704 :
2391 4666 2453 4705 ac
2508 4649 2736 4718 supplex
2763 4646 2853 4700 diu
2884 4654 3162 4714 precatur,
3206 4655 3311 4694 non
3344 4649 3401 4692 ut
3435 4638 3616 4705 aliqua
3643 4637 3729 4690 fax

2149 4743 2382 4811 desuper
2436 4754 2667 4793 accensa
2695 4718 2984 4791 consumat
3028 4732 3304 4802 proposita
3336 4730 3504 4793 dona,
3538 4727 3630 4781 sed
3674 4736 3730 4781 ut

2149 4837 2318 4908 gratia
2360 4835 2412 4889 in
2444 4834 2677 4886 hostiam
2733 4830 2979 4896 delapsa,
3034 4842 3131 4895 per
3174 4839 3292 4878 eam
3351 4823 3730 4879 universorum

2149 4928 2364 4982 animas
2406 4923 2691 4984 accendat,
2743 4930 2797 4974 et
2851 4926 3077 4987 argento
3112 4916 3283 4984 iguito
3329 4910 3732 4982 splendidiores

2148 5018 2363 5076 efﬁciat.
2384 5015 2489 5072 Sed
2515 5028 2694 5082 neque
2717 5011 2985 5066 haesitatio
3009 5008 3113 5063 ulla
3135 5022 3199 5062 ac
3217 5005 3549 5061 incertitudo
3573 5001 3733 5055 nobis

2151 5110 2502 5182 precantibus
2534 5102 2878 5173 suspicanda
2908 5110 3011 5165 est,
3032 5114 3154 5154 cum
3180 5099 3226 5153 is
3251 5097 3342 5166 qui
3373 5095 3660 5149 deillcatur
3683 5101 3734 5145 et

2152 5201 2504 5274 partieipatur
2528 5196 2794 5252 Dominus
2824 5197 2928 5250 hoc
2964 5208 3062 5248 nos
3101 5190 3280 5246 facere
3307 5185 3531 5258 jusserit
3567 5202 3582 5252 ;
3624 5184 3735 5237 Hoc

2152 5292 2533 5360 enim,,inquit,
2559 5291 2719 5359 facile
2751 5290 2806 5342 in
2854 5301 3025 5340 meam
3075 5280 3662 5340 commemorationem;
3686 5285 3736 5330 et

2157 5389 2467 5460 promiserit
2496 5402 2555 5441 se
2580 5386 2838 5440 daturum
2895 5380 3162 5453 Spiritum
3191 5386 3442 5434 sanctmn
3473 5371 3735 5429 omnibus

2159 5482 2252 5551 qui
2278 5481 2535 5552 petierint
2566 5494 2714 5544 eum,
2757 5477 2954 5532 nedum
3011 5472 3390 5530 sacerdotibus
3437 5484 3452 5524 :
3499 5455 3757 5534 velitque.

2159 5577 2264 5631 huc
2293 5573 2522 5643 singulis
2560 5572 2752 5627 diebus
2776 5570 2970 5624 conlici
3036 5582 3066 5622 a
3135 5564 3315 5627 nobis,
3368 5573 3427 5616 ut
3476 5559 3738 5626 deinceps

2159 5685 2254 5740 per
2278 5668 2461 5722 omnia
2483 5673 2841 5720 monstratur.
2873 5661 3030 5716 Tune
3070 5659 3230 5715 etiam
3263 5655 3516 5712 fortassis
3545 5667 3609 5706 es
3639 5652 3741 5704 hoc

2161 5762 2426 5832 baptisma
2455 5775 2670 5831 quoque
2715 5765 3032 5827 suspectum
3063 5754 3289 5817 habeas,
3313 5749 3457 5820 quod
3481 5744 3738 5815 precibus

2162 5855 2364 5918 pariter
2393 5861 2556 5923 atque
2591 5849 3035 5908 invocationibus
3063 5844 3376 5910 coniicitur,
3410 5848 3463 5897 et
3485 5845 3740 5910 pem-ato-
