  <div class='ocr_page' id='page_1' title='image "/cluster/home/n/w/nwhite01/storage/ocr_20150623/160/nnc1.0046980687/553.png"; bbox 0 0 4484 6462; ppageno 0'>
   <div class='ocr_carea' id='block_1_1' title="bbox 760 407 896 468">
    <p class='ocr_par' dir='ltr' id='par_1_1' title="bbox 760 407 896 468">
     <span class='ocr_line' id='line_1_1' title="bbox 760 407 896 468; baseline -0.022 0"><span class='ocrx_word' id='word_1_1' title='bbox 760 407 896 468; x_wconf 77' lang='lat'><strong>1087</strong></span> 
     </span>
    </p>
   </div>
   <div class='ocr_carea' id='block_1_2' title="bbox 1754 399 2958 466">
    <p class='ocr_par' dir='ltr' id='par_1_2' title="bbox 1754 399 2958 466">
     <span class='ocr_line' id='line_1_2' title="bbox 1754 399 2958 466; baseline -0.001 -4"><span class='ocrx_word' id='word_1_2' title='bbox 1754 402 1998 466; x_wconf 77' lang='lat' dir='ltr'><strong>MARCI</strong></span> <span class='ocrx_word' id='word_1_3' title='bbox 2038 399 2355 463; x_wconf 78' lang='lat' dir='ltr'><strong>EPIIESII</strong></span> <span class='ocrx_word' id='word_1_4' title='bbox 2397 401 2958 463; x_wconf 75' lang='lat' dir='ltr'><strong>METROPOLlT/E</strong></span> 
     </span>
    </p>
   </div>
   <div class='ocr_carea' id='block_1_3' title="bbox 3882 389 4010 453">
    <p class='ocr_par' dir='ltr' id='par_1_3' title="bbox 3882 389 4010 453">
     <span class='ocr_line' id='line_1_3' title="bbox 3882 389 4010 453; baseline 0 -3"><span class='ocrx_word' id='word_1_5' title='bbox 3882 389 4010 453; x_wconf 80' lang='lat'><strong>1088</strong></span> 
     </span>
    </p>
   </div>
   <div class='ocr_carea' id='block_1_4' title="bbox 759 506 2530 585">
    <p class='ocr_par' dir='ltr' id='par_1_4' title="bbox 759 514 2529 582">
     <span class='ocr_line' id='line_1_4' title="bbox 759 514 2529 582; baseline -0.001 -15"><span class='ocrx_word' id='word_1_6' title='bbox 759 530 882 567; x_wconf 88' lang='lat' dir='ltr'><strong>rum</strong></span> <span class='ocrx_word' id='word_1_7' title='bbox 912 514 1314 576; x_wconf 82' lang='lat' dir='ltr'><strong>remissionem,</strong></span> <span class='ocrx_word' id='word_1_8' title='bbox 1372 529 1438 568; x_wconf 89' lang='lat' dir='ltr'><strong>an</strong></span> <span class='ocrx_word' id='word_1_9' title='bbox 1466 528 1592 568; x_wconf 84' lang='lat' dir='ltr'><strong>vere</strong></span> <span class='ocrx_word' id='word_1_10' title='bbox 1625 514 1906 582; x_wconf 82' lang='lat' dir='ltr'><strong>acceperis</strong></span> <span class='ocrx_word' id='word_1_11' title='bbox 1937 514 2334 568; x_wconf 76' lang='lat' dir='ltr'><strong>dubitationem</strong></span> <span class='ocrx_word' id='word_1_12' title='bbox 2366 515 2410 570; x_wconf 82' lang='lat' dir='ltr'><strong>A</strong></span> <span class='ocrx_word' id='word_1_13' title='bbox 2441 532 2529 568; x_wconf 87' lang='grc' dir='ltr'><strong>νετ</strong></span> 
     </span>
    </p>
   </div>
   <div class='ocr_carea' id='block_1_5' title="bbox 2239 506 4010 585">
    <p class='ocr_par' dir='ltr' id='par_1_5' title="bbox 2239 506 4010 585">
     <span class='ocr_line' id='line_1_5' title="bbox 2239 506 4010 585; baseline -0.009 -14"><span class='ocrx_word' id='word_1_14' title='bbox 2239 527 2334 566; x_wconf 85' lang='lat' dir='ltr'><strong>lem</strong></span> <span class='ocrx_word' id='word_1_15' title='bbox 2366 515 2410 570; x_wconf 81' lang='grc' dir='ltr'>Α</span> <span class='ocrx_word' id='word_1_16' title='bbox 2441 532 2612 570; x_wconf 88' lang='grc' dir='ltr'>νεται.</span> <span class='ocrx_word' id='word_1_17' title='bbox 2643 517 2713 568; x_wconf 82' lang='grc' dir='ltr'>Ἥ</span> <span class='ocrx_word' id='word_1_18' title='bbox 2745 516 2808 568; x_wconf 92' lang='grc' dir='ltr'><strong>σύ</strong></span> <span class='ocrx_word' id='word_1_19' title='bbox 2843 534 2906 583; x_wconf 85' lang='grc' dir='ltr'><strong>γε</strong></span> <span class='ocrx_word' id='word_1_20' title='bbox 2938 516 3099 585; x_wconf 74' lang='grc' dir='ltr'>τυχὸν</span> <span class='ocrx_word' id='word_1_21' title='bbox 3147 515 3210 567; x_wconf 73' lang='grc' dir='ltr'>ἐκ</span> <span class='ocrx_word' id='word_1_22' title='bbox 3257 513 3470 574; x_wconf 88' lang='grc' dir='ltr'>τούτου,</span> <span class='ocrx_word' id='word_1_23' title='bbox 3522 509 3616 560; x_wconf 77' lang='grc' dir='ltr'>καὶ</span> <span class='ocrx_word' id='word_1_24' title='bbox 3640 507 3699 560; x_wconf 77' lang='grc' dir='ltr'><strong>τδ</strong></span> <span class='ocrx_word' id='word_1_25' title='bbox 3734 506 4010 575; x_wconf 70' lang='grc' dir='ltr'>βάπτισμα</span> 
     </span>
    </p>
   </div>
   <div class='ocr_carea' id='block_1_6' title="bbox 767 603 2336 673">
    <p class='ocr_par' dir='ltr' id='par_1_6' title="bbox 767 603 2336 673">
     <span class='ocr_line' id='line_1_6' title="bbox 767 603 2336 673; baseline -0.002 -15"><span class='ocrx_word' id='word_1_26' title='bbox 767 606 1010 673; x_wconf 79' lang='lat' dir='ltr'><strong>aliquam</strong></span> <span class='ocrx_word' id='word_1_27' title='bbox 1044 607 1266 663; x_wconf 80' lang='lat' dir='ltr'><strong>habeas.</strong></span> <span class='ocrx_word' id='word_1_28' title='bbox 1297 621 1420 673; x_wconf 70' lang='lat' dir='ltr'><strong>qum</strong></span> <span class='ocrx_word' id='word_1_29' title='bbox 1451 604 1546 657; x_wconf 84' lang='lat' dir='ltr'><strong>tibi</strong></span> <span class='ocrx_word' id='word_1_30' title='bbox 1575 603 1898 658; x_wconf 71' lang='lat' dir='ltr'><strong>sacerdotali</strong></span> <span class='ocrx_word' id='word_1_31' title='bbox 1927 604 2095 669; x_wconf 79' lang='lat' dir='ltr'><strong>gratia</strong></span> <span class='ocrx_word' id='word_1_32' title='bbox 2137 615 2336 656; x_wconf 86' lang='lat' dir='ltr'><strong>conce-</strong></span> 
     </span>
    </p>
   </div>
   <div class='ocr_carea' id='block_1_7' title="bbox 763 693 2336 763">
    <p class='ocr_par' dir='ltr' id='par_1_7' title="bbox 763 693 2336 763">
     <span class='ocr_line' id='line_1_7' title="bbox 763 693 2336 763; baseline -0.003 -13"><span class='ocrx_word' id='word_1_33' title='bbox 763 698 910 750; x_wconf 82' lang='lat' dir='ltr'><strong>ditur</strong></span> <span class='ocrx_word' id='word_1_34' title='bbox 933 698 955 749; x_wconf 84' lang='lat'><strong>?</strong></span> <span class='ocrx_word' id='word_1_35' title='bbox 978 698 1216 763; x_wconf 91' lang='lat' dir='ltr'><strong>itemque</strong></span> <span class='ocrx_word' id='word_1_36' title='bbox 1247 697 1351 749; x_wconf 88' lang='lat' dir='ltr'><strong>alia</strong></span> <span class='ocrx_word' id='word_1_37' title='bbox 1379 698 1559 749; x_wconf 85' lang='lat' dir='ltr'><strong>omnia</strong></span> <span class='ocrx_word' id='word_1_38' title='bbox 1603 694 1974 750; x_wconf 84' lang='lat' dir='ltr'><strong>ecclesiastica</strong></span> <span class='ocrx_word' id='word_1_39' title='bbox 2013 693 2336 763; x_wconf 62' lang='lat' dir='ltr'><strong>praescribas</strong></span> 
     </span>
    </p>
   </div>
   <div class='ocr_carea' id='block_1_8' title="bbox 763 784 2335 857">
    <p class='ocr_par' dir='ltr' id='par_1_8' title="bbox 763 784 2335 857">
     <span class='ocr_line' id='line_1_8' title="bbox 763 784 2335 857; baseline -0.002 -15"><span class='ocrx_word' id='word_1_40' title='bbox 763 788 1021 857; x_wconf 86' lang='lat' dir='ltr'><strong>mysteria</strong></span> <span class='ocrx_word' id='word_1_41' title='bbox 1049 787 1072 840; x_wconf 83' lang='lat'><strong>?</strong></span> <span class='ocrx_word' id='word_1_42' title='bbox 1102 785 1219 841; x_wconf 90' lang='lat' dir='ltr'><strong>Non</strong></span> <span class='ocrx_word' id='word_1_43' title='bbox 1250 788 1321 842; x_wconf 89' lang='lat' dir='ltr'><strong>ita</strong></span> <span class='ocrx_word' id='word_1_44' title='bbox 1368 798 1449 843; x_wconf 88' lang='lat' dir='ltr'><strong>est</strong></span> <span class='ocrx_word' id='word_1_45' title='bbox 1475 787 1738 857; x_wconf 83' lang='lat' dir='ltr'><strong>profecto,</strong></span> <span class='ocrx_word' id='word_1_46' title='bbox 1772 801 1878 839; x_wconf 91' lang='lat' dir='ltr'><strong>non</strong></span> <span class='ocrx_word' id='word_1_47' title='bbox 1911 788 1982 840; x_wconf 90' lang='lat' dir='ltr'><strong>ita</strong></span> <span class='ocrx_word' id='word_1_48' title='bbox 2012 795 2134 852; x_wconf 88' lang='lat' dir='ltr'><strong>est;</strong></span> <span class='ocrx_word' id='word_1_49' title='bbox 2166 784 2335 839; x_wconf 88' lang='lat' dir='ltr'><strong>lidelis</strong></span> 
     </span>
    </p>
   </div>
   <div class='ocr_carea' id='block_1_9' title="bbox 757 877 2336 950">
    <p class='ocr_par' dir='ltr' id='par_1_9' title="bbox 757 877 2336 950">
     <span class='ocr_line' id='line_1_9' title="bbox 757 877 2336 950; baseline -0.001 -18"><span class='ocrx_word' id='word_1_50' title='bbox 757 883 902 932; x_wconf 67' lang='lat' dir='ltr'><strong>enim</strong></span> <span class='ocrx_word' id='word_1_51' title='bbox 946 881 1037 948; x_wconf 89' lang='lat' dir='ltr'><strong>qui</strong></span> <span class='ocrx_word' id='word_1_52' title='bbox 1087 882 1336 950; x_wconf 85' lang='lat' dir='ltr'><strong>promisit</strong></span> <span class='ocrx_word' id='word_1_53' title='bbox 1393 896 1450 934; x_wconf 91' lang='lat' dir='ltr'><strong>se</strong></span> <span class='ocrx_word' id='word_1_54' title='bbox 1509 880 1795 933; x_wconf 89' lang='lat' dir='ltr'><strong>nobiscum</strong></span> <span class='ocrx_word' id='word_1_55' title='bbox 1847 879 2101 932; x_wconf 88' lang='lat' dir='ltr'><strong>omnibus</strong></span> <span class='ocrx_word' id='word_1_56' title='bbox 2147 877 2336 931; x_wconf 85' lang='lat' dir='ltr'><strong>diebus</strong></span> 
     </span>
    </p>
   </div>
   <div class='ocr_carea' id='block_1_10' title="bbox 762 968 2338 1039">
    <p class='ocr_par' dir='ltr' id='par_1_10' title="bbox 762 968 2338 1039">
     <span class='ocr_line' id='line_1_10' title="bbox 762 968 2338 1039; baseline -0.001 -17"><span class='ocrx_word' id='word_1_57' title='bbox 762 971 1027 1034; x_wconf 81' lang='lat' dir='ltr'><strong>futurum,</strong></span> <span class='ocrx_word' id='word_1_58' title='bbox 1061 985 1233 1039; x_wconf 86' lang='lat' dir='ltr'><strong>usque</strong></span> <span class='ocrx_word' id='word_1_59' title='bbox 1261 972 1328 1024; x_wconf 90' lang='lat' dir='ltr'><strong>ad</strong></span> <span class='ocrx_word' id='word_1_60' title='bbox 1354 971 1881 1032; x_wconf 78' lang='lat' dir='ltr'><strong>consummationem</strong></span> <span class='ocrx_word' id='word_1_61' title='bbox 1926 968 2134 1022; x_wconf 68' lang='lat' dir='ltr'><strong>smcnli.</strong></span> <span class='ocrx_word' id='word_1_62' title='bbox 2160 969 2338 1036; x_wconf 80' lang='lat' dir='ltr'><strong>Atque</strong></span> 
     </span>
    </p>
   </div>
   <div class='ocr_carea' id='block_1_11' title="bbox 760 1061 2336 1131">
    <p class='ocr_par' dir='ltr' id='par_1_11' title="bbox 760 1061 2336 1131">
     <span class='ocr_line' id='line_1_11' title="bbox 760 1061 2336 1131; baseline -0.001 -17"><span class='ocrx_word' id='word_1_63' title='bbox 760 1078 861 1117; x_wconf 92' lang='lat' dir='ltr'><strong>nos</strong></span> <span class='ocrx_word' id='word_1_64' title='bbox 887 1064 1105 1130; x_wconf 82' lang='lat' dir='ltr'><strong>quidem</strong></span> <span class='ocrx_word' id='word_1_65' title='bbox 1134 1065 1246 1116; x_wconf 61' lang='lat' dir='ltr'><strong>haec</strong></span> <span class='ocrx_word' id='word_1_66' title='bbox 1284 1078 1312 1116; x_wconf 91' lang='lat' dir='ltr'><strong>a</strong></span> <span class='ocrx_word' id='word_1_67' title='bbox 1339 1064 1548 1116; x_wconf 84' lang='lat' dir='ltr'><strong>sanctis</strong></span> <span class='ocrx_word' id='word_1_68' title='bbox 1600 1061 1862 1131; x_wconf 86' lang='lat' dir='ltr'><strong>apostolis</strong></span> <span class='ocrx_word' id='word_1_69' title='bbox 1891 1071 1943 1115; x_wconf 88' lang='lat' dir='ltr'><strong>et</strong></span> <span class='ocrx_word' id='word_1_70' title='bbox 1986 1075 2176 1115; x_wconf 89' lang='lat' dir='ltr'><strong>eorum</strong></span> <span class='ocrx_word' id='word_1_71' title='bbox 2207 1075 2336 1114; x_wconf 86' lang='lat' dir='ltr'><strong>suc-</strong></span> 
     </span>
    </p>
   </div>
   <div class='ocr_carea' id='block_1_12' title="bbox 760 1155 2337 1223">
    <p class='ocr_par' dir='ltr' id='par_1_12' title="bbox 760 1155 2337 1223">
     <span class='ocr_line' id='line_1_12' title="bbox 760 1155 2337 1223; baseline -0.002 -15"><span class='ocrx_word' id='word_1_72' title='bbox 760 1156 1072 1208; x_wconf 82' lang='lat' dir='ltr'><strong>cessoribus</strong></span> <span class='ocrx_word' id='word_1_73' title='bbox 1099 1156 1427 1223; x_wconf 63' lang='lat' dir='ltr'><strong>accepimus,</strong></span> <span class='ocrx_word' id='word_1_74' title='bbox 1469 1164 1522 1207; x_wconf 90' lang='lat' dir='ltr'><strong>et</strong></span> <span class='ocrx_word' id='word_1_75' title='bbox 1549 1156 1620 1208; x_wconf 90' lang='lat' dir='ltr'><strong>ita</strong></span> <span class='ocrx_word' id='word_1_76' title='bbox 1645 1155 1966 1219; x_wconf 79' lang='lat' dir='ltr'><strong>retinemus,</strong></span> <span class='ocrx_word' id='word_1_77' title='bbox 1997 1161 2054 1206; x_wconf 91' lang='lat' dir='ltr'><strong>nt</strong></span> <span class='ocrx_word' id='word_1_78' title='bbox 2075 1168 2100 1206; x_wconf 91' lang='lat' dir='ltr'><strong>a</strong></span> <span class='ocrx_word' id='word_1_79' title='bbox 2121 1162 2337 1206; x_wconf 73' lang='lat' dir='ltr'><strong>senten-</strong></span> 
     </span>
    </p>
   </div>
   <div class='ocr_carea' id='block_1_13' title="bbox 762 1245 2334 1312">
    <p class='ocr_par' dir='ltr' id='par_1_13' title="bbox 762 1245 2334 1312">
     <span class='ocr_line' id='line_1_13' title="bbox 762 1245 2334 1312; baseline -0.002 -16"><span class='ocrx_word' id='word_1_80' title='bbox 762 1247 832 1297; x_wconf 85' lang='lat' dir='ltr'><strong>tia</strong></span> <span class='ocrx_word' id='word_1_81' title='bbox 868 1247 968 1298; x_wconf 78' lang='lat' dir='ltr'><strong>liac</strong></span> <span class='ocrx_word' id='word_1_82' title='bbox 995 1245 1264 1300; x_wconf 87' lang='lat' dir='ltr'><strong>dimoveri</strong></span> <span class='ocrx_word' id='word_1_83' title='bbox 1321 1261 1680 1312; x_wconf 84' lang='lat' dir='ltr'><strong>nequeamus,</strong></span> <span class='ocrx_word' id='word_1_84' title='bbox 1747 1255 1797 1298; x_wconf 90' lang='lat' dir='ltr'><strong>et</strong></span> <span class='ocrx_word' id='word_1_85' title='bbox 1846 1246 2111 1299; x_wconf 79' lang='lat' dir='ltr'><strong>rationem</strong></span> <span class='ocrx_word' id='word_1_86' title='bbox 2145 1258 2334 1298; x_wconf 91' lang='lat' dir='ltr'><strong>eorum</strong></span> 
     </span>
    </p>
   </div>
   <div class='ocr_carea' id='block_1_14' title="bbox 761 1337 2339 1409">
    <p class='ocr_par' dir='ltr' id='par_1_14' title="bbox 761 1337 2339 1409">
     <span class='ocr_line' id='line_1_14' title="bbox 761 1337 2339 1409; baseline 0.001 -22"><span class='ocrx_word' id='word_1_87' title='bbox 761 1337 1064 1393; x_wconf 82' lang='lat' dir='ltr'><strong>reddimus.</strong></span> <span class='ocrx_word' id='word_1_88' title='bbox 1102 1356 1119 1389; x_wconf 74' lang='grc' dir='ltr'><strong>ι</strong></span> <span class='ocrx_word' id='word_1_89' title='bbox 1154 1339 1310 1402; x_wconf 85' lang='lat' dir='ltr'><strong>Quod</strong></span> <span class='ocrx_word' id='word_1_90' title='bbox 1362 1348 1541 1392; x_wconf 88' lang='lat' dir='ltr'><strong>autem</strong></span> <span class='ocrx_word' id='word_1_91' title='bbox 1567 1338 1782 1392; x_wconf 91' lang='lat' dir='ltr'><strong>Domini</strong></span> <span class='ocrx_word' id='word_1_92' title='bbox 1827 1339 1890 1391; x_wconf 81' lang='lat' dir='ltr'><strong>de</strong></span> <span class='ocrx_word' id='word_1_93' title='bbox 1918 1337 2192 1409; x_wconf 87' lang='lat' dir='ltr'><strong>mysteriis</strong></span> <span class='ocrx_word' id='word_1_94' title='bbox 2223 1351 2339 1390; x_wconf 83' lang='lat' dir='ltr'><strong>ser-</strong></span> 
     </span>
    </p>
   </div>
   <div class='ocr_carea' id='block_1_15' title="bbox 765 1428 2338 1498">
    <p class='ocr_par' dir='ltr' id='par_1_15' title="bbox 765 1428 2338 1498">
     <span class='ocr_line' id='line_1_15' title="bbox 765 1428 2338 1498; baseline 0.001 -19"><span class='ocrx_word' id='word_1_95' title='bbox 765 1443 875 1491; x_wconf 93' lang='lat' dir='ltr'><strong>mo,</strong></span> <span class='ocrx_word' id='word_1_96' title='bbox 904 1443 998 1496; x_wconf 83' lang='lat' dir='ltr'><strong>per</strong></span> <span class='ocrx_word' id='word_1_97' title='bbox 1037 1430 1258 1482; x_wconf 89' lang='lat' dir='ltr'><strong>modum</strong></span> <span class='ocrx_word' id='word_1_98' title='bbox 1297 1429 1630 1483; x_wconf 87' lang='lat' dir='ltr'><strong>recitationis</strong></span> <span class='ocrx_word' id='word_1_99' title='bbox 1686 1429 1951 1498; x_wconf 87' lang='lat' dir='ltr'><strong>prolatus,</strong></span> <span class='ocrx_word' id='word_1_100' title='bbox 1973 1428 2037 1480; x_wconf 90' lang='lat' dir='ltr'><strong>ad</strong></span> <span class='ocrx_word' id='word_1_101' title='bbox 2065 1428 2338 1480; x_wconf 85' lang='lat' dir='ltr'><strong>donorum</strong></span> 
     </span>
    </p>
   </div>
   <div class='ocr_carea' id='block_1_16' title="bbox 763 1519 2340 1588">
    <p class='ocr_par' dir='ltr' id='par_1_16' title="bbox 763 1519 2340 1588">
     <span class='ocr_line' id='line_1_16' title="bbox 763 1519 2340 1588; baseline 0 -16"><span class='ocrx_word' id='word_1_102' title='bbox 763 1519 1250 1576; x_wconf 81' lang='lat' dir='ltr'><strong>sanctiﬁcationem</strong></span> <span class='ocrx_word' id='word_1_103' title='bbox 1284 1519 1533 1585; x_wconf 79' lang='lat' dir='ltr'><strong>suﬂiciat,</strong></span> <span class='ocrx_word' id='word_1_104' title='bbox 1562 1535 1726 1574; x_wconf 91' lang='lat' dir='ltr'><strong>nemo</strong></span> <span class='ocrx_word' id='word_1_105' title='bbox 1755 1519 2151 1588; x_wconf 70' lang='lat' dir='ltr'><strong>apostolorum;</strong></span> <span class='ocrx_word' id='word_1_106' title='bbox 2179 1533 2340 1573; x_wconf 87' lang='lat' dir='ltr'><strong>nemo</strong></span> 
     </span>
    </p>
   </div>
   <div class='ocr_carea' id='block_1_17' title="bbox 764 1611 2338 1681">
    <p class='ocr_par' dir='ltr' id='par_1_17' title="bbox 764 1611 2338 1681">
     <span class='ocr_line' id='line_1_17' title="bbox 764 1611 2338 1681; baseline 0.003 -19"><span class='ocrx_word' id='word_1_107' title='bbox 764 1611 1049 1664; x_wconf 88' lang='lat' dir='ltr'><strong>doctorum</strong></span> <span class='ocrx_word' id='word_1_108' title='bbox 1086 1613 1287 1668; x_wconf 80' lang='lat' dir='ltr'><strong>dixisse</strong></span> <span class='ocrx_word' id='word_1_109' title='bbox 1304 1615 1568 1668; x_wconf 89' lang='lat' dir='ltr'><strong>cernitur.</strong></span> <span class='ocrx_word' id='word_1_110' title='bbox 1598 1612 1794 1667; x_wconf 79' lang='lat' dir='ltr'><strong>\‘erum</strong></span> <span class='ocrx_word' id='word_1_111' title='bbox 1831 1613 1976 1681; x_wconf 89' lang='lat' dir='ltr'><strong>quod</strong></span> <span class='ocrx_word' id='word_1_112' title='bbox 2013 1613 2099 1666; x_wconf 93' lang='lat' dir='ltr'><strong>ille</strong></span> <span class='ocrx_word' id='word_1_113' title='bbox 2121 1612 2338 1680; x_wconf 83' lang='lat' dir='ltr'><strong>quidem</strong></span> 
     </span>
    </p>
   </div>
   <div class='ocr_carea' id='block_1_18' title="bbox 766 1700 2342 1772">
    <p class='ocr_par' dir='ltr' id='par_1_18' title="bbox 766 1700 2342 1772">
     <span class='ocr_line' id='line_1_18' title="bbox 766 1700 2342 1772; baseline 0.003 -22"><span class='ocrx_word' id='word_1_114' title='bbox 766 1700 933 1753; x_wconf 88' lang='lat' dir='ltr'><strong>semel</strong></span> <span class='ocrx_word' id='word_1_115' title='bbox 960 1701 1026 1754; x_wconf 90' lang='lat' dir='ltr'><strong>ab</strong></span> <span class='ocrx_word' id='word_1_116' title='bbox 1051 1701 1142 1756; x_wconf 93' lang='lat' dir='ltr'><strong>illo</strong></span> <span class='ocrx_word' id='word_1_117' title='bbox 1167 1701 1435 1771; x_wconf 86' lang='lat' dir='ltr'><strong>prolatus,</strong></span> <span class='ocrx_word' id='word_1_118' title='bbox 1465 1704 1563 1756; x_wconf 87' lang='lat' dir='ltr'><strong>hoc</strong></span> <span class='ocrx_word' id='word_1_119' title='bbox 1583 1704 1700 1770; x_wconf 91' lang='lat' dir='ltr'><strong>ipso</strong></span> <span class='ocrx_word' id='word_1_120' title='bbox 1725 1704 1868 1772; x_wconf 89' lang='lat' dir='ltr'><strong>quod</strong></span> <span class='ocrx_word' id='word_1_121' title='bbox 1889 1703 1956 1756; x_wconf 87' lang='lat' dir='ltr'><strong>ab</strong></span> <span class='ocrx_word' id='word_1_122' title='bbox 1990 1701 2077 1754; x_wconf 88' lang='lat' dir='ltr'><strong>illo</strong></span> <span class='ocrx_word' id='word_1_123' title='bbox 2099 1716 2342 1769; x_wconf 86' lang='lat' dir='ltr'><strong>promm-</strong></span> 
     </span>
    </p>
   </div>
   <div class='ocr_carea' id='block_1_19' title="bbox 768 1793 2340 1862">
    <p class='ocr_par' dir='ltr' id='par_1_19' title="bbox 768 1793 2340 1862">
     <span class='ocr_line' id='line_1_19' title="bbox 768 1793 2340 1862; baseline 0.001 -19"><span class='ocrx_word' id='word_1_124' title='bbox 768 1793 936 1845; x_wconf 88' lang='lat' dir='ltr'><strong>tiatus</strong></span> <span class='ocrx_word' id='word_1_125' title='bbox 982 1800 1086 1855; x_wconf 84' lang='lat' dir='ltr'><strong>est,</strong></span> <span class='ocrx_word' id='word_1_126' title='bbox 1119 1794 1341 1862; x_wconf 88' lang='lat' dir='ltr'><strong>perinde</strong></span> <span class='ocrx_word' id='word_1_127' title='bbox 1374 1803 1537 1861; x_wconf 86' lang='lat' dir='ltr'><strong>atque</strong></span> <span class='ocrx_word' id='word_1_128' title='bbox 1585 1795 1636 1846; x_wconf 95' lang='lat' dir='ltr'><strong>in</strong></span> <span class='ocrx_word' id='word_1_129' title='bbox 1663 1809 1840 1847; x_wconf 90' lang='lat' dir='ltr'><strong>rerum</strong></span> <span class='ocrx_word' id='word_1_130' title='bbox 1865 1793 2218 1847; x_wconf 81' lang='lat' dir='ltr'><strong>fabricatione</strong></span> <span class='ocrx_word' id='word_1_131' title='bbox 2250 1794 2340 1845; x_wconf 80' lang='lat' dir='ltr'><strong>lia-</strong></span> 
     </span>
    </p>
   </div>
   <div class='ocr_carea' id='block_1_20' title="bbox 2441 599 4013 677">
    <p class='ocr_par' dir='ltr' id='par_1_20' title="bbox 2441 599 4013 677">
     <span class='ocr_line' id='line_1_20' title="bbox 2441 599 4013 677; baseline -0.01 -16"><span class='ocrx_word' id='word_1_132' title='bbox 2441 608 2868 674; x_wconf 84' lang='grc' dir='ltr'>ύποπτεύσειας,</span> <span class='ocrx_word' id='word_1_133' title='bbox 2922 609 2991 662; x_wconf 83' lang='grc' dir='ltr'><strong>δι⁹</strong></span> <span class='ocrx_word' id='word_1_134' title='bbox 3038 608 3216 677; x_wconf 76' lang='grc' dir='ltr'>εὐχῶν</span> <span class='ocrx_word' id='word_1_135' title='bbox 3281 605 3485 675; x_wconf 83' lang='grc' dir='ltr'>ὁμοίως</span> <span class='ocrx_word' id='word_1_136' title='bbox 3529 601 3623 653; x_wconf 71' lang='grc' dir='ltr'>καὶ</span> <span class='ocrx_word' id='word_1_137' title='bbox 3677 599 4013 666; x_wconf 76' lang='grc' dir='ltr'>έπικλήσεων</span> 
     </span>
    </p>
   </div>
   <div class='ocr_carea' id='block_1_21' title="bbox 2437 689 4013 768">
    <p class='ocr_par' dir='ltr' id='par_1_21' title="bbox 2437 689 4013 768">
     <span class='ocr_line' id='line_1_21' title="bbox 2437 689 4013 768; baseline -0.007 -18"><span class='ocrx_word' id='word_1_138' title='bbox 2437 697 2836 766; x_wconf 83' lang='grc' dir='ltr'>τελειούμενον,</span> <span class='ocrx_word' id='word_1_139' title='bbox 2891 700 2985 752; x_wconf 70' lang='grc' dir='ltr'>καὶ</span> <span class='ocrx_word' id='word_1_140' title='bbox 3036 699 3135 768; x_wconf 79' lang='grc' dir='ltr'>τὴν</span> <span class='ocrx_word' id='word_1_141' title='bbox 3185 696 3295 749; x_wconf 83' lang='grc' dir='ltr'>τῶν</span> <span class='ocrx_word' id='word_1_142' title='bbox 3353 695 3638 764; x_wconf 79' lang='grc' dir='ltr'>ἁμαρτιῶν</span> <span class='ocrx_word' id='word_1_143' title='bbox 3695 692 3910 759; x_wconf 69' lang='grc' dir='ltr'>ἄφεσιν,</span> <span class='ocrx_word' id='word_1_144' title='bbox 3969 689 4013 739; x_wconf 77' lang='grc' dir='ltr'><strong>εί</strong></span> 
     </span>
    </p>
   </div>
   <div class='ocr_carea' id='block_1_22' title="bbox 2439 782 4012 857">
    <p class='ocr_par' dir='ltr' id='par_1_22' title="bbox 2439 782 4012 857">
     <span class='ocr_line' id='line_1_22' title="bbox 2439 782 4012 857; baseline -0.018 1"><span class='ocrx_word' id='word_1_145' title='bbox 2439 791 2654 856; x_wconf 72' lang='grc' dir='ltr'>ἀληθῶς</span> <span class='ocrx_word' id='word_1_146' title='bbox 2695 791 2879 856; x_wconf 77' lang='grc' dir='ltr'>ἐδέξω,</span> <span class='ocrx_word' id='word_1_147' title='bbox 2916 789 3211 857; x_wconf 88' lang='grc' dir='ltr'>δισταγμόν</span> <span class='ocrx_word' id='word_1_148' title='bbox 3247 805 3368 840; x_wconf 87' lang='grc' dir='ltr'>τινα</span> <span class='ocrx_word' id='word_1_149' title='bbox 3404 786 3592 855; x_wconf 78' lang='grc' dir='ltr'>σχοίης</span> <span class='ocrx_word' id='word_1_150' title='bbox 3618 783 3707 836; x_wconf 80' lang='grc' dir='ltr'>διὰ</span> <span class='ocrx_word' id='word_1_151' title='bbox 3740 782 3837 848; x_wconf 77' lang='grc' dir='ltr'>τῆς</span> <span class='ocrx_word' id='word_1_152' title='bbox 3872 783 4012 848; x_wconf 78' lang='grc' dir='ltr'>ἱερα-</span> 
     </span>
    </p>
   </div>
   <div class='ocr_carea' id='block_1_23' title="bbox 2437 873 4015 952">
    <p class='ocr_par' dir='ltr' id='par_1_23' title="bbox 2437 873 4015 952">
     <span class='ocr_line' id='line_1_23' title="bbox 2437 873 4015 952; baseline -0.01 -15"><span class='ocrx_word' id='word_1_153' title='bbox 2437 883 2598 950; x_wconf 81' lang='grc' dir='ltr'>τικῆς</span> <span class='ocrx_word' id='word_1_154' title='bbox 2619 883 2838 952; x_wconf 76' lang='grc' dir='ltr'>χάριτος</span> <span class='ocrx_word' id='word_1_155' title='bbox 2865 882 3242 950; x_wconf 73' lang='grc' dir='ltr'>ὲπιδιδομένην</span> <span class='ocrx_word' id='word_1_156' title='bbox 3261 922 3275 945; x_wconf 93' lang='grc'><strong>,</strong></span> <span class='ocrx_word' id='word_1_157' title='bbox 3303 879 3397 932; x_wconf 71' lang='grc' dir='ltr'><strong>καὶ</strong></span> <span class='ocrx_word' id='word_1_158' title='bbox 3432 878 3601 932; x_wconf 77' lang='grc' dir='ltr'>τᾶλλα</span> <span class='ocrx_word' id='word_1_159' title='bbox 3634 875 3793 928; x_wconf 76' lang='grc' dir='ltr'>πάνθ’</span> <span class='ocrx_word' id='word_1_160' title='bbox 3817 873 4015 940; x_wconf 77' lang='grc' dir='ltr'>δμοίως</span> 
     </span>
    </p>
   </div>
   <div class='ocr_carea' id='block_1_24' title="bbox 2441 963 4014 1040">
    <p class='ocr_par' dir='ltr' id='par_1_24' title="bbox 2441 963 4014 1040">
     <span class='ocr_line' id='line_1_24' title="bbox 2441 963 4014 1040; baseline -0.008 -16"><span class='ocrx_word' id='word_1_161' title='bbox 2441 973 2873 1038; x_wconf 73' lang='grc' dir='ltr'>ὲκκλησιαστικὰ</span> <span class='ocrx_word' id='word_1_162' title='bbox 2928 971 3209 1040; x_wconf 85' lang='grc' dir='ltr'><strong>μυστήρια</strong></span> <span class='ocrx_word' id='word_1_163' title='bbox 3273 968 3658 1038; x_wconf 73' lang='grc' dir='ltr'>διαγράψειας.</span> <span class='ocrx_word' id='word_1_164' title='bbox 3727 963 3868 1017; x_wconf 78' lang='grc' dir='ltr'>Ἀλλ’</span> <span class='ocrx_word' id='word_1_165' title='bbox 3919 963 4014 1014; x_wconf 70' lang='grc' dir='ltr'><strong>οῦκ</strong></span> 
     </span>
    </p>
   </div>
   <div class='ocr_carea' id='block_1_25' title="bbox 2439 1055 4016 1129">
    <p class='ocr_par' dir='ltr' id='par_1_25' title="bbox 2439 1055 4016 1129">
     <span class='ocr_line' id='line_1_25' title="bbox 2439 1055 4016 1129; baseline -0.007 -13"><span class='ocrx_word' id='word_1_166' title='bbox 2439 1064 2554 1116; x_wconf 78' lang='grc' dir='ltr'>ἐστι</span> <span class='ocrx_word' id='word_1_167' title='bbox 2587 1064 2783 1129; x_wconf 81' lang='grc' dir='ltr'>ταῦτα,</span> <span class='ocrx_word' id='word_1_168' title='bbox 2813 1064 2911 1116; x_wconf 78' lang='grc' dir='ltr'>οὐκ</span> <span class='ocrx_word' id='word_1_169' title='bbox 2939 1063 3076 1116; x_wconf 74' lang='grc' dir='ltr'>ἐστι’</span> <span class='ocrx_word' id='word_1_170' title='bbox 3113 1061 3304 1124; x_wconf 71' lang='grc' dir='ltr'>πιστὸς</span> <span class='ocrx_word' id='word_1_171' title='bbox 3335 1060 3442 1128; x_wconf 79' lang='grc' dir='ltr'>γὰρ</span> <span class='ocrx_word' id='word_1_172' title='bbox 3475 1061 3501 1111; x_wconf 99' lang='lat'><strong>6</strong></span> <span class='ocrx_word' id='word_1_173' title='bbox 3532 1055 4016 1125; x_wconf 74' lang='grc' dir='ltr'>ἐπαγγειλάμενος,</span> 
     </span>
    </p>
   </div>
   <div class='ocr_carea' id='block_1_26' title="bbox 2443 1145 4016 1225">
    <p class='ocr_par' dir='ltr' id='par_1_26' title="bbox 2443 1145 4016 1225">
     <span class='ocr_line' id='line_1_26' title="bbox 2443 1145 4016 1225; baseline -0.002 -18"><span class='ocrx_word' id='word_1_174' title='bbox 2443 1155 2564 1225; x_wconf 76' lang='grc' dir='ltr'>μεθ’</span> <span class='ocrx_word' id='word_1_175' title='bbox 2593 1155 2753 1224; x_wconf 80' lang='grc' dir='ltr'>ήμῶν</span> <span class='ocrx_word' id='word_1_176' title='bbox 2805 1154 3026 1206; x_wconf 78' lang='grc' dir='ltr'>ἔσεσθαι</span> <span class='ocrx_word' id='word_1_177' title='bbox 3077 1154 3173 1216; x_wconf 65' lang='grc' dir='ltr'>τὰς</span> <span class='ocrx_word' id='word_1_178' title='bbox 3211 1153 3425 1222; x_wconf 75' lang='grc' dir='ltr'>ἡμέρας</span> <span class='ocrx_word' id='word_1_179' title='bbox 3461 1151 3702 1212; x_wconf 76' lang='grc' dir='ltr'>ἁπάσας,</span> <span class='ocrx_word' id='word_1_180' title='bbox 3752 1149 3878 1216; x_wconf 78' lang='grc' dir='ltr'>ἄχρι</span> <span class='ocrx_word' id='word_1_181' title='bbox 3921 1145 4016 1210; x_wconf 74' lang='grc' dir='ltr'><strong>τῆς</strong></span> 
     </span>
    </p>
   </div>
   <div class='ocr_carea' id='block_1_27' title="bbox 2441 1237 4016 1313">
    <p class='ocr_par' dir='ltr' id='par_1_27' title="bbox 2441 1237 4016 1313">
     <span class='ocr_line' id='line_1_27' title="bbox 2441 1237 4016 1313; baseline -0.009 -13"><span class='ocrx_word' id='word_1_182' title='bbox 2441 1248 2753 1308; x_wconf 83' lang='grc' dir='ltr'>συντελείας</span> <span class='ocrx_word' id='word_1_183' title='bbox 2784 1248 2877 1301; x_wconf 82' lang='grc' dir='ltr'><strong>τοῦ</strong></span> <span class='ocrx_word' id='word_1_184' title='bbox 2906 1247 3118 1309; x_wconf 74' lang='grc' dir='ltr'>αἰῶνος.</span> <span class='ocrx_word' id='word_1_185' title='bbox 3162 1246 3353 1313; x_wconf 73' lang='grc' dir='ltr'>Ἡμεῖς</span> <span class='ocrx_word' id='word_1_186' title='bbox 3393 1244 3494 1312; x_wconf 77' lang='grc' dir='ltr'>μὲν</span> <span class='ocrx_word' id='word_1_187' title='bbox 3517 1239 3609 1294; x_wconf 76' lang='grc' dir='ltr'><strong>οῦν</strong></span> <span class='ocrx_word' id='word_1_188' title='bbox 3647 1240 3821 1292; x_wconf 84' lang='grc' dir='ltr'>ταῦτα</span> <span class='ocrx_word' id='word_1_189' title='bbox 3869 1237 4016 1305; x_wconf 65' lang='grc' dir='ltr'>παρὲ</span> 
     </span>
    </p>
   </div>
   <div class='ocr_carea' id='block_1_28' title="bbox 2439 1329 4016 1406">
    <p class='ocr_par' dir='ltr' id='par_1_28' title="bbox 2439 1329 4016 1406">
     <span class='ocr_line' id='line_1_28' title="bbox 2439 1329 4016 1406; baseline -0.008 -15"><span class='ocrx_word' id='word_1_190' title='bbox 2439 1339 2547 1392; x_wconf 83' lang='grc' dir='ltr'><strong>τῶν</strong></span> <span class='ocrx_word' id='word_1_191' title='bbox 2589 1339 2760 1406; x_wconf 75' lang='grc' dir='ltr'>ἁγίων</span> <span class='ocrx_word' id='word_1_192' title='bbox 2785 1339 3103 1392; x_wconf 75' lang='grc' dir='ltr'><strong>ἀποστόλων</strong></span> <span class='ocrx_word' id='word_1_193' title='bbox 3127 1338 3217 1389; x_wconf 58' lang='grc' dir='ltr'>καλ.</span> <span class='ocrx_word' id='word_1_194' title='bbox 3240 1335 3347 1388; x_wconf 84' lang='grc' dir='ltr'><strong>τῶν</strong></span> <span class='ocrx_word' id='word_1_195' title='bbox 3370 1334 3612 1395; x_wconf 77' lang='grc' dir='ltr'>ἐκείνους</span> <span class='ocrx_word' id='word_1_196' title='bbox 3645 1329 4016 1399; x_wconf 67' lang='grc' dir='ltr'>ἐκδεξαμένων</span> 
     </span>
    </p>
   </div>
   <div class='ocr_carea' id='block_1_29' title="bbox 2443 1421 4017 1500">
    <p class='ocr_par' dir='ltr' id='par_1_29' title="bbox 2443 1421 4017 1500">
     <span class='ocr_line' id='line_1_29' title="bbox 2443 1421 4017 1500; baseline -0.008 -17"><span class='ocrx_word' id='word_1_197' title='bbox 2443 1431 2869 1500; x_wconf 83' lang='grc' dir='ltr'>παραλαϐόντες,</span> <span class='ocrx_word' id='word_1_198' title='bbox 2931 1431 3026 1484; x_wconf 68' lang='grc' dir='ltr'><strong>καὶ</strong></span> <span class='ocrx_word' id='word_1_199' title='bbox 3074 1430 3383 1498; x_wconf 86' lang='grc' dir='ltr'>κατέχομεν</span> <span class='ocrx_word' id='word_1_200' title='bbox 3430 1424 3878 1495; x_wconf 81' lang='grc' dir='ltr'>ἁμεταποιήτως,</span> <span class='ocrx_word' id='word_1_201' title='bbox 3929 1421 4017 1471; x_wconf 60' lang='grc' dir='ltr'>καὶ</span> 
     </span>
    </p>
   </div>
   <div class='ocr_carea' id='block_1_30' title="bbox 2442 1512 4016 1592">
    <p class='ocr_par' dir='ltr' id='par_1_30' title="bbox 2442 1512 4016 1592">
     <span class='ocr_line' id='line_1_30' title="bbox 2442 1512 4016 1592; baseline -0.009 -14"><span class='ocrx_word' id='word_1_202' title='bbox 2442 1524 2532 1578; x_wconf 76' lang='grc' dir='ltr'>τὸν</span> <span class='ocrx_word' id='word_1_203' title='bbox 2567 1523 2894 1592; x_wconf 86' lang='grc' dir='ltr'>γιγνόμενον</span> <span class='ocrx_word' id='word_1_204' title='bbox 2927 1520 3014 1573; x_wconf 77' lang='grc' dir='ltr'>ἐπ’</span> <span class='ocrx_word' id='word_1_205' title='bbox 3049 1519 3235 1582; x_wconf 81' lang='grc' dir='ltr'>αὐτοῖς</span> <span class='ocrx_word' id='word_1_206' title='bbox 3263 1518 3593 1584; x_wconf 84' lang='grc' dir='ltr'>ἀποδίδομεν</span> <span class='ocrx_word' id='word_1_207' title='bbox 3640 1513 3820 1581; x_wconf 86' lang='grc' dir='ltr'>λόγον·</span> <span class='ocrx_word' id='word_1_208' title='bbox 3857 1514 3936 1565; x_wconf 83' lang='grc' dir='ltr'><strong>ὅτι</strong></span> <span class='ocrx_word' id='word_1_209' title='bbox 3967 1512 4016 1564; x_wconf 79' lang='grc' dir='ltr'>δὲ</span> 
     </span>
    </p>
   </div>
   <div class='ocr_carea' id='block_1_31' title="bbox 2443 1604 4018 1683">
    <p class='ocr_par' dir='ltr' id='par_1_31' title="bbox 2443 1604 4018 1683">
     <span class='ocr_line' id='line_1_31' title="bbox 2443 1604 4018 1683; baseline -0.008 -16"><span class='ocrx_word' id='word_1_210' title='bbox 2443 1617 2470 1668; x_wconf 92' lang='lat'><strong>6</strong></span> <span class='ocrx_word' id='word_1_211' title='bbox 2512 1614 2606 1666; x_wconf 84' lang='grc' dir='ltr'><strong>τοῦ</strong></span> <span class='ocrx_word' id='word_1_212' title='bbox 2642 1614 2850 1682; x_wconf 81' lang='grc' dir='ltr'><strong>Κυρίου</strong></span> <span class='ocrx_word' id='word_1_213' title='bbox 2885 1613 3014 1683; x_wconf 70' lang='grc' dir='ltr'>περὶ</span> <span class='ocrx_word' id='word_1_214' title='bbox 3061 1613 3169 1664; x_wconf 84' lang='grc' dir='ltr'>τῶν</span> <span class='ocrx_word' id='word_1_215' title='bbox 3219 1610 3535 1680; x_wconf 75' lang='grc' dir='ltr'><strong>μυστηρίων</strong></span> <span class='ocrx_word' id='word_1_216' title='bbox 3569 1608 3748 1676; x_wconf 84' lang='grc' dir='ltr'>λόγος,</span> <span class='ocrx_word' id='word_1_217' title='bbox 3789 1607 3848 1658; x_wconf 68' lang='grc' dir='ltr'><strong>έν</strong></span> <span class='ocrx_word' id='word_1_218' title='bbox 3891 1604 4018 1655; x_wconf 77' lang='grc' dir='ltr'>εῖδει</span> 
     </span>
    </p>
   </div>
   <div class='ocr_carea' id='block_1_32' title="bbox 2441 1697 4018 1774">
    <p class='ocr_par' dir='ltr' id='par_1_32' title="bbox 2441 1697 4018 1774">
     <span class='ocr_line' id='line_1_32' title="bbox 2441 1697 4018 1774; baseline -0.006 -17"><span class='ocrx_word' id='word_1_219' title='bbox 2441 1706 2751 1774; x_wconf 83' lang='grc' dir='ltr'><strong>διηγήσεως</strong></span> <span class='ocrx_word' id='word_1_220' title='bbox 2791 1703 3107 1772; x_wconf 90' lang='grc' dir='ltr'>λεγόμενος,</span> <span class='ocrx_word' id='word_1_221' title='bbox 3145 1701 3585 1772; x_wconf 60' lang='grc' dir='ltr'>πρὸςᾟγιασμδν</span> <span class='ocrx_word' id='word_1_222' title='bbox 3619 1698 3808 1768; x_wconf 85' lang='grc' dir='ltr'>δώρων</span> <span class='ocrx_word' id='word_1_223' title='bbox 3840 1697 4018 1765; x_wconf 78' lang='grc' dir='ltr'>ἀρκεῖ,</span> 
     </span>
    </p>
   </div>
   <div class='ocr_carea' id='block_1_33' title="bbox 2443 1788 4018 1859">
    <p class='ocr_par' dir='ltr' id='par_1_33' title="bbox 2443 1788 4018 1859">
     <span class='ocr_line' id='line_1_33' title="bbox 2443 1788 4018 1859; baseline -0.008 -10"><span class='ocrx_word' id='word_1_224' title='bbox 2443 1797 2615 1859; x_wconf 73' lang='grc' dir='ltr'>οὐδεὶς</span> <span class='ocrx_word' id='word_1_225' title='bbox 2645 1794 2766 1848; x_wconf 76' lang='grc' dir='ltr'>οὗτε</span> <span class='ocrx_word' id='word_1_226' title='bbox 2821 1795 2929 1847; x_wconf 82' lang='grc' dir='ltr'>τῶν</span> <span class='ocrx_word' id='word_1_227' title='bbox 2982 1793 3321 1853; x_wconf 83' lang='grc' dir='ltr'>ἀποστόλων,</span> <span class='ocrx_word' id='word_1_228' title='bbox 3364 1792 3487 1845; x_wconf 72' lang='grc' dir='ltr'>οὔτε</span> <span class='ocrx_word' id='word_1_229' title='bbox 3531 1791 3643 1844; x_wconf 85' lang='grc' dir='ltr'><strong>τῶν</strong></span> <span class='ocrx_word' id='word_1_230' title='bbox 3685 1788 4018 1842; x_wconf 74' lang='grc' dir='ltr'>διδασκάλων</span> 
     </span>
    </p>
   </div>
   <div class='ocr_carea' id='block_1_34' title="bbox 767 1880 2538 1955">
    <p class='ocr_par' dir='ltr' id='par_1_34' title="bbox 767 1883 2537 1953">
     <span class='ocr_line' id='line_1_34' title="bbox 767 1883 2537 1953; baseline 0.002 -19"><span class='ocrx_word' id='word_1_231' title='bbox 767 1884 912 1938; x_wconf 87' lang='lat' dir='ltr'><strong>bitus</strong></span> <span class='ocrx_word' id='word_1_232' title='bbox 949 1898 1132 1938; x_wconf 87' lang='lat' dir='ltr'><strong>sermo</strong></span> <span class='ocrx_word' id='word_1_233' title='bbox 1157 1898 1372 1952; x_wconf 84' lang='lat' dir='ltr'><strong>semper</strong></span> <span class='ocrx_word' id='word_1_234' title='bbox 1428 1894 1705 1953; x_wconf 74' lang='lat' dir='ltr'><strong>operetur,</strong></span> <span class='ocrx_word' id='word_1_235' title='bbox 1761 1886 1862 1939; x_wconf 90' lang='lat' dir='ltr'><strong>hoc</strong></span> <span class='ocrx_word' id='word_1_236' title='bbox 1915 1885 1989 1937; x_wconf 89' lang='lat' dir='ltr'><strong>ait</strong></span> <span class='ocrx_word' id='word_1_237' title='bbox 2037 1899 2214 1938; x_wconf 61' lang='lat' dir='ltr'><strong>aurea&#39;</strong></span> <span class='ocrx_word' id='word_1_238' title='bbox 2255 1883 2343 1938; x_wconf 92' lang='lat' dir='ltr'><strong>ille</strong></span> <span class='ocrx_word' id='word_1_239' title='bbox 2375 1896 2417 1953; x_wconf 78' lang='grc' dir='ltr'><strong>Β</strong></span> <span class='ocrx_word' id='word_1_240' title='bbox 2446 1887 2537 1939; x_wconf 85' lang='grc' dir='ltr'><strong>εἱπ</strong></span> 
     </span>
    </p>
   </div>
   <div class='ocr_carea' id='block_1_35' title="bbox 2240 1880 4011 1955">
    <p class='ocr_par' dir='ltr' id='par_1_35' title="bbox 2255 1880 4011 1955">
     <span class='ocr_line' id='line_1_35' title="bbox 2255 1880 4011 1955; baseline -0.002 -20"><span class='ocrx_word' id='word_1_241' title='bbox 2255 1883 2343 1938; x_wconf 91' lang='lat' dir='ltr'><strong>ille</strong></span> <span class='ocrx_word' id='word_1_242' title='bbox 2375 1896 2417 1953; x_wconf 80' lang='grc' dir='ltr'><strong>Β</strong></span> <span class='ocrx_word' id='word_1_243' title='bbox 2446 1887 2613 1939; x_wconf 79' lang='grc' dir='ltr'>εἰπὼν</span> <span class='ocrx_word' id='word_1_244' title='bbox 2642 1885 3070 1955; x_wconf 76' lang='grc' dir='ltr'>φαίνεται.Ἀλλ’</span> <span class='ocrx_word' id='word_1_245' title='bbox 3105 1884 3188 1936; x_wconf 85' lang='grc' dir='ltr'>ὅτι</span> <span class='ocrx_word' id='word_1_246' title='bbox 3228 1884 3325 1953; x_wconf 80' lang='grc' dir='ltr'>μὲν</span> <span class='ocrx_word' id='word_1_247' title='bbox 3375 1882 3523 1946; x_wconf 77' lang='grc' dir='ltr'>ἅπαξ</span> <span class='ocrx_word' id='word_1_248' title='bbox 3560 1881 3653 1934; x_wconf 83' lang='grc' dir='ltr'><strong>ὑπ’</strong></span> <span class='ocrx_word' id='word_1_249' title='bbox 3685 1880 3895 1934; x_wconf 71' lang='grc' dir='ltr'>ἐκείνου</span> <span class='ocrx_word' id='word_1_250' title='bbox 3929 1881 4011 1948; x_wconf 76' lang='grc' dir='ltr'>ρη-</span> 
     </span>
    </p>
   </div>
   <div class='ocr_carea' id='block_1_36' title="bbox 769 1973 2339 2044">
    <p class='ocr_par' dir='ltr' id='par_1_36' title="bbox 769 1973 2339 2044">
     <span class='ocr_line' id='line_1_36' title="bbox 769 1973 2339 2044; baseline 0.002 -19"><span class='ocrx_word' id='word_1_251' title='bbox 769 1973 964 2042; x_wconf 71' lang='lat' dir='ltr'><strong>lingure</strong></span> <span class='ocrx_word' id='word_1_252' title='bbox 987 1973 1247 2029; x_wconf 83' lang='lat' dir='ltr'><strong>Joannes.</strong></span> <span class='ocrx_word' id='word_1_253' title='bbox 1269 1975 1423 2040; x_wconf 89' lang='lat' dir='ltr'><strong>Quod</strong></span> <span class='ocrx_word' id='word_1_254' title='bbox 1455 1991 1583 2030; x_wconf 85' lang='lat' dir='ltr'><strong>vero</strong></span> <span class='ocrx_word' id='word_1_255' title='bbox 1615 1991 1759 2030; x_wconf 92' lang='lat' dir='ltr'><strong>nunc</strong></span> <span class='ocrx_word' id='word_1_256' title='bbox 1795 1991 1824 2030; x_wconf 91' lang='lat' dir='ltr'><strong>a</strong></span> <span class='ocrx_word' id='word_1_257' title='bbox 1855 1977 2139 2031; x_wconf 89' lang='lat' dir='ltr'><strong>sacerdote</strong></span> <span class='ocrx_word' id='word_1_258' title='bbox 2165 1975 2339 2044; x_wconf 69' lang='lat' dir='ltr'><strong>prolav</strong></span> 
     </span>
    </p>
   </div>
   <div class='ocr_carea' id='block_1_37' title="bbox 770 2064 2344 2134">
    <p class='ocr_par' dir='ltr' id='par_1_37' title="bbox 770 2064 2344 2134">
     <span class='ocr_line' id='line_1_37' title="bbox 770 2064 2344 2134; baseline 0 -17"><span class='ocrx_word' id='word_1_259' title='bbox 770 2075 879 2128; x_wconf 89' lang='lat' dir='ltr'><strong>tus,</strong></span> <span class='ocrx_word' id='word_1_260' title='bbox 915 2067 1017 2119; x_wconf 86' lang='lat' dir='ltr'><strong>hoc</strong></span> <span class='ocrx_word' id='word_1_261' title='bbox 1064 2067 1182 2132; x_wconf 88' lang='lat' dir='ltr'><strong>ipso</strong></span> <span class='ocrx_word' id='word_1_262' title='bbox 1233 2066 1376 2134; x_wconf 87' lang='lat' dir='ltr'><strong>quod</strong></span> <span class='ocrx_word' id='word_1_263' title='bbox 1432 2067 1498 2119; x_wconf 89' lang='lat' dir='ltr'><strong>ab</strong></span> <span class='ocrx_word' id='word_1_264' title='bbox 1527 2081 1595 2120; x_wconf 92' lang='lat' dir='ltr'><strong>eo</strong></span> <span class='ocrx_word' id='word_1_265' title='bbox 1649 2067 1879 2130; x_wconf 86' lang='lat' dir='ltr'><strong>dicatur,</strong></span> <span class='ocrx_word' id='word_1_266' title='bbox 1943 2067 2049 2120; x_wconf 86' lang='lat' dir='ltr'><strong>hoc</strong></span> <span class='ocrx_word' id='word_1_267' title='bbox 2092 2064 2284 2131; x_wconf 86' lang='lat' dir='ltr'><strong>possit,</strong></span> <span class='ocrx_word' id='word_1_268' title='bbox 2315 2080 2344 2118; x_wconf 88' lang='lat' dir='ltr'><strong>a</strong></span> 
     </span>
    </p>
   </div>
   <div class='ocr_carea' id='block_1_38' title="bbox 773 2155 2345 2226">
    <p class='ocr_par' dir='ltr' id='par_1_38' title="bbox 773 2155 2345 2226">
     <span class='ocr_line' id='line_1_38' title="bbox 773 2155 2345 2226; baseline 0.003 -21"><span class='ocrx_word' id='word_1_269' title='bbox 773 2156 920 2208; x_wconf 89' lang='lat' dir='ltr'><strong>nullo</strong></span> <span class='ocrx_word' id='word_1_270' title='bbox 949 2157 1071 2209; x_wconf 81' lang='lat' dir='ltr'><strong>licet</strong></span> <span class='ocrx_word' id='word_1_271' title='bbox 1104 2158 1340 2211; x_wconf 85' lang='lat' dir='ltr'><strong>ediscere</strong></span> <span class='ocrx_word' id='word_1_272' title='bbox 1368 2174 1384 2212; x_wconf 90' lang='lat'><strong>:</strong></span> <span class='ocrx_word' id='word_1_273' title='bbox 1447 2159 1886 2226; x_wconf 88' lang='lat' dir='ltr'><strong>quandoquidem</strong></span> <span class='ocrx_word' id='word_1_274' title='bbox 1921 2173 2018 2211; x_wconf 86' lang='lat' dir='ltr'><strong>nec</strong></span> <span class='ocrx_word' id='word_1_275' title='bbox 2049 2158 2163 2218; x_wconf 86' lang='lat' dir='ltr'><strong>ipse</strong></span> <span class='ocrx_word' id='word_1_276' title='bbox 2190 2155 2345 2225; x_wconf 84' lang='lat' dir='ltr'><strong>Opili-</strong></span> 
     </span>
    </p>
   </div>
   <div class='ocr_carea' id='block_1_39' title="bbox 771 2246 2345 2317">
    <p class='ocr_par' dir='ltr' id='par_1_39' title="bbox 771 2246 2345 2317">
     <span class='ocr_line' id='line_1_39' title="bbox 771 2246 2345 2317; baseline 0.001 -19"><span class='ocrx_word' id='word_1_277' title='bbox 771 2247 852 2300; x_wconf 82' lang='lat' dir='ltr'><strong>cis</strong></span> <span class='ocrx_word' id='word_1_278' title='bbox 891 2255 1154 2314; x_wconf 84' lang='lat' dir='ltr'><strong>operatur</strong></span> <span class='ocrx_word' id='word_1_279' title='bbox 1180 2262 1381 2310; x_wconf 86' lang='lat' dir='ltr'><strong>sermo,</strong></span> <span class='ocrx_word' id='word_1_280' title='bbox 1407 2248 1533 2316; x_wconf 88' lang='lat' dir='ltr'><strong>quia</strong></span> <span class='ocrx_word' id='word_1_281' title='bbox 1567 2249 1618 2301; x_wconf 92' lang='lat' dir='ltr'><strong>in</strong></span> <span class='ocrx_word' id='word_1_282' title='bbox 1652 2249 1902 2317; x_wconf 78' lang='lat' dir='ltr'><strong>singulis,</strong></span> <span class='ocrx_word' id='word_1_283' title='bbox 1944 2264 2064 2317; x_wconf 72' lang='lat' dir='ltr'><strong>qua:</strong></span> <span class='ocrx_word' id='word_1_284' title='bbox 2115 2249 2250 2301; x_wconf 83' lang='lat' dir='ltr'><strong>ﬁunt</strong></span> <span class='ocrx_word' id='word_1_285' title='bbox 2278 2246 2345 2300; x_wconf 91' lang='lat' dir='ltr'><strong>ab</strong></span> 
     </span>
    </p>
   </div>
   <div class='ocr_carea' id='block_1_40' title="bbox 769 2337 2343 2409">
    <p class='ocr_par' dir='ltr' id='par_1_40' title="bbox 769 2337 2343 2409">
     <span class='ocr_line' id='line_1_40' title="bbox 769 2337 2343 2409; baseline 0 -17"><span class='ocrx_word' id='word_1_286' title='bbox 769 2339 955 2408; x_wconf 83' lang='lat' dir='ltr'><strong>aliquo</strong></span> <span class='ocrx_word' id='word_1_287' title='bbox 982 2340 1199 2394; x_wconf 87' lang='lat' dir='ltr'><strong>homine</strong></span> <span class='ocrx_word' id='word_1_288' title='bbox 1237 2339 1504 2394; x_wconf 81' lang='lat' dir='ltr'><strong>referatur</strong></span> <span class='ocrx_word' id='word_1_289' title='bbox 1539 2357 1552 2394; x_wconf 88' lang='lat'>:</span> <span class='ocrx_word' id='word_1_290' title='bbox 1588 2340 1680 2395; x_wconf 91' lang='lat' dir='ltr'><strong>sed</strong></span> <span class='ocrx_word' id='word_1_291' title='bbox 1712 2343 1834 2409; x_wconf 87' lang='lat' dir='ltr'><strong>quia</strong></span> <span class='ocrx_word' id='word_1_292' title='bbox 1863 2340 2030 2394; x_wconf 89' lang='lat' dir='ltr'><strong>semel</strong></span> <span class='ocrx_word' id='word_1_293' title='bbox 2058 2348 2140 2393; x_wconf 91' lang='lat' dir='ltr'><strong>est</strong></span> <span class='ocrx_word' id='word_1_294' title='bbox 2176 2353 2206 2392; x_wconf 93' lang='lat' dir='ltr'><strong>a</strong></span> <span class='ocrx_word' id='word_1_295' title='bbox 2234 2337 2343 2392; x_wconf 88' lang='lat' dir='ltr'><strong>Deo</strong></span> 
     </span>
    </p>
   </div>
   <div class='ocr_carea' id='block_1_41' title="bbox 770 2431 2346 2501">
    <p class='ocr_par' dir='ltr' id='par_1_41' title="bbox 770 2431 2346 2501">
     <span class='ocr_line' id='line_1_41' title="bbox 770 2431 2346 2501; baseline 0.001 -18"><span class='ocrx_word' id='word_1_296' title='bbox 770 2433 1111 2484; x_wconf 82' lang='lat' dir='ltr'><strong>enuntiatus.</strong></span> <span class='ocrx_word' id='word_1_297' title='bbox 1164 2431 1306 2496; x_wconf 88' lang='lat' dir='ltr'><strong>Quin</strong></span> <span class='ocrx_word' id='word_1_298' title='bbox 1373 2433 1537 2484; x_wconf 90' lang='lat' dir='ltr'><strong>etiam</strong></span> <span class='ocrx_word' id='word_1_299' title='bbox 1591 2447 1690 2486; x_wconf 92' lang='lat' dir='ltr'><strong>nec</strong></span> <span class='ocrx_word' id='word_1_300' title='bbox 1739 2433 1841 2501; x_wconf 91' lang='lat' dir='ltr'><strong>ipsi</strong></span> <span class='ocrx_word' id='word_1_301' title='bbox 1891 2432 2111 2500; x_wconf 84' lang='lat' dir='ltr'><strong>quidem</strong></span> <span class='ocrx_word' id='word_1_302' title='bbox 2164 2432 2346 2485; x_wconf 81' lang='lat' dir='ltr'><strong>dicent</strong></span> 
     </span>
    </p>
   </div>
   <div class='ocr_carea' id='block_1_42' title="bbox 770 2520 2344 2592">
    <p class='ocr_par' dir='ltr' id='par_1_42' title="bbox 770 2520 2344 2592">
     <span class='ocr_line' id='line_1_42' title="bbox 770 2520 2344 2592; baseline 0.003 -20"><span class='ocrx_word' id='word_1_303' title='bbox 770 2523 986 2588; x_wconf 87' lang='lat' dir='ltr'><strong>operari</strong></span> <span class='ocrx_word' id='word_1_304' title='bbox 1019 2520 1636 2585; x_wconf 85' lang='lat' dir='ltr'><strong>Dominicumverbum,</strong></span> <span class='ocrx_word' id='word_1_305' title='bbox 1691 2539 1719 2576; x_wconf 89' lang='lat' dir='ltr'><strong>a</strong></span> <span class='ocrx_word' id='word_1_306' title='bbox 1769 2525 1965 2592; x_wconf 83' lang='lat' dir='ltr'><strong>quovis</strong></span> <span class='ocrx_word' id='word_1_307' title='bbox 2022 2524 2344 2591; x_wconf 88' lang='lat' dir='ltr'><strong>simpliciter</strong></span> 
     </span>
    </p>
   </div>
   <div class='ocr_carea' id='block_1_43' title="bbox 770 2612 2346 2685">
    <p class='ocr_par' dir='ltr' id='par_1_43' title="bbox 770 2612 2346 2685">
     <span class='ocr_line' id='line_1_43' title="bbox 770 2612 2346 2685; baseline 0.004 -22"><span class='ocrx_word' id='word_1_308' title='bbox 770 2612 1063 2682; x_wconf 87' lang='lat' dir='ltr'><strong>prolatum,</strong></span> <span class='ocrx_word' id='word_1_309' title='bbox 1096 2629 1272 2683; x_wconf 89' lang='lat' dir='ltr'><strong>neque</strong></span> <span class='ocrx_word' id='word_1_310' title='bbox 1304 2615 1508 2685; x_wconf 90' lang='lat' dir='ltr'><strong>absque</strong></span> <span class='ocrx_word' id='word_1_311' title='bbox 1542 2616 1720 2670; x_wconf 86' lang='lat' dir='ltr'><strong>altari.</strong></span> <span class='ocrx_word' id='word_1_312' title='bbox 1756 2617 1811 2670; x_wconf 91' lang='lat' dir='ltr'><strong>Si</strong></span> <span class='ocrx_word' id='word_1_313' title='bbox 1869 2616 2031 2685; x_wconf 81' lang='lat' dir='ltr'><strong>igitur</strong></span> <span class='ocrx_word' id='word_1_314' title='bbox 2064 2615 2346 2671; x_wconf 85' lang='lat' dir='ltr'><strong>sacerdote</strong></span> 
     </span>
    </p>
   </div>
   <div class='ocr_carea' id='block_1_44' title="bbox 768 2708 2342 2779">
    <p class='ocr_par' dir='ltr' id='par_1_44' title="bbox 768 2708 2342 2779">
     <span class='ocr_line' id='line_1_44' title="bbox 768 2708 2342 2779; baseline 0 -21"><span class='ocrx_word' id='word_1_315' title='bbox 768 2714 854 2759; x_wconf 87' lang='lat' dir='ltr'><strong>cst</strong></span> <span class='ocrx_word' id='word_1_316' title='bbox 901 2721 1036 2774; x_wconf 90' lang='lat' dir='ltr'><strong>opus</strong></span> <span class='ocrx_word' id='word_1_317' title='bbox 1084 2715 1138 2762; x_wconf 89' lang='lat' dir='ltr'><strong>et</strong></span> <span class='ocrx_word' id='word_1_318' title='bbox 1201 2709 1380 2771; x_wconf 88' lang='lat' dir='ltr'><strong>altari,</strong></span> <span class='ocrx_word' id='word_1_319' title='bbox 1441 2717 1495 2763; x_wconf 90' lang='lat' dir='ltr'><strong>et</strong></span> <span class='ocrx_word' id='word_1_320' title='bbox 1537 2708 1658 2765; x_wconf 91' lang='lat' dir='ltr'><strong>aliis</strong></span> <span class='ocrx_word' id='word_1_321' title='bbox 1710 2726 1830 2779; x_wconf 76' lang='lat' dir='ltr'><strong>qua:</strong></span> <span class='ocrx_word' id='word_1_322' title='bbox 1851 2709 1917 2764; x_wconf 90' lang='lat' dir='ltr'><strong>ad</strong></span> <span class='ocrx_word' id='word_1_323' title='bbox 1972 2709 2020 2763; x_wconf 93' lang='lat' dir='ltr'><strong>id</strong></span> <span class='ocrx_word' id='word_1_324' title='bbox 2050 2710 2342 2778; x_wconf 87' lang='lat' dir='ltr'><strong>pertinent,</strong></span> 
     </span>
    </p>
   </div>
   <div class='ocr_carea' id='block_1_45' title="bbox 769 2796 2349 2870">
    <p class='ocr_par' dir='ltr' id='par_1_45' title="bbox 769 2796 2349 2870">
     <span class='ocr_line' id='line_1_45' title="bbox 769 2796 2349 2870; baseline 0.003 -22"><span class='ocrx_word' id='word_1_325' title='bbox 769 2796 958 2865; x_wconf 88' lang='lat' dir='ltr'><strong>quidni</strong></span> <span class='ocrx_word' id='word_1_326' title='bbox 984 2806 1039 2853; x_wconf 90' lang='lat' dir='ltr'><strong>et</strong></span> <span class='ocrx_word' id='word_1_327' title='bbox 1062 2799 1756 2867; x_wconf 83' lang='lat' dir='ltr'><strong>prccibus,benedictione,</strong></span> <span class='ocrx_word' id='word_1_328' title='bbox 1797 2811 1850 2854; x_wconf 90' lang='lat' dir='ltr'><strong>et</strong></span> <span class='ocrx_word' id='word_1_329' title='bbox 1881 2815 1973 2870; x_wconf 86' lang='lat' dir='ltr'><strong>per</strong></span> <span class='ocrx_word' id='word_1_330' title='bbox 1997 2817 2113 2855; x_wconf 87' lang='lat' dir='ltr'><strong>eam</strong></span> <span class='ocrx_word' id='word_1_331' title='bbox 2143 2800 2349 2854; x_wconf 83' lang='lat' dir='ltr'><strong>adven-</strong></span> 
     </span>
    </p>
   </div>
   <div class='ocr_carea' id='block_1_46' title="bbox 769 2889 2346 2962">
    <p class='ocr_par' dir='ltr' id='par_1_46' title="bbox 769 2889 2346 2962">
     <span class='ocr_line' id='line_1_46' title="bbox 769 2889 2346 2962; baseline 0.004 -21"><span class='ocrx_word' id='word_1_332' title='bbox 769 2899 825 2941; x_wconf 91' lang='lat' dir='ltr'><strong>tu</strong></span> <span class='ocrx_word' id='word_1_333' title='bbox 852 2891 1024 2944; x_wconf 74' lang='lat' dir='ltr'><strong>sancti</strong></span> <span class='ocrx_word' id='word_1_334' title='bbox 1061 2889 1324 2959; x_wconf 88' lang='lat' dir='ltr'><strong>Spiritus,</strong></span> <span class='ocrx_word' id='word_1_335' title='bbox 1357 2892 1655 2962; x_wconf 88' lang='lat' dir='ltr'><strong>quiomnia</strong></span> <span class='ocrx_word' id='word_1_336' title='bbox 1682 2893 1896 2962; x_wconf 84' lang='lat' dir='ltr'><strong>perﬁcit</strong></span> <span class='ocrx_word' id='word_1_337' title='bbox 1925 2903 1978 2946; x_wconf 92' lang='lat' dir='ltr'><strong>et</strong></span> <span class='ocrx_word' id='word_1_338' title='bbox 1998 2902 2346 2948; x_wconf 81' lang='lat' dir='ltr'><strong>consummat</strong></span> 
     </span>
    </p>
   </div>
   <div class='ocr_carea' id='block_1_47' title="bbox 768 2983 2343 3056">
    <p class='ocr_par' dir='ltr' id='par_1_47' title="bbox 768 2983 2343 3056">
     <span class='ocr_line' id='line_1_47' title="bbox 768 2983 2343 3056; baseline 0.003 -21"><span class='ocrx_word' id='word_1_339' title='bbox 768 2983 1024 3052; x_wconf 88' lang='lat' dir='ltr'><strong>mysteria</strong></span> <span class='ocrx_word' id='word_1_340' title='bbox 1047 2985 1303 3046; x_wconf 70' lang='lat' dir='ltr'><strong>iAdhaec,</strong></span> <span class='ocrx_word' id='word_1_341' title='bbox 1323 3001 1477 3040; x_wconf 87' lang='lat' dir='ltr'><strong>sacer</strong></span> <span class='ocrx_word' id='word_1_342' title='bbox 1494 2986 1579 3039; x_wconf 93' lang='lat' dir='ltr'><strong>ille</strong></span> <span class='ocrx_word' id='word_1_343' title='bbox 1605 2985 1895 3056; x_wconf 82' lang='lat' dir='ltr'><strong>Dionysius</strong></span> <span class='ocrx_word' id='word_1_344' title='bbox 1915 2986 2222 3040; x_wconf 90' lang='lat' dir='ltr'><strong>testimonio</strong></span> <span class='ocrx_word' id='word_1_345' title='bbox 2243 3001 2343 3041; x_wconf 89' lang='lat' dir='ltr'><strong>suo</strong></span> 
     </span>
    </p>
   </div>
   <div class='ocr_carea' id='block_1_48' title="bbox 769 3077 2340 3134">
    <p class='ocr_par' dir='ltr' id='par_1_48' title="bbox 769 3077 2340 3134">
     <span class='ocr_line' id='line_1_48' title="bbox 769 3077 2340 3134; baseline 0.002 -7"><span class='ocrx_word' id='word_1_346' title='bbox 769 3092 818 3127; x_wconf 77' lang='grc' dir='ltr'><strong>ιιι</strong></span> <span class='ocrx_word' id='word_1_347' title='bbox 843 3085 984 3129; x_wconf 90' lang='lat' dir='ltr'><strong>stros</strong></span> <span class='ocrx_word' id='word_1_348' title='bbox 1014 3077 1148 3131; x_wconf 89' lang='lat' dir='ltr'><strong>ritus</strong></span> <span class='ocrx_word' id='word_1_349' title='bbox 1171 3079 1593 3132; x_wconf 71' lang='lat' dir='ltr'><strong>confirmatur-ns</strong></span> <span class='ocrx_word' id='word_1_350' title='bbox 1626 3078 1867 3134; x_wconf 82' lang='lat' dir='ltr'><strong>accedat.</strong></span> <span class='ocrx_word' id='word_1_351' title='bbox 1891 3078 1948 3132; x_wconf 86' lang='lat' dir='ltr'><strong>In</strong></span> <span class='ocrx_word' id='word_1_352' title='bbox 1977 3078 2340 3132; x_wconf 88' lang='lat' dir='ltr'><strong>theoriaenim</strong></span> 
     </span>
    </p>
   </div>
   <div class='ocr_carea' id='block_1_49' title="bbox 769 3169 2340 3240">
    <p class='ocr_par' dir='ltr' id='par_1_49' title="bbox 769 3169 2340 3240">
     <span class='ocr_line' id='line_1_49' title="bbox 769 3169 2340 3240; baseline 0.002 -21"><span class='ocrx_word' id='word_1_353' title='bbox 769 3169 1014 3236; x_wconf 75' lang='lat' dir='ltr'><strong>mysterii</strong></span> <span class='ocrx_word' id='word_1_354' title='bbox 1052 3185 1319 3239; x_wconf 73' lang='lat' dir='ltr'><strong>synaxeos</strong></span> <span class='ocrx_word' id='word_1_355' title='bbox 1350 3186 1364 3222; x_wconf 91' lang='lat'><strong>:</strong></span> <span class='ocrx_word' id='word_1_356' title='bbox 1397 3189 1413 3221; x_wconf 84' lang='grc' dir='ltr'><strong>ι</strong></span> <span class='ocrx_word' id='word_1_357' title='bbox 1443 3169 1543 3224; x_wconf 90' lang='lat' dir='ltr'><strong>Ubi</strong></span> <span class='ocrx_word' id='word_1_358' title='bbox 1587 3184 1766 3234; x_wconf 86' lang='lat' dir='ltr'><strong>sacra,</strong></span> <span class='ocrx_word' id='word_1_359' title='bbox 1800 3170 1995 3240; x_wconf 89' lang='lat' dir='ltr'><strong>inquit,</strong></span> <span class='ocrx_word' id='word_1_360' title='bbox 2031 3169 2124 3225; x_wconf 87' lang='lat' dir='ltr'><strong>Dei</strong></span> <span class='ocrx_word' id='word_1_361' title='bbox 2176 3184 2340 3238; x_wconf 86' lang='lat' dir='ltr'><strong>opera</strong></span> 
     </span>
    </p>
   </div>
   <div class='ocr_carea' id='block_1_50' title="bbox 2448 1971 4018 2046">
    <p class='ocr_par' dir='ltr' id='par_1_50' title="bbox 2448 1971 4018 2046">
     <span class='ocr_line' id='line_1_50' title="bbox 2448 1971 4018 2046; baseline -0.006 -16"><span class='ocrx_word' id='word_1_362' title='bbox 2448 1977 2581 2041; x_wconf 68' lang='grc' dir='ltr'>θεὶς,</span> <span class='ocrx_word' id='word_1_363' title='bbox 2616 1978 2762 2046; x_wconf 70' lang='grc' dir='ltr'>αὐτῷ</span> <span class='ocrx_word' id='word_1_364' title='bbox 2796 1977 2871 2046; x_wconf 83' lang='grc' dir='ltr'>τῷ</span> <span class='ocrx_word' id='word_1_365' title='bbox 2903 1977 2996 2029; x_wconf 80' lang='grc' dir='ltr'>ὑπ’</span> <span class='ocrx_word' id='word_1_366' title='bbox 3038 1976 3250 2028; x_wconf 73' lang='grc' dir='ltr'>ἐκείνου</span> <span class='ocrx_word' id='word_1_367' title='bbox 3285 1975 3538 2044; x_wconf 76' lang='grc' dir='ltr'>ῥηθῆναι,</span> <span class='ocrx_word' id='word_1_368' title='bbox 3576 1973 3826 2042; x_wconf 78' lang='grc' dir='ltr'>καθάπερ</span> <span class='ocrx_word' id='word_1_369' title='bbox 3854 1974 3881 2024; x_wconf 90' lang='lat'><strong>6</strong></span> <span class='ocrx_word' id='word_1_370' title='bbox 3927 1971 4018 2040; x_wconf 78' lang='grc' dir='ltr'>δη-</span> 
     </span>
    </p>
   </div>
   <div class='ocr_carea' id='block_1_51' title="bbox 2450 2061 4019 2136">
    <p class='ocr_par' dir='ltr' id='par_1_51' title="bbox 2450 2061 4019 2136">
     <span class='ocr_line' id='line_1_51' title="bbox 2450 2061 4019 2136; baseline -0.003 -18"><span class='ocrx_word' id='word_1_371' title='bbox 2450 2067 2768 2136; x_wconf 79' lang='grc' dir='ltr'>μιουργικὺς</span> <span class='ocrx_word' id='word_1_372' title='bbox 2811 2066 2981 2132; x_wconf 87' lang='grc' dir='ltr'>Λόγος</span> <span class='ocrx_word' id='word_1_373' title='bbox 3022 2068 3106 2119; x_wconf 69' lang='grc' dir='ltr'><strong>ἀεὶ</strong></span> <span class='ocrx_word' id='word_1_374' title='bbox 3140 2066 3372 2136; x_wconf 76' lang='grc' dir='ltr'>ἐνεργεῖ,</span> <span class='ocrx_word' id='word_1_375' title='bbox 3421 2065 3580 2116; x_wconf 85' lang='grc' dir='ltr'>τοῦτό</span> <span class='ocrx_word' id='word_1_376' title='bbox 3632 2080 3797 2132; x_wconf 84' lang='grc' dir='ltr'>φησιν</span> <span class='ocrx_word' id='word_1_377' title='bbox 3849 2065 3876 2116; x_wconf 88' lang='lat'><strong>6</strong></span> <span class='ocrx_word' id='word_1_378' title='bbox 3925 2061 4019 2132; x_wconf 59' lang='lat' dir='ltr'><strong>ti)»</strong></span> 
     </span>
    </p>
   </div>
   <div class='ocr_carea' id='block_1_52' title="bbox 2445 2155 4020 2227">
    <p class='ocr_par' dir='ltr' id='par_1_52' title="bbox 2445 2155 4020 2227">
     <span class='ocr_line' id='line_1_52' title="bbox 2445 2155 4020 2227; baseline -0.003 -17"><span class='ocrx_word' id='word_1_379' title='bbox 2445 2159 2691 2227; x_wconf 82' lang='grc' dir='ltr'>γλῶτταν</span> <span class='ocrx_word' id='word_1_380' title='bbox 2741 2158 2974 2227; x_wconf 79' lang='grc' dir='ltr'>χρυσοῦς</span> <span class='ocrx_word' id='word_1_381' title='bbox 3038 2159 3316 2224; x_wconf 71' lang='grc' dir='ltr'>Ἰωάννης.</span> <span class='ocrx_word' id='word_1_382' title='bbox 3371 2158 3491 2210; x_wconf 78' lang='grc' dir='ltr'>Ὀτι</span> <span class='ocrx_word' id='word_1_383' title='bbox 3531 2157 3586 2210; x_wconf 75' lang='grc' dir='ltr'>δὲ</span> <span class='ocrx_word' id='word_1_384' title='bbox 3631 2155 3725 2209; x_wconf 87' lang='grc' dir='ltr'><strong>νῦν</strong></span> <span class='ocrx_word' id='word_1_385' title='bbox 3777 2155 3881 2208; x_wconf 73' lang='grc' dir='ltr'>ὑπὸ</span> <span class='ocrx_word' id='word_1_386' title='bbox 3929 2155 4020 2207; x_wconf 87' lang='grc' dir='ltr'><strong>τοῦ</strong></span> 
     </span>
    </p>
   </div>
   <div class='ocr_carea' id='block_1_53' title="bbox 2449 2246 4020 2320">
    <p class='ocr_par' dir='ltr' id='par_1_53' title="bbox 2449 2246 4020 2320">
     <span class='ocr_line' id='line_1_53' title="bbox 2449 2246 4020 2320; baseline -0.003 -17"><span class='ocrx_word' id='word_1_387' title='bbox 2449 2251 2638 2320; x_wconf 81' lang='grc' dir='ltr'>ίερέως</span> <span class='ocrx_word' id='word_1_388' title='bbox 2669 2249 2987 2319; x_wconf 88' lang='grc' dir='ltr'>λεγόμενος,</span> <span class='ocrx_word' id='word_1_389' title='bbox 3024 2251 3111 2303; x_wconf 72' lang='grc' dir='ltr'><strong>διὰ</strong></span> <span class='ocrx_word' id='word_1_390' title='bbox 3145 2249 3206 2301; x_wconf 80' lang='grc' dir='ltr'>τὺ</span> <span class='ocrx_word' id='word_1_391' title='bbox 3253 2250 3344 2302; x_wconf 78' lang='grc' dir='ltr'>ὑπ’</span> <span class='ocrx_word' id='word_1_392' title='bbox 3385 2247 3550 2301; x_wconf 80' lang='grc' dir='ltr'>αὐτοῦ</span> <span class='ocrx_word' id='word_1_393' title='bbox 3579 2247 3834 2316; x_wconf 87' lang='grc' dir='ltr'>λέγεσθαι</span> <span class='ocrx_word' id='word_1_394' title='bbox 3869 2246 4020 2299; x_wconf 80' lang='grc' dir='ltr'>τοῦτο</span> 
     </span>
    </p>
   </div>
   <div class='ocr_carea' id='block_1_54' title="bbox 2447 2341 4021 2411">
    <p class='ocr_par' dir='ltr' id='par_1_54' title="bbox 2447 2341 4021 2411">
     <span class='ocr_line' id='line_1_54' title="bbox 2447 2341 4021 2411; baseline -0.002 -17"><span class='ocrx_word' id='word_1_395' title='bbox 2447 2343 2692 2408; x_wconf 88' lang='grc' dir='ltr'>δύναται,</span> <span class='ocrx_word' id='word_1_396' title='bbox 2728 2342 3030 2411; x_wconf 78' lang='grc' dir='ltr'>οὐδαμόθεν</span> <span class='ocrx_word' id='word_1_397' title='bbox 3084 2341 3197 2394; x_wconf 74' lang='grc' dir='ltr'>ἐστι</span> <span class='ocrx_word' id='word_1_398' title='bbox 3251 2342 3464 2411; x_wconf 78' lang='grc' dir='ltr'>μαθεῖν·</span> <span class='ocrx_word' id='word_1_399' title='bbox 3505 2342 3628 2395; x_wconf 79' lang='grc' dir='ltr'>ἐπεὶ</span> <span class='ocrx_word' id='word_1_400' title='bbox 3671 2342 3777 2394; x_wconf 78' lang='grc' dir='ltr'>οὐδ’</span> <span class='ocrx_word' id='word_1_401' title='bbox 3811 2341 4021 2402; x_wconf 66' lang='grc' dir='ltr'>αὒτδςό</span> 
     </span>
    </p>
   </div>
   <div class='ocr_carea' id='block_1_55' title="bbox 2446 2432 4021 2504">
    <p class='ocr_par' dir='ltr' id='par_1_55' title="bbox 2446 2432 4021 2504">
     <span class='ocr_line' id='line_1_55' title="bbox 2446 2432 4021 2504; baseline -0.002 -18"><span class='ocrx_word' id='word_1_402' title='bbox 2446 2434 2842 2504; x_wconf 65' lang='grc' dir='ltr'>δημιουργικὰς</span> <span class='ocrx_word' id='word_1_403' title='bbox 2895 2433 3065 2502; x_wconf 85' lang='grc' dir='ltr'>Λόγος</span> <span class='ocrx_word' id='word_1_404' title='bbox 3111 2435 3347 2503; x_wconf 77' lang='grc' dir='ltr'>ἐνεργεῖ,</span> <span class='ocrx_word' id='word_1_405' title='bbox 3399 2435 3483 2487; x_wconf 85' lang='grc' dir='ltr'><strong>ὅτι</strong></span> <span class='ocrx_word' id='word_1_406' title='bbox 3536 2433 3622 2502; x_wconf 77' lang='grc' dir='ltr'><strong>ἐφ’</strong></span> <span class='ocrx_word' id='word_1_407' title='bbox 3655 2433 3871 2501; x_wconf 81' lang='grc' dir='ltr'><strong>ἑκάστῳ</strong></span> <span class='ocrx_word' id='word_1_408' title='bbox 3916 2432 4021 2484; x_wconf 81' lang='grc' dir='ltr'><strong>τῶν</strong></span> 
     </span>
    </p>
   </div>
   <div class='ocr_carea' id='block_1_56' title="bbox 2450 2525 4021 2594">
    <p class='ocr_par' dir='ltr' id='par_1_56' title="bbox 2450 2525 4021 2594">
     <span class='ocr_line' id='line_1_56' title="bbox 2450 2525 4021 2594; baseline -0.003 -17"><span class='ocrx_word' id='word_1_409' title='bbox 2450 2526 2755 2594; x_wconf 84' lang='grc' dir='ltr'>γινομένων</span> <span class='ocrx_word' id='word_1_410' title='bbox 2804 2525 2909 2577; x_wconf 84' lang='grc' dir='ltr'>ὑπό</span> <span class='ocrx_word' id='word_1_411' title='bbox 2959 2541 3105 2584; x_wconf 84' lang='grc' dir='ltr'>τινος</span> <span class='ocrx_word' id='word_1_412' title='bbox 3153 2525 3444 2593; x_wconf 82' lang='grc' dir='ltr'>ἀνθρώπου</span> <span class='ocrx_word' id='word_1_413' title='bbox 3494 2526 3746 2592; x_wconf 74' lang='grc' dir='ltr'>λέγεταιο</span> <span class='ocrx_word' id='word_1_414' title='bbox 3785 2525 3899 2576; x_wconf 80' lang='grc' dir='ltr'>ἀλλ’</span> <span class='ocrx_word' id='word_1_415' title='bbox 3944 2526 4021 2576; x_wconf 79' lang='grc' dir='ltr'>ὅτι</span> 
     </span>
    </p>
   </div>
   <div class='ocr_carea' id='block_1_57' title="bbox 2449 2617 4022 2689">
    <p class='ocr_par' dir='ltr' id='par_1_57' title="bbox 2449 2617 4022 2689">
     <span class='ocr_line' id='line_1_57' title="bbox 2449 2617 4022 2689; baseline -0.001 -19"><span class='ocrx_word' id='word_1_416' title='bbox 2449 2620 2600 2671; x_wconf 73' lang='grc' dir='ltr'>ἐστὶν</span> <span class='ocrx_word' id='word_1_417' title='bbox 2633 2619 2782 2683; x_wconf 79' lang='grc' dir='ltr'>ἅπαξ</span> <span class='ocrx_word' id='word_1_418' title='bbox 2812 2619 2916 2672; x_wconf 78' lang='grc' dir='ltr'><strong>ὑπὸ</strong></span> <span class='ocrx_word' id='word_1_419' title='bbox 2951 2619 3047 2672; x_wconf 87' lang='grc' dir='ltr'><strong>τοῦ</strong></span> <span class='ocrx_word' id='word_1_420' title='bbox 3081 2617 3216 2672; x_wconf 87' lang='grc' dir='ltr'>Θεοῦ</span> <span class='ocrx_word' id='word_1_421' title='bbox 3250 2619 3586 2689; x_wconf 79' lang='grc' dir='ltr'>είρημένος.“</span> <span class='ocrx_word' id='word_1_422' title='bbox 3614 2620 3722 2671; x_wconf 76' lang='grc' dir='ltr'>Καὶ</span> <span class='ocrx_word' id='word_1_423' title='bbox 3760 2618 3867 2688; x_wconf 82' lang='grc' dir='ltr'><strong>μὴν</strong></span> <span class='ocrx_word' id='word_1_424' title='bbox 3916 2617 4022 2669; x_wconf 81' lang='grc' dir='ltr'>οὐδ’</span> 
     </span>
    </p>
   </div>
   <div class='ocr_carea' id='block_1_58' title="bbox 2448 2710 4022 2782">
    <p class='ocr_par' dir='ltr' id='par_1_58' title="bbox 2448 2710 4022 2782">
     <span class='ocr_line' id='line_1_58' title="bbox 2448 2710 4022 2782; baseline -0.004 -14"><span class='ocrx_word' id='word_1_425' title='bbox 2448 2710 2602 2768; x_wconf 74' lang='grc' dir='ltr'>αὐτοὶ</span> <span class='ocrx_word' id='word_1_426' title='bbox 2634 2714 2900 2782; x_wconf 82' lang='grc' dir='ltr'>φήσουσιν</span> <span class='ocrx_word' id='word_1_427' title='bbox 2937 2714 3184 2781; x_wconf 80' lang='grc' dir='ltr'>ὲνεργεὶν</span> <span class='ocrx_word' id='word_1_428' title='bbox 3216 2713 3310 2764; x_wconf 76' lang='grc' dir='ltr'><strong>τὸν</strong></span> <span class='ocrx_word' id='word_1_429' title='bbox 3346 2711 3668 2766; x_wconf 77' lang='grc' dir='ltr'>δεσποτικὸν</span> <span class='ocrx_word' id='word_1_430' title='bbox 3709 2712 3886 2778; x_wconf 89' lang='grc' dir='ltr'>λόγον,</span> <span class='ocrx_word' id='word_1_431' title='bbox 3923 2710 4022 2762; x_wconf 66' lang='grc' dir='ltr'>ὑπὸ</span> 
     </span>
    </p>
   </div>
   <div class='ocr_carea' id='block_1_59' title="bbox 2447 2802 4022 2874">
    <p class='ocr_par' dir='ltr' id='par_1_59' title="bbox 2447 2802 4022 2874">
     <span class='ocr_line' id='line_1_59' title="bbox 2447 2802 4022 2874; baseline -0.003 -16"><span class='ocrx_word' id='word_1_432' title='bbox 2447 2806 2542 2858; x_wconf 90' lang='grc' dir='ltr'><strong>τοῦ</strong></span> <span class='ocrx_word' id='word_1_433' title='bbox 2569 2804 2823 2874; x_wconf 84' lang='grc' dir='ltr'>τυχόντος</span> <span class='ocrx_word' id='word_1_434' title='bbox 2853 2802 3042 2864; x_wconf 81' lang='grc' dir='ltr'>ἁπλῶς</span> <span class='ocrx_word' id='word_1_435' title='bbox 3078 2803 3393 2871; x_wconf 85' lang='grc' dir='ltr'>λεγόμενος,</span> <span class='ocrx_word' id='word_1_436' title='bbox 3422 2802 3530 2855; x_wconf 77' lang='grc' dir='ltr'>οὐδ’</span> <span class='ocrx_word' id='word_1_437' title='bbox 3564 2803 3690 2856; x_wconf 77' lang='grc' dir='ltr'>ἄνευ</span> <span class='ocrx_word' id='word_1_438' title='bbox 3727 2803 4022 2870; x_wconf 82' lang='grc' dir='ltr'>θυσιαστη-</span> 
     </span>
    </p>
   </div>
   <div class='ocr_carea' id='block_1_60' title="bbox 2451 2885 4023 2972">
    <p class='ocr_par' dir='ltr' id='par_1_60' title="bbox 2451 2885 4023 2972">
     <span class='ocr_line' id='line_1_60' title="bbox 2451 2885 4023 2972; baseline -0.003 -22"><span class='ocrx_word' id='word_1_439' title='bbox 2451 2899 2590 2972; x_wconf 88' lang='grc' dir='ltr'>ρίου.</span> <span class='ocrx_word' id='word_1_440' title='bbox 2648 2898 2708 2950; x_wconf 82' lang='lat' dir='ltr'><strong>El</strong></span> <span class='ocrx_word' id='word_1_441' title='bbox 2760 2896 2940 2948; x_wconf 90' lang='grc' dir='ltr'>τοίνυν</span> <span class='ocrx_word' id='word_1_442' title='bbox 2977 2885 3171 2965; x_wconf 80' lang='grc' dir='ltr'>ἱερέως</span> <span class='ocrx_word' id='word_1_443' title='bbox 3222 2895 3422 2948; x_wconf 76' lang='grc' dir='ltr'>δεῖκαὶ</span> <span class='ocrx_word' id='word_1_444' title='bbox 3476 2895 3888 2964; x_wconf 78' lang='grc' dir='ltr'>θυσιαστηρίου,</span> <span class='ocrx_word' id='word_1_445' title='bbox 3935 2894 4023 2946; x_wconf 57' lang='grc' dir='ltr'>καὶ</span> 
     </span>
    </p>
   </div>
   <div class='ocr_carea' id='block_1_61' title="bbox 2447 2987 4024 3058">
    <p class='ocr_par' dir='ltr' id='par_1_61' title="bbox 2447 2987 4024 3058">
     <span class='ocr_line' id='line_1_61' title="bbox 2447 2987 4024 3058; baseline -0.004 -14"><span class='ocrx_word' id='word_1_446' title='bbox 2447 2993 2558 3044; x_wconf 86' lang='grc' dir='ltr'>τῶν</span> <span class='ocrx_word' id='word_1_447' title='bbox 2590 2989 2765 3044; x_wconf 79' lang='grc' dir='ltr'>ἄλλων</span> <span class='ocrx_word' id='word_1_448' title='bbox 2800 2990 2902 3042; x_wconf 83' lang='grc' dir='ltr'><strong>ὅσα</strong></span> <span class='ocrx_word' id='word_1_449' title='bbox 2937 2989 3070 3058; x_wconf 74' lang='grc' dir='ltr'>πρὸς</span> <span class='ocrx_word' id='word_1_450' title='bbox 3097 2987 3256 3041; x_wconf 90' lang='grc' dir='ltr'>τοῦτο</span> <span class='ocrx_word' id='word_1_451' title='bbox 3286 2987 3568 3053; x_wconf 80' lang='grc' dir='ltr'>συντείνει,</span> <span class='ocrx_word' id='word_1_452' title='bbox 3615 2989 3701 3040; x_wconf 87' lang='grc' dir='ltr'>διὰ</span> <span class='ocrx_word' id='word_1_453' title='bbox 3739 2988 3792 3039; x_wconf 89' lang='grc' dir='ltr'><strong>τί</strong></span> <span class='ocrx_word' id='word_1_454' title='bbox 3828 2988 3902 3057; x_wconf 83' lang='grc' dir='ltr'>μὴ</span> <span class='ocrx_word' id='word_1_455' title='bbox 3937 2988 4024 3040; x_wconf 74' lang='grc' dir='ltr'>καὶ</span> 
     </span>
    </p>
   </div>
   <div class='ocr_carea' id='block_1_62' title="bbox 2447 3079 4024 3152">
    <p class='ocr_par' dir='ltr' id='par_1_62' title="bbox 2447 3079 4024 3152">
     <span class='ocr_line' id='line_1_62' title="bbox 2447 3079 4024 3152; baseline -0.004 -17"><span class='ocrx_word' id='word_1_456' title='bbox 2447 3082 2623 3152; x_wconf 84' lang='grc' dir='ltr'>εύχῶν</span> <span class='ocrx_word' id='word_1_457' title='bbox 2669 3081 2885 3150; x_wconf 88' lang='grc' dir='ltr'>δεήσεις</span> <span class='ocrx_word' id='word_1_458' title='bbox 2923 3079 3197 3149; x_wconf 81' lang='grc' dir='ltr'>εὐλογίας,</span> <span class='ocrx_word' id='word_1_459' title='bbox 3231 3083 3325 3131; x_wconf 73' lang='grc' dir='ltr'>καὶ</span> <span class='ocrx_word' id='word_1_460' title='bbox 3365 3079 3463 3148; x_wconf 83' lang='grc' dir='ltr'>τῆς</span> <span class='ocrx_word' id='word_1_461' title='bbox 3509 3079 3576 3131; x_wconf 84' lang='grc' dir='ltr'>δι’</span> <span class='ocrx_word' id='word_1_462' title='bbox 3612 3079 3779 3148; x_wconf 85' lang='grc' dir='ltr'>αὐτῆς</span> <span class='ocrx_word' id='word_1_463' title='bbox 3816 3079 4024 3145; x_wconf 75' lang='grc' dir='ltr'>ἐπιφοι.</span> 
     </span>
    </p>
   </div>
   <div class='ocr_carea' id='block_1_63' title="bbox 2447 3172 4025 3245">
    <p class='ocr_par' dir='ltr' id='par_1_63' title="bbox 2447 3172 4025 3245">
     <span class='ocr_line' id='line_1_63' title="bbox 2447 3172 4025 3245; baseline -0.003 -17"><span class='ocrx_word' id='word_1_464' title='bbox 2447 3177 2656 3245; x_wconf 86' lang='grc' dir='ltr'>τήσεως</span> <span class='ocrx_word' id='word_1_465' title='bbox 2700 3174 2795 3228; x_wconf 86' lang='grc' dir='ltr'><strong>τοῦ</strong></span> <span class='ocrx_word' id='word_1_466' title='bbox 2828 3173 2985 3242; x_wconf 85' lang='grc' dir='ltr'>ἁγίου</span> <span class='ocrx_word' id='word_1_467' title='bbox 3039 3172 3396 3242; x_wconf 86' lang='grc' dir='ltr'>Πνεύματος,</span> <span class='ocrx_word' id='word_1_468' title='bbox 3433 3172 3556 3241; x_wconf 79' lang='grc' dir='ltr'>ἥτις</span> <span class='ocrx_word' id='word_1_469' title='bbox 3606 3174 3785 3227; x_wconf 85' lang='grc' dir='ltr'>πάντα</span> <span class='ocrx_word' id='word_1_470' title='bbox 3835 3173 4025 3226; x_wconf 76' lang='grc' dir='ltr'>τελειοί</span> 
     </span>
    </p>
   </div>
   <div class='ocr_carea' id='block_1_64' title="bbox 768 3258 2539 3344">
    <p class='ocr_par' dir='ltr' id='par_1_64' title="bbox 768 3258 2520 3329">
     <span class='ocr_line' id='line_1_64' title="bbox 768 3258 2520 3329; baseline 0.002 -15"><span class='ocrx_word' id='word_1_471' title='bbox 768 3259 1050 3315; x_wconf 79' lang='lat' dir='ltr'><strong>hierarclia</strong></span> <span class='ocrx_word' id='word_1_472' title='bbox 1082 3263 1395 3326; x_wconf 80' lang='lat' dir='ltr'><strong>celebravit,</strong></span> <span class='ocrx_word' id='word_1_473' title='bbox 1424 3265 1487 3318; x_wconf 81' lang='lat' dir='ltr'><strong>ad</strong></span> <span class='ocrx_word' id='word_1_474' title='bbox 1525 3265 1988 3320; x_wconf 84' lang='lat' dir='ltr'><strong>consecrationem</strong></span> <span class='ocrx_word' id='word_1_475' title='bbox 2021 3264 2262 3329; x_wconf 89' lang='lat' dir='ltr'><strong>accedit;</strong></span> <span class='ocrx_word' id='word_1_476' title='bbox 2295 3273 2348 3316; x_wconf 84' lang='lat' dir='ltr'><strong>et</strong></span> <span class='ocrx_word' id='word_1_477' title='bbox 2378 3258 2420 3316; x_wconf 89' lang='lat' dir='ltr'><strong>C</strong></span> <span class='ocrx_word' id='word_1_478' title='bbox 2453 3267 2520 3320; x_wconf 72' lang='grc' dir='ltr'>τὰ</span> 
     </span>
    </p>
   </div>
   <div class='ocr_carea' id='block_1_65' title="bbox 2244 3258 4015 3344">
    <p class='ocr_par' dir='ltr' id='par_1_65' title="bbox 2247 3258 4015 3336">
     <span class='ocr_line' id='line_1_65' title="bbox 2247 3258 4015 3336; baseline -0.002 -19"><span class='ocrx_word' id='word_1_479' title='bbox 2247 3279 2262 3329; x_wconf 88' lang='lat'>;</span> <span class='ocrx_word' id='word_1_480' title='bbox 2295 3273 2348 3316; x_wconf 80' lang='lat' dir='ltr'><strong>et</strong></span> <span class='ocrx_word' id='word_1_481' title='bbox 2378 3258 2420 3316; x_wconf 88' lang='lat' dir='ltr'><strong>C</strong></span> <span class='ocrx_word' id='word_1_482' title='bbox 2453 3267 2520 3320; x_wconf 72' lang='grc' dir='ltr'>τὰ</span> <span class='ocrx_word' id='word_1_483' title='bbox 2564 3266 2872 3336; x_wconf 83' lang='grc' dir='ltr'>μυστήριας</span> <span class='ocrx_word' id='word_1_484' title='bbox 2925 3265 3070 3334; x_wconf 82' lang='grc' dir='ltr'>Πρὸς</span> <span class='ocrx_word' id='word_1_485' title='bbox 3117 3263 3329 3326; x_wconf 82' lang='grc' dir='ltr'>τούτοις</span> <span class='ocrx_word' id='word_1_486' title='bbox 3358 3264 3386 3316; x_wconf 91' lang='lat'><strong>6</strong></span> <span class='ocrx_word' id='word_1_487' title='bbox 3420 3263 3563 3334; x_wconf 84' lang='grc' dir='ltr'>ίερδς</span> <span class='ocrx_word' id='word_1_488' title='bbox 3595 3263 3871 3326; x_wconf 89' lang='grc' dir='ltr'>Διονύσιος</span> <span class='ocrx_word' id='word_1_489' title='bbox 3914 3265 4015 3316; x_wconf 77' lang='grc' dir='ltr'>ἑπι-</span> 
     </span>
    </p>
   </div>
   <div class='ocr_carea' id='block_1_66' title="bbox 768 3351 2344 3419">
    <p class='ocr_par' dir='ltr' id='par_1_66' title="bbox 768 3351 2344 3419">
     <span class='ocr_line' id='line_1_66' title="bbox 768 3351 2344 3419; baseline 0 -15"><span class='ocrx_word' id='word_1_490' title='bbox 768 3352 916 3419; x_wconf 81' lang='lat' dir='ltr'><strong>prius</strong></span> <span class='ocrx_word' id='word_1_491' title='bbox 939 3351 1155 3419; x_wconf 89' lang='lat' dir='ltr'><strong>quidem</strong></span> <span class='ocrx_word' id='word_1_492' title='bbox 1180 3369 1274 3419; x_wconf 90' lang='lat' dir='ltr'><strong>pro</strong></span> <span class='ocrx_word' id='word_1_493' title='bbox 1307 3370 1366 3406; x_wconf 87' lang='lat' dir='ltr'><strong>ea</strong></span> <span class='ocrx_word' id='word_1_494' title='bbox 1390 3354 1800 3407; x_wconf 70' lang='lat' dir='ltr'><strong>excusationem</strong></span> <span class='ocrx_word' id='word_1_495' title='bbox 1830 3352 2344 3407; x_wconf 78' lang='lat' dir='ltr'><strong>aﬂ&#39;ertexclamans:</strong></span> 
     </span>
    </p>
   </div>
   <div class='ocr_carea' id='block_1_67' title="bbox 773 3443 2347 3513">
    <p class='ocr_par' dir='ltr' id='par_1_67' title="bbox 773 3443 2347 3513">
     <span class='ocr_line' id='line_1_67' title="bbox 773 3443 2347 3513; baseline 0.002 -18"><span class='ocrx_word' id='word_1_496' title='bbox 773 3462 794 3495; x_wconf 82' lang='grc' dir='ltr'><strong>ι</strong></span> <span class='ocrx_word' id='word_1_497' title='bbox 820 3443 895 3496; x_wconf 87' lang='lat' dir='ltr'><strong>Tn</strong></span> <span class='ocrx_word' id='word_1_498' title='bbox 917 3444 1101 3498; x_wconf 80' lang='lat' dir='ltr'><strong>dixisti</strong></span> <span class='ocrx_word' id='word_1_499' title='bbox 1127 3463 1139 3498; x_wconf 92' lang='lat'>:</span> <span class='ocrx_word' id='word_1_500' title='bbox 1165 3444 1277 3498; x_wconf 83' lang='lat' dir='ltr'><strong>Hoc</strong></span> <span class='ocrx_word' id='word_1_501' title='bbox 1307 3447 1464 3513; x_wconf 77' lang='lat' dir='ltr'><strong>facile</strong></span> <span class='ocrx_word' id='word_1_502' title='bbox 1491 3447 1544 3498; x_wconf 82' lang='lat' dir='ltr'><strong>in</strong></span> <span class='ocrx_word' id='word_1_503' title='bbox 1571 3461 1738 3498; x_wconf 86' lang='lat' dir='ltr'><strong>meam</strong></span> <span class='ocrx_word' id='word_1_504' title='bbox 1765 3452 2347 3510; x_wconf 76' lang='lat' dir='ltr'><strong>commemorationem;</strong></span> 
     </span>
    </p>
   </div>
   <div class='ocr_carea' id='block_1_68' title="bbox 769 3536 2348 3608">
    <p class='ocr_par' dir='ltr' id='par_1_68' title="bbox 769 3536 2348 3608">
     <span class='ocr_line' id='line_1_68' title="bbox 769 3536 2348 3608; baseline -0.001 -17"><span class='ocrx_word' id='word_1_505' title='bbox 769 3537 892 3591; x_wconf 90' lang='lat' dir='ltr'><strong>dein</strong></span> <span class='ocrx_word' id='word_1_506' title='bbox 918 3536 984 3590; x_wconf 89' lang='lat' dir='ltr'><strong>ad</strong></span> <span class='ocrx_word' id='word_1_507' title='bbox 1014 3538 1369 3592; x_wconf 87' lang='lat' dir='ltr'><strong>imitationem</strong></span> <span class='ocrx_word' id='word_1_508' title='bbox 1393 3539 1484 3592; x_wconf 90' lang='lat' dir='ltr'><strong>Dei</strong></span> <span class='ocrx_word' id='word_1_509' title='bbox 1514 3538 1830 3608; x_wconf 65' lang='lat' dir='ltr'><strong>composita:</strong></span> <span class='ocrx_word' id='word_1_510' title='bbox 1865 3537 2029 3607; x_wconf 88' lang='lat' dir='ltr'><strong>lmjus</strong></span> <span class='ocrx_word' id='word_1_511' title='bbox 2061 3552 2348 3592; x_wconf 84' lang='lat' dir='ltr'><strong>consecra-</strong></span> 
     </span>
    </p>
   </div>
   <div class='ocr_carea' id='block_1_69' title="bbox 770 3625 2347 3697">
    <p class='ocr_par' dir='ltr' id='par_1_69' title="bbox 770 3625 2347 3697">
     <span class='ocr_line' id='line_1_69' title="bbox 770 3625 2347 3697; baseline -0.002 -16"><span class='ocrx_word' id='word_1_512' title='bbox 770 3630 1147 3697; x_wconf 86' lang='lat' dir='ltr'><strong>tionisdignus</strong></span> <span class='ocrx_word' id='word_1_513' title='bbox 1227 3629 1344 3682; x_wconf 84' lang='lat' dir='ltr'><strong>ﬁeri</strong></span> <span class='ocrx_word' id='word_1_514' title='bbox 1407 3639 1662 3696; x_wconf 87' lang='lat' dir='ltr'><strong>precatur</strong></span> <span class='ocrx_word' id='word_1_515' title='bbox 1717 3637 1772 3681; x_wconf 89' lang='lat' dir='ltr'><strong>et</strong></span> <span class='ocrx_word' id='word_1_516' title='bbox 1820 3630 1884 3680; x_wconf 93' lang='lat' dir='ltr'><strong>ad</strong></span> <span class='ocrx_word' id='word_1_517' title='bbox 1935 3625 2347 3682; x_wconf 88' lang='lat' dir='ltr'><strong>similitudinem</strong></span> 
     </span>
    </p>
   </div>
   <div class='ocr_carea' id='block_1_70' title="bbox 771 3721 2356 3791">
    <p class='ocr_par' dir='ltr' id='par_1_70' title="bbox 771 3721 2356 3791">
     <span class='ocr_line' id='line_1_70' title="bbox 771 3721 2356 3791; baseline -0.003 -13"><span class='ocrx_word' id='word_1_518' title='bbox 771 3726 942 3791; x_wconf 84' lang='lat' dir='ltr'><strong>ipsius</strong></span> <span class='ocrx_word' id='word_1_519' title='bbox 964 3723 1166 3778; x_wconf 85' lang='lat' dir='ltr'><strong>Christi</strong></span> <span class='ocrx_word' id='word_1_520' title='bbox 1197 3723 1377 3777; x_wconf 79' lang='lat' dir='ltr'><strong>divina</strong></span> <span class='ocrx_word' id='word_1_521' title='bbox 1424 3737 1707 3790; x_wconf 84' lang='lat' dir='ltr'><strong>peragere,</strong></span> <span class='ocrx_word' id='word_1_522' title='bbox 1736 3729 1790 3776; x_wconf 85' lang='lat' dir='ltr'><strong>et</strong></span> <span class='ocrx_word' id='word_1_523' title='bbox 1829 3723 2093 3790; x_wconf 88' lang='lat' dir='ltr'><strong>impertiri</strong></span> <span class='ocrx_word' id='word_1_524' title='bbox 2122 3721 2356 3776; x_wconf 86' lang='lat' dir='ltr'><strong>sanctis-</strong></span> 
     </span>
    </p>
   </div>
   <div class='ocr_carea' id='block_1_71' title="bbox 770 3815 2346 3885">
    <p class='ocr_par' dir='ltr' id='par_1_71' title="bbox 770 3815 2346 3885">
     <span class='ocr_line' id='line_1_71' title="bbox 770 3815 2346 3885; baseline -0.002 -13"><span class='ocrx_word' id='word_1_525' title='bbox 770 3820 907 3872; x_wconf 88' lang='lat' dir='ltr'><strong>sime</strong></span> <span class='ocrx_word' id='word_1_526' title='bbox 933 3836 945 3870; x_wconf 89' lang='lat'>:</span> <span class='ocrx_word' id='word_1_527' title='bbox 981 3833 1044 3871; x_wconf 88' lang='lat' dir='ltr'><strong>ac</strong></span> <span class='ocrx_word' id='word_1_528' title='bbox 1071 3832 1224 3871; x_wconf 82' lang='lat' dir='ltr'><strong>sacra</strong></span> <span class='ocrx_word' id='word_1_529' title='bbox 1261 3823 1636 3884; x_wconf 86' lang='lat' dir='ltr'><strong>percepturos,</strong></span> <span class='ocrx_word' id='word_1_530' title='bbox 1668 3825 2018 3870; x_wconf 69' lang='lat' dir='ltr'><strong>sacrosancte.</strong></span> <span class='ocrx_word' id='word_1_531' title='bbox 2049 3815 2346 3885; x_wconf 84' lang='lat' dir='ltr'><strong>percipere.</strong></span> 
     </span>
    </p>
   </div>
   <div class='ocr_carea' id='block_1_72' title="bbox 773 3907 2348 3975">
    <p class='ocr_par' dir='ltr' id='par_1_72' title="bbox 773 3907 2348 3975">
     <span class='ocr_line' id='line_1_72' title="bbox 773 3907 2348 3975; baseline 0 -13"><span class='ocrx_word' id='word_1_532' title='bbox 773 3910 974 3963; x_wconf 80' lang='lat' dir='ltr'><strong>Deinde</strong></span> <span class='ocrx_word' id='word_1_533' title='bbox 999 3909 1078 3963; x_wconf 89' lang='lat' dir='ltr'><strong>sic</strong></span> <span class='ocrx_word' id='word_1_534' title='bbox 1112 3907 1449 3961; x_wconf 76' lang='lat' dir='ltr'><strong>divinissirna</strong></span> <span class='ocrx_word' id='word_1_535' title='bbox 1477 3907 1686 3975; x_wconf 75' lang='lat' dir='ltr'><strong>peragit</strong></span> <span class='ocrx_word' id='word_1_536' title='bbox 1737 3921 1914 3969; x_wconf 89' lang='lat' dir='ltr'><strong>sacra,</strong></span> <span class='ocrx_word' id='word_1_537' title='bbox 1953 3915 2119 3975; x_wconf 82' lang='lat' dir='ltr'><strong>atque</strong></span> <span class='ocrx_word' id='word_1_538' title='bbox 2176 3908 2348 3962; x_wconf 87' lang='lat' dir='ltr'><strong>oculis</strong></span> 
     </span>
    </p>
   </div>
   <div class='ocr_carea' id='block_1_73' title="bbox 771 3997 2346 4069">
    <p class='ocr_par' dir='ltr' id='par_1_73' title="bbox 771 3997 2346 4069">
     <span class='ocr_line' id='line_1_73' title="bbox 771 3997 2346 4069; baseline -0.001 -16"><span class='ocrx_word' id='word_1_539' title='bbox 771 4001 981 4069; x_wconf 74' lang='lat' dir='ltr'><strong>objicit,</strong></span> <span class='ocrx_word' id='word_1_540' title='bbox 1019 4016 1140 4069; x_wconf 69' lang='lat' dir='ltr'><strong>qua:</strong></span> <span class='ocrx_word' id='word_1_541' title='bbox 1166 4000 1460 4054; x_wconf 77' lang='lat' dir='ltr'><strong>celebravit</strong></span> <span class='ocrx_word' id='word_1_542' title='bbox 1493 4015 1586 4068; x_wconf 87' lang='lat' dir='ltr'><strong>per</strong></span> <span class='ocrx_word' id='word_1_543' title='bbox 1641 4013 1796 4054; x_wconf 91' lang='lat' dir='ltr'><strong>sacra</strong></span> <span class='ocrx_word' id='word_1_544' title='bbox 1862 3999 2160 4067; x_wconf 86' lang='lat' dir='ltr'><strong>proposita.</strong></span> <span class='ocrx_word' id='word_1_545' title='bbox 2214 3997 2346 4053; x_wconf 88' lang='lat' dir='ltr'><strong>Nam</strong></span> 
     </span>
    </p>
   </div>
   <div class='ocr_carea' id='block_1_74' title="bbox 774 4091 2346 4162">
    <p class='ocr_par' dir='ltr' id='par_1_74' title="bbox 774 4091 2346 4162">
     <span class='ocr_line' id='line_1_74' title="bbox 774 4091 2346 4162; baseline 0.001 -17"><span class='ocrx_word' id='word_1_546' title='bbox 774 4110 912 4162; x_wconf 73' lang='lat' dir='ltr'><strong>pane</strong></span> <span class='ocrx_word' id='word_1_547' title='bbox 936 4094 1026 4162; x_wconf 89' lang='lat' dir='ltr'><strong>qui</strong></span> <span class='ocrx_word' id='word_1_548' title='bbox 1059 4101 1282 4160; x_wconf 87' lang='lat' dir='ltr'><strong>opertus</strong></span> <span class='ocrx_word' id='word_1_549' title='bbox 1318 4103 1433 4146; x_wconf 91' lang='lat' dir='ltr'><strong>erat</strong></span> <span class='ocrx_word' id='word_1_550' title='bbox 1468 4101 1521 4146; x_wconf 94' lang='lat' dir='ltr'><strong>et</strong></span> <span class='ocrx_word' id='word_1_551' title='bbox 1552 4092 1842 4155; x_wconf 88' lang='lat' dir='ltr'><strong>indivisns,</strong></span> <span class='ocrx_word' id='word_1_552' title='bbox 1881 4091 2149 4160; x_wconf 82' lang='lat' dir='ltr'><strong>patefacto</strong></span> <span class='ocrx_word' id='word_1_553' title='bbox 2210 4101 2263 4145; x_wconf 94' lang='lat' dir='ltr'><strong>et</strong></span> <span class='ocrx_word' id='word_1_554' title='bbox 2296 4095 2346 4146; x_wconf 93' lang='lat' dir='ltr'><strong>in</strong></span> 
     </span>
    </p>
   </div>
   <div class='ocr_carea' id='block_1_75' title="bbox 772 4183 2351 4253">
    <p class='ocr_par' dir='ltr' id='par_1_75' title="bbox 772 4183 2351 4253">
     <span class='ocr_line' id='line_1_75' title="bbox 772 4183 2351 4253; baseline 0.003 -17"><span class='ocrx_word' id='word_1_555' title='bbox 772 4185 971 4239; x_wconf 89' lang='lat' dir='ltr'><strong>multas</strong></span> <span class='ocrx_word' id='word_1_556' title='bbox 996 4194 1175 4253; x_wconf 87' lang='lat' dir='ltr'><strong>partes</strong></span> <span class='ocrx_word' id='word_1_557' title='bbox 1204 4183 1515 4247; x_wconf 84' lang='lat' dir='ltr'><strong>distributo,</strong></span> <span class='ocrx_word' id='word_1_558' title='bbox 1544 4184 1858 4252; x_wconf 85' lang='lat' dir='ltr'><strong>unitateque</strong></span> <span class='ocrx_word' id='word_1_559' title='bbox 1884 4184 2070 4238; x_wconf 88' lang='lat' dir='ltr'><strong>calicis</strong></span> <span class='ocrx_word' id='word_1_560' title='bbox 2099 4186 2351 4240; x_wconf 90' lang='lat' dir='ltr'><strong>omnibus</strong></span> 
     </span>
    </p>
   </div>
   <div class='ocr_carea' id='block_1_76' title="bbox 770 4275 2350 4346">
    <p class='ocr_par' dir='ltr' id='par_1_76' title="bbox 770 4275 2350 4346">
     <span class='ocr_line' id='line_1_76' title="bbox 770 4275 2350 4346; baseline -0.002 -14"><span class='ocrx_word' id='word_1_561' title='bbox 770 4277 1077 4346; x_wconf 67' lang='lat' dir='ltr'><strong>dispertita,</strong></span> <span class='ocrx_word' id='word_1_562' title='bbox 1146 4275 1459 4344; x_wconf 72' lang='lat' dir='ltr'><strong>symbolica:</strong></span> <span class='ocrx_word' id='word_1_563' title='bbox 1511 4275 1776 4329; x_wconf 90' lang='lat' dir='ltr'><strong>unitatem</strong></span> <span class='ocrx_word' id='word_1_564' title='bbox 1814 4276 2133 4344; x_wconf 87' lang='lat' dir='ltr'><strong>multiplicat</strong></span> <span class='ocrx_word' id='word_1_565' title='bbox 2183 4285 2236 4329; x_wconf 88' lang='lat' dir='ltr'><strong>et</strong></span> <span class='ocrx_word' id='word_1_566' title='bbox 2268 4276 2350 4329; x_wconf 88' lang='lat' dir='ltr'><strong>di-</strong></span> 
     </span>
    </p>
   </div>
   <div class='ocr_carea' id='block_1_77' title="bbox 772 4365 2350 4435">
    <p class='ocr_par' dir='ltr' id='par_1_77' title="bbox 772 4365 2350 4435">
     <span class='ocr_line' id='line_1_77' title="bbox 772 4365 2350 4435; baseline -0.001 -13"><span class='ocrx_word' id='word_1_567' title='bbox 772 4369 1012 4423; x_wconf 89' lang='lat' dir='ltr'><strong>stribuit.</strong></span> <span class='ocrx_word' id='word_1_568' title='bbox 1051 4386 1068 4418; x_wconf 77' lang='grc' dir='ltr'><strong>ι</strong></span> <span class='ocrx_word' id='word_1_569' title='bbox 1111 4367 1176 4421; x_wconf 84' lang='grc' dir='ltr'>Ει</span> <span class='ocrx_word' id='word_1_570' title='bbox 1211 4375 1330 4434; x_wconf 77' lang='lat' dir='ltr'><strong>post</strong></span> <span class='ocrx_word' id='word_1_571' title='bbox 1365 4381 1533 4435; x_wconf 82' lang='lat' dir='ltr'><strong>pauca</strong></span> <span class='ocrx_word' id='word_1_572' title='bbox 1570 4385 1582 4419; x_wconf 94' lang='lat'>:</span> <span class='ocrx_word' id='word_1_573' title='bbox 1621 4385 1638 4417; x_wconf 84' lang='grc' dir='ltr'><strong>ι</strong></span> <span class='ocrx_word' id='word_1_574' title='bbox 1670 4365 1929 4435; x_wconf 86' lang='lat' dir='ltr'><strong>Percepta</strong></span> <span class='ocrx_word' id='word_1_575' title='bbox 1963 4383 2024 4420; x_wconf 83' lang='lat' dir='ltr'><strong>ac</strong></span> <span class='ocrx_word' id='word_1_576' title='bbox 2047 4367 2170 4421; x_wconf 89' lang='lat' dir='ltr'><strong>data</strong></span> <span class='ocrx_word' id='word_1_577' title='bbox 2203 4383 2350 4421; x_wconf 82' lang='lat' dir='ltr'><strong>cont-</strong></span> 
     </span>
    </p>
   </div>
   <div class='ocr_carea' id='block_1_78' title="bbox 773 4458 2348 4527">
    <p class='ocr_par' dir='ltr' id='par_1_78' title="bbox 773 4458 2348 4527">
     <span class='ocr_line' id='line_1_78' title="bbox 773 4458 2348 4527; baseline 0 -14"><span class='ocrx_word' id='word_1_578' title='bbox 773 4460 1033 4514; x_wconf 90' lang='lat' dir='ltr'><strong>munione</strong></span> <span class='ocrx_word' id='word_1_579' title='bbox 1064 4458 1347 4513; x_wconf 80' lang='lat' dir='ltr'><strong>ltierarcba</strong></span> <span class='ocrx_word' id='word_1_580' title='bbox 1390 4458 1444 4512; x_wconf 91' lang='lat' dir='ltr'><strong>in</strong></span> <span class='ocrx_word' id='word_1_581' title='bbox 1499 4473 1712 4513; x_wconf 80' lang='lat' dir='ltr'><strong>sacram</strong></span> <span class='ocrx_word' id='word_1_582' title='bbox 1749 4459 2047 4527; x_wconf 83' lang='lat' dir='ltr'><strong>gratiarum</strong></span> <span class='ocrx_word' id='word_1_583' title='bbox 2082 4460 2348 4514; x_wconf 85' lang='lat' dir='ltr'><strong>actionem</strong></span> 
     </span>
    </p>
   </div>
   <div class='ocr_carea' id='block_1_79' title="bbox 771 4554 1044 4608">
    <p class='ocr_par' dir='ltr' id='par_1_79' title="bbox 771 4554 1044 4608">
     <span class='ocr_line' id='line_1_79' title="bbox 771 4554 1044 4608; baseline -0.007 -2"><span class='ocrx_word' id='word_1_584' title='bbox 771 4554 992 4608; x_wconf 84' lang='lat' dir='ltr'><strong>desinit.</strong></span> <span class='ocrx_word' id='word_1_585' title='bbox 1027 4571 1044 4604; x_wconf 77' lang='grc' dir='ltr'><strong>ι</strong></span> 
     </span>
    </p>
   </div>
   <div class='ocr_carea' id='block_1_80' title="bbox 2456 3353 4026 3427">
    <p class='ocr_par' dir='ltr' id='par_1_80' title="bbox 2456 3353 4026 3427">
     <span class='ocr_line' id='line_1_80' title="bbox 2456 3353 4026 3427; baseline -0.003 -19"><span class='ocrx_word' id='word_1_586' title='bbox 2456 3357 2830 3427; x_wconf 86' lang='grc' dir='ltr'>μαρτυρήσων</span> <span class='ocrx_word' id='word_1_587' title='bbox 2880 3353 3096 3423; x_wconf 85' lang='grc' dir='ltr'>παρίτω</span> <span class='ocrx_word' id='word_1_588' title='bbox 3124 3357 3237 3417; x_wconf 87' lang='grc' dir='ltr'>τοῖς</span> <span class='ocrx_word' id='word_1_589' title='bbox 3276 3354 3408 3422; x_wconf 85' lang='grc' dir='ltr'>παρ’</span> <span class='ocrx_word' id='word_1_590' title='bbox 3445 3354 3606 3423; x_wconf 77' lang='grc' dir='ltr'>ἡμῶν</span> <span class='ocrx_word' id='word_1_591' title='bbox 3639 3353 3985 3422; x_wconf 80' lang='grc' dir='ltr'>τελουμένοις</span> <span class='ocrx_word' id='word_1_592' title='bbox 4013 3368 4026 3384; x_wconf 90' lang='grc'><strong>·</strong></span> 
     </span>
    </p>
   </div>
   <div class='ocr_carea' id='block_1_81' title="bbox 2451 3447 4026 3518">
    <p class='ocr_par' dir='ltr' id='par_1_81' title="bbox 2451 3447 4026 3518">
     <span class='ocr_line' id='line_1_81' title="bbox 2451 3447 4026 3518; baseline -0.003 -15"><span class='ocrx_word' id='word_1_593' title='bbox 2451 3452 2513 3503; x_wconf 81' lang='grc' dir='ltr'>ὲν</span> <span class='ocrx_word' id='word_1_594' title='bbox 2537 3449 2644 3518; x_wconf 78' lang='grc' dir='ltr'>γὰρ</span> <span class='ocrx_word' id='word_1_595' title='bbox 2670 3450 2734 3518; x_wconf 81' lang='grc' dir='ltr'>τῇ</span> <span class='ocrx_word' id='word_1_596' title='bbox 2755 3447 2965 3518; x_wconf 79' lang='grc' dir='ltr'>θεωρίᾳ</span> <span class='ocrx_word' id='word_1_597' title='bbox 2989 3447 3082 3500; x_wconf 83' lang='grc' dir='ltr'><strong>τοῦ</strong></span> <span class='ocrx_word' id='word_1_598' title='bbox 3101 3447 3201 3518; x_wconf 81' lang='grc' dir='ltr'>τῆς</span> <span class='ocrx_word' id='word_1_599' title='bbox 3226 3448 3497 3512; x_wconf 80' lang='grc' dir='ltr'>συνάξεως</span> <span class='ocrx_word' id='word_1_600' title='bbox 3527 3447 3853 3517; x_wconf 85' lang='grc' dir='ltr'>μυστηρίου,</span> <span class='ocrx_word' id='word_1_601' title='bbox 3891 3447 4026 3508; x_wconf 70' lang='grc' dir='ltr'><strong>«Τὰς</strong></span> 
     </span>
    </p>
   </div>
   <div class='ocr_carea' id='block_1_82' title="bbox 2453 3539 4027 3610">
    <p class='ocr_par' dir='ltr' id='par_1_82' title="bbox 2453 3539 4027 3610">
     <span class='ocr_line' id='line_1_82' title="bbox 2453 3539 4027 3610; baseline -0.005 -15"><span class='ocrx_word' id='word_1_602' title='bbox 2453 3541 2627 3610; x_wconf 79' lang='grc' dir='ltr'>ίερὰς,</span> <span class='ocrx_word' id='word_1_603' title='bbox 2665 3542 2824 3610; x_wconf 65' lang='grc' dir='ltr'>φησι,</span> <span class='ocrx_word' id='word_1_604' title='bbox 2858 3541 3144 3610; x_wconf 86' lang='grc' dir='ltr'>θεουργίας</span> <span class='ocrx_word' id='word_1_605' title='bbox 3175 3543 3203 3594; x_wconf 94' lang='lat'><strong>6</strong></span> <span class='ocrx_word' id='word_1_606' title='bbox 3226 3540 3488 3610; x_wconf 85' lang='grc' dir='ltr'>ίεράρχης</span> <span class='ocrx_word' id='word_1_607' title='bbox 3515 3541 3783 3609; x_wconf 86' lang='grc' dir='ltr'>ὑμνήσας,</span> <span class='ocrx_word' id='word_1_608' title='bbox 3813 3539 3904 3592; x_wconf 69' lang='grc' dir='ltr'><strong>ἐπὶ</strong></span> <span class='ocrx_word' id='word_1_609' title='bbox 3932 3539 4027 3606; x_wconf 80' lang='grc' dir='ltr'>τὴν</span> 
     </span>
    </p>
   </div>
   <div class='ocr_carea' id='block_1_83' title="bbox 2453 3630 4026 3702">
    <p class='ocr_par' dir='ltr' id='par_1_83' title="bbox 2453 3630 4026 3702">
     <span class='ocr_line' id='line_1_83' title="bbox 2453 3630 4026 3702; baseline -0.003 -17"><span class='ocrx_word' id='word_1_610' title='bbox 2453 3633 2769 3701; x_wconf 77' lang='grc' dir='ltr'>ἱερουργίαν</span> <span class='ocrx_word' id='word_1_611' title='bbox 2801 3633 3042 3702; x_wconf 74' lang='grc' dir='ltr'>ἔρχεται·</span> <span class='ocrx_word' id='word_1_612' title='bbox 3073 3641 3166 3685; x_wconf 80' lang='grc' dir='ltr'><strong>καὶ</strong></span> <span class='ocrx_word' id='word_1_613' title='bbox 3214 3633 3479 3702; x_wconf 85' lang='grc' dir='ltr'>πρότερον</span> <span class='ocrx_word' id='word_1_614' title='bbox 3513 3632 3612 3700; x_wconf 70' lang='grc' dir='ltr'><strong>μὲν</strong></span> <span class='ocrx_word' id='word_1_615' title='bbox 3645 3630 3784 3700; x_wconf 75' lang='grc' dir='ltr'>ὑπὲρ</span> <span class='ocrx_word' id='word_1_616' title='bbox 3825 3631 4026 3698; x_wconf 80' lang='grc' dir='ltr'>ταύτης</span> 
     </span>
    </p>
   </div>
   <div class='ocr_carea' id='block_1_84' title="bbox 2449 3719 4027 3794">
    <p class='ocr_par' dir='ltr' id='par_1_84' title="bbox 2449 3719 4027 3794">
     <span class='ocr_line' id='line_1_84' title="bbox 2449 3719 4027 3794; baseline -0.001 -16"><span class='ocrx_word' id='word_1_617' title='bbox 2449 3724 2794 3791; x_wconf 78' lang='grc' dir='ltr'>ἀπολογεῖται</span> <span class='ocrx_word' id='word_1_618' title='bbox 2827 3726 2920 3778; x_wconf 76' lang='grc' dir='ltr'><strong>καὶ</strong></span> <span class='ocrx_word' id='word_1_619' title='bbox 2948 3724 3172 3794; x_wconf 77' lang='grc' dir='ltr'>ἀναϐοᾷ,</span> <span class='ocrx_word' id='word_1_620' title='bbox 3223 3725 3294 3777; x_wconf 76' lang='grc' dir='ltr'><strong>Σὺ</strong></span> <span class='ocrx_word' id='word_1_621' title='bbox 3337 3719 3516 3786; x_wconf 76' lang='grc' dir='ltr'>εἶπας,</span> <span class='ocrx_word' id='word_1_622' title='bbox 3583 3723 3762 3776; x_wconf 85' lang='grc' dir='ltr'>Τοῦτο</span> <span class='ocrx_word' id='word_1_623' title='bbox 3811 3724 4027 3776; x_wconf 72' lang='grc' dir='ltr'>ποιεῖτε</span> 
     </span>
    </p>
   </div>
   <div class='ocr_carea' id='block_1_85' title="bbox 2452 3797 4028 3886">
    <p class='ocr_par' dir='ltr' id='par_1_85' title="bbox 2452 3797 4028 3886">
     <span class='ocr_line' id='line_1_85' title="bbox 2452 3797 4028 3886; baseline -0.004 -14"><span class='ocrx_word' id='word_1_624' title='bbox 2452 3819 2540 3882; x_wconf 85' lang='grc' dir='ltr'>εις</span> <span class='ocrx_word' id='word_1_625' title='bbox 2586 3818 2703 3886; x_wconf 80' lang='grc' dir='ltr'><strong>τὴν</strong></span> <span class='ocrx_word' id='word_1_626' title='bbox 2744 3817 2900 3886; x_wconf 78' lang='grc' dir='ltr'><strong>ἐμὴν</strong></span> <span class='ocrx_word' id='word_1_627' title='bbox 2947 3817 3331 3886; x_wconf 77' lang='grc' dir='ltr'><strong>ἀνάμνησιν·</strong></span> <span class='ocrx_word' id='word_1_628' title='bbox 3377 3813 3496 3868; x_wconf 75' lang='grc' dir='ltr'>εἶτα</span> <span class='ocrx_word' id='word_1_629' title='bbox 3545 3816 3643 3884; x_wconf 84' lang='grc' dir='ltr'>τῆς</span> <span class='ocrx_word' id='word_1_630' title='bbox 3692 3797 4028 3882; x_wconf 65' lang='grc' dir='ltr'>θεομιμήτου</span> 
     </span>
    </p>
   </div>
   <div class='ocr_carea' id='block_1_86' title="bbox 2452 3907 4028 3980">
    <p class='ocr_par' dir='ltr' id='par_1_86' title="bbox 2452 3907 4028 3980">
     <span class='ocr_line' id='line_1_86' title="bbox 2452 3907 4028 3980; baseline -0.005 -17"><span class='ocrx_word' id='word_1_631' title='bbox 2452 3910 2657 3979; x_wconf 84' lang='grc' dir='ltr'>ταύτης</span> <span class='ocrx_word' id='word_1_632' title='bbox 2685 3910 2996 3980; x_wconf 81' lang='grc' dir='ltr'>ἱερουργίας</span> <span class='ocrx_word' id='word_1_633' title='bbox 3027 3910 3176 3975; x_wconf 80' lang='grc' dir='ltr'>ἄξιος</span> <span class='ocrx_word' id='word_1_634' title='bbox 3200 3909 3344 3960; x_wconf 79' lang='grc' dir='ltr'>αἰτεῖ</span> <span class='ocrx_word' id='word_1_635' title='bbox 3370 3907 3645 3975; x_wconf 87' lang='grc' dir='ltr'>γενέσθαι,</span> <span class='ocrx_word' id='word_1_636' title='bbox 3683 3907 3775 3958; x_wconf 67' lang='grc' dir='ltr'><strong>καὶ</strong></span> <span class='ocrx_word' id='word_1_637' title='bbox 3805 3909 3870 3975; x_wconf 84' lang='grc' dir='ltr'>τῇ</span> <span class='ocrx_word' id='word_1_638' title='bbox 3895 3907 4028 3974; x_wconf 72' lang='grc' dir='ltr'>πρὸς</span> 
     </span>
    </p>
   </div>
   <div class='ocr_carea' id='block_1_87' title="bbox 2452 3997 4028 4072">
    <p class='ocr_par' dir='ltr' id='par_1_87' title="bbox 2452 3997 4028 4072">
     <span class='ocr_line' id='line_1_87' title="bbox 2452 3997 4028 4072; baseline -0.006 -17"><span class='ocrx_word' id='word_1_639' title='bbox 2452 4003 2687 4072; x_wconf 81' lang='grc' dir='ltr'>Χριστὸν</span> <span class='ocrx_word' id='word_1_640' title='bbox 2728 4001 3070 4071; x_wconf 76' lang='grc' dir='ltr'>ἁφομοιώσει</span> <span class='ocrx_word' id='word_1_641' title='bbox 3116 4000 3182 4053; x_wconf 81' lang='grc' dir='ltr'>τὰ</span> <span class='ocrx_word' id='word_1_642' title='bbox 3213 3999 3329 4051; x_wconf 85' lang='grc' dir='ltr'>θεῖα</span> <span class='ocrx_word' id='word_1_643' title='bbox 3357 3999 3646 4065; x_wconf 82' lang='grc' dir='ltr'>πανάγνως</span> <span class='ocrx_word' id='word_1_644' title='bbox 3675 3997 3893 4049; x_wconf 85' lang='grc' dir='ltr'>τελέσαι</span> <span class='ocrx_word' id='word_1_645' title='bbox 3940 3997 4028 4048; x_wconf 66' lang='grc' dir='ltr'>καὶ</span> 
     </span>
    </p>
   </div>
   <div class='ocr_carea' id='block_1_88' title="bbox 2450 4089 4028 4159">
    <p class='ocr_par' dir='ltr' id='par_1_88' title="bbox 2450 4089 4028 4159">
     <span class='ocr_line' id='line_1_88' title="bbox 2450 4089 4028 4159; baseline -0.007 -12"><span class='ocrx_word' id='word_1_646' title='bbox 2450 4093 2745 4158; x_wconf 84' lang='grc' dir='ltr'>διαδοῦναι,</span> <span class='ocrx_word' id='word_1_647' title='bbox 2801 4093 2890 4144; x_wconf 74' lang='grc' dir='ltr'><strong>καὶ</strong></span> <span class='ocrx_word' id='word_1_648' title='bbox 2946 4093 3072 4154; x_wconf 71' lang='grc' dir='ltr'>τοὺς</span> <span class='ocrx_word' id='word_1_649' title='bbox 3109 4092 3436 4159; x_wconf 77' lang='grc' dir='ltr'>μεθέξοντας</span> <span class='ocrx_word' id='word_1_650' title='bbox 3493 4089 3832 4158; x_wconf 80' lang='grc' dir='ltr'>ἱεροπρεπῶς</span> <span class='ocrx_word' id='word_1_651' title='bbox 3872 4103 4028 4155; x_wconf 79' lang='grc' dir='ltr'>μεταο</span> 
     </span>
    </p>
   </div>
   <div class='ocr_carea' id='block_1_89' title="bbox 2455 4178 4029 4256">
    <p class='ocr_par' dir='ltr' id='par_1_89' title="bbox 2455 4178 4029 4256">
     <span class='ocr_line' id='line_1_89' title="bbox 2455 4178 4029 4256; baseline -0.006 -18"><span class='ocrx_word' id='word_1_652' title='bbox 2455 4188 2627 4256; x_wconf 76' lang='grc' dir='ltr'>σχεῖν.</span> <span class='ocrx_word' id='word_1_653' title='bbox 2682 4180 2800 4238; x_wconf 79' lang='grc' dir='ltr'><strong>Εἶθ’</strong></span> <span class='ocrx_word' id='word_1_654' title='bbox 2833 4182 3007 4246; x_wconf 80' lang='grc' dir='ltr'>οὕτως</span> <span class='ocrx_word' id='word_1_655' title='bbox 3059 4184 3332 4253; x_wconf 87' lang='grc' dir='ltr'>ἱερουργεὶ</span> <span class='ocrx_word' id='word_1_656' title='bbox 3379 4183 3448 4234; x_wconf 84' lang='grc' dir='ltr'>τὰ</span> <span class='ocrx_word' id='word_1_657' title='bbox 3496 4181 3773 4245; x_wconf 80' lang='grc' dir='ltr'>θειότατα,</span> <span class='ocrx_word' id='word_1_658' title='bbox 3818 4182 3909 4232; x_wconf 72' lang='grc' dir='ltr'><strong>καὶ</strong></span> <span class='ocrx_word' id='word_1_659' title='bbox 3941 4178 4029 4230; x_wconf 83' lang='grc' dir='ltr'>ὑπ’</span> 
     </span>
    </p>
   </div>
   <div class='ocr_carea' id='block_1_90' title="bbox 2452 4272 4029 4347">
    <p class='ocr_par' dir='ltr' id='par_1_90' title="bbox 2452 4272 4029 4347">
     <span class='ocr_line' id='line_1_90' title="bbox 2452 4272 4029 4347; baseline -0.004 -18"><span class='ocrx_word' id='word_1_660' title='bbox 2452 4277 2574 4347; x_wconf 78' lang='grc' dir='ltr'>δψιν</span> <span class='ocrx_word' id='word_1_661' title='bbox 2608 4279 2731 4345; x_wconf 75' lang='grc' dir='ltr'>ἄγει</span> <span class='ocrx_word' id='word_1_662' title='bbox 2757 4275 2824 4329; x_wconf 79' lang='grc' dir='ltr'>τὰ</span> <span class='ocrx_word' id='word_1_663' title='bbox 2861 4277 3150 4346; x_wconf 85' lang='grc' dir='ltr'>ὑμνημένα</span> <span class='ocrx_word' id='word_1_664' title='bbox 3179 4276 3267 4328; x_wconf 80' lang='grc' dir='ltr'>διὰ</span> <span class='ocrx_word' id='word_1_665' title='bbox 3297 4275 3408 4327; x_wconf 88' lang='grc' dir='ltr'>τῶν</span> <span class='ocrx_word' id='word_1_666' title='bbox 3443 4274 3605 4344; x_wconf 85' lang='grc' dir='ltr'>ίερῶς</span> <span class='ocrx_word' id='word_1_667' title='bbox 3629 4272 4029 4343; x_wconf 71' lang='grc' dir='ltr'>προκειμένων*</span> 
     </span>
    </p>
   </div>
   <div class='ocr_carea' id='block_1_91' title="bbox 2452 4367 4029 4443">
    <p class='ocr_par' dir='ltr' id='par_1_91' title="bbox 2452 4367 4029 4443">
     <span class='ocr_line' id='line_1_91' title="bbox 2452 4367 4029 4443; baseline -0.005 -18"><span class='ocrx_word' id='word_1_668' title='bbox 2452 4375 2545 4425; x_wconf 83' lang='grc' dir='ltr'><strong>τὸν</strong></span> <span class='ocrx_word' id='word_1_669' title='bbox 2580 4374 2688 4443; x_wconf 76' lang='grc' dir='ltr'>γὰρ</span> <span class='ocrx_word' id='word_1_670' title='bbox 2718 4372 3205 4439; x_wconf 76' lang='grc' dir='ltr'>ἐγκεκαλυμμένον</span> <span class='ocrx_word' id='word_1_671' title='bbox 3239 4377 3332 4423; x_wconf 67' lang='grc' dir='ltr'>καὶ</span> <span class='ocrx_word' id='word_1_672' title='bbox 3364 4369 3670 4438; x_wconf 81' lang='grc' dir='ltr'>ἀδιαίρετον</span> <span class='ocrx_word' id='word_1_673' title='bbox 3702 4368 3868 4436; x_wconf 78' lang='grc' dir='ltr'>ἄρτον</span> <span class='ocrx_word' id='word_1_674' title='bbox 3904 4367 4029 4418; x_wconf 82' lang='grc' dir='ltr'>ἀνα-</span> 
     </span>
    </p>
   </div>
   <div class='ocr_carea' id='block_1_92' title="bbox 2454 4458 4030 4533">
    <p class='ocr_par' dir='ltr' id='par_1_92' title="bbox 2454 4458 4030 4533">
     <span class='ocr_line' id='line_1_92' title="bbox 2454 4458 4030 4533; baseline -0.004 -15"><span class='ocrx_word' id='word_1_675' title='bbox 2454 4465 2722 4533; x_wconf 76' lang='grc' dir='ltr'>καλύψας,</span> <span class='ocrx_word' id='word_1_676' title='bbox 2758 4465 2836 4526; x_wconf 84' lang='grc' dir='ltr'><strong>είς</strong></span> <span class='ocrx_word' id='word_1_677' title='bbox 2876 4463 3050 4516; x_wconf 76' lang='grc' dir='ltr'>πολλὰ</span> <span class='ocrx_word' id='word_1_678' title='bbox 3082 4461 3298 4526; x_wconf 84' lang='grc' dir='ltr'>διελὼν,</span> <span class='ocrx_word' id='word_1_679' title='bbox 3348 4461 3444 4513; x_wconf 70' lang='grc' dir='ltr'>καὶ</span> <span class='ocrx_word' id='word_1_680' title='bbox 3473 4461 3532 4513; x_wconf 79' lang='grc' dir='ltr'>τὸ</span> <span class='ocrx_word' id='word_1_681' title='bbox 3574 4461 3775 4514; x_wconf 82' lang='grc' dir='ltr'>ένιαίον</span> <span class='ocrx_word' id='word_1_682' title='bbox 3805 4458 3898 4512; x_wconf 86' lang='grc' dir='ltr'><strong>τοῦ</strong></span> <span class='ocrx_word' id='word_1_683' title='bbox 3935 4477 4030 4512; x_wconf 87' lang='grc' dir='ltr'>πο-</span> 
     </span>
    </p>
   </div>
   <div class='ocr_carea' id='block_1_93' title="bbox 2453 4552 4025 4628">
    <p class='ocr_par' dir='ltr' id='par_1_93' title="bbox 2453 4552 4025 4628">
     <span class='ocr_line' id='line_1_93' title="bbox 2453 4552 4025 4628; baseline -0.004 -18"><span class='ocrx_word' id='word_1_684' title='bbox 2453 4559 2643 4628; x_wconf 78' lang='grc' dir='ltr'>τηρίου</span> <span class='ocrx_word' id='word_1_685' title='bbox 2678 4559 2812 4608; x_wconf 60' lang='lat' dir='ltr'><strong>nisi.</strong></span> <span class='ocrx_word' id='word_1_686' title='bbox 2840 4556 3245 4624; x_wconf 82' lang='grc' dir='ltr'>καταμερίσας,</span> <span class='ocrx_word' id='word_1_687' title='bbox 3278 4552 3624 4623; x_wconf 83' lang='grc' dir='ltr'>συμϐολικῶς</span> <span class='ocrx_word' id='word_1_688' title='bbox 3668 4553 3766 4622; x_wconf 82' lang='grc' dir='ltr'><strong>τήν</strong></span> <span class='ocrx_word' id='word_1_689' title='bbox 3799 4552 4025 4622; x_wconf 78' lang='grc' dir='ltr'>ἑνότητα</span> 
     </span>
    </p>
   </div>
   <div class='ocr_carea' id='block_1_94' title="bbox 773 4647 4032 4723">
    <p class='ocr_par' dir='ltr' id='par_1_94' title="bbox 773 4647 4032 4723">
     <span class='ocr_line' id='line_1_94' title="bbox 773 4647 4032 4723; baseline -0 -23"><span class='ocrx_word' id='word_1_690' title='bbox 773 4647 1034 4715; x_wconf 74' lang='grc' dir='ltr'>πληθύνει</span> <span class='ocrx_word' id='word_1_691' title='bbox 1065 4649 1158 4700; x_wconf 78' lang='grc' dir='ltr'><strong>καὶ</strong></span> <span class='ocrx_word' id='word_1_692' title='bbox 1185 4649 1451 4719; x_wconf 71' lang='grc' dir='ltr'>διανέμειο</span> <span class='ocrx_word' id='word_1_693' title='bbox 1479 4668 1496 4701; x_wconf 78' lang='grc' dir='ltr'><strong>ι</strong></span> <span class='ocrx_word' id='word_1_694' title='bbox 1520 4648 1612 4702; x_wconf 78' lang='grc' dir='ltr'><strong>καὶ</strong></span> <span class='ocrx_word' id='word_1_695' title='bbox 1647 4647 1766 4719; x_wconf 79' lang='grc' dir='ltr'>μετ’</span> <span class='ocrx_word' id='word_1_696' title='bbox 1791 4648 1969 4716; x_wconf 85' lang='grc' dir='ltr'>ὀλίγα·</span> <span class='ocrx_word' id='word_1_697' title='bbox 1997 4665 2015 4701; x_wconf 81' lang='grc' dir='ltr'><strong>ι</strong></span> <span class='ocrx_word' id='word_1_698' title='bbox 2045 4649 2350 4721; x_wconf 84' lang='grc' dir='ltr'>Μετασχὼν</span> <span class='ocrx_word' id='word_1_699' title='bbox 2387 4652 2443 4706; x_wconf 81' lang='grc' dir='ltr'>δὲ</span> <span class='ocrx_word' id='word_1_700' title='bbox 2473 4655 2565 4708; x_wconf 76' lang='grc' dir='ltr'><strong>καὶ</strong></span> <span class='ocrx_word' id='word_1_701' title='bbox 2606 4652 2869 4723; x_wconf 70' lang='grc' dir='ltr'>μεταδοὺς</span> <span class='ocrx_word' id='word_1_702' title='bbox 2898 4654 2925 4704; x_wconf 90' lang='lat'><strong>6</strong></span> <span class='ocrx_word' id='word_1_703' title='bbox 2997 4651 3279 4721; x_wconf 72' lang='grc' dir='ltr'>ίεράρχης,</span> <span class='ocrx_word' id='word_1_704' title='bbox 3330 4651 3411 4712; x_wconf 89' lang='grc' dir='ltr'><strong>είς</strong></span> <span class='ocrx_word' id='word_1_705' title='bbox 3458 4650 3812 4720; x_wconf 80' lang='grc' dir='ltr'>εὐχαριστίαν</span> <span class='ocrx_word' id='word_1_706' title='bbox 3881 4650 4032 4719; x_wconf 72' lang='grc' dir='ltr'>ἱερὰν</span> 
     </span>
    </p>
   </div>
   <div class='ocr_carea' id='block_1_95' title="bbox 771 4740 1160 4810">
    <p class='ocr_par' dir='ltr' id='par_1_95' title="bbox 771 4740 1160 4810">
     <span class='ocr_line' id='line_1_95' title="bbox 771 4740 1160 4810; baseline -0.005 -16"><span class='ocrx_word' id='word_1_707' title='bbox 771 4740 1100 4810; x_wconf 84' lang='grc' dir='ltr'>καταλήγει.</span> <span class='ocrx_word' id='word_1_708' title='bbox 1142 4758 1160 4792; x_wconf 73' lang='grc' dir='ltr'><strong>ι</strong></span> 
     </span>
    </p>
   </div>
   <div class='ocr_carea' id='block_1_96' title="bbox 843 4832 2614 4906">
    <p class='ocr_par' dir='ltr' id='par_1_96' title="bbox 843 4832 2614 4904">
     <span class='ocr_line' id='line_1_96' title="bbox 843 4832 2614 4904; baseline -0.001 -16"><span class='ocrx_word' id='word_1_709' title='bbox 843 4835 969 4888; x_wconf 80' lang='lat' dir='ltr'><strong>llaec</strong></span> <span class='ocrx_word' id='word_1_710' title='bbox 1001 4833 1175 4887; x_wconf 78' lang='lat' dir='ltr'><strong>cuivis</strong></span> <span class='ocrx_word' id='word_1_711' title='bbox 1201 4833 1402 4887; x_wconf 83' lang='lat' dir='ltr'><strong>volenti</strong></span> <span class='ocrx_word' id='word_1_712' title='bbox 1438 4834 1684 4886; x_wconf 90' lang='lat' dir='ltr'><strong>contueri</strong></span> <span class='ocrx_word' id='word_1_713' title='bbox 1741 4832 1882 4896; x_wconf 89' lang='lat' dir='ltr'><strong>licet,</strong></span> <span class='ocrx_word' id='word_1_714' title='bbox 1952 4849 2076 4888; x_wconf 90' lang='lat' dir='ltr'><strong>eum</strong></span> <span class='ocrx_word' id='word_1_715' title='bbox 2109 4835 2340 4904; x_wconf 82' lang='lat' dir='ltr'><strong>quibus-</strong></span> <span class='ocrx_word' id='word_1_716' title='bbox 2371 4833 2422 4894; x_wconf 91' lang='lat' dir='ltr'><strong>D</strong></span> <span class='ocrx_word' id='word_1_717' title='bbox 2523 4833 2614 4888; x_wconf 71' lang='lat' dir='ltr'><strong>Tati</strong></span> 
     </span>
    </p>
   </div>
   <div class='ocr_carea' id='block_1_97' title="bbox 2258 4832 4029 4906">
    <p class='ocr_par' dir='ltr' id='par_1_97' title="bbox 2258 4832 4029 4906">
     <span class='ocr_line' id='line_1_97' title="bbox 2258 4832 4029 4906; baseline -0.002 -19"><span class='ocrx_word' id='word_1_718' title='bbox 2258 4849 2340 4888; x_wconf 77' lang='lat' dir='ltr'><strong>JS-</strong></span> <span class='ocrx_word' id='word_1_719' title='bbox 2371 4833 2422 4894; x_wconf 89' lang='lat' dir='ltr'><strong>D</strong></span> <span class='ocrx_word' id='word_1_720' title='bbox 2523 4832 2708 4888; x_wconf 83' lang='grc' dir='ltr'>Ταῦτα</span> <span class='ocrx_word' id='word_1_721' title='bbox 2741 4837 2972 4906; x_wconf 68' lang='grc' dir='ltr'>συνορᾷ-ι</span> <span class='ocrx_word' id='word_1_722' title='bbox 3009 4835 3184 4899; x_wconf 76' lang='grc' dir='ltr'>ἔξεστι</span> <span class='ocrx_word' id='word_1_723' title='bbox 3242 4834 3316 4903; x_wconf 87' lang='grc' dir='ltr'>τῷ</span> <span class='ocrx_word' id='word_1_724' title='bbox 3367 4832 3680 4902; x_wconf 79' lang='grc' dir='ltr'>βουλομένῳ</span> <span class='ocrx_word' id='word_1_725' title='bbox 3715 4837 3898 4894; x_wconf 67' lang='grc' dir='ltr'>παντὶ,</span> <span class='ocrx_word' id='word_1_726' title='bbox 3959 4833 4029 4885; x_wconf 83' lang='grc' dir='ltr'>τί-</span> 
     </span>
    </p>
   </div>
   <div class='ocr_carea' id='block_1_98' title="bbox 773 4924 2342 4995">
    <p class='ocr_par' dir='ltr' id='par_1_98' title="bbox 773 4924 2342 4995">
     <span class='ocr_line' id='line_1_98' title="bbox 773 4924 2342 4995; baseline -0.003 -16"><span class='ocrx_word' id='word_1_727' title='bbox 773 4941 897 4979; x_wconf 86' lang='lat' dir='ltr'><strong>nam</strong></span> <span class='ocrx_word' id='word_1_728' title='bbox 955 4925 1322 4990; x_wconf 87' lang='lat' dir='ltr'><strong>consentiant,</strong></span> <span class='ocrx_word' id='word_1_729' title='bbox 1373 4924 1512 4978; x_wconf 85' lang='lat' dir='ltr'><strong>iisne</strong></span> <span class='ocrx_word' id='word_1_730' title='bbox 1547 4940 1667 4992; x_wconf 69' lang='lat' dir='ltr'><strong>qua:</strong></span> <span class='ocrx_word' id='word_1_731' title='bbox 1718 4940 1746 4978; x_wconf 90' lang='lat' dir='ltr'><strong>a</strong></span> <span class='ocrx_word' id='word_1_732' title='bbox 1778 4926 1935 4980; x_wconf 85' lang='lat' dir='ltr'><strong>nobis</strong></span> <span class='ocrx_word' id='word_1_733' title='bbox 1986 4936 2342 4995; x_wconf 76' lang='lat' dir='ltr'><strong>peraguntur,</strong></span> 
     </span>
    </p>
   </div>
   <div class='ocr_carea' id='block_1_99' title="bbox 771 5011 2346 5083">
    <p class='ocr_par' dir='ltr' id='par_1_99' title="bbox 771 5011 2346 5083">
     <span class='ocr_line' id='line_1_99' title="bbox 771 5011 2346 5083; baseline 0.003 -18"><span class='ocrx_word' id='word_1_734' title='bbox 771 5021 866 5066; x_wconf 92' lang='lat' dir='ltr'><strong>aut</strong></span> <span class='ocrx_word' id='word_1_735' title='bbox 916 5012 982 5065; x_wconf 91' lang='lat' dir='ltr'><strong>iis</strong></span> <span class='ocrx_word' id='word_1_736' title='bbox 1017 5026 1136 5080; x_wconf 64' lang='lat' dir='ltr'><strong>qua!</strong></span> <span class='ocrx_word' id='word_1_737' title='bbox 1172 5025 1200 5064; x_wconf 89' lang='lat' dir='ltr'><strong>a</strong></span> <span class='ocrx_word' id='word_1_738' title='bbox 1235 5011 1460 5065; x_wconf 88' lang='lat' dir='ltr'><strong>Latinis.</strong></span> <span class='ocrx_word' id='word_1_739' title='bbox 1499 5011 1607 5065; x_wconf 88' lang='lat' dir='ltr'><strong>Nos</strong></span> <span class='ocrx_word' id='word_1_740' title='bbox 1634 5013 1774 5067; x_wconf 91' lang='lat' dir='ltr'><strong>enim</strong></span> <span class='ocrx_word' id='word_1_741' title='bbox 1814 5025 2107 5083; x_wconf 89' lang='lat' dir='ltr'><strong>sequentes</strong></span> <span class='ocrx_word' id='word_1_742' title='bbox 2159 5030 2346 5069; x_wconf 87' lang='lat' dir='ltr'><strong>sacros</strong></span> 
     </span>
    </p>
   </div>
   <div class='ocr_carea' id='block_1_100' title="bbox 773 5104 2352 5176">
    <p class='ocr_par' dir='ltr' id='par_1_100' title="bbox 773 5104 2352 5176">
     <span class='ocr_line' id='line_1_100' title="bbox 773 5104 2352 5176; baseline 0.001 -18"><span class='ocrx_word' id='word_1_743' title='bbox 773 5105 1048 5174; x_wconf 83' lang='lat' dir='ltr'><strong>apostolos</strong></span> <span class='ocrx_word' id='word_1_744' title='bbox 1074 5116 1125 5158; x_wconf 91' lang='lat' dir='ltr'><strong>et</strong></span> <span class='ocrx_word' id='word_1_745' title='bbox 1165 5104 1436 5165; x_wconf 89' lang='lat' dir='ltr'><strong>doctores,</strong></span> <span class='ocrx_word' id='word_1_746' title='bbox 1468 5106 1622 5172; x_wconf 83' lang='lat' dir='ltr'><strong>juxta</strong></span> <span class='ocrx_word' id='word_1_747' title='bbox 1649 5106 1878 5161; x_wconf 90' lang='lat' dir='ltr'><strong>traditas</strong></span> <span class='ocrx_word' id='word_1_748' title='bbox 1907 5107 1976 5162; x_wconf 89' lang='lat' dir='ltr'><strong>ab</strong></span> <span class='ocrx_word' id='word_1_749' title='bbox 2004 5107 2071 5161; x_wconf 92' lang='lat' dir='ltr'><strong>iis</strong></span> <span class='ocrx_word' id='word_1_750' title='bbox 2134 5109 2352 5176; x_wconf 77' lang='lat' dir='ltr'><strong>exposi-</strong></span> 
     </span>
    </p>
   </div>
   <div class='ocr_carea' id='block_1_101' title="bbox 773 5198 2345 5269">
    <p class='ocr_par' dir='ltr' id='par_1_101' title="bbox 773 5198 2345 5269">
     <span class='ocr_line' id='line_1_101' title="bbox 773 5198 2345 5269; baseline 0.001 -17"><span class='ocrx_word' id='word_1_751' title='bbox 773 5200 950 5252; x_wconf 79' lang='lat' dir='ltr'><strong>tiones</strong></span> <span class='ocrx_word' id='word_1_752' title='bbox 999 5208 1053 5251; x_wconf 88' lang='lat' dir='ltr'><strong>et</strong></span> <span class='ocrx_word' id='word_1_753' title='bbox 1115 5198 1260 5250; x_wconf 88' lang='lat' dir='ltr'><strong>hunc</strong></span> <span class='ocrx_word' id='word_1_754' title='bbox 1301 5199 1425 5251; x_wconf 93' lang='lat' dir='ltr'><strong>item</strong></span> <span class='ocrx_word' id='word_1_755' title='bbox 1462 5213 1744 5252; x_wconf 89' lang='lat' dir='ltr'><strong>sacrorum</strong></span> <span class='ocrx_word' id='word_1_756' title='bbox 1788 5199 2161 5269; x_wconf 89' lang='lat' dir='ltr'><strong>interpretem,</strong></span> <span class='ocrx_word' id='word_1_757' title='bbox 2189 5216 2345 5255; x_wconf 89' lang='lat' dir='ltr'><strong>sacra</strong></span> 
     </span>
    </p>
   </div>
   <div class='ocr_carea' id='block_1_102' title="bbox 774 5289 2348 5363">
    <p class='ocr_par' dir='ltr' id='par_1_102' title="bbox 774 5289 2348 5363">
     <span class='ocr_line' id='line_1_102' title="bbox 774 5289 2348 5363; baseline 0.002 -20"><span class='ocrx_word' id='word_1_758' title='bbox 774 5289 868 5343; x_wconf 86' lang='lat' dir='ltr'><strong>Dei</strong></span> <span class='ocrx_word' id='word_1_759' title='bbox 894 5304 1056 5358; x_wconf 83' lang='lat' dir='ltr'><strong>Opera</strong></span> <span class='ocrx_word' id='word_1_760' title='bbox 1086 5290 1450 5355; x_wconf 88' lang='lat' dir='ltr'><strong>celebramus,</strong></span> <span class='ocrx_word' id='word_1_761' title='bbox 1491 5291 1543 5346; x_wconf 91' lang='lat' dir='ltr'><strong>id</strong></span> <span class='ocrx_word' id='word_1_762' title='bbox 1581 5299 1688 5355; x_wconf 91' lang='lat' dir='ltr'><strong>est,</strong></span> <span class='ocrx_word' id='word_1_763' title='bbox 1737 5302 1797 5345; x_wconf 84' lang='grc' dir='ltr'><strong>ιιι</strong></span> <span class='ocrx_word' id='word_1_764' title='bbox 1836 5293 1936 5347; x_wconf 91' lang='lat' dir='ltr'><strong>iste</strong></span> <span class='ocrx_word' id='word_1_765' title='bbox 1979 5296 2075 5353; x_wconf 88' lang='lat' dir='ltr'><strong>ait,</strong></span> <span class='ocrx_word' id='word_1_766' title='bbox 2119 5294 2211 5348; x_wconf 89' lang='lat' dir='ltr'><strong>Dei</strong></span> <span class='ocrx_word' id='word_1_767' title='bbox 2249 5309 2348 5363; x_wconf 93' lang='lat' dir='ltr'><strong>pro</strong></span> 
     </span>
    </p>
   </div>
   <div class='ocr_carea' id='block_1_103' title="bbox 774 5382 2350 5453">
    <p class='ocr_par' dir='ltr' id='par_1_103' title="bbox 774 5382 2350 5453">
     <span class='ocr_line' id='line_1_103' title="bbox 774 5382 2350 5453; baseline 0.003 -18"><span class='ocrx_word' id='word_1_768' title='bbox 774 5383 932 5436; x_wconf 92' lang='lat' dir='ltr'><strong>nobis</strong></span> <span class='ocrx_word' id='word_1_769' title='bbox 960 5382 1424 5448; x_wconf 82' lang='lat' dir='ltr'><strong>incarnationem;</strong></span> <span class='ocrx_word' id='word_1_770' title='bbox 1461 5385 1576 5452; x_wconf 86' lang='lat' dir='ltr'><strong>ejus</strong></span> <span class='ocrx_word' id='word_1_771' title='bbox 1607 5399 1706 5453; x_wconf 86' lang='lat' dir='ltr'><strong>pro</strong></span> <span class='ocrx_word' id='word_1_772' title='bbox 1744 5385 2173 5449; x_wconf 83' lang='lat' dir='ltr'><strong>nobismurtem,</strong></span> <span class='ocrx_word' id='word_1_773' title='bbox 2207 5387 2350 5440; x_wconf 83' lang='lat' dir='ltr'><strong>divi-</strong></span> 
     </span>
    </p>
   </div>
   <div class='ocr_carea' id='block_1_104' title="bbox 773 5475 2350 5550">
    <p class='ocr_par' dir='ltr' id='par_1_104' title="bbox 773 5475 2350 5550">
     <span class='ocr_line' id='line_1_104' title="bbox 773 5475 2350 5550; baseline 0.004 -22"><span class='ocrx_word' id='word_1_774' title='bbox 773 5491 897 5528; x_wconf 86' lang='lat' dir='ltr'><strong>nam</strong></span> <span class='ocrx_word' id='word_1_775' title='bbox 926 5475 1322 5545; x_wconf 85' lang='lat' dir='ltr'><strong>baptizatorutn</strong></span> <span class='ocrx_word' id='word_1_776' title='bbox 1356 5478 1787 5545; x_wconf 80' lang='lat' dir='ltr'><strong>generationem,</strong></span> <span class='ocrx_word' id='word_1_777' title='bbox 1819 5478 2060 5532; x_wconf 88' lang='lat' dir='ltr'><strong>divinam</strong></span> <span class='ocrx_word' id='word_1_778' title='bbox 2099 5481 2350 5550; x_wconf 84' lang='lat' dir='ltr'><strong>adeptio-</strong></span> 
     </span>
    </p>
   </div>
   <div class='ocr_carea' id='block_1_105' title="bbox 774 5567 2349 5629">
    <p class='ocr_par' dir='ltr' id='par_1_105' title="bbox 774 5567 2349 5629">
     <span class='ocr_line' id='line_1_105' title="bbox 774 5567 2349 5629; baseline 0.006 -12"><span class='ocrx_word' id='word_1_779' title='bbox 774 5582 918 5629; x_wconf 83' lang='lat' dir='ltr'><strong>nem,</strong></span> <span class='ocrx_word' id='word_1_780' title='bbox 945 5567 1231 5620; x_wconf 90' lang='lat' dir='ltr'><strong>servandis</strong></span> <span class='ocrx_word' id='word_1_781' title='bbox 1251 5568 1524 5622; x_wconf 89' lang='lat' dir='ltr'><strong>mandatis</strong></span> <span class='ocrx_word' id='word_1_782' title='bbox 1551 5568 1948 5623; x_wconf 82' lang='lat' dir='ltr'><strong>deillcationein</strong></span> <span class='ocrx_word' id='word_1_783' title='bbox 1983 5588 1996 5624; x_wconf 89' lang='lat'>:</span> <span class='ocrx_word' id='word_1_784' title='bbox 2030 5571 2100 5625; x_wconf 89' lang='lat' dir='ltr'><strong>ita</strong></span> <span class='ocrx_word' id='word_1_785' title='bbox 2154 5572 2349 5627; x_wconf 88' lang='lat' dir='ltr'><strong>deimle</strong></span> 
     </span>
    </p>
   </div>
   <div class='ocr_carea' id='block_1_106' title="bbox 773 5659 2352 5734">
    <p class='ocr_par' dir='ltr' id='par_1_106' title="bbox 773 5659 2352 5734">
     <span class='ocr_line' id='line_1_106' title="bbox 773 5659 2352 5734; baseline 0.005 -22"><span class='ocrx_word' id='word_1_786' title='bbox 773 5659 838 5714; x_wconf 88' lang='lat' dir='ltr'><strong>ad</strong></span> <span class='ocrx_word' id='word_1_787' title='bbox 874 5660 1337 5714; x_wconf 84' lang='lat' dir='ltr'><strong>consecrationem</strong></span> <span class='ocrx_word' id='word_1_788' title='bbox 1367 5663 1669 5724; x_wconf 83' lang='lat' dir='ltr'><strong>venientes,</strong></span> <span class='ocrx_word' id='word_1_789' title='bbox 1701 5663 1848 5731; x_wconf 85' lang='lat' dir='ltr'><strong>prius</strong></span> <span class='ocrx_word' id='word_1_790' title='bbox 1867 5664 2085 5732; x_wconf 90' lang='lat' dir='ltr'><strong>quidem</strong></span> <span class='ocrx_word' id='word_1_791' title='bbox 2133 5681 2228 5734; x_wconf 88' lang='lat' dir='ltr'><strong>pro</strong></span> <span class='ocrx_word' id='word_1_792' title='bbox 2249 5666 2352 5720; x_wconf 82' lang='lat' dir='ltr'><strong>liac</strong></span> 
     </span>
    </p>
   </div>
   <div class='ocr_carea' id='block_1_107' title="bbox 772 5753 2352 5826">
    <p class='ocr_par' dir='ltr' id='par_1_107' title="bbox 772 5753 2352 5826">
     <span class='ocr_line' id='line_1_107' title="bbox 772 5753 2352 5826; baseline 0.004 -21"><span class='ocrx_word' id='word_1_793' title='bbox 772 5753 1187 5808; x_wconf 73' lang='lat' dir='ltr'><strong>excusationem</strong></span> <span class='ocrx_word' id='word_1_794' title='bbox 1215 5754 1511 5819; x_wconf 82' lang='lat' dir='ltr'><strong>all&#39;critnus,</strong></span> <span class='ocrx_word' id='word_1_795' title='bbox 1539 5765 1592 5808; x_wconf 89' lang='lat' dir='ltr'><strong>et</strong></span> <span class='ocrx_word' id='word_1_796' title='bbox 1623 5757 1994 5810; x_wconf 79' lang='lat' dir='ltr'><strong>exclamamus</strong></span> <span class='ocrx_word' id='word_1_797' title='bbox 2032 5758 2143 5826; x_wconf 90' lang='lat' dir='ltr'><strong>ipsa</strong></span> <span class='ocrx_word' id='word_1_798' title='bbox 2171 5759 2352 5812; x_wconf 78' lang='lat' dir='ltr'><strong>llomi-</strong></span> 
     </span>
    </p>
   </div>
   <div class='ocr_carea' id='block_1_108' title="bbox 777 5846 2348 5918">
    <p class='ocr_par' dir='ltr' id='par_1_108' title="bbox 777 5846 2348 5918">
     <span class='ocr_line' id='line_1_108' title="bbox 777 5846 2348 5918; baseline 0.006 -20"><span class='ocrx_word' id='word_1_799' title='bbox 777 5846 899 5900; x_wconf 86' lang='lat' dir='ltr'><strong>nica</strong></span> <span class='ocrx_word' id='word_1_800' title='bbox 929 5849 1113 5914; x_wconf 85' lang='lat' dir='ltr'><strong>verba,</strong></span> <span class='ocrx_word' id='word_1_801' title='bbox 1153 5864 1273 5918; x_wconf 73' lang='lat' dir='ltr'><strong>quae</strong></span> <span class='ocrx_word' id='word_1_802' title='bbox 1337 5860 1447 5904; x_wconf 91' lang='lat' dir='ltr'><strong>tum</strong></span> <span class='ocrx_word' id='word_1_803' title='bbox 1506 5851 1811 5906; x_wconf 70' lang='lat' dir='ltr'><strong>enuntimit</strong></span> <span class='ocrx_word' id='word_1_804' title='bbox 1869 5870 1879 5904; x_wconf 92' lang='lat'><strong><em>:</em></strong></span> <span class='ocrx_word' id='word_1_805' title='bbox 1934 5861 1986 5906; x_wconf 87' lang='lat' dir='ltr'><strong>et</strong></span> <span class='ocrx_word' id='word_1_806' title='bbox 2043 5852 2348 5918; x_wconf 88' lang='lat' dir='ltr'><strong>subdimns,</strong></span> 
     </span>
    </p>
   </div>
   <div class='ocr_carea' id='block_1_109' title="bbox 2458 4923 4030 4996">
    <p class='ocr_par' dir='ltr' id='par_1_109' title="bbox 2458 4923 4030 4996">
     <span class='ocr_line' id='line_1_109' title="bbox 2458 4923 4030 4996; baseline -0.004 -17"><span class='ocrx_word' id='word_1_807' title='bbox 2458 4943 2543 4980; x_wconf 89' lang='grc' dir='ltr'><strong>σιν</strong></span> <span class='ocrx_word' id='word_1_808' title='bbox 2604 4928 2720 4980; x_wconf 66' lang='grc' dir='ltr'>ἐστὶ</span> <span class='ocrx_word' id='word_1_809' title='bbox 2777 4926 3062 4996; x_wconf 82' lang='grc' dir='ltr'>σύμφωνα,</span> <span class='ocrx_word' id='word_1_810' title='bbox 3117 4927 3226 4988; x_wconf 80' lang='grc' dir='ltr'>τοῖς</span> <span class='ocrx_word' id='word_1_811' title='bbox 3292 4925 3423 4993; x_wconf 80' lang='grc' dir='ltr'>παρ’</span> <span class='ocrx_word' id='word_1_812' title='bbox 3462 4923 3618 4993; x_wconf 80' lang='grc' dir='ltr'>ἡμῶν</span> <span class='ocrx_word' id='word_1_813' title='bbox 3665 4923 4030 4989; x_wconf 79' lang='grc' dir='ltr'>τελουμένοις,</span> 
     </span>
    </p>
   </div>
   <div class='ocr_carea' id='block_1_110' title="bbox 2455 5017 4031 5090">
    <p class='ocr_par' dir='ltr' id='par_1_110' title="bbox 2455 5017 4031 5090">
     <span class='ocr_line' id='line_1_110' title="bbox 2455 5017 4031 5090; baseline -0.004 -17"><span class='ocrx_word' id='word_1_814' title='bbox 2455 5021 2488 5090; x_wconf 80' lang='grc' dir='ltr'>ἢ</span> <span class='ocrx_word' id='word_1_815' title='bbox 2547 5023 2660 5082; x_wconf 86' lang='grc' dir='ltr'>τοῖς</span> <span class='ocrx_word' id='word_1_816' title='bbox 2718 5022 2866 5089; x_wconf 72' lang='grc' dir='ltr'>παρὰ</span> <span class='ocrx_word' id='word_1_817' title='bbox 2925 5019 3192 5073; x_wconf 86' lang='grc' dir='ltr'>Λατίνων.</span> <span class='ocrx_word' id='word_1_818' title='bbox 3238 5018 3427 5088; x_wconf 80' lang='grc' dir='ltr'>Ἡμεῖς</span> <span class='ocrx_word' id='word_1_819' title='bbox 3488 5019 3586 5084; x_wconf 86' lang='grc' dir='ltr'><strong>μὲν</strong></span> <span class='ocrx_word' id='word_1_820' title='bbox 3645 5017 3752 5084; x_wconf 81' lang='grc' dir='ltr'>γὰρ</span> <span class='ocrx_word' id='word_1_821' title='bbox 3810 5017 4031 5068; x_wconf 52' lang='grc' dir='ltr'>ἀκολου-</span> 
     </span>
    </p>
   </div>
   <div class='ocr_carea' id='block_1_111' title="bbox 2457 5109 4028 5182">
    <p class='ocr_par' dir='ltr' id='par_1_111' title="bbox 2457 5109 4028 5182">
     <span class='ocr_line' id='line_1_111' title="bbox 2457 5109 4028 5182; baseline -0.004 -17"><span class='ocrx_word' id='word_1_822' title='bbox 2457 5112 2676 5175; x_wconf 79' lang='grc' dir='ltr'>θοῦντες</span> <span class='ocrx_word' id='word_1_823' title='bbox 2716 5115 2829 5175; x_wconf 89' lang='grc' dir='ltr'>τοῖς</span> <span class='ocrx_word' id='word_1_824' title='bbox 2892 5112 3058 5182; x_wconf 83' lang='grc' dir='ltr'>ἱεροῖς</span> <span class='ocrx_word' id='word_1_825' title='bbox 3103 5111 3425 5172; x_wconf 77' lang='grc' dir='ltr'>ἀποστόλοις</span> <span class='ocrx_word' id='word_1_826' title='bbox 3493 5109 3589 5162; x_wconf 73' lang='grc' dir='ltr'>καὶ</span> <span class='ocrx_word' id='word_1_827' title='bbox 3650 5109 4028 5173; x_wconf 78' lang='grc' dir='ltr'>διδασκάλοις,</span> 
     </span>
    </p>
   </div>
   <div class='ocr_carea' id='block_1_112' title="bbox 2457 5200 4030 5275">
    <p class='ocr_par' dir='ltr' id='par_1_112' title="bbox 2457 5200 4030 5275">
     <span class='ocr_line' id='line_1_112' title="bbox 2457 5200 4030 5275; baseline -0.004 -17"><span class='ocrx_word' id='word_1_828' title='bbox 2457 5207 2600 5258; x_wconf 86' lang='grc' dir='ltr'>κατὰ</span> <span class='ocrx_word' id='word_1_829' title='bbox 2650 5207 2746 5268; x_wconf 81' lang='grc' dir='ltr'><strong>τὰς</strong></span> <span class='ocrx_word' id='word_1_830' title='bbox 2796 5205 2888 5258; x_wconf 78' lang='grc' dir='ltr'><strong>ὑπ’</strong></span> <span class='ocrx_word' id='word_1_831' title='bbox 2921 5204 3100 5257; x_wconf 83' lang='grc' dir='ltr'>αὐτῶν</span> <span class='ocrx_word' id='word_1_832' title='bbox 3149 5201 3594 5275; x_wconf 82' lang='grc' dir='ltr'>παραδεδομένας</span> <span class='ocrx_word' id='word_1_833' title='bbox 3641 5200 3908 5262; x_wconf 81' lang='grc' dir='ltr'>ἐκθέσεις,</span> <span class='ocrx_word' id='word_1_834' title='bbox 3942 5204 4030 5252; x_wconf 77' lang='grc' dir='ltr'>καὶ</span> 
     </span>
    </p>
   </div>
   <div class='ocr_carea' id='block_1_113' title="bbox 2457 5293 4032 5366">
    <p class='ocr_par' dir='ltr' id='par_1_113' title="bbox 2457 5293 4032 5366">
     <span class='ocr_line' id='line_1_113' title="bbox 2457 5293 4032 5366; baseline -0.003 -17"><span class='ocrx_word' id='word_1_835' title='bbox 2457 5297 2636 5365; x_wconf 82' lang='grc' dir='ltr'>τούτῳ</span> <span class='ocrx_word' id='word_1_836' title='bbox 2689 5297 2754 5364; x_wconf 81' lang='grc' dir='ltr'>δὴ</span> <span class='ocrx_word' id='word_1_837' title='bbox 2815 5296 2892 5366; x_wconf 84' lang='grc' dir='ltr'><strong>τῷ</strong></span> <span class='ocrx_word' id='word_1_838' title='bbox 2958 5297 3334 5366; x_wconf 77' lang='grc' dir='ltr'>ἱεροφάντορι,</span> <span class='ocrx_word' id='word_1_839' title='bbox 3387 5293 3487 5357; x_wconf 74' lang='grc' dir='ltr'>τὰς</span> <span class='ocrx_word' id='word_1_840' title='bbox 3539 5293 3688 5363; x_wconf 72' lang='grc' dir='ltr'>ἱερὰς</span> <span class='ocrx_word' id='word_1_841' title='bbox 3749 5293 4032 5362; x_wconf 84' lang='grc' dir='ltr'>θεουργίας</span> 
     </span>
    </p>
   </div>
   <div class='ocr_carea' id='block_1_114' title="bbox 2461 5384 4030 5458">
    <p class='ocr_par' dir='ltr' id='par_1_114' title="bbox 2461 5384 4030 5458">
     <span class='ocr_line' id='line_1_114' title="bbox 2461 5384 4030 5458; baseline -0.002 -19"><span class='ocrx_word' id='word_1_842' title='bbox 2461 5389 2756 5458; x_wconf 75' lang='grc' dir='ltr'>ὑμνοῦμεν,</span> <span class='ocrx_word' id='word_1_843' title='bbox 2789 5389 3087 5452; x_wconf 82' lang='grc' dir='ltr'>τουτέστιν,</span> <span class='ocrx_word' id='word_1_844' title='bbox 3114 5389 3190 5450; x_wconf 86' lang='grc' dir='ltr'>ὠς</span> <span class='ocrx_word' id='word_1_845' title='bbox 3243 5386 3404 5448; x_wconf 76' lang='grc' dir='ltr'>αὐτός</span> <span class='ocrx_word' id='word_1_846' title='bbox 3445 5402 3601 5454; x_wconf 71' lang='grc' dir='ltr'>φησι,</span> <span class='ocrx_word' id='word_1_847' title='bbox 3647 5384 3747 5452; x_wconf 78' lang='grc' dir='ltr'><strong>τὴν</strong></span> <span class='ocrx_word' id='word_1_848' title='bbox 3780 5385 3847 5436; x_wconf 83' lang='grc' dir='ltr'>δι’</span> <span class='ocrx_word' id='word_1_849' title='bbox 3884 5385 4030 5453; x_wconf 75' lang='grc' dir='ltr'>ἡμᾶς</span> 
     </span>
    </p>
   </div>
   <div class='ocr_carea' id='block_1_115' title="bbox 2457 5476 4031 5551">
    <p class='ocr_par' dir='ltr' id='par_1_115' title="bbox 2457 5476 4031 5551">
     <span class='ocr_line' id='line_1_115' title="bbox 2457 5476 4031 5551; baseline -0.005 -15"><span class='ocrx_word' id='word_1_850' title='bbox 2457 5481 2874 5551; x_wconf 83' lang='grc' dir='ltr'>ένανθρὼπησιν</span> <span class='ocrx_word' id='word_1_851' title='bbox 2904 5480 2995 5534; x_wconf 90' lang='grc' dir='ltr'><strong>τοῦ</strong></span> <span class='ocrx_word' id='word_1_852' title='bbox 3028 5479 3187 5545; x_wconf 83' lang='grc' dir='ltr'>Θεοῦ,</span> <span class='ocrx_word' id='word_1_853' title='bbox 3233 5480 3323 5533; x_wconf 83' lang='grc' dir='ltr'><strong>τὸν</strong></span> <span class='ocrx_word' id='word_1_854' title='bbox 3359 5479 3498 5547; x_wconf 81' lang='grc' dir='ltr'>ὑπὲρ</span> <span class='ocrx_word' id='word_1_855' title='bbox 3539 5477 3693 5547; x_wconf 77' lang='grc' dir='ltr'>ἡμῶν</span> <span class='ocrx_word' id='word_1_856' title='bbox 3745 5476 3906 5530; x_wconf 84' lang='grc' dir='ltr'>αὐτοῦ</span> <span class='ocrx_word' id='word_1_857' title='bbox 3933 5477 4031 5528; x_wconf 80' lang='grc' dir='ltr'><strong>θά-</strong></span> 
     </span>
    </p>
   </div>
   <div class='ocr_carea' id='block_1_116' title="bbox 2457 5558 4031 5641">
    <p class='ocr_par' dir='ltr' id='par_1_116' title="bbox 2457 5558 4031 5641">
     <span class='ocr_line' id='line_1_116' title="bbox 2457 5558 4031 5641; baseline -0.003 -17"><span class='ocrx_word' id='word_1_858' title='bbox 2457 5589 2636 5636; x_wconf 90' lang='grc' dir='ltr'>νατον,</span> <span class='ocrx_word' id='word_1_859' title='bbox 2663 5573 2762 5641; x_wconf 83' lang='grc' dir='ltr'><strong>τὴν</strong></span> <span class='ocrx_word' id='word_1_860' title='bbox 2789 5558 3261 5638; x_wconf 29' lang='grc' dir='ltr'>θεογενεσίανΡτῶν</span> <span class='ocrx_word' id='word_1_861' title='bbox 3287 5569 3723 5640; x_wconf 81' lang='grc' dir='ltr'>βαπτιζομένων,</span> <span class='ocrx_word' id='word_1_862' title='bbox 3756 5568 3854 5638; x_wconf 82' lang='grc' dir='ltr'><strong>τὴν</strong></span> <span class='ocrx_word' id='word_1_863' title='bbox 3881 5567 4031 5620; x_wconf 84' lang='grc' dir='ltr'>θείαν</span> 
     </span>
    </p>
   </div>
   <div class='ocr_carea' id='block_1_117' title="bbox 2460 5661 4030 5732">
    <p class='ocr_par' dir='ltr' id='par_1_117' title="bbox 2460 5661 4030 5732">
     <span class='ocr_line' id='line_1_117' title="bbox 2460 5661 4030 5732; baseline -0.003 -15"><span class='ocrx_word' id='word_1_864' title='bbox 2460 5665 2754 5729; x_wconf 85' lang='grc' dir='ltr'>υἱοθεσίαν,</span> <span class='ocrx_word' id='word_1_865' title='bbox 2784 5665 2885 5728; x_wconf 82' lang='grc' dir='ltr'>τὴν</span> <span class='ocrx_word' id='word_1_866' title='bbox 2903 5663 2991 5716; x_wconf 84' lang='grc' dir='ltr'>διὰ</span> <span class='ocrx_word' id='word_1_867' title='bbox 3022 5662 3118 5731; x_wconf 85' lang='grc' dir='ltr'><strong>τῆς</strong></span> <span class='ocrx_word' id='word_1_868' title='bbox 3145 5663 3395 5732; x_wconf 85' lang='grc' dir='ltr'>φυλακῆς</span> <span class='ocrx_word' id='word_1_869' title='bbox 3417 5662 3527 5714; x_wconf 85' lang='grc' dir='ltr'><strong>τῶν</strong></span> <span class='ocrx_word' id='word_1_870' title='bbox 3554 5661 3784 5714; x_wconf 73' lang='grc' dir='ltr'>ἐντολῶν</span> <span class='ocrx_word' id='word_1_871' title='bbox 3813 5661 4030 5713; x_wconf 81' lang='grc' dir='ltr'>θέωσιν·</span> 
     </span>
    </p>
   </div>
   <div class='ocr_carea' id='block_1_118' title="bbox 2457 5753 4030 5824">
    <p class='ocr_par' dir='ltr' id='par_1_118' title="bbox 2457 5753 4030 5824">
     <span class='ocr_line' id='line_1_118' title="bbox 2457 5753 4030 5824; baseline -0.004 -14"><span class='ocrx_word' id='word_1_872' title='bbox 2457 5754 2558 5810; x_wconf 77' lang='grc' dir='ltr'>εἷθ’</span> <span class='ocrx_word' id='word_1_873' title='bbox 2588 5757 2760 5818; x_wconf 74' lang='grc' dir='ltr'>οὓτως</span> <span class='ocrx_word' id='word_1_874' title='bbox 2796 5755 2889 5808; x_wconf 75' lang='grc' dir='ltr'>ἐπὶ</span> <span class='ocrx_word' id='word_1_875' title='bbox 2919 5756 3016 5824; x_wconf 83' lang='grc' dir='ltr'><strong>τὴν</strong></span> <span class='ocrx_word' id='word_1_876' title='bbox 3063 5754 3375 5824; x_wconf 85' lang='grc' dir='ltr'>ίερουργίαν</span> <span class='ocrx_word' id='word_1_877' title='bbox 3423 5753 3731 5822; x_wconf 80' lang='grc' dir='ltr'>ἐρχόμενοι,</span> <span class='ocrx_word' id='word_1_878' title='bbox 3769 5753 4030 5821; x_wconf 76' lang='grc' dir='ltr'>πρότερον</span> 
     </span>
    </p>
   </div>
   <div class='ocr_carea' id='block_1_119' title="bbox 2461 5844 4030 5920">
    <p class='ocr_par' dir='ltr' id='par_1_119' title="bbox 2461 5844 4030 5920">
     <span class='ocr_line' id='line_1_119' title="bbox 2461 5844 4030 5920; baseline -0.005 -16"><span class='ocrx_word' id='word_1_879' title='bbox 2461 5851 2559 5920; x_wconf 79' lang='grc' dir='ltr'>μὲν</span> <span class='ocrx_word' id='word_1_880' title='bbox 2613 5850 2752 5919; x_wconf 75' lang='grc' dir='ltr'>ὑπὲρ</span> <span class='ocrx_word' id='word_1_881' title='bbox 2801 5849 3004 5918; x_wconf 80' lang='grc' dir='ltr'>ταύτης</span> <span class='ocrx_word' id='word_1_882' title='bbox 3060 5845 3501 5916; x_wconf 76' lang='grc' dir='ltr'>ἀπολογούμεθα,</span> <span class='ocrx_word' id='word_1_883' title='bbox 3558 5845 3654 5898; x_wconf 80' lang='grc' dir='ltr'><strong>καὶ</strong></span> <span class='ocrx_word' id='word_1_884' title='bbox 3708 5844 4030 5911; x_wconf 70' lang='grc' dir='ltr'>ἀναϐοῶμεν</span> 
     </span>
    </p>
   </div>
  </div>
