4484 6462
449 384 586 450 1089

1320 380 1416 441 DE
1444 373 1800 439 CORPORE
1835 373 1929 434 ET
1971 368 2376 431 SANGUINE
2413 369 2756 432 CHRISTI.

3577 366 3715 432 1090

445 502 584 556 αὐτὰ
620 496 1018 575 τᾲρεσποτικὰ
1070 497 1312 568 ῥήματα,
1348 498 1383 550 ἃ
1418 497 1534 549 τότε
1581 488 1703 547 εἷπε
1729 510 1742 523 ·
1777 495 1870 546 καὶ
1899 493 2022 544 ἐπι·
2053 492 2099 548 Δ
2127 507 2216 561 qui

1943 509 2022 544 ιτι-
2053 492 2099 548 Δ
2127 493 2273 561 quod
2310 493 2422 560 ipse
2445 491 2690 560 jusserit,
2724 488 2838 545 Hoc
2894 489 3076 560 facite,
3116 489 3395 557 inquiens,
3433 489 3484 543 in
3541 504 3714 542 meam

445 593 708 660 λέγομεν,
749 588 833 641 ὅτι
889 587 1053 649 αὐτὸς
1081 585 1410 656 προσέταξε,
1449 583 1631 639 Τοῦτο
1679 581 1901 636 ποιεῖτε
1939 583 2026 646 είς

445 679 560 745 τὴν
587 680 744 745 ἐμὴν
772 677 1139 745 ἀνάμνησιν
1174 671 1295 752 εἶτα
1321 675 1419 745 τῆς
1451 675 1791 742 θεομιμήτου
1823 669 2029 739 ταύτης

448 771 767 839 ἱερουργίας
798 769 941 833 ἄξιοι
971 748 1294 836 αἰτήσαντες
1322 766 1599 833 γενέσθαι.
1647 764 1790 816 καθὰ
1836 762 2026 833 περιέ-

444 878 632 930 χουσιν
668 861 723 913 αἱ
760 859 1030 921 ἐκθέσεις.
1082 858 1479 927 ίερουργοῦμεν
1525 859 1596 910 τὰ
1637 856 1894 909 θειότατα
1938 853 2030 910 διὰ

444 956 543 1021 τῆς
579 953 746 1021 εὐχῆς
778 953 872 1005 καὶ
903 951 1182 1019 εὐλογίας,
1214 952 1430 1020 καὶτῆς
1460 950 1555 1003 τοῦ
1597 948 1744 1002 θείου
1772 948 2029 1017 Πνεύμα-

444 1063 537 1107 τος
591 1044 1032 1114 ἐπιφοιτήσεως·
1071 1044 1166 1096 καὶ
1211 1044 1303 1095 τὸν
1352 1040 1839 1111 ἐγκεκαλυμμένον
1889 1041 2030 1105 τέως

447 1133 540 1184 καὶ
595 1130 906 1200 ἀδιαίρετον
959 1132 1124 1200 ἄρτον
1176 1131 1666 1198 ἀνακαλύψαντες.
1729 1132 1808 1193 είς
1856 1129 2030 1184 πολλὰ

446 1221 788 1291 διαιροῦμεν,
824 1222 917 1274 καὶ
949 1221 1009 1274 τὸ
1036 1221 1239 1274 ἐνιαῖον
1265 1220 1358 1274 τοῦ
1393 1222 1653 1290 ποτηρίου
1687 1223 1823 1276 πᾶσι
1858 1237 2030 1274 κατα·

451 1314 768 1384 μερίζομεν.
813 1313 874 1365 Ὀ
906 1313 963 1365 δὲ
1013 1313 1163 1379 παρὰ
1207 1312 1457 1372 Λατίνοις
1514 1313 1693 1382 ἱερεὺς
1754 1313 2029 1393 μέμνηται

451 1405 551 1474 μὲν
592 1405 688 1458 καὶ
721 1404 884 1464 αὐτὸς
930 1403 1352 1474 διηγηματικῶς
1397 1403 1507 1456 τῶν
1545 1403 1882 1456 δεσποτικῶν
1912 1403 2030 1472 ⁷·ρηδ

451 1501 658 1566 μάτων,
700 1497 784 1551 ὅτι
813 1497 975 1560 αὐτὸς
1011 1496 1338 1566 προσέταξε,
1371 1497 1620 1561 Λάϐετε,
1657 1497 1898 1565 φάγετε,
1931 1495 2027 1549 καί

447 1589 613 1641 πίετε
661 1588 908 1653 πάντες,
959 1587 1076 1652 καὶ,
1110 1587 1297 1642 Τοῦτο
1351 1587 1576 1642 ποιεῖτε
1614 1589 1700 1654 είς
1734 1587 1851 1653 τὴν
1874 1586 2032 1655 ἐμὴν

445 1684 816 1752 ἀνάμνησιν·
851 1684 1127 1751 ίερουργεῖ
1158 1682 1214 1734 δέ
1248 1681 1404 1734 οὺδέν
1437 1681 1641 1749 μᾶλλον
1664 1718 1678 1741 ,
1709 1679 1827 1734 ἀλλ’
1858 1680 2031 1733 οἴεται

446 1776 545 1842 τὴν
568 1774 823 1842 διήγησιν
846 1774 1017 1843 αὐτὴν
1040 1773 1149 1825 τῶν
1179 1773 1443 1871 ῥημάτων
1471 1771 1607 1840 πρὸς
1630 1774 1723 1824 τὸν
1753 1771 2030 1840 ἁγιασμδν
2059 1811 2106 1871 Β

450 1867 542 1916 καὶ
570 1864 672 1936 τὴν
705 1865 1022 1934 ἱερουργίαν
1069 1863 1286 1932 ἀρκεῖν⁹
1326 1857 1445 1915 εἶτα
1489 1861 1580 1914 τδν
1625 1861 1836 1930 ἄζυμον
1865 1863 2031 1931 ἄρτον

449 1957 680 2021 ἐκεῖνον,
705 1958 805 2009 οὐκ
841 1956 1330 2024 ἐγκεκαλυμμένον
1356 1953 1516 2017 τέως,
1551 1953 1667 2005 ἀλλ’
1691 1953 1813 2007 ὅθεν
1839 1955 2030 2032 ἔτυχεν

447 2049 592 2103 οῦτω
622 2048 805 2102 λαϐὼν
834 2048 927 2100 καὶ
961 2046 1210 2115 ὓψὼσας,
1251 2043 1418 2114 μέρος
1472 2043 1571 2113 μὲν
1618 2043 2027 2114 ἀπορρήγνυσι,

448 2141 543 2193 καὶ
577 2140 654 2208 τῷ
682 2141 931 2208 ποτηρίῳ
955 2137 1236 2206 ἐμϐάλλει·
1268 2138 1327 2189 τὸ
1360 2135 1418 2189 δὲ
1451 2135 1636 2189 λοιπὸν
1666 2136 1924 2205 καθίησιν
1952 2138 2032 2198 είς

447 2233 509 2286 τὸ
563 2232 760 2299 στόμα,
813 2229 1005 2284 καὶτὸ
1051 2227 1318 2298 ποτήριον
1371 2225 1584 2280 ἐκπιὼν
1629 2227 1752 2281 ὅλον
1807 2226 2032 2297 ὁμοίως,

449 2322 796 2388 ἀσπάζεσθαι
851 2320 1016 2374 αὐτὸν
1066 2319 1444 2389 προτρέπεται
1505 2320 1633 2382 τοὺς
1688 2317 2033 2388 συλλειτουρ-

449 2417 686 2486 γοῦντας
736 2415 886 2485 αὑτῷ
921 2415 1231 2478 διακόνους,
1276 2413 1467 2485 μηδενὶ
1517 2412 1687 2483 μηδὲν
1730 2411 2031 2482 μεταδοῦςτ,

448 2510 477 2562 ὁ
501 2509 582 2573 τὸ,
611 2509 857 2572 Λάϐετε,
887 2508 1108 2578 φάγετε
1138 2506 1387 2571 πάντες,
1414 2506 1527 2572 καὶ,
1559 2505 1729 2559 Πίετε
1757 2504 1824 2567 ἐξ
1848 2503 2036 2557 αὐτοῦ

451 2599 696 2667 πάντες.
725 2601 1107 2670 μεγαλαυχῶν.
1139 2599 1328 2654 Ταῦτα
1351 2600 1411 2652 οὐ
1448 2597 1717 2668 πρόδηλον
1751 2598 1908 2668 φέρει
1931 2597 2032 2668 τὴν

449 2692 770 2745 ἐναντίωσιν
821 2693 916 2746 καὶ
958 2691 1096 2762 πρὸς
1142 2693 1242 2753 τὰς
1289 2690 1740 2762 παραδεδομένας
1788 2690 2036 2752 ἐκθέσεις

452 2784 549 2836 καὶ
577 2783 870 2852 ἐξηγήσεις
904 2782 1041 2852 πρδς
1070 2783 1138 2834 τὰ
1168 2780 1467 2835 δεσποτικὰ
1496 2781 1741 2851 ῥήματα,
1774 2782 1871 2834 καὶ
1900 2781 2036 2849 πρὸς

449 2872 622 2934 αὐτὰς
651 2873 749 2935 τὰς
779 2872 1004 2924 ἐκείνων
1034 2872 1218 2939 φωνάς
1243 2888 1258 2938 ;
1301 2870 1434 2924 Εἶτα
1463 2870 1828 2947 τολμήσουσιν
1863 2869 2038 2934 οὕτως

451 2964 668 3033 έχοντες
699 2964 954 3031 ἐγκαλεῖν
998 2963 1130 3032 ἡμῖν
1175 2963 1268 3016 καὶ
1301 2963 1769 3034 περιεργάζεσθαι
1802 2963 1868 3016 τὰ
1900 2963 2037 3032 ημέ-

451 3072 587 3125 τερα
615 3055 710 3107 καὶ
753 3052 1178 3123 ἐφερμηνεύειν,
1211 3053 1388 3116 οὕτως
1413 3053 1684 3106 ἀκόλουθα
1711 3056 1824 3116 τοῖς
1857 3053 2038 3121 ἁγίοις

2131 586 2759 640 εοηιπιεηιοναιὶοιιεηιοε
2820 593 2932 637 tum
2994 593 3057 639 ut
3124 584 3191 638 ad
3234 582 3592 638 imitationem
3621 581 3714 634 Dei

2131 676 2451 746 composita:
2509 677 2674 744 hujus
2725 675 3160 730 consecrationis
3209 674 3356 744 digni
3416 674 3718 728 elliciamur

2131 768 2359 838 precati,
2425 766 2889 838 quemadmodum
2974 766 3253 822 continent
3320 766 3715 834 expositiones,

2131 860 2474 917 diviulssima
2505 874 2661 916 saera
2691 859 3036 926 conﬁcimus,
3063 857 3438 912 intercedente
3469 856 3720 911 oratione

2132 963 2296 1025 atque
2346 953 2746 1018 benedictione,
2811 966 3022 1007 necnon
3055 950 3225 1006 divini
3254 949 3490 1020 Spiritus
3535 964 3718 1004 acces-

2131 1049 2306 1104 sione.
2345 1046 2682 1116 interimque
2741 1057 2992 1114 opertum
3046 1060 3244 1115 panem
3306 1053 3360 1099 et
3415 1043 3713 1098 indivisum

2133 1135 2464 1207 patefactum
2501 1137 2553 1190 in
2601 1135 2805 1191 multas
2834 1146 3015 1204 partes
3043 1150 3316 1201 secamus,
3368 1143 3424 1188 et
3456 1135 3714 1188 unitatem

2135 1227 2322 1281 calicis
2390 1228 2649 1281 omnibus
2712 1227 3118 1281 distribuimus.
3204 1225 3527 1280 Latinorum
3590 1241 3721 1277 vero

2135 1318 2394 1374 sacerdos
2422 1319 2616 1373 recitat
2646 1327 2701 1371 et
2730 1317 2848 1386 ipse
2881 1316 3162 1371 Dominica
3197 1317 3385 1381 verba,
3425 1317 3570 1386 queui
3605 1315 3721 1384 ipse

2136 1413 2480 1484 praeceperit,
2530 1411 2787 1478 Accipite,
2843 1408 3122 1472 comedite,
3181 1417 3228 1461 et
3277 1406 3435 1461 bil'ite
3495 1422 3720 1460 omnes:

2135 1517 2210 1572 et,
2249 1507 2363 1562 Hoc
2387 1507 2550 1574 facite
2580 1507 2635 1560 in
2659 1521 2828 1560 meam
2882 1505 3474 1566 commemorationem;
3534 1516 3720 1554 verum

2137 1594 2310 1650 nihilo
2340 1594 2511 1664 magis
2534 1603 2844 1657 consecrat,
2865 1592 2960 1648 sed
3009 1593 3304 1647 arbitratur
3335 1591 3716 1646 recitationem

2137 1685 2280 1740 hanc
2309 1685 2600 1739 verborum
2631 1683 2699 1738 ad
2755 1682 3247 1740 sanetiﬂcationcm
3315 1689 3370 1736 et
3425 1694 3724 1734 consecra-

2137 1777 2339 1833 tionem
2359 1775 2625 1832 suﬂicere.
2642 1775 2847 1830 Deinde
2865 1774 3308 1829 infermentatum
3328 1788 3522 1842 panem
3545 1772 3723 1837 illum,

2142 1883 2249 1924 non
2278 1876 2531 1933 opertum
2574 1866 2950 1932 interim,'sed
3015 1866 3382 1934 undecunque
3431 1864 3728 1933 contigerit

2143 1964 2214 2015 ita
2252 1968 2470 2023 nactus,
2503 1960 2595 2015 ubi
2640 1959 2971 2022 sublevavit,
3003 1966 3212 2026 partem
3246 1957 3469 2026 quidem
3499 1956 3724 2023 frangit,

2140 2052 2268 2106 etin
2291 2052 2514 2106 calicem
2561 2050 2741 2118 injicit
2774 2068 2788 2104 :
2822 2050 2969 2120 quod
3036 2050 3310 2118 reliquum
3348 2057 3433 2102 est
3461 2047 3513 2100 in
3547 2032 3729 2099 ostie-

2142 2144 2329 2210 mittit,
2358 2152 2412 2197 et
2443 2152 2558 2198 teto
2587 2144 2761 2199 calice
2808 2123 3015 2212 pariter
3063 2151 3247 2212 epoto,
3291 2151 3351 2196 ut
3381 2155 3440 2195 se
3491 2139 3730 2194 salutent

2141 2237 2464 2292 adhortatur
2497 2237 2588 2306 qui
2618 2251 2742 2290 cum
2786 2250 2853 2291 eo
2913 2235 3227 2289 ministrant
3250 2233 3489 2296 diaconi,
3520 2229 3729 2286 nemini

2140 2328 2439 2400 quidquam
2477 2328 2809 2396 impartitus,
2860 2326 2954 2394 qui
3016 2325 3122 2380 hoc
3180 2323 3447 2394 gloriatur
3513 2319 3730 2375 Domini

2142 2420 2329 2481 verbo,
2361 2420 2612 2488 Accipite,
2647 2421 2907 2473 comedite
2929 2435 3132 2483 omnes,
3158 2428 3207 2471 et
3256 2416 3416 2470 bibite
3440 2431 3504 2470 ea:
3527 2432 3586 2469 eo
3610 2431 3727 2468 om-

2143 2528 2256 2566 nes.
2290 2508 2416 2564 llaec
2441 2500 2870 2566 manifestamne
2940 2508 3232 2580 proferunt
3282 2509 3727 2565 contrarietatem

2145 2604 2212 2659 iis
2235 2619 2356 2674 qum
2381 2605 2537 2659 nobis
2565 2609 2779 2659 traditae
2813 2614 2940 2659 sunt
2987 2604 3333 2672 liturgiarum
3375 2601 3732 2670 expositioni-

2145 2694 2268 2758 bus,
2301 2701 2356 2747 et
2384 2693 2564 2747 verbis
2600 2693 2919 2757 Dominicis,
2972 2702 3027 2747 et
3059 2693 3194 2763 ipsis
3245 2692 3472 2747 vocibus
3529 2693 3731 2761 quibus

2144 2785 2410 2840 utuntur?
2437 2783 2658 2840 Scilicet
2681 2787 2754 2840 ita
2785 2786 3082 2841 sentientes
3123 2785 3282 2840 nobis
3323 2785 3455 2838 vitio
3522 2793 3733 2837 vertere

2143 2877 2442 2942 audebunt,
2479 2887 2532 2933 et
2585 2889 2804 2934 nostros
2866 2879 3006 2932 ritus
3083 2877 3355 2932 curiosius
3406 2877 3737 2945 investigare

2145 2982 2310 3040 atque
2338 2970 2713 3038 interpretari,
2746 2986 2868 3038 quze
2894 2971 3104 3025 sanctis
3142 2970 3396 3024 l‘atribus
3443 2982 3550 3023 tam
3606 2977 3734 3024 sunt

2147 3062 2562 3117 consentanea?
2611 3061 2682 3116 At
2746 3061 3176 3132 Clirysostomus
3231 3061 3330 3126 ait,
3389 3060 3734 3113 Dmninirttut

452 3149 616 3213 ὄντας
659 3145 804 3200 Ἀλλ’
835 3148 862 3198 ὁ
883 3146 1277 3216 Χρυσόστομός
1311 3163 1446 3216 φησι
1477 3145 1569 3200 τὸν
1597 3145 1917 3200 δεσποτικὸν
1947 3146 2036 3198 λόο
2065 3165 2110 3224 C
2147 3170 2223 3210 νει

1964 3147 2036 3198 ’λό’
2065 3165 2110 3224 c
2147 3155 2370 3210 verbum
2430 3154 2598 3210 semel
2640 3156 2846 3210 dictum
2907 3155 3243 3211 sacriticium
3294 3162 3735 3209 consummatum

452 3258 548 3309 γον
586 3240 734 3305 ἅπαξ
791 3239 1027 3310 ρηθέντα
1102 3240 1204 3309 τὴν
1243 3239 1438 3292 θυσίαν
1473 3237 1895 3309 ἀπηρτισμένην
1945 3238 2040 3306 ἐρ-

452 3333 756 3401 γάζεσθαι·
817 3331 966 3398 ἅπαξ
1018 3330 1254 3402 ρηθέντα
1315 3331 1483 3400 φησὶν
1527 3332 1587 3385 οὑ
1644 3330 1740 3384 νῦν
1793 3330 1898 3384 ὑπὸ
1945 3330 2039 3384 τοῦ

454 3426 645 3493 ἱερέως
691 3425 1011 3492 λεγόμενον,
1040 3421 1158 3475 ἀλλ’
1191 3421 1341 3487 ἅπαξ
1370 3423 1476 3476 ὑπὸ
1523 3422 1619 3475 τοῦ
1660 3423 1912 3493 Σωτῆρος
1945 3425 2043 3492 ῥηο

455 3515 653 3580 θέντα,
702 3514 804 3584 τὴν
847 3511 1204 3582 τελειωτικὴν
1258 3513 1346 3566 ἀεὶ
1397 3510 1630 3582 δύναμιν
1672 3513 1875 3565 ἐνιέναι
1930 3514 2044 3576 τοῖς

455 3607 861 3677 προκειμένοις,
897 3604 998 3658 οὐκ
1027 3605 1130 3676 ήδη
1169 3606 1261 3657 καὶ
1291 3605 1550 3675 ἐνεργείᾳ
1580 3603 1826 3656 τελειοῦν
1860 3604 2004 3658 αὑτά
2023 3621 2040 3638 ο

455 3699 618 3754 τοῦτο
647 3701 758 3769 γὰρ
790 3699 823 3768 ἡ
853 3697 946 3751 τοῦ
972 3697 1135 3765 ἁγίου
1159 3696 1483 3764 Πνεῦματος
1504 3696 1854 3764 ἐπιφοίτησις
1879 3696 2044 3767 ἐργά-

459 3794 612 3858 ζεται
636 3791 727 3845 διὰ
755 3789 858 3860 τῆς
885 3789 980 3845 τοῦ
1016 3789 1230 3860 ίερέως,
1267 3789 1362 3842 καὶ
1389 3787 1548 3856 δῆλον
1595 3787 1653 3852 ἐξ
1699 3781 1774 3843 ὧν
1821 3788 1983 3849 αὐτὸς
2017 3789 2046 3840 ὁ

435 3885 697 3958 ’χρυσοῦς
719 3883 820 3954 τὴν
841 3882 1112 3952 γλῶτταν,
1141 3882 1219 3944 ὡς
1252 3883 1523 3952 πρότερον
1553 3878 1875 3948 ἐξεθέμεθα,
1907 3881 2045 3948 μετά

458 3981 521 4033 τὸ
565 3977 744 4032 εἰπεῖν
797 3975 868 4028 τὰ
913 3975 1218 4028 δεσποτικὰ
1278 3974 1527 4043 ῥήματα,
1565 3993 1582 4024 ι
1626 3973 2044 4043 Κατάπεμψον,

461 4068 618 4141 φησὶ,
653 4065 716 4121 τὸ
747 4064 975 4135 Πνεῦμα
1010 4081 1106 4117 σου
1133 4064 1193 4117 τδ
1219 4064 1400 4132 ἅγιον,
1443 4065 1538 4117 καὶ
1570 4064 1799 4129 ποίησον
1828 4064 1919 4117 τὸν
1949 4064 2046 4133 μέν

460 4163 628 4232 ἄρτον
663 4147 864 4213 ’τοῦτον
893 4155 1079 4227 τίμιον
1114 4156 1275 4226 σῶμα
1316 4155 1412 4209 τοῦ
1457 4155 1697 4222 Χριστοῦ
1735 4173 1850 4222 σου,
1901 4156 1960 4210 τὸ
1991 4156 2048 4209 δὲ

461 4253 520 4306 ἐν
549 4251 628 4320 τῷ
658 4249 908 4320 ποτηρίῳ
941 4245 1118 4316 τούτῳ
1147 4245 1330 4316 τίμιον
1350 4241 1491 4316 αἷμα
1526 4246 1618 4298 τοῦ
1646 4244 1888 4317 Χριστοῦ
1927 4263 2046 4313 σου,

463 4341 786 4414 μεταϐαλὼν
820 4341 897 4412 τῷ
943 4339 1227 4412 Πνεῦματί
1260 4356 1355 4392 σου
1400 4339 1480 4410 τῷ
1522 4337 1687 4411 ἁγίῳ.
1719 4358 1738 4392 ι
1778 4341 1962 4395 Ταῦτα
1999 4344 2047 4396 εί

465 4435 540 4506 μὴ
570 4435 820 4490 πείθουσι
851 4436 980 4499 τοὺς
1011 4433 1336 4505 φιλονείκως
1378 4432 1628 4503 ἔχοντας,
1676 4434 1946 4488 ἐλεεῖσθαι
1981 4435 2049 4491 ἂν

419 4559 432 4576 κ
460 4523 575 4583 εἶεν
613 4528 814 4583 δίκαιοι
848 4528 948 4601 τῆς
978 4527 1460 4600 διπλῆς-ἀγνοίας,
1508 4527 1604 4582 καὶ
1635 4527 1734 4599 τῆς
1764 4528 1847 4593 εις
1880 4527 2047 4600 βάθος

461 4619 801 4688 πωρώσεως.
1477 4626 1480 4629 ’

2145 3247 2378 3302 eﬂicere.
2412 3246 2595 3301 Semel
2624 3246 2835 3301 dictum
2867 3246 3065 3316 inquit,
3129 3259 3235 3299 non
3291 3244 3438 3316 quod
3505 3261 3653 3300 nunc
3706 3258 3737 3296 a

2147 3339 2431 3395 sacerdote
2477 3338 2700 3401 dicitur,
2743 3339 2837 3392 sed
2866 3338 3010 3402 quod
3049 3322 3219 3394 semel
3252 3354 3282 3393 a
3333 3337 3625 3393 Servatore
3657 3337 3740 3392 di-

2145 3443 2290 3488 ctum
2338 3429 2843 3502 est,periectricem
2885 3433 3180 3487 immittere
3230 3430 3520 3500 propositis
3576 3429 3738 3484 donis

2147 3527 2257 3578 vlm
2311 3535 2480 3594 atque
2539 3526 2864 3595 petentiam,
2921 3541 3032 3580 non
3074 3526 3200 3581 item
3228 3535 3282 3582 et
3309 3533 3435 3580 actu
3469 3539 3530 3578 ea
3562 3523 3740 3591 perii-

2146 3632 2308 3685 cere;
2351 3618 2454 3673 hoc
2477 3619 2624 3674 enim
2659 3621 2831 3676 sancti
2860 3620 3099 3690 Spiritus
3122 3619 3393 3675 adventus
3427 3635 3521 3689 per
3552 3635 3735 3675 sacer-

2147 3707 2291 3761 dotis
2317 3709 2628 3762 orationem
2682 3707 2868 3774 efﬁcit,
2903 3710 3066 3780 idque
3090 3710 3439 3781 perspicuum
3468 3721 3550 3765 est
3575 3727 3640 3765 ex
3669 3711 3737 3768 iis

2148 3813 2268 3868 qua:
2301 3799 2752 3869 Chrysostomus,
2783 3802 3012 3872 utprius
3033 3804 3410 3874 exposuimus.
3444 3814 3736 3875 postquam

2151 3889 2433 3945 Dominica
2495 3892 2657 3946 verba
2716 3896 2935 3949 recitata
3005 3906 3130 3952 sunt
3184 3913 3197 3951 :
3248 3913 3266 3950 t
3300 3897 3503 3962 Mittas,
3540 3899 3740 3968 inquit,

2153 3981 2417 4053 Spiritum
2450 3991 2602 4036 tuum
2633 3995 2906 4051 sanctum,
2939 3995 2991 4040 et
3017 3985 3098 4040 iac
3118 4001 3310 4056 panem
3334 3988 3495 4044 istum
3517 3992 3738 4058 quidem

2150 4078 2448 4145 pretiosum
2480 4092 2681 4146 corpus
2715 4077 2917 4133 Christi
2950 4080 3054 4142 tui,
3107 4089 3159 4133 et
3193 4081 3341 4150 quod
3366 4092 3448 4136 est
3475 4083 3526 4135 in
3569 4084 3738 4137 calice

2151 4165 2260 4222 isto
2317 4167 2617 4236 pretiosum
2647 4167 2970 4236 sanguinem
3005 4167 3215 4223 Christi
3259 4170 3357 4232 tui,
3420 4182 3742 4239 permutans

2154 4268 2347 4313 sancto
2375 4256 2581 4327 Spirittt
2621 4267 2733 4313 tuo.
2761 4277 2780 4309 ι
2819 4258 2944 4313 llaec
2975 4260 3078 4315 nisi
3126 4263 3492 4330 persuadeant
3520 4279 3616 4318 eos
3644 4267 3740 4333 qui

2135 4351 2480 4406 contentiosi
2539 4359 2690 4416 sunt,
2726 4350 2760 4404 ii
2832 4352 3130 4408 miserandi
3190 4354 3385 4408 merito
3478 4359 3740 4412 censenti

2155 4452 2304 4508 sunt,
2341 4453 2452 4497 tum
2488 4445 2636 4514 quod
2693 4443 2998 4513 ignorantia
3057 4445 3259 4516 duplici
3312 4455 3625 4514 teneantur,
3687 4460 3744 4504 et

2155 4537 2519 4595 excecationc
2544 4537 2834 4609 profunda.
