4484 6462
790 410 933 474 1095

789 521 1050 572 honorem
1092 517 1147 571 in
1195 516 1358 572 rebus
1413 512 1672 568 inanibus
1735 523 2002 583 occupata

798 609 1088 678 L'squequo
1139 608 1375 663 somnia?
1405 605 1712 675 Aliquando
1732 606 1931 660 veritas
1963 605 2203 658 tibicura
2244 603 2366 657 erit.

798 701 939 770 Fuge
971 699 1260 769 Egyptnm
1323 698 1609 752 irreversis
1650 697 1846 761 oculis,
1913 696 2035 763 fuge
2077 696 2369 750 Sodomam

793 804 846 847 et
892 791 1297 846 Gomorrham!
1361 787 1530 842 Serva
1593 799 1642 842 te
1705 788 1758 840 in
1817 797 2026 849 monte,
2086 800 2151 839 ne
2209 785 2370 839 simul

798 881 1261 949 deprehenderis!
1300 880 1524 946 '_Verum
1587 877 1876 945 occupavit
1911 886 1961 932 te
2014 876 2196 952 inanis
2263 876 2377 944 glo-

799 974 930 1028 rinla
957 982 1009 1026 ct
1046 974 1342 1026 mendaces
1371 970 1572 1026 divitiae
1599 977 1651 1023 et
1701 980 1932 1038 compta:
1965 970 2377 1038 splentliquue

799 1075 982 1119 vestes
1018 1075 1071 1118 et
1105 1066 1210 1117 alia
1233 1063 1432 1132 quibus
1467 1061 1627 1129 hujus
1659 1064 1844 1124 mundi
1879 1061 2111 1115 felicitas
2137 1061 2376 1114 fulcitur.

801 1157 942 1219 lleu,
988 1156 1090 1208 heu
1135 1171 1242 1207 non
1293 1154 1726 1223 philosophicam
1769 1154 2069 1221 philosophi
2106 1152 2377 1205 mentem!

802 1249 1032 1315 Respice
1066 1247 1284 1316 penitus
1311 1261 1426 1309 eos,
1459 1246 1551 1314 qui
1587 1259 1716 1298 ante
1748 1254 1798 1299 te
1855 1245 2124 1298 similibus
2155 1243 2378 1297 honori-

805 1341 908 1392 bus
941 1338 1151 1407 probati
1185 1338 1429 1392 fuerunt.
1465 1337 1599 1390 Cras
1631 1334 1931 1389 descendes
1962 1345 2016 1388 tu
2064 1349 2280 1404 quoque
2317 1336 2384 1385 ad

805 1433 1032 1496 inferos,
1079 1430 1291 1484 reliCtis
1357 1428 1610 1482 omnibus
1662 1444 1827 1497 super
1893 1437 2144 1490 terram;
2204 1440 2385 1478 rerum

807 1536 936 1574 vero
970 1537 998 1574 a
1033 1530 1083 1574 te
1110 1531 1384 1589 gestarum
1422 1519 1770 1573 exactissima
1808 1519 1946 1570 ratio
1973 1531 2001 1568 a
2044 1524 2096 1570 te
2131 1525 2388 1583 expostu-

807 1608 1030 1673 labitur,
1083 1609 1545 1677 quemadmodum
1613 1622 1642 1660 a
1706 1607 1826 1659 falsi
1889 1606 2129 1660 nominis
2184 1603 2391 1674 synodo

808 1700 1250 1766 expostulabitur
1305 1699 1529 1766 sanguis
1587 1697 1994 1766 deperditarum
2055 1696 2388 1757 animarum,

809 1804 1002 1843 eorum
1032 1791 1124 1859 qui
1153 1791 1470 1844 scandalum
1505 1792 1651 1859 passi
1695 1801 1823 1844 sunt
1863 1791 1915 1843 in
1950 1790 2210 1858 mysterio
2240 1787 2391 1852 lidei,

1790 399 2029 459 MARCI
2061 399 2375 459 EPIIESII
2413 392 2989 457 METROPOLszE

3915 377 4049 441 1096

2107 512 2314 567 detines
2346 510 2368 563 ?
2405 519 2444 576 Α
2473 511 2573 564 καὶ
2607 509 2889 577 φιλότιμον
2927 509 2983 559 ἐν
3023 506 3133 568 τοῖς
3169 502 3418 573 ματαίοις
3450 497 3817 565 ἀπασχολεῖς;
3878 497 4060 565 Μέχρι

2474 601 2576 653 ποῦ
2614 598 2681 651 τὰ
2716 597 2985 659 ὲνύπνια;
3026 595 3138 647 Καὶ
3172 594 3204 660 ἡ
3246 589 3470 657 ἀλήθειά
3501 605 3626 640 ποτε
3675 584 4062 652 σπουδασθήτω

2476 707 2583 744 σοι.
2615 688 2786 757 Φεῦγε
2835 686 3108 754 Αἴγυπτον
3159 683 3594 752 ἀμεταστρεπτὶ,
3627 677 3795 747 φεῦγε
3850 677 4059 741 Σόδομα

2477 787 2563 835 καί
2601 782 2889 851 Γόμορρα·
2927 776 3058 846 πρὸς
3091 777 3150 828 τὸ
3185 775 3306 844 ὅρος
3344 771 3541 835 σώζου,
3582 772 3654 841 μὴ
3693 769 4063 838 συμπαραλη-

2479 874 2616 943 φθῇς
2638 873 2772 942 (9.7).
2806 870 2961 924 Ἀλλὰ
2985 868 3204 936 κατέχει
3225 868 3335 936 (‘28)
3353 883 3410 918 σε
3431 865 3490 917 τὸ
3517 866 3670 916 κενὸν
3695 863 3804 933 ('29,
3823 863 4067 932 δοξάριον

2480 968 2574 1020 καὶ
2598 969 2623 1018 ὁ
2652 965 3006 1034 ψευδώνυμος
3036 961 3265 1024 πλοῦτος
3300 963 3394 1013 καὶ
3432 959 3499 1011 τὰ
3524 957 3712 1026 κομψά
3747 957 3842 1010 καὶ
3869 954 4069 1022 εὐανθῆ

2482 1058 2816 1130 χλανισκίδια
2840 1057 2956 1125 (50)
2991 1055 3086 1107 κα.)⁵
3113 1055 3304 1117 τᾶλλα,
3353 1047 3432 1114 οἷς
3465 1053 3497 1120 ή
3536 1051 3776 1119 κοσμικὴ
3805 1049 4074 1117 εὑημερία

2482 1155 2581 1221 τὴν
2624 1151 2881 1202 σύστασιν
2930 1148 3063 1215 ἔχει.
3119 1145 3222 1197 die?)
3276 1145 3374 1212 τῆς
3432 1143 3766 1211 ἁφιλοσόφου
3836 1140 4073 1200 διανοίας

2487 1245 2578 1296 τοῦ
2607 1241 2930 1310 φιλοσόφουι
2968 1238 3298 1307 Περίὸλεψον
3323 1236 3437 1305 (51)
3463 1235 3586 1296 τοὺς
3621 1234 3725 1302 πρὸ
3759 1232 3870 1299 (52)
3895 1231 3988 1282 σοῦ
4017 1232 4073 1281 ἐν

2487 1336 2604 1396 ταῖς
2637 1335 2847 1402 ὁμοίαις
2883 1331 3255 1400 περιφανείαις
3286 1327 3697 1391 ἐξετασθέντας.
3720 1323 3927 1392 Αὔριον
3983 1339 4079 1373 κα-

2489 1428 2703 1494 ταϐήσῃ
2756 1425 2865 1493 (55)
2897 1423 2992 1474 καὶ
3036 1423 3199 1483 αὐτὸς
3232 1424 3310 1484 είς
3346 1420 3495 1490 ᾅδου,
3521 1419 3701 1471 πάντα
3763 1415 4076 1469 καταλιπὼν

2493 1516 2631 1584 ὑπὲρ
2655 1514 2751 1580 τῆς
2770 1514 2878 1580 (δι)
2903 1513 3006 1580 γῆς
3025 1525 3042 1543 ⁶
3078 1513 3166 1564 τὸν
3189 1511 3300 1579 (55)
3327 1512 3381 1562 δὲ
3424 1511 3530 1562 τῶν
3560 1508 3906 1578 βεϐιωμένων
3924 1505 4078 1570 λόγον

2495 1605 2846 1674 άπαιτηθήσῃ
2883 1606 3019 1672 μετὰ
3058 1602 3258 1667 πολλῆς
3315 1599 3622 1669 ἀκριϐείας,
3669 1598 3859 1665 ὦπάτερ
3893 1597 4004 1665 (56)
4047 1597 4078 1664 ἠ

2493 1698 2846 1765 ψευδώνυμος
2904 1694 3118 1756 σύνοδος
3173 1693 3614 1762 άπαιτηθήσεται
3656 1690 3713 1742 τὸ
3777 1684 3914 1756 αἷμα
3972 1688 4081 1738 τῶν

2498 1788 2888 1856 ἀπολλυμένων
2929 1786 3120 1855 ψυχῶν
3159 1785 3268 1837 τῶν
3326 1783 3824 1836 σκανδαλισθέντων
3862 1781 3955 1831 ἐπὶ
3999 1777 4075 1846 τῷ

811 1883 904 1950 qui
973 1883 1364 1951 blasphemiam
1444 1883 1841 1937 intolerabilem
1901 1883 2159 1950 nullaque
2229 1882 2390 1933 venia
2427 1876 2572 1948 Βμυ

2310 1882 2390 1933 nia
2427 1876 2465 1933 Β
2500 1879 2789 1948 μυστηρίῳ
2819 1879 2917 1946 τῆς
2952 1878 3212 1940 πίστεως,
3242 1876 3352 1926 τῶν
3403 1875 3500 1943 τὴν
3537 1873 3810 1942 ἀφόρητον
3840 1870 4081 1940 βλασφη-

811 1974 1030 2043 dignam
1061 1975 1260 2028 animis
1300 1975 1414 2028 suis
1464 1985 1814 2042 exceperunt,
1884 1989 2008 2042 qua:
2060 1983 2141 2027 est
2203 1982 2392 2027 contra

813 2066 1077 2133 Spiritum
1112 2075 1388 2129 sanctum,
1428 2075 1481 2118 et
1509 2064 1559 2117 in
1593 2067 1701 2118 duo
1738 2066 1948 2118 referre
1984 2065 2246 2133 principia
2279 2063 2397 2132 ejus

812 2159 1192 2214 cxsislentiam
1228 2159 1456 2221 audent,
1485 2173 1694 2219 eorum,
1717 2157 1808 2225 qui
1842 2156 1897 2210 iu
1930 2156 2124 2224 impias
2153 2166 2206 2210 et
2236 2155 2400 2225 perri-

813 2251 1024 2304 diculas
1089 2248 1410 2302 Latinorum
1475 2249 1905 2302 consuetudines
1986 2249 2167 2302 abacti
2246 2259 2396 2313 sunt,

812 2357 1026 2405 eorum,
1067 2341 1158 2410 qui
1192 2340 1602 2394 maledictiones
1633 2350 1688 2394 et
1745 2341 2096 2393 anathemata
2129 2340 2399 2393 innovatae

815 2431 937 2484 ﬁdei
966 2431 1018 2483 in
1052 2444 1148 2483 sua
1183 2431 1430 2497 ipsorum
1505 2428 1686 2495 capita
1741 2436 2104 2480 attraxerunt.
2134 2443 2151 2475 ι
2180 2426 2288 2480 Sed
2344 2426 2398 2479 in

816 2520 1290 2575 confirmationem
1344 2527 1397 2571 et
1456 2528 1808 2586 augmentum
1870 2519 2086 2585 generis
2139 2517 2403 2588 (nationis

817 2612 1040 2679 nostras)
1065 2610 1245 2663 futura
1273 2610 1501 2664 estunio
1528 2609 1594 2661 ab
1617 2608 1824 2663 eisdem
1846 2608 2011 2662 facta.
2045 2608 2142 2662 rEt
2170 2609 2405 2662 maxime

817 2715 969 2755 vero.
1004 2699 1192 2753 Nonne
1225 2698 1372 2753 vides
1403 2697 1598 2753 Crucis
1629 2699 1816 2752 hostes
1848 2697 1901 2751 in
1941 2697 2122 2766 fugam
2178 2711 2404 2754 conver-

819 2808 933 2856 sos,
966 2805 1249 2860 unumque
1282 2805 1312 2844 e
1346 2791 1550 2844 nostris
1594 2789 1742 2842 mille
1801 2790 2153 2857 dissipantem
2183 2800 2234 2844 et
2266 2789 2405 2846 duos

821 2885 1007 2938 decem
1038 2885 1204 2938 millia
1261 2883 1679 2951 dispergentes?
1729 2880 2122 2936 Verumtamen
2183 2891 2407 2935 contra-

822 2974 968 3026 rium
991 2973 1335 3043 respicimus.
1371 2971 1484 3024 Nisi
1511 2973 1773 3025 Dominus
1789 2972 2136 3025 aediﬁcaverit
2161 2981 2404 3026 nostrum

823 3063 1138 3131 imperium,
1171 3062 1372 3117 frustra
1400 3061 1647 3115 laborant
1684 3061 1773 3130 qui
1809 3060 2079 3115 aedificant
2107 3061 2272 3125 illud;
2305 3060 2408 3115 nisi

825 3150 1090 3208 Dominus
1152 3151 1475 3206 custodierit
1528 3160 1773 3206 nostram
1843 3151 2139 3219 civitatem,
2204 3152 2406 3206 frustra

2505 1973 2630 2042 μίαν
2658 1972 2750 2024 καὶ
2770 1970 3159 2039 ἀσυγχώρητον
3173 1971 3291 2030 ταῖς
3314 1969 3512 2036 ψυχαῖς
3538 1966 3954 2030 ὑποδεξαμένων
3971 1961 4083 2028 (57)

2503 2065 2603 2132 τὴν
2632 2063 2774 2117 κατὰ
2799 2063 2891 2114 τοῦ
2925 2063 3082 2129 ἁγίου
3119 2061 3432 2128 Πνεύματος
3477 2061 3568 2111 καὶ
3612 2060 3690 2120 είς
3721 2058 3812 2110 δύο
3845 2055 4085 2124 τολμών-

2502 2173 2610 2209 των
2640 2156 2813 2225 ἀρχὰς
2860 2155 3154 2224 ἀναφέρειν
3185 2153 3283 2223 τὴν
3328 2151 3494 2203 αὑτοῦ
3522 2152 3776 2220 ὓπαρξιν,
3811 2150 3921 2202 τῶν
3946 2150 4087 2201 ὑπα-

2503 2249 2742 2317 χθέντων
2773 2250 2883 2310 τοῖς
2914 2247 3174 2314 ἀθέσμοις
3201 2246 3296 2297 καὶ
3336 2244 3766 2311 καταγελάστοις
3789 2244 4086 2304 λατινικοῖς

2504 2339 2672 2402 ἔθεσι,
2705 2337 2812 2389 τῶν
2844 2338 2942 2397 τὰς
2967 2337 3107 2406 ἀρὰς
3141 2338 3236 2388 κα).
3259 2337 3328 2388 τὰ
3361 2336 3680 2404 ἁναθέματα
3712 2336 3808 2403 τῆς
3839 2351 4086 2386 καινοτο-

2509 2431 2635 2499 μίας
2671 2432 2769 2497 τῆς
2800 2429 3034 2492 πίστεως
3065 2430 3156 2481 ἐπὶ
3191 2431 3289 2491 τὰς
3320 2429 3530 2482 ἑαυτῶν
3563 2428 3802 2496 κεφαλὰς
3832 2427 4092 2480 ὲλκυσάν-

2507 2537 2636 2574 των.
2696 2521 2835 2574 Ἀλλ’
2865 2522 2945 2582 είς
3002 2520 3262 2573 σύστασιν
3319 2521 3470 2574 ἔσται
3521 2521 3610 2572 τοῦ
3653 2523 3840 2588 γένους
3891 2523 3983 2572 καὶ
4018 2522 4095 2582 εἰς

2509 2613 2752 2664 ἐπίδοσιν
2808 2613 2840 2682 ἡ
2889 2613 3154 2682 γενομένη
3190 2613 3319 2682 παρ’
3354 2612 3533 2666 αὐτῶν
3570 2612 3784 2675 ἓνωσις.
3821 2613 3966 2664 Πάνυ
4002 2612 4098 2679 μὲν

2508 2704 2622 2759 οὖν.
2641 2707 2752 2775 Οὐχ
2770 2707 2900 2774 ὁρᾷς
2921 2706 3044 2768 τοὺς
3065 2705 3292 2775 ἐχθροὺς
3314 2705 3406 2758 τοῦ
3431 2705 3668 2774 σταυροῦ
3693 2704 3990 2774 φεύγοντας
4007 2705 4099 2758 καὶ

2511 2799 2608 2852 ’ἐνα
2630 2799 2787 2867 ήμῶν
2820 2797 3025 2864 χιλίους
3054 2798 3318 2849 διώκοντα
3344 2801 3439 2850 καὶ
3463 2797 3554 2849 δύο
3581 2798 3847 2867 μυριάδας
3876 2812 4098 2866 μετακι-

2510 2889 2731 2950 νοῦντας
2759 2889 2870 2958 (58)
2894 2904 2909 2952 ;
2941 2887 3262 2940 Τούναντίον
3289 2889 3385 2957 μὲν
3429 2884 3524 2942 οὖν
3549 2888 3694 2941 ἆπαν
3723 2888 3834 2957 (59)
3861 2888 4100 2958 ὁρῶμεν.

2524 2978 2650 3030 Ἐάν
2684 2980 2759 3048 μὴ
2787 2977 2989 3046 Κύριος
3011 2977 3341 3048 οἰκοδομήσῃ
3369 2979 3467 3046 τὴν
3496 2980 3772 3047 ἡμετέραν
3808 2979 4000 3047 ἀρχὴν,
4027 2979 4101 3038 είς

2516 3074 2689 3143 μάτην
2742 3072 3042 3124 ἐκοπίασαν
3095 3070 3146 3124 oi
3175 3071 3580 3141 οἰκοδομοῦντες
3609 3088 3621 3100 ·
3656 3073 3749 3123 ἐὰν
3785 3071 3858 3139 μὴ
3904 3069 4103 3139 Κύριος

2516 3163 2729 3233 φυλάξῃ
2761 3164 2859 3230 τὴν
2889 3163 3166 3233 ἡμετέραν
3207 3162 3387 3224 πόλιν,
3422 3163 3502 3222 είς
3527 3163 3706 3232 μάτην
3737 3162 4102 3230 ἠγρύπνησαν

826 3246 1069 3314 vigilant,
1099 3245 1189 3314 qui
1224 3243 1382 3314 Papa:
1410 3245 1653 3298 nummis
1683 3245 1866 3299 aureis
1907 3260 2026 3299 eam
2061 3244 2408 3299 custodiunt.
2441 3220 2482 3276 (ἶ
2520 3220 2566 3308 δί

2333 3253 2408 3297 ιιι.
2441 3220 2482 3276 (⁵
2520 3220 2566 3308 ἐι
2602 3220 2829 3308 διὲὲῶᾲ
2858 3220 3099 3324 ﬁgam”.
3119 3255 3230 3324 (ιο)
3251 3257 3344 3308 τοῦ
3377 3220 3540 3308 in...
3561 3220 3770 3325 τοιιέηᾴ
3786 3220 4104 3322 ’φυλάσσον-

828 3338 994 3408 lgitur
1041 3337 1125 3391 eia
1172 3352 1268 3406 age
1329 3351 1475 3389 nunc
1531 3338 1787 3403 temporis
1844 3347 2015 3391 totum
2069 3338 2411 3406 temetipsum

832 3440 1162 3484 transmula.
1204 3431 1336 3482 Sine
1392 3439 1637 3495 mortuos
1692 3429 1925 3498 sepelire
1954 3439 2199 3484 mortuos
2259 3445 2410 3485 suos.

831 3521 964 3586 Quae
1014 3519 1246 3574 Caesaris
1291 3529 1440 3581 sunt,
1508 3518 1752 3587 relinque
1806 3518 2027 3573 Caesari.
2066 3517 2247 3573 Redde
2305 3519 2414 3574 Deo

831 3613 1070 3664 animam
1115 3610 1181 3663 ab
1223 3624 1286 3663 eo
1317 3615 1558 3662 creatam
1591 3619 1643 3662 et
1683 3608 2027 3664 adornatam.
2064 3610 2239 3664 Mente
2264 3626 2419 3664 reco-

831 3709 964 3774 g‘.ta,
989 3713 1314 3773 qnantorum
1337 3702 1408 3755 illi
1443 3702 1653 3756 debitor
1689 3704 1943 3768 exsistas,
1974 3703 2137 3757 redde
2182 3705 2420 3757 retribu«

835 3798 1065 3849 tionem.
1104 3795 1242 3848 Vere
1278 3809 1445 3848 exoro
1479 3805 1553 3859 te,
1609 3797 1942 3850 amicissime
1987 3807 2040 3850 et
2087 3797 2421 3857 doctissime,

836 3889 921 3942 l‘ac
951 3901 1008 3942 ut
1038 3889 1104 3942 de
1136 3897 1186 3940 te
1228 3887 1492 3957 gaudeam
1529 3890 1811 3951 ;concede
1870 3891 2026 3954 mihi,
2091 3899 2149 3943 ut
2193 3889 2421 3959 gloriam

838 3979 947 4031 Deo
981 3977 1232 4043 referam,
1271 3978 1441 4046 quite
1501 3987 1788 4033 conservet
1817 3979 1888 4034 ab
1949 3979 2212 4034 universa
2280 3996 2422 4035 noxa

837 4069 1188 4124 incolumem.

922 4162 1151 4217 llnmilis
1208 4163 1549 4233 metropolita
1602 4162 1799 4233 Ephesi
1851 4171 1905 4220 et
1950 4167 2220 4221 universa:
2287 4168 2427 4223 Asiae

839 4255 1079 4310 Marcus.

2521 3367 2632 3412 τες.
2675 3349 2835 3401 Ἀλλὰ
2865 3348 3023 3418 δεῦρο
3045 3348 3230 3401 λοιπὸν
3263 3349 3382 3400 ὅλον
3428 3349 3651 3400 σεαυτὸν
3683 3348 3911 3416 μετάθες
3937 3349 4029 3399 ἐπὶ
4052 3348 4107 3399 τὲ

2524 3440 2619 3493 νῦν
2651 3442 2761 3510 (Η)
2787 3457 2799 3470 ·
2822 3441 2957 3509 ἄφες
2993 3442 3114 3502 τοὺς
3137 3441 3359 3509 νεκροὺς
3381 3440 3605 3491 θάπτειν
3629 3441 3754 3501 τοὺς
3785 3440 3994 3491 ἑαυτῶν
4028 3457 4109 3491 νε⁴

2525 3534 2686 3600 κρούς
2713 3549 2726 3562 ο
2759 3532 2892 3599 ἄφες
2917 3533 2984 3584 τὰ
3015 3532 3291 3601 Καίσαρος
3328 3530 3602 3599 Καίσαρι·
3636 3531 3722 3593 δὺς
3753 3531 3828 3601 τῷ
3852 3532 3970 3600 Θεῴ
4014 3531 4110 3602 τὴν

2527 3622 2654 3692 παρ’
2703 3622 2868 3680 αὐτοῦ
2901 3623 3216 3676 κτισθεῖσαν
3252 3625 3346 3675 καὶ
3385 3624 3753 3694 κοσμηθεῖσαν
3776 3625 3973 3693 ψυχήν.
3995 3624 4111 3676 Ἐν-

2526 3716 2740 3783 νόησον,
2765 3717 2904 3767 ὅσων
2937 3715 3048 3784 (42)
3080 3717 3361 3786 ὀφειλέτης
3386 3718 3532 3784 αὐτῷ
3556 3719 3842 3786 τυγχάνεις
3865 3733 3878 3746 ·
3914 3718 4113 3778 ἀπόδος

2527 3810 2624 3868 τὰς
2653 3807 2911 3874 ἀμοιϐάς.
2945 3808 3053 3859 Ναὶ
3076 3809 3210 3876 (45),
3235 3809 3561 3877 παρακαλῶ,
3588 3810 3807 3877 φίλτατε
3828 3813 3919 3861 καί
3940 3811 4114 3875 σοφώ-

2527 3911 2677 3959 τατε,
2707 3895 2792 3957 δός
2827 3913 2919 3964 μοι
2968 3897 3207 3965 χαρῆναι
3238 3898 3329 3948 ἐπὶ
3376 3899 3479 3960 σοὶ,
3520 3898 3607 3961 δός
3654 3917 3743 3968 μοι
3793 3899 3910 3969 Θεῷ
3955 3899 4114 3964 δὶξαν

2533 3986 2867 4052 ἀνενεγκεῖν,
2898 3988 2955 4049 ὃς
3005 4003 3061 4039 σε
3087 3989 3433 4057 διαφυλάττοι
3462 3989 3572 4060 (44)
3609 3992 3879 4062 ἀνώτερον
3909 3994 4112 4055 παντὸς

2531 4079 2754 4148 ἀνιαροῦ
2790 4079 3217 4148 συναντήματος.

2614 4173 2674 4224 Ὀ
2725 4173 2977 4235 ταπεινὸς
3040 4175 3442 4246 μητροπολίτης
3505 4177 3734 4245 Ἐφέσου
3799 4179 3894 4232 καὶ
3935 4181 4115 4249 πάσης

2543 4265 2726 4328 Ἀσίας
2765 4265 3008 4333 Μάρκος.

850 4703 1089 4774 Epistola
1113 4705 1178 4758 D.
1205 4703 1375 4758 Marci
1403 4705 1541 4775 Eph.
1583 4707 1650 4758 ad
1676 4707 2034 4775 Theophanem
2090 4709 2424 4763 monac/ium.
2459 4692 2508 4750 D

2353 4727 2424 4763 ιη.
2459 4692 2508 4750 D
2551 4715 2881 4783 Ἐπιστολὴ
2941 4719 3129 4785 πυροῦ
3186 4719 3430 4792 Μάρκου
3488 4724 3595 4776 τοῦ
3659 4724 3916 4791 Ἐφέσου
3976 4724 4124 4792 πρὸς

922 4857 1354 4914 llonoratissimc
1373 4863 1426 4913 in
1450 4861 1885 4916 hicromonachis
1904 4871 1956 4916 ct
1980 4863 2109 4916 mihi
2133 4862 2182 4916 in
2204 4862 2434 4918 Domino

849 4951 1312 5007 desideratissime.
1342 4963 1395 5007 et
1435 4955 1883 5009 rcvcrrndissime
1939 4967 2094 5025 pater
2144 4965 2194 5011 et
2243 4955 2434 5012 frater.

945 5084 1034 5148 ‘26)
1063 5085 1170 5139 All.
1209 5087 1510 5139 ἐπισκοτεῖ.

946 5156 1037 5222 ‘27)
1070 5156 1229 5207 Allat.
1269 5157 1664 5224 καταληφθείς.

927 5225 1038 5299 (alii)
1074 5226 1163 5299 Sic
1187 5227 1329 5281 .‘llon.
1359 5246 1372 5290 ;
1404 5229 1565 5282 Allat.
1600 5230 1855 5299 κατέσχε.

927 5297 1038 5363 (29)
1075 5298 1238 5349 Allat.
1266 5300 1468 5352 καινόν.

927 5367 1039 5434 (50)
1071 5365 1214 5419 Μοιι.
1247 5369 1610 5436 χλανιόίσκια.

1271 5440 1382 5513 sic,
1417 5438 1561 5493 Mon.
1595 5439 1942 5513 περίϐλεψαι.

927 5506 1037 5571 (52)
1075 5507 1239 5562 Allat.
1279 5511 1439 5577 πρὸς.

930 5578 1041 5643 (55)
1073 5578 1233 5633 Allat.
1266 5581 1470 5634 καταδύ
1483 5602 1582 5637 σει.

929 5649 1039 5715 (54)
1073 5648 1180 5714 Τῆς
1213 5653 1362 5702 Otnit.
1388 5653 1548 5707 Allat.

931 5718 1044 5787 (55)
1085 5719 1244 5773 Λιιυι.
1276 5721 1404 5774 τῶν.

928 5860 1003 5930 ((ι)
1053 5860 1184 5918 Cod.
1225 5862 1369 5918 MOI].
1400 5863 1524 5930 956,
1560 5865 1598 5921 f.
1637 5864 1741 5924 279
1769 5866 1823 5922 b.

3102 4791 3415 4858 Θεοφάνην
3457 4795 3557 4860 (a).

2612 4880 2921 4948 Τιμιώτατε
2978 4884 3032 4934 ἐν
3087 4885 3465 4956 ἱερομονάχοις
3522 4891 3622 4940 καὶ
3679 4887 3800 4954 ἐμοὶ
3841 4889 3897 4939 ἐν
3935 4888 4128 4956 Κυρίῳ

2542 4971 2891 5025 ποθεινότατε
2923 4976 3018 5026 καὶ
3045 4976 3446 5046 αἱδεσιμὼτατε
3481 4979 3656 5048 πάτερ
3683 4981 3778 5032 καὶ
3799 4979 4015 5048 ἀδελφέ.

2619 5109 2731 5176 (56)
2771 5110 2878 5163 Οὖν
2914 5109 3087 5164 addit.
3120 5110 3265 5166 Mon.

2616 5180 2730 5249 (37)
2766 5180 2976 5236 Monac.
3013 5182 3437 5250 ὑποδεξάμενον.

2599 5250 2721 5330 (5.8)
2758 5253 2922 5330 ⁸ξξιὲξὶι.
2985 5253 3397 5320 μετακινοῦντα.
3434 5251 3571 5308 llinc
3605 5255 3768 5310 vertit
3802 5272 3815 5310 :
3856 5265 3907 5311 et
3932 5257 4126 5327 viginti

2539 5322 2713 5373 millia
2745 5322 3168 5389 dispergentein.

2612 5391 2722 5460 (59)
2755 5393 2856 5443 All.
2887 5388 3031 5443 ᾰέαν
3066 5388 3176 5444 οὖν.

2612 5463 2725 5531 (40)
2755 5463 2964 5515 Monac.
3022 5463 3315 5531 χρυσίνων.

2761 5533 2972 5605 Monac.
3011 5536 3104 5605 ξεττ).
3129 5534 3216 5584 τὸν
3249 5536 3460 5605 κύριον.

2615 5603 2727 5671 (42)
2763 5603 2943 5654 Ὀσων
2976 5604 3150 5656 οηιίιι.
3191 5603 3358 5663 Allai.

2620 5674 2732 5741 (45)
2763 5673 2926 5725 Allal.
2947 5674 3059 5726 καί.

2621 5743 2730 5812 (44)
2763 5744 2922 5798 Allat.
2963 5745 3335 5816 διαφυλάττει.
