4484 6462
440 407 574 470 1037

505 517 774 577 Γίνωσκε,
811 515 890 564 ὅτι
925 515 1061 581 μετὰ
1089 513 1150 565 τδ
1177 513 1431 564 ἀπελθεῖν
1459 513 1599 581 ἡμᾶς
1630 512 1707 572 εἰς
1740 510 1839 578 τὴν
1873 511 2023 562 Κων-
2055 519 2098 569 Α

438 606 903 668 σταντινούπολιν,
939 606 1236 667 ἀναϐάντος
1268 607 1344 665 εἰς
1379 605 1438 657 τὸ
1482 606 1870 673 πατριάρχεῖον
1901 604 2019 664 ἑνὸς

433 701 546 752 τῶν
605 698 1042 767 ὐπογραψάντων
1075 697 1471 765 λατινοφρόιιων
1531 699 1625 750 καὶ
1678 695 2018 764 ἐνοχλοῦντος

434 795 614 860 ἡμᾶς,
655 792 899 859 ἀπῆλθον
927 793 1005 852 εἰς
1031 792 1130 858 τὴν
1156 792 1450 858 ἐκκλησῗαν
1488 807 1610 857 μου.
1655 790 1799 840 Ἐκεῖ
1832 789 1886 840 δὲ
1917 790 2015 840 πά-

433 882 515 933 λιν
546 882 676 949 μηδε
690 880 820 949 μίαν
851 880 1027 947 εὑρὼν
1058 880 1364 932 ἀνάπαυσιν
1390 879 1482 931 καὶ
1508 879 1761 947 χαλεπῶς
1782 880 2016 948 νοσήσας

438 976 532 1026 καὶ
563 971 926 1040 ζημιούμενος
967 973 1117 1040 παρά
1169 972 1277 1024 τῶν
1324 971 1539 1022 ἀσεϐῶν
1574 971 2023 1038 καίπειραζὸμε-

437 1084 545 1130 νος,
578 1066 712 1115 διότι
750 1066 822 1132 μὴ
849 1059 994 1132 εἶχον
1024 1064 1255 1132 ὁρισμὸν
1291 1063 1626 1125 αὑθεντικὸν,
1661 1063 1886 1130 ἐξῆλθον
1918 1064 2020 1114 κά-

438 1158 614 1209 κεῖθεν
650 1158 739 1208 ἐπὶ
773 1157 959 1224 σκοπῴ
1009 1156 1104 1208 τοῦ
1163 1155 1419 1207 ἀπελθεῖν
1477 1158 1556 1218 εἰς
1601 1155 1659 1207 τὸ
1689 1156 1841 1222 ἅγιον
1876 1156 2019 1223 ὅρο·.

436 1250 782 1317 Διαπεράσας
832 1249 924 1302 οῦν
955 1251 1031 1311 εἰς
1061 1250 1158 1316 τὴν
1192 1249 1522 1300 Καλλίπολιν
1551 1251 1643 1301 καὶ
1672 1249 2019 1316 διερχὶμενος

435 1343 522 1394 διά
552 1344 646 1409 τῆς
680 1343 904 1409 Λήμνου
963 1342 1275 1409 ὲκρατήθην
1335 1341 1567 1391 ἐνταῦθα
1615 1343 1706 1391 καὶ
1767 1339 2022 1408 περιωρί-

437 1435 569 1503 σθην
604 1436 754 1501 παρά
805 1435 897 1485 τοῦ
948 1432 1231 1499 βασιλέως.
1301 1432 1439 1484 Ἀλλ’
1488 1435 1514 1482 ὁ
1564 1432 1715 1496 λύγος
1759 1432 1850 1483 τοῦ
1885 1429 2020 1484 Θεοῦ

437 1528 528 1578 καὶ
576 1529 609 1595 ἡ
665 1527 761 1592 τῆς
818 1526 1075 1593 ἀληθείας
1113 1524 1345 1592 δύναμις
1379 1525 1439 1576 οὐ
1490 1524 1934 1592 δέδεται,τρὲχει
1964 1524 2022 1574 δὲ

441 1618 640 1685 μᾶλλον
672 1619 764 1669 καὶ
789 1617 1098 1679 εὐοδοῦται,
1139 1619 1236 1670 καὶ
1271 1619 1320 1670 οἱ
1349 1617 1592 1680 πλείονες
1623 1618 1731 1670 τῶν
1772 1617 2021 1685 ἀδελφῶν

434 1713 499 1778 τῇ
532 1712 638 1778 ἐμῇ
690 1711 874 1780 ὲξορίᾳ
928 1709 1259 1780 θαρροῦντες
1314 1708 1568 1777 βάλλουσι
1616 1712 1727 1768 τοῖς
1776 1709 2021 1777 ἐλέγχοις

436 1801 564 1862 τοὺς
594 1800 904 1868 ἀλιτηρίους
949 1801 1041 1851 καί
1072 1799 1398 1867 παραϐάτας
1425 1798 1522 1867 τῆς
1576 1799 1744 1868 ὀρθῆς
1779 1798 2019 1861 πίστεως

439 1894 533 1942 καὶ
562 1891 670 1942 τῶν
700 1891 985 1960 πατρικῶν
1012 1891 1252 1959 θεσμῶν,
1288 1892 1383 1942 καὶ
1411 1890 1701 1943 ἐλαύνουσι
1749 1892 2020 1959 πανταχό-
2060 1907 2097 1960 Β

438 1983 528 2033 θεν
558 1983 750 2043 αὐτοὺς
772 1983 846 2043 ὡς
879 1983 1227 2051 καθάρματα,
1265 1987 1402 2052 μήτε
1457 1983 1891 2050 συλλειτουργεῖν
1923 1983 2020 2034 αύ-

437 2076 549 2135 τοῖς
597 2075 936 2143 ἀνεχόμενοι,
975 2076 1110 2144 μήτε
1146 2075 1507 2144 μνημονεύειν
1557 2076 1694 2138 ὅλως
1724 2076 1903 2127 αὐτῶν
1944 2076 2020 2135 ὡς

439 2167 803 2233 Χριστιανῶν.
855 2167 1128 2218 Μανθάνω
1180 2165 1273 2225 δὲ.
1320 2168 1400 2219 ὅτι
1434 2165 1817 2235 ἐχειροτονήθη
1865 2165 2021 2235 παρᾶ

438 2258 547 2308 τῶν
589 2255 991 2325 λατινοςορόνων
1025 2259 1432 2327 μητροπολίτης
1486 2259 1730 2327 Ἀθηνῶν
1782 2259 2019 2310 κοπελύ-

438 2351 585 2418 δριόν
616 2368 666 2402 τι
701 2351 791 2402 τοῦ
825 2349 1234 2420 Μονεμϐασίας,
1266 2351 1401 2419 ὅπερ
1442 2350 1633 2402 αὐτόθι
1674 2351 1861 2417 διάγον
1891 2351 2017 2402 συλ-

437 2442 744 2513 λειτουργεῖ
781 2447 892 2505 τοῖς
922 2444 1176 2506 Λατίνοις
1233 2445 1559 2513 ἀδιακρίτως
1597 2447 1693 2498 καὶ
1725 2447 2024 2514 χειροτονεῖ

440 2538 768 2607 παρανόμως
790 2539 949 2598 ὅσους
985 2537 1051 2590 ἂν
1081 2535 1218 2609 εῦρῃ
1247 2537 1338 2590 καὶ
1378 2538 1543 2600 οἴους.
1583 2537 1746 2602 Ἀξιῶ
1801 2533 1892 2590 οῦν
1923 2539 2021 2605 τὴν

439 2630 751 2697 ἁγιωσύνην
784 2647 898 2692 σου,
939 2630 1024 2682 ἵνα
1056 2631 1147 2682 τὸν
1177 2631 1320 2698 ὑπὲρ
1342 2629 1485 2682 Θεοῦ
1519 2627 1680 2697 ζῆλον
1710 2627 2022 2689 ἀναλαϐὼν,

439 2722 514 2783 ὼς
539 2723 824 2792 ἅνθρωπος
867 2723 963 2775 τοῦ
1017 2722 1153 2775 Θεοῦ
1190 2722 1287 2775 καὶ
1312 2724 1411 2793 τῆς
1437 2722 1699 2791 ἀληθείας
1744 2723 1896 2790 φίλος
1925 2722 2024 2774 καὶ

439 2813 531 2865 τοῦ
584 2815 741 2879 ἁγίου
800 2813 1074 2884 Ίσιδώρου
1124 2816 1346 2885 γνήσιος
1390 2815 1636 2884 μαθητὴς
1693 2815 2026 2883 παραινέσης

440 2904 552 2963 τοῖς
579 2902 672 2953 τοῦ
711 2902 846 2953 Θεοῦ
903 2903 1163 2971 ἱερεῦσιν,
1219 2903 1512 2972 ἐκφεύγειν
1574 2907 1748 2956 ἀπασι
1805 2907 2025 2974 τρόποις

441 2994 538 3062 τὴν
571 2995 856 3047 κοινωνίαν
886 2996 1051 3048 αὑτοῦ
1085 2998 1180 3049 καὶ
1216 2999 1353 3066 μήτε
1392 2997 1827 3068 συλλειτουργεῖν
1878 2997 2026 3065 αὐτῷ

446 3087 582 3156 μήτε
618 3090 974 3154 μνημονεύειν
1009 3089 1145 3148 ὅλως
1203 3088 1393 3150 αὑτοῦ,
1434 3091 1572 3157 μήτε
1606 3089 1869 3159 ἀρχιερέα
1901 3088 2027 3141 τοῦ·

441 3194 553 3238 τον.
589 3179 725 3232 ἀλλά
759 3181 920 3233 λύκον
958 3181 1054 3233 καὶ
1103 3181 1374 3250 μισθωτὸν
1403 3181 1675 3249 ἡγεῖσθαι,
1728 3183 1866 3251 μήτε
1915 3183 2027 3234 λει-

441 3275 692 3341 τουργεῖν
740 3275 874 3336 ὅλως
906 3277 963 3327 ὲν
1007 3278 1126 3337 ταῖς
1178 3276 1480 3336 λατινικαῖς
1537 3275 1878 3344 ἐκκλησίαις,
1939 3275 2025 3328 ἵνα

447 3365 522 3432 μὴ
554 3365 681 3435 ἔλθῃ
734 3369 826 3418 καὶ
877 3367 961 3433 ἐφ’
994 3367 1137 3431 ὑμᾶς
1240 3366 1539 3417 ἐπελθοῦσα
1567 3365 1705 3436 ὀργὴ
1739 3366 1832 3418 τοῦ
1890 3365 2024 3418 Θεοῦ

442 3464 508 3530 τῇ
545 3461 1114 3513 Κωνσταντινουπόλει
1157 3461 1244 3512 διὰ
1301 3457 1396 3520 τάς
1431 3460 1547 3510 ἐκεῖ
1603 3460 1894 3527 γινομένας
1927 3476 2028 3509 πα-

447 3555 728 3624 ρανομίας.
767 3555 806 3606 Γ
812 3554 1008 3606 ίνωσκε
1044 3553 1100 3606 δὲ
1147 3555 1226 3606 ὅτι
1269 3553 1300 3622 ἡ
1331 3551 1689 3619 ψευδοένωσις
1723 3554 1846 3604 ὅσον
1875 3551 2027 3604 οῦπω

445 3649 512 3715 τῇ
558 3647 652 3700 τοῦ
688 3647 823 3699 Θεοῦ
885 3647 1067 3715 χάριτι
1115 3645 1207 3699 καὶ
1246 3645 1472 3714 δυνάμει
1511 3645 1896 3713 διαλυθήσεται
1933 3647 2028 3698 καὶ

445 3739 505 3790 τὸ
530 3737 709 3806 δόγμα
732 3738 838 3789 τῶν
867 3737 1114 3791 Λατίνων
1143 3738 1261 3791 ἀντί
1297 3738 1391 3789 τοῦ
1433 3738 1899 3808 βεδαιωθῆναιδιά
1931 3737 2028 3805 τῆς

445 3831 677 3901 ψευδοῦς
717 3831 958 3894 συνόδου,
1000 3832 1135 3900 ὅπερ
1180 3831 1272 3884 ἀεὶ
1318 3830 1672 3898 ἐσπούδαζον,
1714 3831 1794 3884 ἔτι
1829 3831 2027 3900 μᾶλλον

447 3926 727 3995 ἀνετράπη
766 3926 862 3977 καὶ
909 3925 1150 3993 ἠλέγχθη
1191 3925 1284 3976 καὶ
1313 3924 1388 3986 ὡς
1424 3923 1746 3994 βλάσφημον
1776 3927 1871 3976 καὶ
1903 3925 2029 3976 δυσ-

450 4015 606 4078 σεϐὲς
649 4015 927 4083 πανταχοῦ
978 4013 1383 4083 στηλιτεύεται,
1437 4013 1531 4066 καὶ
1572 4015 1622 4064 οἱ
1652 4012 1811 4065 τοῦτο
1851 4011 2028 4082 κυρώ-

450 4126 641 4170 σαντες
666 4108 785 4160 οὑδὲ
818 4109 1001 4178 διᾶραι
1049 4109 1224 4176 στόμα
1257 4107 1530 4176 τολμῶσιν
1566 4108 1705 4176 ὑπὲρ
1733 4106 1920 4159 αὑτοῦ.
1968 4106 2027 4158 '0

448 4201 578 4270 γοῦν
594 4201 797 4271 καλόγη
808 4218 896 4270 ρος
917 4200 1172 4270 (Ι)αύτοῦ
1203 4199 1296 4254 τοῦ
1315 4200 1580 4268 ὑμετέρου
1616 4200 1912 4268 μισθωτοῦ,
1938 4201 2030 4254 καὶ

448 4296 568 4366 οὐχ)⁵
623 4295 905 4364 ποιμένος,
937 4296 964 4347 ὁ
999 4294 1160 4356 ἀνους
1202 4293 1594 4362 Μονεμὸασίας
1649 4293 1827 4345 λαϐὼν
1875 4294 2028 4362 παρὰ

448 4387 541 4441 τοῦ
577 4385 848 4456 βασιλέως
876 4385 937 4437 τὸ
985 4382 1079 4436 τοῦ
1125 4384 1432 4453 προδρόμου
1491 4386 1848 4452 ἡγουμενεῖον
1903 4382 2026 4432 οὔτε

451 4478 850 4549 μνημονεύεται
892 4477 1044 4546 παρά
1076 4477 1182 4527 τῶν
1203 4477 1526 4545 καλογήρων
1576 4476 1743 4528 αὑτοῦ
1781 4474 1904 4527 οὔτε
1938 4475 2029 4527 θυ-

452 4576 642 4642 μιᾶται
667 4572 803 4633 ὅλως
835 4570 908 4632 ὡς
965 4568 1289 4638 Χριστιανός
1313 4584 1327 4598 ·
1358 4568 1471 4620 ἀλλ’
1501 4567 1719 4637 ἔχουσιν
1753 4568 1915 4621 αὺτδν
1949 4572 2027 4630 είς

448 4668 518 4719 τὰ
548 4666 848 4735 πράγματα
902 4663 1063 4732 μόνον
1106 4659 1293 4731 ὥσπερ
1331 4663 1456 4712 τινὰ
1511 4660 1831 4712 κόνσουλον·
1888 4663 1981 4712 καὶ
2012 4664 2038 4714 ὁ

451 4757 706 4828 βασιλεὺς
755 4755 927 4808 ταῦτα
983 4751 1271 4821 μανθάνων
1327 4751 1521 4804 οὐδένα
1578 4753 1735 4819 λόγον
1768 4754 2033 4815 ποιεῖται,

451 4852 587 4905 ἀλλά
631 4851 728 4902 καὶ
763 4849 1049 4918 μετανοεῖν
1098 4846 1353 4915 ὁμολογεί
1401 4845 1654 4914 φανερῶς
1709 4847 1800 4897 ἐπὶ
1834 4843 1912 4913 τῷ
1944 4861 2034 4912 γε·

451 4945 629 5011 γονότι
665 4936 759 4994 καὶ
800 4941 892 4993 ἐπὶ
921 4939 1047 5003 τοὺς
1096 4938 1502 5005 καταθεμένους
1538 4937 1630 4988 καὶ
1680 4937 2035 5007 ὑπογράψανο

450 5055 547 5100 τας
573 5034 894 5105 μετατίθησι
923 5033 1022 5101 τὴν
1051 5032 1249 5084 αἰτίαν.
1306 5029 1541 5097 Φεύγετε
1574 5024 1668 5082 οῦν
1701 5029 1797 5080 καὶ
1854 5030 2036 5098 ὑμεῖς,

453 5128 691 5196 ἀδελφοὶ,
736 5128 834 5196 τὴν
868 5126 1002 5193 πρὸς
1029 5123 1156 5185 τοὺς
1183 5124 1585 5191 ἀκοινωνήτους
1626 5120 1912 5174 κοινωνίαν
1943 5123 2038 5174 καὶ

452 5223 512 5272 τὸ
538 5221 882 5290 μνημόσυνον
909 5215 1015 5268 τῶν
1048 5215 1500 5284 ἀμνημονεύτων.
1539 5214 1642 5266 Ἴδε
1671 5212 1781 5281 ἐγὼ
1807 5214 2037 5282 Μάρκος

453 5316 481 5366 ὀ
515 5311 837 5382 ἁμαρτωλὸς
891 5311 1035 5376 λέγω
1094 5309 1242 5378 ὑμῖν,
1309 5311 1386 5360 ὅτι
1441 5310 1468 5359 ὁ
1531 5309 1891 5377 μνημονεύων
1938 5308 2032 5360 τοῦ

455 5407 656 5460 πάππα
689 5403 764 5467 ὡς
794 5403 1076 5473 ὀρθοδόξου
1114 5402 1410 5471 ἀρχιερέως
1454 5401 1638 5470 ἔνοχός
1696 5404 1812 5455 ἐστι
1852 5403 2031 5456 πάντα

453 5501 561 5550 τῶν
596 5499 841 5552 Λατίνων
871 5496 1228 5565 ἐκπληρῶσαι
1262 5497 1424 5564 μέχρι
1461 5497 1554 5546 καὶ
1579 5495 1746 5562 αὐτῆς
1775 5495 1875 5565 τῆς
1911 5513 2036 5547 κου-

456 5596 552 5661 ρᾶς
576 5592 682 5644 τῶν
709 5594 953 5657 γενείων,
977 5592 1070 5641 καὶ
1090 5588 1116 5638 ὅ
1141 5588 1540 5656 λατινοφρονῶν
1573 5590 1709 5657 μετά
1734 5587 1841 5640 τῶν
1873 5589 2040 5641 Λατί-

554 5755 602 5821 a)
637 5754 691 5807 Id
735 5761 841 5815 est,
887 5750 1060 5803 electo
1096 5747 1463 5821 MetrOphane
1492 5764 1678 5821 mense
1735 5747 1874 5802 Maio
1907 5750 2034 5802 armi

456 5817 616 5886 HM),
646 5827 871 5876 insuam
900 5822 1149 5874 diocesiu
1182 5817 1398 5872 Marcus
1419 5819 1574 5871 abiit.

529 5896 604 5968 (l)
651 5894 914 5951 Usitatins
945 5891 1266 5958 καλόγερος.
1302 5887 1478 5942 ϐταιοὶ
1526 5891 1778 5945 monachi
1810 5890 2038 5960 κοιλοτέ-

798 5992 1072 6059 Puncta
1112 5992 1229 6054 Gn.
1261 5985 1451 6070 CLX.

1303 399 1671 459 EPISTOLA
1715 396 1812 455 AD
1864 393 2390 453 ΤΠΕΟΡΗΛΝΕΜ
2431 391 2885 454 MONACHUM.

3578 393 3713 456 l098

2217 509 2464 569 Noveris,
2515 525 2626 572 me,
2655 519 2942 576 pOs‘lquzltn
3001 504 3530 575 Constantinopolim
3566 510 3719 561 abie—

2130 618 2283 664 ram,
2350 602 2682 655 ascendente
2757 602 2809 652 in
2881 601 3294 670 patriarchslem
3372 600 3554 655 sedem
3610 617 3717 654 uno

2127 711 2187 746 ex
2267 693 2381 756 iis,
2453 693 2546 761 qui
2615 693 3070 760 subscripserunt
3125 709 3246 746 rum
3319 692 3526 746 Latinis
3596 709 3690 746 seu

2130 782 2346 842 tientes,
2400 795 2464 834 ac
2519 796 2618 835 nos
2675 781 3019 840 molestante.
3086 784 3136 834 in
3203 785 3488 837 ecclesiam
3540 799 3715 835 tut-am

2127 873 2325 926 abiisse
2359 873 2456 942 (tt).
2485 872 2555 926 lbi
2591 889 2718 927 vero
2755 875 2901 927 nulla
2935 890 3148 927 rursum
3191 883 3406 942 reperta
3458 876 3642 943 requie
3665 885 3720 930 et

2128 966 2363 1032 graviter
2423 964 2726 1019 infirmatus
2787 975 2949 1034 atque
3010 968 3244 1021 afflictus
3308 969 3374 1021 ab
3437 969 3616 1035 impiis
3663 981 3719 1023 et

2130 1065 2392 1123 tentatus,
2430 1059 2556 1125 quia
2589 1077 2694 1111 non
2729 1060 2889 1111 habui
2940 1062 3316 1114 authenticam
3379 1062 3714 1114 determina-

2131 1152 2352 1214 tionem,
2423 1152 2646 1205 discessi
2713 1140 2874 1204 etiam
2947 1156 3166 1217 exinde,
3222 1155 3450 1208 consilio
3521 1155 3720 1207 ductus

2130 1244 2364 1295 abeundi
2417 1243 2470 1296 in
2536 1253 2773 1297 montem
2828 1256 3103 1301 sanctum.
3181 1248 3463 1304 Profectus
3549 1250 3721 1318 igitur

2130 1334 2434 1401 Callipolim
2472 1343 2524 1389 et
2557 1338 2930 1404 pertransiens
2965 1355 3060 1407 per
3129 1339 3393 1393 Lemnum
3455 1343 3715 1399 detentus

2132 1440 2252 1479 sum
2291 1427 2361 1479 ibi
2412 1427 2732 1482 etinclnsus
2783 1430 2851 1481 ab
2905 1431 3252 1497 imperatore.
3325 1431 3426 1485 Sed
3493 1435 3716 1486 verbum

2132 1515 2224 1568 Dei
2256 1527 2306 1569 et
2337 1519 2582 1571 veritatis
2629 1519 2799 1572 virtus
2857 1536 2964 1571 non
3021 1534 3146 1573 sunt
3203 1523 3440 1591 alligata,
3494 1535 3721 1578 currunt.

2132 1607 2335 1675 potius,
2365 1624 2623 1677 prospere
2648 1612 2971 1676 procedunt,
2993 1623 3154 1680 atque
3181 1615 3358 1681 plures
3379 1631 3441 1668 ex
3458 1615 3719 1668 fratribus

2136 1714 2251 1752 meo
2275 1701 2467 1754 exsilio
2494 1700 2832 1755 confidentes
2883 1703 3306 1758 refutatiouibus
3368 1717 3721 1774 prosternunt

2133 1793 2431 1847 sceleratos
2479 1794 2600 1848 illos
2632 1805 2684 1848 et
2718 1807 2876 1848 rectae
2915 1796 3033 1846 fidei
3060 1797 3716 1865 paternarumquelegum

2131 1892 2581 1951 transgressores,
2619 1895 2671 1939 et
2707 1887 3072 1954 undequaque
3137 1903 3232 1941 eos
3265 1899 3546 1940 removent
3576 1888 3721 1938 velut

2131 1975 2372 2042 abjectos
2419 1987 2472 2030 et
2499 1978 2767 2047 impuros,
2833 1996 2927 2033 nec
2958 1996 3060 2032 una
3087 1996 3208 2032 cum
3272 1981 3348 2032 eis
3405 1981 3716 2033 Sacrificare

2132 2067 2485 2132 sustinentes,
2510 2084 2682 2136 neque
2709 2086 2895 2124 eormn
2927 2086 3151 2137 prorsus
3197 2081 3252 2124 ut
3281 2071 3716 2126 Christianorum

2135 2161 2465 2214 mentionem
2533 2163 2733 2217 facere.
2777 2162 3065 2230 Comperio
3099 2173 3276 2216 autem
3325 2179 3350 2215 a
3396 2162 3717 2215 Latinorum

2132 2253 2358 2307 asseclis
2393 2254 2732 2307 Athenarum
2776 2255 3178 2322 metropolitam
3238 2255 3547 2307 ordinatum
3591 2271 3714 2310 esse

2131 2341 2388 2398 infamem
2471 2347 2764 2413 quamdam
2821 2356 3133 2400 creaturam
3207 2347 3716 2409 Monembasiensis,

2132 2451 2253 2504 qua:
2289 2437 2358 2490 ibi
2389 2452 2738 2492 commorans
2775 2454 2896 2492 eum
2936 2439 3144 2494 Latinis
3192 2441 3465 2495 sacrificat
3515 2440 3722 2509 absque

2134 2531 2456 2586 discrimine
2506 2543 2558 2586 et
2591 2533 2872 2601 illegaliter
2903 2535 3118 2587 ordinat
3153 2544 3284 2602 quot
3315 2544 3367 2588 et
3390 2535 3721 2602 qualescun-

2134 2641 2240 2695 que
2281 2626 2573 2679 invenerit.
2607 2626 2761 2694 llogo
2797 2627 2980 2694 itaque
3015 2628 3364 2681 sanctitatem
3425 2637 3596 2692 tuam,
3662 2640 3722 2681 ut

2142 2720 2318 2772 zelum
2354 2735 2448 2787 pro
2480 2720 2589 2773 Deo
2621 2735 2909 2774 resumens
2935 2730 3192 2790 tanquam
3221 2723 3304 2776 vir
3336 2722 3426 2777 Dei
3457 2734 3510 2778 et
3528 2724 3723 2777 verita-

2130 2811 2202 2865 tis
2252 2815 2462 2866 amicus
2494 2822 2552 2867 et
2597 2814 2769 2866 sancti
2808 2812 2999 2868 lsidnri
3070 2831 3363 2884 germanus
3420 2817 3724 2890 discipulus

2132 2906 2439 2961 exhorteris
2495 2905 2588 2960 Dei
2681 2907 3012 2970 sacerdotes,
3093 2916 3151 2963 ut
3199 2906 3410 2979 fugiant
3462 2909 3720 2964 omnibus

2136 2999 2314 3052 modis
2357 2999 2529 3066 ipsius
2563 2997 3030 3062 communionem,
3086 3013 3262 3067 neque
3292 3014 3415 3052 cum
3446 3013 3512 3053 eo
3563 3011 3720 3053 sacra

2134 3092 2427 3152 celebrent,
2470 3105 2647 3159 neque
2695 3104 2921 3158 prorsus
2975 3090 3096 3159 ejus
3137 3090 3717 3144 commemorationem

2134 3184 2358 3248 faciant,
2387 3200 2564 3252 neque
2593 3200 2869 3237 summum
2911 3187 3250 3239 sacerdotem
3290 3200 3414 3238 eum
3455 3185 3713 3246 habeant,

2134 3292 2321 3330 verum
2356 3276 2542 3344 lupum
2615 3287 2669 3331 et
2715 3279 3110 3332 mercenarium
3148 3295 3162 3344 ;
3197 3294 3371 3348 neque
3404 3280 3622 3333 demum
3667 3280 3720 3332 in

2136 3368 2344 3423 Latinis
2383 3370 2629 3424 ecclesiis
2659 3369 2965 3434 celebrent,
3010 3388 3073 3423 ne
3130 3372 3309 3425 veniat
3346 3372 3506 3426 etiam
3559 3384 3723 3440 super

2136 3478 2229 3514 vos
2270 3464 2348 3514 ira
2394 3461 2510 3524 Dei,
2572 3478 2692 3530 quae
2736 3477 2900 3530 super
2949 3463 3486 3531 Constantinopolim
3570 3465 3722 3517 venit

2137 3566 2354 3624 propter
2385 3569 2497 3618 eas,
2533 3569 2651 3620 qua:
2711 3555 2781 3606 ibi
2819 3556 2973 3619 fiunt,
3012 3556 3486 3622 prmvarieationes
3566 3556 3721 3612 Scito

2137 3657 2338 3708 autem,
2363 3648 2679 3701 ementitum
2712 3649 2856 3700 illam
2889 3649 3170 3711 unionem,
3205 3650 3256 3702 in
3287 3660 3548 3717 quantum
3581 3666 3719 3703 non-

2137 3739 2267 3791 dum
2302 3741 2568 3793 dissoluta
2599 3752 2701 3802 est,
2725 3740 2813 3794 Dei
2850 3741 3026 3810 gratia
3059 3757 3123 3795 ac
3157 3743 3360 3796 virtute
3386 3742 3716 3797 dissolutum

2142 3833 2323 3895 iri,et
2386 3842 2596 3886 tantum
2654 3835 2842 3886 abesse
2895 3841 2953 3887 ut
3001 3832 3321 3888 Latinorum
3373 3833 3569 3906 dogma
3628 3851 3723 3905 per

2140 3926 2329 3979 falsam
2379 3925 2648 3995 synodum
2694 3926 3076 3978 confirmatmn
3113 3926 3296 3990 fuerit,
3332 3929 3478 3994 quod
3504 3943 3721 3997 semper

2137 4019 2187 4072 in
2214 4020 2350 4072 votis
2383 4019 2673 4084 habebant,
2710 4027 2768 4072 ut
2803 4020 2974 4088 mag's
3007 4020 3185 4074 adhuc
3218 4035 3468 4074 eversum
3504 4035 3555 4075 et
3581 4022 3725 4076 refu-

2137 4121 2307 4164 tatum
2349 4111 2515 4164 fuerit
2552 4121 2604 4165 et
2645 4122 2702 4164 ut
2731 4112 3110 4181 blusphemum
3150 4123 3203 4166 et
3240 4114 3467 4181 impium
3524 4116 3725 4185 ubique

2139 4205 2480 4267 traducatur,
2505 4214 2559 4257 et
2587 4205 2678 4272 qui
2713 4204 2842 4257 illud
2866 4205 3286 4271 confirmarunt,
3347 4209 3384 4261 ii
3441 4224 3617 4276 neque
3661 4226 3725 4264 os

2141 4311 2238 4362 pro
2289 4311 2354 4349 eo
2415 4298 2626 4365 aperire
2675 4297 2929 4350 audeant.
2989 4297 3282 4367 Calogerus
3331 4301 3496 4370 igitur
3548 4302 3725 4370 ipsius

2140 4389 2298 4443 vestri
2351 4387 2699 4451 mercenarii,
2729 4397 2780 4441 et
2841 4404 2948 4442 non
2979 4391 3239 4457 pastoris,
3275 4391 3546 4459 insipiens
3609 4393 3722 4445 Μο-

2142 4479 2556 4543 nembasiensis,
2650 4480 2742 4547 qui
2814 4479 2882 4532 ab
2963 4481 3292 4546 imperatore
3365 4484 3729 4536 Przecursoris

2146 4571 2419 4624 abbatiam
2449 4574 2682 4640 accepit,
2719 4586 2895 4637 neque
2929 4574 3509 4626 commemorationem
3563 4575 3726 4627 asuis

2151 4662 2436 4715 monachis
2488 4663 2718 4724 obtinet,
2789 4676 2962 4728 neque
3027 4664 3328 4714 honoratur
3380 4679 3604 4730 prorsus
3670 4679 3726 4716 ut

2147 4754 2513 4817 Christianus,
2552 4755 2644 4807 sed
2673 4755 2872 4806 habent
2900 4769 3025 4806 eum
3058 4754 3233 4807 solum
3273 4772 3369 4821 pro
3404 4771 3583 4808 rerum
3623 4772 3650 4808 a
3678 4761 3719 4806 t-

2150 4846 2570 4909 ministratione,
2615 4858 2669 4898 ut
2728 4847 3015 4911 quemdam
3054 4845 3380 4908 consulem;
3414 4856 3576 4914 atque
3631 4847 3732 4899 im-

2140 4948 2353 5009 perator
2410 4939 2514 4991 hoc
2553 4947 2833 5005 comperto
2901 4953 2966 4990 ne
3017 4937 3242 4990 verbum
3295 4939 3512 5003 quidem
3578 4938 3727 4996 faeit.

2138 5035 2248 5087 imo
2319 5033 2518 5086 fatetur
2568 5041 2751 5100 aperte
2815 5033 3082 5100 pmnitere
3114 5046 3173 5083 se
3231 5046 3406 5083 rerum
3434 5029 3725 5094 factarum,

2140 5135 2194 5182 et
2222 5127 2277 5180 in
2307 5140 2423 5188 eos,
2461 5125 2553 5194 qui
2586 5124 2796 5178 assensi
2832 5133 2960 5176 sunt
2989 5132 3041 5175 et
3104 5123 3570 5191 subscripserunt,
3608 5125 3727 5176 eul-

2142 5236 2269 5291 pam
2316 5220 2598 5273 transfert.
2625 5218 2814 5286 Fugite
2844 5217 3008 5286 igitur
3036 5227 3223 5278 etvos,
3245 5215 3462 5281 fratres,
3489 5230 3733 5268 commn-

2147 5314 2362 5367 nionem
2400 5329 2522 5365 eum
2562 5312 2666 5371 his,
2713 5311 2914 5379 quibus
2943 5325 3004 5361 ea
3058 5308 3304 5376 neganda
3337 5318 3442 5372 est,
3470 5318 3524 5360 et
3583 5323 3732 5360 com-

2145 5409 2590 5462 memorationem
2660 5421 2893 5468 eorum,
2942 5405 3032 5468 qui
3104 5402 3566 5456 commemorandi
3626 5419 3729 5454 nnn

2151 5509 2305 5554 sunt.
2344 5501 2477 5551 Ecce
2511 5514 2610 5563 ego
2663 5497 2874 5550 Marcus
2901 5504 3153 5563 peccator
3185 5494 3309 5547 dico
3364 5494 3538 5556 vobis,
3579 5509 3730 5557 eum,

2150 5593 2239 5661 qui
2269 5589 2843 5645 commemorationem
2888 5590 3014 5641 facit
3062 5603 3211 5656 papa:
3244 5598 3518 5656 tamquam
3550 5586 3737 5638 ortho-

2147 5768 2272 5823 ρους
2307 5753 2463 5817 quasi
2500 5750 2696 5812 καλοὺς
2720 5751 3009 5817 γέροντας,
3037 5750 3208 5802 bonos
3234 5762 3416 5823 senes,
3441 5753 3735 5823 senttttttup

2146 5816 2362 5886 'vocant,
2398 5833 2457 5873 ut
2499 5823 2702 5876 virtute
2753 5816 3239 5877 consenescentes.
3287 5819 3455 5871 Guar.
3507 5816 3733 5870 Euchol.

2143 5893 2236 5949 Gr.
2281 5911 2334 5962 ι».
2372 5892 2499 5949 495.

3294 5986 3372 6048 35
