4484 6462
463 439 596 505 1101

1501 441 1598 502 DE
1633 436 2175 501 ADDITAMEN'l'O
2216 440 2289 497 IN
2333 432 2698 497 SYMBOLO.

3600 426 3730 495 1102

462 556 555 611 δου
591 554 859 627 σύμϐολον
891 556 1126 620 πίστεως
1166 556 1477 628 προηνέχθη
1506 559 1657 627 παρὰ
1680 556 1788 609 τῶν
1818 555 1885 607 τὰ
1937 554 2039 606 Νε-
2070 553 2119 609 Α
2150 570 2233 624 syr

1958 554 2039 605 σε·
2070 553 2119 609 Δ
2150 554 2356 624 synodo
2416 552 2721 621 symbolum
2785 547 2905 601 lidei
2948 546 3219 614 prolatum
3262 553 3343 599 est
3398 558 3429 598 a
3491 544 3729 599 Nestorii

467 650 680 717 στορῐου
712 647 1059 717 φρονούντων
1096 646 1470 717 ἐκδιδόμενον,
1501 648 1620 717 ἕχον
1649 646 1747 715 τὴν
1776 646 1873 711 τῆς
1898 643 2047 709 αἰρέ-

469 758 606 803 σεως
661 740 839 806 δόξαν,
888 742 955 793 δι’
1015 735 1077 794 οὗ
1133 742 1225 794 καὶ
1290 740 1574 809 βαπτίζειν
1598 739 1842 803 ἐτόλμων
1881 740 1936 789 ὲν
1975 738 2043 804 τῇ

469 833 637 903 Λυδίᾳ
670 833 854 895 τινάς·
884 836 1039 886 τοῦτο
1070 837 1116 887 oi
1160 835 1406 903 Πατέρες
1440 832 1851 898 ἀνεγνωσμένον
1883 822 2047 883 ἁκού-

473 942 662 988 σαντες
690 927 776 978 καὶ
817 926 916 979 οὐκ
950 927 1173 979 ἀνεκτὸν
1228 929 1306 979 ἔτι
1345 928 1633 992 κρίναντες
1664 924 1767 977 ὑπὸ
1798 924 1893 975 τοῦ
1924 923 2045 991 βουο

468 1016 695 1082 λομένου
730 1016 1143 1085 μεταποιεῖσθαι
1169 1018 1227 1069 τὸ
1260 1017 1559 1084 σύμϐολον,
1597 1016 1720 1084 ὅρον
1744 1014 1901 1076 εὐθὺς
1922 1013 2048 1081 ἐξὴ-

480 1124 690 1172 δεγκαν,
720 1108 922 1176 μηκέτι
963 1108 1165 1176 μηδένα
1199 1109 1405 1179 τολμᾷν
1434 1108 1784 1161 ἁναλλάττειν
1812 1106 1912 1175 τὴν
1943 1105 2047 1157 ύπδ

470 1198 576 1249 τῶν
613 1200 870 1269 Πατέρων
899 1200 1211 1253 ὲκτεοεῐσαν
1233 1202 1417 1253 πίστιν
1442 1202 1558 1270 ἦτοι
1594 1201 1653 1252 τὸ
1676 1200 1773 1267 τῆς
1810 1194 2047 1260 πίστεως

474 1289 759 1357 σύμϐολον.
812 1292 975 1344 ’ὈΟεν
1022 1294 1118 1346 καὶ
1162 1293 1190 1344 ὁ
1230 1294 1496 1362 μακάριος
1547 1292 1816 1354 Κύριλλος
1875 1293 1932 1343 ἐν
1981 1292 2045 1359 τῇ

473 1386 605 1452 πρὸς
631 1386 720 1435 τὸν
767 1384 1095 1452 Ἀντιοχείας
1133 1386 1390 1451 Ἰωάννην
1415 1384 1671 1453 ἐπιστολῇ
1714 1384 1812 1453 τὴν
1836 1383 2046 1435 οἰκείαν

471 1474 624 1537 εἰδὼς
650 1474 927 1542 ἀπόφασιν
953 1477 1135 1541 (αὐτὸς
1166 1477 1276 1542 γὰρ
1302 1472 1369 1545 ἦν
1392 1479 1417 1529 ὁ
1440 1477 1538 1546 τῆς
1574 1477 1817 1545 μεγάλης
1840 1477 2051 1543 ἐκείνης

474 1567 692 1618 συνόδου
722 1567 1029 1636 πρόεδρος),
1063 1568 1201 1618 Κατ’
1231 1564 1474 1627 οὐδένα,
1520 1566 1654 1633 φησι
1696 1564 1793 1631 (1),
1830 1565 2054 1631 τρόπον

473 1659 846 1711 σαλεύεσθαι
897 1657 1232 1723 ἀνεχόμεθα
1260 1658 1375 1723 τὴν
1419 1655 1770 1709 ἐκτεθεῒσαν
1792 1655 1911 1709 ὑπὸ
1934 1653 2053 1707 τῶν

474 1746 747 1813 Πατέρων
773 1746 942 1814 ἡμῶν
973 1747 1181 1798 πίστιν
1206 1745 1337 1812 ἤτοι
1367 1746 1431 1797 τὸ
1473 1744 1583 1811 τῆς
1615 1745 1874 1809 πίστεως
1903 1745 2056 1811 σύμ-

474 1841 657 1892 ϐολον
680 1857 693 1871 ο
728 1839 864 1892 οὔτε
897 1838 1023 1906 μὴν
1062 1837 1472 1905 ἐπιτρέπομεν
1502 1836 1738 1901 ἑαυτοῖς
1768 1837 1805 1904 ἢ
1831 1833 2054 1901 ἑτέροις

474 1928 511 1996 ἢ
537 1928 711 1991 λέξιν
756 1928 1003 1997 ἀμεῖψαι
1045 1928 1162 1981 τῶν
1192 1927 1550 1995 ἐγκειμένων
1579 1926 1799 1989 ἐκεῖσε,
1842 1925 1879 1993 ἣ
1909 1924 2059 1993 μίαν

476 2022 624 2090 γοῦν
654 2023 992 2087 παραϐῆναι
1039 2021 1387 2087 συλλαϐὴν,
1431 2018 1802 2087 μεμνημένοι
1829 2017 1935 2071 τοῦ
1961 2015 2056 2069 .Ιέ-

476 2130 724 2182 Tortor"
762 2114 858 2181 Μὴ
908 2114 1150 2182 pera/ps
1191 2114 1321 2180 ὅρια
1375 2112 1600 2177 αἰώνια,
1653 2109 1692 2163 d
1750 2110 1959 2163 ἔθεντο
2006 2111 2059 2161 οι

479 2205 733 2271 πατέρες
763 2220 879 2257 σου
900 2221 913 2236 ο
951 2207 1023 2257 οὺ
1054 2205 1162 2271 γάρ
1212 2200 1375 2271 ἦσαν
1405 2201 1575 2255 αὐτοὶ
1606 2204 1658 2253 οἱ
1692 2200 2056 2263 λαλοῦντες,

479 2297 635 2351 ἀλλὰ
666 2298 731 2349 τό
763 2296 1004 2365 Πνεῦμα
1035 2297 1141 2349 τοῦ
1172 2296 1399 2363 Πατρός
1452 2294 1483 2347 ὃ
1512 2294 1893 2362 ἐκπορεύεται
1943 2292 2060 2359 μὲν

478 2387 545 2450 ἐξ
580 2388 787 2452 αὑτοῦ,
818 2389 949 2441 ἐστι
979 2387 1046 2440 δὲ
1080 2390 1189 2440 οὐκ
1222 2388 1544 2453 ἀλλότριον
1592 2387 1696 2439 τοῦ
1751 2384 1884 2438 Υἱοῦ
1911 2382 2062 2437 κατὰ

479 2478 586 2531 τὸν
616 2476 726 2544 τῆς
757 2479 973 2543 οὐσίας
1024 2477 1232 2545 λόγον.
1294 2476 1541 2537 Ἀκούεις
1601 2476 1676 2537 ὡς
1718 2475 1777 2527 ού
1808 2475 1906 2543 τὴν
1944 2475 2061 2527 διά-

478 2587 631 2622 νοιαν
656 2570 840 2638 μόνον,
872 2570 1005 2621 ἀλλὰ
1037 2570 1130 2621 καὶ
1160 2567 1301 2638 (τὴν)
1336 2566 1483 2631 λέξιν
1508 2567 1604 2619 καὶ
1644 2565 1923 2634 συλλαδὴν
1950 2582 2061 2615 κω-

480 2660 595 2711 λύει
624 2662 935 2730 μεταποιεῖν
964 2676 1022 2712 τε
1064 2661 1158 2712 καὶ
1182 2659 1564 2729 παραϐαίνειν.
1596 2662 1717 2711 Οὐκ
1748 2657 2060 2724 ἐπιτρέπο-

480 2769 609 2821 μεν,
650 2756 843 2821 φησὶν,
887 2752 1125 2819 ἑαυτοῖς
1160 2753 1199 2821 ἣ
1236 2753 1481 2821 ἑτέροις,
1533 2754 1609 2816 ὡς
1659 2755 1722 2805 ἐκ
1764 2753 2058 2821 προσώπου

484 2850 581 2913 τῆς
610 2847 829 2899 συνόδου
883 2847 1097 2914 πάσης·
1154 2847 1329 2899 καίτοι
1358 2863 1420 2913 γε
1458 2845 1812 2914 οἱκουμενικὴ
1842 2845 2061 2908 σύνοδος

482 2932 621 3007 ἦσαν
651 2952 665 2967 ο
700 2936 992 2988 ἀλλάύτοὶ
1039 2936 1132 2987 τὸν
1170 2934 1294 3004 ὅρον
1322 2933 1507 2985 ἔθεντο
1534 2934 1971 3001 τῆςζκωλύσεως.

559 3029 716 3083 ΛΛΤ.
766 3027 898 3082 υῦκ.
968 3027 1107 3080 Ἀλλ’
1170 3026 1401 3093 ἑτέραν,
1462 3025 1619 3094 φησὶ,
1676 3025 1906 3087 πίστιν,
1964 3026 2063 3094 τὴν

486 3121 757 3182 ἔναντίαν,
782 3120 882 3190 τὴν
905 3118 1165 3187 ἀλλότρια
1189 3116 1628 3186 τῆςῈκκλησέας
1651 3116 1893 3185 δόγματα
1915 3116 2065 3186 έχου-

2148 648 2373 702 asseclis
2406 646 2633 707 editum,
2678 641 2822 711 quod
2855 642 3160 694 hazreticam
3190 637 3516 694 sententiam
3546 637 3725 691 cooti-

2149 738 2311 790 nebat
2340 746 2393 790 et
2458 750 2555 803 per
2604 733 2749 801 quod
2806 732 2966 785 etiam
3026 731 3301 795 baptizare
3337 728 3603 797 quosdam
3676 727 3729 779 in

2153 828 2318 897 Lydia
2353 826 2623 880 audebant
2668 824 2768 893 (al.
2807 825 2920 876 Hoc
2951 820 3141 875 Patres
3194 821 3505 889 praelectum
3564 835 3731 886 quum

2156 920 2497 974 audivissent
2536 926 2589 987 et
2623 918 2851 971 minime
2910 917 3256 969 tolerandum
3293 915 3341 968 id
3390 914 3735 980 iudicassent

2155 1012 2222 1064 ab
2253 1026 2319 1064 eo
2354 1010 2446 1078 qui
2503 1009 2808 1075 symbolum
2845 1008 3136 1059 immutare
3173 1006 3351 1070 vcllet,
3381 1006 3559 1059 statim
3593 1004 3735 1058 deli-

2154 1104 2416 1155 nitionem
2478 1100 2845 1169 protulerunt.
2901 1113 2970 1151 ne
3032 1098 3268 1165 amplius
3323 1098 3446 1165 quis
3504 1096 3735 1150 auderet

2157 1194 2447 1245 immutare
2492 1191 2647 1244 tidem
2707 1205 2735 1242 a
2805 1188 3059 1243 Palribus
3110 1187 3411 1256 expositam
3476 1187 3556 1241 vel
3610 1186 3732 1241 lidei

2154 1285 2483 1355 symbolum.
2519 1281 2700 1347 Quare
2735 1290 2788 1335 et
2823 1282 3014 1334 beatus
3057 1280 3293 1349 Cyrillus
3325 1280 3378 1332 in
3410 1282 3639 1346 epistola
3665 1281 3729 1333 ad

2152 1374 2415 1429 Joannem
2448 1373 2852 1428 Autiochenum
2905 1372 3070 1439 probe
3122 1372 3304 1426 sciens
3355 1388 3509 1424 suam
3560 1372 3732 1439 ipsius

2155 1466 2574 1536 praeceptionem
2626 1466 2762 1533 (ipse
2788 1466 2929 1517 enim
2962 1475 3077 1518 erat
3105 1480 3311 1533 magme
3346 1465 3493 1517 illius
3539 1464 3733 1533 synodi

2156 1565 2393 1631 praeses),
2432 1561 2597 1615 Nullo
2624 1560 2794 1622 modo,
2831 1562 3029 1628 inquit,
3070 1563 3287 1613 sinimus
3316 1562 3520 1613 concuti
3574 1560 3735 1627 ﬁdem

2156 1672 2188 1706 a
2224 1653 2472 1706 Patribus
2516 1655 2708 1705 nostris
2740 1653 3030 1718 expositam
3056 1653 3161 1704 sive
3222 1652 3345 1719 ﬁdei
3397 1652 3684 1720 symbolum
3718 1667 3737 1711 ;

2158 1763 2320 1809 neque
2349 1748 2486 1800 enim
2520 1756 2610 1799 aut
2643 1747 2789 1799 nobis
2822 1757 2913 1797 aut
2944 1746 3039 1798 ulli
3065 1747 3276 1797 omnino
3332 1745 3489 1797 alteri
3522 1748 3737 1814 permit-

2161 1842 2337 1901 timus,
2363 1838 2441 1892 vel
2474 1855 2636 1891 unam
2690 1838 2920 1891 vocalem
2964 1839 3247 1889 immutare
3281 1838 3351 1890 ibi
3383 1840 3626 1901 positam,
3660 1839 3742 1889 vel

2161 1947 2324 1982 unam
2356 1932 2515 1982 etiam
2567 1928 2832 1997 syllabam
2869 1929 3161 1995 pra'tcrire,
3213 1944 3463 1980 memores
3499 1930 3610 1993 ejus
3648 1929 3741 1995 qui

2160 2021 2337 2074 dixit:
2364 2019 2447 2073 Ne
2477 2022 2769 2089 transferas
2822 2021 3072 2071 terminos
3106 2030 3327 2073 wternos
3393 2021 3694 2087 (antiquos)
3720 2061 3735 2081 .

2162 2128 2290 2181 quos
2350 2118 2639 2181 posuerunt
2697 2121 2874 2179 patres
2936 2112 3031 2163 tui.
3072 2110 3192 2163 Non
3250 2113 3388 2165 enim
3440 2113 3538 2177 ipsi
3588 2120 3741 2163 erant

2163 2207 2252 2274 qui
2278 2204 2651 2273 loquebantur,
2704 2206 2795 2256 sed
2849 2203 3072 2267 Spiritus
3113 2208 3311 2268 Putris,
3363 2207 3453 2272 qui
3510 2206 3741 2273 procedit

2162 2300 2370 2367 quidem
2403 2300 2619 2368 exipso,
2646 2314 2736 2350 nec
2766 2298 2824 2350 ob
2874 2299 2927 2349 id
2956 2307 3131 2349 tamen
3167 2299 3374 2351 alienus
3411 2310 3487 2353 est
3528 2319 3558 2353 a
3598 2299 3742 2353 Filio

2162 2388 2445 2442 secundum
2480 2388 2717 2442 essentia:
2749 2390 3025 2442 rationem.
3078 2390 3248 2442 Audis
3313 2392 3589 2459 quomodo
3635 2409 3740 2446 non

2165 2484 2491 2538 sententiam
2520 2486 2828 2547 dumtaxat,
2864 2482 2957 2536 sed
3006 2484 3169 2537 etiam
3198 2486 3361 2539 verba
3387 2495 3439 2539 et
3502 2486 3741 2554 syllabas

2165 2574 2456 2627 immutare
2501 2579 2556 2627 et
2608 2575 2914 2639 transgredi
2978 2581 3142 2627 vetat.
3189 2574 3311 2627 Non
3370 2577 3743 2643 permittimus.

2166 2665 2363 2733 inquit,
2396 2666 2542 2718 nobis
2571 2666 2649 2719 vel
2673 2667 2815 2729 aliis,
2850 2676 3107 2735 tanquam
3148 2682 3210 2720 cx
3247 2683 3475 2735 persona
3530 2669 3747 2722 univer-

2167 2773 2243 2812 sas
2283 2758 2495 2827 synodi.
2520 2757 2586 2810 Et
2614 2769 2792 2810 tamen
2816 2757 2868 2810 bi
2911 2762 3248 2813 (Bt‘llmelllt‘a
3287 2759 3525 2829 synodus
3565 2772 3741 2813 erant.

2173 2847 2367 2903 Verum
2404 2850 2507 2918 ipsi
2542 2849 2908 2904 delinitionem
2964 2852 3202 2905 tulerunt
3235 2852 3617 2921 prohibitionis
3644 2854 3740 2922 (b).

2237 3030 2392 3084 LAT.
2424 3029 2665 3083 Minime.
2700 3029 2803 3085 Sed
2852 3030 3030 3087 aliaat,
3058 3031 3232 3099 inquit
3255 3031 3432 3099 (conc.
3461 3030 3742 3091 Chalced.)

2170 3124 2348 3191 ﬁdem,
2406 3122 2653 3175 videlicet
2729 3124 3082 3186 contrariam,
3143 3123 3317 3177 aliena
3376 3124 3443 3176 ab
3501 3124 3746 3177 Ecclesia

489 3228 621 3265 σαν·
659 3212 781 3264 ἐπεὶ
821 3213 853 3281 ή
902 3208 1204 3273 ἀνάπτυξιν
1248 3209 1344 3260 καὶ
1408 3208 1713 3277 σαφήνειαν
1756 3208 1954 3276 ἔχουσα
1979 3207 2066 3259 πι-
2094 3210 2140 3270 C
2172 3216 2260 3286 ἀοι

1979 3207 2066 3259 πί-
2094 3210 2140 3270 C
2172 3216 2425 3286 dogmata
2464 3215 2777 3269 habentem.
2802 3217 2937 3268 Nam
2972 3216 3124 3280 lidcs,
3162 3231 3283 3283 qua:
3321 3217 3744 3284 explicationem

490 3321 607 3366 στις
652 3306 749 3355 οὐκ
786 3304 851 3355 ἂν
882 3303 968 3369 εἴη
1002 3303 1219 3361 πάντως
1248 3300 1412 3369 ἑτέρα
1440 3341 1452 3363 ,
1492 3299 1597 3351 κᾶν
1633 3300 1751 3368 μιᾷ,
1789 3298 1895 3351 κᾶν
1940 3298 2067 3350 πολε

487 3396 605 3458 λαῖς
627 3396 856 3465 διαφέρῃ
879 3393 1109 3457 λέξεσιν.

564 3488 666 3539 ΓΡ.
693 3484 965 3553 Θαυμάζω
1018 3484 1133 3546 πῶς
1184 3484 1283 3536 οὐκ
1330 3483 1437 3537 ἀπὸ
1477 3482 1586 3535 τῶν
1615 3482 1815 3547 λέξεων
1841 3481 2069 3551 δοκιμά-

491 3578 606 3643 ζεις
635 3578 734 3647 τὴν
784 3578 1021 3629 διάνοιαν
1065 3577 1173 3626 τῶν
1214 3575 1501 3636 εἰπόντων,
1553 3574 1688 3626 ἀλλὰ
1737 3574 1937 3640 μᾶλλον
1967 3572 2066 3635 τὰς

490 3672 660 3736 λέξεις
684 3670 861 3732 ἕλκεις
907 3669 1043 3737 πρὸς
1083 3668 1145 3719 τὸ
1179 3666 1377 3718 σαυτοῦ
1417 3666 1685 3735 βούλημα.
1723 3666 1796 3717 Τὸ
1842 3666 1951 3734 γάρ
2006 3663 2069 3715 τὸ

491 3766 678 3835 ἕτερον
709 3762 914 3816 οἴεσθαι
945 3760 1006 3813 τὸ
1037 3759 1276 3813 ἐναντιον
1302 3758 1497 3829 δηλοῦν
1543 3757 1735 3827 ἀνδρός
1763 3759 1910 3809 ἐστιν
1937 3756 2069 3809 ἀσό-

494 3875 595 3926 φου
622 3856 740 3909 οὐδὲ
800 3856 1000 3916 εἰδότος
1053 3851 1390 3921 ἐφαρμόζειν
1442 3852 1508 3920 τῇ
1565 3850 1673 3903 τῶν
1726 3850 2070 3919 πραγμάτων

495 3950 655 4019 φύσει
678 3948 774 4018 τὴν
800 3947 1013 4015 ἑκάστῳ
1044 3943 1382 4013 κατάλληλον
1406 3943 1573 4007 λέξιν.
1616 3944 1742 3995 Ἐπὶ
1770 3942 1930 3994 πλέον
1963 3942 2071 4009 γὰρ

496 4047 663 4115 δήπου
694 4042 783 4095 τοῦ
814 4040 1060 4095 ἐναντίου
1090 4039 1153 4092 τὸ
1175 4038 1364 4109 ἕτερον
1393 4039 1487 4090 καὶ
1533 4038 1593 4090 ού
1651 4038 1759 4089 πᾶν
1799 4035 1859 4087 τὸ
1885 4036 2072 4102 ἕτερόν

494 4154 639 4198 τινος
676 4137 776 4207 ἤδη
810 4136 901 4187 καὶ
934 4132 1175 4185 ἐναντίον
1194 4147 1207 4161 ⁸
1233 4130 1518 4196 ἄνθρωπος
1556 4129 1664 4199 γὰρ
1694 4128 1861 4179 ἵππου
1887 4127 2073 4194 ἕτερον

500 4227 597 4295 μὲν
624 4226 703 4293 τῷ
753 4224 906 4288 εἴδει,
936 4222 1179 4274 ἐναντίον
1212 4220 1266 4271 δὲ
1295 4218 1546 4286 οὐδαμῶς
1570 4232 1583 4246 ’
1633 4220 1699 4286 τῇ
1755 4217 1862 4283 γὰρ
1914 4216 2074 4282 οὐσίᾳ

498 4316 652 4369 οὐδὲν
683 4314 945 4367 ἐναντίον.
981 4311 1095 4366 Οὐκ
1126 4310 1191 4363 ἂν
1216 4307 1308 4363 οὖν
1332 4310 1418 4363 διὰ
1445 4310 1543 4377 τῆς
1578 4308 1785 4375 ἐτέρας
1813 4308 2073 4370 πίστεως

456 4418 459 4419 ⁷
497 4408 594 4479 τὴν
650 4408 898 4459 ἐναντίαν
945 4406 1191 4475 ἐδήλουν,
1231 4405 1420 4473 ὥσπερ
1463 4403 1638 4466 οὐδεὶς
1672 4403 1760 4456 διὰ
1810 4402 1903 4456 τοῦ
1932 4401 2072 4466 ζώου

498 4500 647 4570 δηλοῖ
680 4499 767 4551 τὸν
801 4497 1110 4566 ἄνθρωπον.
1142 4537 1155 4551 .
1198 4535 1213 4550 .
1256 4534 1271 4550 .
1318 4538 1330 4551 .
1377 4534 1391 4548 .
1438 4537 1448 4548 .

570 4680 724 4735 ΛΑΤ.
767 4678 907 4745 Ἐγὼ
947 4678 1047 4746 μὲν
1078 4679 1288 4731 οὐδέπω
1321 4678 1485 4747 μέχρι
1522 4677 1615 4728 καὶ
1675 4675 1771 4728 νῦν
1805 4675 1977 4743 ἔφθην
2009 4674 2076 4727 τὰ

497 4772 721 4825 τοιαῦτα
753 4771 1082 4840 μεμαθηκώς
1106 4788 1119 4802 ο
1146 4770 1419 4837 θαυμάζω
1448 4769 1505 4820 δὲ
1534 4766 1628 4821 νῦν
1658 4769 1758 4837 ήδη
1797 4769 1922 4830 τοὺς
1978 4767 2077 4837 τὴν

503 4866 819 4935 προσῡήκην
865 4864 920 4927 ἐξ
966 4862 1142 4930 ἀρχῆς
1167 4862 1567 4930 τολμήσαντας,
1605 4861 1651 4910 εἰ
1684 4860 1953 4911 τοσούτων
1984 4859 2077 4909 δν-

499 4974 606 5009 των
660 4957 768 5008 τῶν
819 4955 1158 5023 κωλυμάτων
1207 4954 1304 5003 οὐκ
1363 4953 1669 5021 ᾐδέσθησαν
1701 4951 1849 5019 ὅμως
1903 4948 2075 5019 αὐτὴν

501 5048 735 5111 ἐξειπεῖν
768 5046 999 5107 καὶτοῖς
1030 5044 1148 5113 μετ’
1187 5042 1385 5101 αὐτοὺς
1412 5040 1776 5109 παραδοῦναι.

578 5206 653 5274 (l)
685 5206 885 5257 Confer
929 5204 1184 5274 eumdem
1240 5200 1559 5274 ιιι-τρίψιιά
1619 5199 1829 5257 Cantat.
1859 5216 1911 5252 c.
1950 5199 2071 5255 lOl.

505 5271 603 5331 Gr.
641 5271 789 5329 nrtb.
825 5286 864 5325 t.
896 5273 959 5332 ll,
999 5288 1049 5339 p.
1089 5272 1215 5335 452,
1249 5271 1401 5337 455.)

579 5346 654 5412 (a)
690 5343 823 5397 Vidc
846 5338 1009 5396 conc.
1032 5341 1286 5412 Ephrstni
1325 5357 1468 5412 sess.
1493 5338 1557 5412 V.
1588 5340 1749 5394 llard.
1779 5355 1936 5394 conc.
1965 5348 2003 5392 t.
2032 5340 2072 5403 Ι,

508 5434 558 5487 p.
596 5410 732 5487 151ςὶ
764 5430 879 5480 seq.
914 5412 1107 5470 Mansi,
1143 5422 1181 5487 t.
1212 5410 1299 5473 IV,
1331 5427 1393 5487 p._
1428 5411 1559 5462 1357
1596 5426 1712 5477 seq.

582 5488 654 5554 (ὁ)
684 5484 814 5549 Quae
842 5487 893 5535 in
914 5481 1269 5554 sequentibus
1295 5481 1590 5554 ad_dun!ur,_
1618 5489 1747 5533 sunt
1776 5497 1790 5554 ς
1823 5482 1875 5532 1ο
1899 5480 2077 5533 Theo-

510 5549 681 5609 doreti
716 5557 874 5605 verba
903 5553 969 5605 de
997 5552 1197 5605 litteris
1226 5567 1289 5603 ex
1322 5549 1551 5617 Egypto
1580 5550 1631 5600 in
1672 5550 2069 5605 Antiochenum

512 5624 940 5696 patriarchatnm
974 5622 1186 5696 missis,
1220 5636 1345 5696 qua:
1379 5623 1497 5696 vide
1530 5636 1691 5696 supra
1722 5624 1908 5696 _apud_
1944 5621 2079 5696 Grc-

510 5687 720 5764 'gorium
780 5693 1452 5764 constantiuopolitanum_
1489 5687 1732 5764 lliMill'Ci
1775 5691 2075 5745 confessio-

510 5760 631 5819 nem
656 5779 773 5829 cap.
815 5762 896 5827 V;
934 5762 990 5812 2ο
1019 5760 1185 5814 Conc.
1216 5760 1797 5829 Cbalced.Decretum
1838 5776 1977 5815 sess.
2011 5762 2075 5817 V.

514 5833 700 5903 (Hard.
725 5828 793 5893 ill,
820 5849 871 5897 p.
896 5831 1226 5903 455.'M_ansi
1266 5829 1377 5903 νη,
1419 5828 1623 5903 ll8.—A
1646 5830 1791 5881 l'atr.
1824 5830 1915 5883 Gr.
1945 5842 2076 5887 tom.

513 5900 620 5971 Cll,
646 5920 701 5975 p.
739 5904 868 5973 σοι,
900 5903 1050 5972 565.)
1077 5900 1204 5957 Haec
1233 5903 1335 5955 hoc
1370 5902 1487 5955 loco
1519 5901 1718 5955 omissa
1756 5913 1904 5956 sunt.

2171 3318 2225 3363 et
2259 3307 2708 3361 dilucidationem
2751 3307 3018 3371 continet,
3052 3321 3160 3359 non
3193 3308 3297 3361 erit
3357 3322 3579 3375 prorsus
3619 3322 3749 3362 con-

2171 3401 2362 3463 traria,
2397 3401 2511 3453 sive
2553 3413 2683 3460 uno,
2710 3398 2826 3453 sive
2858 3399 3045 3452 multis
3087 3401 3267 3452 verbis
3295 3399 3531 3453 dilIerat.

2242 3488 2356 3543 GR.
2396 3489 2559 3542 Miror
2592 3488 2869 3557 quomodo
2924 3503 3029 3542 non
3066 3503 3131 3541 ex
3176 3488 3353 3541 verbis
3404 3504 3597 3543 eruere
3638 3499 3752 3542 ten-

2174 3591 2257 3636 tas
2283 3596 2505 3636 sensum
2537 3580 2898 3647 loquentium,
2931 3579 3024 3632 sed
3049 3580 3227 3648 potius
3273 3580 3432 3633 verba
3477 3580 3647 3634 trahis
3684 3582 3751 3633 ad

2174 3684 2327 3728 tuum
2360 3672 2637 3741 proprium
2681 3671 3100 3738 beneplacitum.
3134 3671 3266 3725 Nam
3294 3672 3545 3725 arbitrari
3602 3672 3753 3725 aliud

2176 3766 2484 3835 signiﬁcare
2519 3764 2570 3818 id
2597 3764 2737 3832 quod
2769 3764 3249 3825 contrarium,viri
3284 3765 3507 3818 minime
3534 3766 3752 3834 sapien-

2180 3859 2248 3912 tis
2279 3866 2383 3921 est,
2419 3866 2472 3911 ct
2520 3856 2638 3925 ejus
2664 3855 2756 3924 qui
2792 3856 3106 3924 neutiquam
3134 3856 3347 3909 noverit
3379 3870 3557 3909 rerum
3588 3866 3753 3909 natu-

2176 3969 2249 4007 ra:
2284 3953 2507 4005 verbum
2560 3950 2782 4004 cuilibet
2838 3966 3141 4020 congruum
3204 3950 3484 4019 adaptare.
3566 3950 3753 4005 Latius

2176 4045 2323 4099 enim
2357 4052 2504 4113 patet
2538 4044 2685 4096 aliud
2722 4058 2818 4097 seu
2846 4042 3149 4106 diversum,
3184 4057 3346 4111 quam
3392 4045 3753 4100 contrarium.

2175 4144 2229 4187 et
2261 4146 2365 4185 non
2415 4146 2577 4185 omne
2628 4132 2771 4201 quod
2816 4146 2844 4184 a
2878 4132 3132 4200 quopiam
3172 4131 3446 4185 diversum
3473 4143 3579 4199 est,
3641 4133 3753 4202 jam

2176 4224 2224 4277 ei
2255 4233 2339 4277 cst
2386 4222 2746 4275 contrarium.
2807 4221 2998 4285 Ilomo,
3034 4222 3183 4285 verbi
3240 4224 3435 4289 gratia,
3474 4223 3615 4275 aliud
3673 4233 3757 4275 cst

2177 4316 2359 4382 specie
2412 4314 2480 4368 ab
2544 4327 2705 4381 equo,
2766 4313 3103 4367 contrarium
3161 4326 3290 4365 vero
3351 4313 3501 4365 nullo
3568 4312 3749 4365 modo.

2180 4407 2510 4463 Substantia:
2554 4407 2699 4460 enim
2765 4406 2898 4458 nihil
2939 4415 3023 4460 est
3086 4407 3439 4459 Contrarium.
3472 4403 3587 4457 Non
3626 4421 3756 4472 ergo

2100 4535 2154 4595 Ι)
2182 4515 2275 4569 per
2317 4501 2479 4553 aliam
2542 4498 2697 4566 ﬁdem
2754 4498 3131 4567 signiticarunt
3166 4498 3352 4552 Patres
3404 4499 3757 4561 contrariam,

2181 4593 2323 4648 sicut
2359 4607 2518 4646 nemo
2542 4606 2635 4659 per
2658 4590 2857 4642 animal
2888 4590 3159 4659 signiﬁcat
3216 4591 3486 4642 hominem
3532 4589 3623 4655 (c).

2252 4684 2408 4739 LAT.
2442 4684 2552 4753 Ego
2570 4684 2788 4751 quidem
2828 4683 3111 4751 hucusque
3138 4682 3261 4735 talia
3298 4683 3536 4735 nondum
3569 4681 3757 4745 didici;

2181 4777 2351 4831 miror
2381 4786 2560 4831 autem
2596 4776 2707 4843 jam
2742 4789 2859 4837 eos,
2890 4774 2981 4843 qui
3030 4772 3282 4840 primitus
3320 4773 3457 4826 hanc
3516 4773 3755 4825 additio-

2186 4883 2307 4922 nem
2347 4868 2524 4921 facere
2564 4866 2681 4919 ausi
2734 4876 2881 4930 sunt,
2922 4865 3062 4933 quod
3116 4880 3241 4918 cum
3270 4874 3350 4917 tot
3402 4878 3583 4919 essent
3638 4884 3761 4934 pro-

2185 4959 2499 5023 hibitiones,
2539 4967 2717 5010 tamen
2750 4973 2855 5009 non
2887 4966 3013 5011 sunt
3040 4956 3195 5011 veriti
3230 4972 3345 5011 eam
3404 4958 3582 5026 eloqui
3611 4978 3759 5013 eam-

2182 5065 2287 5120 que
2323 5050 2554 5119 posteris
2592 5047 2963 5102 transmittere
2992 5048 3084 5111 (c).

2256 5204 2616 5274 (c)Provocat
2681 5204 2920 5257 breviter
2975 5202 3039 5256 ad
3101 5204 3394 5257 concilium
3468 5204 3759 5274 septimum

2183 5272 2316 5333 act.
2359 5274 2445 5335 Vl,
2498 5290 2549 5330 a.
2585 5274 2708 5334 880.
2765 5285 2816 5326 et
2876 5277 2940 5327 ad
2998 5288 3238 5340 spumam
3291 5274 3515 5327 Joannis
3550 5272 3659 5325 Vill
3697 5276 3761 5327 .ul

2182 5347 2429 5403 eumdem
2464 5347 2717 5400 Photiutn
2747 5345 3054 5409 epistolam.
3092 5346 3273 5409 ibique
3322 5359 3545 5412 prorsus
3575 5345 3761 5397 iisdem

2184 5417 2352 5471 utitur
2376 5416 2571 5478 verbis,
2607 5430 2727 5477 qua:
2756 5414 2807 5465 in
2837 5417 2953 5478 ejus
3010 5414 3367 5468 Confessioue
3402 5427 3561 5480 Supra
3594 5415 3761 5480 edita,

2182 5503 2304 5555 cap.
2334 5486 2447 5538 XVI
2484 5496 2536 5537 et
2576 5483 2734 5541 XVII.
2768 5486 3037 5551 leguntur.

2257 5554 2332 5627 (ιι)
2362 5556 2625 5627 Nimirum
2660 5556 2880 5607 Latinus
2916 5557 3087 5627 victas
3116 5554 3207 5607 dat
3237 5570 3451 5614 manus.
3494 5563 3551 5606 ut
3586 5554 3760 5620 Epho-

2184 5625 2513 5694 sin'plncuit.
2570 5625 2670 5678 l'las
2731 5636 2909 5677 tamn
2969 5626 3282 5677 Grutroruln
3334 5638 3583 5676 rationes
3630 5626 3764 5678 satis

2183 5698 2425 5751 inﬁrmas
2456 5708 2508 5749 et
2545 5695 2653 5763 jam
2702 5694 2961 5748 Ferrarize
3001 5696 3315 5761 plerumque
3357 5694 3617 5747 rcfutatas
3660 5694 3767 5745 La-

2185 5770 2281 5821 tini
2346 5768 2547 5819 dudum
2622 5776 2932 5833 perspectas
2994 5766 3295 5819 habuerunt
3367 5766 3541 5832 iisque
3618 5769 3767 5817 nullo

2187 5852 2413 5908 prorsus
2444 5837 2657 5905 negotio
2694 5845 3071 5891 occurrerunt.
