4388 6460
396 379 533 445 1109

1456 384 1552 444 DE
1595 384 2332 448 PR/EDESTINATIONE
2389 386 2533 448 LIB.
2566 386 2612 446 Ι.

3513 385 3646 449 1110

397 493 496 560 μὲν
511 491 690 545 τοίνυν
722 493 828 546 τῶν
860 494 1079 566 ἀτόμων
1113 497 1478 568 προμηθεῖται
1533 501 1776 566 ἐκείνων,
1823 502 1968 569 ἀπερ
2005 505 2039 559 Α
2071 502 2284 569 σώματι
2305 501 2593 571 ἀνθρώπου
2615 501 2739 555 νέαν
2761 501 2935 566 κτίζει
2967 499 3163 572 ψυχὴν,
3210 497 3298 552 ἵνα
3337 498 3470 567 μήτε
3518 496 3648 559 ἔξω·

397 584 618 650 ἀμέσως
650 587 728 648 εἰς
757 586 922 640 αὑτὸν
955 589 1241 644 τάττονται
1280 594 1373 646 καὶ
1395 593 1618 662 ἀμέσως
1643 594 1807 648 αὑτοῦ
1835 611 1968 647 ποτε

397 675 649 729 δύνανται
678 679 990 744 ἀπολαύειν,
1024 678 1111 736 οἷα
1135 683 1198 752 δὴ
1231 685 1297 738 τά
1349 686 1446 749 τῆς
1501 687 1726 756 λογικῆς
1791 687 1970 756 ἄτομα

397 766 634 831 φύσεως.
665 769 773 821 Καὶ
805 771 892 824 διά
923 771 1082 825 τοῦτο
1106 762 1208 826 ποῦ
1247 775 1345 843 μὲν
1386 775 1493 828 τῶν
1523 776 1717 843 λογίων
1745 779 1861 831 ἐστὶ
1911 778 1972 830 τδ

396 857 565 926 χωρὶς
592 857 685 910 τοῦ
718 859 861 912 θείου
895 862 1197 932 θελήματος
1253 866 1387 934 μηδὲ
1419 869 1702 934 στρουθίον
1757 873 1822 936 τῇ
1871 887 1973 922 πα-

396 947 503 1012 γίδι
534 950 851 1018 ἐμπίπτειν,
882 955 985 1007 ποῦ
1015 955 1072 1006 δὲ
1103 956 1164 1008 τὸ
1196 959 1363 1026 μηδὲν
1393 959 1471 1027 τῷ
1515 959 1630 1028 Θεῷ
1685 965 1809 1031 περὶ
1863 962 1972 1014 τῶν

402 1039 538 1108 βοῶν
563 1041 770 1121 μέλειν,
805 1045 944 1097 πάνυ
976 1047 1330 1114 ἀληθεύοντος
1392 1051 1675 1122 ἐκατέρου.
1741 1053 1828 1116 Ὠς
1865 1059 1971 1124 γὰρ

400 1133 540 1184 κατά
573 1134 714 1186 θεῖον
739 1134 949 1204 θέλημα
1009 1140 1286 1207 στρουθίον
1342 1140 1645 1205 ἁλίσκεται,
1695 1141 1836 1196 οῦτω
1882 1144 1972 1196 καὶ

400 1220 520 1288 βόες
549 1223 844 1291 τρέφονταί
874 1243 931 1278 τε
964 1227 1054 1278 ὑπ’
1105 1229 1408 1300 ἀνθρώπων
1454 1231 1548 1285 καὶ
1584 1231 1823 1286 θύονται.
1875 1235 1972 1286 Ὃν

396 1313 452 1363 δὲ
480 1313 679 1382 τρόπον
705 1316 765 1368 ού
797 1316 1051 1388 μέλειτῷ
1077 1318 1197 1388 Θεῷ
1239 1322 1369 1390 περὶ
1415 1323 1519 1375 τῶν
1571 1322 1730 1392 βοῶν,
1785 1325 1972 1378 τοῦτον

398 1403 519 1456 οὐδὲ
553 1405 660 1457 τῶν
691 1409 987 1477 στρουθίων
1027 1411 1175 1480 αὐτῷ
1206 1413 1381 1481 μέλει.
1445 1416 1612 1468 Μέλει
1664 1417 1772 1484 γάρ
1822 1417 1971 1485 αὐτῷ

400 1497 524 1565 περὶ
562 1497 744 1552 αὐτῶν
773 1499 910 1552 ὥστε
943 1502 1283 1556 ἀπολαύοντα
1309 1503 1402 1557 τοῦ
1437 1503 1596 1566 εἶναι.
1628 1508 1706 1568 είς
1733 1507 1856 1559 ὅσον
1879 1507 1973 1559 αὑ-

399 1587 508 1647 τοῖς
541 1587 825 1656 ἁρμόττει,
846 1595 941 1644 καὶ
998 1592 1074 1655 ὡς
1107 1595 1256 1663 αύτῷ
1314 1597 1478 1666 ἤρεσε
1534 1597 1824 1667 κηρύττειν
1880 1599 1972 1652 καὶ

400 1678 637 1742 σιγῶντα
669 1679 763 1732 τὸν
794 1684 1046 1753 ποιητὴν,
1073 1688 1181 1747 τοῖς
1213 1686 1370 1755 λόγου
1405 1690 1717 1760 περιουσίᾳ,
1761 1693 1855 1745 καὶ
1917 1691 1975 1754 ἐξ

399 1766 576 1818 αὐτῶν
600 1768 916 1838 δυναμένοις
940 1773 1270 1844 φιλοσοφεῖν,
1308 1780 1398 1830 καὶ
1431 1781 1510 1841 είς
1562 1778 1742 1849 ἔρωτά
1774 1799 1832 1834 τε
1881 1784 1974 1836 καὶ

399 1858 582 1926 θαῦμα
613 1861 712 1928 τῆς
745 1865 1019 1932 πανσόφου
1043 1866 1324 1937 δυνάμεώς
1383 1887 1440 1922 τε
1499 1872 1596 1924 καὶ
1645 1872 1976 1940 ἀγαθότητος
2010 1873 2050 1927 Β

401 1951 767 2018 προκόπτουσι
791 1955 1068 2008 τελεῖσθαι
1103 1974 1117 1988 ο
1167 1961 1260 2011 καὶ
1290 1960 1431 2013 ὥστε
1471 1962 1545 2030 μὴ
1581 1961 1976 2032 εἴργεσθαιτὴν

403 2039 578 2108 ίδικὴν
636 2043 761 2111 περὶ
821 2049 917 2115 τῆς
969 2047 1316 2120 ἀνθρωπίνης
1380 2051 1527 2122 ζωῆς
1587 2054 1872 2120 πρόνοιαν,
1917 2051 1978 2110 οὗ

396 2132 557 2200 χάριν
578 2133 646 2187 τά
671 2136 896 2191 πλεῖστα
920 2139 1036 2194 ἔστι
1069 2143 1158 2194 καὶ
1200 2144 1428 2209 γίνεται,
1479 2149 1574 2199 καὶ
1625 2140 1685 2199 οῦ
1719 2150 1784 2216 τῇ
1817 2148 1976 2217 χρεία

394 2223 670 2280 δουλεύειν
721 2228 978 2286 τέτακται
1039 2234 1132 2285 καὶ
1183 2233 1493 2304 ὑπηρετεῖν.
1540 2237 1645 2290 Καὶ
1686 2238 1763 2291 ἔτι
1828 2240 1976 2308 μέλει

389 2316 526 2384 περὶ
550 2318 748 2384 αὐτῶν,
785 2321 925 2376 ὥστε
980 2323 1080 2393 τὴν
1135 2325 1229 2379 τοῦ
1295 2326 1584 2398 ἀνθρώπου
1633 2330 1977 2398 συμπάθειαν

396 2408 497 2461 κάν
545 2411 660 2474 τοῖς
722 2413 901 2477 ἄλλοις
955 2415 1378 2488 διαφαινομένην
1434 2421 1586 2490 ὀρᾷν,
1621 2421 1679 2472 ὃν
1729 2427 1977 2487 προνοεῖν

396 2501 593 2569 χρῆναι
633 2502 724 2556 τὸν
768 2504 1056 2575 ἄνθρωπον
1105 2507 1210 2572 ἕως
1263 2509 1329 2562 ἂν
1373 2510 1544 2564 αὐτοῦ
1613 2511 1793 2573 ζῶντα
1859 2516 1978 2576 ταῖς

397 2591 605 2661 χρείαις
640 2594 904 2666 ὑπηρετῇ.

470 2685 712 2740 Τοιαῦτα
746 2689 823 2758 τῷ
855 2689 974 2758 Θεῷ
1007 2691 1135 2761 περὶ
1162 2692 1343 2748 αὐτῶν
1377 2695 1552 2766 μέλει,
1606 2698 1865 2752 ἐπέκεινα
1920 2700 1976 2752 δὲ

399 2778 574 2842 εὐδὶν,
607 2780 688 2831 ὅτι
722 2783 886 2849 μηδὲν
921 2781 1179 2837 ἐπέκεινα
1231 2789 1329 2854 τῆς
1393 2788 1624 2842 ἐνταῦθα
1671 2789 1815 2857 ζωῆς
1867 2794 1976 2854 τοῖς

399 2869 660 2932 τοιούτοις
690 2871 839 2935 τέλος
861 2873 1026 2934 ἐστὶν,
1064 2876 1184 2928 οὐδὲ
1218 2877 1388 2945 αὐτῆς
1430 2878 1641 2947 αἱρέσει
1696 2882 1802 2932 τινὶ
1834 2883 1980 2948 ἐφιε-

410 2958 616 3026 μένοις,
658 2959 774 3011 ἀλλ’
802 2962 947 3032 ὁρμῇ
982 2967 1185 3033 φυσικῇ
1239 2965 1398 3033 μόνον
1426 2981 1440 2996 ⁸
1472 2966 1596 3020 οὔτε
1627 2968 1792 3020 εἰδόσι
1848 2969 1978 3037 γοῦν

397 3049 478 3107 είς
504 3048 554 3100 τί
587 3066 716 3102 ποτε
763 3051 1003 3122 αὑτοῖςή
1048 3055 1383 3126 πρόσκαιρος
1425 3057 1537 3128 ζωὴ
1563 3059 1738 3128 φέρει.
1779 3060 1887 3112 Καὶ
1917 3062 1973 3112 οὐ

2073 593 2163 646 θεν
2185 594 2601 663 είσκρινομένης
2629 595 2800 648 πολλά
2829 595 2896 648 τὰ
2927 595 3102 648 ἄτοπα
3156 594 3250 647 καὶ
3299 591 3537 646 ἀδύνατα
3588 587 3646 662 ᾗ,

2075 689 2211 754 μήτε
2243 685 2507 755 συνούσης
2538 685 2614 755 τῷ
2650 688 2926 754 σπέρματι
2975 687 3068 738 καὶ
3106 685 3323 755 διαδοχῇ
3375 684 3648 751 γεννωμέ-

2073 795 2168 847 νης
2195 779 2364 848 κείρω
2398 779 2736 849 ἀκολουθοίη.
2779 782 2887 834 Καὶ
2936 780 3011 842 ὡς
3045 778 3142 848 μὲν
3167 780 3197 848 ἠ
3227 780 3284 830 ὲν
3315 776 3503 848 τοιῷδε
3547 774 3649 827 σώο

2077 887 2206 937 ματι
2236 871 2329 922 τοῦ
2354 870 2647 940 ἀνθρώπου
2677 872 2788 940 ζωὴ
2808 873 2901 926 νῦν
2924 871 3075 942 παρά
3103 871 3202 939 τὴν
3257 869 3314 933 ἐξ
3346 869 3519 937 ἀρχῆς
3551 865 3646 919 τοῦ

2073 959 2206 1012 Θεοῦ
2238 964 2364 1031 περὶ
2394 961 2556 1014 αὐτοῦ
2577 964 2690 1016 ἐστι
2718 961 2967 1032 βούλησιν
3000 964 3094 1015 καὶ
3124 963 3195 1024 ὡς
3221 961 3375 1029 δίκην
3405 958 3524 1012 τινὰ
3553 957 3648 1026 τὴν

2075 1051 2129 1100 ἐν
2158 1052 2304 1118 αὐτῷ
2325 1052 2518 1123 ζωὴνὴ
2555 1055 2698 1126 ψυχὴ
2722 1056 2960 1123 πονηρᾶς
2987 1073 3114 1107 ποτε
3157 1055 3248 1105 καὶ
3281 1053 3476 1118 ἀλόγου
3533 1051 3650 1101 ὲπι-

2074 1141 2272 1210 θυμίας
2301 1161 2316 1176 ο
2342 1145 2420 1197 ὅτι
2445 1163 2504 1197 τε
2540 1146 2572 1214 ἡ
2606 1148 2907 1210 σπουδαίως
2931 1147 3054 1217 τῇδε
3086 1145 3326 1216 βιώσασα
3379 1146 3469 1198 καὶ
3518 1143 3649 1196 καθ-

2073 1236 2297 1306 αρθεῖσα
2329 1239 2400 1299 ὼς
2433 1235 2545 1290 οἷόν
2569 1256 2624 1292 τε
2665 1240 2930 1302 ἑκουσίως
2979 1241 3059 1302 είς
3109 1240 3200 1290 τον
3243 1236 3646 1305 ἡτοιμασμένον

2072 1330 2130 1379 ἐν
2161 1327 2405 1396 οὐρανοῖς
2431 1330 2564 1398 αὐτῇ
2618 1330 2780 1385 τόπον
2811 1331 3099 1384 ἀνίπταται
3158 1329 3317 1391 εὐθὺς
3371 1328 3645 1381 ἀπαλλατ-

2072 1421 2293 1488 τομένη,
2327 1421 2393 1474 τὰ
2448 1421 2672 1475 τοιαῦτα
2701 1423 3099 1491 ὡμολογημένα
3140 1423 3241 1474 οὐκ
3285 1421 3648 1490 ἐπεξεργάζε-

2076 1511 2197 1564 σθαι
2228 1513 2356 1582 χρή.
2385 1513 2490 1564 Καὶ
2516 1515 2595 1565 ὅτι
2620 1513 2680 1565 τὸ
2709 1513 2860 1576 τέλος
2895 1513 3202 1584 ἀνθρώπου,
3244 1515 3273 1584 ἡ
3307 1512 3398 1565 τοῦ
3420 1511 3646 1581 ἐσχάτου

2075 1601 2278 1668 ἀγαθοῦ
2322 1604 2577 1670 μετουσία
2601 1605 2808 1657 ἔνεστιν
2853 1607 2910 1656 ὲν
2953 1604 3030 1673 τῷ
3069 1603 3324 1674 ἀμυδρῶς
3375 1603 3470 1655 καὶ
3526 1601 3648 1654 κατ⁹

2079 1690 2214 1756 εἶδος
2241 1696 2381 1745 νοεῖν
2402 1695 2486 1745 τὸν
2517 1695 2670 1755 Θεὸν,
2700 1694 2862 1748 αὑτὸν
2885 1695 3009 1748 ὄντα
3028 1694 3126 1764 τὴν
3148 1691 3370 1763 πρώτην
3389 1691 3648 1759 ἀλήθειαν

2077 1787 2168 1835 καὶ
2191 1784 2251 1835 τὸ
2277 1783 2500 1853 ἔσχατον
2533 1785 2760 1852 ἀγαθόν.

2163 1873 2320 1926 ’Λλλά
2352 1877 2477 1944 περὶ
2511 1875 2604 1927 τοῦ
2637 1876 2784 1937 ὅπως
2815 1877 3031 1945 προνοεῖ
3059 1874 3221 1926 αὑτοῦ
3261 1874 3289 1924 ὁ
3321 1873 3452 1935 Θεὺς
3507 1871 3648 1924 οὕτω

2077 1980 2133 2014 τε
2171 1965 2265 2015 καὶ
2300 1966 2362 2016 ἐκ
2395 1965 2646 2017 τοιούτων
2676 1967 3004 2034 δημιουργου
3014 1964 3173 2032 μένου
3205 1964 3438 2030 λέγομεν
3467 1962 3648 2031 μόνον.

2081 2055 2303 2124 Προνοεῖ
2332 2057 2430 2122 μὲν
2459 2057 2525 2107 δι’
2543 2057 2726 2122 αὐτοῦ,
2751 2057 2934 2120 ἁπλῶς
2955 2059 3149 2122 εἰπεῖν,
3178 2058 3422 2124 κρεῖττον
3454 2054 3484 2121 ἦ
3512 2052 3650 2104 κατά

2082 2146 2254 2198 πάντα
2285 2147 2350 2199 τά
2382 2166 2437 2200 τε
2462 2148 2590 2200 ὄντα
2609 2149 2678 2201 τά
2701 2167 2758 2201 τε
2784 2150 3066 2218 γινόμενα,
3097 2149 3192 2217 οὐχ
3229 2150 3308 2200 ὅτι
3339 2147 3482 2214 αὐτῷ
3516 2146 3652 2214 μᾶλ-

2080 2235 2168 2288 λον
2223 2237 2377 2306 μέλει
2409 2240 2471 2289 τὸ
2518 2238 2683 2291 αὑτοῦ
2741 2239 3004 2307 ἀγαθδνῆ
3058 2239 3285 2300 ἐκείνοις
3341 2238 3400 2288 τδ
3453 2238 3652 2288 οἰκεῖον

2079 2329 2350 2391 ἑκάστοις,
2383 2329 2497 2381 ἀλλ’
2519 2331 2602 2382 ὅτι
2647 2333 2706 2384 τὸ
2737 2330 3022 2400 ἀνθρώπου
3053 2329 3254 2395 ἀγαθδν
3308 2327 3490 2396 μεῖζον
3556 2329 3654 2394 μὲν

2079 2415 2224 2468 ἔστιν
2256 2417 2287 2486 ἢ
2322 2419 2459 2469 κατά
2485 2419 2549 2470 τά
2577 2419 2730 2484 ἄλλα,
2769 2420 2934 2489 πολλῇ
2966 2420 3020 2472 δὲ
3048 2419 3364 2488 ἀνθρωπίνῃ
3419 2417 3646 2484 σπουδῇ,

2081 2511 2172 2561 καὶ
2207 2510 2406 2563 πλείονι
2426 2515 2492 2581 τῇ
2522 2514 2584 2563 ὲκ
2603 2513 2739 2564 Θεοῦ
2778 2515 2916 2582 ῥοπῇ
2950 2513 3198 2573 ἀνυστὸν,
3219 2513 3305 2564 δια
3335 2513 3431 2572 τὰς
3461 2510 3648 2563 συνού-

2083 2619 2174 2664 σας
2206 2603 2283 2670 τῷ
2319 2604 2644 2674 ἀνθρωπίνῳ
2677 2605 2776 2675 βίῳ
2805 2606 3139 2675 δυσχερείας.
3199 2605 3359 2658 Ὅθεν
3409 2603 3571 2656 αὐτοῦ
3603 2605 3652 2656 οἱ

2080 2695 2296 2756 πλείους
2362 2696 2796 2766 ἀποτυγχάνουσι
2855 2697 2922 2749 δι’
2968 2696 3335 2762 ἐθελοκακίας,
3386 2696 3504 2748 οὐδὲ
3556 2695 3652 2764 τῆς

2080 2784 2229 2843 θείας
2256 2784 2565 2853 ἀξιούμενοι
2599 2785 2916 2854 συνεργείας
2940 2785 3034 2837 σὺν
3061 2785 3206 2854 δίκῃ.

2151 2875 2270 2926 Τῶν
2303 2875 2400 2942 μὲν
2438 2875 2546 2946 γὰρ
2577 2875 2750 2927 ἄλλων
2776 2875 3048 2944 γεννητῶν
3097 2875 3194 2945 οὐχ
3225 2875 3368 2935 ὅπως
3424 2873 3509 2925 ἀεὶ
3565 2870 3652 2941 εἴη

2081 2971 2316 3035 προνοεῖ,
2347 2967 2634 3038 ἀνθρώπου
2662 2968 2718 3020 δὲ
2751 2970 2898 3030 ὅπως
2920 2985 2977 3020 τε
3009 2969 3115 3036 εἴη,
3149 2967 3242 3019 καὶ
3271 2967 3488 3034 ἄμεινον
3521 2965 3606 3032 εἴη
3635 2979 3648 2992 ·

2079 3060 2311 3129 οὐρανοῦ
2343 3060 2396 3112 δὲ
2438 3061 2530 3112 καὶ
2560 3061 2667 3113 τῶν
2698 3061 2873 3114 ἄλλων
2911 3061 3176 3129 σωμάτων
3201 3059 3298 3128 οὐχ
3329 3061 3474 3118 ὅπως
3498 3058 3652 3124 ἀμειε

403 3141 564 3206 μένον
599 3140 872 3214 ἀνθρώπῳ
906 3143 1076 3197 ταῦτα
1104 3145 1376 3200 δουλεύειν
1408 3149 1692 3216 τέτακται,
1721 3150 1855 3203 ἀλλά
1883 3152 1977 3204 καὶ
2003 3172 2046 3230 C
2078 3167 2168 3202 νον
2231 3150 2367 3220 ἔχοι,
2417 3151 2530 3203 ἀλλ’
2558 3153 2704 3213 ὅπως
2752 3152 2837 3204 ἀεὶ
2892 3153 3051 3220 μόνον
3085 3150 3190 3217 εἴη,
3235 3151 3326 3202 καὶ
3387 3146 3652 3215 μηδέποτε

399 3232 457 3281 ὲν
489 3233 671 3300 σφίσιν
704 3233 889 3298 αὐτοῖς
913 3237 980 3290 τὰ
1031 3237 1400 3307 ἀσθενέστερα
1458 3243 1572 3304 τοῖς
1607 3243 1980 3311 ἰσχυροτέροις

396 3325 573 3394 τροφὴ
611 3327 841 3392 γίνεται.
868 3328 978 3380 Καὶ
1021 3327 1104 3380 ὕει
1139 3329 1237 3399 μὲν
1259 3332 1287 3381 ὁ
1314 3330 1446 3391 Θεδς
1481 3332 1566 3384 ἵνα
1601 3333 1803 3402 βοτάνη
1846 3334 1978 3403 φύῃ’

396 3417 471 3470 ὲῶ
496 3419 605 3487 γάρ
645 3418 713 3471 δι’
747 3421 888 3474 ὅσων
922 3420 1104 3474 καὶτὸ
1158 3421 1275 3475 ’ύειν
1332 3424 1513 3476 ’ποιεῖ⁸
1562 3423 1756 3492 φύεται
1805 3424 1859 3476 δὲ
1897 3426 1982 3476 ἵνα

397 3510 577 3578 τραφῇ
612 3510 708 3562 καὶ
740 3511 1035 3580 πρόϐατον,
1071 3514 1331 3566 πεινῶντι
1367 3513 1421 3566 δὲ
1445 3515 1576 3578 ἄκος
1611 3515 1742 3569 αὐτὸ
1774 3517 1982 3584 γίνεται

400 3599 567 3668 λύκῳ,
591 3602 685 3652 καὶ
714 3601 876 3664 λύκος
911 3605 1111 3672 ὁμοίως
1146 3604 1338 3660 λέοντι.
1362 3606 1435 3659 Τὸ
1461 3608 1520 3659 δὲ
1546 3608 1655 3660 τῶν
1675 3608 1983 3680 ἀνθρώπων

398 3696 636 3762 πρᾶγμα
673 3695 771 3761 οὐχ
801 3695 1002 3763 ὁμοίως
1030 3699 1141 3759 τοῖς
1167 3697 1347 3758 ἀλλοις
1383 3702 1659 3769 γεννητοῖς
1691 3703 1783 3753 καὶ
1811 3701 1984 3771 φθαρ-

400 3788 512 3846 τοῖς
545 3784 679 3853 έχει,
711 3784 848 3837 ἀλλά
874 3785 1157 3852 σύγκειται
1199 3787 1297 3855 μὲν
1325 3789 1387 3840 ἐκ
1416 3787 1611 3857 θνητοῦ
1651 3790 1744 3842 καὶ
1784 3790 1984 3844 ἀθανάο

406 3895 502 3931 του
537 3879 635 3946 τὴν
667 3877 839 3946 ἀρχὴν
887 3876 1176 3944 ἄνθρωπος
1209 3892 1222 3907 ’
1250 3879 1727 3950 ἀπαλλαττόμενος
1761 3881 1817 3934 δέ
1856 3901 1983 3935 ποτε

398 3971 492 4022 τοῦ
523 3969 719 4038 θνητοῦ
750 3969 827 4038 τῷ
855 3971 1107 4036 ἀθανάτῳ
1153 3970 1218 4040 ζῇ
1277 3972 1458 4040 μόνῳ·
1508 3974 1600 4026 καὶ
1645 3977 1696 4028 εί
1742 3992 1870 4027 ποτε
1928 3977 1986 4026 τὸ

403 4063 597 4133 θνητὸν
631 4063 946 4132 ἀναλήψειε,
979 4064 1247 4131 ἠλλοιώθη
1280 4065 1404 4134 ήδη,
1443 4064 1582 4120 ῶστε
1612 4069 1711 4134 τὴν
1765 4069 1861 4120 σὺν
1888 4071 1983 4121 αὐ-

399 4156 476 4225 τῷ
503 4156 648 4225 ζωὴν
681 4156 843 4225 μηδὲν
871 4157 1147 4226 διαφέρειν
1176 4159 1312 4226 πρός
1362 4175 1423 4224 γε
1471 4159 1570 4230 τὴν
1594 4163 1784 4229 νοεράν
1831 4165 1975 4216 ὲκεί-

401 4265 498 4316 νην
531 4246 880 4314 εὐδαιμονίαν
918 4247 1017 4317 τῆς
1055 4247 1132 4316 τῷ
1173 4247 1430 4319 ἀθανάτῳ
1461 4252 1606 4320 μόνῳ
1652 4253 1796 4320 ζωῆς
1846 4255 1985 4325 πλὴν

398 4339 479 4391 ὅτι
513 4337 724 4398 τελείας
753 4338 924 4406 αὐτῆς
958 4339 1324 4391 ἀπολαύσεται
1357 4356 1368 4368 ·
1397 4342 1511 4406 εἴγε
1548 4342 1669 4394 κατ’
1705 4344 1838 4396 αὐτὸ
1884 4347 1982 4413 μὲν

402 4427 731 4491 συντίθεται,
767 4428 1139 4498 συμϐεϐηκότι
1170 4430 1227 4481 δὲ
1272 4431 1570 4497 διαλύεται,
1620 4432 1648 4485 ὃ
1673 4434 1755 4487 δεῖ
1793 4437 1864 4504 μὴ
1895 4437 1982 4489 ἀῒο

2084 3243 2350 3296 ’παύσαιτο
2377 3243 2599 3296 τοιαῦτά
2627 3261 2684 3296 τε
2715 3245 2841 3297 ὄντα
2873 3247 2965 3297 καὶ
2981 3247 3304 3312 ἐνεργουντα
3331 3242 3444 3292 ὡδί.
3483 3238 3656 3291 Ἑκείο

2085 3352 2189 3386 νων
2253 3335 2352 3402 μὲν
2409 3335 2514 3404 γὰρ
2542 3336 2796 3405 οὐδέτερα
2831 3354 2952 3389 νουν
3010 3335 3118 3404 ἔχει
3144 3336 3235 3384 καὶ
3267 3335 3364 3400 τὴν
3395 3330 3656 3383 συνοῦσαν

2085 3424 2349 3492 ἀνθρώπῳ
2382 3425 2770 3493 προαιρετικὴν
2795 3423 3019 3491 δύναμιν
3046 3441 3060 3451 ·
3101 3421 3234 3471 ἀλλά
3256 3421 3322 3471 τά
3367 3418 3462 3487 μὲν
3483 3419 3646 3467 κινεῖ-

2086 3533 2173 3567 ται
2197 3515 2281 3565 ἀεὶ
2313 3512 2448 3581 πρὸς
2476 3512 2536 3564 τὸ
2556 3513 2737 3574 αὐτοῖς
2765 3512 3039 3581 βέλτιστον
3087 3507 3344 3567 τοιούτοις
3391 3505 3540 3557 οὖσιν
3588 3503 3653 3553 ὲκ

2086 3607 2180 3675 τῇς
2214 3605 2362 3666 θείας
2393 3604 2612 3672 ἀμέσως
2649 3603 2979 3672 βουλήσεως,
3043 3603 3076 3671 ἢ
3121 3589 3376 3654 ἐκτινων
3424 3612 3656 3664 κεχωρι-

2092 3698 2306 3767 σμένων
2340 3697 2536 3749 οὐσιῶν
2569 3696 2850 3764 δυνάμεως
2875 3697 3078 3761 ἐπαφῇ,
3117 3694 3252 3762 μήτε
3295 3691 3470 3743 είδίτα
3520 3686 3656 3755 μήτε

2089 3790 2517 3860 προαιρούμενα.
2548 3790 2608 3841 Εἰ
2637 3789 2692 3843 δέ
2721 3805 2849 3841 ποτε
2898 3784 3188 3855 μεταϐαλεί
3246 3783 3339 3834 καὶ
3400 3779 3538 3832 αύτά
3595 3775 3654 3827 οὐ

2089 3886 2226 3936 κατά
2261 3883 2439 3950 φύσιν,
2469 3885 2586 3944 ταῖς
2615 3881 2670 3934 δὲ
2698 3881 2945 3948 κινήσεσι
2980 3876 3075 3930 καὶ
3115 3877 3232 3937 ταῖς
3264 3873 3508 3941 δράσεσι,
3563 3868 3658 3920 καὶ

2087 3975 2245 4027 τοῦτο
2270 3974 2453 4025 εἵνεκα
2486 3972 2582 4038 τῆς
2606 3971 2714 4023 τῶν
2763 3968 3064 4038 ἀνθρώπων
3100 3964 3428 4036 βελτιώσεως
3477 3958 3659 4016 αὐτοῖς

2090 4082 2219 4118 ποτε
2287 4064 2459 4118 ἔσται.
2516 4065 2596 4116 Τά
2647 4062 2702 4114 δὲ
2756 4062 2984 4113 κινεῖται
3046 4059 3148 4118 ἕως
3191 4056 3254 4108 ἂν
3348 4051 3480 4121 μηδὲ
3522 4047 3660 4100 αύτά

2088 4157 2221 4218 ὅλως
2262 4155 2639 4225 προῃρημένα.
2674 4152 2988 4221 Ἀνθρωπος
3021 4151 3076 4203 δὲ
3097 4145 3409 4218 προαιρέσει
3469 4157 3522 4191 τε
3574 4153 3667 4189 κε-

2089 4248 2358 4317 χρημένος
2399 4246 2490 4298 κοιλ⁵
2520 4245 2792 4313 ἀφορμαῖς
2819 4242 3023 4295 πλείοσι
3065 4239 3203 4292 κατά
3225 4238 3312 4289 τὸν
3341 4235 3451 4304 βίον
3487 4229 3660 4330 συνὼν

2089 4339 2184 4390 τοῦ
2209 4355 2264 4389 τε
2302 4335 2693 4406 προαιρεῖσθαι
2724 4335 2810 4388 ἀεὶ
2831 4337 2896 4388 τά
2919 4335 2994 4397 είς
3027 4331 3255 4398 τάγαθὸν
3283 4330 3536 4395 φέροντα,
3566 4338 3658 4373 του

2089 4445 2148 4479 τε
2194 4429 2434 4480 συνεῖναι
2471 4428 2582 4490 τοῖς
2614 4426 2916 4493 ἀφιστῶσιν
2939 4423 3100 4478 αὑτοῦ
3125 4423 3212 4474 διὰ
3234 4422 3291 4472 τὸ
3334 4420 3408 4488 μὴ
3451 4415 3526 4484 νῷ
3561 4413 3661 4482 μό-

400 4520 510 4572 διον
555 4517 716 4573 εῐναι.
751 4519 937 4573 Ταῦτα
969 4521 1074 4590 γάρ
1104 4520 1364 4590 ἀξιοῦμεν
1404 4526 1466 4576 ἐκ
1504 4525 1602 4594 τῆς
1661 4527 1771 4580 τῶν
1820 4527 1979 4594 ίερῶν
2007 4505 2057 4604 ὐ
2085 4537 2158 4588 νῳ
2190 4520 2280 4570 καὶ
2322 4517 2530 4586 διανοίᾳ
2584 4519 2703 4586 ζῇν.
2744 4515 2876 4567 ἀλλᾶ
2925 4517 3017 4567 καὶ
3077 4510 3396 4581 φαντασίαις
3443 4524 3507 4604 γξ
3567 4506 3662 4558 καὶ

401 4610 740 4675 ἀξιοπιστίας
768 4611 985 4680 λογίων,
1017 4608 1096 4672 οἷς
1122 4616 1213 4685 καὶ
1236 4616 1295 4666 τὸ
1327 4613 1548 4683 εὔλογον
1571 4617 1751 4670 ἱκανὸν
1782 4617 1977 4673 ἔνεστι.

405 4703 506 4755 Διά
539 4703 696 4755 τοῦτο
725 4703 1050 4774 δημιουργεῖ
1082 4707 1179 4773 μὲν
1200 4706 1286 4773 ίτά
1339 4706 1656 4776 ἀνθρώπινα
1705 4707 1931 4776 σώματα
1955 4711 1982 4761 ὁ

401 4795 555 4858 Θεὸς,
650 4795 712 4862 δὴ
743 4797 837 4847 καὶ
865 4795 932 4849 τά
957 4794 1064 4848 τῶν
1091 4795 1294 4849 λοιπῶν
1324 4796 1478 4860 ζώων
1508 4799 1602 4851 καὶ
1651 4799 1748 4850 ὅσα
1788 4799 1844 4851 ὲν
1872 4801 1982 4861 τοῖς

401 4889 680 4956 γεννητοῖς
713 4887 778 4956 ζῇ
837 4887 900 4939 ἐκ
957 4887 1269 4957 σπέρματος
1321 4889 1416 4940 καὶ
1472 4887 1579 4940 τῶν
1634 4889 1982 4958 ὑψηλοτέρων

403 4979 726 5049 ποιητικῶν,
753 4981 949 5032 ταυτὸν
979 4981 1034 5034 δὲ
1059 4981 1260 5044 εἰπεῖν,
1299 4983 1363 5052 τῇ
1409 4981 1512 5050 ὁδῶ
1542 4982 1640 5050 τῆς
1695 4981 1907 5049 φύσεως

401 5071 468 5123 τά
497 5071 595 5140 μὲν
621 5075 782 5137 ποιεῖ,
812 5071 880 5124 τὰ
908 5071 966 5124 δὲ
990 5072 1202 5138 γίνεται
1238 5087 1252 5102 ο
1314 5073 1639 5142 δημιουργεῖ
1685 5073 1741 5126 δὲ
1771 5074 1982 5141 ἑκάστῳ

404 5159 618 5228 σώματι
652 5161 894 5228 ἀμέσως,
925 5161 997 5222 ῶς
1026 5159 1125 5220 τὰς
1157 5160 1568 5230 κεχωρισμένας
1608 5162 1790 5219 οὐσίας
1826 5163 1980 5214 ὲτιοίο

402 5267 499 5321 ησε
533 5250 814 5319 πρότερον.
843 5248 1017 5302 Τοῦτο
1080 5251 1188 5318 γάρ
1239 5251 1352 5301 ἐστι
1411 5253 1471 5302 τὸ
1522 5251 1780 5302 πλάττειν
1822 5251 1982 5302 αὑτὸν

405 5343 550 5395 κατά
581 5342 746 5410 μόνας
780 5342 876 5403 τὰς
907 5341 1012 5393 τῶν
1041 5340 1345 5408 ἀνθρώπων
1387 5341 1632 5410 καρδίας,
1668 5345 1759 5394 καὶ
1785 5342 1846 5392 τὸ
1881 5341 1982 5402 ἓως

403 5434 527 5502 ἄρτι
559 5433 889 5502 ἐργάζεσθαι
935 5436 1061 5502 περὶ
1083 5433 1388 5502 ἀνθρώπων
1430 5431 1776 5502 είδίκώτερον
1835 5434 1982 5502 εἴρη-

401 5544 513 5592 ται,
540 5527 600 5578 οὐ
637 5527 796 5594 μόνον
816 5526 1334 5595 δημιουργουμένων
1360 5525 1572 5578 πάντων
1596 5527 1656 5578 ἐκ
1687 5526 1825 5585 νέου,
1850 5525 1987 5577 ἀλλά

406 5620 469 5671 ἐκ
502 5619 768 5687 πονηρίας
804 5618 1073 5690 ὁσημέραι
1099 5618 1178 5680 είς
1215 5617 1416 5687 ἀρετὴν
1473 5617 1983 5686 ἁναπλαττομένων,

405 5711 520 5761 ὅσοι
552 5709 771 5770 ἐαυτοές
801 5708 1048 5777 ἑτοίμους
1075 5707 1427 5776 παρέχουσιν.

491 5802 630 5854 Ἀλλ’
683 5800 892 5863 ὲκείνας
925 5801 1023 5870 μὲν
1075 5800 1207 5870 ὁμοῦ
1255 5799 1516 5868 παρῆγεν..
1560 5797 1612 5853 εγ
1673 5799 1880 5870 ἑκάστῳ
1931 5802 1983 5853 ὁὶ

2088 4611 2397 4679 αἰσθήσεσι,
2442 4609 2536 4662 καὶ
2564 4607 2776 4679 ὀρέξεσι
2801 4607 3094 4671 τοιαύταις,
3124 4604 3158 4657 ἀ
3181 4605 3244 4672 δὴ
3297 4605 3360 4655 ἐκ
3413 4599 3506 4653 τοῦ
3537 4615 3663 4649 συν-

2091 4704 2345 4772 ημμένου
2379 4701 2588 4770 ἀνίσχει
2634 4699 2902 4770 σώματος,
2936 4698 3027 4750 καὶ
3067 4695 3102 4749 ἀ
3157 4694 3291 4763 πρὸς
3359 4691 3418 4745 τὸ
3477 4689 3662 4748 αὐτοῖς

2087 4793 2310 4859 ἀγαθὸν,
2334 4790 2495 4844 τοῦτο
2529 4792 2585 4844 δέ
2621 4793 2736 4843 ὲστι
2769 4790 2828 4842 τὸ
2882 4788 3105 4858 μερικδν
3130 4790 3230 4854 τὴν
3263 4785 3355 4837 τοῦ
3385 4781 3681 4850 ἀνθρωπὶέ

2085 4906 2177 4940 νου
2205 4888 2364 4952 λόγου
2398 4885 2640 4955 βιάζεται
2668 4883 3085 4952 συγκατάθεσιν,
3119 4881 3184 4934 ἂν
3220 4879 3292 4948 μὴ
3340 4877 3542 4946 σφόδρα
3567 4876 3659 4945 έρ-

2088 4980 2328 5050 ρωμένος
2356 4974 2417 5050 ᾖ,
2453 4979 2593 5030 ῶστε
2621 4977 2759 5032 αὐτὰ
2788 4977 2999 5045 ἄγχειν,
3032 4973 3142 5026 ἀλλ’
3194 4971 3333 5024 ’ἐκων
3378 4969 3654 5035 ὲκλύηται.

2159 5069 2415 5131 Τοιοῦτος
2433 5070 2614 5122 τοίνυν
2643 5067 2737 5133 ῶν,
2770 5069 2869 5120 οὐκ
2893 5066 2958 5119 ἀν
2994 5082 3121 5118 ποτε
3164 5063 3507 5132 ὑπερϐαίνων
3563 5059 3659 5120 τὰς

2087 5162 2404 5232 δυσχερείας
2438 5161 2636 5226 πάσας,
2671 5161 2764 5213 καὶ
2791 5161 2857 5212 τά
2891 5157 3068 5227 ἀγαθά
3097 5157 3183 5210 ἀεὶ
3208 5154 3659 5224 προαιρούμενος,

2087 5255 2181 5308 καὶ
2215 5253 2356 5306 κατά
2387 5271 2444 5305 τε
2475 5253 2628 5319 λόγον
2652 5252 2744 5304 καὶ
2767 5252 2930 5321 νόμον
2969 5250 3058 5303 τὸν
3094 5251 3157 5301 ἐκ
3194 5246 3326 5300 Θεοῦ
3386 5245 3512 5309 ζῶν,
3567 5246 3661 5296 καὶ

2088 5345 2198 5397 τῶν
2229 5345 2326 5412 μὲν
2370 5343 2612 5414 μερικῶν
2643 5344 2737 5396 καὶ
2766 5342 3114 5412 προσκαίρων
3141 5341 3354 5392 πάντων
3381 5337 3662 5406 ὑπερορῶν

2087 5436 2329 5501 ἀγαθῶν,
2356 5438 2404 5488 εί
2442 5437 2514 5505 μὴ
2545 5437 2666 5489 ὅσον
2694 5436 2907 5504 ἀνάγκη
2939 5432 3173 5504 χρῆσθαι
3200 5433 3272 5492 ὡς
3295 5431 3532 5499 ὀχήμασι
3567 5429 3662 5481 καὶ

2093 5524 2363 5592 ὀργάνοις,
2395 5525 2528 5592 πρὸς
2559 5523 2613 5574 δὲ
2650 5527 2710 5574 τὸ
2732 5522 2899 5584 ὅντως
2925 5522 3124 5589 ἀγαθὸν
3161 5520 3534 5587 ἐπειγόμενος,
3567 5519 3659 5570 καὶ

2090 5613 2231 5666 οὓτω
2285 5614 2682 5683 καθαιρόμενός
2733 5631 2791 5665 τε
2827 5613 2919 5666 καὶ
2958 5613 3053 5680 τῆς
3086 5610 3242 5678 δίκης
3272 5609 3662 5680 ἀπολυόμενος,

2091 5705 2358 5774 ὁσημέραι
2397 5705 2545 5768 ἄξιος
2578 5707 2780 5772 γίνοιτο
2816 5708 2892 5767 είς
2937 5704 2996 5756 τὸ
3025 5706 3222 5757 οἰκεῖον
3253 5706 3423 5772 πέρας
3463 5703 3658 5770 ἐλθεῖν,

2101 5798 2171 5870 μὴ
2205 5797 2463 5867 προνοίας
2495 5795 2790 5864 ἱδιαιτάτης
2909 5795 3041 5848 Θεοῦ
3076 5795 3376 5864 τυγχάνων.
