4388 6460
376 418 502 485 1121

1431 422 1531 482 DE
1597 414 2338 485 PREDESTINATIONE
2379 422 2526 482 LlB.
2580 421 2633 480 1.

3489 417 3627 485 11ἰῖ

373 529 468 581 καὶ
503 528 816 604 μὲι-ιέδᾲτας
851 529 1380 599 συναναγκάζεσθαι,
1407 530 1494 583 ἵνα
1541 532 1610 584 τὰ
1659 532 1944 600 πεφυκότα
1975 539 2023 597 Α
2053 539 2204 607 μένοι
2229 540 2322 590 1:01
2353 536 2681 608 πράξαντες.
2723 532 2884 588 Ἀλλά
2917 531 2977 586 τὸ
3003 531 3314 603 προορίζειν
3348 530 3474 584 ἀντὶ
3521 533 3625 600 τῆς

366 618 433 672 ἐκ
477 620 853 690 προαιρέσεως
878 619 973 674 1:01
988 621 1312 692 ἐνδεχόμενα
1337 620 1587 688 γίνεσθαι
1621 627 1695 693 μή
1725 622 1944 691 γίνηται

366 707 560 773 οὓτως,
589 708 622 776 ἢ
652 709 702 762 οί
737 710 1042 779 πεφυκότες
1076 712 1252 764 ποιεῖν
1290 710 1434 763 οὕτω
1481 710 1559 781 μή
1589 708 1733 763 οὕτω
1775 711 1943 764 ποιῶν

366 815 472 852 σιν.
500 799 672 869 Δῆλον
706 800 762 853 61
808 801 903 854 1:01
931 803 1014 855 6::
1057 801 1261 854 τούτων
1294 799 1466 864 οὕτως
1500 803 1732 870 ἐχόντων
1788 801 1943 856 06610

365 890 503 959 1:96;
531 890 625 943 :06
659 891 874 944 ἑλέσθαι
901 891 962 943 τὸ
1014 890 1220 960 βέλτιον
1251 890 1454 958 ὠφελεῖ
1503 893 1533 946 6
1592 890 1733 954 θεῖος
1775 909 1942 962 προο-

365 983 560 1051 ρισμὸς
579 983 703 1045 τούς
729 984 1167 1057 προῃρημένους,
1191 984 1240 1036 εἰ
1275 985 1350 1053 μή
1382 983 1505 1037 ὅσον
1529 984 1837 1053 προώριστο
1871 986 1937 1054 τῇ

363 1074 683 1148 ἀνθρωπίνῃ
715 1078 876 1146 φύσει
900 1076 1117 1139 κοινῶς,
1144 1077 1206 1128 τὸ
1235 1075 1346 1129 δεῖν
1378 1077 1518 1130 κατὰ
1566 1075 1722 1143 λόγον
1754 1092 1813 1128 τε
1845 1077 1939 1129 καὶ

361 1165 526 1234 νόμον
587 1166 757 1237 βιοῦν,
807 1167 903 1220 1:01
959 1167 1102 1221 οὕτω
1152 1166 1401 1237 βιοῦντας
1453 1165 1720 1235 θεοφιλεῖς
1776 1162 1936 1234 εἶναι,

362 1258 635 1322 τοιούτους
657 1259 713 1312 δέ
737 1258 897 1322 60:0;
928 1260 1153 1328 ἄμεινον
1176 1257 1439 1329 ζήσεσθαι
1472 1259 1530 1310 ἐν
1553 1259 1630 1328 τῷ
1671 1258 1936 1328 μέλλοντι.

361 1349 549 1402 Ταῦτα
569 1351 680 1421 γὰρ
715 1352 811 1406 1:01
835 1354 978 1407 πάνυ
1009 1352 1190 1414 καλῶς
1220 1351 1426 1405 οῖδασιν
1457 1353 1513 1405 οῖ
1537 1369 1602 1421 γε
1636 1351 1932 1408 σπουδαῖοι.

372 1441 512 1493 Ἀλλ’
538 1443 599 1493 οὐ
631 1443 718 1494 διὰ
745 1444 806 1494 τὸ
830 1444 1028 1496 εἰδέναι
1059 1443 1218 1512 μόνον
1262 1442 1494 1496 τοιοῦτοί
1517 1444 1656 1496 εἰσιν
1685 1460 1700 1474 ·
1750 1437 1946 1518 πολλοὶ¹

356 1533 466 1603 γάρ
484 1534 662 1595 καλῶς
688 1535 888 1597 ειδότες
924 1536 1018 1588 1:01
1044 1535 1236 1597 ἀλλους
1264 1535 1539 1597 πείθοντες
1564 1535 1718 1587 αὐτοὶ
1769 1551 1936 1604 πονη-

359 1627 442 1694 901
467 1625 724 1695 ἐθέλομεν
747 1625 888 1679 εἶναι
919 1643 934 1658 ·
961 1627 1076 1680 ἀλλ’
1105 1627 1186 1679 6::
1212 1627 1328 1696 ᾔδει
1377 1625 1472 1679 1:01
1494 1625 1721 1689 τούτους
1745 1628 1773 1678 6
1801 1625 1934 1688 Θεὸς

355 1718 424 1767 τὰ
456 1717 627 1785 χείρω
654 1718 1073 1786 αἱρησομένους,
1110 1719 1204 1770 καὶ
1226 1716 1539 1786 προώριστο
1577 1714 1734 1768 τοῦτο
1759 1715 1932 1778 οὐτως

357 1807 418 1859 ἐν
451 1808 518 1877 τῇ
543 1806 663 1878 θείᾳ
691 1808 819 1878 περὶ⁵
841 1809 1026 1861 αὐτῶν
1048 1806 1271 1876 γνώσει,
1316 1808 1436 1860 οὐδὲ
1470 1807 1624 1860 αὐτοὶ
1675 1805 1931 1859 ἐπίσταν-

353 1914 466 1959 ται,
494 1897 687 1950 οὐκοῦν
712 1899 831 1952 οὐδέ
863 1898 1088 1968 βλάπτει
1115 1899 1314 1962 αὐτοὺς
1345 1898 1505 1952 τοῦτό
1525 1915 1611 1965 γε.

437 1990 687 2053 Ἑκόντες
719 1991 826 2060 ἄρα
851 1990 1132 2061 αἱροῦνται
1153 1992 1476 2061 ἀμφότεροι,
1505 1991 1665 2044 ὁπότε
1720 1989 1935 2061 αἱροῦντ

353 2099 444 2135 ται
463 2098 476 2111 °
508 2081 576 2134 6:‘
607 2082 635 2135 6
667 2084 764 2136 1:01
792 2083 840 2136 οἱ
870 2087 969 2151 μὲν
1000 2083 1415 2152 στεφανοῦνται,
1441 2085 1489 2136 οί
1512 2083 1569 2136 δὲ
1591 2082 1930 2146 κολάζονται,

351 2175 428 2239 ώς
451 2175 552 2248 ὅλῃ
600 2175 795 2228 αὐτῶν
822 2175 1139 2245 προαιρέσει
1195 2175 1390 2228 τοιοίδε
1454 2173 1928 2238 ἀποτελεσθέντες.

352 2267 520 2349 Καὶ»εό
539 2267 670 2330 Θεὸς
704 2269 759 2319 ἐν
787 2261 868 2330 οἷς
891 2267 990 2336 μὲν
1024 2267 1172 2319 ἐστιν
1196 2265 1389 2328 αίτιος,
1425 2268 1482 2319 ἐν
1533 2260 1612 2327 οἷς
1669 2265 1726 2318 δὲ
1782 2267 1935 2318 ἀναί-

349 2381 483 2428 τιος.
537 2364 599 2416 Εί
644 2363 700 2416 δὲ
758 2363 854 2416 καὶ
889 2361 1109 2414 πάντων
1161 2359 1353 2424 αἴτιος,
1407 2358 1521 2410 ἀλλ’
1551 2359 1808 2427 οὐδεμιᾶς
1866 2375 1929 2427 γε

349 2454 597 2523 ἀνάγκης
631 2455 686 2506 ἐν
709 2456 819 2515 τοῖς
842 2437 1179 2522 προαιρετοῖς
1217 2467 1228 2482 ·
1270 2450 1343 2511 ώς
1391 2450 1500 2520 γάρ
1546 2450 1739 2518 ἔμελλε
1788 2451 1933 2519 γίνε-

352 2548 478 2600 σθαι
500 2549 592 2601 καὶ
611 2546 683 2610 ώς
717 2544 983 2616 ἐπεφύκει
1002 2545 1206 2598 ἕκαστα
1228 2543 1473 2611 γίνεσθαι
1503 2542 1535 2612 ἢ
1561 2545 1752 2608 ποιεῖν,
1790 2542 1932 2597 οὕτω

350 2641 700 2709 προέγνωστο
757 2641 834 2708 τῷ
883 2636 1003 2706 Θεῷ
1058 2638 1155 2688 1:01
1208 2635 1540 2705 προίῦριστο,
1589 2637 1683 2688 1:01
1729 2636 1804 2699 ώς
1833 2637 1937 2706 τὴν

348 2731 504 2786 θείαν
541 2731 668 2802 περὶ
723 2729 981 2783 ἀπάντων
1012 2727 1267 2797 βούλησιν
1315 2724 1460 2789 εἰκός
1524 2728 1675 2779 ἐστιν
1727 2727 1935 2794 ἐμπλέ-,

349 2821 543 2876 κεσθαι
574 2823 685 2884 τοῖς
708 2821 993 2882 τοιούτοις,
1025 2820 1161 2871 61:00
1206 2811 1305 2886 μὲν
1337 2818 1438 2871 οὐκ
1493 2818 1931 2887 ἀναγκάζουσαν,

347 2918 483 2968 61:00
519 2914 575 2968 δὲ
603 2911 973 2982 συνεργοῦσαν
1008 2911 1190 2979 μόνον,
1239 2912 1373 2963 61:00
1424 2909 1479 2965 61
1541 2911 1932 2981 σογχωροῦσαν

347 3007 433 3059 ἐπ’
466 3006 724 3076 ὠφελείᾳ,
755 3007 890 3057 ὅπου
923 3002 978 3055 δέ
1008 3001 1516 3071 ἐγκαταλείπουσαν
1546 3003 1750 3056 τέλεον.

418 3099 481 3152 Εί
510 3098 566 3151 δέ
597 3115 741 3160 τινες
800 3096 906 3148 τῶν
953 3094 1153 3149 ἐνθέων
1202 3094 1525 3165 χωρίζοντες
1546 3095 1616 3148 τὰ.
1659 3093 1743 3163 ἐφ’
1797 3095 1931 3167 ήμῖν

348 3191 750 3261 προγινώσκειν
779 3189 1003 3258 λέγουσι
1050 3189 1143 3242 τὸν
1189 3188 1344 3253 Θεὸν,
1389 3187 1450 3240 οὐ
1495 3187 1825 3258 προορίζειν,
1870 3187 1932 3241 τὸ

347 3284 752 3353 ἐπαναγκάζειν
785 3281 1065 3353 βούλονται
1109 3281 1312 3350 λέγειν.
1348 3279 1520 3334 Τοῦτο
1566 3280 1624 3334 δέ
1655 3281 1748 3334 καὶ
1794 3282 1930 3352 ἡμῖν

347 3378 586 3449 είρηται,
652 3377 734 3430 6::
782 3377 841 3429 ἐν
894 3377 1006 3437 τοῖς
1061 3373 1278 3444 θελήσει
1311 3373 1558 3428 ποιοῦσιν
1587 3374 1740 3428 οὐδὲν
1771 3373 1931 3428 πλέον

346 3469 594 3538 ἀνάγκης
637 3465 835 3534 ἐπάγει
883 3465 945 3518 τὸ
981 3464 1391 3534 προοεγνῶσθαι
1459 3466 1554 3518 1:01
1589 3464 1931 3536 προωρίσθαι

347 3561 527 3618 πάντα
550 3562 664 3616 ’ὑπὸ
685 3559 843 3628 Θεοῦ,
875 3561 908 3630 ἢ
931 3561 978 3612 εί
1005 3560 1146 3629 μετὰ
1172 3559 1235 3613 τὸ
1267 3560 1530 3629 πράττειν
1552 3559 1749 3621 αὐτοὺς
1779 3557 1932 3611 ἐλευ-

347 3655 542 3726 θέρως,
583 3652 701 3709 ἃττ’
724 3652 791 3707 ἂν
824 3654 1195 3723 προαιροῖντο,
1223 3652 1544 3722 ἐγίνωσκεν,
1571 3652 1653 3705 ὅτι
1680 3650 1807 3705 τάδε
1833 3650 1932 3703 πι-

346 3763 592 3818 πρακται
625 3746 716 3798 ὑπ’
745 3745 949 3800 αὐτῶν.
1005 3745 1078 3798 Τὸ
1109 3744 1209 3814 μὲν
1240 3745 1347 3815 γὰρ
1388 3742 1759 3812 γινώσκεσθαι
1790 3741 1931 3796 αὐτά

348 3859 480 3898 ποτε
510 3843 605 3898 1:01
631 3840 691 3907 ἐξ
717 3839 895 3895 αὐτῶν
917 3841 1066 3894 ἐστιν
1094 3855 1109 3874 ο
1135 3840 1208 3904 ώς
1236 3841 1346 3910 γάρ
1383 3838 1700 3908 ὑπάρχοντα
1727 3841 1819 3892 1:01
1847 3853 1930 3905 γι-

347 3935 620 3990 νώσκεται
650 3949 664 3963 ·
711 3933 770 3986 τὸ
799 3933 856 3986 δὲ
888 3931 1270 4005 προεγνῶσθαι
1309 3928 1565 3985 τοσοῦτον
1597 3930 1788 4001 χρόνον
1835 3929 1928 3982 τοῦ

348 4026 631 4097 περιόντος
659 4024 757 4095 τῆς
778 4023 927 4086 θείας
965 4025 1277 4094 ἐπιστήμης
1312 4023 1481 4076 ἐστίν.
1505 4021 1716 4077 Οὔκουν
1739 4039 1930 4076 συντε-

346 4118 429 4170 λεῖ
448 4119 632 4180 αὐτοῖς
655 4116 690 4186 ἢ
713 4116 998 4186 ἐμποδίζει
1029 4117 1088 4169 τὸ
1111 4114 1514 4187 προεγνῶσθαι,
1536 4114 1640 4178 ἕως
1658 4114 1723 4168 ἂν
1743 4115 1818 4187 μή
1840 4114 1932 4169 καί

344 4228 426 4275 τις
463 4210 570 4279 ἐπῇ
603 4208 816 4277 ἀνάγκη
843 4208 908 4260 ἐκ
935 4205 1030 4259 τοῦ
1078 4205 1573 4278 προγινώσκοντος,
1619 4205 1760 4259 ὥστε
1810 4204 1931 4258 οὐδέ

342 4299 404 4353 :6
441 4297 807 4370 προωρίσθαι.
863 4293 1116 4350 Συντελεῖ
1168 4296 1226 4350 δὲ
1276 4295 1354 4365 τῷ
1414 4292 1816 4366 προγινώσκειν
1871 4297 1933 4350 :6

345 4392 757 4466 προωρισμένον
778 4389 1071 4461 γινώσκειν
1089 4405 1105 4424 ο
1143 4390 1412 4460 ἀορίστων
1437 4389 1547 4461 γὰρ
1576 4389 1678 4442 οὐκ
1708 4389 1776 4471 ἀν
1799 4405 1930 4444 ποτε

343 4487 548 4555 γίνοιτο
578 4484 780 4554 γνῶσις
804 4482 928 4554 Θεῷ
966 4485 1278 4554 πρέπουσα.
1299 4482 1514 4535 Οὐκοῦν
1544 4483 1624 4536 δεῖ
1665 4483 1766 4552 μὲν
1799 4483 1931 4554 ώρί-

312 4559 467 4630 ’σθαι
494 4577 561 4630 τὰ
595 4575 973 4645 γινωσκόμενα
1016 4575 1207 4638 ἁπλῶς
1252 4591 1311 4628 τε
1337 4575 1428 4626 καὶ
1463 4573 1806 4644 ὡρισμένως.
1840 4575 1933 4628 Δεῖ

339 4670 396 4722 δὲ
421 4671 519 4722 1:01
557 4667 905 4739 προωρίσθαι
948 4669 1018 4721 τά
1050 4667 1506 4738 προεγνωσμένα,
1567 4669 1664 4720 1:01
1696 4667 1929 4737 ὡρίσθαι

341 4781 403 4832 γε
436 4764 539 4818 οὐκ
562 4762 788 4817 ἀλλοθεν
819 4761 851 4832 ἦ
885 4761 976 4814 ὑπ’
1014 4760 1204 4828 06:06,
1240 4759 1466 4828 ποιητοῦ
1510 4758 1730 4813 πάντων
1779 4761 1930 4824 60:0;

341 4856 435 4909 1:01
463 4843 652 4918 τέλὸυς
683 4855 940 4925 ἐσχάτου.
969 4852 1158 4925 Ταύτῃ
1188 4853 1297 4923 γάρ
1321 4851 1380 4916 ἑξ
1405 4851 1573 4906 06:06
1601 4853 1697 4906 1:01
1721 4854 1801 4914 είς
1832 4852 1930 4905 06-

338 4949 430 5001 :60
461 4943 604 5002 εἶναι
626 4948 847 5015 λέγεται
883 4947 1062 5002 πάντα
1105 4946 1180 5009 ώς
1210 4945 1377 5000 06:06
1426 4963 1490 5015 γε
1546 4944 1696 5010 ὄντος
1742 4946 1836 5000 τοῦ
1870 4964 1930 4999 τε

339 5041 624 5104 τάττοντος
666 5040 898 5106 ἕκαστα,
933 5040 1029 5094 1:01
1073 5041 1152 5104 εἰς
1184 5039 1244 5093 60
1276 5037 1454 5091 πάντα
1498 5039 1745 5108 ἐσχάτως
1797 5040 1927 5094 τάτ-

340 5150 545 5196 τονται,
581 5130 876 5186 κάντεῦθεν
899 5130 1214 5186 ἀκολουθεῖν
1237 5130 1299 5185 :6
1326 5131 1421 5185 1:01
1471 5131 1550 5195 είς
1579 5130 1646 5184 τά
1685 5133 1928 5203 προσεχῆ

314 5227 520 5291 ,αὐτῶν
548 5226 676 5297 τέλη
704 5227 912 5281 ἕκαστα
947 5225 1039 5278 61:?
1060 5225 1224 5279 06:06
1258 5224 1568 5280 τάττεσθαι.

415 5319 528 5372 Οὐκ
557 5313 649 5374 οῦν
687 5316 796 5371 οὐδ’
832 5319 1029 5370 ἐκεῖνοι
1058 5317 1150 5371 τὸν
1190 5317 1334 5370 θεῖον
1374 5317 1711 5388 προορισμὸν
1747 5321 1842 5372 καὶ
1873 5321 1930 5372 ἐν

341 5415 450 5477 τοῖς
475 5415 558 5482 ἐφ’
585 5414 718 5485 ήμῖν
747 5410 1038 5479 ἀγνοοῦσιν
1073 5409 1148 5474 ώς
1191 5410 1368 5482 μόνων
1415 5402 1526 5464 τῶν
1569 5410 1930 5482 ἀνθρωπίνων

343 5505 636 5576 ἐνεργειῶν
665 5504 697 5574 ἢ
722 5505 796 5576 τῷ
828 5505 1042 5576 χείρους
1071 5499 1210 5574 εἶναι
1240 5505 1346 5558 τῶν
1369 5505 1546 5560 ἀλλων
1592 5507 1691 5578 οὐχ
1747 5507 1927 5576 ὁριζο-

346 5602 542 5670 μένων,
568 5600 601 5671 ἢ
632 5599 708 5670 τῷ
737 5599 876 5654 πάνυ
905 5599 1145 5670 βελτίους
1174 5595 1334 5664 εἷναι,
1371 5599 1507 5672 μηδὲ
1541 5602 1605 5672 τῇ
1638 5599 1759 5672 θεία
1787 5600 1930 5670 γνώ-

344 5710 423 5749 σει
453 5693 1032 5766 περιλαμϐανομένων.
1070 5694 1308 5747 Ἤκουον
1333 5694 1441 5764 γάρ
1479 5712 1584 5748 που
1625 5693 1719 5749 τοῦ
1744 5695 1927 5764 λογίου

342 5789 672 5860 κεκληκέναι
704 5787 795 5844 τὸν
817 5788 972 5854 Θεὸν,
1029 5786 1124 5853 06;
1163 5788 1419 5860 προέγνω
1449 5789 1545 5843 1:01
1600 5789 1879 5861 προώρισε
1914 5808 1925 5820 ο

341 5877 483 5939 06:0:
507 5882 561 5939 61
589 5879 731 5955 ἦσαν
752 5884 799 5938 οί
831 5883 930 5938 ὅσα
956 5879 1023 5956 ἧν
1053 5883 1142 5938 ἐπ’
1172 5884 1358 5950 αὐτοῖς
1381 5871 1645 5958 θεοφιλῶς
1683 5902 1929 5958 προῃρη-

2047 629 2295 698 ἀνάγκης
2329 619 2718 696 λαμϐάνουσιν,
2769 625 2832 678 οὐ
2874 626 3017 678 πάνυ
3060 624 3159 694 9.10
3215 622 3456 692 ἀκριϐῶς
3503 623 3630 691 ἐφι-

2047 718 2284 780 στῶντες
2327 717 2408 788 τῷ
2468 715 2851 786 σημαινομένῳ
2882 716 2981 784 τῆς
3034 713 3252 778 λέξεως,
3283 712 3522 784 ἀκριϐῶς
3569 712 3629 766 61

2045 809 2192 860 πάνυ
2215 807 2566 877 φρονοῦντες,
2591 807 2668 870 ώς
2703 810 2732 860 ό
2758 806 2901 869 θεῖος
2929 804 3265 874 προορισμὸς
3293 802 3394 857 οὐκ
3453 804 3626 871 ἀναγ-

2044 903 2202 966 κάζει
2230 903 2290 954 τὸ
2319 903 2686 968 αὐτεξούσιον,
2712 901 2789 963 ώς
2819 900 2952 971 μηδέ
2994 898 3206 952 τοιοῦτο
3248 898 3437 952 λοιπὸν
3457 888 3624 952 εἶναι.

2045 995 2210 1048 Ὥστε
2242 996 2333 1046 1:01
2358 993 2512 1047 06:01
2536 995 2612 1062 τῷ
2646 992 2843 1063 πλήθει
2876 990 2984 1045 τῶν
3022 990 3202 1045 ἀλλων
3258 988 3460 1042 ἐνθέων
3529 988 3626 1042 1:01

2042 1087 2123 1156 τῷ
2155 1086 2340 1139 κανόνι
2362 1085 2460 1153 τῆς
2490 1084 2748 1154 ἀληθείας
2792 1082 3102 1154 συνᾴδουσι.

2112 1176 2330 1229 Τούτων
2363 1176 2615 1230 ἁπάντων
2639 1174 2781 1228 οὕτω
2806 1174 3127 1244 τιθεμένων,
3160 1173 3243 1227 6::
3291 1173 3443 1228 06610
3471 1173 3626 1230 ἀναι-

2044 1271 2220 1338 ρεῖται
2245 1269 2352 1320 τῶν
2380 1269 2854 1338 ὁμολογουμένων,
2899 1269 3074 1336 σαφές
3121 1269 3237 1321 ἐστι
3264 1282 3281 1300 ⁸
3328 1268 3477 1336 μένει
3527 1268 3626 1337 μέν

2041 1362 2149 1432 γάρ
2176 1363 2237 1414 τὸ
2267 1363 2326 1425 ἐξ
2361 1362 2604 1430 ἀνάγκης
2631 1362 2834 1426 καλῶς,
2861 1362 3014 1431 μένει
3042 1361 3098 1415 δέ
3147 1360 3210 1414 :6
3275 1361 3626 1431 ἐνδεχόμενον

2039 1453 2098 1504 ἐν
2117 1455 2233 1514 τοῖς
2264 1453 2456 1515 αίτίοις
2484 1470 2541 1505 τε
2578 1453 2671 1506 1:01
2699 1455 2806 1512 τοῖς
2833 1452 2891 1515 ἐξ
2915 1452 3096 1507 αὐτῶν
3120 1451 3443 1521 γινομένοις,
3475 1452 3624 1520 μένει

2039 1545 2095 1598 δὲ
2135 1544 2198 1597 τὸ
2226 1543 2576 1614 συμϐεϐηκὸς
2615 1548 2670 1596 ὲν
2701 1546 2814 1608 τοῖς
2845 1543 3160 1614 πράγμασι.
3214 1542 3399 1596 Πάντα
3423 1543 3531 1611 γὰρ
3566 1543 3624 1596 ἐν

2036 1639 2105 1707 τῇ
2136 1636 2290 1700 τάξει
2310 1638 2407 1706 τῆς
2434 1637 2584 1699 θείας
2611 1637 2885 1705 προνοίας,
2913 1635 2989 1698 ὥς
3011 1635 3250 1705 εἴρηται,
3282 1633 3620 1704 περιέχεται.

2037 1730 2132 1782 1:01
2169 1728 2344 1781 πάντα
2375 1730 2575 1798 ήτάξις
2596 1728 2731 1795 αὐτὴ
2761 1726 3117 1798 διαλαμϐάνει
3136 1725 3336 1788 καλῶς,
3372 1726 3510 1795 μετὰ
3525 1723 3620 1778 τοῦ

1966 1869 2008 1924 Β
2036 1817 2253 1888 ἑκάστῳ
2285 1818 2346 1871 :6
2380 1821 2575 1872 οίκεῖον
2603 1818 2910 1888 φυλάττειν.
2953 1817 3116 1870 Ἀλλά
3148 1817 3246 1888 9.10
3277 1817 3373 1870 1:01
3395 1817 3454 1868 :6
3477 1816 3619 1885 χρή-

2043 1926 2200 1978 σιμον
2230 1908 2339 1961 τῶν
2376 1910 2551 1980 εὐχῶν
2571 1911 2672 1962 οὐκ
2703 1907 3022 1962 ἐκϐάλλεται
3040 1906 3238 1970 οὕτως,
3268 1905 3328 1958 06
3357 1906 3518 1974 μόνον
3541 1905 3619 1968 ώς

2040 2001 2134 2054 1:01
2156 2001 2338 2053 αὐτῶν
2367 2001 2473 2053 61:6
2503 2003 2601 2072 τὴν
2619 1999 2772 2064 τάξιν
2792 2000 2986 2058 οὐσῶν,
3014 1997 3088 2060 ώς
3117 1998 3174 2050 ἐν
3202 1997 3280 2066 τῷ
3308 1995 3400 2049 τοῦ
3430 1994 3617 2050 Ἰωάν-

2041 2108 2134 2143 νου
2167 2091 2538 2161 ὑποδείγματι
2569 2093 2785 2161 είρηται
2811 2109 2823 2123 ’
2857 2089 2971 2142 ἀλλ’
2997 2090 3080 2142 6::
3115 2088 3210 2143 1:01
3263 2087 3436 2140 πολλὰ
3463 2087 3618 2156 παρά

2039 2184 2137 2255 τὴν
2187 2185 2342 2253 τάξιν
2375 2185 2483 2239 τῶν
2530 2186 2929 2256 ταπεινοτέρων
2985 2184 3176 2240 αίτίων
3216 2186 3245 2238 6
3284 2183 3416 2243 Θεὸς
3457 2183 3615 2236 είωθε

2040 2260 2301 2348 πράττειν
2319 2278 2410 2332 τὸν
2431 2277 2773 2346 ἀνθρώπινον
2808 2276 2924 2348 βίον
2948 2276 3274 2347 οίκονομῶν,
3311 2277 3345 2330 ἀ
3366 2277 3464 2346 τὴν
3485 2277 3614 2344 ὃλην

2036 2364 2282 2421 διάθεσιν
2323 2369 2423 2438 τῆς
2456 2368 2627 2423 αὐτοῦ
2671 2369 2928 2436 προνοίας
2955 2368 3050 2421 1:01
3083 2366 3182 2436 τὴν
3207 2368 3387 2421 πάντα
3428 2365 3617 2436 περιέ-

2039 2469 2241 2510 νουσαν
2267 2459 2421 2524 τάξιν
2442 2460 2502 2514 οὐ
2537 2458 2868 2530 μεταϐάλλει
2901 2457 3015 2513 οὐθ’
3050 2457 3389 2528 ὑπερϐαίνει.
3448 2458 3616 2513 06610

2035 2554 2128 2607 060
2157 2554 2352 2607 κωλύει
2381 2551 2604 2607 τοιαῦτα
2630 2553 2805 2606 ποιεῖν
2830 2550 2926 2604 1:01
2952 2553 3070 2614 :01;
3093 2550 3346 2605 εὐσεϐέσι
3377 2549 3486 2604 τῶν
3525 2551 3618 2604 00.-

2038 2646 2271 2717 θρώπων
2311 2647 2562 2718 αίτήσεσι
2611 2645 2996 2716 χαριζόμενον,
3038 2644 3095 2707 6;
3155 2645 3214 2696 :6
3261 2643 3474 2715 θέλημα
3506 2643 3616 2698 τῶν

2035 2738 2389 2809 φοϐουμένων
2452 2738 2615 2792 αὐτὸν
2650 2741 2824 2793 ποιεῖν
2855 2739 3101 2808 λέγεται,
3153 2736 3246 2790 καὶ
3283 2736 3383 2806 τῆς
3434 2735 3619 2789 αὐτῶν

2033 2830 2269 2902 δεήσεως
2327 2831 2654 2897 ἐπακούειν,
2715 2832 2807 2885 1:01
2869 2831 3134 2900 διηνεκῶς
3185 2831 3333 2900 ἡμᾶς
3379 2829 3619 2899 προτρέ-

2035 2940 2196 2979 πεται
2245 2925 2338 2977 ἐπὶ
2378 2925 2438 2978 τὸ
2493 2925 2698 2993 ζητεῖν.
2751 2923 3106 2978 Ἀπολέλυται
3165 2923 3275 2992 γάρ
3317 2922 3620 2992 ὁμολογου-

2038 3013 2214 3084 μένως
2241 3014 2424 3084 πάσης
2461 3015 2726 3084 ἀνάγκης,
2755 3016 2821 3083 ἢν
2845 3014 3007 3077 αὐτὸς
3035 3012 3261 3085 ἐνέθηκε
3289 3015 3405 3076 τοῖς
3450 3015 3616 3082 ποιή-

2038 3123 2195 3175 μασι,
2231 3109 2322 3160 καὶ
2368 3106 2456 3159 διὰ
2509 3105 2668 3160 τοῦτο
2731 3107 2914 3159 πᾶσαν
2973 3105 3290 3176 ὡρισμένην
3333 3104 3392 3170 ἐξ
3447 3104 3621 3159 αὐτοῦ

2035 3202 2150 3264 τοῖς
2217 3202 2465 3269 μερικοῖς
2536 3198 2731 3262 αίτίοις
2806 3199 3052 3267 ἀνάγκην
3123 3197 3616 3270 μεταποιεῖηθελή-

2037 3308 2136 3355 σας
2167 3292 2304 3363 πρὸς
2352 3293 2454 3362 τὴν
2501 3290 2780 3367 σωτηρίαν
2813 3288 2923 3344 τῶν
2958 3287 3203 3353 εὐσεϐῶς
3239 3290 3622 3359 καταφευγόν-

2033 3401 2142 3440 των
2190 3384 2284 3437 1:01
2342 3382 2624 3452 ἐπιμόνως
2697 3380 3210 3452 προσεδρευόντων,
3267 3381 3301 3451 ἢ
3354 3381 3493 3453 61:19
3542 3376 3621 3436 ῶν

2035 3475 2406 3541 ἱκετεύουσιν,
2473 3469 2550 3531 ὧν
2618 3475 2876 3528 ἀπάντων
2929 3474 2963 3544 ή
3017 3473 3263 3545 σωτηρία
3319 3474 3418 3544 τῆς
3483 3475 3623 3544 περὶ

2034 3570 2230 3633 αὐτοὺς
2254 3570 2532 3639 προνοίας,
2556 3569 2655 3635 τῆς
2694 3567 2787 3622 1:01
2816 3567 2905 3622 διὰ
2935 3565 3044 3621 τῶν
3076 3566 3253 3624 ἀλλων
3297 3568 3616 3638 κτισμάτων

2035 3663 2510 3734 ὐπουργουμένης,
2576 3663 2734 3726 τέλος
2785 3660 2954 3715 ἐστίν.
3011 3660 3152 3714 Οὐδέ
3203 3661 3311 3729 γάρ
3363 3662 3614 3732 διαφέρει

2033 3754 2186 3824 ἥλιον
2209 3753 2404 3821 στῆσαι
2435 3752 2698 3823 τρέχοντα
2728 3749 2957 3806 δικαίων
2992 3751 3201 3822 εὐχαῖς.
3247 3751 3281 3822 ἢ
3317 3753 3374 3805 ἐν
3408 3768 3615 3806 πανσε-

2034 3845 2179 3916 λήνῳ
2201 3845 2426 3916 ποιῆσαι
2460 3844 2624 3898 06:60
2649 3845 2918 3909 ἐκλιπεῖν,
2943 3843 3007 3897 τὸ
3044 3843 3502 3912 παραδοξότερον,
3521 3844 3620 3898 1:01

2038 3936 2262 4006 μηδενὸς
2322 3934 2621 4006 εὐξαμένου
2685 3933 2846 3989 τοῦτό
2899 3951 2988 4002 γε,
3046 3934 3137 3988 ῖνα
3192 3951 3246 3988 τι
3273 3935 3617 4005 ἑκατέρωθεν

2035 4027 2241 4097 ἀγαθὸν
2284 4026 2724 4098 καταπράξηται.
2793 4027 2883 4080 Ἐν
2909 4027 3158 4098 ἐκατέρῳ
3187 4027 3298 4097 γὰρ
3344 4027 3452 4081 τῶν
3483 4026 3624 4083 000-

2038 4120 2225 4191 μάτων
2257 4118 2358 4190 τήν
2404 4119 2722 4191 ὡρισμένην
2776 4119 3031 4187 ἀνάγκην
3072 4120 3208 4190 ήγχε
3239 4121 3304 4191 τῇ
3350 4120 3617 4174 ἀπολελυ-

2038 4214 2174 4286 μένῃ
2206 4212 2356 4287 [sic],
2393 4214 2490 4267 1:01
2519 4213 2611 4267 :60
2637 4213 2972 4282 φονευθέντα
3008 4213 3076 4267 ἀν
3108 4215 3167 4266 ἐν
3202 4211 3357 4283 ὕπνῳ
3384 4213 3491 4266 ὐπὸ
3522 4213 3622 4286 λῃ-

2037 4306 2179 4362 στῶν
2208 4306 2582 4377 ἐξαναστήσας
2613 4310 2710 4359 καὶ
2751 4305 2973 4376 κρύψας
3003 4322 3109 4359 που
3137 4289 3450 4376 ἀπήλλαξεν
3477 4303 3623 4358 ἐτοί-

2041 4418 2150 4473 μης
2177 4399 2346 4468 οὔσης
2369 4400 2466 4470 τῆς
2498 4400 2807 4471 συμφορᾶς,
2841 4399 2929 4454 ῖνα
2955 4418 3008 4455 τι
3057 4400 3188 4468 περὶ
3212 4397 3376 4454 αὐτὸν
3406 4398 3622 4469 βέλτιον

2035 4495 2069 4565 ἢ
2102 4495 2230 4566 περὶ
2260 4494 2454 4558 ἀλλους
2507 4496 2573 4565 τῇ
2623 4492 2916 4566 προσθήκῃ
2969 4491 3062 4546 τοῦ
3089 4492 3208 4563 βίου
3258 4491 3624 4562 οῖκονομηθῇ.

2050 4587 2211 4643 Ἀλλά
2255 4588 2348 4641 καὶ
2399 4587 2532 4658 εὐχῇ
2574 4585 2889 4657 ἀπήλλαξεν
2943 4585 3132 4655 ὁμοίου
3197 4582 3368 4637 κακοῦ
3426 4583 3620 4654 ἕτερον

2039 4679 2217 4734 ίδόντα
2247 4679 2400 4733 ἐπιὸν
2426 4679 2674 4748 ἄφυκτον.
2699 4679 2760 4731 τὸ
2786 4679 2982 4744 δεινὸν,
3008 4678 3105 4731 1:01
3138 4677 3232 4730 ἐπὶ
3261 4676 3353 4729 τὸν
3383 4674 3622 4745 δυνάμε-

2034 4790 2124 4828 νον
2148 4771 2348 4836 σώζειν
2383 4772 2787 4840 καταφυγόντα.
2828 4769 3021 4826 Ἔστιν
3043 4772 3132 4824 6::
3156 4769 3296 4840 μετὰ
3319 4767 3413 4821 τοῦ
3447 4768 3621 4823 σῶσαι

2033 4867 2129 4920 1:01
2159 4864 2357 4928 αὐτοὺς
2394 4864 2909 4936 μεταϐεϐλημένους
2953 4864 3082 4926 τοὺς
3131 4863 3341 4916 κτεῖναι
3371 4874 3617 4933 1:901:91;-

2037 4959 2253 5028 μένους,
2287 4958 2384 5012 καὶ
2422 4956 2785 5026 φονευθέντας
2812 4958 2910 5027 μὲν
2941 4957 3008 5011 ἀν
3039 4956 3145 5009 ὐπὸ
3176 4953 3286 5007 τῶν
3314 4952 3619 5022 τυράννων,

2033 5051 2160 5114 τοὺς
2185 5049 2348 5122 μέχρι
2379 5049 2613 5105 θανάτου
2648 5049 2789 5121 ὐπέρ
2821 5053 2921 5122 τῆς
2971 5049 3210 5110 πίστεως
3241 5045 3618 5114 ἀπολογουμέ-

2033 5159 2157 5206 νους
2212 5140 2500 5213 διεφύλαξε
2553 5141 2653 5195 1:01
2719 5143 2796 5212 μὴ
2828 5141 3147 5211 δεηθέντας,
3192 5136 3621 5207 οίβυθιζόμενοι

2033 5238 2134 5292 οὐκ
2168 5238 2558 5307 ἀπεπνίγοντο,
2585 5239 2679 5292 1:01
2704 5238 3122 5309 ἐμπιπράμενοι
3146 5235 3206 5289 οὐ
3243 5231 3620 5296 κατεκαίοντο,

2033 5333 2128 5386 1:01
2176 5331 2384 5403 θηρίων
2441 5334 2832 5402 ἐπαφιεμένων
2883 5333 3009 5387 οὐτε
3058 5330 3391 5386 ἐϐλάπτοντο
3414 5325 3618 5393 ὁτιοῦν,

2034 5427 2128 5480 1:01
2177 5426 2445 5497 ἐτιμῶντο
2492 5428 2567 5492 ώς
2601 5430 2667 5484 ἂν
2712 5426 2826 5501 εἶχε
2859 5429 3025 5500 τιμᾷν
3052 5427 3120 5481 τὰ
3154 5423 3339 5493 θηρία,
3400 5421 3624 5492 1:01.61;-

2033 5520 2456 5593 λητηριούμενοι
2510 5523 2612 5578 οὐκ
2660 5524 3032 5594 ἀπέθνησκον.
3055 5518 3359 5592 Δεηθέντας
3386 5517 3443 5571 δέ
3489 5533 3623 5570 ποτε

2033 5616 2226 5680 ἄλλους
2272 5617 2411 5688 μετά
2438 5620 2538 5688 τὴν
2570 5619 2884 5691 παρρησίαν
2913 5619 3007 5674 1:01
3027 5617 3217 5678 ἄθλους
3242 5612 3469 5675 πολλοὺς
3493 5611 3624 5674 ἀπο-

2031 5708 2410 5780 δεδειγμένους
2447 5710 2544 5766 σύν
2574 5713 2771 5788 εἰρήνῃ
2804 5711 2968 5784 ἐξῆγε
3009 5709 3100 5765 τοῦ
3137 5708 3273 5780 βίου,
3299 5706 3394 5760 1:01
3452 5703 3625 5776 χωρίς

2031 5819 2176 5866 τινος
2210 5802 2392 5868 αίτίας
2435 5805 2674 5875 φυσικῆς
2723 5805 2833 5861 τῶν
2866 5807 2933 5863 τὰ
2958 5803 3179 5862 τοιαῦτα
3233 5801 3361 5872 τέλη
3394 5799 3453 5854 ἐν
3501 5799 3616 5861 τοῖς

2032 5894 2344 5966 ἀνθρώποις
2375 5897 2785 5967 ἐργαζομένων.
