4388 6460
744 409 886 472 11ἐ3

831 519 948 589 Ἐφ’
979 513 1052 574 ὧν
1084 521 1337 576 ἀπάντων
1370 520 1428 574 τὸ
1455 517 1777 588 ὡρισμένως
1813 519 1869 571 ἐν
1892 522 2005 580 τοῖς
2031 519 2327 583 κτίσμασιν

745 618 1046 682 ἀναγκαῖον
1071 613 1314 666 αίτιατὺν
1344 612 1403 664 ὃν
1441 611 1534 664 καὶ
1577 612 1798 664 κτιστδν
1837 609 2045 681 μείζονι
2078 611 2142 677 τῇ
2171 607 2327 675 ἀϊδίῳ

746 711 961 779 ἀνάγκη
999 709 1390 774 μεταποιεῖται.
1438 703 1502 758 ’11
1529 707 1626 774 μὲν
1661 705 1767 772 γάρ
1791 706 1848 757 ἐν
1881 706 1993 766 τοῖς
2023 703 2327 770 ποιήμασιν

721 803 960 868 ’ἀνάγκη
989 800 1078 852 διὰ
1109 799 1167 850 τὸ
1189 799 1413 865 θελῆσαι
1436 799 1526 850 τὸν
1559 799 1694 851 Θεὸν
1727 796 1901 858 οὕτως
1935 799 2052 848 ἐστὶ
2075 797 2169 848 καὶ
2200 795 2329 847 ἐκά-

754 910 862 961 cup
899 892 1121 958 θελῆσαι
1146 892 1204 942 τὸ
1235 889 1509 958 βέλτιστον
1542 892 1604 958 τῇ
1652 889 1820 942 αὐτοῦ
1859 887 2056 955 φύσει,
2093 887 2188 938 κα)⁸
2216 887 2329 947 τοῖς

755 987 934 1047 ἄλλοις
982 987 1080 1037 ὅσα
1138 985 1308 1037 δεῖταί
1337 1002 1386 1035 τι
1455 983 1633 1035 αὐτῶν
1696 985 1830 1053 πρὸς
1871 981 1931 1032 τὸ
1961 976 2124 1034 εἶναι.
2175 979 2246 1031 Τὸ
2275 978 2330 1031 δὲ

757 1079 943 1140 ἁπλῶς
981 1077 1258 1146 βέλτιστον
1306 1076 1362 1127 ἐν
1391 1076 1456 1141 τῇ
1495 1073 1715 1142 θελήσει
1768 1070 1860 1124 τοῦ
1894 1070 2028 1122 Θεοῦ
2057 1070 2330 1139 κείμενον,

756 1170 986 1240 ὥρισται
1028 1169 1124 1236 μὲν
1188 1165 1277 1218 καὶ
1309 1166 1438 1217 αὐτὸ
1465 1167 1580 1217 ἐκεῖ
1623 1165 1708 1215 ἀεὶ
1740 1165 1835 1214 καὶ
1877 1161 2134 1214 ἑκάστοτε
2167 1158 2243 1226 τῷ
2274 1175 2332 1210 τε

760 1265 834 1332 μὴ
864 1263 929 1316 ἄν
957 1276 1086 1312 ποτε
1123 1257 1347 1327 θελῆσαί
1399 1274 1449 1309 τι
1483 1258 1572 1308 τὸν
1605 1255 1735 1307 Θεὸν
1775 1253 1926 1323 παρὰ
1959 1254 2059 1322 τὴν
2085 1252 2334 1321 ὡρισμέ-

756 1373 854 1423 νην
887 1355 946 1406 ἐν
972 1354 1082 1413 τοῖς
1115 1351 1384 1418 ποιήμασι
1412 1348 1585 1412 τάξιν,
1618 1346 1645 1398 ὃ
1673 1346 1746 1415 μὴ
1776 1345 1841 1398 ἂν
1875 1347 1959 1414 είη
1991 1345 2181 1406 ἁπλῶς
2217 1342 2336 1414 βέλ-

759 1462 965 1509 τιστον,
1021 1444 1108 1510 ὑφ’
1139 1442 1166 1493 ὃ
1216 1441 1276 1492 τὸ
1326 1441 1381 1491 ἐν
1413 1440 1596 1501 αὐτοῖς
1623 1439 1827 1505 ἀγαθὸν
1856 1439 2137 1500 τέτακται,
2175 1436 2254 1503 τῷ
2277 1452 2334 1486 τε

759 1535 1051 1604 τυγχάνειν
1087 1531 1409 1600 ὡρισμένως
1441 1530 1850 1598 προεγνωκότα,
1884 1528 1965 1580 ὅτι
2001 1526 2145 1578 οῦτω
2183 1527 2338 1592 ποιήο

766 1644 867 1681 σει.
903 1626 1042 1693 Πρδς
1067 1622 1122 1674 δέ
1153 1622 1250 1690 τὴν
1287 1620 1761 1688 ἐγκαθιδρυμένην
1798 1621 1909 1680 τοῖς
1941 1618 2210 1685 ποιήμασι
2243 1613 2340 1666 καὶ

763 1720 876 1779 τοῖς
909 1715 1112 1774 δούλοις
1145 1713 1392 1778 ἀνάγκην
1439 1710 1691 1780 ἀόριστόν
1721 1711 1837 1761 ἐστι
1875 1705 2338 1772 καὶ”ἀπολελυμέο

764 1825 852 1862 νον
879 1823 892 1838 ·
918 1807 1040 1860 οὐδὲ
1069 1803 1483 1873 συμπέπλεκται
1512 1821 1575 1871 γε
1602 1804 1668 1872 τῇ
1699 1802 1806 1854 τῶν
1828 1801 1999 1854 ὄντων
2022 1800 2336 1868 ἀκολουθίᾳ,

1857 404 2066 468 GENN
2079 407 2114 464 Α
2127 403 2237 466 DII
2280 401 2384 464 (ΣΡ.
2432 402 2570 461 PAT
2585 402 2659 460 R1
2673 399 2944 460 ARCUAE

3882 391 4024 458 1125.

2435 513 2820 581 καταλάμπειν
2866 510 3000 580 πρὸς
3054 511 3154 577 τὴν
3205 504 3424 577 εῦρεσιν
3476 505 3568 560 τοῦ
3623 506 4019 576 συμφέροντος,

2431 605 2633 656 ὁπόταν
2661 603 2732 672 μὴ
2770 605 2913 656 πάνυ
2947 601 3123 670 σαφὴς
3231 599 3416 653 Ταῦτα
3446 599 3502 651 δὲ
3531 599 3626 651 καὶ
3650 599 3817 666 χωρὶς
3841 597 4024 666 εὐχῶν

2435 698 2576 749 πάνυ
2617 697 2762 747 ποιεῖ
2794 697 2849 745 ἐν
2888 695 3000 754 τοῖς
3034 693 3204 757 ἀξίοις
3230 694 3323 744 καὶ
3361 691 3435 760 μὴ
3471 690 3786 759 εὐχομένθιῖ
3814 688 4015 756 τυγχά’

2432 806 2563 843 νειν.
2617 789 2828 855 ’Ὥσπερ
2864 785 2958 839 οὖν
2985 787 3172 837 πολλοὶ
3207 785 3515 852 εὐχόμενοι,
3557 785 3660 835 οὐκ
3689 781 3816 850 ἀξία
3842 799 4026 850 παρα-

2436 884 2626 949 σκευῇ,
2663 881 2694 948 ἢ
2733 879 2928 948 ἀγνοία
2978 878 3073 929 τοῦ
3104 877 3411 945 ὠφελίμου,
3446 877 3494 927 οἱ
3559 874 3660 942 μὲν
3687 875 3751 943 τῇ
3786 873 3890 940 ὀδῷ
3921 873 4021 940 τῆς

2434 973 2612 1025 αὐτῶν
2650 972 2848 1040 βουλῆς
2881 969 3308 1024 καταλείπονται
3360 968 3454 1019 καὶ
3505 967 3605 1034 τῆς
3663 964 3896 1033 φύσεως,
3930 964 4022 1014 ἐπ’

2437 1065 2676 1133 ὠφελείᾳ
2698 1065 2869 1133 δήπου
2894 1063 3002 1114 τινὶ
3035 1062 3216 1114 αὐτῶν
3246 1062 3276 1129 ἢ
3305 1061 3531 1128 ἐτέρων,
3569 1061 3615 1111 εί
3651 1062 3744 1112 καὶ
3774 1058 3944 1111 κακόν
3971 1075 4025 1108 τι

2437 1159 2670 1227 πάσχειν
2696 1156 2949 1209 δοκοῦσιν
2975 1171 2988 1187 ⁶
3016 1156 3065 1207 οί
3099 1155 3155 1207 δὲ
3182 1156 3280 1224 οὐχ
3307 1154 3334 1206 ὃ
3365 1152 3647 1222 ζητοῦσιν,
3683 1153 3798 1206 ἀλλ’
3819 1155 3843 1204 ὅ
3871 1169 4027 1220 σφισι

2440 1249 2714 1318 συμφέρει
2747 1247 3145 1316 λαμϐάνουσιν.
3185 1246 3297 1313 Τῆς
3335 1247 3441 1314 γὰρ
3471 1245 3640 1312 αὐτῆς
3672 1244 3764 1296 τοῦ
3802 1245 4024 1312 εὐμενε-

2441 1343 2637 1395 στάτου
2670 1340 2879 1405 πατρὸς
2912 1339 3170 1408 προνοίας
3222 1337 3289 1389 ἂν
3323 1337 3431 1404 εἴη,
3472 1336 3626 1403 ίχθύν
3678 1353 3738 1387 τε
3785 1335 4027 1386 αίτοῦντι

2444 1437 2519 1502 μὴ
2573 1431 2886 1493 ἐπιδιδόναι,
2940 1431 3128 1498 φησὶν,
3166 1428 3311 1494 ὄφιν,
3361 1429 3456 1478 καὶ
3491 1429 3644 1496 ἰχθὺν
3699 1425 4022 1480 ἀνανεύοντι

2441 1523 2842 1592 ἐξηπατημένῳ
2899 1520 3169 1590 παρέχειν
3204 1520 3386 1588 ἰχθῦν,
3422 1521 3521 1572 οὐκ
3552 1520 3696 1587 ὅφιν,
3728 1521 3781 1571 εἴ
3814 1537 3894 1580 τις
3917 1519 4030 1570 τῶν

2443 1617 2663 1683 ἀγαθῶν
2693 1618 2787 1666 τοῦ
2829 1614 3037 1681 πατρὸς
3074 1613 3329 1680 δομάτων
3375 1613 3525 1676 ἀξιος
3554 1613 3662 1680 είη,
3695 1612 3862 1666 τάλλα
3897 1612 4028 1671 παῖς

2443 1708 2646 1775 ἀγαθὸς
2680 1707 2776 1760 ῶν.

2523 1801 2588 1852 '0
2612 1801 2665 1851 δέ
2701 1799 2886 1867 μεῖζον
2917 1801 2996 1861 είς
3032 1799 3260 1865 ἔνδειξιν
3309 1799 3408 1868 τῆς
3442 1799 3571 1867 περὶ
3607 1799 3754 1869 ἡμᾶς
3809 1795 4028 1864 ἀγαθῆς

765 1899 898 1953 ἀλλὰ
929 1901 1021 1965 τῆς
1057 1896 1434 1963 άπλουστάτης
1491 1894 1584 1946 καὶ
1638 1892 1928 1962 ἐλευθέρας
1968 1892 2202 1960 ἢρτηται
2248 1890 2340 1942 τοῦ
2381 1906 2418 1958 Β
2445 1892 2539 1944 τοῦ
2575 1890 2709 1942 Θεοῦ
2745 1894 3023 1960 προνοίας,
3079 1894 3160 1945 ὅτι
3203 1893 3463 1961 καὶπρὸς
3509 1892 3570 1944 τὸ
3629 1889 3892 1954 εὐξαςθαί
3927 1905 4032 1939 που

767 1992 911 2043 θείου
948 1989 1242 2054 θελήσεως,
1275 1980 1308 2060 ᾗ
1341 1989 1503 2052 νόμος
1550 1984 1728 2046 οὐδείς
1758 1984 1925 2047 ἐστιν,
1961 1981 2071 2036 οὐδ’
2102 1982 2339 2047 ἀνάγκη,

767 2082 908 2150 πλὴν
940 2078 1162 2147 εαυτῆς.
1196 2079 1271 2131 Οὐ
1307 2079 1418 2144 γάρ
1451 2075 1673 2128 δύναταί
1699 2091 1829 2126 ποτε
1859 2075 1908 2125 εί
1945 2073 2020 2141 μὴ
2045 2072 2137 2125 τοῦ
2173 2071 2344 2140 βελτί-

769 2191 895 2228 στου
929 2167 1092 2236 είναι,
1133 2169 1515 2238 ἢὼρισμένως
1551 2169 1582 2236 ἦ
1619 2166 2061 2234 ἀπολελυμένως.
2120 2166 2232 2218 Καὶ
2271 2165 2346 2225 ὡς

771 2265 847 2333 μὴ
881 2263 1008 2314 ὅντα
1035 2262 1301 2329 πρότερον
1336 2258 1510 2310 ἐποίει
1543 2257 1611 2309 τά
1638 2259 1694 2308 ἐν
1723 2256 1798 2326 τῷ
1831 2257 2042 2324 κόσμῳ,
2080 2257 2139 2305 οὐ
2171 2255 2344 2324 δήπου

767 2357 866 2427 τὴν
899 2358 954 2408 ἐν
983 2358 1094 2418 τοῖς
1127 2352 1425 2422 κτίσμασιν
1463 2351 1778 2420 ὡρισμένην
1827 2351 1957 2418 παρ’
2007 2347 2172 2399 αὐτοῦ
2210 2364 2346 2416 συμ-

769 2448 1116 2520 προδιδάζων
1141 2446 1408 2514 ἀνάγκην,
1447 2443 1600 2495 οῦπω
1646 2444 1755 2511 γὰρ
1787 2437 1855 2510 ἦν
1877 2457 1889 2470 ⁸
1921 2439 2064 2494 οὓτω
2095 2441 2186 2490 καὶ
2215 2439 2345 2490 ὄντα

773 2537 1168 2612 μετασκευάζει
1225 2537 1444 2588 ἐπειδὰν
1473 2535 1729 2603 ξβουληθῇ
1778 2533 2208 2600 ὁλοσχερεστάτῃ
2259 2530 2351 2580 καὶ

770 2636 966 2704 ἀρίστῃ
1009 2627 1253 2692 διατάξει
1298 2627 1577 2696 προνοίας,
1620 2628 1713 2679 καὶ
1741 2625 1800 2676 τὸ
1843 2625 2027 2692 μεῖζον
2056 2621 2088 2690 ἢ
2115 2630 2351 2673 κοινότε-

776 2741 868 2794 ρον
907 2721 1108 2788 ἀγαθὸν
1139 2719 1593 2789 διαπραττομένῃ
1653 2717 1791 2787 μετὰ
1819 2715 1914 2768 τεῦ
1951 2716 2090 2784 μήτε
2119 2713 2187 2766 τά
2218 2712 2352 2766 ἀλλα

772 2817 1036 2881 ἀναιρεῖν.

846 2908 1030 2959 Ταῦτα
1060 2906 1115 2959 δέ
1145 2904 1365 2976 συνᾴδει
1401 2901 1586 2962 καλῶς
1640 2903 1754 2962 τοῖς
1808 2899 1867 2963 ἐξ
1915 2897 2086 2969 ἀρχῆς
2133 2897 2356 2966 εἰρημέ-

774 3019 908 3063 νοις,
941 3001 999 3052 ἐν
1033 2994 1112 3060 οἷς
1139 3001 1255 3050 ἐστι
1283 2998 1379 3052 καὶ
1406 2996 1467 3047 τὸ
1487 2995 1578 3047 τὸν
1613 2993 1748 3045 Θεὸν
1784 2994 1856 3061 μὴ
1898 2991 2257 3061 πεποιηκέναι
2288 2989 2355 3041 τὰ

775 3093 904 3146 ὄντα
950 3091 1024 3160 τῷ
1057 3094 1384 3158 πεφυκέναι,
1419 3087 1553 3139 ἀλλά
1584 3084 1660 3154 τῷ
1702 3084 2008 3150 βούλεσθαι.
2039 3081 2101 3134 Εἰ
2229 3082 2358 3151 περὶ

776 3187 842 3238 τὰ
865 3185 1134 3253 κεφάλαια
1163 3182 1257 3236 τοῦ
1286 3181 1632 3250 ἀνθρωπίνου
1668 3176 1781 3247 βίου
1823 3178 1882 3228 τὸ
1908 3176 2017 3227 τῶν
2050 3175 2224 3243 εὐχῶν
2257 3174 2357 3226 οὐκ

2449 1985 2650 2048 ἐνάγει,
2686 1983 2772 2036 ἵνα
2800 1986 2898 2038 σὺν
2939 1987 3231 2056 ὑποσχέσει
3264 1987 3360 2038 τοῦ
3394 1988 3703 2054 ἀμέμπτως
3737 1985 3864 2035 ποτέ
3903 1980 4034 2050 βιώ-

2449 2075 2638 2128 σεσθαι
2688 2077 2783 2129 καὶ
2832 2076 3098 2144 θεοφιλῶς
3167 2079 3334 2130 αὐτοῦ
3381 2079 3670 2147 δεηθέντες
3717 2077 3977 2137 λάϐωσιν,
4007 2073 4038 2124 ὃ

2451 2164 2699 2235 βούλεταί
2720 2170 2908 2231 αὐτοῖς
2938 2169 3136 2222 διδόναι
3163 2169 3562 2238 βελτιωθεῖσιν,
3601 2169 3710 2221 εἴτε
3747 2167 4036 2236 προσθήκη

2451 2262 2594 2330 ζωῆς
2621 2262 2706 2330 εἴη
2732 2261 2913 2328 τοῦτο,
2947 2263 3059 2316 εἴτε
3085 2263 3332 2327 δουλείας
3368 2263 3683 2331 ἀπαλλαγὴ,
3703 2265 3812 2316 εἴτε
3834 2260 4036 2312 ὁτιοῦν.

2451 2360 2641 2423 Οὐδεὶς
2696 2363 2803 2432 γάρ
2864 2363 3035 2427 ἔστιν,
3111 2356 3154 2431 ᾧ
3194 2364 3267 2434 μὴ
3294 2365 3548 2434 ἀφορμὰς
3597 2365 3809 2416 δίδωσιν
3855 2361 4042 2420 ὄθεδς

2452 2452 2791 2523 καθάρσεως,
2827 2454 2972 2523 ἄλλῳ
3019 2455 3208 2521 ἄλλας,
3267 2455 3423 2518 εἰδὼς
3463 2457 3560 2516 μὲν
3608 2457 3723 2508 ὅσοι
3748 2454 3917 2514 αὐτὰς
3941 2454 4037 2520 οὐχ

2455 2545 2818 2613 ἀρπάσουσιν,
2853 2549 2914 2601 τὸ
2951 2549 3005 2601 δέ
3033 2549 3236 2617 ἀνῆκον
3267 2553 3332 2618 τῇ
3366 2550 3667 2618 άγχθότητι
3703 2550 3850 2603 ἅπαν
3875 2550 4041 2601 παντὶ

2455 2640 2532 2706 τῷ
2560 2640 2842 2707 πλάσματι
2880 2642 3262 2710 χαριζόμενος.
3296 2642 3419 2694 Ἴσα
3449 2644 3578 2710 περῖ
3602 2641 3708 2694 τῶν
3732 2641 4041 2696 ὐᾟτολο⁷πων

2455 2733 2568 2793 τοῖς
2598 2749 2657 2784 τε
2713 2731 3116 2801 βελτιουμένοις
3150 2735 3264 2797 τοῖς
3295 2752 3352 2786 τε
3388 2735 3808 2803 άνεπιστρόφως
3860 2735 4041 2801 ἔχουσι

2456 2827 2520 2892 τῇ
2559 2823 2724 2876 αὐτοῦ
2789 2826 2941 2891 μέλει
2992 2826 3340 2898 δικαιοσύνῃ.
3399 2827 3671 2881 Τοιούτων
3727 2829 3955 2896 πλήρεις
3988 2827 4042 2876 αἱ

2461 2917 2607 2983 ίεραὶ
2665 2918 2938 2986 ἱστορίαι·
2982 2920 3077 2970 καὶ
3135 2920 3182 2971 οί
3242 2919 3496 2971 πολύθεοι
3550 2920 3606 2972 δέ
3645 2919 3868 2971 τοιαῦτα
3900 2921 4042 2970 [3:0-

2464 3005 2619 3075 ροῦσι
2655 3008 2849 3070 πολλὰ,
2884 3009 2932 3059 εί
2962 3011 3056 3062 καὶ
3090 3013 3219 3079 περὶ
3275 3011 3342 3064 τὰ
3375 3010 3524 3062 αἴτια
3567 3010 3748 3064 αὐτῶν
3796 3011 3889 3061 καὶ
3921 3011 4045 3067 τοὺς

2463 3099 2700 3166 τρόπους
2737 3100 3141 3180 πεπλάνηνται,
3203 3103 3433 3168 θεότητα
3467 3104 3565 3173 μέν
3605 3121 3726 3155 τινα
3776 3103 3869 3155 καὶ
3896 3104 4048 3154 αὐτοὶ

2463 3191 2783 3259 αἰτιώμενοι
2812 3193 2920 3245 τῶν
2940 3195 3202 3246 τοιούτων
3235 3196 3327 3247 καὶ
3361 3197 3623 3262 πρόνοιαν
3651 3197 3742 3248 καὶ
3778 3197 4047 3262 ἀνάγκην,

777 3279 1081 3344 ἀναιρεῖται
1131 3276 1479 3343 δραστήριονν
1537 3269 1715 3338 πολλῷ
1771 3268 1970 3337 μᾶλλον
2002 3269 2060 3318 έν
2089 3265 2358 3319 διαθέσεσι
2387 3248 2429 3306 C
2463 3285 2814 3353 διανέμοντες
2847 3286 2903 3338 δὲ
2935 3287 3035 3353 τὴν
3067 3288 3301 3356 θεότητα
3344 3288 3445 3339 οὐκ
3504 3288 3744 3350 εὐσεϐῶς
3805 3292 3916 3350 τοῖς
3956 3248 4047 3340 τΙοῦ

779 3373 873 3424 καὶ
931 3368 1084 3430 ὕλαις
1117 3368 1214 3420 καὶ
1249 3366 1472 3434 τρόποις
1527 3364 1621 3415 καὶ
1668 3363 1878 3426 τόποις,
1909 3361 2002 3412 καὶ
2048 3360 2145 3412 ὅσα
2175 3358 2360 3420 ἁπλῶς

779 3465 896 3523 ταῖς
949 3458 1319 3526 ἀνθρωπίναις
1352 3452 1678 3522 πράξεσινῆ
1723 3455 1828 3513 τοῖς
1873 3451 2069 3505 πάθεσι
2098 3450 2359 3501 σύνεισιν.

782 3550 920 3602 υῦτε
955 3549 1060 3618 γὰρ
1094 3546 1378 3617 ὡρισμένα
1415 3548 1480 3597 ἐκ
1509 3543 1720 3597 τούτων
1746 3546 1859 3603 τοῖς
1893 3541 2202 3612 ἀνθρώποις
2229 3540 2361 3591 ἀκο-

781 3642 988 3707 λουθεί,
1035 3639 1160 3692 οὐτε
1209 3639 1289 3690 ἐνὶ
1345 3637 1532 3706 τρόπῳ
1577 3637 1756 3688 πάντα
1793 3635 1924 3687 πᾶσι
1968 3632 2360 3702 συμπλέκεται.

797 3736 937 3788 Ἀλλ’
967 3734 1239 3804 ἐνδέχεται
1297 3731 1394 3801 μὲν
1443 3731 1506 3782 ἐκ
1557 3728 1666 3788 τῶν
1698 3727 1836 3780 αὐτᾶ
1869 3757 1879 3768 -
1917 3727 2052 3796 τῖλε
2106 3725 2365 3778 τάναντία

786 3828 1056 3881 κινεῖσθαι
1106 3826 1205 3887 τάς
1271 3822 1621 3894 ἀνθρωπίνας
1679 3821 1940 3890 αἱρέσεις,
1977 3820 2068 3870 καὶ
2111 3819 2171 3871 οὐ
2206 3821 2366 3886 μόνον

787 3920 1052 3973 πλειόνων
1085 3916 1414 3985 ἀνθρώπων,
1451 3915 1588 3966 ἀλλά
1641 3915 1737 3964 καὶ
1779 3910 1885 3964 τῶν
1919 3911 2097 3963 αὐτῶν
2133 3912 2190 3961 ἐν
2222 3909 2366 3978 ἄλλῳ

787 4015 881 4067 καὶ
913 4014 1057 4081 ἄλλῳ
1090 4012 1290 4079 χρόνῳ,
1331 4007 1407 4070 ὡς
1437 4007 1492 4059 δὲ
1525 4007 1616 4062 καὶ
1649 4007 1711 4058 ἐκ
1745 4005 1853 4059 τῶν
1901 4003 2156 4056 ἐναντίων
2188 4002 2220 4070 ἢ
2256 4002 2367 4053 δια-

788 4107 972 4175 φόρων
1007 4105 1282 4171 ἐνδέχεται
1307 4102 1444 4170 πρὸς
1475 4101 1535 4152 τὸ
1567 4101 1634 4150 τα
1668 4099 1810 4151 αὐτά
1855 4098 2151 4167 αἱρεῖσθαι,
2179 4096 2368 4161 ἐνάγε-

791 4198 938 4251 σθαι.
993 4195 1104 4249 Καὶ
1157 4193 1731 4263 ἐμπεριλαμϐάνονται
1793 4190 1892 4258 μὲν
1927 4192 1991 4258 τῇ
2028 4188 2268 4253 διατάξει
2303 4190 2368 4257 τῇ

791 4288 942 4358 θείᾳ·
970 4287 1072 4338 οὐκ
1100 4284 1502 4352 ἐκπληροῦνται
1543 4281 1588 4334 δ’
1623 4283 1709 4334 ἀεὶ
1744 4281 1920 4333 πάντα
1969 4279 2238 4351 ίδιαιτάτῃ
2273 4279 2372 4345 τῆς

792 4379 942 4438 θείας
993 4377 1214 4447 χάριτος
1258 4374 1629 4442 ἐκπληρώσει,
1679 4372 1867 4440 ὥσπερ
1911 4371 1976 4423 τὰ
2011 4371 2138 4438 τέλη
2170 4372 2368 4432 αὐτῶν,

791 4470 907 4524 ἀλλ’
943 4470 1017 4530 ὡς
1049 4467 1443 4536 προηγούμενα
1481 4469 1643 4534 μόνον
1684 4465 1717 4534 ἢ
1768 4460 2240 4515 ἐπακολουθοῦντα
2274 4462 2370 4512 αὐ-

791 4565 905 4624 τοῖς
936 4559 1170 4612 ἐνώπιόν
1208 4560 1312 4610 εἰσι
1364 4558 1474 4610 τῶν
1521 4557 1818 4624 ὀφθαλμῶν
1845 4554 1934 4606 τοῦ
1969 4553 2128 4616 Θεοῦ,
2158 4553 2252 4604 καὶ
2299 4551 2373 4612 ὡς

793 4656 860 4710 δι’
914 4655 1095 4708 αὐτῶν
1134 4653 1369 4704 ἑκάστου
1403 4649 1694 4718 ἀνθρώπου
1731 4650 1822 4702 ἐπὶ
1872 4649 1941 4700 τὰ
1977 4647 2249 4713 κεφάλαια
2282 4643 2375 4695 τοῦ

799 4751 933 4803 ἰδίου
964 4748 1079 4817 βίου
1115 4744 1707 4813 παρασκευαζομένου.
1747 4742 1827 4810 Τῇ
1869 4741 1925 4793 δὲ
1961 4741 2110 4806 τάξει
2144 4739 2252 4790 τῶν
2284 4754 2378 4804 με-

801 4841 971 4912 ρικῶν
1003 4837 1196 4891 αἰτίων
1234 4835 1483 4904 ἀφίενται
1504 4835 1577 4898 ὡς
1605 4836 1814 4887 ἐπίπαν
1838 4835 1935 4886 καὶ
1959 4837 2024 4903 τῇ
2058 4832 2379 4901 ἀνθρωπίνῃ

800 4933 987 5002 βουλῇ.

883 5023 972 5077 Ἐν
1004 5023 1213 5086 τούτοις
1268 5016 1362 5074 οῦν
1400 5023 1491 5074 καὶ
1546 5021 1784 5089 μάλιστα
1812 5021 1922 5073 τῶν
1972 5020 2148 5088 εὐχῶν
2183 5021 2211 5070 ὁ
2247 5019 2380 5078 Θεὸς

801 5118 1088 5175 ἐπακούων
1117 5119 1195 5187 τῷ
1231 5121 1352 5180 ταῖς
1407 5117 1777 5184 ἀνθρωπίναις
1809 5114 2119 5175 ἀσθενείαις
2159 5114 2382 5180 συντρέ-

802 5233 917 5286 χειν
980 5215 1079 5284 τὴν
1126 5214 1235 5265 τῶν
1290 5211 1532 5281 μερικῶν
1570 5210 1831 5262 τοιούτων
1883 5207 2126 5273 διάταξιν
2160 5209 2295 5276 πρὸς
2321 5207 2383 5258 τὺ

805 5305 1086 5373 συμφέρον
1131 5302 1394 5363 πολλάκις
1453 5301 1757 5371 μεταποιεῖ,
1813 5300 1950 5367 μετά
2003 5299 2097 5351 τοῦ
2149 5300 2244 5352 καὶ⁸
2285 5299 2382 5361 τὰς

805 5400 1055 5468 θελήσεις
1090 5396 1199 5448 τῶν
1247 5395 1552 5464 ἀνθρώπων
1605 5393 1841 5445 ἔσθ’Ἒτε
1902 5392 2200 5463 προσάγειν
2235 5392 2384 5460 αὐτῷ

804 5494 902 5553 τὰς
942 5491 1157 5543 οἴκοθεν
1205 5491 1550 5557 κινουμένας.
1622 5487 1962 5555 ’ἱκετεύομεν
1995 5487 2050 5538 δέ
2108 5487 2200 5538 καὶ
2247 5487 2383 5555 ὑπὲρ

807 5583 1009 5650 ἀμφοῖν
1039 5579 1246 5632 τούτων
1286 5580 1332 5630 οί
1370 5577 1646 5646 ἄνθρωποι
1671 5595 1684 5609 ο
1716 5578 1809 5629 καὶ
1844 5577 1940 5646 οὐχ
1974 5570 2085 5629 οἷόν
2112 5577 2160 5626 τ’
2195 5571 2263 5646 ἦν
2294 5578 2386 5627 τὶν

810 5673 1157 5742 ὐπεράγαθον
1186 5674 1296 5734 τοῖς
1319 5671 1379 5724 τὸ
1413 5671 1692 5738 συμφέρον
1718 5670 1932 5723 αἰτοῦσι
1965 5671 2099 5740 πρδς
2130 5670 2226 5738 τὴν
2252 5687 2387 5740 προ-

808 5765 1068 5834 κειμένην
1125 5764 1290 5832 ζωὴν,
1318 5758 1385 5833 ἦς
1436 5761 1715 5832 προύργου
1767 5762 2056 5831 ἐπιθυμεῖν
2083 5762 2386 5829 φαίνονται,

812 5859 886 5928 μὴ
919 5859 983 5912 τά
1015 5874 1072 5910 τε
1101 5856 1299 5921 ἔξωθεν
1327 5856 1626 5926 κωλύματα
1660 5857 1923 5926 ἀναιρεῖν,
1962 5860 2054 5906 καὶ
2080 5857 2176 5917 τας
2208 5855 2386 5924 ψυχὰς

2468 3375 2630 3444 μόνου
2657 3376 2792 3428 Θεοῦ
2844 3377 3135 3444 ποιήμασι,
3164 3379 3301 3446 πρὸς
3334 3378 3392 3430 τδ
3425 3379 3673 3441 αἰτιῶδες
3727 3380 3906 3431 αὐτῶν
3929 3380 4051 3448 ἐξη-

2466 3463 2608 3537 πατη
2621 3469 2792 3537 μένοι,
2819 3469 2916 3536 τὴν
2939 3469 2994 3521 δέ
3023 3470 3285 3538 πρόνοιαν
3314 3470 3344 3538 ἢ
3373 3471 3432 3521 οὐ
3458 3472 3724 3540 πάντωνῆ
3753 3473 3850 3524 οὐκ
3878 3473 4051 3539 ὀρθῶς

2466 3559 2737 3628 λέγοντες,
2790 3563 2891 3628 τήν
2948 3577 3005 3611 τε
3079 3560 3329 3628 ἀνάγκην
3367 3561 3640 3629 ίδρύοντες
3676 3562 3804 3615 ἔνθα
3833 3564 3890 3614 οὐ
3925 3564 4052 3630 χρὴ,

2469 3652 2566 3704 σὺν
2589 3650 2819 3721 οὐδεμιᾷ
2859 3650 3033 3716 λόγων
3061 3651 3300 3720 ἀνάγκῃ,
3338 3652 3432 3703 καὶ
3463 3652 3490 3703 ὃ
3525 3652 3712 3719 μεῖζόν
3747 3656 3910 3713 ἐστιν,
3947 3655 4056 3707 οὐδ’

2467 3742 2592 3794 οῦτε
2634 3743 2816 3809 σφίσιν
2864 3742 3047 3805 αὐτοῖς
3073 3743 3320 3806 ἕκαστοι,
3357 3743 3479 3796 οὐτε
3507 3745 3756 3815 ἀλλήλοις
3791 3748 4055 3816 ὁμόλογον

2470 3850 2773 3896 αςιουντες.

2555 3926 2644 3978 Ἐν
2672 3927 2884 3989 τούτοις
2945 3929 3079 3980 πᾶσι
3113 3930 3227 3992 τοῖς
3257 3933 3385 4000 περὶ
3443 3931 3595 3993 θείας
3637 3933 4059 4002 φιλανθρωπίας

2475 4017 2887 4085 ίστορουμένοις
2946 4019 3082 4086 μετά
3110 4020 3202 4072 τοῦ
3232 4021 3404 4074 ταῦτά
3447 4039 3504 4074 τε
3562 4023 3737 4089 ἀληθῆ
3769 4020 3932 4091 εἶναι,
3963 4027 4061 4078 καὶ

2447 4108 2622 4189 ¹ἡμᾶς
2651 4109 2936 4179 ὀρθοτάτῳ
2961 4111 3211 4179 λογισμῷ
3235 4113 3614 4182 κεχρημένους
3643 4114 3899 4185 εῦχεσθαι
3935 4119 4064 4186 περὶ

2473 4195 2548 4254 ὧν
2575 4201 2680 4270 χρὴ
2713 4201 2791 4269 τῷ
2836 4203 3193 4270 Δημιουργῷ,
3228 4206 3321 4256 καὶ
3353 4205 3410 4256 τὸ
3458 4207 3555 4274 τῆς
3598 4207 3748 4271 θείας
3804 4212 4066 4277 προνοίας

2431 4292 2892 4359 τπροωρισμένον
2947 4297 3040 4344 καὶ
3082 4294 3464 4363 ἀμετάϐλητον
3519 4298 3868 4361 διασώζεται.
3923 4302 4067 4355 Οῦτε

2475 4381 2584 4451 γὰρ
2615 4382 2704 4434 διὰ.
2737 4383 2798 4433 τὸ
2851 4383 3005 4446 ἅπαξ
3038 4384 3068 4453 ἢ
3099 4385 3178 4446 δὶς
3211 4389 3400 4453 στῆναι
3425 4388 3518 4440 τοῦ
3552 4389 3755 4459 δρόμου
3795 4393 3884 4443 τὸν
3911 4395 4070 4462 ἥλιον

2477 4476 2544 4542 τῇ
2575 4473 2668 4524 τοῦ
2694 4473 3023 4543 ποιήσαντος
3062 4474 3323 4546 αὐθεντία
3356 4479 3387 4546 ἡ
3419 4479 3548 4548 περὶ
3603 4482 3766 4532 αὐτὸν
3797 4482 4068 4552 ἧμειπται

2413 4603 2455 4660 D
2483 4565 2709 4618 καθόλου
2743 4566 2841 4633 τῆς
2877 4568 3136 4632 προνοίας
3171 4567 3437 4632 διάταξις,
3492 4572 3604 4622 οὐτ’
3651 4573 3756 4636 ἔξω
3801 4575 3908 4625 τῶν
3943 4580 4072 4646 περὶ

2484 4655 2636 4722 ἡλίου
2669 4658 3104 4725 προωρισμένων
3127 4661 3222 4710 καὶ
3255 4661 3414 4711 τοῦτο
3436 4655 3530 4728 ἦν.
3574 4664 3681 4715 Καὶ
3722 4667 3972 4728 Ἐζεκῖαξ
4016 4671 4071 4720 δ;

2482 4749 2804 4817 προσθήκην
2866 4748 3010 4816 ζωῆς
3073 4751 3382 4817 ἐλάμϐανεν
3432 4757 3496 4806 ἐκ
3527 4755 3627 4822 τῆς
3667 4759 3796 4825 περὶ
3821 4761 3912 4810 τὸν
3956 4760 4075 4828 βίον

2484 4837 2846 4906 μεταμελείας
2881 4841 2974 4891 καὶ
2997 4843 3320 4910 καταφυγῆς
3354 4843 3616 4906 εὐσεϐοῦς
3643 4847 3780 4914 πρὶς
3800 4849 3892 4898 τ’,ν
3923 4850 4078 4919 ζωῆς

2482 4931 2678 4991 αἴτιον,
2715 4930 2890 4991 οὕτως
2926 4931 3390 5001 οίκονομήσαντος
3425 4937 3520 4987 τοῦ
3554 4937 3710 5001 Θεοῦ,
3753 4941 3845 4990 καὶ
3879 4945 4078 5010 ὁρισαο

2489 5024 2652 5089 μένου
2707 5023 2772 5074 ἂν
2808 5023 2930 5074 τότε
2965 5023 3421 5093 ὁμολογουμένως
3456 5028 3608 5095 αὐτῷ
3641 5029 3737 5098 τὴν
3769 5031 3939 5098 ζωὴν,
3981 5036 4078 5087 καὶ

2481 5115 2801 5183 ἠπείλησεν,
2855 5114 2902 5164 εί
2952 5115 3023 5182 μὴ
3077 5117 3342 5182 μετενόει.
3390 5118 3530 5170 Ἀλλ’
3557 5120 3618 5172 οὐ
3653 5122 3786 5190 παρ’
3819 5125 4077 5175 ἐντεῦθεν

2484 5207 2512 5257 ὁ
2538 5207 2681 5268 θεῖος
2712 5207 2958 5276 ἠμείφθη
2989 5211 3327 5279 προορισμδς
3367 5209 3502 5284 περϊ
3527 5214 3623 5283 τῆς
3656 5217 3888 5269 ἑκάστου
3926 5218 4078 5284 ζωῆς

2485 5315 2544 5349 τε
2598 5300 2694 5350 καὶ
2726 5300 3010 5368 τελευτῆς,
3047 5302 3104 5352 ἐν
3166 5295 3209 5369 ᾧ
3256 5306 3571 5373 περιέχεται
3597 5309 3691 5359 καὶ
3718 5309 3778 5360 τὸ
3806 5310 4078 5364 δύνασθαι

2486 5389 2660 5442 ταῦτα
2688 5391 2987 5442 διατιθέναι
3018 5393 3154 5460 πρὸς
3185 5393 3245 5455 τὸ
3281 5397 3565 5464 συμφέρον
3589 5400 3682 5450 τδν
3710 5401 3943 5453 θανάτου
3984 5406 4078 5453 καὶ

2489 5482 2633 5551 ζωῆς
2665 5484 2891 5553 Κύριον.
2938 5483 3064 5536 Οῦτ’
3095 5484 3202 5547 ἔξω
3235 5487 3343 5538 τῶν
3375 5490 3504 5558 περὶ
3560 5490 3804 5554 Ἐζεκὲου
3833 5511 4080 5562 προωρι-

2492 5576 2707 5643 σμένων
2736 5579 2831 5630 καὶ
2865 5575 3010 5628 τοῦτ’
3039 5573 3105 5646 ἦν
3132 5578 3190 5630 τὸ
3215 5579 3517 5647 εὐξάμενον
3542 5585 3638 5636 σὺν
3664 5584 3950 5652 βελτιώσει
3983 5586 4078 5637 τοῦ

2493 5669 2605 5738 βίου
2655 5670 2976 5739 προσθήκην
3019 5669 3224 5739 ταύτην
3282 5672 3489 5739 λαὸεῖν,
3540 5677 3632 5728 καὶ
3678 5678 3704 5729 ὃ
3738 5695 3868 5730 ποτε
3901 5679 4081 5746 πέρας

2491 5767 2588 5832 τῆς
2623 5765 2751 5834 περὶ
2792 5770 2881 5817 τὸν
2945 5766 3199 5830 Ἐζεκίαν
3242 5769 3473 5821 καθόλου
3509 5771 3659 5833 θείις
3694 5773 3953 5840 προνοίας
3987 5770 4079 5841 ἦν,

2493 5858 2636 5911 τοῦτ’
2666 5861 2951 5929 ἀμήχανον
2983 5857 3051 5929 ἦν
3083 5863 3542 5933 μεταποιηθῆναι.
3590 5867 3754 5920 Ὥστε
3793 5869 3841 5921 εί
3880 5869 3972 5922 καὶ
3996 5868 4079 5930 δὶς
