4388 6460
357 384 492 448 1145

1337 387 1437 446 DE
1479 380 2240 453 l’REDESTINATlON—E
2281 395 2516 456 LIBER
2553 397 2646 455 IV.

3459 405 3592 464 ΗΔΒ

352 494 547 594 νηρούς
581 495 772 594 τεέκαξ
806 493 1047 594 ἀγαθοῖς
1082 495 1139 548 εν
1170 512 1230 563 γε
1271 499 1382 594 τοῖς
1421 498 1559 594 πρὲς
1607 499 1705 568 τὴν
1736 500 1926 570 χρείαν
1957 509 1996 562 Δ
2030 524 2114 574 ροι
2148 508 2289 561 κατά
2327 509 2428 579 τὴν
2474 509 2584 561 τῶν
2606 511 2798 594 ,τόπων
2843 511 3123 580 διαφοράν.
3178 516 3278 570 Ἐκ
3307 517 3361 568 δέ
3395 519 3502 571 τῶν
3535 523 3592 573 ἐν

351 589 447 651 τῆς
480 585 713 639 ἐνταῦθα
745 586 891 654 ζωῆς
943 589 1243 656 ἀνήκουσιν
1290 589 1352 641 οὐ
1413 588 1574 660 μόνον
1610 591 1823 660 βρέχων
1858 610 1918 645 τε

351 675 518 725 πᾶσιν
541 673 741 740 ὁμοίως
762 674 856 726 καὶ
886 675 978 727 τὸν
1006 675 1159 744 ήλιον
1193 675 1398 742 φαίνω]
1430 678 1523 730 καὶ
1556 681 1734 732 πάντα
1763 678 1921 750 δὴντά

350 763 576 817 τοιαῦτα
594 763 783 824 ποιῶν.
803 765 938 818 ἀλλά
960 769 1052 818 καὶ
1077 766 1334 819 κινδύνων
1356 770 1647 838 προφανῶν
1670 771 1920 840 ἐξαιρού-

353 870 532 922 μενος,
548 855 668 907 οὐδέ
692 857 931 922 πιστοὺς,
959 859 1119 926 μόνον
1138 858 1274 911 ἀλλά
1291 861 1383 911 καλ⁵
1403 859 1664 922 ἀπίστους
1681 863 1784 915 ὐπὸ
1803 862 1917 930 φιλ·

350 945 689 1015 ανθρωπίας,
718 948 810 999 καὶ
836 947 1038 1014 μᾶλλον
1060 948 1107 1000 εί
1135 948 1360 1010 δικαίως
1394 948 1559 1018 βιοῖεν
1578 965 1592 980 ⁸
1629 950 1753 1017 δόξα
1788 952 1916 1022 γάρ,

350 1039 506 1102 φησὶ,
530 1037 702 1090 ταῦτα
724 1037 967 1101 δηλονότι
1005 1040 1096 1090 καὶ
1125 1034 1408 1102 δικαίωσις
1439 1043 1499 1092 ἐκ
1534 1040 1670 1093 Θεοῦ
1699 1038 1775 1109 τῷ
1826 1043 1922 1112 ἐρ-

351 1125 642 1197 γαζομένῳ
665 1128 724 1180 τὸ
745 1128 973 1215 ἀγαθὸν,
1021 1128 1255 1197 μάλιστα
1293 1131 1390 1200 μὲν
1423 1131 1661 1202 Ἰουδαίῳ
1692 1131 1767 1200 τῷ
1792 1133 1920 1202 περὶ

351 1219 443 1270 τὸν
471 1219 568 1272 ινα
596 1219 732 1272 Θεὸν
762 1219 1100 1287 εὐσεϐοῦντι,
1129 1216 1246 1274 εἶτα
1291 1222 1388 1276 καὶ
1425 1222 1648 1294 Ἕλληνι
1679 1223 1756 1293 τῷ
1790 1226 1921 1293 περὶ

351 1311 422 1362 τὰ
452 1310 572 1362 θεῖα
605 1311 1013 1382 πεπλανημένῳ
1038 1329 1052 1344 ·
1083 1313 1184 1376 τῆς
1221 1313 1319 1378 μέν
1365 1314 1475 1384 γάρ
1524 1315 1780 1379 ἀπιστίας
1806 1317 1934 1374 ἐκεῖ

351 1404 442 1454 τὸν
473 1402 571 1455 οὐκ
607 1403 806 1473 εὐτυχῆ
837 1403 1052 1472 καρπὸν
1092 1404 1349 1473 λήψεται,
1381 1406 1480 1474 τῆς
1510 1406 1555 1457 δ’
1591 1405 1756 1474 ἄλλης
1790 1403 1922 1485 ἀγα·
1973 1404 1980 1412 ’

352 1495 608 1564 θοεργίας
660 1496 760 1549 οὐκ
809 1495 1040 1565 ἀμισθος
1107 1497 1342 1549 ἐνταῦθα
1397 1497 1916 1568 καταλειφθήσεται.

351 1585 570 1639 Μᾶλλον
600 1585 662 1638 δέν
691 1587 818 1648 τούς
868 1587 1109 1649 ἀγαθοὺς
1160 1589 1383 1658 ἀγαπᾷν
1427 1588 1646 1654 λέγεται
1687 1590 1752 1657 τῇ
1786 1588 1920 1656 πρὸς

351 1678 453 1745 τὴν
500 1676 675 1746 ἀληθῆ
729 1695 788 1731 τε
843 1681 938 1731 καὶ
978 1679 1281 1748 μέλλουσαν
1327 1678 1472 1748 ζωήν
1510 1670 1812 1745 ἀποϐλέψει
1845 1677 1920 1739 ὠς

352 1767 492 1836 πρὸς
532 1767 704 1837 αὐτὴν
745 1770 926 1836 μόνοις
962 1770 1244 1840 συνεργῶν
1284 1771 1398 1831 τοῖς
1442 1769 1681 1837 πρώτοις
1725 1769 1918 1836 ἐπιμεο

352 1859 582 1928 ληθῆναι
621 1861 935 1931 ἠγαπηκόσι
962 1864 1307 1932 συνεργήσας
1357 1862 1422 1914 ἂν
1460 1862 1555 1915 καὶ
1589 1862 1755 1913 πᾶσιν
1783 1857 1837 1910 εί
1859 1876 1919 1926 γε
1956 1845 1996 1905 Β

353 1953 657 2019 ἐϐούλοντο,
689 1954 890 2024 μᾶλλον
937 1953 993 2006 δέ
1028 1955 1119 2005 καὶ
1170 1952 1514 2020 συνεργήσας
1549 1951 1765 2012 οἰκείως
1819 1949 1922 2010 ἕως
1953 1985 1962 2013 ;

357 2047 564 2114 ἔδειξαν
607 2049 666 2101 οὐ
715 2047 1012 2118 χρῄζοντες
1065 2043 1472 2112 συνεργεῖσθαι.
1502 2043 1606 2105 Τάς
1663 2042 1708 2095 δ’
1758 2040 1924 2102 άλλας

354 2141 455 2207 τῆς
508 2140 660 2213 ἱεράς
710 2139 940 2210 Γραφῆς
988 2138 1294 2202 ἀποφάσεις
1348 2136 1479 2202 περὶ
1514 2133 1622 2185 τῶν
1652 2134 1749 2200 τῆς
1783 2131 1925 2198 ζωῆς

356 2232 500 2302 ὅρων
529 2231 585 2284 ἐν
613 2247 673 2283 τε
704 2233 813 2293 τοῖς
845 2230 1067 2296 ἀγαθοῖς
1121 2229 1217 2280 καὶ
1251 2229 1360 2288 τοῖς
1400 2225 1626 2294 φαύλοις
1672 2227 1765 2277 καὶ
1811 2226 1925 2286 τοῖς

358 2325 438 2387 είς
466 2303 564 2392 τήν
604 2321 823 2376 αίώνιον
858 2320 1293 2390 προωρισμένοις
1325 2318 1469 2386 ζωὴν
1493 2319 1584 2370 καὶ
1617 2317 1729 2376 τοῖς
1750 2314 1924 2383 αὐτῆς

357 2413 973 2484 ἀποδεδοκιμασμένοις,
1008 2414 1100 2465 καὶ
1128 2411 1202 2474 ὡς
1237 2411 1488 2479 ἑκάτεροι
1513 2406 1648 2461 θεοῦ
1684 2408 1925 2476 προστά-

359 2507 436 2570 ξει
473 2507 565 2558 καὶ
593 2506 728 2570 ζῶσι
763 2507 854 2558 καὶ
904 2505 1231 2574 θνήσκουσιν
1265 2505 1322 2554 ἐν
1363 2504 1476 2564 τοῖς
1518 2501 1808 2570 προτέροις
1837 2500 1927 2551 λό-

357 2615 475 2664 γοις
505 2598 628 2666 δψει
657 2597 1140 2667 συνηθροισμένας.
1177 2594 1445 2649 Ἐνταῦθα
1477 2594 1536 2648 δὲ
1567 2595 1698 2663 ἡμῖν
1720 2596 1748 2646 ό
1783 2595 1926 2656 θεῖος
1967 2606 1976 2617 ‘

358 2689 572 2752 Παῦλος
598 2690 783 2759 ἀρκεῖ.
819 2688 926 2740 Καὶ
970 2688 1097 2755 περὶ
1130 2686 1230 2756 μέν
1271 2685 1370 2738 τοῦ
1399 2685 1546 2738 θείου
1587 2682 1925 2753 προορισμοῦ

356 2778 613 2832 τοσοῦτον
647 2780 703 2831 ἐν
736 2778 815 2847 τῷ
847 2778 1076 2847 παρόντι
1107 2776 1213 2828 τῶν
1242 2776 1417 2830 ἀλλων
1444 2790 1526 2826 σοι
1563 2776 1739 2841 λόγων
1779 2774 1928 2840 ἐχόν-

358 2888 468 2922 των
503 2871 676 2923 πάντα
705 2869 900 2940 δηλοῦν
947 2869 982 2922 ἃ
1021 2871 1085 2938 τῇ
1130 2866 1258 2937 περὶ
1285 2866 1477 2919 τούτου
1532 2865 1720 2932 σκέψει
1755 2881 1926 2932 προσ-

357 2962 482 3031 ήκει
508 2977 522 2992 ο
560 2961 688 3014 ἄλλο
731 2960 784 3013 δέ
815 2977 867 3011 τι
916 2957 1013 3025 σῆς
1043 2959 1257 3020 εὐνοίας
1307 2958 1469 3025 χάριν
1499 2954 1870 3026 προστίθεμεν
1899 2955 1928 3007 δ

356 3056 452 3106 καὶ
480 3053 654 3122 πέρας
700 3053 856 3104 ἔσται
897 3051 992 3103 τοῦ
1025 3051 1206 3117 λόγου.
1243 3051 1347 3101 Τὸν
1381 3049 1711 3118 φαινόμενον
1737 3049 1927 3101 τοῦτον

358 3145 500 3214 ὐπέρ
527 3144 632 3212 γῆν
668 3143 871 3211 κόσμον
913 3143 1016 3195 ὐπδ
1064 3143 1230 3208 νόμον
1260 3141 1383 3193 τινὰ
1414 3140 1718 3209 πεποίηκεν
1744 3143 1772 3192 ό
1798 3139 1930 3202 Θεὸς

357 3233 655 3303 πολυσχιδῆ
710 3233 802 3285 καλ⁵
861 3233 1057 3300 σοφίας
1107 3232 1309 3299 πολλῆς
1360 3231 1624 3299 γέμοντα,
1675 3230 1750 3292 ὡς
1797 3229 1862 3282 ἂν
1893 3232 1926 3296 ή

355 3326 615 3394 διάφορος
665 3317 759 3378 καὶ
806 3323 1029 3392 ποικίλη
1060 3323 1169 3376 τῶν
1207 3323 1263 3374 ἐν
1295 3321 1445 3391 αὐτῷ
1493 3322 1679 3391 μερῶν
1713 3321 1926 3386 κίνησις

355 3420 449 3472 καὶ
477 3418 760 3479 διάστασίς
786 3433 844 3469 τε
882 3417 973 3468 καὶ
1007 3415 1308 3485 συνδρομὴ,
1341 3413 1669 3466 δουλεύουσα
1700 3412 1777 3480 τῷ
1802 3411 1930 3479 θείῳ

356 3511 646 3581 θελήματι,
671 3509 807 3578 πρὸς
822 3510 921 3578 τήν
953 3508 1060 3560 τῶν
1079 3507 1322 3574 γενητ·ἷ›ν
1341 3508 1434 3559 καὶ
1450 3505 1706 3574 φθαρτῶν
1720 3503 1927 3556 τούτων

357 3603 593 3671 ὓπαρξιν
611 3604 705 3655 καὶ
720 3601 992 3671 διαδοχὴν,
1017 3599 1053 3653 ἀ
1071 3599 1248 3651 πάντα
1281 3598 1442 3666 χάριν
1467 3596 1628 3666 ἡμῶν
1662 3597 1790 3661 εἱσι,
1819 3597 1930 3647 τῶν

358 3695 665 3765 ἀνθρώπων
709 3693 805 3747 καὶ
852 3693 1126 3764 διαφόρων
1158 3691 1627 3758 ἀποτελεσμάτων
1659 3690 1808 3742 αἰτία
1843 3689 1934 3755 γί-’

356 3806 536 3857 νηται,
570 3790 669 3841 οὐκ
694 3787 914 3839 εἰδότων
947 3787 1047 3855 μέν
1076 3786 1254 3838 αὐτῶν
1287 3785 1397 3835 τῶν
1445 3785 1537 3835 τοῦ
1593 3783 1797 3850 κόσμου
1835 3799 1930 3850 με-

361 3870 472 3954 ρῶν
520 3881 557 3937 ἃ.
600 3881 841 3946 ποιοῦσι,
884 3882 1004 3942 ταῖς
1035 3878 1094 3933 δέ
1128 3876 1467 3938 ἐντεθείσαις
1506 3875 1692 3937 αὐτοῖς
1745 3873 1934 3926 θεόθεν

358 3973 760 4044 ἐπιτηδειότησι
790 3972 930 4042 πρὸς
977 3971 1038 4023 τὸ
1086 3967 1314 4023 τοιαῦτα
1345 3969 1523 4021 ποιεῖν
1572 3965 1841 4030 ἀκουσίως
1873 3983 1933 4019 τε

360 4065 451 4130 καὶ
488 4062 733 4131 φυσικῶς
761 4061 1143 4115 δουλευόντων.
1183 4059 1347 4113 Ὅθεν
1377 4060 1494 4120 ταῖς
1522 4056 1803 4126 διαφόροις
1836 4057 1936 4124 μέν

357 4152 563 4219 αὐτῶν,
595 4152 881 4215 εὐτάκτοις
925 4151 980 4205 δὲ
1014 4152 1296 4220 κινήσεσιν
1334 4149 1736 4219 ἐπιστήσαντες
1777 4148 1934 4212 ἐνιοι,

359 4245 480 4302 εἶτα
512 4247 624 4310 τοῖς
663 4245 944 4315 διαφόροις
977 4243 1161 4297 αὐτῶν
1210 4241 1654 4311 ἀποτελέσμασιν
1715 4243 1773 4294 ἐν
1821 4244 1935 4303 τοῖς

359 4337 617 4392 ύποκάτω
647 4335 858 4402 τούτοις
886 4337 1000 4398 τοῖς
1029 4335 1279 4404 γενητοῖς
1307 4333 1512 4403 τέχνην
1552 4333 1654 4403 μὲν
1685 4331 1936 4385 ἐντεῦθεν

359 4429 765 4498 συνεστήσαντο
799 4426 943 4480 πάνυ
999 4425 1260 4488 συνετῶς,
1288 4425 1354 4478 τά
1403 4423 1633 4478 τοιαῦτα
1668 4422 1938 4493 ζητοῦσαν

2027 601 2138 658 τοῖς
2173 601 2416 665 γενητοῖς
2435 600 2644 664 τούτοις
2671 600 2851 669 νόμων
2878 605 2912 656 ἃ
2947 605 3055 655 τῶν
3096 605 3400 674 ἀνθρώπων
3430 609 3592 682 χάριν

2027 688 2268 756 γίνονται
2296 691 2390 743 καί
2421 693 2558 744 είσιν
2603 693 2658 746 αί
2686 693 2940 761 διάφοροι
2969 695 3080 746 τῶν
3119 695 3424 764 ἀνθρώπων
3458 699 3592 764 πρὸς

2025 779 2087 832 τὸ
2121 779 2221 849 ζῇν
2269 782 2451 850 χρεῖαι
2503 781 2882 851 πληροῦνται·
2933 784 3197 845 ὡσαύτως
3253 787 3318 838 ἐκ
3375 789 3484 838 τῶν
3535 787 3594 838 ἐν

2025 871 2332 940 ἀνθρώποις
2367 872 2612 939 φυσικῶν
2645 872 2824 942 νόμων
2854 874 2886 942 ή
2915 873 3022 926 τῶν
3044 875 3349 944 ἀνθρώπων
3378 876 3592 928 διοικεῖ-

2025 979 2115 1016 ται
2150 964 2302 1031 ζωήγο
2327 963 2450 1016 οὑδέ
2488 962 2807 1018 συνίσταται
2853 964 3035 1032 μόνον,
3081 965 3217 1019 ἀλλὰ
3251 967 3344 1021 καὶ
3379 966 3588 1037 3:619:-

2024 1073 2138 1110 ται.
2184 1055 2614 1124 ’Υποδείγματος
2653 1057 2838 1125 χάριν,
2863 1057 3028 1125 νόμος
3080 1057 3196 1109 ἐστι
3241 1058 3469 1125 φυσικὸς
3498 1058 3593 1110 τοῦ

2026 1147 2371 1218 κυϐερνήτου
2407 1147 2588 1210 καλῶς
2618 1148 2819 1211 εἰδότος
2848 1149 3140 1218 κυϐερνᾷν,
3165 1151 3256 1202 καὶ
3277 1150 3368 1203 τοῦ
3395 1151 3596 1220 ναυάρ-

2026 1257 2122 1310 χου
2154 1238 2439 1310 νουνεχοῦς
2472 1239 2627 1302 ὄντος
2677 1241 2777 1309 τὴν
2818 1241 2948 1294 ναῦν
2995 1240 3382 1306 διασώζεσθαι,
3409 1243 3476 1294 ἂν
3520 1245 3593 1311 μὴ

2026 1332 2294 1401 κρείττων
2339 1331 2562 1399 ἀπάσης
2611 1331 2807 1400 τέχνης
2871 1334 2964 1386 καὶ
3018 1333 3290 1396 συνέσεως
3323 1335 3350 1385 ὁ
3385 1333 3595 1386 κλύδων

2027 1424 2272 1491 γένηται.
2330 1424 2429 1476 “Av
2478 1424 2534 1476 δέ
2586 1424 2981 1492 ἀνεπιστήμων
3038 1427 3067 1478 ό
3119 1425 3399 1494 κυϐερνῶν
3499 1427 3532 1495 ἢ
3570 1430 3597 1480 ό

2027 1516 2294 1585 ναύαρχος
2343 1519 2439 1569 καὶ
2467 1515 2628 1570 εἰδότι
2674 1517 2751 1584 τῷ
2782 1517 3091 1588 κυϐερνήτῃ
3122 1517 3196 1587 μὴ
3233 1517 3360 1587 θέλῃ
3394 1519 3595 1586 προσέ-

2028 1630 2143 1683 χειν
2178 1613 2299 1682 μηδ⁸
2333 1613 2443 1681 ἐῴη
2486 1611 2758 1681 κυϐερνᾷν
2786 1594 2950 1663 αὐτόν
2983 1611 3058 1672 ὡς
3089 1610 3405 1670 ἐπίσταται,
3434 1613 3596 1678 νόμος

2029 1705 2143 1756 ἐστι
2172 1703 2268 1770 τὴν
2298 1702 2433 1755 ναῦν
2465 1701 2801 1755 ἀπόλλυσθαι
2844 1700 3117 1762 κλύδωνος
3154 1700 3472 1768 ἐγερθέντος
3503 1718 3599 1765 με-

2027 1793 2194 1861 γάλου
2225 1793 2257 1861 ή
2302 1793 2395 1845 καὶ
2422 1791 2690 1854 κλύδωνος
2722 1791 2872 1849 άνευ.
2902 1790 2961 1853 ἐξ
3000 1790 3175 1842 ἀλλων
3206 1790 3476 1856 δήπουθεν
3509 1793 3595 1843 αἱ-

2025 1887 2176 1940 τιῶν.
2216 1886 2310 1938 Ἐκ
2344 1884 2496 1937 τοῦδε
2519 1883 2614 1936 τοῦ
2649 1884 2818 1951 νόμου
2856 1883 3144 1952 συμϐαίνει
3174 1883 3450 1946 σώζεσθαι
3498 1885 3595 1951 μὲν

2027 1976 2313 2039 πλείστους
2355 1975 2517 2037 ὄντας
2564 1976 2691 2035 τούς
2736 1975 3009 2036 πλέοντας
3036 1975 3180 2028 δυοῖν
3227 1975 3393 2027 ἐνεκα
3417 1973 3598 2036 καλῶς

2027 2068 2290 2136 πράττειν
2328 2067 2568 2132 εἰδότων,
2613 2066 2952 2119 ἀπόλλυσθαι
3010 2066 3066 2119 δέ
3121 2067 3268 2118 δυοῖν
3314 2065 3598 2118 ἀσυνέτων

2028 2159 2190 2212 ἓνεκα
2222 2161 2318 2213 καλ⁸
2347 2159 2821 2228 ἀνεπιστημόνων.
2856 2157 2994 2221 Τοὺς
3016 2159 3292 2220 τοιούτους
3317 2158 3417 2222 τῆς
3448 2158 3598 2220 θείας

2029 2250 2236 2313 τάξεως
2289 2250 2487 2312 νόμους
2538 2250 2588 2301 οῖ
2634 2248 2732 2316 τὴν
2785 2247 2948 2314 φύσιν
2992 2248 3332 2316 ἀμφέχουσιν
3382 2247 3602 2301 ἃπασαν

2028 2342 2242 2407 ἀνάγκη
2274 2344 2427 2393 πᾶσα
2459 2339 2733 2404 σώζεσθαι
2773 2340 2834 2391 τό
2889 2355 2953 2407 γε
2988 2339 3156 2410 μέρος
3207 2340 3306 2409 τῆς
3364 2340 3598 2405 φύσεως.

2029 2435 2139 2486 Καὶ
2165 2431 2388 2494 τούτους
2416 2435 2444 2485 ό
2479 2431 2611 2494 Θεὸς
2645 2433 2916 2495 σώζεσθαι
2958 2433 3080 2494 τοὺς
3106 2433 3306 2500 νόμους
3352 2431 3430 2493 ὡς
3478 2434 3602 2483 ἐπί-

2032 2544 2140 2579 παν
2171 2527 2235 2595 ἐᾷ
2260 2525 2335 2594 μὴ
2375 2524 2720 2593 μεταποιῶν·
2745 2525 2805 2575 οὐ
2831 2523 2939 2591 γάρ
2970 2523 3036 2575 ἀν
3063 2522 3242 2591 ἐαυτῷ
3264 2524 3357 2576 καὶ
3383 2525 3495 2583 τοῖς
3525 2525 3602 2574 0!-

2032 2618 2202 2681 κείοις
2247 2617 2624 2684 ἐπιτάγμασιν
2662 2615 2889 2682 ἔμελλεν
2944 2613 3298 2667 ἀντιϐαίνειν.
3358 2613 3499 2667 Ἀλλ’
3541 2616 3601 2666 οὐ

2030 2709 2271 2763 δουλεύει
2295 2710 2408 2769 τοῖς
2439 2707 2533 2760 ὐπ’
2561 2707 2727 2761 αὐτοῦ
2757 2704 3097 2774 τεθειμένοις
3119 2705 3310 2774 νόμοις
3347 2705 3604 2768 καθάπαξ

2035 2803 2143 2863 τοῖς
2179 2803 2419 2863 κτιστοῖς
2445 2801 2539 2852 καὶ
2571 2800 2711 2868 μετά
2747 2799 2857 2850 τῶν
2918 2798 3237 2866 κτισμάτων
3266 2799 3566 2865 ὴργμένοις
3590 2814 3604 2828 ·

2035 2894 2246 2961 καιροῖς
2288 2891 2346 2943 δέ
2407 2891 2559 2953 ίδίοις
2619 2889 2712 2941 καὶ
2758 2888 3154 2957 περιστάσεσιν
3193 2888 3351 2949 tam;
3381 2888 3605 2948 τούτους

2037 2984 2330 3052 μεταποιεῖ
2360 2982 2496 3051 πρὸς
2534 2981 2594 3032 τὸ
2626 2979 2836 3048 βέλτιον
2879 2979 2912 3047 ἢ
2947 2979 3008 3032 τὸ
3059 2981 3243 3049 χεῖρον
3283 2982 3394 3039 τοῖς
3428 2978 3603 3031 ἐντεῦ-

2037 3077 2128 3129 θεν
2178 3074 2622 3143 ὠφελησομένοις
2656 3071 2689 3141 ἢ
2729 3071 3090 3140 βλαψομένοις
3127 3070 3295 3133 ἀξίως
3323 3087 3335 3100 ·
3374 3073 3468 3122 καὶ
3509 3074 3606 3135 τῆς

1959 3168 2226 3258 ονχρείας
2254 3166 2350 3219 τοῦ
2386 3166 2739 3236 προσκαίρως
2776 3165 3106 3233 μεταϐαλεῖν
3130 3163 3295 3223 εὐθὺς
3326 3163 3606 3228 πεπαυμέ-

2035 3277 2131 3328 νης
2154 3258 2230 3320 ὡς
2258 3257 2356 3328 τὴν
2389 3258 2562 3327 ἀρχὴν
2595 3258 2902 3325 ἐτάχθησαν
2928 3251 3085 3316 αὖθις
3113 3254 3396 3316 σώζονται.
3426 3254 3607 3305 Ἱόιού·

2033 3366 2140 3402 των
2164 3347 2491 3419 τεραστίων,
2529 3348 2788 3400 τοιούτων
2811 3344 3111 3412 θαυμάτων
3141 3343 3353 3411 ἱστορία
3397 3344 3608 3409 πλήρης

2036 3438 2188 3490 πάσα
2219 3436 2313 3488 νέα
2343 3436 2436 3488 καὶ
2465 3435 2674 3487 παλαιά
2701 3450 2714 3463 ’
2744 3434 2817 3497 ὡς
2844 3434 2970 3500 ίερά
2999 3433 3094 3485 καὶ
3135 3431 3244 3484 τῶν
3280 3431 3481 3495 ἔξωθεν
3518 3433 3609 3482 καὶ

2037 3528 2132 3580 νῦν
2170 3529 2380 3581 ἐλάττω
2415 3527 2515 3594 μὲν
2565 3527 2660 3580 καὶ
2695 3524 2890 3592 πλήθει
2941 3526 3034 3576 καὶ
3069 3523 3221 3589 τάξει
3271 3524 3379 3575 τῶν
3412 3522 3610 3590 προτέ-

2036 3634 2169 3686 ρων,
2227 3618 2452 3671 ἐκείνων
2492 3618 2537 3670 δ’
2573 3616 2639 3679 ἃς
2679 3616 2860 3679 αίτίας
2915 3615 3177 3682 εὐλόγους
3225 3615 3283 3665 ἐν
3319 3613 3436 3681 ίόίῳ
3469 3613 3611 3680 λόγῳ

2032 3707 2346 3777 δεδείχαμεν
2371 3709 2672 3768 σπουδαίως
2698 3707 3141 3776 ἐξειργασμένῳ.
3183 3706 3430 3758 Γίνονται
3456 3704 3499 3755 δ’
3524 3705 3612 3756 οὐ»

2036 3800 2129 3854 καὶ
2161 3801 2330 3870 ὁρῶσι
2359 3800 2537 3863 καλῶς
2567 3802 2615 3853 οἱ
2651 3801 2788 3869 μετά
2823 3799 2960 3851 Θεοῦ
2992 3799 3059 3850 τά
3091 3797 3186 3850 τοῦ
3216 3797 3356 3849 Θεοῦ
3388 3797 3612 3866 βλέπον-

2035 3910 2127 3955 τες
2148 3910 2162 3924 ο
2198 3893 2362 3957 σώζει
2390 3893 2488 3960 μέν
2510 3891 2620 3961 γάρ
2645 3891 2712 3942 δι’
2747 3891 2948 3961 ἀρετὴν
2974 3890 3083 3942 τῶν
3107 3890 3457 3957 ἐμπλεόντων
3487 3888 3619 3942 ναῦν

2037 3984 2384 4054 βυθισθείσαν
2399 3985 2465 4038 ἂν
2486 3987 2550 4054 τῇ
2565 3982 2658 4036 τοῦ
2675 3985 2949 4052 ναυάρχου
2968 3999 3025 4034 τε
3047 3985 3141 4036 καὶ
3161 3983 3495 4052 κυϐερνήτου
3518 3999 3613 4048 μωι

2041 4080 2152 4150 ρίᾳ,
2173 4077 2519 4148 συγχωρεῖδέ
2540 4094 2670 4130 ποτε
2705 4077 2843 4145 μετά
2868 4075 3255 4144 πονηροτάτων
3287 4074 3396 4126 τῶν
3414 4075 3614 4142 ἐμπλεο

2036 4173 2208 4225 όντων
2224 4171 2448 4226 καὶτῶν
2467 4170 2746 4240 ἀρχόντων
2763 4169 2861 4238 τῆς
2891 4168 3018 4234 νηὸς
3049 4166 3314 4220 τοιούτων
3351 4168 3446 4219 καὶ
3478 4168 3617 4231 ἀγαο

2038 4265 2166 4326 θούς
2195 4281 2351 4326 τινας
2392 4263 2485 4316 ἐπί
2534 4263 2873 4331 συμφέροντι
2911 4258 3232 4328 βυθίζεσθαι
3265 4259 3376 4310 τῶν
3405 4260 3618 4311 οίκείων

2040 4353 2249 4426 ψυχῶν,
2313 4355 2408 4407 καὶ
2479 4352 2674 4416 ἀλλους
2747 4350 3090 4405 ἀπαλλάττει
3158 4349 3485 4419 παραδόξως
3548 4333 3620 4404 δι⁸

2039 4447 2290 4515 ἀγγέλων
2309 4445 2523 4510 ἐξάγων
2559 4445 2652 4498 τοῦ
2683 4442 2846 4514 βυθοῦ
2878 4444 3168 4512 μέλλοντας
3197 4444 3602 4511 ἀποπνίγεσθαι

357 4524 454 4578 καὶ
485 4520 819 4584 σκοποῦσαν,
856 4521 1134 4580 ἀσυνέτως
1170 4519 1225 4572 δέ
1257 4518 1519 4587 θεότητας
1570 4518 1684 4579 τοῖς
1711 4517 1807 4570 τοῦ
1841 4517 1934 4570 7.6-
1970 4550 2013 4606 υ
2042 4539 2235 4602 ἄλλους
2262 4538 2684 4608 ἐμπλεύσαντας
2729 4537 2796 4590 ἂν
2825 4538 2891 4605 τῇ
2932 4534 3211 4608 μελλούσῃ
3244 4536 3620 4602 κατάγνυσοα,

359 4632 501 4686 σμου
540 4614 733 4683 μέρεσι
760 4611 974 4674 τούτοις
1013 4611 1325 4678 ἀπένειμαν
1367 4610 1466 4679 τὴν
1500 4611 1807 4680 ὀργανικὴν
1835 4612 1932 4663 αὐο

357 4709 465 4761 τῶν
495 4705 804 4775 ὑπουργίαν
837 4704 1162 4758 ἐπιστασίαν
1216 4704 1623 4772 δημιουργικὴν
1656 4703 1752 4757 καὶ
1783 4703 1936 4756 θείαν

355 4801 703 4867 δοξάσαντες.
748 4798 982 4868 Ὀμοίως
1014 4798 1109 4851 καὶ
1157 4798 1225 4850 τά
1255 4797 1463 4866 γενητά
1493 4796 1667 4851 ταῦτά
1706 4814 1764 4849 τε
1798 4797 1936 4867 πρὸς

356 4897 424 4965 τῇ
456 4895 527 4964 γῇ
563 4892 752 4960 νόμοις
825 4890 976 4954 ίδίοις
1006 4889 1421 4959 ἀνεπαισθήτως
1469 4888 1813 4958 δουλεύουσιν
1841 4906 1939 4956 φυ-

357 4987 529 5048 σικῶς
559 4984 745 5048 αὐτοῖς
777 4982 1078 5037 ἐντεθεῖσιν
1113 4982 1217 5036 ὐπὸ
1251 4981 1407 5047 Θεοῦ,
1459 4982 1553 5035 καὶ
1603 4983 1635 5050 ὴ
1687 4981 1796 5033 τῶν
1844 4982 1938 5033 ἀν-

357 5079 596 5151 θρώπων
629 5075 894 5134 ὡσαύτως
928 5073 1044 5146 ζωή
1091 5073 1355 5136 τοιούτοις
1408 5073 1560 5136 ίδίοις
1596 5074 1792 5141 ἀγεται
1852 5073 1937 5124 νόο

361 5189 505 5244 μοις.
535 5171 677 5233 τοὺς
705 5167 983 5231 τοιούτους
1030 5167 1210 5221 τοίνυν
1261 5169 1320 5221 ἐν
1352 5167 1488 5220 πᾶσι
1523 5167 1639 5228 τοῖς
1670 5166 1938 5236 κτίσμασι

357 5265 454 5321 τοῦ
484 5264 621 5319 Θεοῦ
651 5263 850 5334 νόμους
888 5260 1154 5329 φυσικοὺς
1182 5261 1402 5329 νόμους,
1440 5259 1514 5322 ὠς
1550 5256 1940 5327 ἐγκτισθέντας

359 5359 464 5414 ὐπὸ
493 5356 630 5413 Θεοῦ
677 5358 745 5428 τῇ
796 5356 906 5408 τῶν
963 5354 1306 5426 πραγμάτων
1348 5351 1839 5422 φύσει,’καλοῦσιν
1874 5341 1938 5404 ὀί

359 5455 490 5524 περὶ
521 5448 697 5506 ταῦτα
729 5446 914 5524 δεινοί.
958 5447 1054 5502 Ἐκ
1099 5446 1197 5518 μὲν
1230 5447 1296 5515 δή
1350 5445 1460 5500 τῶν
1490 5447 1549 5498 ἐν
1583 5446 1697 5506 τοῖς
1739 5443 1940 5516 M1110-

357 5521 540 5615 τέροις
564 5540 747 5612 νόμων
775 5521 975 5611 δμϐροι
1011 5541 1107 5592 καὶ
1129 5537 1453 5609 ἀνομϐρίαι,
1486 5537 1636 5608 ψύχη
1674 5537 1770 5590 καὶ
1809 5537 1941 5590 καύ·

363 5655 508 5709 ματα
552 5637 614 5704 ἐξ
654 5627 732 5692 ῶν
771 5633 925 5702 αὖθις
956 5633 1197 5702 ὐγιειναὶ
1240 5633 1606 5694 καταστάσεις
1645 5633 1738 5684 καὶ
1772 5629 1942 5684 νοσῶ-

363 5749 478 5795 σεις
509 5729 818 5801 ἀνθρώποις
854 5745 913 5784 τε
949 5728 1178 5794 καὶτοῖς
1217 5729 1395 5793 ἀλλοις
1426 5729 1588 5792 ζώοις
1624 5726 1939 5795 συμϐαίνει,

363 5830 459 5882 καὶ
484 5827 714 5899 καρπῶν
739 5825 992 5898 εὐφορίαι
1025 5825 1119 5879 καὶ
1152 5825 1399 5902 ἀφῆορίαι,
1428 5825 1523 5877 καί
1567 5816 1725 5877 ειύται
1755 5821 1939 5888 διάφο·

2040 4627 2130 4700 νηῒ
2175 4629 2207 4698 ἢ
2245 4627 2564 4699 βυθίζεσθαι
2619 4628 2719 4696 ἐπ’,
2760 4626 2910 4696 αὐτῷ
2946 4625 3024 4696 τῷ
3077 4626 3297 4696 μέλλειν
3338 4626 3622 4695 ἐμϐαίνειν

2037 4722 2329 4791 αίφνιδίοις
2386 4720 2481 4773 καὶ
2541 4719 2834 4789 ἀδοκήτοις
2889 4721 3066 4788 εῖργει
3136 4718 3447 4788 κωλύμασι.
3520 4722 3622 4773 Καὶ

2038 4813 2267 4881 άλγοῦσι
2303 4813 2405 4882 μέν
2436 4811 2599 4874 εὐθὺς
2633 4813 2918 4882 εἰργμένοι
2949 4813 3042 4864 τοῦ
3069 4811 3230 4874 πλοῦ,
3266 4812 3357 4864 τὸν
3387 4812 3444 4864 δὲ
3479 4812 3624 4864 θεῖον

2038 4902 2220 4961 οἶκτον
2283 4905 2661 4974 ἐπεγνωκότες
2719 4903 2902 4966 καλῶς
2967 4905 3108 4972 μετά
3166 4904 3263 4956 τοῦ
3321 4903 3421 4972 τὴν
3478 4904 3626 4972 ζωὴν

2038 5001 2223 5061 αὐτοῖς
2247 4998 2614 5070 προστεθῆναι
2648 4996 2744 5052 καὶ
2780 4997 2881 5067 τὴν
2921 4997 3102 5067 ψυχὴν
3133 4998 3214 5051 ἔτι
3268 4997 3621 5066 βελτιοῦνται

2038 5090 2116 5160 τῷ
2150 5088 2414 5160 θαύματι.
2445 5086 2606 5144 Οῦτω
2633 5087 2730 5142 καὶ
2765 5088 2923 5151 πόλις
2959 5086 3362 5157 παρανυμοῦσα
3395 5086 3625 5155 φαύλοις

2039 5183 2304 5254 άρχουσιν
2359 5180 2750 5253 ἐγχειρίζεται,
2828 5182 2921 5233 καί
2993 5179 3310 5232 τούναντίον
3380 5180 3626 5240 πολίταις

2039 5271 2265 5339 ἀγαθοῖς
2288 5271 2624 5340 οίκουμένη”
2666 5290 2683 5322 ι
2731 5269 2898 5323 Δώσω
2953 5269 3084 5339 γὰρ,
3128 5271 3316 5340 φησὶν,
3339 5271 3628 5352 ’ἄρχοντας

2040 5358 2169 5427 ύμῖν
2199 5361 2346 5413 κατὰ
2429 5361 2526 5422 τὰς
2563 5359 2794 5429 καρδίας
2827 5359 3003 5428 ὐμῶν.
3040 5377 3057 5410 ι
3092 5360 3204 5414 Καὶ
3238 5359 3492 5429 βασιλεὺς
3531 5361 3627 5430 μὲν

2040 5449 2304 5504 ἀπολαύει
2333 5451 2431 5520 τῆς
2462 5449 2558 5504 τοῦ
2603 5449 2736 5503 λαοῦ
2787 5451 3057 5520 πονηρίας
3097 5452 3199 5521 τῆς
3241 5451 3412 5519 αὐτῆς
3473 5431 3626 5523 αὐτῷ

2040 5560 2099 5596 τε
2141 5546 2234 5597 καί
2265 5547 2381 5608 τοῖς
2423 5544 2752 5616 ἀρχομένοις
2787 5546 3003 5613 πληγῆς
3033 5543 3218 5598 θεόθεν
3264 5547 3509 5616 ἡκούσης
3541 5545 3624 5599 ὅτι

2040 5635 2341 5705 δυνάμενος
2409 5636 2652 5690 κωλῦσαι
2719 5637 2821 5705 τῆς
2885 5638 3157 5706 πονηρίας
3215 5639 3315 5691 οὐκ
3378 5631 3623 5700 ἐκώλυσε

2041 5729 2407 5798 χαριζόμενος
2432 5748 2444 5761 ⁸
2493 5729 2759 5785 ἀπολαύει
2795 5731 2850 5784 δὲ
2902 5733 2998 5785 καὶ
3032 5732 3158 5800 λαὸς
3193 5734 3288 5803 τῆς
3333 5733 3625 5803 βαστλικῆς

2046 5826 2307 5894 πονηρίας
2374 5825 2878 5896 συμπαιδευόμενος
2938 5827 3011 5890 ὡς
3071 5828 3192 5882 ἀντὶ
3235 5827 3329 5879 τοῦ
3373 5827 3607 5880 διοεεοίι
