4484 6462
750 402 885 465 1147

1817 407 2195 473 GENNADII
2234 414 2345 481 ΟΡ.
2390 420 2904 484 ΡΑΤΒΙΑΗΕΗΕ

3874 432 4013 497 1148

746 516 779 586 ἢ
839 515 1084 568 ἐλαύνειν
1151 516 1336 571 πλείου
1405 517 1585 582 αῦξων
1646 520 1744 588 τὴν
1800 522 1971 575 αὐτοῦ
2036 527 2322 595 πονηρίαν,
2357 538 2401 592 Α
2432 542 2637 610 χωροίη
2692 542 2823 605 ea);
2874 543 2969 595 καὶ
3014 543 3089 612 μὴ
3144 542 3350 611 εἴργειν
3393 542 3639 612 βούλοιτο
3675 545 3929 613 καθάπαξ
3980 549 4012 616 ἢ

750 625 772 658 ε
846 607 1119 678 Ἀμαρτία
1174 609 1308 678 γάρ,
1376 612 1532 681 φησὶ,

750 878 929 931 αὐτῶν
962 881 1393 947 ἀπαλλάττεται,
1435 885 1545 935 τῶν
1598 885 1692 936 ἐπὶ
1723 889 1837 947 τοῖς
1884 886 2154 953 τοιούτοις
2199 908 2329 959 κρα-

746 971 1032 1038 τησάντων
1062 972 1242 1039 νόμων
1274 973 1703 1043 ὑποχωρούντων
1738 977 1815 1046 τῷ
1845 977 1979 1049 θείῳ
2020 980 2326 1051 θελήματι·

754 1064 848 1113 καί
899 1065 947 1114 οἱ
993 1065 1091 1131 μὲν
1137 1065 1523 1133 παραδίδονται
1548 1070 1657 1129 τοῖς
1694 1069 1911 1138 ἐχθροῖς
1960 1071 2046 1122 ἐπ’
2082 1074 2329 1145 ἀπωλείᾳ

751 1155 841 1207 διὰ
882 1157 1150 1222 πονηρίαν
1209 1158 1389 1210 αὐτῶν
1439 1161 1761 1228 ἀνήκεστον,
1792 1162 1841 1214 οἱ
1893 1162 1948 1215 δὲ
2007 1164 2143 1233 προς
2209 1165 2330 1234 βελ-

748 1244 937 1296 τίωσιν
977 1248 1133 1299 τοῦτο
1194 1253 1496 1318 πάσχουσι.
1578 1270 1594 1302 ι
1645 1253 1909 1321 Θαρσεῖτε
1952 1256 2083 1323 γὰρ,
2109 1258 2274 1323 φησὶν
2302 1259 2329 1309 ὁ

749 1336 882 1401 Θεὸς
925 1339 1011 1390 διὰ
1056 1340 1349 1409 Ἰερεμίου,
1385 1345 1495 1404 τοῖς
1546 1342 1846 1409 Ἰουδαίοις,
1886 1346 2167 1415 ἐπράθητε
2215 1352 2327 1412 τοῖς

749 1429 959 1482 ἔθνεσιν
1009 1434 1106 1482 οὐκ
1138 1435 1214 1494 εἰς
1252 1434 1547 1488 ἀπώλειαν.
1601 1454 1617 1485 ι
1669 1437 1776 1490 Καὶ
1804 1438 1930 1499 τούς
1956 1440 2329 1509 ἀπηνέστερον

748 1517 806 1570 δὲ
848 1521 1235 1588 χρησαμένους
1267 1527 1377 1582 τοῖς
1420 1526 1558 1575 κατὰ
1590 1524 1739 1578 θείαν
1766 1524 2084 1580 δουλωθεῐσι
2115 1531 2327 1598 συγχώ-

752 1625 913 1678 ρησιν
955 1612 1307 1681 ἐπεξέρχεται
1345 1616 1417 1677 ὡς
1453 1617 1540 1667 διίι
1595 1618 1817 1669 Ἡσαΐου
1869 1620 2063 1686 φησίν
2116 1640 2133 1672 ι
2185 1620 2328 1688 Ἐγὼ

748 1703 927 1756 ἔδωκα
958 1707 1152 1768 αὐτοὺς
1181 1711 1262 1771 είς
1299 1709 1395 1777 τὴν
1430 1711 1590 1778 χεῖρά
1620 1730 1713 1764 σου
1738 1730 1751 1745 ·
1792 1714 1856 1766 σύ
1902 1714 1957 1767 δὲ
1988 1715 2089 1769 οὐκ
2125 1717 2327 1781 ἔδωκας

750 1789 936 1848 αὐτοῖς
982 1792 1149 1853 ἕλεος.
1190 1795 1305 1845 Νῦν
1353 1796 1471 1863 ἥξει
1510 1800 1605 1850 ἐπὶ
1641 1801 1697 1851 σὲ
1747 1801 2009 1870 ἐξαίφνης
2052 1805 2318 1873 ἀπώλεια,

748 1885 843 1934 καὶ
891 1885 952 1935 οὐ
989 1885 1063 1953 μὴ
1095 1886 1259 1956 γνῷς.
1313 1906 1330 1938 ι
1390 1890 1549 1941 Ἀλλά
1589 1893 1679 1943 καὶ
1720 1892 1827 1944 τῶν
1878 1869 1935 1945 ἐν
1986 1896 2173 1965 μέσοις
2211 1869 2319 1963 τοῖς
2353 1869 2399 1927 Β

748 1973 974 2042 φαύλοις
1020 1977 1115 2027 καὶ
1166 1978 1251 2029 διὰ
1300 1979 1456 2031 τοῦτο
1497 1982 1783 2048 μέλλουσιν
1828 1987 2324 2053 ἐγκαταλείπεσθαι

749 2065 1055 2127 σπουδαίως
1120 2067 1383 2135 βιούντων
1441 2074 1490 2122 οἱ
1554 2073 1657 2138 μὲν
1719 2078 2174 2144 προαρπάζονται
2216 2082 2327 2133 τῶν

750 2155 995 2223 ἡξόντων
1029 2157 1241 2225 δεινῶν,
1283 2160 1331 2211 οί
1384 2161 1440 2213 δὲ
1496 2163 1701 2223 ζῶντες
1732 2169 1796 2235 τῇ
1831 2167 2001 2240 πείρᾳ
2032 2170 2140 2224 τῶν
2199 2190 2323 2239 συγι

746 2249 925 2313 γενῶν
966 2251 1155 2302 κακῶν
1180 2252 1436 2319 ἀμείνους
1462 2253 1882 2326 δοκιμαζόμενοι
1921 2261 2182 2326 γίνονται.
2219 2267 2326 2317 Καὶ

744 2338 932 2407 λοιμὸν
961 2342 1233 2407 οίμωκτὸν
1265 2343 1405 2395 ἔθνει
1444 2346 1473 2415 ἢ
1504 2349 1656 2400 πζλει
1689 2350 1955 2417 μέλλοντά
1985 2370 2045 2406 τε
2072 2358 2163 2406 καὶ
2194 2375 2327 2427 προο

743 2431 1040 2499 λεγόμενον
1108 2435 1217 2486 ὐπὸ
1278 2436 1391 2488 τῶν
1450 2437 1623 2490 ταῦτα
1687 2445 2037 2498 σκοπούντων
2101 2451 2165 2500 ἐκ
2229 2450 2325 2518 τῆς

746 2525 1045 2592 κοσμικῆς,
1096 2524 1170 2588 ὠς
1216 2529 1457 2595 εἴρηται,
1494 2529 1790 2594 διαθέσεως
1819 2534 1917 2585 οὐκ
1944 2537 2009 2605 ἐᾷ
2052 2538 2324 2607 γίνεσθαι,

746 2621 837 2672 καὶ
877 2621 1185 2690 ἀρξάμενον
1233 2625 1401 2677 παύει
1436 2628 1546 2677 τῶν
1578 2628 1886 2697 ἀνθρώπων
1939 2634 2181 2697 εὐσεϐῶς
2234 2642 2327 2688 καὶ

747 2713 885 2779 μετὰ
938 2715 1035 2779 τῆς
1088 2718 1486 2786 προσηκούσης
1519 2720 1627 2771 τῶν
1662 2723 1848 2776 κακῶν
1897 2728 2187 2793 μετανοίας
2237 2732 2327 2781 ἐπὶ

742 2806 834 2856 τὴν
888 2806 1032 2858 θεῖον
1082 2804 1264 2860 οἶκτον
1331 2814 1814 2879 καταφευγόντων.
1880 2818 1974 2883 Μὴ
2030 2820 2325 2873 ἐπελθόντα

742 2898 788 2950 δ’
822 2897 889 2951 ἂν
951 2901 1013 2951 ἐκ
1055 2902 1301 2967 φυσικῶν
1355 2904 1564 2963 αἰτιῶν,
1598 2908 1762 2967 αὐτος
1814 2925 1978 2961 τινων
2026 2910 2125 2981 τὴν
2166 2913 2329 2979 φύσιν

745 2990 942 3052 ἐπάγει
1011 2994 1359 3061 ποινηλατῶν
1426 2996 1458 3065 ἦ
1515 2998 1803 3054 παιδεύων.
1882 3002 1992 3055 Καὶ
2050 3004 2160 3055 τῶν
2228 3006 2329 3073 μὲν

744 3086 950 3149 γονέων
986 3086 1455 3155 εὐδαιμονούντων
1486 3094 1627 3143 κατα
1664 3094 1757 3144 τὸν
1786 3094 1991 3160 ἔξωθεν
2028 3097 2164 3165 βίον,
2192 3100 2329 3168 φαύ-

1612 612 1877 681 βασιλέως
1945 616 2037 668 ἐπὶ
2088 619 2333 690 κεφαλὴν

751 697 909 761 λαοῦ,
975 701 1071 751 καὶ
1109 698 1171 752 τὸ
1223 700 1517 755 ἀνάπαλιν.
1569 720 1589 754 ι
1631 703 1739 754 Καὶ
1785 704 1937 768 πόλις
1978 707 2011 775 ή
2069 707 2171 771 μὲν
2219 710 2334 761 ἀλί-

755 805 948 841 σκεται
972 791 1089 851 τοῖς
1124 791 1413 861 πολεμίοις
1446 794 1596 861 παρά
1630 792 1812 859 δόξαν,
1844 796 1876 864 ή
1911 796 1967 849 δέ
1995 799 2146 868 παρά
2174 800 2333 863 δόξαν

2438 633 2636 685 παύειν
2693 634 2856 697 εὐθὺς
2882 636 3212 706 γενομένην,
3262 637 3443 699 ἀλλοις
3467 637 3647 704 λόγοις
3699 641 4011 709 οἰκονομίας

2436 725 2527 777 τὸν
2556 728 2612 779 ἐν
2636 728 2700 796 τῇ
2734 727 2897 795 φύσει
2930 727 3095 796 νόμον
3128 728 3353 781 νικῶσιν
3382 730 3413 799 ἢ
3442 730 3739 800 προστάξει
3765 732 3887 803 θείᾳ
3916 734 4014 786 καὶ

2434 819 2586 886 παρὰ
2646 819 2738 871 τὸν
2782 818 3028 873 τοιοῦτον
3083 821 3249 891 νόμον
3310 823 3721 890 συμϐαίνουσα·
3779 825 3854 886 ῶς
3903 825 4013 894 γὰρ

2431 909 2702 978 δεσπότης
2746 914 2846 981 τῆς
2895 914 3133 981 φύσεως,
3180 914 3404 967 δύναται
3437 918 3533 967 καὶ
3577 915 3778 969 παύειν
3834 935 4014 971 κινου-

2437 1000 2606 1070 μένην
2630 1003 2800 1071 αὐτὴν
2830 1005 2923 1056 καὶ
2946 1007 3119 1056 κινεῖν
3146 1006 3243 1058 οὐκ
3269 1006 3334 1059 ἂν
3364 1006 3701 1076 κινηθεῖσαν.
3747 1010 4015 1078 Ὀποτέρα

2433 1093 2477 1145 δ’
2506 1094 2591 1164 εῖη
2639 1096 2671 1164 ή
2710 1094 2807 1147 τοῦ
2851 1097 3013 1165 ἀέρος
3059 1094 3197 1166 αῦτη
3247 1096 3425 1166 φθορά
3483 1098 3639 1160 τέλος
3675 1098 3768 1151 καὶ
3811 1099 4013 1151 σκοπὸν

2434 1185 2551 1255 ἔχει
2606 1188 2891 1257 προσεχῶς
2932 1188 3029 1255 μὲν
3058 1188 3158 1257 τὴν
3188 1189 3299 1240 τῶν
3330 1189 3703 1257 ἀπαλωτέρων
3739 1192 4013 1258 σωμάτων

2429 1274 2604 1350 ἧτταν
2647 1278 2678 1349 ἢ
2716 1279 2822 1332 τῶν
2851 1280 3295 1351 εὐπαθεστέρων,
3343 1283 3660 1353 περαιτέρω
3689 1286 3746 1336 δὲ
3772 1285 3873 1355 τὴν
3902 1285 4011 1338 τῶν

2432 1370 2893 1437 ἀποθνησκόντων
2929 1374 3271 1442 πανταχόθεν
3316 1373 3607 1442 ὠφέλειαν,
3656 1377 3752 1429 καὶ
3782 1377 3881 1446 τὴν
3906 1377 4013 1431 τῶν

2432 1463 2855 1516 ἀποὸαλλόντων
2917 1465 3118 1528 αὐτοὺς
3173 1466 3205 1537 ἢ
3265 1465 3553 1535 βελτίωσιν
3612 1469 3643 1539 ἢ
3708 1470 4012 1536 μελλόντων

2430 1553 2851 1621 ἀμεταϐλήτων,
2910 1556 3211 1627 συμφορῶν
3269 1558 3535 1626 μειζόνων
3569 1560 4011 1632 προσθήκην.οὐ

2430 1643 2635 1703 πάντες
2685 1643 2741 1695 δὲ
2796 1643 3130 1711 θνήσκουσιν
3160 1646 3209 1698 ot
3263 1649 3596 1710 νοσήσαντες
3635 1649 3756 1702 οὐδὲ
3809 1651 4013 1712 πάντες

2428 1733 2477 1784 οί
2529 1733 2768 1787 τοιοῦτοι
2829 1738 3068 1800 νοσοῦσι,
3107 1737 3194 1789 διά
3229 1738 3290 1789 τὸ
3339 1739 3451 1791 δεῖν
3492 1742 3621 1809 περὶ
3670 1743 3880 1806 πάντας
3910 1744 4012 1813 τὴν

2432 1821 2583 1873 θείαν
2627 1826 2851 1893 κρατεῖν
2886 1824 3142 1895 βούλησιν
3173 1831 3297 1890 τούς
3329 1834 3396 1881 ’τε
3430 1832 3654 1895 ἀνόσους
3690 1832 4011 1901 διαμείναν-

2432 1932 2547 1979 τας,
2574 1916 2698 1977 τούς
2728 1934 2784 1969 τε
2810 1919 3144 1988 ἡττηθέντας
3175 1922 3277 1974 ὐπὸ
3299 1926 3395 1992 τῆς
3422 1925 3607 1989 νόσου,
3634 1925 3759 1989 τούς
3783 1944 3839 1980 τε
3871 1932 4010 1996 μετά

2430 2004 2638 2073 ταύτην
2666 2007 3147 2076 ἀπηλλαγμένους,
3185 2011 3315 2062 ἀλλο
3346 2029 3398 2063 τι
3446 2014 3573 2072 περὶ
3602 2013 3795 2077 ἄλλους
3829 2014 4013 2085 βουλο-

2434 2094 2605 2163 μένην
2667 2094 2760 2147 καὶ
2808 2096 2883 2165 μὴ
2944 2097 3042 2166 τὴν
3098 2098 3266 2170 αὐτὴν
3306 2100 3435 2169 περὶ
3489 2103 3699 2165 πάντας
3736 2104 4010 2172 φέρουσαν

2429 2186 2634 2255 ψῆφον,
2673 2189 2871 2256 μᾶλλον
2903 2189 2958 2242 δὲ
2985 2190 3045 2242 οὐ
3080 2192 3353 2260 φέρουσαν
3391 2194 3550 2262 μόνον
3578 2196 3666 2247 ἐπὶ
3695 2196 3803 2249 τῶν
3836 2214 4013 2266 πραγ-

2442 2277 2650 2341 μάτων,
2680 2278 2816 2331 ἀλλὰ
2849 2279 2953 2331 καὶ
2977 2280 3263 2351 πόρρωθεν
3296 2284 3465 2352 αὐτὴν
3492 2284 3823 2354 ὲνεγκοῦσαν
3858 2292 3913 2341 ἐν
3944 2292 4008 2358 τῇ

2433 2370 2743 2439 προαιωνίῳ
2787 2373 2988 2439 γνώσει
3042 2374 3170 2442 περὶ
3214 2376 3432 2429 πάντων
3471 2378 3581 2432 τῶν
3632 2380 3811 2450 ἔργων
3843 2382 4011 2434 αὐτοῦ

2434 2462 2528 2513 καὶ
2556 2462 2665 2515 τῶν
2689 2453 2946 2531 λογικῶν,
2975 2465 3049 2529 ὡς
3079 2470 3315 2536 εἴρηται,
3352 2470 3605 2534 μάλιστα,
3641 2465 3716 2525 ὧν
3749 2474 3842 2525 καὶ
3876 2475 4013 2543 μᾶλα

2431 2553 2520 2605 λον
2554 2554 2906 2624 ἀσυγκρίτως
2936 2560 3235 2626 φροντίζει.
3270 2559 3389 2613 Κᾶν
3420 2561 3703 2625 σώζωνταί
3733 2582 3882 2628 τινες
3918 2586 4014 2632 με·

2434 2640 2750 2710 θιστάμενοι
2792 2643 2913 2695 οὐδὲ
2960 2644 3120 2697 τοῦτο
3162 2649 3333 2715 χωρὶς
3380 2650 3637 2716 προνοίας
3671 2651 3820 2714 θείας
3864 2655 4013 2705 ἐστὶν

2433 2732 2525 2783 ἐπὶ
2561 2734 2623 2785 τὸ
2659 2736 2994 2804 μεταστῆναι
3037 2738 3296 2806 κινούσης
3323 2740 3421 2810 τὴν
3456 2740 3684 2811 γνώμην
3710 2744 3891 2795 αὐτῶν
3918 2746 4014 2796 καὶ

2436 2825 2511 2894 μὴ
2560 2826 2934 2895 συνορώντων.
2984 2828 3047 2879 Ol
3077 2829 3133 2879 δὲ
3185 2830 3437 2897 μένοντες
3480 2831 3887 2896 ἀπηλλάττοντο
3922 2835 4009 2893 ἂν,

2433 2917 2536 2971 κᾶν
2592 2919 2901 2989 θνήσκωσιν
2965 2922 3163 2991 ἕτεροι,
3216 2925 3308 2975 καὶ
3368 2924 3713 2993 μεθεστῶτες
3765 2928 3837 2987 ὡς
3883 2928 4012 2979 ἄνευ

2433 3012 2577 3065 θείου
2612 3012 2949 3080 μεθεστῶτες
2981 3014 3283 3084 θελήματος
3326 3016 3675 3087 θνήσκουσιν.
3716 3021 3777 3072 Οἱ
3824 3019 3881 3072 δὲ
3915 3021 4011 3087 μέ-

2432 3120 2615 3166 νοντες
2659 3106 2759 3157 οὐκ
2805 3104 2871 3157 ἀν
2905 3105 3331 3173 ἀπηλλάττοντο,
3386 3110 3478 3159 καὶ
3518 3109 3875 3176 μεθίστανται
3914 3112 4013 3178 μὲν

742 3174 846 3235 λω;
871 3176 924 3227 δὲ
959 3179 1223 3245 βιούντων
1250 3180 1425 3243 ἄλλως
1457 3183 1505 3235 οἱ
1545 3186 1643 3251 μὲν
1676 3186 1909 3255 πατέρες
1950 3189 2105 3242 αὐτοὶ
2134 3209 2318 3262 ποινηο
2357 3211 2400 3267 ρ
2433 3193 2565 3247 ἔνιοι
2600 3197 2735 3263 πρὸς
2784 3197 2985 3263 ὀλίγον,
3023 3193 3143 3249 εἶτα
3191 3197 3517 3265 θνήσκουσιν
3551 3200 3869 3261 ἐπανιόντες
3918 3202 4014 3252 καὶ

744 3265 1037 3317 λατοῦνται
1075 3268 1175 3335 τῆς
1198 3270 1263 3321 ἐκ
1296 3270 1405 3321 τῶν
1433 3273 1696 3342 διαδόχων
1730 3275 2045 3340 πολυειδοῦς
2066 3279 2327 3348 ψυχαγω-

742 3358 865 3421 γίας
904 3358 1290 3428 στερούμενοι,
1336 3364 1384 3413 οἱ
1412 3364 1467 3415 δὲ
1504 3366 1691 3427 παῖδες
1740 3368 1839 3431 τῆς
1875 3369 1986 3421 τῶν
2036 3375 2326 3438 φυσάντων

742 3450 1171 3505 ἀπαλλάττονται
1193 3456 1454 3528 πονηρίας
1555 3462 1705 3511 πᾶσα
1736 3462 1949 3531 ἀνάγκη
1976 3464 2325 3533 διαρκοῦνται

741 3544 1153 3610 ἐξομοιοῦσθαι,
1192 3547 1222 3615 ἦ
1260 3550 1352 3601 καὶ
1380 3550 1595 3619 χείρους
1633 3554 1885 3616 γίνεσθαι
1913 3554 2035 3607 λίαν
2060 3557 2322 3622 εὐλόγως.

753 3632 912 3684 Ἀλλὰ
948 3636 1039 3686 καὶ
1070 3638 1183 3698 τοῖς
1221 3637 1475 3703 γονεῦσιν
1505 3643 1584 3702 εἰς
1618 3642 1974 3710 συναίσθησιν
2009 3645 2327 3712 ἐρχομένοις

742 3724 916 3790 ἡτῶν
974 3724 1183 3777 παίδων
1234 3727 1513 3796 ὠφέλιμος
1573 3731 1801 3799 εὐτυχία
1861 3733 2182 3787 καθίσταται
2229 3738 2326 3799 τᾶς

742 3813 964 3882 γνώμας
1042 3817 1449 3886 βελτιουμένοις
1515 3824 1609 3875 καὶ
1670 3826 2114 3897 σωφρονέστερον
2176 3829 2327 3898 βιοῦν

741 3909 1088 3975 ἀρχομένοις,
1123 3911 1311 3977 ὥσπερ
1342 3910 1407 3965 αὖ
1444 3915 1791 3984 ἀναισθήτως
1836 3918 2021 3987 ἔχουσι
2058 3920 2149 3973 καὶ
2190 3926 2327 3990 μετά

741 4002 839 4066 τὴν
879 4001 1092 4069 πληγὴν
1122 4006 1413 4075 προσθήκη
1451 4009 1652 4059 ποινῶν
1702 4010 1835 4075 ἄλλη
1870 4014 2107 4079 γίνεται,
2139 4016 2327 4084 ῶσπερ

742 4092 806 4143 δι’
844 4093 1108 4161 Ἱερεμίου
1134 4099 1242 4158 τοῖς
1284 4098 1561 4163 Ἰουδαίοις
1588 4101 1862 4165 ὠνείδιζεν
1884 4107 1911 4156 ὁ
1937 4105 2088 4167 Θεός.
2118 4108 2330 4176 Μάτην

741 4184 1011 4248 ἐπάταξα
1041 4186 1109 4238 τὰ
1134 4188 1317 4240 τέκνα
1347 4188 1544 4257 ὑμῶν·
1564 4191 1844 4246 παιδείαν
1872 4196 1983 4247 οὐκ
2013 4194 2326 4263 ἐδέξασθε,

743 4282 833 4327 καὶ
869 4277 936 4329 τὰ
963 4278 1145 4330 λοιπά.
1176 4282 1553 4349 Δυστυχούσης
1605 4285 1697 4334 καὶ
1736 4285 1837 4351 τῆς
1870 4288 2152 4355 πατρίδο·,
2185 4289 2239 4340 οἴ
2269 4306 2326 4340 τε

743 4368 929 4428 παῖδες
976 4369 1405 4424 ἀπαλλάττονται
1431 4372 1576 4441 ζωῆς
1607 4376 1863 4443 τοιαύτης
1896 4379 2072 4447 ἀγαθῇ
2095 4382 2329 4450 προνοίᾳ

742 4459 900 4523 Θεοῦ,
957 4460 1010 4512 οἵ
1056 4478 1115 4512 τε
1176 4465 1414 4528 πατέρες
1453 4464 1553 4530 τὴν
1612 4467 1702 4518 ἐπὶ
1763 4471 1877 4530 τοῖς
1936 4474 2093 4521 παισὶ
2149 4471 2328 4541 λύπην

742 4552 1020 4620 δυστυχῶς
1057 4553 1205 4621 βιοῦν
1255 4555 1566 4622 μέλλουσιν,
1602 4559 1651 4610 εί
1686 4561 1779 4610 καὶ
1821 4563 2137 4629 παραυτίκα
2196 4566 2329 4632 θρη-

742 4644 898 4697 νοῦσι
958 4647 1053 4696 καὶ
1113 4647 1432 4709 κόπτονται,
1490 4649 1817 4715 ἀγνοοῦντες
1877 4651 1909 4721 ἢ
1968 4652 2062 4705 τοῦ
2120 4655 2325 4717 πάθους

742 4738 1069 4804 ἡττώμενοι.
1133 4740 1196 4791 ἸΙ
1258 4741 1313 4792 δὲ
1353 4742 1481 4808 παρ’
1539 4745 1671 4809 ήμῖν
1725 4745 1869 4795 οὕτω
1906 4745 2329 4811 δεδουλωμένοις

744 4830 933 4889 δεινῶς
967 4832 1061 4882 καὶ
1093 4831 1389 4895 πολυειδῶς
1438 4835 1568 4901 περὶ
1599 4836 1665 4886 τά
1698 4838 1933 4904 μέγιστα
1966 4839 2074 4891 τῶν
2107 4841 2329 4908 ἀγαθῶν

745 4922 1148 4973 κ’νδυνεύουσιν
1181 4923 1528 4993 ἀναχώρησις
1553 4944 1661 4978 των
1694 4930 1977 4997 νεωτέρων
2006 4932 2082 4994 τῷ
2110 4933 2330 5002 θανάτῳ

751 5030 788 5077 μ
824 5013 868 5063 τ’
904 5013 1190 5075 εὐσεόείας
1218 5016 1387 5067 ποιῶν
1415 5017 1476 5068 οὐ
1542 5019 1819 5085 μεγίστων
1872 5023 2203 5088 εὐεργεσιῶν
2236 5024 2327 5076 τοῦ

746 5104 881 5154 Θεοῦ
914 5110 1025 5165 τοῖς
1078 5123 1139 5171 γε
1187 5107 1284 5158 νῦν
1342 5109 1548 5176 έχουσι.
1609 5112 1743 5180 Περὶ
1772 5112 1826 5163 δὲ
1874 5114 1981 5164 τῶν
2014 5117 2093 5175 εἰς
2131 5116 2329 5183 μέτρον

748 5196 961 5261 ἡλικίας
1004 5198 1291 5258 ἐλθόντων.
1327 5201 1489 5261 ἄλλος
1520 5202 1585 5253 ἂν
1617 5204 1700 5270 εἴη
1745 5204 1899 5271 λόγος
1938 5207 2033 5258 καὶ
2070 5207 2330 5274 διάφορον

748 5283 794 5335 εἷ
816 5280 889 5335 ναξ
924 5288 1015 5337 καὶ
1048 5290 1298 5356 ποικίλην
1320 5292 1417 5359 τὴν
1446 5291 1534 5343 τοῦ
1579 5293 1715 5344 Θεοῦ
1757 5297 1891 5363 περὶ
1928 5297 2036 5349 τῶν
2069 5298 2329 5349 τοιούτων

746 5378 985 5429 διάθεσιν
1012 5382 1154 5440 εἰκὸς
1198 5385 1261 5449 τῇ
1298 5383 1541 5451 διαφόρῳ
1570 5388 1891 5453 προαιρέσει
1925 5388 2132 5442 τούτων
2182 5408 2328 5459 συμ-

757 5477 1173 5539 μετρουμέντον·
1226 5474 1416 5540 ἐπειδὴ
1464 5476 1571 5526 τῶν
1608 5479 1875 5530 τοιούτων
1924 5480 2113 5533 αὐτόθι
2159 5483 2328 5551 ζητη-

756 5562 942 5626 ματων
996 5564 1272 5629 πρόφασις
1309 5560 1375 5633 ἦν
1413 5568 1439 5617 ὁ
1490 5566 1699 5635 λοιμὸς,
1733 5571 1926 5637 μικρὸν
1960 5588 2016 5623 τε
2055 5577 2150 5624 καὶ
2202 5574 2331 5643 περὶ

752 5649 942 5701 τούτου
984 5653 1369 5723 προσθήσνιμὲν
1398 5659 1571 5708 σοιτά
1603 5660 1773 5711 πλείω
1805 5663 2032 5712 σκοπεῖν
2067 5663 2325 5730 ἀφέντες.

747 5744 929 5811 Φυτιρά
970 5745 1065 5813 μὲν
1103 5748 1261 5813 ἀέρος
1291 5751 1436 5798 ἐστὶν
1466 5753 1491 5800 ὀ
1522 5750 1712 5819 λοιμὸς
1749 5752 1781 5821 ἢ
1817 5758 2075 5821 φυσικαῖς
2127 5756 2329 5819 αἰτίαις

750 5840 1109 5907 παρικομὲνη
1154 5839 1183 5908 ἢ
1244 5839 1330 5891 τὸν
1366 5839 1508 5894 θεῖον
1553 5842 1639 5895 ἐπ’
1668 5845 1862 5908 αὐταῖς
1910 5847 2073 5917 νόμον
2109 5849 2156 5901 εἰ
2197 5866 2327 5917 συγ-

2429 3287 2520 3340 τοῦ
2555 3288 2743 3356 λοιμοῦ
2774 3290 3128 3357 πεπαυμένου
3152 3293 3230 3351 εἰς
3259 3291 3431 3358 μείζω
3458 3292 3556 3359 τῆς
3590 3292 3851 3359 ἀληθείας
3883 3293 4011 3343 ταύ-

2428 3396 2529 3447 της
2582 3380 2911 3451 φανέρωσιν.
2952 3382 3138 3433 ’Λλλοι
3192 3382 3413 3450 ῥύονται
3457 3382 3555 3450 μὲν
3610 3383 4009 3451 μεταστάντες.

2429 3472 2597 3542 χείρω
2629 3473 2684 3525 δέ
2712 3473 2811 3543 τὴν
2859 3474 3183 3541 προαίρεσιν
3218 3475 3463 3536 γίνονται
3494 3476 3591 3526 καὶ
3632 3477 3698 3544 τῇ
3732 3478 3876 3543 φυγῇ
3912 3480 4014 3542 τὴν

2432 3565 2710 3633 σωτηρίαν
2744 3564 3057 3633 ὁριζόμενοι
3112 3565 3267 3635 μόνῃ,
3314 3567 3409 3618 καὶ
3447 3566 3519 3633 μὴ
3571 3566 3649 3631 τῷ
3694 3566 3823 3635 θείῳ
3858 3567 4015 3635 θελή-

2434 3674 2589 3723 ματι,
2618 3656 2758 3721 ἄξιοι
2786 3655 3033 3707 τοιούτου
3066 3655 3338 3725 κρημνοῦ,
3370 3657 3463 3708 καὶ
3497 3656 3583 3709 διὰ
3616 3657 3774 3709 τοῦτο
3805 3676 4013 3726 συγχω-

2433 3746 2693 3816 ρηθέντες
2722 3748 2985 3815 ἐμπεσεῖν
3019 3746 3165 3815 αὐτῷ
3198 3747 3255 3809 ὃς
3296 3748 3506 3815 μυρίων
3548 3748 3789 3801 θανάτων
3827 3750 3893 3802 ἂν
3925 3753 4011 3819 εἴη

2434 3839 2675 3909 χρηστὸς
2710 3842 2821 3901 τοῖς
2847 3841 3197 3892 πεπονθόσιν.
3230 3841 3291 3891 Εἰ
3314 3839 3370 3891 δὲ
3406 3839 3661 3908 περὶτῶν
3692 3842 4014 3909 ἑτεροδόξων

2430 3948 2513 3990 τις
2554 3931 2739 3999 μέλλοι
2790 3931 2994 4000 ζητεῖν,
3029 3933 3152 3984 ἐπεί
3188 3932 3283 3984 καὶ
3328 3933 3552 3995 τούτους
3582 3933 3686 3985 ὐπὸ
3731 3933 3829 4002 τὴν
3864 3935 4014 3988 θείαν

2431 4022 2689 4092 πρόνοιαν
2719 4026 2745 4075 ὁ
2772 4021 2934 4091 ίερδς,
2968 4024 3015 4074 εἱ
3048 4026 3141 4075 καὶ
3172 4023 3245 4091 μὴ
3296 4022 3551 4086 καθάπαξ
3598 4023 3799 4090 ὁμοίως
3828 4024 4013 4093 τίθησι

2431 4117 2611 4183 λόγος,
2656 4116 2782 4185 ἐξῆν
2821 4116 2920 4183 μὲν
2954 4114 3048 4167 καὶ
3084 4116 3210 4182 περὶ
3263 4114 3464 4166 τούτων
3493 4115 3561 4168 τά
3592 4130 3654 4181 γε
3702 4116 3758 4176 ἐς
3790 4116 3881 4167 τὸν
3908 4117 4017 4168 λοι-

2436 4208 2533 4277 μὸν
2564 4209 2820 4274 γινόμενα
2843 4207 3113 4272 θεωρῆσαι
3131 4224 3143 4235 ’
3171 4206 3306 4258 ἀλλὰ
3322 4204 3600 4274 παρείσθω
3624 4209 3802 4276 σιωπῇ
3822 4210 3889 4259 τά
3913 4208 4015 4277 μὲν

2431 4298 2527 4352 νῦν
2576 4298 2857 4365 πρέποντα
2891 4300 3019 4365 παρ’
3050 4290 3125 4349 ὦν
3166 4297 3264 4349 οὐκ
3309 4298 3365 4349 ἐν
3399 4298 3531 4348 πᾶσι
3558 4298 3670 4359 τοῖς
3702 4297 4015 4367 εἰρημένοις

2430 4389 2465 4443 ἀ
2496 4387 2630 4457 δράξ
2664 4388 2804 4441 είσιν
2838 4388 2900 4439 ἐκ
2947 4387 3219 4453 πελάγους
3257 4388 3289 4455 ἡ
3323 4385 3440 4437 θεία
3489 4387 3616 4454 περὶ
3645 4387 3771 4448 τοὺς
3798 4387 4013 4456 ἀνθρώ-

2435 4497 2573 4543 πους
2595 4480 2942 4546 διαφαίνεται
2973 4481 3223 4546 πρόνοια,
3254 4479 3328 4547 μὴ
3363 4480 3522 4546 μόνον
3550 4479 3677 4541 τοὺς
3705 4479 3831 4532 νοῦν
3863 4480 3951 4549 ἔχο
3965 4499 4010 4531 ν-

2433 4586 2532 4631 τας
2581 4570 2675 4622 καὶ
2722 4567 3090 4629 εὐσεϐοῦντας
3138 4569 3578 4634 καταλάμπουσα
3629 4570 3770 4620 πάνυ
3812 4569 4012 4633 καλῶς,

2434 4658 2571 4711 άλλά
2624 4659 2719 4712 καὶ
2767 4662 2888 4719 ταῖς
2946 4658 3121 4726 ἱεραῖς
3180 4656 3602 4725 μαρτυρουμένη
3659 4658 3900 4725 Γραφαῖς
3948 4652 4014 4728 ἧς

2432 4750 2593 4819 ἔργον
2623 4750 2683 4801 οὐ
2740 4751 2898 4819 μόνον
2924 4750 2953 4817 ἡ
2979 4748 3263 4818 βελτίωσις
3283 4750 3409 4817 περὶ
3459 4750 3585 4810 τοὺς
3625 4748 3864 4813 ἀγαθοὺς
3904 4751 4020 4803 οὐδ’

2431 4837 2615 4903 οἶκτος
2648 4843 2773 4909 περὶ
2804 4840 2929 4902 τοὺς
2971 4839 3357 4908 φαυλοτέρους,
3388 4839 3548 4901 εὐθὺς
3597 4839 3817 4891 ἐπειδὰν
3851 4859 4017 4908 μετα-

2432 4934 2552 5005 νοίᾳ
2603 4932 2917 5000 διορθῶσιν,
2966 4932 3103 4985 ἀλλά
3160 4934 3251 4984 καὶ
3297 4933 3473 5001 ψῆφος
3503 4933 3600 5001 τῆς
3628 4933 3779 4997 θείας
3809 4934 4013 4987 δικαιο-

2434 5025 2601 5095 σύνης
2651 5025 2779 5089 περὶ
2815 5025 2940 5086 τοὺς
2991 5024 3194 5085 ἀνίσως
3244 5041 3303 5075 τε
3355 5025 3601 5092 ἔχοντας,
3656 5026 3747 5076 καὶ
3784 5026 4014 5080 καθόλου

2434 5116 2622 5181 φάναι,
2674 5116 2706 5184 ή
2740 5117 2868 5182 περὶ
2904 5114 3226 5181 ἀνθρώπους
3261 5116 3358 5182 τῆς
3408 5113 3556 5175 θείας
3591 5117 3851 5186 προνοίας
3898 5116 4013 5169 διά-

2432 5206 2586 5271 ταξις
2622 5207 2654 5274 ή
2693 5206 2794 5274 μὲν
2822 5208 3037 5276 ἐνεργεῖ
3069 5209 3195 5273 περῖ
3226 5206 3459 5259 ἕκαστον
3488 5208 3547 5259 οὐ
3577 5208 3887 5277 χωρίζουσα
3920 5209 4013 5260 τοῦ

2434 5298 2678 5367 πλήθους
2711 5296 2836 5349 οὐτε
2877 5297 2969 5349 τοῦ
3009 5296 3191 5349 κοινοῦ
3224 5300 3347 5367 περὶ
3378 5297 3554 5351 ταῦτα
3585 5300 3748 5366 νόμου
3780 5302 3875 5367 τῆς
3915 5301 4010 5351 τά·

2435 5389 2592 5452 ξεως,
2624 5389 2739 5440 ἀλλ’
2777 5389 2809 5457 ἦ
2848 5388 3242 5456 συνευεργετοῦ
3256 5407 3317 5440 σα
3348 5389 3378 5458 ἢ
3424 5390 3831 5456 συγκολάζουσα
3856 5407 3869 5421 ’
3900 5393 3930 5459 ἡ
3958 5392 4011 5443 δὲ

2432 5486 2749 5553 χωρίζουσα
2785 5482 3105 5552 παραδόξως
3152 5481 3370 5549 ἐνεργεῖ
3423 5486 3547 5551 περὶ
3579 5481 3673 5544 οῦς
3710 5484 3775 5534 ἂν
3814 5483 4011 5555 βουλη.

2435 5573 2552 5641 θείη
2587 5575 2682 5625 καὶ
2722 5574 2752 5643 ἥ
2792 5573 2954 5635 σώζει
2984 5572 3211 5642 χωρίςῆ
3254 5571 3587 5636 δικαστικῶς
3633 5574 4012 5644 ἐπεξέρχεται.

2445 5664 2583 5717 ’Λλλ’
2612 5658 2749 5717 ἔνιοι
2782 5666 2908 5733 περὶ
2940 5664 3110 5715 ταῦτα
3136 5665 3315 5716 πάντα
3349 5664 3754 5731 τυφλώττοντες
3786 5667 3886 5727 τὰς
3917 5670 4017 5734 μὲν

2435 5760 2711 5826 ἁμαρτίας
2744 5758 2804 5809 οὐ
2846 5756 3105 5825 φεύγουσι
3153 5759 3249 5814 τὰς
3284 5757 3382 5826 τῆς
3418 5757 3569 5819 θείας
3603 5757 3774 5825 ὀργῆς
3809 5758 4011 5819 αἰτίας.

2435 5853 2522 5902 ἐπὶ
2553 5851 2600 5905 δὲ
2644 5853 2839 5912 τόπους
2882 5849 3299 5918 μεταϐαίνουσιν
3350 5848 3540 5912 ἄλλους
3578 5849 3669 5901 ἐπὶ
3704 5849 3812 5902 τῶν
3845 5847 4012 5916 ὤμων
