4388 6460
411 414 537 480 1161

1480 413 1579 473 DE
1616 406 1941 486 CHRISTI.
1959 411 2555 476 IIUMANATIONE.

3512 415 3654 480 1162

402 529 678 608 τρείαν,.η
706 526 771 607 δὴ
815 530 909 581 καὶ
941 525 1156 595 γέγονε,
1211 525 1306 580 καὶ
1358 525 1444 580 διὰ
1474 525 1644 580 ταῦτα
1677 527 1810 580 Θεὸν
1841 526 1976 596 όμοῦ
2003 529 2053 589 Α
2089 522 2227 590 εἶδος
2263 528 2566 597 σύμφυτον,
2595 528 2703 613 τῶν
2733 528 2790 581 δὲ
2811 528 2879 582 δι’
2903 527 3070 581 αὐτοῦ
3106 528 3415 600 γενομένων
3445 530 3662 586 πάντων

402 625 500 677 καὶ
518 622 805 692 ἄνθρωπον
833 616 973 673 εἶναι
1004 619 1174 690 έχρῆν
1203 617 1296 672 τὸν
1321 616 1506 671 ταῦτα’
1531 618 1827 687 πράξοντα.

471 712 656 768 Ταῦτα
709 713 765 766 δὲ
819 713 851 780 ἡ
901 711 980 779 τῷ
1007 710 1138 778 θείῳ
1184 711 1352 780 Λόγῳ
1397 710 1850 779 προσειλημμένη
1879 711 1973 763 καὶ

405 805 727 876 συνημμένη
760 802 1128 873 προσωπικῶς
1166 801 1525 871 ἀνθρωπότης
1567 799 1623 854 ἑν
1646 801 1725 870 τῷ
1753 800 1975 872 Χριστῷ

403 899 714 971 ὑπούργησε
738 898 832 952 καὶ
858 899 1171 968 συνήργησε
1200 894 1280 966 τῷ
1308 893 1438 962 θείῳ
1465 893 1644 962 Λόγῳ,
1669 892 1758 946 διὰ
1783 894 1845 945 τὸ
1874 891 1977 959 τῆς
2016 928 2018 930 τ

401 993 529 1061 ὅλης
579 989 994 1060 ἁνθρωπότητος
1027 989 1315 1058 ἰσόρροπος
1353 984 1515 1039 εῖναι.
1542 986 1642 1038 Διά
1681 983 1852 1038 ταῦτα
1881 983 1976 1036 καὶ

402 1083 797 1154 προσειλήψθη,
836 1082 919 1134 ἵνα
971 1079 1194 1149 τοιαύτη
1248 1080 1494 1146 γένηται,
1527 1077 1621 1131 καὶ
1659 1076 1886 1143 τοιαύτη
1912 1092 1975 1142 γε

401 1170 539 1229 οῦσα
566 1174 818 1243 δυνηθείη
848 1171 1007 1226 λῦσαι
1038 1173 1137 1240 μὲν
1162 1171 1230 1225 τά
1257 1171 1496 1224 τοσαῦτα
1527 1171 1700 1235 κακὰ,
1727 1168 1978 1238 τηλικού-

401 1283 509 1320 των
543 1268 597 1320 δὲ
627 1266 850 1333 ἀγαθῶν
891 1265 1036 1335 ἀρχὴ
1070 1265 1162 1316 καὶ
1195 1259 1735 1332 σπέρμαγενέσθαι.
1769 1260 1831 1312 El
1864 1259 1978 1310 τοί-

382 1377 495 1413 .νυν
518 1362 545 1412 6
565 1360 769 1427 πρῶτος
788 1357 1075 1425 ἅνθρωπος
1105 1357 1170 1408 έκ
1197 1356 1298 1422 γῆς
1322 1354 1526 1423 χοϊκός,
1555 1353 1692 1405 κατά
1723 1353 1812 1404 τὸν
1832 1353 1978 1412 θείαν

402 1450 749 1514 ’Λπόστολον,
784 1449 1004 1502 διέδωκε
1055 1447 1153 1519 τὴν
1185 1447 1465 1516 ἁμαρτίαν
1519 1448 1612 1500 καὶ
1645 1444 1744 1515 τὴν
1784 1427 1979 1513 ποινὴν

400 1545 513 1606 τοῖς
540 1541 598 1606 ἐξ
619 1539 786 1594 αὐτοῦ
807 1540 1188 1608 γεννωμένοις,
1218 1539 1435 1601 οἰκείως
1462 1538 1540 1608 τῷ
1564 1535 1780 1606 φυσικῷ
1808 1535 1973 1604 σπέρο

405 1651 555 1701 ματι,
582 1634 633 1684 τί
657 1633 761 1701 χρὴ
786 1632 1090 1700 θαυμάζειν
1138 1633 1233 1683 καὶ
1268 1631 1518 1701 ἀπορεῖν,
1555 1630 1704 1692 ὅπως
1733 1628 1762 1681 ό
1789 1628 1974 1681 δεύτε-

405 1743 494 1795 ρος
516 1725 800 1794 ἄνθρωπος
830 1725 887 1789 ἐξ
917 1723 1148 1793 οὐρανοῦ
1192 1722 1254 1775 τὸ
1303 1721 1678 1791 πνευματικὸν
1727 1719 1973 1789 σπέρμα,

2083 617 2190 684 ἔξω
2215 619 2517 684 ποιητικὸς,
2537 618 2668 672 ὥστ’
2697 616 2836 673 εἶναι
2865 621 3066 688 μᾶλλον
3098 621 3239 674 αὐτὰ
3267 621 3362 676 τοῦ
3388 622 3534 677 θείου
3560 625 3663 679 A6-

2085 729 2181 782 γον
2221 714 2434 774 εἰκόνας
2475 714 2616 766 κατά
2642 713 2896 782 διάφορον
2952 715 3275 782 ὁμοιότητα,
3324 713 3461 770 ἄλλα
3487 713 3665 769 ἄλλων

2085 809 2428 878 ὑφαλοτέραν
2478 824 2538 860 τε
2599 805 2693 861 καὶ
2750 806 3180 878 χθαμαλωτέραν
3237 809 3422 870 πάσας
3477 809 3666 877 μέντοι

2086 918 2150 970 γε
2188 899 2374 970 ίχνους
2393 898 2721 968 όμοιότητας
2771 893 2913 952 εῖναι
2943 898 3018 961 ὡς
3048 897 3172 954 καθ’
3205 898 3500 967 ὁμοιότητα
3539 898 3668 968 βου-

2087 993 2295 1060 λήσεως
2347 990 2439 1045 καὶ
2473 990 2709 1057 φύσεως,
2743 989 2953 1043 ἐκεῖθεν
2995 989 3212 1042 πάντων
3245 991 3548 1059 γινομένων
3573 990 3668 1042 καὶ

2085 1080 2276 1134 όντων.

2159 1170 2453 1241 Ἐξῄρηται
2488 1172 2545 1223 δὲ
2576 1173 2683 1223 τῶν
2715 1172 2889 1226 ἀλλων
2939 1175 2971 1242 ἡ
3000 1174 3060 1226 έν
3099 1174 3209 1235 τοῖς
3245 1171 3556 1244 ἀνθρώποις
3585 1173 3667 1227 εί-

2088 1264 2220 1328 κὼν,
2254 1264 2328 1326 ὡς
2351 1266 2444 1316 καὶ
2475 1264 2597 1316 καθ’
2618 1265 2880 1333 ὁμοίωσιν
2903 1260 3037 1317 οὖσα
3064 1265 3424 1336 ὑψηλοτέραν,
3452 1267 3544 1319 καὶ
3567 1267 3671 1334 τῆς

2089 1359 2146 1409 έν
2178 1357 2251 1426 τῷ
2291 1356 2410 1425 Θεῷ
2434 1357 2664 1426 Τριάδος
2694 1358 2855 1428 ἔργον
2889 1358 3193 1421 ίδιαιτὰτως
3229 1359 3366 1412 οὐσα
3392 1359 3486 1410 καὶ
3509 1361 3668 1412 ἁπει·

2089 1450 2346 1517 κόνισμα.
2367 1443 2536 1512 Οὗτος
2551 1449 2733 1502 τοίνυν
2753 1451 2781 1504 6
2805 1450 2898 1502 τοῦ
2926 1448 3064 1502 Θεοῦ
3093 1449 3286 1517 Λόγος,
3317 1450 3387 1502 δι’
3405 1448 3466 1501 οῦ
3494 1448 3671 1500 πάντα

2092 1544 2304 1609 γέγονε,
2344 1541 2404 1592 τὸ
2438 1543 2724 1610 ποιητικὸν
2743 1543 2852 1596 τῶν
2875 1543 3046 1596 όντων
3068 1543 3326 1596 ἁπάντων
3357 1545 3448 1593 καὶ
3472 1541 3678 1594 ἀπλού-

2092 1649 2285 1684 στατον
2316 1632 2412 1685 καὶ
2444 1631 2672 1700 ἄπειρον
2719 1634 2812 1686 καὶ
2861 1634 3140 1701 πάνσοφον
3167 1628 3329 1696 εἶδος,
3383 1633 3676 1698 ἄνθρωπον

2093 1723 2408 1794 ὑποστήσας
2455 1725 2516 1778 οὐ
2547 1727 2956 1795 κεχωρισμένον
2999 1727 3218 1787 ἑαυτοῦ,
3281 1724 3533 1792 καθαπ;ρ
3585 1723 3678 1775 τ“.ν

401 1820 467 1887 τῇ
500 1815 659 1884 φύσει
689 1816 796 1868 τῶν
822 1814 1123 1883 ἀνθρώπων
1155 1815 1344 1887 ἁπάσῃ
1371 1813 1478 1866 τῶν
1509 1812 1604 1866 ἀπ’
1652 1812 1819 1865 αὐτοῦ
1851 1811 1980 1879 βοη-
2020 1858 2060 1911 Β
2091 1816 2310 1883 πρῶτον
2341 1817 2576 1871 ἔπλασεν
2619 1818 2911 1889 ἄνθρωπον
2937 1820 3029 1872 καὶ
3075 1820 3202 1881 τοὺς
3231 1817 3290 1883 ἐξ
3320 1819 3529 1870 ἐκείνου
3556 1819 3674 1869 δια-

403 1910 666 1980 θημάτων
723 1909 1061 1978 μετέδωκεν;
1125 1906 1224 1975 οὐχ
1271 1905 1545 1973 ὑπέστησε
1591 1904 1648 1956 δὲ
1685 1903 1784 1974 τὴν
1816 1905 1874 1956 ὲν
1908 1901 1986 1971 τῷ
2021 1901 2060 1911 “’
2094 1907 2244 1977 δοχῇ,
2301 1907 2419 1959 ἀλλ’
2475 1908 2549 1971 ὡς
2603 1908 2836 1978 δργανον
2897 1909 2996 1978 τῆς
3029 1906 3196 1961 αὑτοῦ
3249 1907 3504 1975 θεότητος
3530 1906 3680 1973 αὐτῷ

402 2002 624 2072 Χριστῷ
646 1999 1042 2070 ἀνθρωπότητα
1082 1997 1325 2066 πρῶτον,
1351 1998 1378 2049 6
1414 1997 1593 2049 πάντα
1616 1992 1860 2064 ὑφιστῶν
1889 1992 1984 2047 τοῦ

400 2092 537 2146 Θεοῦ
587 2092 780 2159 Λόγος,
833 2086 953 2143 εἶτα
986 2092 1124 2160 αὐτῇ
1175 2091 1404 2160 ἥνωται·
1436 2088 1555 2142 ἀλλ’
1593 2089 1710 2159 ἅμα
1735 2106 1793 2140 τε
1823 2088 1991 2155 ὑπερ.

401 2187 598 2255 έστησε
628 2185 723 2236 καὶ
750 2183 931 2252 ἥνωσε
955 2183 1156 2249 ἑαυτῷ,
1181 2182 1255 2244 ὡς
1281 2180 1577 2252 μηδέτερον
1599 2179 1830 2250 θατέρου
1853 2179 1986 2249 πρό-

400 2282 562 2355 τερον
584 2274 704 2327 τότε
739 2272 1030 2340 γενέσθαι⁹
1063 2272 1125 2324 τὸ
1160 2272 1268 2341 γὰρ
1307 2272 1401 2324 τόν
1441 2271 1584 2324 θεῖον
1621 2270 1794 2338 Λόγον
1825 2271 1990 2334 αίδῶς

402 2370 650 2441 (ἀῖδίως)
689 2387 750 2422 τε
796 2368 1103 2437 ὑφεστάναι
1165 2369 1258 2420 καὶ
1312 2365 1450 2419 ἰδίαν
1499 2363 1640 2421 εἶναι
1685 2366 1786 2437 τῆς
1821 2368 1879 2421 έν
1911 2365 1990 2438 τῷ

400 2460 521 2530 Θεῷ
559 2459 788 2529 Τριάδος
820 2459 1123 2512 ὑπόστασιν
1159 2459 1319 2527 ἤρκει
1351 2457 1439 2512 διὰ
1472 2457 1570 2528 τὴν
1593 2457 1759 2511 αὐτοῦ
1788 2474 1989 2513 παντο-

401 2552 751 2621 δυναμότητα
775 2550 1082 2620 ὑποστῆσαί
1107 2565 1166 2601 τε
1203 2550 1318 2616 ἅμα
1342 2551 1400 2601 ἐν
1423 2549 1603 2619 έαυτῷ
1631 2552 1722 2603 καὶ
1751 2550 1991 2620 συνάψαι

402 2644 492 2697 τὸν
521 2641 845 2712 ἄνθρωπον·
902 2642 1026 2695 ὅθεν
1059 2640 1182 2694 οὗτε
1217 2642 1358 2694 κατά
1410 2641 1664 2696 σύνθεσιν
1716 2643 1924 2712 ἥνωται

403 2734 765 2804 ἀνθρωπότης
803 2735 869 2803 τῇ
918 2731 1014 2786 τοῦ
1067 2732 1214 2786 θείου
1268 2733 1444 2801 Λόγου
1493 2734 1815 2806 ὑποστάσει,
1862 2733 1989 2788 οὐτε

404 2828 736 2902 διῃρημέναι
766 2826 1098 2889 ὑποστάσεις
1126 2827 1269 2881 εἰσὶν
1299 2827 1436 2898 ἅμα,
1472 2827 1586 2881 ἀλλ’
1613 2823 1684 2900 ἦν
1710 2831 1743 2900 ἡ
1779 2829 1992 2898 ἀνθρω-

406 2926 540 2992 πίνη
567 2923 728 2993 φύσις
759 2924 818 2974 έν
846 2918 924 2990 τῷ
956 2919 1180 2989 Χριστῷ
1211 2920 1522 2990 διῃρημένη
1546 2921 1646 2991 μὲν
1677 2922 1838 2991 φύσει
1891 2925 1991 2993 τῆς

406 3018 559 3083 θείας
586 3017 963 3081 ὑποστάσεως,
997 3014 1381 3078 ὑποστατικῶς
1410 3016 1468 3068 δέ
1497 3018 1592 3069 καὶ
1621 3020 1992 3087 προσωπικῶς

405 3109 728 3180 συνημμένη
759 3107 839 3179 τῷ
879 3107 1152 3178 ἠρτῆσθαι
1186 3106 1466 3178 αὑτῆςθώς
1496 3109 1696 3174 αίτίας,
1723 3110 1818 3162 καὶ
1847 3107 1995 3163 εἶναι

406 3205 503 3275 τὴν
534 3203 634 3274 μὲν
667 3201 823 3255 θείαν
857 3203 1020 3270 φύσιν
1054 3201 1114 3252 έν
1145 3201 1222 3271 τῷ
1252 3201 1477 3271 Χριστῷ
1515 3202 1720 3272 κυρίως
1751 3203 1992 3259 ὑπόστα.
2037 3217 2082 3275 C

406 3315 512 3361 σιν,
549 3296 913 3350 ένυπόστατον
954 3293 1010 3347 δὲ
1049 3293 1254 3362 μᾶλλον
1299 3294 1440 3363 αὐτῇ
1499 3295 1598 3364 τὴν
1640 3294 1996 3367 ἀνθρωπείαν

405 3390 568 3459 φύσιν
619 3390 714 3444 καὶ
757 3390 856 3460 οὐχ
889 3387 1212 3452 ὑπόστασιν,
1270 3387 1346 3451 ὡς
1380 3389 1436 3440 έν
1486 3388 1672 3461 ἐκείνῃ
1713 3407 1771 3442 τε
1801 3392 1897 3444 καὶ⁵
1928 3391 2004 3446 δι’

406 3484 618 3554 εκείνης
653 3483 1046 3553 ὑφεστηκυῖαν,
1095 3481 1396 3534 κάντεῦθεν
1454 3483 1587 3550 μίαν
1618 3481 1838 3552 ἀληθῶς
1863 3484 2003 3538 ὑπό·

407 3574 767 3631 στασινέῐναι
809 3575 872 3628 τὸ
915 3574 1352 3646 συναμφότερον.
1391 3575 1490 3628 Διά
1528 3575 1738 3629 τούτων
1773 3577 1871 3646 μέν
1899 3580 2002 3648 ἀρ-

407 3672 646 3734 κούντως
670 3672 703 3740 ὴ
735 3669 872 3741 πρὸς
895 3669 958 3722 τὸ
973 3668 1307 3740 ζητούμενον
1324 3668 1540 3721 δέδοται
1558 3667 1734 3732 λύσις,
1749 3671 1845 3722 καὶ
1866 3672 2004 3724 ἀνα.

407 3763 799 3835 γωγικώτερον
830 3763 887 3816 δέ
923 3763 1054 3832 περὶ
1085 3763 1280 3816 τούτου
1308 3761 1644 3834 προσθέντες
1665 3761 1825 3829 λόγον
1858 3779 2004 3817 παυ-

412 3859 646 3929 σόμεθα.

487 3951 554 4008 Ὀ
585 3954 769 4007 τοίνυν
799 3954 969 4023 Λόγος
996 3957 1094 4010 καὶ
1124 3953 1252 4015 Υίδς
1280 3950 1374 4005 τοῦ
1411 3951 1570 4016 Θεοῦ,
1604 3951 1744 4022 πρὸς
1783 3951 1882 4022 μὶν
1911 3951 2005 4004 τὸν

408 4046 543 4102 Θεδν
575 4053 669 4102 καὶ
701 4047 922 4118 Πατέρα
975 4047 1376 4116 σκοπούμενος,
1423 4043 1563 4108 εἶδος
1609 4046 1862 4115 συμφυές
1889 4045 2005 4098 έστί

407 4159 465 4199 τε
492 4145 589 4198 καὶ
610 4143 857 4212 λέγεται,
882 4141 978 4196 τοῦ
1002 4141 1306 4210 γεννῶντος
1335 4140 1499 4195 αὐτὸν
1535 4138 1756 4210 πρώτου
1783 4138 1877 4194 νοῦ
1909 4138 2004 4195 καὶ

408 4238 575 4294 εῑκὼν
600 4237 769 4292 αὐτοῦ
792 4236 1030 4308 γεννητὴ
1060 4236 1203 4289 κατά
1234 4235 1421 4303 φύσιν,
1464 4232 1604 4303 πρὸς
1634 4233 1692 4288 δὲ
1719 4234 1787 4287 τὰ
1815 4233 1884 4287 δι’
1908 4234 2007 4288 αὐ-

408 4330 500 4384 τοῦ
527 4329 622 4385 τοῦ
652 4329 800 4384 θείου
853 4329 1030 4396 Λόγου
1072 4327 1423 4396 πεποιημένα
1474 4323 1876 4395 σκοπούμενος,
1909 4328 2005 4381 καὶ

408 4417 545 4486 εἶδος
571 4423 682 4475 τῶν
711 4421 881 4475 όντων
903 4420 1132 4475 δύναται
1163 4417 1447 4487 λέγεσθαι,
1481 4417 1766 4488 ὑπερφυὲς
1791 4418 2002 4486 μέντοι,

383 4516 499 4584 ,καὶ
532 4516 608 4578 ὡς
643 4514 791 4569 αιτία
830 4512 1049 4566 πάντων
1079 4510 1363 4581 ποιητικὴ,
1457 4511 1550 4564 καὶ
1583 4511 1618 4580 η
1643 4509 1821 4582 είδικὴ
1855 4510 2006 4565 αἰτία

2101 2001 2470 2073 συνημμένον,
2499 2003 2638 2073 πρὸς
2664 2003 2763 2071 τὴν
2784 2001 2883 2070 τῆς
2907 2002 3221 2069 οἰκονομίας
3243 1999 3437 2069 χρείαν
3461 1998 3554 2050 ἐπὶ
3581 2013 3688 2049 σω-

2099 2095 2267 2165 τηρίᾳ
2303 2095 2398 2148 τοῦ
2431 2094 2777 2165 πλάσματος,
2813 2094 3053 2162 εὐλόγως
3086 2093 3178 2146 τὸν
3214 2091 3554 2158 συναφθέντα
3586 2091 3685 2142 αὐ-

2098 2187 2176 2255 τῷ
2202 2187 2374 2252 οὕτως
2433 2187 2744 2259 ἄνθρωπον,
2805 2187 2880 2250 ὡς
2916 2186 3152 2240 καθόλου
3208 2183 3680 2254 δεδημιούργηκεν

2099 2279 2412 2350 ἄνθρωπον,
2445 2279 2541 2333 ἀτε
2569 2280 2649 2348 τῷ
2680 2280 2953 2348 ὑπερφυεῖ
2983 2277 3077 2330 καὶ
3108 2276 3434 2346 δημιουργῷ
3460 2277 3558 2343 τῆς
3589 2276 3683 2327 ἀν·

2100 2371 2454 2441 θρωπότητος
2511 2371 2643 2425 είδει
2696 2372 2796 2426 καὶ
2824 2372 3046 2423 πάντων
3099 2370 3287 2437 ἁπλῶς
3345 2369 3455 2421 τῶν
3510 2367 3682 2421 όντων

2104 2465 2332 2518 συνόντα
2355 2463 2726 2533 προσωπικῶς
2747 2463 3041 2532 ίδιαὶτερον
3065 2464 3158 2515 καὶ
3181 2461 3358 2532 τούτῳ
3392 2461 3691 2514 είδοποιού-

2104 2575 2287 2627 μενον,
2345 2560 2407 2611 οὐ
2466 2559 2649 2624 φύσει,
2684 2557 2823 2610 ἀλλά
2867 2557 3174 2628 ὑπερφυεῖ·
3228 2555 3352 2609 ὅθεν
3398 2557 3425 2607 6
3457 2555 3533 2625 τῷ
3563 2554 3693 2624 θείῳ

2100 2651 2260 2717 Λόγῳ
2296 2650 2591 2716 συνα·,;θε“ις
2622 2648 2912 2718 ἄνθρωπος
2943 2650 3000 2702 οὐ
3039 2651 3179 2702 κατά
3210 2650 3335 2709 τοὺς
3369 2647 3563 2705 ἄλλους
3594 2648 3690 2699 ἀν⁸

2103 2743 2360 2812 θρώπους
2397 2741 2565 2795 είκών
2598 2744 2713 2795 ἐστι
2763 2742 2860 2796 τοῦ
2914 2743 3050 2795 Θεοῦ
3089 2743 3252 2810 μόνον
3287 2741 3384 2794 καὶ
3406 2741 3693 2810 ὁμοίωσις,

2103 2836 2238 2890 ἀλλά
2264 2839 2355 2890 καὶ
2393 2835 2649 2906 θεότητος
2687 2835 2920 2906 ὄργανον
2959 2837 3057 2906 τῆς
3111 2836 3207 2889 τοῦ
3243 2836 3421 2903 Λόγου
3475 2835 3695 2886 ιδιαιτέ-

2107 2947 2236 2999 ρως,
2269 2927 2368 2983 ἆτε
2399 2929 2772 2997 προσωπικῶς
2795 2926 2945 2997 αὐτῷ
2971 2927 3347 2998 συνημμένον,
3373 2927 3468 2978 καὶ
3493 2924 3691 2994 ταύτῃ,

2105 3023 2176 3086 ὡς
2209 3023 2344 3077 εἴδει
2377 3023 2544 3092 κοινῷ
2572 3021 2673 3092 μὲν
2711 3023 2821 3076 τῶν
2851 3022 3023 3075 όντων
3076 3019 3350 3090 ποιητικῷ
3383 3019 3476 3072 καὶ
3501 3016 3690 3082 αὐτοῦ,

2109 3115 2224 3184 ίδίῳ
2255 3115 2309 3168 δὲ
2334 3114 2534 3184 ἐξόχως
2563 3113 2660 3167 καὶ
2689 3114 2985 3186 ὑπερφυῶς
3013 3113 3411 3182 ὑφιστάμενον.

2199 3208 2411 3278 Ἐὦμεν
2435 3209 2491 3261 δὲ
2525 3208 2626 3279 τὴν
2656 3207 2826 3276 ἀλλην
2859 3207 2957 3276 τῆς
2988 3209 3044 3261 ὲν
3078 3207 3302 3278 Χριστῷ
3342 3207 3698 3279 ἀνθρωπότη.

2109 3318 2200 3367 τος
2224 3303 2384 3369 δόξαν
2423 3301 2503 3374 τῷ
2541 3302 2803 3372 ἡμετέρῳ
2856 3304 3123 3372 Δεσπότῃ.
3165 3301 3233 3373 ἥν
3290 3301 3699 3374 ὑπερεδοξάσθη

2109 3401 2221 3459 τοῖς
2254 3398 2396 3467 ὑπὲρ
2441 3397 2550 3450 τῶν
2603 3395 2915 3467 ἀνθρώπων
2967 3397 3146 3464 ἀγῶσι
3197 3398 3294 3452 καὶ
3319 3397 3702 3467 ὑπερύψωται,

2109 3493 2208 3562 τῆς
2230 3493 2293 3546 ὲκ
2321 3491 2415 3545 τοῦ
2451 3491 2792 3560 συναφθῆναι
2845 3492 3120 3560 προτέρας
3171 3489 3330 3558 δόξης
3363 3491 3703 3562 ὑψηλοτέραν

2111 3587 2205 3640 καὶ
2227 3585 2396 3649 ὅντως
2430 3584 2737 3658 θεοπρεπῆ·
2764 3570 2925 3649 ἄλλος
2949 3584 3058 3654 γὰρ
3087 3585 3217 3655 περὶ
3241 3585 3449 3639 τούτων
3472 3584 3499 3634 ό
3521 3585 3702 3653 λόγος.

2112 3677 2324 3731 Οὐκοῦν
2355 3675 2597 3740 τοιοῦτος
2630 3675 2705 3728 ῶν
2732 3678 2759 3729 6
2789 3677 2847 3729 ἒν
2880 3676 2959 3746 τῷ
2992 3677 3214 3747 Χριστῷ
3258 3677 3574 3748 ἄνθρωπος,
3610 3682 3707 3730 καὶ

2111 3771 2387 3840 τοσαύτην
2408 3767 2564 3833 ἀξίας
2593 3768 2870 3840 εὐρύτητα
2900 3771 2996 3822 καὶ
3023 3769 3313 3837 δυνάμεως
3344 3762 3506 3841 έχων,
3596 3769 3705 3823 τῶν

2109 3862 2418 3934 ἀνθρώπων
2448 3862 2669 3915 πάντων
2686 3860 2785 3929 τὴν
2811 3859 2977 3929 φύσιν
2997 3860 3276 3931 διατρέχει
3310 3863 3407 3913 καὶ
3432 3861 3708 3935 περιέχει,

2111 3956 2256 4010 κατά
2291 3972 2355 4023 γε
2405 3955 2507 4026 τὴν
2543 3953 2709 4023 φύσιν
2747 3954 2969 4024 ἑκάστῳ
3020 3971 3080 4006 τε
3136 3945 3234 4006 καὶ
3292 3954 3459 4006 πᾶσιν
3488 3955 3514 4005 ὁ
3551 3954 3710 4013 αὐτὸς

2111 4044 2354 4119 γεγονὼς
2415 4045 2517 4118 τὴν
2557 4046 2731 4117 ἀρχὴν
2762 4046 2838 4109 ὡς
2891 4044 3100 4116 ἀληθὴς
3150 4043 3442 4115 ἄνθρωπος
3474 4043 3712 4109 εὐλόγως

2112 4142 2210 4196 καὶ
2245 4141 2399 4215 πασῃ
2430 4142 2496 4212 τῇ
2535 4138 2644 4194 τῶν
2671 4137 2977 4210 ἀνθρώπων
3025 4126 3189 4208 φύσει
3243 4137 3576 4207 διαλλακτὴς
3622 4138 3710 4204 γέ-

2111 4252 2239 4305 γονε
2280 4235 2420 4306 πρὸς
2451 4233 2544 4288 τὸν
2577 4233 2806 4287 συνόντα
2838 4233 3213 4305 προσωπικῶς
3245 4232 3377 4285 Υίδν
3403 4233 3501 4286 τοῦ
3552 4233 3709 4298 Θεοῦ,

2112 4329 2209 4382 καὶ
2241 4327 2310 4381 δι’
2349 4325 2516 4381 αὐτοῦ
2565 4325 2701 4396 πρὸς
2754 4327 2848 4379 τὸν
2880 4326 3015 4380 Θεὸν
3070 4328 3169 4381 καὶ
3206 4327 3446 4398 Πατέρα,
3489 4329 3599 4389 τοῖς
3636 4328 3713 4381 οξ-

2113 4418 2283 4480 κείοις
2312 4416 2456 4488 ὑπὲρ
2479 4418 2743 4471 ἁπάντων
2770 4416 3064 4486 παθήμασι
3095 4417 3368 4486 καὶδίκης
3408 4417 3714 4488 τῆςιπᾶσιν

2113 4512 2446 4584 ὡφλημένης
2479 4511 2751 4581 ἀποδότης
2778 4512 2837 4565 ὲν
2872 4512 3054 4578 έαυτῷ
3089 4516 3181 4565 καὶ
3220 4510 3450 4582 μεσίτης
3494 4514 3586 4563 καὶ
3619 4512 3714 4564 λυ-

407 4609 740 4663 συνέπεται·
804 4606 958 4660 οὐδὲν
988 4606 1097 4674 γάρ
1129 4606 1260 4661 ἄνευ
1306 4581 1482 4668 είδους
1519 4606 1685 4667 ποιεί,
1740 4581 1857 4656 ἀλλ’
1910 4606 2005 4657 ἐπὶ
2041 4581 2088 4638 D
2115 4581 2358 4678 τρωτὴς,
2405 4581 2512 4659 ’καὶ
2562 4605 2789 4675 σπέρμα
2846 4606 3252 4674 πνευματικὸν,
3309 4581 3411 4674 τῆς
3448 4606 3516 4660 δι’
3546 4606 3710 4659 αὐτόν

408 4704 509 4773 μὲν
561 4702 670 4755 τῶν
725 4701 906 4757 ἄλλων
943 4697 1116 4752 ταῦτα
1176 4697 1525 4766 διακέκριται
1582 4701 1676 4750 καὶ
1723 4696 2011 4769 διαφόροις
2113 4698 2353 4770 ἀληθοῦς
2385 4697 2816 4771 ἀνθρωπότητος
2853 4700 2949 4752 καλ⁸
2978 4695 3116 4763 εἶδος
3151 4699 3248 4770 τῆς
3282 4698 3710 4769 ἀνθρωπότητος

407 4797 733 4866 διακρίσεων
764 4793 1014 4865 τρόποις,
1056 4793 1091 4863 ή
1147 4791 1205 4844 δι
1255 4793 1365 4846 τῶν
1395 4790 1568 4846 ὄντων
1603 4791 1826 4846 πάντων
1858 4792 2009 4845 αἰτία

409 4892 502 4944 καὶ
525 4885 668 4950 εἶδος
698 4889 730 4956 ἡ
757 4887 896 4956 αὐτή
922 4887 1040 4939 εστι
1070 4884 1293 4938 πάντων
1341 4884 1636 4957 ὑπερφυὴς
1670 4886 1747 4949 ὡς
1793 4884 2008 4940 οίκοθεν

408 4981 607 5052 ἔχουσα
631 4979 694 5033 τδ
719 4979 920 5042 ποιεῖν,
958 4976 1184 5032 έπειδάν
1231 4975 1525 5048 βουληθείη
1582 4976 1889 5048 οὐδαμόθεν
1915 4978 2009 5032 ἀλ-

409 5084 514 5138 λως
564 5071 999 5145 συνεργουμένη.
1063 5068 1217 5134 Εἶδος
1249 5070 1343 5125 οὖν
1379 5070 1592 5127 ἁπλοῦν
1640 5089 1700 5125 τε
1757 5073 1851 5126 καὶ
1878 5071 1938 5124 ἰν
1977 5073 2006 5126 6

409 5166 549 5230 θεῖος
583 5167 757 5234 Λόγος
818 5166 1076 5237 ὑπάρχει,
1135 5165 1231 5218 καὶ
1287 5167 1355 5236 τῇ
1411 5164 1552 5237 προς
1607 5166 1678 5221 τά
1727 5165 2006 5236 κτίσματα

347 5288 357 5296 -
409 5262 733 5334 ἀποδλέψει,
765 5263 891 5325 τούς
916 5264 1024 5331 γάρ
1058 5260 1353 5333 διαφόρους
1383 5260 1580 5330 λόγους
1612 5259 1722 5314 τῶν
1745 5259 1917 5314 όντων
1952 5263 2010 5314 έν

410 5358 591 5428 ἑαυτῷ
622 5359 894 5430 περιέχει,
922 5356 990 5410 δι’
1028 5356 1292 5424 ἀπειρίαν
1316 5355 1536 5423 φύσεως
1567 5354 1661 5409 καὶ
1696 5355 2006 5425 δυνάμεως,

412 5452 502 5522 ὑφ’
526 5452 610 5506 ένὶ
664 5451 740 5522 τῷ
792 5450 1154 5522 ἀπλουστάτῳ
1179 5450 1276 5521 τῆς
1323 5448 1492 5504 αὐτοῦ
1530 5449 1784 5522 θεότητος
1816 5449 1948 5504 εῖδει
1980 5447 2008 5501 δ

411 5547 547 5616 προς
568 5546 658 5599 τὸν
701 5545 924 5615 Πατέρα
958 5547 1162 5598 νοεῖται
1209 5545 1610 5615 σκοπούμενος,
1646 5546 1743 5597 καὶ
1773 5542 1865 5598 τοῦ
1905 5543 2006 5615 μὲν

414 5637 631 5708 πρώτου
682 5636 778 5692 νοῦ
827 5637 921 5691 τοῦ
953 5636 1091 5691 Θεοῦ
1136 5639 1233 5691 καὶ
1274 5636 1491 5709 Πατρδς
1521 5637 1860 5706 έμφαντικός
1890 5638 2007 5692 ἐστι

413 5733 576 5804 μόνον
628 5736 687 5789 έν
737 5730 920 5802 έαυτῷ
967 5731 1044 5798 ὡς
1075 5718 1266 5787 ἐίκὼν
1295 5731 1464 5786 αὐτοῦ
1515 5731 1658 5788 κατὰ
1687 5732 1874 5804 φύσιν,
1913 5733 2010 5786 καὶ⁸

738 6024 1014 6089 Ριιτιιοι.
1048 6023 1171 6088 Gn.
1213 6020 1386 6087 CLX.

2110 4793 2283 4863 όπόση
2324 4793 2443 4855 τοίς
2466 4792 2636 4847 αὐτοῦ
2660 4794 2848 4863 νόμοις
2884 4791 3222 4863 μορφοῦται,
3257 4792 3352 4844 καὶ
3379 4792 3492 4856 τοῖς
3539 4793 3710 4846 αὐτοῦ

2113 4885 2544 4959 συμμορφοῦται
2593 4886 2915 4958 παθήμασι,
2957 4886 3053 4939 καὶ
3097 4886 3449 4955 πρωτότοκος
3482 4884 3592 4938 τῶν
3630 4900 3716 4938 νε-

2112 4981 2283 5051 κρῶν,
2335 4980 2434 5036 καὶ
2484 4981 2798 5052 πρόδρομος
2829 4981 2912 5045 είς
2967 4980 3201 5051 οὐρανὸν
3235 4979 3348 5033 τῶν
3399 4977 3715 5050 ἀξίωγηιαὶ

2111 5073 2440 5145 προμηθεὺς
2475 5071 2689 5127 έκεῖθεν
2710 5070 2821 5126 τῶν
2850 5069 3002 5142 αὐτῷ
3048 5070 3434 5141 προσεχόντων
3474 5069 3567 5123 καὶ
3600 5068 3711 5122 τῶν

2111 5169 2211 5236 τῆς
2256 5165 2574 5237 οἰκονομίας
2603 5164 2825 5236 έκείνης
2856 5163 3042 5218 καλῶν
3087 5162 3422 5234 έκσιδαστὴς
3469 5163 3714 5218 ἀδιάλειο

2114 5274 2270 5322 πτος,
2304 5260 2424 5322 ταῖς
2453 5258 2664 5313 ἀνωθεν
2716 5258 2811 5314 ὑπ’
2860 5258 3026 5311 αὑτοῦ
3062 5258 3378 5330 χορηγίαις,
3421 5259 3518 5310 καὶ
3563 5255 3714 5309 δικαο

2115 5352 2270 5421 στῆς,
2303 5352 2530 5407 έπειδάν
2575 5352 2676 5423 τῆς
2721 5352 3040 5415 συντελείας
3071 5351 3338 5420 ἐπισταίη
3397 5349 3592 5421 καιρὸς
3627 5352 3717 5402 καὶ

2117 5447 2233 5509 τοῖς
2286 5447 2766 5517 δικαιωσομένοις,
2819 5450 2918 5520 τῆς
2969 5447 3228 5518 οὐρανίου
3288 5443 3717 5517 εὐεργέτηςκαῖ

2121 5540 2411 5612 κιιινωτης,
2473 5543 2572 5595 καὶ
2626 5542 2703 5607 ὡς
2760 5542 2971 5613 πατὴρ,
3031 5541 3248 5604 τέκνοις
3289 5538 3566 5610 γνησίοις,
3595 5553 3716 5590 συν-

2121 5637 2397 5709 εστιὰτωρ
2434 5638 2531 5692 καὶ
2565 5638 2861 5711 σύνεδρος·
2908 5637 3064 5708 αὐτῷ
3095 5634 3440 5706 θεανθρῶπῳ
3467 5633 3715 5707 Δεσπότῃ

2120 5731 2283 5802 ἡμῶν
2321 5733 2568 5805 Χριστῷ,
2599 5733 2729 5800 δόξα
2757 5737 2837 5800 εἰς
2858 5736 2986 5801 τοὺς
3011 5732 3240 5798 αἰῶνας.
3266 5731 3469 5805 ’Λμήν.

2025 5897 2096 5913 ιιι-

3241 6012 3316 6073 37
