4388 6460
695 370 829 437 1163

2105 366 2361 430 ΑΒΒΕΝ
2367 367 2486 429 DA.

3797 358 3932 428 1104

1122 709 1691 865 ADDENDA
1800 708 1960 859 All
2054 705 2440 860 0Pllllll
2539 700 2910 856 MAlllll
3001 700 3475 855 EPllllSll

1692 1130 1829 1188 ΤΟΥ
1883 1130 2287 1186 ΣΩΦΩΤΑΤΟΥ
2326 1129 2446 1184 ΚΑΙ
2491 1126 2926 1184 ΛΟΓΙΩΤᾹΤΟΥ

985 1301 2050 1483 ΜΑΡΚΟΥ
2190 1298 3623 1472 ΕΥΓΕΝΙΚΟΥ

1883 1568 2425 1625 ΜΕΤΡΟΠΟΛΙΤΟΥ
2483 1567 2746 1623 ΕΦΕΣΟΥ

881 1735 1432 1830 ΕΞΗΓΗΣΙΣ
1523 1740 1739 1824 ΤΗΣ

1856 1735 2858 1824 ΕΚΚΑΗΣΙΑΣΤΙΚΗΣ
2971 1732 3727 1828 ΑΚΟΛΟΥΘΙΑΣ.

2262 1943 2335 1963 ..ἦ

1771 2077 2279 2134 SAPlENTlSSlMl
2312 2076 2858 2144 DOCTISSlMlQUE

1502 2261 2090 2420 MARCI
2178 2267 3100 2422 EUGENICI

1913 2532 2163 2591 EPHESI
2200 2533 2719 2592 METROI’OLITIE

1203 2711 1872 2809 EXPOSITIO
1956 2712 2415 2805 OFFICII
2529 2713 3444 2809 ECCLESIASTICI.

1062 2914 1230 2972 (Edita
1253 2914 1314 2963 ad
1339 2911 1524 2964 calcem
1551 2910 1768 2973 Operum
1796 2908 2061 2971 Symeonis
2087 2904 2567 2968 Thessalonicensis,
2597 2910 2643 2957 ὶν
2678 2910 2859 2973 Γιασίῳ
2883 2917 2966 2968 τῆς
2992 2913 3280 2969 Mazacam,
3313 2911 3449 2974 i685,
3474 2911 3579 2971 fol.)

762 3227 993 3282 Necesse
1023 3225 1240 3296 quidem
1270 3223 1428 3287 foret,
1474 3223 1626 3292 juxta
1665 3229 2020 3291 praceptum,
2053 3220 2264 3276 indesi-
2293 3224 2341 3282 Α

695 3330 889 3377 neuter
912 3334 1071 3375 orare
1102 3328 1154 3374 et
1185 3319 1250 3373 ad
1280 3317 1447 3373 Deum
1483 3318 1860 3372 adorationem
1894 3317 1945 3370 in
1981 3315 2186 3384 Spiritu
2217 3325 2271 3369 et

695 3411 928 3466 veritate
959 3411 1194 3477 dirigere
1228 3424 1243 3474 ;
1280 3409 1369 3460 sed
1411 3409 1695 3476 praesentis
1743 3406 1864 3459 vitae
1915 3406 2065 3459 curis
2124 3405 2270 3472 obje-

696 3504 820 3567 ctis,
850 3511 904 3558 et
925 3502 1007 3556 his
1031 3516 1151 3570 quae
1184 3499 1331 3554 circa
1364 3514 1565 3566 corpus
1614 3505 1902 3551 versantur
1936 3496 2274 3567 cogitationi-

692 3598 800 3650 bus
822 3592 1218 3648 conﬂuentibus
1246 3576 1614 3658 impediuntur
1634 3588 1910 3658 plerique;
1937 3597 2274 3643 removetur-

701 3705 806 3756 que
845 3701 1069 3756 regnum
1127 3685 1218 3738 Dei
1268 3681 1413 3752 quod
1465 3683 1604 3735 intra
1648 3697 1746 3735 nos
1784 3689 1889 3745 est,
1931 3692 1990 3736 ut
2047 3679 2279 3746 requirit

702 3777 1019 3833 Dominicus
1049 3792 1231 3832 sermo
1260 3791 1275 3842 ;
1313 3774 1782 3844 prohibenturqne
1809 3788 1875 3826 ne
1898 3771 2161 3842 spirituali
2193 3787 2282 3826 as-

701 3872 895 3925 sistant
945 3869 1128 3932 altari,
1179 3866 1490 3935 spiritualcs
1544 3865 1597 3918 in
1655 3863 1785 3918 illud
1823 3870 1878 3918 et
1929 3861 2284 3917 rationabiles

706 3964 910 4017 hostias
948 3961 1056 4014 Dco
1090 3959 1397 4020 allerentes,
1437 3958 1738 4012 secundum
1774 3954 2023 4009 divinum
2051 3954 2282 4023 Aposto-

705 4058 837 4119 lum,
862 4054 1121 4121 quoniam
1161 4053 1252 4106 Dei
1292 4051 1525 4105 viventis
1566 4049 1821 4118 templum
1856 4063 2047 4103 sumus
2079 4063 2200 4112 nos,
2227 4057 2281 4102 et

706 4149 943 4217 Spiritus
1000 4144 1119 4213 ejus
1171 4143 1389 4198 divinus
1441 4143 1492 4196 in
1546 4142 1704 4197 nobis
1764 4143 1990 4196 habitat.
2029 4139 2281 4210 Nihilque

707 4244 900 4294 mirum
948 4238 999 4292 id
1032 4239 1076 4291 si
1115 4237 1166 4289 in
1222 4237 1404 4289 multis
1453 4245 1505 4289 et
1545 4238 1689 4290 circa
1741 4250 1958 4290 carnem
2003 4236 2282 4304 occupatis

706 4334 958 4387 accidere
985 4331 1145 4397 solet,
1181 4345 1302 4385 cuin
1331 4345 1521 4383 eovuin
1559 4331 1650 4399 qui
1686 4344 1744 4383 se
1793 4331 1956 4398 hujus
1982 4331 2166 4383 saeculi
2199 4343 2283 4383 re-

715 4429 815 4480 bus
853 4424 1268 4484 abdicaverunt,
1304 4421 1597 4476 nonnullos
1618 4421 1867 4477 videmus
1893 4422 2286 4476 rationabiliter

709 4521 976 4572 adversus
1012 4515 1333 4584 passionum
1364 4516 1693 4569 tentatlones
1719 4514 2067 4578 dimicantes,
2090 4515 2285 4571 exinde

712 4611 942 4664 multum
973 4609 1216 4662 excitare
1247 4607 1546 4677 pulverem,
1581 4607 1673 4676 qui
1737 4607 1904 4662 animi
1945 4608 2279 4662 intellectum

710 4705 988 4766 obcaecat;
1029 4699 1378 4767 nondumque
1401 4698 1467 4751 ad
1501 4712 1682 4752 veram
1710 4713 1927 4766 precem
1961 4699 2283 4754 eliciendam

711 4791 1233 4864 pervenientes,etsi
1269 4791 1521 4844 voluntas
1557 4804 1667 4844 non
1715 4791 1898 4855 desit;
1933 4792 2175 4860 jucunda
2205 4803 2288 4845 est

708 4891 762 4941 in
801 4886 963 4940 corde
988 4885 1246 4938 continua
1285 4894 1335 4937 et
1379 4883 1697 4938 indesinens
1727 4881 1858 4938 .lesu
1913 4885 2177 4938 memoria
2234 4892 2287 4938 et

710 4995 773 5032 ex
812 4994 874 5032 ea
907 4975 1202 5032 incﬂabilis
1236 4974 1587 5029 illuminatio.
1619 4973 1878 5030 ldcircoa
1912 4976 2118 5031 sanctis
2146 4976 2286 5030 divi-

712 5074 904 5141 nisque
933 5070 1136 5124 nostris
1166 5068 1445 5132 Patribus,
1479 5068 1574 5138 qui
1609 5082 1638 5122 a
1673 5066 1804 5124 Jesu
1834 5067 2054 5124 Christo
2093 5080 2288 5139 etapo-

712 5166 868 5220 stolis
893 5171 1242 5230 acceperunt,
1271 5169 1475 5215 statuta
1507 5170 1634 5215 sunt
1659 5161 1726 5215 ad
1768 5161 2036 5215 orandum
2078 5170 2290 5231 tempus

712 5268 764 5309 et
799 5256 993 5318 locus;
1024 5269 1147 5307 cum
1181 5254 1335 5321 quasi
1365 5255 1734 5309 necessariam
1773 5256 1917 5307 hanc
1938 5264 1990 5308 et
2020 5256 2291 5324 praestitu-

717 5359 825 5402 tam
861 5343 1188 5398 inducerent
1229 5343 1526 5413 liturgiam,
1567 5344 1636 5398 ab
1685 5345 1752 5399 iis
1782 5344 1894 5398 Deo
1923 5346 2288 5413 pra-stantiam

716 5437 808 5507 qui
844 5451 949 5490 non
987 5450 1215 5505 prorsus
1245 5435 1483 5490 belluino
1514 5450 1663 5492 more
1693 5436 1882 5507 vivunt
1913 5454 1927 5502 ;
1962 5438 2072 5491 imo
2098 5450 2149 5492 et
2173 5453 2292 5493 cor-

717 5526 924 5598 poralis
953 5524 1330 5596 dispositionis
1360 5524 1596 5588 habitus,
1628 5533 1681 5578 et
1713 5524 1996 5580 inclinatio
2026 5527 2091 5581 ad
2124 5542 2287 5596 quam

719 5623 1063 5678 intendentes
1116 5631 1332 5691 oportet
1384 5634 1579 5685 orare;
1611 5629 1664 5675 et
1707 5624 2012 5691 praesertim
2050 5625 2170 5692 ejus
2201 5628 2294 5697 qui

2445 3223 2593 3276 Ἔδει
2629 3222 2727 3292 μὲν
2765 3223 2906 3275 κατὰ
2946 3222 3047 3290 τὴν
3095 3222 3424 3276 κελεύουσαν
3465 3222 3685 3289 ἐντολὴν
3720 3223 3953 3276 ἀδιαλεί-

2377 3334 2525 3379 πτως
2594 3319 3033 3387 προσεύχεσθαι,
3093 3319 3186 3370 καὶ
3241 3317 3338 3386 τὴν
3393 3319 3450 3370 ὲν
3511 3316 3792 3386 Πνεῦματι
3855 3322 3952 3369 καὶ

2375 3411 2603 3481 ἀληθείᾳ
2657 3411 3033 3480 προσκύνησιν
3089 3409 3168 3475 τῷ
3223 3410 3340 3474 Θεῷ
3386 3410 3724 3478 ἀναφέρειν·
3763 3409 3878 3463 ἀλλ’
3919 3413 3947 3478 ἡ

2378 3505 2514 3573 πρὸς
2549 3504 2615 3555 τὰ
2659 3502 2886 3572 βιωτικὰ
2916 3501 3024 3554 τῶν
3048 3501 3326 3569 λογισμῶν
3355 3501 3600 3569 ἀσχολία,
3639 3502 3729 3552 καὶ
3773 3502 3799 3552 ὁ
3843 3501 3954 3553 τῶν

2378 3595 2506 3664 περὶ
2544 3594 2703 3662 σῶμα
2739 3593 3036 3662 φροντίδων
3071 3592 3255 3662 ἐσμὸς,
3299 3595 3502 3658 ἀπάγει
3537 3595 3661 3654 τοὺς
3705 3593 3951 3653 πολλοὺς.

2381 3687 2472 3738 καὶ
2517 3685 2779 3754 ἀφίστησι
2827 3686 2925 3755 τὴν
2975 3683 3255 3752 βασιλείαν
3297 3685 3389 3736 τοῦ
3423 3685 3581 3747 Θεοῦ,
3620 3687 3766 3746 ἐντὸς
3798 3685 3955 3752 ἡμῶν

2383 3779 2571 3840 οὖσαν,
2600 3778 2673 3841 ὼς
2709 3782 2735 3832 ὁ
2766 3779 3043 3846 Κυριακδς
3073 3780 3226 3846 λόγος
3264 3779 3528 3845 ἐπιζητεῖ,
3559 3781 3649 3831 καὶ
3683 3779 3759 3846 τῷ
3783 3779 3956 3846 νοητῷ

2388 3872 2776 3942 προσεδρεύειν
2808 3872 3202 3942 θυσιαστηρίῳ,
3235 3873 3334 3933 τὰς
3369 3870 3747 3938 πνευματιγάς
3775 3885 3831 3920 τε
3863 3871 3956 3918 καὶ

2383 3965 2608 4032 λογικὰς
2657 3964 2850 4028 θυσίας
2906 3965 3321 4035 προσφέροντας
3368 3963 3454 4016 ἐπ’
3487 3961 3651 4015 αὐτοῦ
3706 3962 3780 4030 τῷ
3814 3961 3955 4027 Θεῷ.

2382 4057 2523 4108 κατὰ
2559 4055 2648 4108 τὸν
2686 4056 2827 4107 Θεῖον
2857 4055 3209 4117 Ἀπόστολον,
3250 4054 3409 4121 εἴπερ
3449 4052 3610 4120 ἐσμὲν
3651 4051 3773 4110 ναὸς
3822 4051 3957 4101 Θεοῦ

2383 4148 2586 4212 ζῶντος
2620 4150 2802 4217 ἡμεῖς,
2841 4149 2936 4200 καὶ
2977 4148 3037 4198 τὸ
3069 4147 3292 4215 Πνεῦμα
3325 4145 3488 4197 αὑτοῦ
3545 4145 3605 4196 τὸ
3652 4144 3790 4194 θεῖον
3824 4143 3962 4192 οἰκεῖ

2383 4241 2442 4292 ὲν
2485 4241 2641 4309 ἡμῖν.
2687 4241 2795 4294 Καὶ
2834 4239 3151 4308 θαυμαστὸν
3199 4240 3371 4304 οὐδὲν,
3402 4240 3450 4290 εἰ
3483 4240 3573 4288 ἐπὶ
3615 4237 3721 4289 τῶν
3750 4236 3963 4288 πολλῶν

2387 4333 2480 4385 καὶ
2524 4335 2664 4386 κατὰ
2711 4333 2889 4402 σάρκα
2929 4332 3150 4396 ζώντων
3188 4331 3347 4384 τοῦτο
3393 4331 3714 4399 συμϐαίνειν
3748 4328 3958 4391 εἴωθεν,

2387 4426 2521 4478 ὅπου
2542 4443 2604 4494 γε
2630 4427 2722 4478 καὶ
2750 4425 2858 4478 τῶν
2883 4425 3316 4493 ἀποταξαμένων
3339 4425 3446 4484 τοῖς
3477 4424 3755 4488 κοσμικνιῖς
3789 4424 3963 4490 πρᾶγ-

2393 4533 2558 4584 μασιν
2595 4517 2768 4578 ἐνίους
2809 4514 3030 4584 ὁρῶμεν
3072 4515 3159 4568 διὰ
3213 4513 3274 4567 τὸ
3329 4514 3651 4581 λογιστικὼς
3689 4512 3958 4580 μάχεσθαι

2387 4611 2502 4670 ταῖς
2559 4606 2862 4676 προλήψεσι
2910 4607 3019 4659 τῶν
3079 4607 3288 4672 παθῶν,
3341 4608 3437 4660 καὶ
3494 4607 3660 4658 πολὺν
3712 4605 3963 4657 ἐντεῦθεν

2388 4699 2956 4769 κονιορτὸν”ὲγεὶρειν,
2983 4699 3380 4752 ἐπισκοτοῦντα
3418 4699 3476 4751 τὸ
3504 4699 3692 4767 νοερὸν
3718 4697 3820 4773 τῆς
3854 4696 3961 4765 ψυ-

2389 4794 2506 4863 χῆς,
2534 4793 2687 4845 οὔπω
2717 4795 3048 4862 δυναμένους
3081 4793 3367 4862 ἐφικέσθαι
3399 4793 3498 4861 τῆς
3523 4792 3758 4863 ἀληθοῦς
3789 4806 3964 4860 προσ-

2389 4886 2577 4953 ευχῆς,
2621 4886 2717 4938 καὶ
2757 4885 2929 4938 πολλὰ
2985 4886 3366 4956 βουλομένους,
3424 4886 3552 4953 ἡδέα
3615 4885 3760 4937 ἐστὶν
3811 4885 3842 4952 ἠ
3905 4884 3964 4934 ὲν

2390 4978 2590 5048 καρδία
2624 4978 2857 5047 συνεχὴς
2887 4978 2981 5030 καὶ
3010 4979 3286 5036 ἄπαυστος
3323 4977 3500 5045 Ἰησοῦ
3535 4978 3748 5046 μνήμη,
3789 4975 3880 5027 καὶ
3938 4978 3966 5025 ὸ

2391 5071 2450 5133 ἐξ
2493 5070 2660 5138 αὐτῆς
2706 5070 2994 5139 γινόμενος
3043 5072 3281 5142 ἄρῤητος
3324 5069 3628 5138 φωτισμός.
3665 5069 3763 5121 Διὰ
3809 5070 3967 5120 τοῦτο

2391 5166 2501 5227 τοῖς
2534 5166 2698 5232 ἱεροῖς
2747 5165 2838 5215 καὶ
2882 5162 3048 5226 θείοις
3074 5165 3230 5233 ἡμῶν
3262 5163 3545 5232 Πατράσιν
3584 5165 3640 5227 ἐξ
3671 5163 3835 5216 αὑτοῦ
3871 5163 3964 5213 τοῦ

2394 5259 2635 5327 Χριστοῦ
2686 5259 2780 5310 καὶ
2837 5259 2947 5310 τῶν
2992 5260 3307 5312 ἀποστόλων
3356 5260 3753 5329 παρειληφόσιν
3791 5261 3969 5312 ἔπινε-

2395 5351 2582 5419 νόηται
2632 5350 2767 5420 πρὸς
2825 5351 2923 5421 τὴν
2972 5352 3284 5422 προσευχὴν
3328 5355 3516 5422 καιρός
3557 5372 3613 5406 τε
3657 5355 3750 5408 καὶ
3782 5355 3965 5416 τόπος,

2399 5445 2522 5505 τοὺς
2553 5444 2626 5514 μὴ
2664 5443 2840 5513 πάντη
2873 5444 3171 5514 κτηνώδεις
3201 5449 3490 5513 ἐνάγοντες
3523 5448 3771 5517 καθάπερ
3807 5448 3971 5513 ἀναγ-

2399 5537 2562 5588 καίαν
2597 5535 2720 5587 τινὰ
2750 5537 2956 5604 ταύτην
2979 5537 3089 5599 ,καὶ
3121 5537 3507 5606 ὲμπρόθεσμον
3536 5539 3807 5608 εἰσφέρειν
3851 5539 3969 5607 Θεῷ

2401 5626 2765 5697 λειτουργίαν,
2799 5629 2879 5680 ἔτι
2930 5645 2989 5680 τε
3055 5631 3372 5697 σωματικῆς
3421 5631 3715 5694 διαθέσεως
3762 5630 3969 5701 σχῆμα,

717 5725 835 5773 orat
885 5716 1055 5771 animi
1089 5715 1392 5783 dispositio.
1457 5714 1659 5770 Locum
1706 5731 1854 5782 vero,
1914 5718 2184 5785 habitum,
2244 5735 2298 5778 et
2404 5739 2450 5773 κς

2244 5735 2298 5778 et
2404 5721 2498 5773 καὶ
2535 5722 2724 5788 κλίμα,
2766 5721 2900 5790 πρὸς
2958 5722 2986 5774 ὃ
3043 5723 3123 5775 δεῖ
3181 5724 3502 5791 ἀφορῶντας
3560 5724 3832 5793 εὔχεσθαι,
3876 5725 3971 5776 καὶ

720 5809 886 5863 animi
921 5807 1336 5879 dispositionem
1369 5807 1634 5862 describit
1686 5808 1843 5865 divus
1879 5810 2174 5881 Apostolus
2208 5817 2287 5870 di-

2407 5815 2511 5885 πρὸ
2552 5817 2753 5868 τούτων
2781 5818 2811 5886 ἡ
2844 5816 2937 5868 τοῦ
2966 5817 3258 5887 εὐχομένου
3295 5820 3625 5881 κατάστασις
3648 5819 3744 5884 τῆς
3772 5815 3969 5887 ψυχῆς.
