4388 6460
397 408 529 476 1169

1300 409 1541 470 MAllCl
1579 407 1954 470 EUGENlCl
1996 408 2095 470 DE
2131 407 2371 474 OFFIC.
2419 406 2712 468 ECCLES.

3502 408 3640 476 l‘l'll)

398 543 515 597 μεν.
568 517 644 580 Οῦ
696 524 876 595 τυχεῖν
909 524 1093 588 ἐλέους
1151 521 1434 594 αἰτοῦμεν,
1470 521 1718 586 εἰκότως.
1774 521 1833 576 '0
1867 523 1967 593 μὲν
1996 528 2042 587 Α
2074 524 2131 592 ip:

1913 523 1967 577 ιν
1996 528 2042 587 Α
2074 524 2189 592 ipse
2249 523 2516 578 mediator
2546 522 2713 578 Deum
2762 523 2900 578 inter
2940 532 2994 580 et
3043 523 3293 580 homines
3324 522 3646 593 Christique

396 615 505 683 γὰρ
534 613 729 682 ἰερεῦς.
757 612 916 676 αὐτὸς
938 612 1012 666 ὣν
1037 613 1073 666 6'
1103 612 1328 682 μεσίτης
1362 612 1496 666 Θεοῦ
1521 612 1613 667 καὶ
1643 611 1969 682 ἀνθρώπων,

396 707 582 759 εἰκόνα
616 706 803 769 σώζων
829 706 1092 774 Χριστοῦ,
1116 705 1372 776 καθάπερ
1398 707 1499 777 ἤδη
1553 705 1778 776 βεϐαίαν
1832 705 1973 774 ἔχων

400 799 774 868 πληροφορίαν
806 800 932 869 περὶ
957 799 1067 854 τῶν
1120 801 1462 871 αἰτημάτων,
1498 800 1814 869 εὐχαριστεῖ
1875 803 1973 870 τῆς

396 906 456 942 τε
491 891 567 951 είς
594 890 654 943 τὸ
684 885 823 946 εἰναι
868 890 1026 962 ἡμῶν
1084 893 1425 963 παραγωγῆς
1480 893 1662 960 ἕνεκα,
1717 893 1811 947 καὶ
1866 892 1973 945 τῶν

398 983 639 1053 ἀρχῆθεν
690 983 856 1038 αὐτοῦ
914 986 1053 1055 πρὸς
1099 987 1249 1056 ἡμᾶς
1297 986 1661 1056 δωρημάτων,
1721 986 1816 1038 καὶ
1865 986 1974 1039 τῶν

400 1074 628 1146 ὕστερον
673 1075 762 1131 διὰ
812 1077 912 1146 τῆς
965 1076 1059 1131 τοῦ
1109 1078 1449 1146 Μονογενοῦς
1502 1079 1832 1146 σαρκώσεως
1881 1077 1974 1130 καὶ

397 1168 742 1237 ἐπιφανείας,
774 1170 868 1223 καὶ
915 1168 996 1223 ἔτι
1045 1171 1157 1224 τῶν
1214 1170 1309 1224 νῦν
1371 1170 1708 1240 αἰτουμένων
1767 1187 1826 1223 τε
1880 1171 1975 1224 καὶ

397 1261 778 1330 δοθησομένων
801 1279 814 1296 ·
849 1262 1040 1331 ὥσπερ
1080 1264 1244 1328 αὐτὸς
1282 1264 1311 1317 ὁ
1341 1264 1534 1335 Σωτὴρ
1562 1265 1720 1334 ὴμῶν
1776 1265 1868 1317 ἐπὶ
1898 1265 1976 1335 τῷ

399 1353 660 1423 Λαζάρῳ,
691 1355 785 1407 καὶ
817 1356 948 1424 πρὶν
970 1357 1276 1425 ἀναστῆσαι
1301 1359 1391 1410 τὸν
1431 1359 1705 1427 κείμενον,
1778 1361 1976 1428 Εὐχα-

389 1446 582 1510 ριστῶ
653 1463 775 1512 σοι,
806 1449 942 1517 πρὸς
1010 1451 1102 1502 τὸν
1179 1451 1401 1520 Πατέρα
1462 1452 1650 1520 φησιν,
1699 1452 1789 1505 ὅτι
1854 1471 1973 1520 μου

396 1538 694 1607 ἤκουσας.
743 1541 935 1610 Ἡμεῖς
968 1544 1024 1596 δὲ
1070 1545 1117 1595 οἰ
1171 1544 1378 1608 πολλοὶ,
1425 1545 1532 1596 τῶν
1585 1545 1731 1600 ἰδίων
1761 1547 1976 1616 μέτρων

397 1635 772 1702 ἐπιγνώμονες
793 1635 966 1698 ὄντες,
1008 1636 1297 1704 ὶλεηθῆναι
1329 1637 1649 1704 αἰτούμεθα,
1685 1641 1824 1692 κατὰ
1884 1640 1976 1692 τὸν

397 1724 596 1791 τυφλὸν
625 1725 852 1788 ἐκεῖνον,
915 1728 1013 1796 οὐχ
1065 1727 1183 1780 υἰδν
1247 1729 1432 1797 μέντοι
1491 1729 1678 1788 Δαὸὶδ.
1750 1730 1885 1783 Θεοῦ
1920 1731 1976 1783 δὲ

403 1813 533 1866 Υἰὸν
563 1813 654 1869 τὸν
680 1814 910 1884 Σωτῆρα
944 1815 1103 1884 ἡμῶν
1133 1815 1520 1885 ὀνομάζοντες,
1551 1816 1624 1878 ὼς
1654 1816 1841 1884 ἕτερός
1873 1833 1974 1868 που

2078 629 2366 684 personam
2395 629 2610 684 gerens,
2641 616 2798 684 quasi
2829 616 2939 685 jam
2969 625 3173 671 certam
3232 616 3438 672 habens
3480 617 3640 671 ﬁdem

2075 707 2143 762 de
2161 706 2368 777 petitis,
2397 708 2606 776 gratias
2631 706 2740 778 agit
2769 716 2823 761 et
2857 707 2923 760 de
2953 709 3228 762 creatione
3257 714 3463 772 nostra,
3492 715 3545 762 et
3577 707 3644 762 de

2076 798 2236 853 nobis
2289 797 2358 852 ab
2391 797 2548 853 initio
2592 797 2871 853 concessis
2905 797 3082 861 donis,
3113 806 3166 853 et
3199 797 3267 853 de
3324 807 3512 867 postea
3547 812 3645 870 per

2077 888 2358 959 Unigeniti
2387 889 2816 945 incarnationem
2853 889 3359 960 revelationemque
3387 889 3551 957 datis,
3586 897 3642 945 et

2076 981 2258 1036 adhuc
2277 984 2341 1035 de
2368 980 2436 1035 iis
2457 997 2576 1050 quae
2599 981 2653 1034 in
2681 981 2964 1051 praesentia
2985 981 3221 1052 petimus
3244 992 3298 1036 et
3329 997 3450 1051 qua:
3487 980 3646 1036 nobis

2079 1082 2205 1128 sunt
2232 1072 2575 1128 concedenda
2606 1088 2622 1126 :
2665 1073 2941 1143 sicutipse
2968 1073 3215 1130 Salvator
3249 1082 3434 1129 noster
3463 1074 3517 1128 in
3540 1072 3646 1127 La-

2078 1178 2230 1232 zaro,
2271 1171 2325 1219 et
2359 1163 2692 1234 priusquam
2760 1166 3034 1234 jacentem
3064 1165 3397 1222 suscitaret:
3429 1164 3646 1220 Gratias

2078 1272 2180 1326 ago
2213 1255 2328 1318 tibi,
2381 1255 2446 1309 ad
2481 1254 2698 1310 Patrem
2736 1257 2832 1320 ait,
2887 1257 3013 1325 quia
3061 1273 3141 1310 me
3193 1255 3500 1310 audiisti".
3536 1255 3648 1312 Nos

2077 1359 2258 1405 autem
2286 1349 2550 1421 plerique,
2581 1351 2647 1404 de
2675 1350 2908 1420 pr0priis
2933 1350 3201 1404 limitibus
3224 1350 3454 1414 conscii,
3480 1349 3649 1404 mise-

2080 1443 2372 1498 ricordiam
2406 1445 2639 1512 petimus
2666 1459 2762 1512 pro
2793 1459 2943 1498 more
2979 1443 3133 1508 caeci,
3154 1457 3264 1496 non
3291 1441 3402 1510 jam
3433 1440 3649 1496 Davidis

2078 1536 2270 1602 lilium,
2303 1535 2394 1591 sed
2422 1535 2510 1591 Dei
2543 1538 2857 1591 invocantes
2889 1535 3336 1605 Salvatoremque
3372 1536 3648 1596 nostrum,

2078 1640 2137 1684 ut
2171 1640 2224 1684 et
2253 1630 2388 1683 alter
2420 1629 2547 1682 fecit
2583 1643 2760 1683 caseus
2799 1637 3080 1696 postquam
3109 1635 3220 1680 tum
3251 1627 3498 1695 corporis
3534 1634 3646 1679 tum

2079 1722 2243 1776 animi
2286 1720 2460 1775 oculis
2489 1720 2826 1773 illuminatus
2859 1726 2963 1772 est.
2995 1718 3280 1772 Enimvero
3309 1731 3407 1772 nos
3438 1731 3466 1770 e
3497 1723 3650 1770 tene-

2079 1812 2190 1866 hris
2220 1811 2392 1866 vocati
2451 1825 2640 1865 sumus
2700 1810 2752 1863 in
2787 1808 3096 1864 admirabili
3148 1807 3236 1863 Dei
3275 1806 3504 1871 lumine,
3555 1805 3646 1861 sed

397 1905 599 1972 τυφλὸς
627 1906 764 1975 μετά
791 1905 850 1958 τὸ
916 1905 1220 1974 ἀναϐλέψαι
1285 1904 1504 1976 σύναμα
1556 1907 1669 1969 τοῖς
1706 1906 1982 1973 αἰσθητοῖς
2014 1907 2054 1962 Β
2083 1913 2130 1959 et

1914 1907 1982 1968 >ῐς
2014 1907 2054 1962 Β
2083 1905 2246 1959 etiam
2270 1904 2347 1958 sic
2386 1918 2480 1972 per
2504 1911 2725 1958 sanctos
2761 1911 2977 1958 nostros
3007 1900 3193 1955 Patres
3221 1897 3516 1968 propitium
3552 1897 3647 1950 ha-

397 1996 524 2056 τοὺς
551 1996 776 2062 νοητοὺς
798 1995 1134 2064 ὀφθαλμούς.
1166 1998 1269 2049 Καὶ
1295 1997 1404 2066 γάρ
1454 1999 1616 2066 ἡμεῖς
1644 1999 1707 2050 ἐκ
1752 1997 1975 2058 σκότους

398 2086 710 2156 ἐκλήθημεν
739 2089 818 2149 εἰς
842 2087 902 2139 τὸ
927 2087 1242 2154 θαυμαστὸν
1269 2089 1360 2141 τοῦ
1387 2089 1521 2142 Θεοῦ
1562 2089 1698 2156 φῶς,
1727 2087 1861 2142 ἀλλὰ
1883 2087 1978 2142 καὶ

401 2180 651 2234 οὕτωδιὰ
672 2179 970 2246 τῶνάγίων
991 2181 1148 2248 ἡμῶν
1200 2182 1459 2251 Πατέρων
1519 2182 1643 2234 ﬂeto
1691 2180 1976 2246 τεύξεσθαι

403 2275 797 2344 προσδοκῶμεν
817 2274 913 2328 τοῦ
954 2277 1048 2328 ἐπὶ
1101 2276 1321 2328 πάντων
1354 2274 1511 2330 Θεοῦ.
1541 2305 1612 2315 -
1643 2274 1800 2338 Δόξα
1852 2288 1975 2339 σοι,

398 2372 432 2422 ό
456 2369 625 2434 Θεὸς,
660 2369 698 2435 ἡ
728 2367 906 2434 ἐλπίς
933 2365 1123 2435 ἡμῶν,
1151 2367 1348 2433 Κύριε,
1402 2365 1553 2428 δόξα
1588 2379 1710 2419 σοι.
1736 2394 1804 2404 —-
1845 2364 1980 2418 Τού-

395 2478 509 2522 τοις
537 2462 629 2514 καὶ
660 2463 820 2530 ἡμεῖς
851 2461 1197 2528 συνάπτομεν
1237 2458 1549 2526 δοξολογίας
1582 2457 1680 2528 τῆς
1709 2459 1790 2521 εἰς
1845 2457 1978 2512 Θεὸν

400 2555 574 2622 μικρά
596 2553 731 2607 ἄττα
763 2553 1010 2621 ῥήματα,
1048 2551 1146 2613 τὰς
1178 2549 1288 2601 τῶν
1340 2549 1591 2616 ἀγγέλων
1645 2548 1977 2618 μιμούμενοι

399 2645 548 2706 θείας
569 2645 775 2714 φωνὰς,
821 2644 880 2697 αἳ
929 2643 1142 2713 πρῶται
1194 2641 1270 2709 τῷ
1336 2642 1426 2693 ἐπὶ
1475 2640 1578 2709 γῆς
1622 2641 1979 2710 σαρκουμένῳ

395 2738 516 2806 Θεῷ
538 2737 1018 2807 προσηνέχθησαν,
1049 2735 1130 2798 τδ,
1167 2733 1322 2797 Δόξα
1370 2733 1438 2785 ἐν
1481 2734 1767 2800 ὑψίστοις
1833 2731 1974 2797 Θεῷ,

396 2831 493 2882 καί
549 2831 646 2884 ἐπὶ
714 2830 828 2898 τῆς
878 2830 1110 2899 εἰρήνη,
1185 2814 1255 2884 ἐν
1306 2827 1642 2896 ἀνθρώποις
1711 2829 1974 2881 εὐδοκία.

396 2957 461 2965 --
495 2925 759 2979 Βασιλεῡ
789 2925 1052 2993 οὐράνιε.
1091 2954 1158 2963 —-
1181 2924 1288 2976 Καὶ
1315 2923 1456 2993 μετὰ
1490 2920 1661 2974 ταῦτα
1682 2921 1978 2992 τροπάριόν

398 3037 450 3068 τι
484 3017 898 3085 συντεθειμένον
925 3019 1015 3068 ἐπὶ
1040 3019 1104 3086 τῇ
1157 3016 1296 3068 κατὰ
1329 3015 1424 3084 τὴν
1467 3012 1845 3084 Πεντηκοστὴν
1897 3014 1978 3074 εἰς

396 3115 525 3172 τοτις
562 3111 809 3180 μαθητὰς
852 3109 1066 3179 καθόδῳ
1107 3108 1200 3161 τοῦ
1240 3109 1384 3161 θείου
1425 3109 1764 3177 Πνεῦματος,
1816 3106 1978 3161 αὐτὸν

405 3204 578 3256 ἐλθεῖν
603 3205 691 3255 τὸν
717 3201 1074 3272 Παράκλητον
1129 3200 1622 3271 προσκαλούμενοι,
1662 3200 1746 3267 ἐφ’
1877 3199 1976 3268 τὴν

404 3299 462 3348 ὲν
493 3296 624 3364 ἡμῖν
655 3297 883 3348 ἐνοῦσαν
912 3293 1251 3360 ἀφανίσαντα
1298 3293 1586 3360 πονηρίαν,
1620 3292 1803 3357 ἀξίους
1847 3293 1977 3344 ἀναν

400 3389 572 3453 δεῖξαι
611 3387 703 3438 τοῦ
746 3385 1087 3452 παρεστάναι
1135 3383 1274 3453 Θεῷ.
1316 3415 1385 3424 -—
1419 3385 1623 3452 ’Ἄγιος
1653 3388 1684 3438 ό
1717 3385 1883 3449 Θεός.
1909 3414 1976 3424 --

407 3477 538 3532 Εἰτα
558 3479 650 3533 τὸν
691 3477 985 3547 Τρισάγιον
1020 3478 1314 3545 λεγόμενον
1373 3475 1559 3543 ὕμνον,
1619 3476 1679 3529 ὃν
1728 3475 1976 3528 συνέθετο

411 3575 508 3642 μὲν
541 3574 573 3641 ἡ
623 3571 918 3640 Ἐκκλησία
947 3569 1098 3639 παρὰ
1127 3567 1218 3620 τοῦ
1261 3568 1488 3622 Ἡσαΐου
1522 3567 1784 3632 λαϐοῦσα,
1818 3569 1978 3636 ἡνίκα

401 3663 500 3731 τῆς
533 3661 856 3730 θαυμαστῆς
881 3660 1099 3730 ἠξιοῦτο
1142 3659 1249 3710 τῶν
1277 3658 1531 3726 Σεραφίμ
1575 3658 1833 3727 θεωρίας,
1886 3657 1978 3710 καὶ

395 3757 479 3808 ἔτι
508 3755 976 3823 προσχρησαμένη
1009 3755 1122 3813 τοῖς
1157 3749 1251 3803 τοῦ
1285 3751 1448 3802 Δαόὶδ
1481 3752 1742 3820 ῥήμασιν,
1799 3752 1856 3803 ἐν
1898 3745 1978 3814 οἷς

398 3863 587 3914 φησιν.
625 3842 1024 3912 Ἐδίψησενή
1053 3841 1223 3911 ψυχή
1269 3859 1388 3911 μου
1435 3841 1586 3909 πρὸς
1642 3841 1752 3893 τὸν
1811 3843 1979 3907 θεὸν,

403 3941 511 3992 τὸν
540 3937 819 4006 ἰσχυρὸν,
856 3937 962 3989 τὸν
996 3936 1213 3996 ζῶντα·
1252 3935 1495 4002 ἐκύρωσε
1519 3935 1576 3987 δὲ.
1629 3934 1759 3995 Θεὸς
1813 3934 1982 4002 ἀμφι-

399 4029 728 4097 γνοούμενον
758 4029 986 4093 ἄνωθεν,
1011 4028 1098 4081 ὅτε
1135 4027 1219 4080 διὰ
1251 4027 1350 4095 τῆς
1384 4025 1645 4096 ἁρπαγῆς
1676 4027 1768 4080 τοῦ
1795 4029 1980 4092 παιδὸς

401 4122 672 4188 ἐμήνυσεν
693 4119 866 4182 οὕτως
895 4119 1118 4189 ᾄδοντας
1143 4120 1268 4182 τοὺς
1299 4121 1585 4187 ἀγγέλους,
1615 4119 1673 4172 ὃν
1705 4121 1798 4172 καὶ
1826 4138 1980 4190 τρισ-

403 4213 644 4275 σοῦντες,
671 4214 750 4270 εἰς
776 4213 940 4282 τιμὴν
963 4215 1056 4265 καὶ
1087 4213 1245 4265 τοῦτο
1269 4213 1369 4279 τῆς
1401 4214 1788 4283 προσκυνητῆς
1815 4216 1985 4283 Τριά-

401 4306 512 4369 ate,
547 4305 879 4366 τοσαυτάκις
938 4305 1033 4358 καὶ
1090 4304 1530 4375 προσκυνοῦμεν,
1578 4307 1981 4372 ἐπιδεικνύντες

402 4401 559 4466 ἡμῶν
591 4398 650 4450 τὸ
677 4398 904 4460 εὐλαόὲς
961 4399 1090 4466 περὶ
1119 4397 1209 4449 τὸν
1243 4399 1540 4464 ἀγγελικόν
1579 4415 1636 4451 τε
1693 4400 1787 4452 καὶ
1840 4401 1982 4455 θεῖον

402 4491 592 4559 ὕμνον.
625 4521 694 4530 -
724 4490 878 4554 Δόξα
933 4490 1135 4557 "arpi.
1170 4520 1240 4530 —-
1285 4487 1418 4543 Εἶτα
1474 4496 1566 4543 καὶ
1619 4493 1982 4560 ὀνομάσαντες

2082 1998 2207 2051 bere
2239 1997 2484 2051 omniutn
2515 1995 2682 2050 Deum
2713 2009 3017 2064 speramus.
3059 2026 3114 2037 -
3157 1992 3342 2047 Gloria
3368 1991 3480 2053 tibi,
3509 1989 3646 2044 Deus

2081 2107 2194 2159 spes
2237 2104 2447 2155 nostra,
2504 2090 2739 2154 Domine,
2795 2091 2968 2158 gloria
3018 2088 3130 2141 tibi.
3176 2116 3245 2130 --
3301 2084 3395 2141 llis
3435 2096 3487 2140 et
3545 2101 3646 2142 nos

2083 2183 2434 2252 adjungitnus
2473 2183 2540 2236 de
2599 2182 2756 2236 laude
2810 2181 2903 2235 Dei
2963 2196 3127 2251 parva
3175 2179 3410 2249 quadam
3459 2180 3646 2246 verba,

2081 2276 2393 2345 angelorum
2431 2275 2645 2330 divinas
2677 2289 2834 2329 voces
2860 2274 3161 2338 imitantes,
3190 2289 3311 2342 qua:
3331 2273 3516 2342 prima:
3538 2273 3648 2328 Deo

2082 2372 2135 2426 in
2195 2380 2337 2423 terra
2404 2371 2688 2424 incarnato
2746 2369 2921 2422 allata:
2952 2377 3096 2433 sunt,
3161 2367 3335 2422 illud:
3369 2367 3550 2421 Gloria
3593 2367 3646 2420 in

2080 2464 2360 2517 altissimis
2400 2462 2526 2527 Deo,
2566 2471 2615 2516 et
2667 2463 2718 2515 in
2751 2472 2892 2514 terra
2922 2477 3052 2530 pax,
3086 2461 3139 2514 in
3175 2459 3472 2515 hominibus
3510 2461 3647 2514 bona

2080 2557 2324 2610 voluntas
2345 2557 2407 2609 ‘3.
2436 2584 2486 2595 -—-
2523 2554 2630 2607 Rea:
2669 2554 2910 2609 ca’lestis.
2942 2583 3012 2593 —
3040 2551 3107 2606 Et
3136 2562 3318 2622 postea
3349 2551 3645 2621 troparium

2081 2646 2378 2716 quoddam.
2402 2647 2452 2700 in
2478 2647 2798 2701 descensum
2822 2645 3057 2712 Spiritus
3078 2645 3250 2698 sancti
3277 2643 3328 2696 in
3349 2643 3647 2711 discipulos

2081 2740 2169 2794 die
2197 2739 2552 2795 Pentecostes
2594 2742 2979 2807 compositum,
3008 2746 3229 2793 orantes
3266 2738 3441 2806 ipsunt
3482 2734 3647 2789 Para-

2080 2829 2280 2886 cletum
2335 2841 2394 2883 ut
2441 2830 2621 2884 veniat
2654 2841 2726 2892 ct,
2774 2844 2895 2896 qua:
2943 2828 3101 2884 nobis
3133 2828 3271 2882 incst
3314 2828 3516 2881 malitia
3554 2827 3648 2881 de-

2083 2922 2209 2984 leta,
2250 2922 2444 2989 dignos
2477 2937 2575 2976 nos
2596 2921 2786 2977 reddat
2815 2921 2906 2990 qui
2936 2921 3046 2974 Deo
3077 2921 3487 2974 assistamus.—-—
3503 2918 3644 2972 San-

2081 3019 2196 3064 ctus
2225 3010 2474 3064 Deus.—-—-
2495 3011 2620 3064 lnde
2652 3011 2911 3080 hymnum
2932 3009 3218 3078 Trisagion
3245 3009 3445 3062 dictum
3483 3024 3642 3076 quem

2081 3107 2185 3161 sibi
2217 3122 2280 3159 cx
2311 3106 2447 3160 lsata
2478 3105 2693 3175 quando
2723 3105 2810 3159 ille
2841 3104 3075 3158 mirabili
3123 3103 3404 3172 Seraphim
3442 3102 3647 3156 visione

2091 3196 2342 3265 dignatus
2370 3195 2492 3257 fuit,
2527 3211 2822 3264 excerpens
2847 3194 3086 3248 Ecclesia
3113 3197 3441 3262 composuit.
3471 3194 3647 3247 verbis

2084 3289 2247 3342 etiam
2282 3288 2499 3341 Doridis
2532 3297 2688 3341 utens
2725 3290 2776 3339 in
2810 3286 3008 3355 quibus
3042 3287 3174 3340 dicit
3215 3306 3226 3340 :
3265 3286 3437 3339 Sitivit
3471 3289 3647 3337 auium

2085 3397 2198 3434 mea
2219 3381 2286 3432 ad
2310 3380 2470 3433 Deum
2499 3380 2714 3447 fortem,
2749 3382 2917 3433 virum
2954 3382 2992 3411 ¹⁹
3032 3399 3044 3431 :
3070 3393 3232 3448 quem
3259 3380 3323 3431 dc
3353 3378 3492 3431 caelo
3518 3394 3650 3431 con-

2087 3473 2319 3527 ﬁrmavit
2379 3474 2520 3527 Deus
2588 3473 2949 3533 haesitantem.
3000 3472 3214 3539 quando
3291 3487 3384 3539 per
3441 3479 3650 3538 raptum

2088 3566 2241 3636 pueri
2273 3565 2528 3620 rcvelavit
2559 3565 2782 3635 angelos
2810 3565 2888 3618 sic
2931 3572 3186 3618 canentes
3257 3564 3540 3633 hymnum,
3604 3572 3657 3614 et

2085 3659 2305 3727 quidem
2339 3668 2554 3712 ternum
2581 3667 2840 3713 canentes
2862 3658 2912 3710 in
2938 3656 3198 3711 honorem
3230 3656 3516 3708 adorandae
3535 3654 3655 3708 Tri-

2087 3752 2299 3816 nitatis,
2344 3752 2503 3805 toties
2543 3759 2596 3804 et
2634 3752 2956 3812 adoramus,
2997 3764 3094 3803 nos
3124 3750 3374 3815 pietatem
3415 3756 3655 3800 nostram

2088 3859 2215 3914 erga
2256 3843 2562 3913 angelicqu
2624 3844 2978 3912 divinumque
3047 3843 3305 3914 hymnum
3349 3841 3661 3906 signiﬁcan-

2088 3946 2189 3992 tes.
2226 3965 2297 3976 —
2323 3934 2510 3990 Gloria
2537 3935 2717 3990 Patri.
2750 3966 2818 3976 ν-
2866 3935 3069 3989 Exinde
3119 3947 3226 3988 tres
3258 3933 3660 4000 omnipmentes

2089 4045 2354 4100 personas
2389 4030 2538 4100 ipsas
2572 4039 2860 4099 postquam
2922 4029 3321 4082 nominavimus
3362 4035 3416 4078 et
3466 4027 3531 4076 ad
3569 4037 3660 4076 eas

2090 4124 2320 4192 gloriam
2373 4127 2483 4176 non
2541 4132 2748 4176 tantum
2783 4136 2949 4183 nunc,
3004 4120 3095 4173 sed
3143 4127 3196 4173 et
3246 4132 3457 4185 semper
3484 4126 3535 4168 et
3570 4127 3663 4182 per

2089 4230 2250 4270 omne
2296 4215 2552 4271 smculum
2608 4213 2899 4282 pertinere,
2953 4219 3237 4280 postquam
3293 4208 3549 4267 dixlmus,
3605 4206 3656 4258 in

2089 4321 2261 4360 unum
2339 4306 2637 4373 jungentes
2694 4303 3131 4373 pronuntiamus.
3181 4331 3254 4340 ——
3309 4300 3661 4353 Sanetissima

2093 4398 2351 4454 Trinitas.
2387 4427 2454 4437 -—
2477 4397 2545 4450 Et
2575 4411 2768 4450 rursus
2791 4396 3108 4448 invocantes
3143 4408 3256 4458 cas,
3303 4389 3516 4444 Patrem
3542 4390 3662 4456 qui-

2089 4489 2236 4555 dem,
2270 4488 2557 4543 Dominum
2596 4489 2943 4542 nominamus
2974 4495 3032 4540 ut
3076 4497 3378 4541 creatorem
3409 4501 3422 4547 ;
3465 4482 3658 4535 Filium

402 4584 542 4635 αὐτὰ
583 4582 652 4634 τὰ
684 4582 953 4650 θεαρχικὰ
979 4582 1269 4650 πρόσωπα,
1303 4581 1574 4647 καὶδόξαν
1603 4583 1783 4644 αὐτοῖς
1813 4601 1982 4653 προσ·
2018 4603 2059 4656 D
2092 4599 2135 4636 Vt

1928 4601 1982 4635 σ-
2018 4603 2059 4656 D
2092 4597 2244 4646 vero,
2282 4581 2599 4650 magistrum
2634 4589 2902 4642 nostrum,
2937 4587 3119 4646 utpote
3150 4581 3241 4647 qui
3275 4592 3373 4630 nos
3400 4577 3661 4640 sanguine

402 4672 560 4740 ήκειν
587 4672 853 4735 εἰπόντες,
883 4670 943 4721 οὐ
972 4669 1066 4723 νῦν
1090 4672 1270 4738 μόνον,
1333 4670 1468 4724 ἀλλὰ
1501 4671 1594 4723 καὶ
1634 4672 1720 4725 ἀεὶ
1767 4675 1856 4724 καὶ
1904 4675 1984 4738 εἰς

403 4766 576 4816 αἰῶνα
607 4764 695 4815 τὸν
716 4765 959 4825 ἅπαντα,
998 4764 1459 4825 ὲπισυνάπτοντες
1492 4765 1688 4826 ἑνικῶς
1711 4766 1986 4832 ἐκφωνςῦ-

407 4875 528 4926 μεν.
568 4884 628 4894 ——
660 4857 932 4924 Παναγία
969 4858 1162 4921 Τρίας.
1183 4887 1249 4896 -
1278 4856 1387 4907 Καὶ
1415 4853 1571 4918 αὖθις
1623 4857 1988 4926 ἐπικαλούμε-

402 4967 484 5000 νοι
516 4948 710 5008 ταῦτα,
748 4949 839 5000 τὸν
872 4948 970 5016 μὲν
1007 4948 1227 5016 Πατέρα
1282 4946 1487 5017 Κύριον
1527 4948 1884 5017 ὀνομάζοντες
1909 4950 1983 5013 ὡς

402 5041 755 5109 ἱημιουργὸν,
789 5039 881 5092 τὸν
909 5039 1035 5091 Υἰδν
1064 5040 1119 5090 δὲ
1145 5041 1448 5108 Δεσπότην,
1472 5041 1545 5101 ὡς
1592 5041 1685 5093 καὶ
1719 5040 1812 5093 τοῦ
1846 5042 1979 5095 ἰδίου

404 5138 636 5206 εἵματος
706 5137 855 5204 ἡμᾶς
913 5135 1302 5205 ἀγοράσαντα,
1358 5137 1449 5186 τὶν
1504 5136 1558 5188 δὲ
1626 5135 1980 5205 Παράκλητον

405 5230 583 5296 ἅγιον,
616 5230 691 5291 ὡς
750 5228 895 5290 ἰδίως
942 5228 1038 5296 τὴν
1087 5228 1407 5295 ἐπωνυμίαν
1453 5245 1510 5278 τε
1551 5229 1645 5279 καὶ
1699 5229 1980 5297 ἐνέργειαν

403 5322 611 5391 ταύτην
645 5319 1082 5389 πεπλουτηκότα,
1109 5319 1262 5389 παρὰ
1289 5319 1383 5371 τοῦ
1419 5321 1518 5387 μὲν
1547 5320 1774 5387 ἱλασμὸν
1805 5319 1982 5386 ἁμαρ-

406 5416 537 5466 τιῶν
568 5415 909 5484 ἐξαιτοῦμεν,
938 5416 1089 5482 παρὰ
1132 5429 1226 5465 του
1265 5413 1320 5463 δὲ
1352 5411 1410 5463 τὸ
1452 5411 1613 5463 πλέον
1639 5411 1736 5480 τὴν
1765 5411 1978 5479 συγχώι

410 5525 568 5578 ρησιν
595 5507 821 5571 τούτων,
854 5509 1006 5577 παρὰ
1037 5507 1130 5559 τοῦ
1161 5507 1215 5558 δὲ
1247 5506 1306 5557 τὸ
1347 5504 1554 5568 λοιπὸν,
1584 5503 1982 5572 ὲπισκεφθῆναί

404 5619 462 5652 τε
508 5603 599 5653 καὶ
635 5600 855 5670 ἰαθῆναι
906 5603 1005 5664 τὰς
1071 5601 1381 5660 ἀσθενείας.
1433 5595 1732 5649 Νοσοποιὸν
1763 5597 1871 5665 γάρ
1931 5613 1983 5648 τι

410 5695 503 5747 καὶ
529 5693 705 5746 δεινὸν
735 5693 981 5763 ἁμαρτία
1007 5694 1104 5763 τὴν
1135 5693 1249 5757 ἓξιν
1276 5693 1372 5758 τὴς
1399 5691 1576 5760 ψυχῆς
1624 5689 1935 5758 διαφθεῖραι
1969 5703 1984 5720 ο

1048 5872 1084 5900 ¹¹³
1122 5870 1254 5924 Luc.
1285 5887 1340 5937 tt,
1383 5870 1460 5922 ll.

488 5872 526 5901 ”
563 5869 723 5928 Joan.
767 5872 961 5935 x1,«il.
1048 5872 1084 5900 ¹¹¹
1122 5870 1254 5924 Luc.
1285 5887 1340 5935 tt,
1383 5870 1460 5922 li.
1546 5869 1587 5899 ’³
1614 5868 1756 5922 Ρδυί.
1799 5884 1901 5928 λιι,
1934 5869 1985 5920 ὗ.

2088 4690 2190 4731 suo
2218 4673 2536 4736 redctnit,et
2567 4671 2830 4740 Spiritum
2859 4679 3327 4739 sanctum,utpote
3347 4671 3437 4739 qui
3463 4684 3662 4722 nomen

2089 4771 2190 4822 hoc
2245 4768 2498 4835 hancque
2568 4765 2824 4817 virtutem
2863 4765 3080 4833 proprie
3115 4763 3376 4832 possidet.
3423 4762 3503 4815 Al)
3556 4776 3663 4814 uno

2090 4861 2311 4930 quidem
2379 4859 2821 4927 propitiationem
2881 4867 3225 4925 peccatorum
3278 4857 3553 4922 petimus;
3598 4857 3663 4905 ah

2084 4952 2479 5020 altero-magis
2514 4951 2705 5002 horum
2753 4947 3233 5009 condonationrm,
3279 4949 3346 4999 ab
3373 4946 3542 4999 altero
3578 4962 3661 4997 re-

2087 5045 2319 5110 liqutnn,
2350 5042 2722 5109 inSpiciendas
2746 5025 3127 5107 sanandasque
3153 5039 3519 5092 inﬁrmitates.
3554 5039 3664 5091 Ali-

2091 5137 2216 5202 quid
2250 5135 2392 5187 enim
2427 5134 2588 5186 habet
2642 5145 2919 5201 peccatum
2947 5131 3090 5200 quod
3156 5145 3252 5182 nos
3287 5141 3517 5196 :rgrotos
3547 5132 3664 5181 red-

2090 5229 2201 5292 dat,
2240 5237 2294 5278 ct
2328 5228 2521 5278 animae
2549 5225 2910 5278 valetudinem
2948 5237 3297 5289 corrumpere
3338 5233 3501 5290 queat
3532 5239 3544 5273 :
3575 5223 3661 5274 cui
3745 5275 3754 5292 l

2093 5320 2250 5389 culpa
2310 5320 2544 5372 liberatae
2579 5317 2770 5370 anima:
2810 5314 2919 5370 Deo
2952 5330 3090 5384 opus
3135 5325 3218 5368 est
3254 5315 3658 5369 eorroborante.

2096 5413 2161 5467 Et
2202 5429 2391 5466 rursus
2435 5413 2486 5464 in
2535 5427 2699 5464 nnunt
2739 5413 3126 5464 contrahentes
3161 5409 3429 5462 addimus.
3455 5439 3517 5448 -—
3555 5407 3664 5460 Νυ-

2093 5507 2244 5558 minis
2275 5507 2350 5557 lui
2389 5522 2573 5560 causa.
2598 5534 2664 5543 —-
2685 5503 2838 5568 Quod
2875 5502 3038 5571 igitur
3067 5502 3306 5554 nomen?
3337 5501 3659 5566 Misericors,

2095 5600 2189 5659 ait,
2247 5607 2301 5648 t-t
2365 5597 2709 5650 miseratione
2769 5594 3028 5648 Dominus
3095 5595 3306 5659 plenus,
3346 5594 3666 5661 longauitnis

2096 5701 2146 5743 cl
2205 5690 2348 5740 \nitlc
2417 5691 2700 5753 misertus,
2744 5689 2900 5757 cujus
2951 5689 3028 5739 rei
3092 5690 3260 5754 gratia
3318 5698 3368 5737 γι
3433 5687 3497 5738 ab
3549 5700 3664 5753 ipso
