4388 6460
401 396 540 463 1173

1276 408 1521 469 MARCI
1564 402 1937 471 EUGENICI
1975 413 2072 474 DE
2112 417 2354 478 OFFIC.
2390 421 2697 486 ECCLES.

3513 425 3653 487 117‘

395 517 598 583 ἀξίαν,
621 518 857 612 τοὺς-δέ
879 523 1270 592 ἁμαρτωλοὺς
1306 526 1582 612 ἀπάγεις,
1613 529 1716 598 ὑφ’
1755 531 1988 584 ἑαυτῶν
2015 533 2061 591 Δ
2093 551 2123 603 q

1914 531 1988 584 ὧν
2015 533 2061 591 Δ
2093 535 2220 603 quid
2247 536 2462 592 horum.
2509 535 2672 612 Hodo
2703 539 2848 592 enim
2877 538 3045 608 leges,
3072 537 3234 593 modo
3268 538 3454 603 verba,
3485 538 3647 592 modo

397 609 964 677 κατακεκριμένους,
995 614 1086 665 καὶ
1126 613 1194 667 τὰ
1234 615 1398 672 λοιπὰ
1465 610 1562 670 τοῦ
1606 619 1844 688 ψαλμοῦ.
1879 622 1977 673 ’ον

399 701 493 751 καὶ
523 701 616 753 ἐπὶ
647 703 761 762 τοῖς
782 703 838 754 ἐν
861 705 1083 775 Χριστῷ
1121 705 1466 777 κοιμηοεῖσιν
1509 710 1731 781 ᾄδομεν,
1776 712 1978 765 ἐπιδει-

400 791 626 856 κνύντες
656 795 776 848 οἷαν
815 796 896 848 δεῖ
949 800 1265 870 παρρησίαν
1309 803 1401 854 ἐπὶ
1461 805 1572 865 τοῖς
1625 803 1978 873 βεϐιωμένοις

398 887 545 957 ἔχειν
576 892 669 944 τόν
721 908 783 959 γε
829 893 1041 962 ἀληθῶς
1101 895 1228 948 ὄντα
1280 899 1631 966 Χριστιανόν.
1667 898 1978 967 Ἐφύλαξα

397 983 528 1052 γὰρ,
561 983 717 1053 φησὶ,
738 985 845 1052 τὰς
878 987 1133 1054 ἐντολάς
1159 1005 1276 1044 σου
1325 992 1423 1045 καί
1484 991 1557 1043 τὰ
1617 991 1979 1061 δικαιώματὰ

397 1093 540 1139 σου.
567 1078 665 1136 καὶ
694 1078 814 1132 τῶν
837 1083 1182 1150 μαρτυρίων
1221 1101 1341 1138 σου
1371 1087 1484 1139 οὐκ
1513 1085 1820 1150 ἐξέκλινα,
1883 1088 1979 1140 καὶ

398 1168 496 1222 ὅσα
531 1170 733 1225 τοιάδε.
778 1171 869 1224 Ἐν
889 1168 970 1235 οἷς
999 1175 1096 1226 καὶ
1129 1174 1245 1227 τόδε
1277 1193 1332 1228 τι
1383 1177 1573 1247 χάριεν
1606 1177 1785 1230 ἐνεττι
1821 1195 1978 1231 κατι-

397 1259 533 1314 δεῖν.
560 1261 682 1314 Τῶν
716 1263 826 1333 γὰρ
846 1264 904 1316 ὲν
933 1263 1009 1332 τῷ
1032 1263 1232 1334 ψαλμῷ
1273 1268 1448 1336 τούτῳ
1499 1271 1698 1337 στίχων
1725 1269 1980 1322 ἁπάντων

399 1353 575 1416 οὐδεὶς
608 1353 666 1416 ὃς
705 1354 807 1407 ούκ
855 1355 970 1424 ἔχει
1006 1357 1220 1418 πάντως
1245 1358 1305 1410 ἓν
1334 1358 1395 1423 γέ
1425 1375 1478 1410 τι
1514 1359 1744 1412 τούτων.
1771 1359 1990 1432 Ἦγάρ

400 1444 617 1513 νόμους,
654 1447 685 1516 ἢ
718 1446 930 1513 λόγους,
965 1447 996 1517 ἦ
1028 1448 1327 1516 ὲντολάς,ἢ
1363 1450 1662 1517 μαρτύρια,
1694 1452 1726 1518 ἢ
1751 1451 1976 1505 suam.

404 1554 574 1604 ματα,
608 1537 640 1607 ἢ
682 1537 927 1606 κρίματα
957 1540 1258 1609 μέμνηται,
1292 1541 1368 1608 πῆ
1400 1542 1498 1610 μὲν
1527 1542 1852 1609 αἰτουμένου
1886 1541 1980 1594 τοῦ

405 1629 679 1697 μακαρίου
721 1632 1008 1700 προφήτου
1047 1633 1145 1701 τὴν
1195 1635 1253 1685 ὲν
1303 1634 1519 1697 τούτοις
1564 1633 1843 1699 εύόδωσιν,
1904 1637 1980 1706 πῆ

400 1721 456 1772 δὲ
505 1721 985 1790 ἐπαγγελλομένου
1039 1724 1214 1779 ταῦτα
1277 1725 1559 1793 ῳυλάξειν.
1610 1728 1676 1782 ἄν
1734 1743 1797 1793 γε
1843 1728 1982 1798 τύχῃ

405 1815 656 1884 βῖηοείας
692 1817 784 1870 καὶ
817 1819 989 1885 ῥοπῆς
1030 1818 1130 1887 τῆς
1173 1819 1404 1872 ἄνωθεν.
1455 1820 1612 1873 Ἐττι
1654 1821 1699 1872 δ’
1755 1820 1844 1873 ὅτε
1888 1821 1980 1873 καὶ

405 1910 920 1979 παρρησιαζομένου
958 1917 1310 1982 πεποιηκέναι
1346 1931 1402 1965 τε
1435 1915 1575 1967 αὐτὰ
1607 1916 1699 1968 καὶ
1732 1914 1979 1983 πεφυλα-

402 2002 579 2070 χέναι,
607 2002 794 2067 καθὼς
821 2007 1057 2074 εἴρηται.
1101 2007 1213 2076 Τὴν
1237 2007 1292 2060 δὲ
1350 2009 1485 2077 πρὶς
1534 2009 1741 2078 ἄλληλα
1776 2006 1981 2062 τούτων

401 2095 669 2166 διαφορὰν
697 2099 992 2167 κοινοτέρῳ
1018 2099 1161 2167 λόγῳ
1188 2100 1351 2152 ταυτδ
1379 2102 1754 2170 σημαινόντων
1780 2105 1982 2171 μακρός

403 2208 564 2260 τερον
596 2192 662 2245 ἂν
694 2195 779 2262 εἴη
811 2195 930 2246 νυνὶ
950 2195 1167 2248 διελεῖν.
1188 2195 1342 2248 Μετὰ
1402 2196 1458 2249 δὲ
1499 2197 1624 2260 τοὺς
1657 2198 1984 2265 εἰρημένους

399 2285 650 2354 ψαλμοὺς
676 2287 1034 2357 ινδιαθήκους
1077 2289 1174 2342 καὶ
1231 2290 1430 2352 αὐτοὺς
1467 2290 1628 2352 δντας
1676 2291 1984 2354 ἀκολούθως

403 2378 502 2448 ἤδη
531 2379 826 2446 τετάχαται
878 2380 945 2432 τὰ
977 2380 1128 2448 περὶ
1162 2380 1271 2433 τῶν
1308 2380 1476 2449 ἁγίων
1500 2381 1762 2451 Πατέρων
1794 2399 1984 2435 συντε-

403 2470 628 2540 Θειμενα
661 2472 938 2542 τροπάρεά
969 2489 1027 2526 τε
1060 2474 1151 2526 καὶ
1205 2473 1385 2542 εὐχαί.
1438 2474 1550 2526 Καὶ
1601 2471 1763 2527 τοῦτο
1812 2473 1986 2526 κοινὸν

404 2566 497 2619 ἐπὶ
529 2565 699 2619 πᾶσίν
733 2565 902 2620 ἐστιν.
938 2594 1003 2607 σ-
1036 2567 1310 2619 Πιστεύω
1333 2567 1420 2631 είς
1444 2564 1553 2620 ἕνα
1587 2566 1758 2620 Θεόν.
1790 2595 1854 2604 --
1885 2559 1989 2638 Ὧν

405 2659 737 2730 προηγεῖται
759 2657 822 2710 τὸ
853 2658 1002 2727 ίερδν
1024 2658 1123 2725 τῆς
1143 2658 1380 2720 πίστεως
1399 2657 1699 2726 Σύμϐολον,
1719 2655 1907 2723 ὥσπερ
1925 2658 1987 2724 δὴ

407 2755 506 2808 κάν
524 2757 639 2819 τοῖς
658 2754 1024 2815 ἁποδείπνοις.
1042 2753 1103 2805 Εἰ
1122 2751 1232 2821 γὰρ
1251 2750 1448 2818 ἄδηλον
1467 2751 1528 2802 τὸ
1546 2749 1642 2818 τῆς
1662 2747 1810 2813 ζωῆς
1835 2747 1988 2806 τέλος

403 2849 564 2902 ὁπότε
597 2849 725 2916 ἡμῖν
753 2848 970 2912 ἐπιστῇ,
1002 2843 1188 2898 πολλοὶ
1217 2843 1326 2912 γὰρ
1355 2843 1457 2912 ήδη
1490 2843 1586 2894 καὶ
1619 2840 1990 2910 καθευδήταν-

405 2954 494 2999 τες
519 2938 716 3003 ὑγιεῖς,
739 2936 821 3003 ἔφ’
841 2935 1030 3004 ἓτερον
1056 2933 1222 2986 ὕπνον
1249 2933 1577 3000 ἀπροόπτως
1607 2929 1874 2999 μετῆλθον
1896 2930 1989 2983 τὸν

405 3027 797 3096 ἑπιμήκιστον,
826 3024 1128 3090 ἀναγκαῖον
1160 3021 1226 3075 ἂν
1257 3020 1343 3090 εἴη
1380 3022 1474 3073 καὶ
1503 3018 1842 3089 ἀρχομένους
1893 3016 1989 3069 τοῦ

407 3109 771 3189 ιγρήγορέναι
793 3156 808 3180 ,
839 3117 934 3170 καὶ
970 3119 1235 3183 λήγοντας
1257 3155 1271 3179 ,
1303 3114 1404 3183 τὴν
1437 3111 1731 3182 ὁμολογίαν
1758 3109 1860 3175 τῆς
1899 3109 1992 3161 πί-

2086 628 2365 691 maudata,
2423 629 2585 684 modo
2621 618 2954 696 testimonia,
2999 629 3160 686 modo
3211 629 3646 697 iustiﬁcationes,

2084 719 2243 774 modo
2269 719 2470 787 judicia
2531 720 2792 785 referunt,
2826 733 2938 775 tum
2971 723 3188 792 quidem
3247 731 3462 791 petente
3493 723 3669 780 beato-

2082 813 2349 881 propbeta
2375 815 2428 868 in
2458 827 2522 868 ea
2558 812 2771 867 facilem
2807 815 3118 879 viam,~tum
3152 830 3281 868 vero
3307 815 3653 883 promittente

2082 919 2140 958 sc
2168 920 2229 958 ea
2268 915 2612 959 servaturum
2681 905 2727 960 si
2785 915 2963 959 tamen
3016 906 3120 961 sibi
3180 907 3440 977 obtigerit
3496 908 3649 962 auxi-

2085 997 2215 1051 limn
2251 1008 2306 1052 et
2351 998 2682 1067 adjutorium
2705 998 2771 1052 de
2801 999 2961 1054 cmlo.
3024 998 3441 1068 Aliquandoque
3488 999 3651 1054 etiam

2085 1090 2314 1144 conﬁdit
2341 1105 2399 1144 se
2451 1091 2648 1145 fecisse
2686 1104 2748 1144 ea
2779 1099 2832 1144 et
2874 1105 3123 1146 servasse
3149 1092 3292 1146 sicut
3321 1092 3521 1145 dictum
3550 1102 3653 1146 est.

2085 1185 2372 1250 Quomodo
2418 1184 2533 1239 haec
2565 1185 2706 1238 inter
2735 1198 2793 1239 se
2825 1183 3083 1238 diﬁ‘erant
3134 1198 3254 1254 qua
3291 1184 3653 1268 comrquniori
3726 1229 3730 1239 .

2083 1296 2333 1334 serumue
2365 1280 2551 1335 eadem
2624 1281 2869 1334 indicant
2908 1281 3119 1349 longius
3159 1279 3300 1334 foret
3327 1282 3380 1333 in
3425 1294 3653 1348 praesen-

2085 1373 2176 1426 tiis
2213 1373 2572 1440 distinguere.
2615 1371 2741 1428 Post
2802 1381 2984 1427 autem
3041 1372 3214 1426 dictos
3277 1371 3518 1439 psalmos
3568 1372 3658 1439 qui

2086 1471 2215 1516 sunt
2250 1463 2350 1532 ipsi
2379 1464 2447 1517 de
2490 1462 2842 1517 Testamento
2883 1479 2950 1518 ex
2996 1462 3188 1517 ordine
3217 1462 3327 1530 jam
3361 1462 3660 1530 disponun-

2088 1565 2178 1608 tur
2216 1570 2281 1608 ει
2312 1555 2524 1608 sanctis
2555 1545 2813 1608 Patribus
2844 1553 3152 1623 composita
3183 1554 3424 1621 troparia
3454 1560 3508 1605 et
3539 1566 3660 1620 pre-

2084 1658 2198 1697 ces.
2236 1643 2296 1696 Et
2333 1644 2382 1696 id
2405 1658 2698 1697 commune
2723 1652 2807 1696 est
2833 1642 3108 1696 omnibus.
3145 1671 3212 1680 —
3232 1640 3404 1695 Credo
3425 1641 3477 1693 in
3497 1655 3662 1692 unum

2091 1733 2282 1788 Deum.
2313 1764 2384 1776 —
2417 1734 2628 1799 Quibus
2682 1733 2839 1803 praeit
2891 1741 3138 1788 sanctum
3191 1731 3310 1786 ﬁdei
3358 1729 3662 1800 symbolum

2085 1825 2242 1893 quasi
2297 1838 2428 1878 sane
2477 1822 2560 1876 vel
2619 1823 2934 1892 impransis.
2989 1823 3047 1876 Si
3083 1823 3228 1876 cnitn
3284 1820 3550 1875 incertum
3579 1827 3666 1874 est

2083 1918 2303 1986 quando
2343 1914 2637 1971 adiuturus
2681 1915 2754 1968 sit
2815 1915 2938 1969 vita:
2976 1913 3122 1976 ﬁnis,
3171 1913 3324 1968 multi
3371 1913 3517 1968 enim
3566 1911 3662 1980 qui

2081 2011 2192 2079 jam
2238 2018 2291 2062 et
2339 2006 2457 2064 sani
2497 2006 2909 2061 obdormierant
2953 2004 3006 2059 in
3063 2006 3293 2059 alterum
3344 2003 3663 2072 perlongum

2085 2115 2337 2155 somnum
2377 2113 2442 2153 ex
2497 2095 2800 2167 improviso
2852 2096 3208 2157 transierunt,
3269 2107 3498 2147 necesse
3531 2090 3672 2146 for-et

2087 2201 2142 2246 et
2170 2192 2260 2261 qui
2292 2189 2560 2260 incipiunt
2600 2199 2654 2242 ct
2696 2188 2789 2258 qui
2825 2196 3042 2242 cessant
3072 2184 3426 2258 expergeﬁeri
3456 2182 3672 2239 conics-

2089 2285 2299 2339 sionem
2339 2282 2463 2337 ﬁdei
2490 2282 2601 2336 Deo
2629 2289 2888 2349 prmstare
2912 2278 3032 2349 qua:
3064 2278 3368 2348 symbolum
3399 2274 3672 2346 quoddam

2087 2384 2142 2431 et
2170 2372 2510 2444 signaculum
2572 2370 2977 2425 conciliationis
3038 2370 3102 2422 ad
3149 2369 3312 2423 Deum
3350 2367 3419 2422 iis
3466 2365 3536 2421 sit
3579 2361 3672 2432 qui

2091 2468 2218 2521 inde
2253 2468 2504 2534 migrent.
2535 2462 2685 2529 Quos
2711 2463 2922 2517 scilicet
2944 2473 2996 2515 et
3024 2459 3385 2530 Apocalypsis
3414 2456 3672 2512 describit

2089 2561 2305 2629 signum
2361 2558 2413 2610 in
2467 2556 2644 2610 fronte
2701 2555 2957 2617 ferentes,
3007 2563 3061 2609 et
3116 2562 3398 2622 pr0pterca
3435 2551 3488 2604 in
3531 2548 3670 2603 libro

2091 2652 2214 2706 vita:
2260 2649 2584 2719 inscriptos,
2622 2661 2720 2702 nec
2770 2646 2879 2715 jam
2936 2661 2964 2700 a
3018 2643 3397 2714 spiritualibus
3449 2638 3678 2695 locustis

2094 2751 2338 2796 vexatos.
2381 2769 2449 2781 —
2480 2737 2712 2793 Sanctus
2769 2735 2926 2789 Deus.
2968 2763 3038 2774 —
3075 2731 3180 2786 Sed
3228 2740 3398 2794 certe,
3448 2737 3502 2781 et
3529 2727 3683 2797 bym-

2095 2850 2198 2888 nus
2236 2833 2414 2887 dictus
2463 2829 2771 2900 Trisagiou,
2821 2840 2874 2881 et
2910 2841 3031 2895 qua:
3076 2839 3142 2878 ex
3172 2821 3365 2878 ordine
3396 2834 3521 2874 eum
3582 2833 3673 2871 se-

2094 2934 2363 2996 quuntur,
2423 2928 2817 2992 pra‘ponuntur
2865 2918 2946 2972 bis
2999 2911 3256 2986 tropariis
3317 2918 3378 2968 ut
3432 2919 3489 2966 et
3547 2909 3684 2980 ipsis

2097 3019 2346 3092 psalmis.
2379 3016 2498 3071 Non
2542 3014 2686 3069 enim
2713 3013 2920 3082 justum
2969 3019 3050 3065 est
3089 3023 3153 3063 ex
3198 3007 3303 3062 alia
3339 3014 3491 3076 parte
3527 3016 3686 3058 orare

2100 3112 2418 3182 priusquam
2445 3123 2511 3163 ex
2539 3107 2748 3178 divinis
2779 3115 2835 3160 et
2874 3118 2902 3157 a
2943 3102 3051 3156 Deo
3085 3101 3227 3155 datis
3258 3098 3442 3153 verbis
3471 3103 3685 3150 utentes

410 3231 580 3274 στεως
619 3211 935 3266 ἀποδιδόναι
972 3207 1131 3276 Θεῷ,
1172 3207 1446 3276 σύμϐολόν
1484 3223 1536 3259 τι
1582 3203 1679 3258 καὶ
1719 3201 1992 3273 σφραγῖδα
2020 3223 2063 3281 c
2097 3221 2143 3276 pl

1949 3207 1992 3255 id
2020 3223 2063 3281 (ς
2097 3219 2284 3276 preces
2303 3201 2626 3258 fuderimus.
2655 3200 2823 3255 Porro
2851 3211 3045 3253 sensus
3070 3192 3440 3263 trepariorum
3465 3201 3682 3257 semper

408 3305 521 3367 τοῖς
555 3300 813 3356 ἀπιοῦσιν
843 3297 1098 3353 ἐντεῦθεν
1133 3296 1489 3366 ὑπάρχουσαν
1519 3294 1618 3363 τῆς
1653 3291 1792 3363 πρὸς
1828 3290 1993 3346 αὑτὸν

405 3399 754 3460 οίκειώσεως.
785 3395 893 3458 Οὕς
923 3393 1123 3464 δηλαδὴ
1154 3391 1251 3449 καὶ
1281 3393 1313 3459 ὴ
1345 3388 1720 3456 ’Δποκάλυψις
1750 3387 1995 3456 ἀναγρά-

409 3510 500 3562 φει
523 3536 536 3556 ,
569 3491 671 3559 τὴν
705 3488 980 3560 σφραγῖδι
1012 3488 1105 3538 ἐπὶ
1136 3486 1230 3539 τοῦ
1269 3485 1525 3554 μετώπου
1558 3482 1830 3552 φέροντας
1852 3521 1866 3543 ,
1900 3478 1996 3534 xal.

407 3589 495 3641 διὰ
526 3572 688 3640 τούτο
718 3586 778 3637 ὲν
802 3586 869 3653 τῇ
907 3582 1078 3651 βίϐλῳ
1109 3581 1206 3649 τῆς
1238 3579 1384 3647 ζωῆς
1415 3578 1868 3648 γεγραμμένους,
1902 3575 1996 3628 καὶ

409 3681 514 3732 ὑπὸ
559 3678 667 3733 τῶν
717 3676 925 3747 νοητῶν
969 3675 1208 3742 ἀκρίδων
1263 3674 1337 3744 μὴ
1391 3669 1882 3741 βασανιζομένους.
1929 3698 1998 3709 —-

412 3773 618 3841 ’Ἄγιος
653 3775 685 3826 ὀ
721 3771 886 3834 Θεός.
926 3799 992 3810 -›
1028 3766 1189 3821 Ἀλλὰ
1221 3765 1286 3836 δὴ
1319 3767 1414 3819 καὶ
1448 3768 1475 3819 ὀ
1507 3763 1804 3834 Τρισάγιος
1841 3762 2000 3828 λεγό-

415 3882 574 3937 μενος
608 3862 778 3933 ὕμνος
803 3903 818 3926 ,
850 3863 946 3916 καὶ
975 3860 1044 3914 τὰ
1080 3859 1207 3929 ἑξῆς
1245 3858 1366 3928 μετ’
1391 3856 1588 3920 αὐτὸν,
1626 3857 1998 3924 προτέτακται

408 3958 616 4011 τούτων
649 3956 759 4008 τῶν
791 3954 1107 4025 τροπαρίων
1129 3991 1143 4017 ,
1177 3950 1371 4020 ὥσπερ
1405 3950 1541 4019 δῆτα
1577 3949 1674 4001 καὶ
1703 3947 1814 4000 τῶν
1847 3946 1998 4001 Ψαλ-

413 4051 550 4122 μῶν.
583 4050 659 4103 Ού
695 4049 803 4118 γὰρ
836 4046 996 4118 θέμις
1031 4046 1302 4115 ἑτέρωθεν
1333 4041 1596 4107 εὕξυθαι
1631 4044 1762 4111 πρὶν
1794 4043 1860 4095 ἐκ
1891 4040 2000 4094 τῶν

367 4137 371 4142 ’
408 4145 572 4197 οείων
607 4141 701 4196 καὶ
747 4138 1167 4208 θεοπαραδότων
1203 4137 1468 4206 ῥημάτων
1505 4133 1866 4203 ποιησώμεθα
1900 4133 2000 4197 τὰς

407 4237 595 4305 εἰκάς.
633 4234 693 4286 ’0
726 4233 852 4294 νοῦς
885 4229 943 4284 δὲ
964 4228 1089 4299 ¹ἄρα
1121 4228 1229 4281 τῶν
1263 4228 1583 4297 τροπαρίων
1616 4225 1695 4296 τῷ
1727 4244 1786 4280 τε
1823 4227 2002 4298 καιρῷ

410 4328 749 4394 πρότφορος,
788 4322 922 4376 Ἰδοῦ
954 4320 1100 4391 γὰρ,
1130 4319 1294 4388 φησὶν
1314 4359 1328 4381 ,
1359 4319 1388 4371 ὁ
1416 4318 1650 4388 νυμφίος
1683 4319 1912 4388 ἔρχεται
1943 4321 2002 4371 εν

404 4420 484 4490 τῷ
518 4420 670 4487 μέαῳ
702 4416 1050 4486 τῆςνυκτὺς,
1087 4419 1180 4468 καὶ
1210 4413 1309 4482 τῆς
1341 4413 1606 4468 ἀνωτάτω
1639 4412 1875 4481 Τριάδος
1908 4414 2001 4465 τὸν

375 4514 577 4582 ,ὕμνον
621 4511 786 4579 ἔχων,
825 4508 924 4563 ac:
965 4508 1030 4578 δὴ
1074 4509 1132 4560 ὲν
1177 4505 1420 4576 πρώτοις
1462 4504 1573 4558 τῶν
1614 4504 1794 4560 ἄλλων
1839 4507 2003 4568 αὐτὸς

2104 3295 2340 3367 tempori
2373 3293 2846 3351 accommodatur.
2883 3291 3021 3346 Ecce
3065 3289 3236 3352 enim,
3281 3285 3380 3348 ait,
3438 3282 3689 3350 Sponsus

2102 3393 2256 3448 venit
2280 3392 2457 3447 media
2488 3400 2674 3454 nocte,
2712 3400 2766 3444 et
2797 3386 3083 3442 Trinitatis
3113 3382 3395 3440 altissima
3423 3380 3683 3450 hymnum

2090 3487 2286 3552 habet,
2323 3492 2511 3555 utpote
2534 3489 2630 3554 qui
2655 3483 2708 3538 in
2733 3480 2927 3552 primis
2956 3479 3098 3533 inter
3125 3485 3324 3532 caetera
3349 3471 3682 3542 disponitur.

2103 3581 2170 3636 Et
2201 3580 2450 3634 ultimum
2475 3577 2629 3633 Matri
2652 3575 2744 3630 Dei
2774 3583 3045 3628 cantatur.
3069 3571 3124 3624 Id
3153 3578 3333 3624 autem
3356 3566 3434 3621 sic
3455 3563 3569 3618 ﬁeri
3600 3578 3690 3617 so-

2102 3675 2195 3729 let.
2240 3673 2377 3728 Cum
2410 3672 2555 3726 enim
2587 3670 2912 3740 plerumque
2938 3666 3147 3719 diversa
3180 3662 3288 3718 sint
3315 3675 3436 3728 qua:
3465 3665 3695 3712 cantan-

2105 3780 2213 3835 tur,
2246 3769 2358 3824 sive
2393 3767 2681 3822 hortentur
2720 3764 2834 3819 sive
2867 3760 3113 3824 laudent,
3151 3755 3316 3810 alicui
3339 3761 3679 3814 sanctorum,

2104 3863 2338 3917 duorum
2371 3861 2423 3914 in
2462 3861 2566 3914 line
2594 3857 2825 3913 alterum
2851 3852 3072 3923 qtﬁdcm
3119 3849 3346 3905 omnino
3371 3843 3692 3901 venerandae

2105 3954 2384 4015 Trinitati,
2438 3952 2650 4008 scilicet
2695 3949 2760 4004 ad
2802 3945 3205 4003 confessionem
3258 3941 3405 4004 ﬁdei,
3456 3935 3691 3992 alterum

2106 4065 2235 4105 vero
2301 4046 2665 4100 immacu'atzc
2723 4041 2879 4096 Matri
2931 4040 3049 4100 Dei.
3097 4037 3164 4092 ad
3223 4030 3694 4091 conﬁrmationem

2107 4141 2430 4198 mconomiae
2472 4136 2889 4198 incarnationis,
2949 4129 3231 4186 convenit.
3300 4127 3364 4181 Et
3419 4125 3575 4180 nobis
3607 4131 3689 4178 cst

2108 4243 2286 4293 mater
2319 4231 2410 4287 Dei
2438 4231 2490 4284 in
2516 4228 2775 4284 omnibus
2822 4223 3154 4296 principium
3187 4219 3461 4291 quoddam
3499 4226 3550 4272 et
3612 4215 3690 4270 si-

2110 4327 2400 4399 gnaculum
2433 4324 2785 4394 hymnorum.
2817 4349 2887 4359 -——
2916 4317 3099 4397 Kyrie,
3132 4313 3350 4378 cleison,
3383 4327 3468 4365 XL.
3502 4340 3570 4348 —
3594 4306 3699 4363 Ex-

2109 4421 2238 4474 inde
2286 4416 2472 4488 Kyrie,
2503 4415 2703 4469 elcisou
2736 4428 2927 4467 rursus
2948 4407 3277 4480 quadragies
3300 4407 3468 4471 dicto,
3503 4414 3558 4457 ut
3583 4418 3700 4456 mos

2106 4523 2188 4566 cst
2219 4520 2345 4564 ante
2399 4521 2610 4577 preces,
2647 4503 2908 4561 solemnis
2949 4502 3095 4558 enim
3127 4509 3211 4557 est
3240 4488 3530 4560 numerus,
3556 4513 3693 4566 qun-

404 4598 764 4676 τετε-σμένος.
800 4605 907 4656 Καὶ
942 4592 1011 4674 τῇ
1049 4601 1305 4670 θεοτόκῳ
1339 4601 1401 4654 τὸ
1436 4600 1755 4654 τελευταίαν
1790 4599 2000 4670 ᾄδεται.
2040 4583 2082 4637 υ
2114 4620 2137 4657 ιι

1964 4619 2000 4654 ι.
2040 4583 2082 4637 υ
2114 4603 2258 4657 niam
2295 4609 2376 4655 tot
2415 4598 2610 4654 diebus
2635 4595 2848 4667 jejunio
2881 4594 3026 4650 Deus
3059 4591 3397 4663 prepitiavit,
3431 4599 3557 4644 tunc
3587 4589 3697 4656 jam

406 4702 517 4756 Καὶ
550 4698 712 4755 τοῦτο
753 4695 1025 4765 συνήθως.
1067 4694 1158 4758 Ὠς
1195 4693 1303 4764 γὰρ
1337 4693 1429 4746 ἐπὶ
1464 4693 1526 4746 τὸ
1561 4693 1696 4748 πολὺ
1736 4693 2003 4746 ποικίλων

406 4795 579 4847 ὗντων
603 4791 714 4845 τῶν
740 4790 1042 4863 ᾀδομένων,
1069 4789 1182 4842 είτε
1208 4785 1666 4858 παρακλητικῶν,
1695 4786 1806 4839 εἴτε
1835 4789 2007 4854 ἐγκω-

409 4883 720 4956 μιαστικῶν
759 4883 841 4945 είς
886 4882 986 4936 ἕνα
1030 4880 1155 4934 τινὰ
1197 4880 1307 4934 τῶν
1350 4880 1547 4949 ἁγίων,
1595 4879 1705 4933 τῶν
1750 4881 1886 4951 πρὸς
1929 4881 2008 4950 τῷ

406 4978 551 5031 τέλει
584 4977 707 5039 δύο,
739 4975 800 5030 τὸ
835 4976 934 5046 μὲν
966 4977 1032 5043 τῇ
1069 4974 1412 5044 πανύμνήτῳ
1442 4974 1639 5044 Τριάδι
1663 5016 1677 5038 ,
1711 4973 1852 5043 πρὸς
1881 4977 2012 5044 ὀμο-

407 5070 597 5138 λογίλν
631 5068 834 5139 δηλαδὴ
871 5069 971 5136 τῆς
1008 5067 1272 5132 πίστεως,
1307 5067 1368 5120 τὸ
1406 5065 1464 5121 δὲ
1503 5065 1695 5120 λοιπὸν
1730 5069 1796 5138 τῇ
1839 5084 2012 5120 πανα-

408 5167 630 5237 χράντῳ
659 5163 915 5234 Θεοτόκῳ
945 5163 1257 5234 προσήκει,
1294 5162 1430 5232 πρὸς
1462 5161 1758 5231 βεϐαίωσιν
1791 5165 1888 5229 τῆς
1921 5162 2010 5214 ὲν-

411 5260 620 5328 σάρκου
657 5255 997 5325 οἰκονομίας.
1037 5256 1152 5309 Καὶ
1184 5255 1335 5309 ἔστιν
1369 5255 1504 5325 ἡμῖν
1563 5257 1595 5327 ἡ
1634 5256 1899 5319 Θεοτόκος
1953 5257 2012 5308 ἐν

411 5350 617 5404 ἅπασιν
647 5346 816 5402 οἱονεί
845 5364 898 5399 τι
929 5346 1228 5414 κεφάλαιον
1259 5347 1354 5400 καὶ
1383 5346 1626 5416 σφραγὶς
1659 5345 1768 5399 τῶν
1797 5344 2006 5414 ὕμνων.

415 5469 484 5481 -
504 5439 708 5510 Κύριε,
731 5438 1019 5506 ἐλέησον,
1044 5435 1117 5508 μ’.
1143 5468 1214 5478 -
1236 5432 1367 5490 Εἶτα
1390 5438 1473 5503 ea,
1501 5437 1699 5507 Κύριε,
1726 5437 2015 5506 ἐλέησον,

417 5529 573 5600 αὖθις
606 5531 1118 5604 τεσσαρακοντάκις
1142 5531 1408 5610 -εξπρντες
1430 5573 1444 5595 ,
1482 5531 1556 5595 ὡς
1601 5531 1718 5585 ἐστι
1763 5530 1871 5600 πρὸ
1903 5532 2016 5585 τῶν

417 5625 597 5697 εὐχῶν
642 5623 912 5696 σύνηθες,
961 5622 1144 5692 τίμιος
1195 5625 1303 5692 γὰρ
1349 5624 1391 5701 6,
1421 5622 1694 5692 ἀριθμὸς,
1745 5623 1870 5675 ἐπεὶ
1920 5622 2018 5675 καὶ

413 5718 689 5776 τοιούτων
731 5719 964 5793 ἡμερῶν
1011 5710 1240 5788 νήστείᾳ
1282 5718 1418 5782 Θεδς
1463 5717 1856 5783 teneamur,
1909 5717 2020 5770 τότ’

2115 4688 2334 4749 tandem
2361 4691 2681 4746 inducimus
2727 4703 2939 4759 preces.
2980 4685 3046 4741 Et
3082 4686 3316 4757 primum
3355 4697 3704 4738 communem

2119 4801 2338 4854 precem
2391 4782 2556 4854 cujus
2588 4781 2827 4844 initiiun,
2881 4778 2985 4847 Qui
3028 4779 3081 4832 in
3132 4778 3281 4833 omni
3326 4787 3571 4845 tempore
3601 4794 3612 4827 ;
3643 4803 3710 4812 -

2117 4881 2336 4934 Domme
2372 4877 2648 4931 Deus:—-
2677 4871 2918 4942 reliquas
2958 4887 3087 4925 vero
3143 4878 3268 4940 post
3315 4883 3437 4923 eam
3495 4876 3546 4920 et
3584 4879 3711 4936 prn-

2118 4972 2289 5040 prias,
2315 4978 2370 5024 et
2401 4968 2638 5037 tempori
2667 4967 2818 5037 ipsas
2850 4966 3261 5026 convenientes,
3291 4970 3344 5016 et
3374 4960 3440 5014 ad
3469 4968 3713 5013 sam-tam

2120 5062 2447 5118 Trinitatem
2473 5060 2840 5115 elevationem
2881 5058 3164 5111 habentes.
3200 5055 3446 5122 Quarum
3474 5052 3715 5121 ipsarum

2122 5155 2394 5210 nonnulla
2429 5154 2535 5210 alia
2567 5153 2888 5224 praecedunt
2915 5149 3318 5218 inlcrcipientia
3343 5163 3465 5218 qua:
3503 5154 3630 5200 sunt
3654 5146 3717 5194 de

2118 5248 2425 5313 communi,
2478 5257 2531 5302 et
2597 5247 2754 5318 quasi
2821 5245 3136 5317 incipientia
3192 5257 3314 5314 quae
3392 5248 3720 5310 sequuntur.

2125 5374 2190 5383 —
2227 5340 2668 5396 Honoratiorem.
2702 5370 2768 5380 —
2805 5338 2947 5394 Sunt
2973 5338 3194 5408 quidem
3223 5339 3336 5391 haec
3369 5344 3423 5389 et
3449 5333 3725 5404 supplira—

2128 5436 2333 5501 tiones,
2354 5435 2720 5491 sanctissimae
2757 5432 3041 5499 Trinitati,
3068 5442 3120 5487 et
3149 5431 3372 5502 quidem
3399 5444 3525 5485 vere
3553 5427 3719 5482 etiam

2131 5530 2499 5584 immaculata:
2564 5527 2801 5600 Virgini,
2863 5537 3121 5583 cantatae.
3162 5557 3229 5566 -—
3259 5524 3422 5591 Deus,
3479 5514 3728 5576 miseram

2131 5625 2324 5678 nostri.
2362 5623 2558 5680 Postea
2596 5633 2652 5678 ct
2699 5639 2730 5678 a
2775 5623 3071 5680 sacerdote
3099 5621 3280 5676 dictus
3319 5634 3516 5674 versus
3570 5620 3728 5687 quasi

2134 5720 2377 5774 liberans
2409 5720 2476 5775 de
2510 5719 2809 5791 praeteritis
2838 5728 2894 5774 et
2933 5720 3164 5775 hortans
3200 5719 3266 5772 ad
3303 5716 3508 5771 futura.

417 5821 521 5890 ἢδη
564 5818 755 5874 λοιπὸν
797 5817 1083 5887 ἔπάγομεν
1127 5815 1226 5881 τὰς
1272 5818 1468 5888 εὐχὰς,
1518 5817 1614 5888 τὴν
1659 5817 1761 5888 μὲν
1807 5820 1998 5890 κοινὴν
2028 5818 2280 5890 πρῶτον,
2309 5813 2376 5888 ἦς
2404 5822 2436 5891 ἡ
2469 5820 2647 5890 ἀρχὴ,
2686 5819 2745 5873 '0
2774 5821 2833 5872 ὲν
2862 5821 3026 5872 παντὶ
3079 5818 3283 5891 καιρῷ,
3332 5849 3402 5859 -
3453 5818 3734 5871 Δέσποτα

425 5913 564 5980 est,
597 5944 660 5954 -ο
695 5913 789 5977 τὰς
827 5910 882 5965 δὶ
916 5910 1117 5975 λοιπὰς
1159 5908 1277 5980 μετ’
1302 5911 1475 5983 αὐτὴν
1510 5910 1601 5964 καὶ
1639 5910 1776 5975 ιδίας
1853 5911 1931 5984 τῷ
1963 5929 2019 5965 τε
2093 5912 2271 5982 καιρῷ
2315 5913 2405 5966 καὶ
2452 5913 2620 5977 αὑτὰς
2670 5914 3094 5985 προσηκούσαις,

3143 5916 3233 5966 καὶ
3306 5915 3385 5977 είς
3427 5914 3526 5983 τὴν
3571 5914 3735 5967 ἀνίαν
