4388 6460
420 404 559 469 1177

1320 396 1561 459 MAllCl
1606 391 1983 455 EUGENICI
2047 391 2140 452 DE
2185 392 2423 457 OFFlC.
2467 394 2777 456 ECCLES.

3551 391 3690 458 1178

420 539 576 592 μενος
613 519 781 591 ὕμνος
818 517 932 590 ἔχει
973 516 1070 588 μὲν
1102 515 1200 571 καὶ
1233 514 1397 578 αὐτὸς
1438 512 2003 583 προαναφωνούμενον
2039 522 2076 576 Α

2055 522 2076 575 ι
2111 511 2292 566 Gloria
2319 521 2537 578 saneta,
2563 520 2706 568 —et
2733 528 2762 566 a
2796 510 2955 567 nobis
2995 511 3233 568 additam
3273 510 3468 567 divina:
3511 512 3692 569 incar-

422 613 573 684 παρά
617 610 714 667 τοῦ
771 610 960 680 ἱερέως
1016 608 1197 679 στίχον
1246 610 1312 678 τῇ
1369 607 1651 677 ὑπερτὰτῃ
1696 603 1888 675 Τριάδι
1936 632 2002 643 —-

422 706 577 769 Δόξα
626 704 702 772 τῇ
757 703 893 773 ἁγίᾳ
945 730 1012 742 -
1066 701 1159 756 καὶ
1216 700 1348 771 παρ’
1383 702 1542 772 ἡμῶν
1592 696 2001 769 ἐπιφερομένην

421 799 713 867 ὁμολογίαν
742 796 839 867 τῆς
876 796 1026 855 θείας
1064 793 1396 864 σάρκώσεως
1437 792 1524 845 διὰ
1555 790 1664 844 τῶν
1694 788 2004 857 ἀγγελικῶν

420 890 643 943 ἐκείνων
667 888 862 959 φωνῶν
884 887 1004 951 τοῦ,
1031 886 1186 951 Δόξα
1210 888 1279 940 ἐν
1302 886 1589 953 ὑψίστοις
1616 881 1756 947 Θεῷ,
1781 880 1881 935 καὶ
1903 879 2002 933 ἐπὶ

418 981 532 1051 γῆς
564 980 796 1049 εἰρήνη,
828 981 895 1034 ἐν
926 978 1263 1047 ἀνθρώποις
1292 975 1539 1031 εὐδοκία
1568 992 1581 1006 ·
1626 972 1915 1041 σύγκειται
1948 970 2004 1024 δὲ

421 1078 486 1129 ἐκ
513 1074 749 1145 ψαλμῶν
776 1073 836 1137 ἒξ
855 1115 870 1139 ,
900 1074 974 1137 ὡς
1005 1074 1100 1126 καὶ
1130 1071 1263 1125 αὐτὸ
1289 1069 1441 1139 δηλοῖ
1467 1068 1741 1137 τοῦνομα,
1773 1082 2006 1136 προσενε-

422 1167 525 1238 χῆς
564 1156 662 1234 μὶν
704 1167 960 1221 ἁπάντων
1005 1162 1454 1235 πεπληρωμένων
1489 1160 1586 1214 καὶ
1624 1157 2005 1224 κατανύξεως,

421 1258 517 1311 καὶ
544 1258 644 1325 τῆς
677 1255 771 1310 τοῦ
806 1255 921 1324 βίου
953 1254 1331 1323 ταλαιπωρίας
1365 1250 1630 1312 επιεικῶς
1670 1264 2007 1303 καταστενα-

430 1351 654 1417 ζόντων,
684 1348 918 1418 ἑχόντων
948 1347 1002 1400 δέ
1033 1364 1085 1401 τι
1119 1347 1212 1399 καὶ
1242 1346 1319 1415 τῷ
1349 1344 1524 1415 καιρῷ
1557 1342 1869 1413 πρόσφορον
1895 1355 1908 1369 ·
1937 1369 2008 1380 —

421 1444 620 1514 Κύριε,
656 1443 712 1497 τι
749 1442 1229 1508 ἐπληθύνθησαν
1263 1469 1332 1479 -
1366 1440 1461 1491 τοῦ
1515 1438 1614 1507 μὲν
1662 1434 1879 1507 πρώτου
1924 1435 2007 1498 τὸ,

433 1532 584 1603 Ἐγὼ
633 1530 968 1602 ἐκοιμήθην
1020 1532 1121 1587 καὶ
1178 1531 1455 1592 ὒπνωσα.
1508 1526 1863 1597 ἐξηγέρθην,
1918 1523 2009 1578 ὅτι

421 1627 639 1695 Κύριος
673 1624 1074 1693 ἀντιλήψεται
1102 1641 1243 1692 μου.
1276 1651 1342 1663 -
1373 1623 1580 1689 Κύριε,
1613 1619 1698 1688 μὴ
1730 1618 1810 1683 τῷ
1845 1615 2012 1687 θυμῷ

421 1733 560 1779 σου,
592 1746 661 1758 -
690 1715 784 1770 τοῦ
816 1716 874 1769 δὲ
902 1714 1183 1784 δευτέρου,
1218 1713 1326 1768 Καὶ
1359 1714 1425 1767 τὸ
1460 1710 1588 1781 φῶς
1633 1711 1752 1765 τῶν
1780 1710 2010 1778 ὀφθαλ-

416 1809 549 1879 μῶν
562 1827 705 1879 μου,
729 1808 827 1862 καὶ
851 1807 998 1862 αὐτὸ
1023 1808 1134 1861 οὐκ
1159 1807 1294 1862 ἔστι
1318 1806 1445 1876 μετ’
1464 1805 1633 1874 ἐμοῦ.
1658 1834 1727 1845 --
1751 1804 1815 1857 '0
1842 1802 2006 1869 Θεὸς,

2115 609 2355 663 ιιςιλῑιιιιὶα
2380 608 2781 664 confessionem
2804 607 2893 664 bis
2911 606 3173 678 angelicis
3192 608 3442 671 vocibus,
3470 638 3539 649 -—
3563 608 3693 663 Clo-

2113 704 2193 757 ria
2224 703 2280 755 in
2311 702 2594 757 altissimis
2615 699 2746 766 Deo,
2776 713 2823 755 et
2865 702 2915 755 in
2949 709 3089 756 terra
3142 715 3269 770 pax,
3300 702 3357 755 in
3399 702 3695 756 hominibus

2118 795 2253 849 bona
2286 796 2551 858 voluntas.
2584 794 2805 851 Constat
2833 804 3013 847 autem
3045 808 3140 848 sex
3174 793 3421 862 psalmis.
3459 800 3520 847 ut
3554 791 3697 845 indi-

2115 900 2202 944 cat
2233 888 2314 943 vel
2340 891 2518 958 ipsum
2551 898 2773 954 nomen,
2809 886 3068 943 omnibus
3104 902 3261 956 prece
3300 887 3691 955 cumpunctio-

2116 994 2293 1050 neque
2330 979 2526 1048 plenis,
2558 979 2808 1033 miserias
2839 978 2964 1033 vitae
2996 987 3120 1048 apte
3156 978 3607 1044 lamentantibus,
3644 984 3699 1033 et

2117 1072 2318 1142 aliquid
2350 1070 2674 1126 habentibus
2706 1070 2933 1141 tempori
2989 1085 3322 1143 congruens,
3357 1098 3425 1111 —
3476 1069 3700 1125 Domine

2119 1164 2249 1231 quid
2280 1162 2624 1230 multiplicati
2654 1172 2803 1227 sunt,
2836 1191 2906 1203 —
2930 1162 3108 1231 primo
3130 1164 3372 1233 quidem,
3400 1162 3508 1219 hoc
3542 1179 3556 1217 :
3588 1158 3702 1232 Ego

2120 1257 2347 1310 dormivi
2379 1264 2429 1309 et
2465 1266 2747 1321 separatus
2784 1271 2923 1319 sum,
2970 1264 3019 1309 et
3075 1255 3387 1309 exsurrexi:
3419 1256 3544 1326 quia
3592 1253 3702 1307 Do-

2122 1350 2296 1403 minus
2323 1348 2543 1417 suscipit
2570 1364 2672 1402 me.
2702 1379 2767 1390 —
2797 1349 3020 1403 Domine
3075 1365 3137 1402 ne
3164 1350 3217 1402 in
3250 1348 3427 1418 furore
3479 1358 3602 1416 tuo;
3634 1378 3705 1389 —

2122 1442 2387 1505 secundo,
2414 1439 2481 1494 Et
2506 1442 2683 1495 lumen
2704 1442 2979 1496 oculorum
3037 1458 3271 1496 meorum
3304 1450 3355 1495 et
3398 1440 3571 1509 ipsum
3599 1456 3706 1494 non

2123 1545 2198 1589 est
2235 1550 2457 1589 mecum.
2485 1564 2556 1574 -—
2580 1534 2739 1600 Deus,
2772 1535 2909 1588 Dens
2933 1550 3098 1596 meus,
3123 1536 3191 1588 ad
3221 1544 3304 1600 te;
3327 1562 3395 1574 —
3424 1532 3609 1599 tertio,
3638 1531 3707 1587 In

2122 1627 2403 1679 matutinis
2438 1625 2739 1679 meditabor
2774 1626 2828 1678 in
2852 1636 2900 1679 te
2940 1627 3063 1695 quia
3106 1626 3257 1695 fuisti
3289 1626 3505 1696 adjutor
3539 1640 3708 1678 meus.

2123 1713 2335 1777 Quibus
2375 1728 2567 1768 rursus
2609 1712 2934 1781 interruptis
2962 1723 3015 1767 et
3039 1714 3351 1784 doxologia,
3415 1724 3468 1768 et
3506 1723 3590 1769 ter
3616 1714 3711 1767 Αι-

2128 1804 2315 1868 leluia,
2376 1804 2756 1873 interpretato,
2790 1803 3036 1863 Laudate
3080 1806 3390 1870 Dominum,
3444 1804 3587 1873 quod
3652 1814 3709 1859 et

423 1905 455 1955 ό
489 1902 633 1966 Θεός
653 1917 773 1969 μου
800 1902 951 1968 πρὸς
980 1899 1074 1963 σέ,
1101 1930 1170 1943 —
1199 1900 1292 1953 τοῦ
1321 1900 1505 1969 τρίτον
1537 1899 1615 1962 δὲ,
1645 1897 1741 1949 Ἐν
1766 1894 1890 1960 τοῖς
1918 1895 2011 1962 όρ-
2047 1896 2089 1950 Β

2055 1896 2089 1950 Β
2116 1897 2331 1965 agimus
2367 1898 2420 1952 in
2463 1898 2614 1951 omni
2672 1898 3008 1967 psalmorum
3045 1899 3300 1965 lectione,
3353 1898 3497 1952 banc
3548 1894 3709 1967 quasi

424 1998 587 2061 θροις
612 1994 913 2062 ἐμελέτων
933 1997 1021 2060 εὶς
1036 1994 1150 2070 ρ’ὲ,
1180 1993 1269 2048 ὅτι
1295 1993 1587 2063 ἐγενήθης
1609 1992 1839 2057 ,ϐοηθός
1861 2005 2001 2057 μοι).

424 2083 525 2140 Ὧν
555 2088 645 2140 καὶ
680 2088 1170 2156 μεσολσδουμόνων
1198 2086 1353 2149 αὖθις
1384 2088 1451 2155 τῇ
1485 2103 1541 2139 τε
1574 2084 1879 2153 δοξολογίᾳ,
1914 2081 2008 2135 καὶ

424 2182 501 2249 τῷ
538 2182 857 2250 Ἀλληλούῖα
888 2182 1031 2251 τρὶς,
1073 2182 1101 2234 ὃ
1131 2181 1281 2249 δηλοῖ
1315 2177 1894 2249 μεταλαμϐανόμενον,
1915 2176 2009 2227 Al-

424 2272 583 2326 νεῖτε
611 2274 719 2327 τὸν
749 2276 993 2340 Κύριον,
1027 2273 1054 2326 ὃ
1096 2274 1192 2326 καὶ
1232 2273 1325 2324 ἐπὶ
1351 2272 1498 2341 πάσῃ
1533 2273 1599 2339 τῇ
1635 2269 1743 2321 τῶν
1776 2265 2008 2336 ψαλμῶν

428 2366 739 2434 ἀναγνώσει
776 2366 1078 2435 ποιοῦμεν,
1108 2362 1221 2417 οἷόν
1250 2380 1360 2416 τιτι
1396 2363 1661 2431 σταθμοῖς
1702 2361 1873 2428 αὐτὴν
1904 2356 2011 2413 διο-

431 2460 673 2530 ρίζοντες
694 2499 708 2519 ,
740 2462 789 2512 0l.
817 2460 989 2511 λοιποῖ
1025 2458 1188 2510 πάλιν
1213 2456 1306 2523 ἀφ’
1329 2455 1523 2525 ἑτέρας
1550 2453 1728 2523 ἀρχῆς
1760 2452 2009 2521 ἀρξάμε-

427 2569 507 2605 νοι
533 2550 661 2616 τοῦ,
698 2552 906 2618 Κύριε,
940 2550 1223 2617 ἐλέησον,
1257 2549 1349 2602 καὶ
1375 2550 1475 2617 τῆς
1507 2546 1650 2616 μετὰ
1674 2544 1835 2597 τοῦτο
1862 2544 2010 2608 δοξο-

428 2642 617 2708 λογίας
639 2682 653 2707 ,
684 2643 711 2693 ὁ
745 2643 843 2710 μὲν
870 2642 1084 2710 πρῶτος
1113 2640 1224 2709 ἔχει
1250 2640 1327 2709 τῷ
1358 2638 1538 2709 καιρῷ
1566 2638 1879 2706 πρόσφορον
1911 2635 1973 2687 τὸ
1994 2672 2011 2699 ,

430 2736 609 2803 Κύριε
636 2737 667 2787 ὀ
694 2733 837 2798 sesc
859 2731 969 2798 τῆς
991 2732 1288 2800 σωτηρίας
1303 2748 1443 2801 μου,
1473 2728 1697 2799 ἡμέρας
1720 2725 2015 2793 ἐκέκραξα

431 2828 532 2882 καὶ
565 2827 634 2880 ἐν
656 2826 832 2880 νυκτὶ
860 2827 1144 2880 ἐναντίον
1165 2841 1312 2891 σου,
1345 2823 1597 2895 μεθόριον
1626 2822 1733 2890 γὰρ
1765 2822 1791 2871 ὁ
1820 2818 2017 2889 ὄρθρος

434 2917 643 2985 ἡμέρας
684 2933 743 2968 τε
783 2918 876 2969 καὶ
920 2917 1109 2977 νυκτὸς
1146 2917 1526 2983 -Εὺ.ῑόγει.
1563 2914 1602 2981 ἡ
1648 2911 1818 2981 ψυχή
1861 2927 2014 2980 μου.

438 3012 545 3062 τὸν
574 3010 797 3077 Κύριον
825 3038 891 3049 -
924 3013 950 3063 ὀ
984 3009 1039 3062 δὲ
1076 3008 1326 3077 δεύτερος
1357 3008 1417 3061 τὺ
1439 3049 1453 3074 ,
1492 3003 2019 3071 Ἀνακαινισθήσε-

442 3122 524 3169 ῑ⁴έαι
553 3104 633 3169 ὠς
656 3103 833 3158 ἀετοῦ
860 3104 896 3171 ἡ
925 3105 1141 3169 νεότης
1170 3119 1309 3157 σου.
1334 3133 1405 3142 -
1425 3103 1623 3171 Κύριε.
1649 3100 2021 3155 εἰσάκουσον

435 3198 547 3265 τῆς
579 3197 932 3264 προσευχῆς
957 3214 1075 3266 μου
1100 3229 1166 3238 -—
1197 3198 1224 3250 ό
1252 3195 1307 3250 δέ
1336 3212 1395 3261 γε
1426 3195 1607 3264 τρίτης
1638 3194 1731 3245 καὶ
1764 3192 1853 3245 ἰπὶ
1886 3192 2021 3244 πᾶσι

438 3387 525 3439 ὅτι
553 3385 653 3439 ἐπὶ
680 3385 778 3438 σοι
806 3384 1061 3452 ἤλπισα.
1088 3380 1840 3451 Τούτους-ἐπισφραγίζοντες
1865 3375 2019 3442 αὖθις

441 3481 529 3533 διὰ
554 3479 650 3544 τῆς
674 3477 985 3545 δοξολογίας
1010 3494 1069 3530 τε
1098 3477 1189 3529 καὶ
1212 3474 1306 3529 τοῦ
1338 3473 1678 3542 Ἀλληλούϊα,
1705 3471 1796 3524 τοῦ
1829 3469 2022 3539 ἱερέως

446 3573 648 3640 μεταξὺ
687 3570 1013 3639 ποιουμένου
1047 3568 1148 3632 τὰς
1188 3568 1326 3636 ὑπὲρ
1363 3567 1621 3621 ἁπάντων
1661 3565 1906 3632 δεήσεις,
1947 3562 2023 3623 ὡς

441 3670 705 3727 εἴθισται.
740 3666 905 3719 πάλιν
933 3666 1093 3733 ἡμεῖς
1128 3665 1191 3716 ὲκ
1218 3663 1313 3716 τοῦ
1347 3662 1511 3716 Δαόὶδ
1544 3663 1864 3730 εἰληφότες,
1898 3661 2023 3732 ᾄδο-

445 3780 543 3829 μεν
573 3760 714 3831 μετά
743 3760 959 3829 μέλους,
989 3758 1134 3823 Θεὸς
1160 3758 1374 3825 Κύριος
1404 3756 1500 3811 καὶ
1527 3755 1831 3824 ἐπέςρανεν
1858 3754 2018 3823 ἡμῖν,

441 3874 458 3908 ε
475 3852 849 3923 ὑλογημένος
875 3854 906 3905 ό
925 3849 1251 3920 ἐρχόμενος
1272 3850 1340 3903 ἐν
1357 3850 1599 3919 ὀνόματι
1623 3851 1867 3917 Κυρίου,
1890 3866 1952 3899 συ
1961 3864 2023 3917 μ-

444 3949 741 4008 πλέκοντες
773 3945 924 4015 αὑτῷ
958 3947 1048 3998 καὶ
1081 3944 1381 4014 τροπάριόν
1408 3961 1461 3996 τι
1493 3946 1556 4012 τῇ
1590 3945 1729 3996 κατὰ
1759 3944 1856 4012 τὴν
1887 3943 2024 4013 ἡμέο

447 4059 545 4110 ραν
589 4040 750 4108 μνείᾳ.
793 4038 1092 4106 προσῆκον.
1136 4039 1245 4090 Καὶ
1284 4037 1455 4107 ταῦτα
1502 4036 1554 4089 δὲ
1598 4036 1697 4105 τῆς
1741 4035 2025 4102 ἐπιφανεί-

445 4152 545 4204 σης
575 4133 652 4201 τῷ
689 4131 790 4202 βίῳ
822 4130 1159 4197 Δεσποτικῆς
1187 4130 1489 4200 παρουσίας
1526 4131 1614 4182 ἐπ’
1642 4130 1882 4199 ἐσχάτων
1916 4128 2026 4181 τῶν

444 4229 653 4298 χρόνων
698 4224 906 4295 ἐναργῆ
958 4223 1223 4292 σύμϐολα.
1270 4223 1687 4291 Ἐπεσκέψατο
1739 4223 1877 4292 γὰρ,
1929 4240 2030 4290 φη-

446 4324 551 4384 σιν,
594 4318 752 4389 ημᾶς
791 4318 1063 4385 ἀνατολὴ
1103 4317 1168 4381 ἐξ
1214 4318 1431 4386 ὕψους.
1471 4317 1759 4387 ἐπιφᾶναι
1800 4318 1925 4384 τοῖς
1962 4318 2032 4372 ἐν

444 4413 653 4466 σκότει
697 4410 798 4464 καὶ
843 4408 989 4477 σκιᾷ
1033 4409 1296 4463 θανάτου
1342 4412 1724 4478 καθημένοις,
1770 4410 1914 4478 amp
1957 4410 2031 4473 ὡς

440 4505 765 4577 χαρμόσυνα
811 4504 955 4557 κατὰ
1005 4504 1106 4567 τὰς
1154 4507 1454 4573 νηστίμους
1478 4504 1585 4555 τῶν
1612 4505 1837 4573 ἡμερῶν
1887 4521 2031 4575 παρ-

2113 1990 2440 2051 qnibusdam
2475 1993 2804 2047 stationibus
2855 1995 3334 2062 iuterrumpentes,
3385 1992 3566 2045 cmteri
3613 1992 3711 2044 ite-

2116 2098 2236 2137 rum
2282 2097 2311 2136 ει
2337 2098 2477 2138 novo
2503 2084 2773 2153 principio
2802 2086 3073 2154 incipiunt
3109 2103 3123 2137 :
3174 2083 3361 2155 Kyrie,
3393 2083 3609 2147 eleison,
3659 2094 3711 2136 et

2116 2188 2237 2246 post
2270 2178 2319 2231 id
2350 2176 2716 2247 dorologiam.
2751 2178 2963 2234 Primus
3014 2180 3233 2249 quidem
3276 2180 3327 2233 id
3360 2180 3521 2233 habet
3569 2188 3711 2232 tem-

2118 2270 2234 2337 pori
2297 2269 2579 2324 canl'orme
2632 2284 2647 2323 :
2702 2270 2924 2325 Domine
2995 2272 3133 2325 Deus
3192 2270 3388 2324 salutis
3443 2286 3593 2335 mem,
3655 2269 3711 2346 in

2116 2365 2202 2417 die
2250 2363 2481 2417 clamavi
2538 2372 2589 2416 et
2640 2373 2791 2418 nocte
2848 2380 3027 2417 coram
3081 2375 3165 2427 le;
3219 2364 3506 2434 interiacet
3564 2363 3710 2417 enim

2118 2458 2264 2514 nocti
2308 2458 2526 2529 dieique
2558 2458 2908 2513 -di|uCulum.
2946 2490 3018 2502 —
3065 2458 3314 2523 Benedic,
3354 2457 3533 2511 anima
3574 2473 3712 2511 mea.

2122 2552 2369 2607 Domino.
2419 2582 2487 2593 -—-
2526 2551 2816 2606 Secundus
2864 2567 3030 2613 vero,
3073 2552 3207 2605 iflud
3273 2567 3286 2602 :
3354 2547 3714 2603 Renovabitur

2121 2655 2176 2699 ut
2228 2646 2424 2716 aquila:
2463 2646 2708 2708 iuventus
2753 2655 2867 2699 tua.
2896 2675 2963 2685 —-
2993 2644 3241 2709 Domine,
3278 2642 3475 2697 exaudi
3514 2644 3715 2696 oratio-

2122 2757 2239 2796 nem
2276 2756 2469 2795 meam.
2502 2770 2572 2780 —
2608 2740 2825 2796 Tertius
2874 2739 3090 2794 tandem
3140 2748 3194 2793 et
3243 2739 3492 2802 ultimus.
3528 2736 3658 2792 illud
3695 2755 3709 2789 :

2128 2834 2427 2903 Prapitiam
2470 2834 2556 2897 fac
2587 2835 2716 2888 mihi
2739 2849 2893 2887 mane
2923 2832 3347 2886 misericordiam
3384 2841 3552 2894 tuam,
3583 2832 3707 2901 quia

2124 2931 2179 2982 in
2212 2940 2260 2983 te
2289 2929 2516 2998 speravi.
2554 2929 2666 2981 Hos
2724 2942 2916 2981 rursus
2947 2925 3308 2995 obsignamus
3340 2924 3623 2995 doxologia
3654 2933 3712 2978 et

2126 3022 2397 3085 Alleluia;
2422 3029 2474 3074 et
2506 3019 2764 3075 sacerdos
2794 3018 3000 3071 interea
3030 3032 3151 3084 qum
3184 3032 3280 3087 pro
3310 3016 3566 3070 omnibus
3585 3023 3715 3069 sunt

2126 3112 2540 3183 deprecati‘oncs
2576 3110 2725 3173 facit,
2775 3123 2830 3163 ut
2866 3126 2982 3164 mos
3039 3120 3148 3172 cst.
3184 3118 3312 3162 tunc
3359 3122 3571 3161 -rursus
3616 3122 3715 3161 uos

2055 3258 2095 3277 ﬂ
2127 3222 2193 3261 ex
2238 3204 2441 3259 Davide
2476 3214 2754 3259 sumentes
2789 3202 3067 3256 modulate
3098 3202 3352 3257 canimus
3390 3220 3402 3255 :
3438 3201 3577 3255 Deus
3603 3202 3714 3255 Do-

438 3293 526 3353 τδ,
560 3293 885 3347 Ἀκουστὸν
908 3292 1171 3357 ποίησόν
1193 3307 1291 3357 μοι
1314 3288 1378 3342 τὸ
1406 3287 1557 3357 πρωῒ
1579 3287 1643 3340 τὸ
1670 3287 1844 3352 ἔλεός
1870 3302 1987 3340 σου
2005 3326 2018 3349 ,
2054 3287 2097 3317 υ

2134 3298 2307 3352 minus
2340 3306 2389 3351 et
2426 3299 2673 3365 apparuit
2708 3294 2877 3354 nobis,
2909 3294 3208 3349 benedictus
3252 3295 3342 3364 qui
3366 3297 3501 3349 venit
3530 3296 3585 3347 in
3618 3311 3716 3347 no-

2131 3394 2268 3445 mine
2298 3389 2529 3450 Domini.
2569 3392 2634 3443 ad
2663 3390 2804 3458 quod
2836 3390 3135 3445 atteximus
3158 3390 3375 3460 aliquod
3413 3389 3709 3459 truparium

2132 3482 2241 3539 diei
2289 3484 2566 3538 memoria:
2597 3499 2919 3537 consonum.
2959 3482 3024 3537 Et
3073 3500 3134 3538 ea
3185 3494 3313 3539 sunt
3346 3492 3532 3550 aperta
3565 3496 3711 3553 sym-

2132 3578 2261 3633 bola
2292 3579 2359 3632 de
2399 3577 2691 3647 przescntia
2758 3577 3041 3631 Dominica
3078 3577 3203 3631 vitae
3256 3576 3604 3631 manifestata
3656 3576 3709 3628 in

2133 3672 2337 3729 ultimis
2369 3672 2726 3740 temporibus.
2773 3670 3017 3725 Visitavit
3056 3671 3198 3723 enim
3248 3687 3362 3734 nos,
3390 3669 3485 3734 ait,
3539 3670 3711 3722 oriens

2132 3784 2195 3821 ea:
2217 3768 2346 3833 alto,
2372 3766 2773 3820 illuminaturus
2803 3781 2891 3818 eos
2921 3765 3010 3833 qui
3032 3764 3082 3815 in
3114 3763 3336 3817 tenebris
3367 3773 3413 3816 et
3445 3765 3495 3815 in
3526 3764 3709 3815 umbra

2134 3860 2322 3912 mortis
2375 3859 2577 3923 sedent,
2630 3872 2752 3926 qtne
2790 3866 2847 3909 ut
2901 3855 3230 3909 laetificantia
3276 3854 3465 3908 diebus
3520 3852 3709 3923 jejunii

2136 3954 2639 4021 prmtermittentes,
2674 3967 2773 4022 pro
2801 3953 2880 4007 eis
2913 3952 3143 4007 Alleluia
3181 3961 3487 4006 cantamus.
3514 3947 3710 4001 Postea

2137 4054 2342 4113 partem
2376 4044 2613 4114 aliquam
2662 4045 2905 4114 psalterii
2976 4045 3293 4114 colligentes
3348 4042 3599 4110 legimus,
3634 4040 3713 4092 in-

2138 4143 2542 4204 terrumpentes
2587 4150 2807 4205 quoque
2854 4135 3159 4205 dOanOgiis
3207 4142 3261 4188 et
3311 4132 3564 4200 tropariis
3593 4146 3712 4200 quae

2139 4228 2398 4283 dicuntur
2435 4228 2785 4292 cathismata,
2823 4227 2875 4281 in
2905 4228 3107 4295 quibus
3160 4238 3213 4281 et
3244 4240 3307 4279 ex
3368 4225 3550 4293 aliqua
3608 4225 3714 4278 alia

2142 4332 2297 4393 parte
2329 4320 2561 4390 legimus
2625 4321 2901 4384 sedentes,
2936 4321 3185 4375 utilitatis
3242 4334 3408 4373 causa
3444 4316 3607 4371 simul
3663 4326 3716 4372 ct

2140 4414 2365 4484 quietis.
2396 4412 2556 4468 Ratio
2604 4421 2786 4469 autem
2827 4413 3160 4483 psalmorum
3197 4428 3303 4473 non
3337 4411 3501 4465 altera
3550 4426 3713 4481 quam

2143 4521 2335 4577 magna
2374 4521 2564 4561 eorum
2599 4506 2806 4561 utilitas
2850 4516 2905 4560 et
2949 4505 3147 4559 divina:
3181 4505 3482 4573 voluptatis
3541 4504 3716 4573 plenis

441 4598 799 4667 αιτούμενοι,
854 4596 913 4649 τὸ
980 4597 1349 4662 ’Λλληλούτα
1403 4598 1517 4648 ἀντ’
1573 4595 1757 4648 αὐτῶν
1809 4594 2031 4666 ᾄδομεν.
2068 4625 2097 4682 ε

2068 4625 2111 4682 D
2142 4599 2299 4659 tudo,
2331 4607 2385 4651 et
2422 4598 2722 4655 necessitas
2766 4599 3015 4653 absoluta
3063 4598 3288 4651 omnino
3332 4608 3498 4651 totum
3550 4598 3719 4652 semel

439 4690 597 4744 Μετά
646 4687 804 4741 τοῦτο
859 4688 1023 4757 μέρος
1070 4703 1122 4739 τι
1171 4686 1266 4739 τοῦ
1315 4686 1611 4756 Ψαλτῆρος
1661 4684 2030 4749 ἀπολαϐόντες

439 4783 933 4851 ἀναγινώσκομεν,
987 4777 1415 4849 μεσολαὸοὔντες
1470 4782 1566 4834 καὶ
1615 4781 1773 4834 τοῦτο
1819 4779 2029 4847 δοξολο-

438 4876 589 4945 γ’ἰαις
620 4893 680 4928 τε
710 4877 802 4928 καὶ
830 4875 1151 4944 τροπαριοις
1181 4876 1293 4936 τοῖς
1321 4873 1638 4943 λεγομένοις
1671 4874 2029 4942 καθίσμασιν,

444 4972 505 5024 ὲν
558 4966 640 5030 οἷς
692 4971 785 5024 καὶ
841 4967 1107 5037 ἑτέρωθεν
1157 4968 1324 5021 ποθεν
1374 4967 1729 5034 ἀναγνώσεις,
1768 4965 2033 5036 ποιοῦμεν

444 5062 776 5133 καθήμενοι,
809 5060 1081 5131 ὠφελείας
1110 5075 1171 5116 τε
1201 5060 1338 5130 ὁμοῦ
1372 5060 1467 5113 καὶ
1497 5058 1819 5127 ἀναπαύλης
1846 5060 2029 5129 χάριν.

456 5158 517 5213 '0
552 5157 608 5209 δέ
648 5172 713 5224 γε
752 5156 914 5223 λόγος
959 5155 1070 5209 τῶν
1104 5154 1337 5225 ψαλμῶν
1387 5155 1485 5225 οὐχ
1538 5153 1726 5222 ἕτερος
1770 5153 1802 5221 ἢ
1848 5154 1908 5207 τὸ
1940 5170 2035 5205 πο·

441 5249 725 5320 λυωφελὲς
757 5246 941 5302 αὐτῶν
974 5248 1070 5301 καὶ
1100 5246 1295 5318 ἡδονῆς
1327 5247 1476 5309 θείας
1527 5245 1803 5313 ἔμπλεων,
1854 5247 1948 5300 καὶ
1973 5245 2035 5298 τὸ

441 5345 555 5398 δεῖν
600 5342 807 5405 πάσαις
858 5340 1130 5408 ἀνάγκαις
1165 5341 1288 5393 ὅλον
1337 5339 1686 5408 πληροῦσθαι
1741 5340 1882 5393 κατὰ
1934 5341 2034 5407 τὴν

444 5433 723 5501 ἑϐδομάδα
781 5431 842 5484 τὸ
891 5430 1035 5499 ἱερὸν
1080 5430 1174 5482 τοῦ
1210 5429 1378 5483 Δαὸὶδ
1438 5429 1778 5500 Ψαλτήριον,
1821 5430 2034 5501 ἀπειξῆ

448 5526 549 5580 καὶ
577 5527 659 5588 δὶς
684 5522 1303 5589 ἀναγινωσκόμενον.-
1325 5524 1605 5592 ’ᾼσωμεν
1640 5523 1718 5588 τῷ
1749 5524 2035 5591 Κυρίῳ.-

460 5618 687 5687 Ἐςρεξῆς
720 5618 773 5670 αἱ
801 5617 1096 5686 λεγόμεναι
1148 5615 1304 5686 ᾠδαὶ,
1344 5618 1496 5684 παρὰ
1544 5618 1641 5687 τῆς
1677 5618 1903 5687 Γραφῆς
1954 5618 2033 5669 εἰ-

442 5709 731 5779 λημμέναι
754 5709 849 5762 καὶ
881 5706 1062 5771 αὗται,
1109 5707 1603 5779 συμπληρούμεναι
1648 5706 1705 5762 δὲ
1741 5710 1822 5772 εἰς
1856 5711 2035 5773 ὲννέα,

445 5801 539 5855 διὰ
587 5800 681 5854 τὸν
734 5801 970 5871 ἀριθμὸν
1024 5794 1179 5870 οἶμαι
1234 5799 1342 5853 τῶν
1390 5800 1705 5868 ἀγγελικῶν
1754 5804 1846 5854 καὶ
1875 5802 2035 5854 θείων

446 5894 769 5966 ταγμάτων.
809 5890 908 5947 Ὧν
951 5895 981 5965 ἡ
1017 5893 1113 5964 μὲν
1144 5892 1334 5965 πρώτη
1363 5898 1427 5966 τῇ
1463 5894 1611 5961 τάξει
1649 5894 1739 5949 τοῦ
1770 5897 1908 5951 κατὰ
1938 5895 2033 5967 τὴν

2138 4699 2233 4744 aut
2274 4690 2438 4745 etiam
2470 4689 2553 4743 bis
2586 4690 2639 4743 in
2676 4690 3015 4744 hebdomade
3045 4704 3265 4743 sacrum
3318 4688 3525 4757 legendi
3564 4688 3721 4741 Davio

2134 4783 2220 4839 dis
2261 4782 2597 4851 psalterium.
2625 4811 2692 4822 —
2722 4781 3007 4837 Cantemus
3049 4781 3293 4837 Domino.
3320 4812 3389 4822 —
3418 4782 3495 4837 Ex
3522 4782 3717 4837 ordine

2136 4876 2334 4932 adsunt
2371 4890 2493 4945 quae
2516 4875 2777 4931 dicuntur
2806 4876 3044 4942 cantica,
3077 4885 3132 4929 et
3169 4877 3283 4945 ipsa
3340 4890 3371 4929 e
3426 4875 3724 4945 Scriptura

2136 4980 2374 5037 sumpta,
2408 4970 2788 5039 completaque
2817 4971 2871 5024 in
2899 4985 3184 5024 numerum
3219 4985 3432 5036 novem,
3467 4979 3712 5039 propter,

2136 5072 2196 5118 ut
2242 5060 2458 5132 opinor,
2498 5076 2787 5117 numerum
2827 5062 3080 5115 ordinum
3108 5062 3477 5131 angelicorum
3511 5062 3725 5115 divino-

2137 5171 2393 5225 rumque.
2423 5154 2670 5221 Quorum
2711 5154 2922 5224 primus
2978 5155 3169 5208 ordine
3204 5156 3524 5207 memoriam
3557 5168 3735 5217 reuo-,

2139 5260 2229 5303 vat
2271 5249 2498 5319 prodigii
2534 5251 2586 5303 in
2621 5249 2758 5303 mari
2789 5248 2996 5310 Rubro,
3052 5265 3116 5302 ex
3156 5249 3296 5302 libto
3335 5248 3510 5315 Exodi
3571 5262 3727 5309 sum:

2140 5352 2305 5413 plus:
2349 5370 2410 5379 —-
2481 5340 2642 5406 Audi,
2701 5342 2910 5401 coelum.
2962 5350 3010 5394 et
3062 5340 3251 5410 loquar
3272 5357 3377 5414 ;.——
3444 5340 3721 5394 secundus

2138 5452 2289 5499 vero,
2322 5445 2374 5490 et
2408 5435 2526 5505 ipse
2558 5449 2622 5489 ex
2655 5433 3103 5497 Dettteronomio,
3139 5436 3456 5489 memoriam
3493 5444 3724 5497 renovat

2139 5527 2508 5596 prodigiorum
2542 5526 2598 5577 in
2627 5527 2848 5580 deserto
2879 5534 3237 5595 patratorum,
3275 5534 3327 5579 et
3360 5526 3431 5580 ibi
3478 5525 3619 5579 datae
3645 5526 3722 5579 le-

2139 5622 2222 5690 gis
2276 5620 2465 5690 gratiae
2535 5620 2890 5689 propheticus.
2941 5650 3007 5661 —
3069 5619 3459 5689 Con/irritatum
3510 5630 3585 5673 cst
3631 5603 3722 5673 cor

2147 5730 2322 5767 meum
2362 5714 2417 5766 in
2482 5713 2728 5767 Domino.
2775 5743 2844 5751 —
2877 5710 3095 5768 Tertius
3147 5714 3617 5767 adtttnbrationem
3666 5723 3731 5787 ct,

2147 5803 2439 5871 imaginem
2487 5802 2690 5872 prazbet
2724 5801 2982 5858 Ecclesia:
3010 5820 3071 5857 ex
3110 5804 3410 5872 gentilitate
3450 5805 3719 5861 fecunda.

2142 5927 2203 5936 ησ-
2234 5894 2479 5961 Domine,
2502 5893 2749 5951 exaudiri
2782 5895 3292 5950 auditionenttuam.
3319 5924 3375 5934 —-
3416 5893 3542 5951 Post
3579 5894 3723 5963 hunc
