4388 6460
738 410 868 474 1203

2124 427 2502 490 Λῐ)Ι)ΕΝ[)Λ.

3837 441 3984 509 15201

733 541 936 588 seruus,
975 535 1080 578 tam
1112 541 1206 594 per
1248 538 1516 583 oratorem
1551 541 1724 594 luunt,
1752 549 1911 599 quam
1944 552 2040 605 per
2073 539 2130 592 lit
2159 558 2300 605 eras,
2337 552 2375 604 Α
2411 547 2580 613 gitarc
2609 547 2859 615 velimus,
2893 552 3037 620 quod
3067 553 3202 608 duos
3234 556 3571 624 principatus
3608 559 3769 612 simili
3807 561 3981 614 forma

733 613 905 679 magis
935 629 1092 680 quam
1132 615 1292 668 rebus
1333 618 1463 671 satis
1506 618 1708 673 factum
1751 624 1837 678 iri.
1869 625 2064 694 Accipe
2115 630 2298 696 igitur,

730 703 1049 758 t-harissitne
1102 706 1194 771 ﬁli,
1236 723 1351 773 qua:
1399 709 1598 766 dicturi
1645 730 1854 782 sumus,
1915 728 2171 788 tanquam
2233 725 2299 777 ab

729 797 1104 851 amantissimo
1138 801 1339 865 animo,
1393 819 1556 872 quem
1608 823 1732 861 vere
1767 819 1822 862 et
1860 812 2027 866 libere
2065 825 2116 868 te
2163 816 2298 868 allo-

728 899 984 954 quentettt
1026 890 1244 959 deputa.
1305 893 1437 946 Nam
1486 912 1584 950 nos
1640 899 1864 954 minime
1904 921 2186 959 versamur
2242 909 2293 961 in

726 981 974 1045 dubium,
1044 984 1306 1039 Joannem
1379 987 1734 1060 Palmologum
1787 995 1880 1046 tibi
1942 998 1993 1049 in
2073 1001 2296 1066 imperio

727 1073 1201 1139 prrcdecessorem,
1225 1077 1444 1130 fratrem
1479 1089 1534 1133 et
1565 1096 1884 1148 germanum
1923 1096 2094 1150 tuum,
2129 1089 2170 1139 si
2208 1104 2298 1141 ro-

730 1169 940 1234 Iuisset,
975 1185 1072 1237 pro
1103 1170 1224 1222 data
1259 1172 1359 1225 sibi
1392 1188 1418 1224 ιι
1455 1172 1562 1227 Deo
1583 1176 1887 1243 prudentia,
1921 1177 2061 1232 hanc
2094 1195 2202 1233 rem
2229 1182 2293 1236 ad

727 1259 939 1311 felicem
973 1265 1497 1318 consummationem
1543 1266 1840 1335 perducere
1891 1271 2153 1337 potuisse.
2193 1273 2295 1327 Ve-

723 1358 1028 1403 rumtamen
1059 1367 1178 1406 cum
1217 1354 1306 1408 ille
1336 1356 1499 1410 nimis
1528 1357 1730 1426 cogitat
1763 1359 1903 1414 hanc
1934 1376 2045 1415 rem
2088 1375 2296 1432 tempo-

723 1441 821 1493 rali
891 1445 1053 1497 statui
1103 1460 1204 1499 suo
1278 1459 1554 1517 coaptare,
1611 1454 1676 1506 de
1744 1455 1925 1507 medio
1979 1457 2294 1510 subtractus

717 1543 823 1586 cst.
855 1532 1032 1585 Voluit
1063 1536 1245 1589 divina
1280 1541 1617 1606 providentia
1679 1553 1724 1596 te
1760 1560 2134 1600 successorem
2172 1551 2293 1612 ejus

716 1623 790 1677 illi
847 1627 898 1679 in
965 1627 1192 1696 imperio
1263 1631 1579 1702 subrogare.
1651 1635 1941 1691 Serenitati
1994 1655 2138 1694 nunc
2191 1653 2293 1697 tua:

717 1717 1108 1783 providendum
1149 1731 1251 1784 est,
1323 1738 1408 1786 ne,
1463 1740 1574 1776 rem
1631 1727 1836 1782 diutius
1899 1733 2288 1799 protrahendo,

714 1810 967 1864 efﬁci-aris
1002 1815 1226 1867 consors
1262 1826 1446 1869 reatus
1475 1827 1528 1870 et
1563 1834 1755 1885 pcenrc.
1788 1820 2071 1878 Nescimus
2101 1828 2144 1878 si
2198 1833 2290 1880 do-

711 1903 846 1965 lose,
885 1905 926 1957 si
983 1905 1230 1974 religiose
1287 1907 1352 1960 de
1405 1908 1714 1964 Christiana
1775 1914 2031 1981 religione
2084 1920 2284 1988 COgila~
2319 1913 2361 1971 Β

713 2010 877 2048 mus;
913 1995 964 2045 in
1002 2011 1166 2065 regno
1197 1997 1457 2050 cmlorum
1498 2000 1673 2054 locum
1723 2003 1836 2056 dari
1879 2020 2038 2072 posse
2083 2008 2148 2062 iis
2194 2011 2282 2076 qui

711 2103 736 2134 ιι
777 2083 1069 2138 christiana
1111 2089 1315 2140 unitate
1349 2087 1694 2142 dissentiunt.
1733 2090 1863 2144 Nam
1903 2094 1968 2147 de
2003 2094 2146 2149 facto
2179 2100 2288 2165 pri-

711 2177 910 2236 mario,
964 2178 1238 2243 quoddam
1297 2179 1579 2234 exordium
1633 2182 1957 2238 Christiana:
2010 2187 2286 2255 religiOnis

705 2278 789 2322 est
821 2267 1134 2338 Symbolum
1173 2274 1443 2340 prolileri,
1479 2275 1533 2327 in
1584 2291 1688 2343 quo
1721 2294 1881 2331 unam
1938 2291 2182 2336 sanetam
2231 2296 2284 2338 et

707 2362 1033 2415 catholicam
1089 2365 1411 2419 conﬁtemur
1471 2366 1793 2433 Ecclesiam,
1857 2388 1974 2438 quae
2041 2377 2283 2440 profecto

704 2470 810 2506 una
840 2469 960 2509 esse
991 2470 1096 2508 non
1133 2457 1349 2523 poterit,
1393 2458 1489 2512 nisi
1527 2461 1688 2514 unius
1736 2462 1898 2531 capiti
1935 2468 2118 2522 omnia
2166 2471 2283 2539 ejus

702 2550 944 2602 membra
980 2549 1368 2614 respondeant,
1393 2566 1499 2617 quo
1522 2553 1811 2622 dirigente,
1844 2565 1898 2610 et
1929 2560 2100 2613 vicem
2139 2562 2281 2616 illius

701 2642 887 2693 :cterni
941 2640 1221 2694 Pontiﬁcis
1255 2642 1556 2711 obtinente,
1615 2648 1704 2714 qui
1762 2659 1951 2718 regnat
2000 2650 2052 2704 in
2103 2655 2278 2719 caelis,

701 2746 925 2784 necesse
957 2741 1040 2784 est
1070 2733 1214 2786 illius
1247 2738 1508 2798 membra,
1553 2738 1761 2805 mystici
1813 2747 2058 2809 corporis
2108 2761 2268 2798 mem-

703 2818 818 2880 bra,
854 2818 918 2872 ad
951 2833 1044 2872 sua
1079 2820 1378 2875 ministeria
1415 2839 1734 2880 moveantur
1765 2845 1777 2880 :
1814 2839 1869 2882 ut
1916 2834 1959 2884 si
2014 2849 2156 2888 reCte
2191 2851 2281 2890 co-

706 2996 1020 3062 προσθεῖναι
1047 2999 1323 3066 ἐϐούλετο,
1354 3002 1509 3055 οὐθὲν
1543 3005 1606 3056 ἂν
1641 3000 1709 3075 ἦν
1765 3010 2034 3076 ἐμποδὼν,
2096 3015 2167 3081 μὴ
2203 3019 2278 3077 είς

701 3088 855 3150 τίλος
891 3091 1113 3158 εὐτυχὲς
1142 3094 1208 3144 τὰ
1242 3094 1336 3161 τῆς
1387 3097 1658 3162 ἐνώσεως,
1712 3105 2098 3173 προχωρῆσαι.
2166 3109 2280 3160 Νῦν

699 3183 754 3233 δὲ
783 3183 894 3235 ἀλλ’
923 3185 1037 3236 ἅττ’
1060 3186 1118 3236 ον
1151 3186 1327 3249 καλῶς
1359 3190 1467 3240 αἰεὶ
1505 3195 1958 3261 προαιρούμενος,
1989 3202 2080 3253 καὶ
2117 3201 2279 3272 ἔργον

703 3275 846 3327 θεῖον
874 3277 1138 3347 ἐπιθυμίᾳ
1165 3282 1505 3347 πραγμάτων
1532 3285 1846 3350 πολιτικῶν,
1923 3293 2124 3358 μᾶλλον
2185 3294 2277 3346 τοῦ

700 3370 910 3431 δέοντος
935 3369 1388 3437 φιλοτιμούμενος
1440 3375 1774 3443 ἐφαρμόσαι,
1802 3381 2056 3451 ἐπίχειρα
2080 3400 2276 3452 προαι-

701 3460 900 3527 ρέσεως
937 3461 1034 3513 οὐκ
1066 3465 1276 3533 ἀγαθῆς
1309 3470 1696 3538 καταστροφὴν
1733 3473 1820 3522 τοῦ
1857 3472 1971 3539 βίον
2007 3474 2273 3542 λαμὸὶυει

700 3555 852 3620 παρᾶ
898 3555 1054 3619 Θεοῦ,
1119 3557 1184 3608 ἵν’
1235 3559 1395 3621 αὐτὸς
1461 3561 1556 3626 μὲν
1614 3561 1807 3614 θᾶττον
1866 3566 2112 3617 ἐκποδὼν
2167 3573 2273 3630 τοῖς

701 3646 991 3714 πράγμασι
1028 3648 1269 3718 γένῃται,
1309 3653 1493 3720 ἕτερος
1521 3654 1577 3705 δέ
1616 3673 1698 3715 τις
1728 3656 1836 3706 τῶν
1867 3657 2027 3710 θείων
2082 3677 2274 3726 προαιο

701 3739 1059 3804 ρετικώτερος
1083 3741 1181 3805 τήν
1240 3757 1298 3791 τε
1336 3744 1508 3810 ἀρχὴν
1551 3743 1867 3816 παραλάϐῃ,
1903 3742 1996 3799 καὶ
2043 3746 2158 3813 ἅμα
2207 3750 2271 3799 τὰ

695 3829 771 3897 τῷ
801 3829 918 3898 Θεῷ
943 3831 1200 3883 δοκοῦντα
1235 3833 1556 3905 ύπουργήσῃ
1592 3836 1774 3900 εὐθύς,
1804 3838 1894 3890 Διδ
1937 3841 1994 3891 σὲ
2027 3841 2088 3910 δὴ
2128 3845 2272 3908 γένει

697 3923 794 3990 μὲν
826 3924 1050 3991 ἀδελφὺν
1087 3927 1212 3978 ὄντα
1247 3927 1480 3994 ἐκείνου,
1533 3931 1703 4000 ἀρετῇ
1754 3932 1807 3983 δὲ
1867 3934 2048 4003 πολλῷ
2103 3937 2272 3990 πλείω

693 4016 1040 4083 διαφέροντα,
1074 4019 1103 4085 ἡ
1133 4019 1198 4070 τὰ
1223 4019 1400 4070 πάντα
1449 4020 1727 4074 διοικοῦσα
1763 4027 1991 4092 πρόνοια
2043 4029 2118 4087 είς
2173 4029 2270 4098 τὴν

693 4108 864 4174 αὐτὴν
895 4108 1067 4176 ἀρχὴν
1095 4109 1378 4176 ἀγαγοῦσα
1420 4112 1767 4182 καθίστησιν,
1817 4117 1903 4170 ἵνα
1963 4118 2069 4169 τῶν
2108 4120 2268 4171 Gaium

693 4199 1036 4265 πραγμάτων
1068 4201 1337 4269 ἁμελῆται
1369 4203 1556 4272 μηδὲν,
1595 4208 1657 4257 ἐκ
1690 4209 1965 4277 μηδεμιᾶς
1995 4211 2104 4262 τῶν
2142 4214 2267 4278 περὶ

691 4290 784 4341 τὸν
810 4290 1146 4359 ἀνθρώπινον
1175 4297 1383 4347 τουτονὶ
1441 4297 1557 4364 βίον
1591 4299 1917 4366 προφάσεως
1949 4319 1960 4330 ⁸
2017 4303 2138 4355 ὅθεν
2201 4305 2266 4372 σὴ

695 4384 785 4432 καὶ
820 4385 1057 4434 σκεπτέα
1093 4401 1173 4437 σοι
1222 4387 1316 4437 νῦν
1377 4389 1515 4453 ἑστι,
1575 4391 1667 4442 καὶ
1733 4394 2038 4462 προνοητέα
2089 4395 2263 4449 σθένει

695 4473 873 4536 παντὶ,
900 4475 1045 4536 ὅπως
1076 4478 1146 4544 μὴ
1183 4479 1272 4529 καὶ
1309 4480 1370 4529 σὺ
1405 4481 1565 4532 πάλιν
1587 4482 1693 4534 τῶν
1717 4484 1918 4549 αὐτῶν,
1956 4486 2099 4538 ἑκῶν
2131 4488 2263 4556 ἀμε-

2408 639 2669 704 viventes,
2701 651 2879 696 tamen
2916 645 3152 714 propriis
3203 649 3441 715 regibus,
3483 649 3643 703 etiam
3689 652 3984 720 insperato-

2403 730 2552 785 ribus
2581 733 2901 797 servientes,
2942 752 3110 790 unum
3148 753 3252 791 non
3293 753 3419 793 esse
3476 743 3752 809 permittet
3804 744 3980 810 impe-

2402 821 2564 876 rium.
2599 821 2969 881 Intelleximus
2993 830 3140 882 enim
3163 829 3366 884 diversi
3393 841 3569 885 status
3603 833 3816 901 imperii
3853 835 3980 888 inde

2403 915 2616 982 prodire
2643 917 2930 984 rationem,
2983 923 3125 988 quod
3166 923 3336 976 divisa
3369 925 3540 993 capita
3574 925 3674 978 sibi
3715 940 3818 978 nan
3849 927 3980 978 sub-

2400 1007 2673 1076 ordinata,
2762 1011 2854 1064 sed
2913 1013 3065 1078 quasi
3120 1013 3186 1068 de
3258 1025 3524 1082 potestate
3563 1017 3974 1080 contentlentin,

2401 1113 2567 1150 unum
2600 1113 2722 1152 esse
2760 1117 2864 1153 non
2903 1102 3182 1170 patiuntur
3219 1105 3526 1175 imperium.
3565 1107 3641 1160 Ex
3683 1123 3791 1174 quo
3823 1107 3975 1160 facil-

2396 1190 2528 1243 lime
2577 1189 2739 1245 datur
2793 1195 3042 1264 intelligi.
3095 1212 3256 1250 unam
3308 1213 3413 1250 non
3466 1214 3625 1266 posse
3679 1198 3974 1252 Ecclesiarn

2399 1285 2591 1338 conﬁci
2633 1302 2694 1338 ex
2751 1286 2815 1338 iis
2867 1288 2957 1355 qui
3023 1289 3111 1341 uni
3187 1291 3350 1358 capiti
3425 1292 3648 1345 subesse
3695 1299 3969 1345 recusant.

2397 1375 2507 1430 Nec
2538 1377 2734 1445 aliquid
2770 1389 2874 1442 est,
2913 1380 3054 1447 quml
3088 1383 3157 1433 ita
3191 1383 3473 1436 evidenter
3501 1383 3580 1435 vel
3631 1383 3860 1450 politica
3887 1381 3972 1434 vel

2396 1468 2607 1534 imperii
2645 1480 2836 1537 arguat
2887 1471 3173 1534 unitatem,
3208 1488 3368 1540 quam
3417 1473 3561 1543 quod
3609 1475 3788 1527 unitas
3821 1475 3974 1542 prin-

2396 1560 2628 1627 cipat.u~.
2661 1561 2769 1614 Nec
2797 1564 2954 1616 unica
2995 1565 3188 1627 forma,
3221 1567 3300 1618 vel
3355 1567 3477 1621 linis
3533 1567 3748 1620 unionis
3780 1567 3974 1620 ditisis

2397 1653 2792 1720 principatibus
2826 1664 3055 1722 possum
3092 1672 3214 1709 esse
3256 1659 3589 1711 communia.
3624 1657 3846 1711 Unionis
3877 1674 3974 1710 att-

2395 1752 2500 1799 tem
2538 1756 2712 1797 motor
2743 1745 2998 1808 eﬁiciens.
3033 1748 3110 1800 vel
3141 1748 3333 1802 ductor
3361 1765 3652 1816 supremus
3684 1766 3746 1803 ex
3784 1765 3971 1802 neces.

2395 1839 2550 1890 sitate
2593 1840 2811 1891 unicum
2852 1840 3029 1908 arguit
3077 1842 3482 1910 principatum;
3511 1860 3638 1913 ergo
3669 1848 3847 1900 omnis
3875 1843 3966 1913 qui

2392 1944 2554 1980 unum
2586 1930 2880 1984 conﬁtetur
2911 1931 3230 1997 Ecclesium,
3281 1953 3400 2004 qua:
3435 1937 3490 1989 in
3534 1946 3644 1992 tcto
3681 1939 3814 1993 orbe
3860 1939 3967 1992 dif-

2391 2015 2507 2070 fusa
2556 2027 2662 2083 est,
2697 2029 2912 2085 oportet
2953 2032 3012 2075 ut.
3063 2039 3229 2076 unum
3281 2037 3545 2093 agnoscat
3595 2039 3757 2096 caput
3804 2030 3968 2082 totius

2391 2109 2679 2164 militantis
2717 2110 2996 2177 Ecclesiae,
3060 2116 3146 2169 cui
3185 2131 3375 2184 parere
3417 2129 3471 2172 et
3522 2121 3743 2174 obedire
3779 2132 3963 2175 tenea-

2391 2212 2496 2253 tur.
2531 2201 2685 2255 [llum
2718 2219 3116 2272 recognoscens
3145 2210 3308 2261 etiam
3342 2209 3620 2265 Pontiﬁcis
3649 2212 3773 2266 Jesu
3805 2214 3963 2267 Chri-

2387 2291 2451 2344 sti
2490 2290 2701 2346 Domini
2734 2296 2909 2347 nostri
2943 2297 3115 2350 vicem
3149 2308 3331 2354 tenere
3377 2301 3428 2354 in
3464 2307 3639 2366 terris,
3670 2315 3721 2358 et
3752 2304 3962 2374 cui'pa-

2389 2398 2506 2437 rere
2542 2400 2764 2440 necesse
2799 2388 2888 2440 sit.

2461 2477 2599 2547 Ergo
2631 2480 2721 2548 qui
2760 2483 2871 2534 vult
2911 2499 3034 2539 vere
3063 2485 3371 2554 Symbolum
3423 2497 3475 2541 et
3505 2505 3665 2544 unam
3718 2502 3959 2547 sanctam

2390 2566 2685 2620 Ecclesiam
2739 2572 3061 2626 catholicam
3104 2577 3370 2643 proﬁteri,
3415 2587 3596 2633 teneat
3640 2596 3805 2635 unum
3841 2598 3960 2637 esse

2387 2669 2546 2726 caput
2578 2660 2836 2716 Ecclesiae
2885 2665 3194 2731 militantis,
3229 2671 3314 2724 cui
3347 2673 3570 2728 obedire
3611 2691 3831 2730 necesse
3866 2677 3957 2730 sit.

2385 2751 2493 2806 Nec
2513 2770 2750 2823 unquam
2788 2757 2839 2811 in
2864 2756 2956 2812 Dei
2991 2760 3229 2815 Ecclesia
3263 2764 3557 2820 schismata
3581 2780 3958 2830 surrexerunt,

2387 2847 2488 2899 nisi
2528 2862 2592 2901 ex
2626 2848 2710 2902 his
2765 2851 2856 2916 qui
2889 2851 3014 2905 huic
3049 2854 3211 2923 capiti
3244 2856 3468 2913 subesse
3505 2861 3814 2916 noluerunt.
3859 2863 3958 2916 Ελ-

2384 3010 2474 3059 ὲπὶ
2502 3009 2560 3060 τι
2595 3011 2796 3062 οἰκεῖον
2823 3012 3107 3078 κινήσεται
3131 3014 3311 3082 ἔργον.
3347 3019 3452 3070 Καὶ
3488 3018 3585 3086 μὲν
3623 3019 3686 3089 δὴ
3739 3022 3957 3073 πόλεσιν

2383 3100 2530 3150 δυοῖν
2560 3099 2606 3149 τ’
2639 3101 2775 3153 ἄλλα
2813 3102 2913 3159 μὲν
2948 3102 3200 3170 ὲχούσαιν
3223 3105 3448 3169 ὁμοίως,
3481 3109 3706 3176 ἄρχοντι
3761 3111 3816 3163 δὲ
3880 3114 3955 3181 μὴ

2383 3190 2570 3242 οὖσαιν
2601 3193 2674 3261 τῷ
2727 3194 2874 3261 αῦτῷ
2914 3196 3198 3262 ὑπηκόοιν.
3245 3199 3418 3250 αἴτιον
3462 3200 3552 3251 τοῦ
3596 3202 3726 3267 μίαν
3771 3206 3954 3270 γίγνε-

2387 3283 2507 3334 σθαι
2545 3286 2848 3352 ἡγεμονίαν
2873 3288 3055 3355 ἥκιστ’
3079 3289 3308 3354 ἐθέλειν,
3345 3294 3502 3344 οὐθὲν
3547 3295 3674 3348 ἄλλο
3707 3300 3954 3363 φαίνεται

2386 3373 2680 3426 σκοποῦσιν
2710 3376 2906 3443 ὀρθῶς,
2946 3379 2976 3448 ἦ
3005 3380 3113 3432 τῶν
3141 3382 3205 3432 τά
3231 3382 3470 3451 ἄρχοντα
3504 3386 3597 3436 δύο
3658 3388 3807 3450 ὅντα,
3859 3390 3953 3440 καὶ

2385 3465 2682 3534 μηδέτερον
2740 3468 2954 3538 θατέρῳ
3005 3472 3267 3538 ὑπήκοον,
3344 3474 3478 3527 ἀλλὰ
3539 3477 3789 3546 ἀλλήλοιν
3845 3480 3952 3532 τῶν

2382 3557 2665 3622 πρωτείων
2702 3559 3101 3626 ἀμιλλομένων,
3137 3563 3268 3631 μίαν
3301 3565 3398 3617 οὐκ
3427 3567 3490 3636 ἐᾷ
3511 3567 3789 3634 γίγνεσθαι
3824 3572 3950 3638 ἠγε-

2382 3651 2574 3718 μονίαν
2607 3651 2713 3700 τῶν
2743 3651 2899 3705 ὅλων.
2929 3651 3139 3704 υῦκουν
3175 3657 3234 3708 οὐ
3267 3658 3318 3708 δὲ
3353 3664 3690 3726 χριστιανοῖς
3726 3657 3836 3713 οἷον
3889 3679 3945 3712 τε

2383 3743 2512 3810 μίαν
2534 3745 2662 3794 ποτὲ
2697 3746 2997 3813 ἐκκλησίαν
3061 3749 3250 3814 στῆναι
3301 3751 3362 3800 ἐκ
3413 3751 3523 3802 τῶν
3587 3754 3762 3821 μηθὲν
3809 3759 3945 3821 σφεῖς

2378 3837 2576 3898 αὐτοὺς
2605 3839 2824 3890 τάσσειν
2860 3839 2950 3905 ὑφ’
2981 3840 3075 3890 ’ἐνα
3114 3840 3350 3909 ἄρχοντα
3381 3844 3676 3898 ἐθελόντων
3712 3864 3726 3878 ·
3759 3849 3816 3899 οὐ
3840 3850 3944 3917 γάρ

2377 3929 2520 3978 ἔστιν
2539 3929 2618 3979 ὅτι
2640 3929 2915 3982 πολιτείαν
2930 3931 3116 3998 ἥντινα
3137 3928 3228 3983 οὖν
3246 3932 3371 3999 μίαν
3391 3933 3482 3984 καὶ
3501 3935 3803 4004 ἀδιαίρετον
3819 3940 3945 3988 ἀπο-

2377 4018 2627 4085 φαίνεται
2668 4021 2888 4088 μᾶλλον,
2935 4027 3054 4085 τοῦ,
3091 4023 3148 4074 τὸ
3173 4021 3229 4074 ἓν
3266 4019 3404 4076 εἶναι
3433 4026 3492 4076 τὸ
3523 4027 3712 4096 κύριον
3746 4029 3943 4096 Ἀρχῆς

2376 4111 2475 4177 μὲν
2510 4111 2617 4176 γὰρ
2638 4111 2871 4177 σχῆμαῆ
2914 4111 3060 4170 τέλος
3095 4112 3173 4176 ἓν,
3204 4116 3303 4165 οὐκ
3339 4115 3602 4168 πλειόνων
3623 4120 3828 4187 κυρίων
3855 4123 3942 4185 γει

2373 4202 2504 4252 νοιτ’
2543 4204 2631 4266 ἂν,
2665 4202 2721 4253 ἓν
2749 4203 2803 4254 δὲ
2852 4205 3120 4273 κινήσεως
3180 4209 3465 4277 ποιητικὸν
3511 4212 3703 4274 αἴτιον,
3768 4213 3941 4263 εἵτοδν

2373 4291 2600 4360 πρώτως
2633 4295 2989 4348 διατακτικὸν
3023 4296 3117 4346 καὶ
3153 4298 3459 4351 διθυντικδν
3487 4299 3584 4352 τοῦ
3641 4303 3826 4367 αὑτοῦ,
3882 4303 3940 4354 ἓν

2369 4385 2428 4436 τὸ
2462 4386 2652 4454 κύριον
2683 4386 2741 4450 ἐξ
2763 4389 3009 4455 ἀνάγκης
3041 4390 3414 4444 ἀποδεικνύει.
3448 4393 3550 4442 Τὸν
3578 4395 3756 4445 τοίνυν
3817 4397 3935 4446 Ἐκο

2371 4478 2599 4547 κλησίαν
2629 4481 2993 4550 ὁμολογοῦντα
3035 4484 3184 4549 μίαν,
3221 4487 3318 4554 τὴν
3351 4488 3428 4547 είς
3465 4491 3643 4540 πάντα
3681 4489 3819 4556 μέρη
3841 4490 3934 4556 τῆς

693 4565 882 4633 λησας,
925 4569 1017 4618 καὶ
1053 4567 1125 4634 μὴ
1181 4570 1355 4631 καλῶς
1394 4573 1470 4640 τῷ
1524 4574 1652 4642 θείῳ
1701 4574 2054 4644 ὑπουργικῶς
2114 4581 2263 4649 θελήο
2297 4585 2339 4638 ο
2367 4574 2691 4642 οἰκουμένης
2715 4574 3199 4643 προὸιῦασθεῖσαν,
3223 4578 3314 4628 ἕνα
3331 4579 3394 4647 δὴ
3424 4581 3630 4645 καὶτῆς
3661 4583 3784 4647 ὅλης
3823 4583 3934 4633 Ἐκ-

694 4673 844 4722 ματι,
898 4659 1150 4719 κοινωνὸς
1183 4661 1230 4710 τ’
1257 4661 1469 4730 ἀδελφῷ
1506 4667 1714 4735 γενήσῃ
1768 4669 1876 4718 τῶν
1910 4668 2040 4720 ἴσων
2070 4670 2265 4739 ἀδικη-

696 4751 881 4815 μάτων
918 4752 1010 4801 καὶ
1032 4754 1331 4820 τιμωριῶν,
1370 4754 1441 4817 ὡς
1473 4756 1641 4819 είκὲς,
1691 4759 1798 4808 τῶν
1840 4759 2037 4812 αὐτῶν.
2081 4763 2155 4815 Οὐ
2192 4763 2263 4830 μὴ

694 4847 799 4910 γάρ
836 4844 1061 4907 δίκαιον,
1091 4846 1150 4896 ού
1176 4846 1230 4897 δὲ
1261 4847 1407 4900 ὅσιον
1459 4848 1489 4915 ἢ
1531 4850 1655 4909 τοὺς
1702 4851 1776 4918 μὴ
1820 4850 1918 4919 τὴν
1964 4852 2070 4905 τῶν
2133 4854 2264 4921 Χρι-

695 4935 923 4987 στιανῶν
959 4936 1150 4988 ἕνωσιν
1198 4939 1292 4990 καὶ
1337 4939 1593 5006 ὁμόνοιαν
1661 4941 2126 5011 ὑποδεχουμένους
2170 4947 2263 4998 καὶ

690 5029 1036 5093 πράσσοντας
1065 5029 1258 5096 μοίρας
1283 5029 1348 5080 ἂν
1388 5029 1596 5081 οἴεσθαι
1648 5036 1831 5100 τυχεῖν
1861 5035 1958 5101 τῆς
2017 5036 2261 5104 οὐρανῶν

693 5116 1048 5186 βασιλεῖας,ἢ
1091 5121 1314 5188 χάριτος
1368 5122 1687 5188 ἡστινοσοῦν
1746 5127 1896 5194 παρά
1952 5125 2045 5177 τοῦ
2101 5127 2253 5180 Θεοῦ.

694 5210 848 5259 ’Ἔστι
882 5212 984 5277 γὰρ
1051 5212 1123 5273 ὡς
1170 5212 1384 5280 ἀληθῶς
1431 5215 1527 5280 τῆς
1579 5217 1917 5282 Χριστιανῶν
1976 5220 2258 5281 εὐσεϐείας

686 5301 874 5368 ὥσπερ
924 5320 972 5352 τι
1005 5305 1284 5368 προοίμιον
1321 5306 1350 5372 ἡ
1383 5305 1473 5357 τοῦ
1505 5307 1648 5375 ἱεροῦ
1684 5309 1951 5375 συμϐόλου
1977 5313 2255 5378 ὁμολογία,

686 5387 802 5458 ὲνῷ
824 5395 949 5460 μίαν
983 5395 1350 5462 ὸμολογοῦέισεν
1384 5399 1541 5462 ἁγίαν
1577 5401 1667 5450 καὶ
1701 5402 1991 5470 καθολικὴν
2029 5405 2257 5474 Ἐκκλη-

686 5485 829 5536 σίαν.
865 5486 1079 5553 Ταύτην
1113 5489 1168 5538 δὲ
1198 5491 1328 5555 μίαν
1366 5491 1633 5558 ὑπάρχειν
1668 5493 1762 5561 οὐχ
1804 5491 1912 5546 οἷόν
1961 5514 2039 5558 τε,
2082 5498 2145 5549 ἂν
2184 5500 2256 5568 μὴ

682 5580 748 5629 sit
784 5577 1074 5644 σύμπαντα
1105 5581 1275 5649 αὐτῆς
1312 5583 1453 5648 μέρη
1501 5584 1604 5635 ὑπὸ
1641 5587 1770 5652 μίαν
1806 5589 2047 5658 τυγχάνῃ
2092 5608 2258 5658 κεφα-

679 5669 776 5737 ὶὴν
813 5671 961 5722 ὄντα.
1052 5674 1129 5733 Ης
1209 5675 1314 5742 ἄρα
1376 5677 1550 5738 ἄλλως
1604 5678 1890 5748 ὀρθοῦσης,
1952 5682 2253 5752 ἱθυνούσῃς,

681 5761 773 5810 καὶ
807 5761 924 5810 ἀντὶ
962 5760 1194 5826 Χριστοῦ
1225 5764 1312 5814 τοῦ
1359 5765 1527 5817 ἀϊδίου
1563 5767 1866 5835 ἀρχιερέως
1919 5771 2253 5839 προϊσταμέ-

680 5853 1183 5919 ντ,;,εκαστοε,ίτιξ›ι,ι
1242 5858 1331 5907 τού
1397 5859 1662 5926 μυστικοῦ
1730 5859 1981 5928 σώματος
2048 5864 2257 5932 μορίων

2371 4663 2600 4732 κλησίας
2630 4663 2865 4732 ἄρχοντα
2905 4664 3145 4716 τίθεσθαι
3173 4667 3271 4729 δεῖ,
3390 4669 3712 4736 πειθόμενος
3759 4673 3934 4724 πάντα

2367 4757 2456 4806 τον
2490 4756 2683 4824 χρόνον
2712 4755 2999 4822 annuat,
3033 4757 3125 4809 ἆτε
3165 4757 3227 4824 δὴ
3253 4758 3344 4808 ἐπὶ
3377 4760 3481 4825 γῆς
3510 4762 3622 4812 ὄντι
3667 4761 3781 4814 ἀντ’
3835 4763 3931 4813 ati-

2366 4845 2458 4897 τοῦ
2503 4847 2596 4898 τοῦ
2624 4847 2841 4898 πάντων
2866 4849 3070 4917 Κυρίου
3109 4848 3281 4915 Ἰησοῦ
3319 4851 3559 4919 Χριστοῦ
3621 4855 3714 4906 καὶ
3764 4856 3928 4906 ἀῖὸίου

2366 4939 2688 5006 ἀρχιερέως,
2723 4933 2766 5006 ᾧ
2800 4942 3004 5003 πάντας
3031 4940 3331 4993 ὑπακούειν
3364 4943 3583 5013 ἀνάγκη
3623 4948 3796 5000 πᾶσα.

2435 5022 2833 5098 Δεῖτοιγαροῦν
2862 5034 2986 5092 τοὺς
3021 5034 3078 5085 τὸ
3114 5034 3385 5101 σύμϐολον
3420 5036 3514 5087 καὶ
3542 5037 3672 5105 μίαν
3711 5038 3929 5105 Ἐκκληο

2369 5123 2486 5173 σίαν
2519 5124 2801 5190 ὁμολογεῖν
2826 5123 3132 5187 ἀξιοῦντας,
3171 5125 3265 5177 ἕνα
3293 5128 3392 5195 τῆς
3445 5128 3573 5196 ὅλης
3612 5130 3927 5199 Ἑκκλησὶας

2363 5213 2501 5267 εἶναι
2538 5218 2779 5284 ὑγεμόνα
2813 5217 3076 5286 νομίζειν,
3109 5211 3150 5283 ᾧ
3195 5220 3408 5282 πάντας
3441 5223 3725 5275 πείθεσθαι
3768 5225 3926 5290 ἀναγ-

2364 5310 2518 5360 καῖον
2546 5311 2651 5378 εἴη.
2703 5309 2791 5371 Ὠς
2813 5311 2883 5360 τά
2924 5327 2983 5362 τε
3016 5313 3292 5380 σχίσματα
3322 5314 3495 5366 ὁπόσα
3522 5315 3585 5384 δὴ
3618 5317 3708 5367 καὶ
3742 5317 3923 5383 γέγονε

2363 5399 2583 5450 πώποτε
2618 5401 2746 5468 περὶ
2790 5399 2888 5468 τὴν
2917 5400 3053 5452 Θεοῦ
3105 5402 3454 5470 Ἐκκλησίαν,
3484 5405 3778 5472 οὐδαμόθεν
3829 5407 3920 5459 ἄλο

2360 5492 2513 5544 λοθεν
2551 5493 2690 5559 πλὴν
2728 5494 2879 5561 παρά
2902 5495 3009 5545 τῶν
3045 5495 3118 5565 μὴ
3147 5495 3488 5564 βουλομένων
3522 5501 3662 5565 σφᾶς
3698 5500 3922 5551 ὑποτάσ-

2364 5602 2474 5635 σειν
2507 5587 2586 5636 ἐνὶ
2615 5587 2844 5656 ἡγεμόνι
2877 5589 3104 5657 τοιούτῳ
3134 5590 3411 5660 εἰσερρύη.
3454 5592 3578 5653 Τοῖς
3611 5611 3666 5643 τε
3699 5595 3798 5658 ἔξω
3841 5609 3918 5643 ποι

2365 5678 2686 5744 φερομένοις
2718 5694 2776 5727 τε
2816 5677 2910 5730 καὶ⁸
2943 5679 3356 5745 ἀφηνιάζουσιν.
3395 5683 3491 5733 οὐκ
3520 5684 3672 5734 ἔσται
3729 5683 3832 5734 οὖδ⁹
3889 5683 3917 5747 ἡ

2361 5769 2543 5819 τισοῦν
2581 5770 2821 5837 σωτηρία
2848 5787 2859 5799 ·
2898 5771 3091 5822 πολλοῦ
3124 5788 3182 5836 γε
3215 5774 3306 5824 καὶ
3367 5774 3464 5828 δεῖ.
3499 5775 3656 5826 Ὅσοι
3701 5777 3803 5843 γάρ
3846 5789 3920 5825 τοι

2360 5863 2419 5912 ιν
2448 5863 2507 5928 τῇ
2558 5861 2746 5931 Νίῖχνν
2791 5862 3014 5931 λάρνακι·
3084 5864 3154 5931 μὴ
3216 5865 3737 5931 ἐγκατακλείυντες
3802 5868 3915 5918 ίαν-
