4388 6460
391 429 523 492 19.05

1015 431 1325 492 NICOLAI
1363 435 1402 493 V
1472 433 1711 491 ΕΡΞόΊῖ
1758 433 2486 497 ADCONSTANTINUM
2534 442 2961 506 ΓΛΙΑΙΞΟΙΟΘ.

3493 446 3511 507 1
3525 447 3627 510 906

383 554 463 597 tra
493 542 788 599 Ecclesium
820 557 926 597 non
959 553 1040 598 est
1075 545 1262 601 salus:
1292 547 1382 614 qui
1416 559 1525 598 non
1559 543 1658 598 fuit
1711 545 1764 597 in
1815 560 1940 598 arca
1972 553 2014 608 Α
2049 548 2210 617 hique
2261 551 2574 618 peculiaris,
2661 554 2811 624 gravi
2872 554 3186 624 captivitate
3257 555 3442 624 punita
3524 570 3627 612 est-

379 635 514 708 Nco,
561 635 765 691 diluvio
793 635 1020 699 interiit,
1070 645 1123 689 et
1155 638 1373 706 gravius
1424 637 1611 706 punita
1643 646 1769 689 sunt
1807 636 1951 690 schi-

381 739 554 782 smata
614 742 775 798 quam
805 728 910 803 alia
943 743 1278 798 quaecunque
1309 738 1545 799 peccata.
1579 725 1712 780 Nam
1765 728 1816 780 in
1843 727 1949 781 Co-

380 835 456 885 re,
492 819 700 873 Dathan
762 829 816 874 et
845 819 1071 880 Ahiron,
1103 821 1194 890 qui
1240 820 1476 874 schisma
1507 820 1560 874 in
1610 819 1703 872 Dei
1754 817 1951 888 populo

381 912 553 966 moliti
607 922 756 977 sunt,
785 913 1004 983 gravius
1057 923 1109 966 et
1150 913 1396 968 severius
1425 912 1662 980 legimus
1707 912 1950 964 vindica-

379 1013 490 1058 tum
564 1019 724 1074 quam
757 1021 878 1060 cum
915 1007 980 1058 iis
1009 1006 1101 1072 qui
1134 1003 1491 1059 idololatriam
1541 1003 1947 1057 commiserunt.

449 1095 604 1152 Nunc
635 1114 786 1167 ergo,
817 1097 1162 1153 serenissime
1195 1096 1466 1166 princeps,
1503 1095 1715 1149 intuere
1749 1103 1947 1147 statum

379 1189 726 1259 prazsentium
760 1198 1083 1258 temporum,
1118 1196 1172 1241 et
1219 1186 1592 1240 animadverte
1640 1183 1946 1253 diligenter,

379 1296 487 1350 quo
520 1288 680 1349 pacto
716 1279 831 1332 lieri
863 1280 1063 1347 potuit,
1099 1287 1156 1332 ut
1205 1277 1385 1330 divina
1449 1274 1790 1345 providentia
1822 1283 1942 1327 tan-

381 1384 486 1428 tam
538 1374 812 1427 nationem
857 1372 958 1424 sub
1001 1383 1108 1423 uno
1157 1372 1506 1437 imperatore,
1555 1376 1665 1421 tam
1715 1365 1947 1420 eli‘nsum

380 1465 614 1520 habente
659 1463 967 1530 imperium,
1019 1475 1138 1530 qua:
1177 1461 1306 1514 olim
1355 1459 1652 1512 abundavit
1699 1460 1948 1514 innumeo

383 1557 639 1611 rabilibus
671 1553 1034 1610 sanctissimis
1087 1562 1140 1605 et
1175 1552 1508 1605 doctissimis
1541 1551 1687 1617 viris,
1721 1551 1775 1604 in
1808 1566 1947 1620 prae-

378 1649 674 1703 sentiarum
708 1646 774 1699 ad
808 1645 858 1699 id
887 1647 1118 1699 miseriae
1149 1644 1405 1698 devenire
1435 1644 1764 1712 pcrtniSerit,
1794 1654 1851 1697 ut
1877 1643 1947 1697 sit

376 1737 680 1791 miserrima
729 1735 970 1788 omnium
1035 1733 1321 1803 gentium;
1365 1734 1506 1801 quod
1562 1729 1799 1800 profecto
1839 1742 1943 1784 tam

377 1831 601 1885 evidens
664 1838 745 1883 est
809 1839 860 1880 ut
929 1828 1109 1897 negari
1161 1842 1270 1880 non
1319 1826 1508 1894 pessit.
1577 1824 1942 1896 luttlligemus

378 1922 644 1992 profecto,
679 1935 932 1985 magnum
974 1933 1093 1972 esse
1128 1918 1230 1971 hoc
1257 1917 1522 1986 sacrilegii
1575 1931 1768 1986 genus,
1801 1916 1943 1984 quod

377 2015 613 2067 divinam
661 2011 1002 2066 clementiam
1050 2009 1105 2062 in
1156 2017 1360 2062 tantam
1440 2009 1574 2060 iram
1619 2007 1946 2077 indignatio-

379 2121 608 2173 nenique
647 2103 958 2158 concitarit.
1004 2101 1068 2154 Et
1114 2101 1239 2170 quia
1286 2101 1634 2154 vehementer
1675 2099 1946 2167 angimur,
2001 2097 2013 2111 '

375 2198 636 2254 Graeciam
673 2209 887 2250 onmem
924 2207 988 2246 eo
1026 2187 1360 2263 perveniSse,
1394 2201 1453 2244 ut
1485 2190 1598 2245 fere
1633 2197 1798 2244 totam
1847 2189 1947 2242 ini-

378 2289 534 2344 micis
569 2289 747 2342 crncis
776 2284 984 2341 Christi
1031 2299 1222 2354 parere
1268 2299 1488 2337 necesse
1534 2281 1628 2336 sit.
1662 2280 1948 2335 Credimus

377 2398 462 2447 ea,
492 2396 613 2451 quae
641 2379 894 2440 dicimus,
936 2377 1009 2430 ita
1064 2375 1345 2429 serenitati
1401 2384 1504 2427 tuae
1551 2388 1671 2426 esse
1726 2382 1862 2435 nota,
1893 2383 1947 2424 ιιι

379 2473 594 2528 notiora
629 2472 742 2524 ﬁeri
771 2484 878 2522 non
909 2467 1136 2536 possint.
1164 2465 1412 2536 Magnum
1441 2473 1523 2518 est
1563 2465 1685 2524 |~0.:,
1717 2475 1770 2517 et
1798 2462 1949 2516 valde

379 2580 632 2636 magnum
679 2563 1037 2620 demeritum;
1090 2562 1233 2630 quod
1284 2560 1471 2613 divino
1526 2559 1730 2626 judicio
1791 2565 1949 2608 tantae

379 2659 607 2721 nationi,
644 2668 751 2711 tam
779 2655 1072 2725 praeclarae,
1100 2663 1207 2707 tam
1233 2651 1505 2721 gloriosae.
1542 2661 1645 2703 tam
1668 2651 1944 2707 diuturna.

380 2763 486 2807 tam
529 2751 709 2819 gravis
754 2746 1041 2816 captivitas
1091 2742 1290 2814 injecta
1337 2743 1426 2798 sit.
1473 2741 1616 2810 Ergo
1656 2741 1948 2808 aliquando

378 2843 727 2913 cogitandum
757 2849 859 2901 est,
893 2851 1140 2906 quaenam
1172 2834 1408 2904 potuerit
1439 2846 1556 2886 esse
1583 2845 1748 2886 causa
1787 2829 1946 2899 digna

379 2937 571 2991 horum
604 2932 891 2988 malorum.
925 2928 1152 2998 Propter
1175 2929 1284 2984 duo
1311 2926 1454 2981 enim
1480 2925 1712 2978 maxima
1734 2933 1947 2992 peccata

379 3042 512 3092 gens
547 3025 792 3086 Helirma,
828 3036 947 3091 qum
983 3029 1102 3073 erat
1133 3017 1361 3087 poliulns
1392 3030 1417 3066 a
1452 3013 1558 3066 Dun
1603 3013 1825 3071 electus,
1872 3009 1948 3063 si—

377 3204 504 3263 τοὺς
559 3196 984 3256 διασεσὼκασιν,
1054 3188 1200 3245 οὗτοι
1261 3189 1414 3242 ὕδασι
1483 3183 1948 3243 κατακλυσθέντες

379 3295 660 3348 ἀπώλοντο
693 3292 911 3352 πάντες,
946 3287 1042 3339 καὶ
1072 3284 1452 3355 χαλεπώτερον
1487 3282 1543 3333 δὲ
1603 3281 1671 3332 τά
1723 3279 1950 3331 τοιαῦτα

383 3385 658 3455 σχίσματα
696 3380 912 3442 κολάζει
943 3378 1096 3438 Θεὸς,
1125 3376 1155 3444 ἧ
1187 3375 1364 3426 ὁτιοῦν
1395 3373 1502 3424 τῶν
1537 3372 1713 3425 ἄλλων
1769 3370 1951 3438 ἁμαρ-

379 3479 659 3548 τημάτων.
695 3472 867 3542 Δῆλον
924 3471 1031 3538 γὰρ
1075 3471 1155 3521 ὃτι
1187 3469 1311 3529 τοὺς
1366 3467 1494 3533 περὶ
1552 3463 1751 3525 Δαθὰν,
1804 3460 1947 3530 Κορὲ

381 3571 473 3622 καὶ
519 3563 776 3632 Ἀδειρὼν
803 3562 1008 3630 σχίσμα
1066 3559 1162 3610 καὶ
1213 3556 1404 3608 στάσιν
1457 3553 1829 3621 πεποιηκότας
1889 3552 1947 3601 ὲν

380 3662 458 3727 τῷ
485 3658 598 3725 λαῷ
623 3656 710 3709 τοῦ
733 3654 893 3718 Θεοῦ,
917 3649 1311 3721 χαλεπωτέρως
1339 3646 1596 3713 ἐπεξῆλθε
1628 3644 1688 3696 τὸ
1725 3645 1864 3697 θεῖον
1915 3643 1944 3705 ἢ

380 3754 504 3813 τοὺς
538 3748 945 3816 εἰδωλολατρεῖν
972 3743 1230 3796 ἐπιϐαλλο
1239 3741 1454 3810 μένους.

457 3843 730 3912 Ἀθρησον
761 3837 878 3904 οὖν,
913 3831 959 3890 ὦ
991 3835 1357 3904 αὐτοκράτορ,
1381 3837 1479 3902 τὴν
1511 3831 1818 3901 παροῦσαν,
1872 3823 1947 3883 ὧν

384 3936 591 4005 ἄρχεις,
653 3934 843 4002 τύχην,
898 3930 990 3982 καὶ
1043 3929 1240 3996 σκέψαι
1307 3926 1441 3994 πρὶς
1508 3925 1642 3976 Θεοῦ
1678 3923 1946 3992 ἀκριϐῶς,

383 4028 494 4080 τίσι
527 4026 725 4094 δήποτε
753 4021 1147 4091 ἁμαρτήμασιν
1183 4018 1335 4078 ἔθνος
1359 4015 1681 4085 τηλικοῦτον
1713 4015 1802 4084 ὑφ’
1831 4016 1948 4076 ἑνὸς

382 4121 683 4189 ἀρχόμενον
712 4117 799 4168 ἀεὶ
841 4112 1270 4182 αὐτοκράτορος,
1335 4109 1550 4178 μυρίοις
1601 4110 1660 4160 το
1717 4106 1949 4177 πρόσθεν

385 4209 676 4264 εὐσθενοῦν
697 4210 1014 4270 δσιωτάτοις
1051 4207 1144 4259 καὶ
1175 4205 1508 4272 σοφωτάτοις
1539 4204 1818 4273 ἀνδράσιν,
1871 4201 1949 4262 είς

382 4301 542 4354 τοῦτο
587 4300 1009 4370 κακοῖαιμονίας
1036 4297 1298 4366 ὲληλυθδς
1333 4296 1573 4366 περιεῖδε
1608 4294 1759 4360 Θεὸς,
1809 4292 1948 4344 ὥστε

383 4392 521 4445 εἶναι
581 4391 674 4444 νῦν
729 4393 946 4445 πάντων
1003 4390 1181 4443 ἐθνῶν
1231 4387 1814 4455 κακοδαιμονέστατον.
1882 4386 1948 4436 Ἢ

383 4483 541 4553 δῆλον
576 4486 656 4536 ὅτι
686 4484 861 4535 έκεῖνο
896 4484 942 4534 τ’
976 4481 1283 4551 ἁμάρτημα
1326 4479 1606 4533 αἰτιᾶσθαι
1659 4476 1860 4547 χρεὼν,
1920 4476 1948 4528 ὂ

2057 638 2259 706 Primo,
2293 652 2514 711 propter
2549 643 2912 700 idololatriam
2965 661 2993 700 a
3027 647 3244 716 regibus
3285 648 3630 718 Assyriorum

2055 731 2244 787 decem
2297 735 2471 790 tribus
2521 736 2578 790 in
2627 737 2853 792 Mediam
2907 740 3182 793 translatae
3227 750 3387 804 sunt;
3436 740 3632 794 deinde

2058 839 2235 894 regem
2271 823 2408 879 Juda
2461 842 2584 881 cum
2619 828 2826 884 duabus
2881 829 3115 885 residuis
3167 830 3417 884 tribubus
3473 844 3628 900 reges

2055 914 2430 970 Chaldaeorum
2465 919 2516 970 in
2568 919 2896 991 Babylonem
2948 921 3244 984 deduxere,
3296 936 3416 990 quae
3456 935 3630 989 usque

2054 1007 2119 1060 ad
2153 1009 2492 1078 septuaginta
2521 1025 2692 1065 annos
2723 1013 2772 1064 in
2801 1013 3114 1081 captivitate
3160 1023 3496 1068 manserunt.
3534 1011 3629 1066 Se-

2053 1097 2254 1161 cundo,
2329 1109 2551 1168 prepter
2595 1102 2938 1171 sacrilegium
2992 1105 3133 1171 quod
3184 1103 3237 1156 in
3289 1103 3381 1157 Dei
3431 1103 3626 1156 Filium

2053 1189 2395 1244 incarnatum
2425 1193 2838 1260 commiserunt,
2887 1210 3010 1250 cum
3049 1213 3079 1250 a
3124 1197 3464 1267 principibus
3507 1195 3620 1248 Ro-

2053 1282 2227 1334 manis
2277 1279 2608 1350 Vespasiano
2639 1296 2691 1338 et
2737 1287 2880 1348 Tito.
2930 1285 3301 1353 Hierosolyma
3362 1289 3624 1342 subversa

2051 1380 2152 1435 est,
2187 1380 2242 1424 et
2290 1373 2471 1426 omnis
2531 1377 2678 1444 regio
2730 1374 2914 1430 Judsea
2950 1381 3002 1430 in
3038 1375 3408 1430 Romanorum
3461 1375 3626 1428 ditio-

2050 1476 2172 1516 nem
2216 1464 2476 1518 translata
2519 1477 2628 1529 ρει,
2679 1467 2750 1519 ita
2789 1477 2845 1520 ut
2878 1469 3081 1522 nationi
3119 1467 3217 1530 illi,
3245 1465 3486 1522 universi
3533 1482 3623 1520 or-

2053 1553 2131 1608 bis
2167 1571 2338 1625 usque
2375 1557 2425 1610 in
2462 1559 2603 1611 hunc
2649 1561 2790 1612 diem
2843 1560 3093 1613 eXsiliutn
3129 1561 3480 1614 concedatur.

2125 1644 2189 1698 Et
2211 1646 2322 1701 hac
2350 1650 2412 1702 de
2433 1647 2562 1704 Hebr
2579 1651 2691 1704 agis.
2710 1650 2922 1704 Graacos
2942 1662 3144 1712 autem,
3163 1662 3446 1720 postquam
3469 1651 3625 1703 iidem

2049 1738 2371 1793 catholicam
2391 1755 2701 1810 suscepere,
2718 1757 2817 1797 nec
2839 1744 2903 1798 ad
2929 1743 3284 1798 idololatriam
3330 1744 3631 1799 declinasse

2054 1829 2314 1891 videmus,
2334 1831 2496 1884 necin
2517 1833 2606 1886 Dei
2628 1833 2819 1886 Filium
2842 1850 2905 1888 ea
2925 1836 3128 1904 piacula
3148 1835 3632 1907 c0znmisisse,qui-

2053 1922 2153 1975 bus
2179 1922 2230 1974 in
2259 1921 2558 1978 Turcarum
2583 1926 2947 1994 captivitatem
2977 1931 3156 1982 divina
3200 1930 3404 1984 ultione
3434 1944 3624 1998 perve-

2054 2016 2256 2069 nerint.
2291 2016 2430 2086 Ergo
2461 2018 2648 2072 subest
2680 2019 2825 2072 aliud
2853 2020 3117 2087 Sacrilegii
3149 2034 3336 2089 genus,
3371 2019 3513 2087 quod
3542 2019 3626 2073 di-

2052 2106 2176 2158 vina
2205 2107 2414 2175 jusutia
2453 2108 2776 2176 impunitum
2830 2125 2950 2164 esse
3005 2128 3111 2164 non
3163 2113 3315 2165 sinit.
3372 2113 3485 2168 Nec
3533 2115 3621 2166 dio

2049 2197 2281 2267 ligenter
2358 2200 2783 2267 inquirentibus,
2855 2212 3114 2271 quantum
3175 2204 3352 2257 cordis
3408 2205 3629 2258 humani

2050 2292 2224 2344 valeat
2283 2292 2570 2346 inﬁrmitas
2628 2294 2858 2356 intueri,
2910 2294 3035 2348 licet
3100 2296 3418 2366 intelligere,
3486 2296 3626 2351 hanc

2051 2385 2418 2453 Czlptitilatem
2453 2400 2558 2438 non
2586 2385 2801 2439 aliunde
2827 2385 3146 2456 profectam,
3176 2403 3335 2455 quam
3361 2403 3424 2442 ex
3475 2397 3629 2441 reatu

2055 2480 2150 2531 St'ii
2178 2479 2395 2542 smatis,
2425 2478 2568 2542 quod
2610 2487 2833 2532 auctore
2881 2477 3100 2546 Photio,
3135 2490 3372 2547 tempore
3419 2477 3628 2533 Nicolai

2061 2570 2272 2639 primi,
2319 2571 2552 2636 sumpsit
2624 2569 2908 2624 exordium
2949 2609 2963 2630 ,
3013 2581 3061 2624 et
3120 2585 3362 2639 eousque
3423 2571 3630 2624 invete-

2055 2672 2227 2714 ratum
2281 2671 2382 2723 εει,
2417 2670 2475 2713 ut
2534 2674 2706 2729 usque
2742 2660 2808 2713 ad
2877 2670 3118 2729 tempora
3169 2660 3270 2714 ista
3301 2659 3627 2729 pervenerit.

2054 2749 2309 2805 Dolenter
2359 2761 2412 2804 et
2484 2751 2643 2804 anxie
2697 2751 2798 2805 ista
2855 2750 3203 2820 proferimus,
3258 2762 3312 2805 et
3371 2751 3632 2805 vrllemus

2053 2853 2254 2896 naterno
2293 2845 2552 2896 damnare
2606 2843 2842 2896 silentio.
2903 2841 3101 2897 Verum
3155 2844 3198 2898 si
3250 2858 3472 2913 operam
3519 2859 3633 2897 me-

2057 2933 2289 2986 dicantis
2339 2942 2624 3003 exspectas
2652 2973 2666 2998 ,
2712 2941 2926 3002 oportet
2980 2943 3037 2986 ut
3067 2934 3257 2990 vulnus
3298 2945 3446 2988 tuum
3483 2936 3634 2988 deteo'

2055 3040 2167 3092 gas.
2206 3026 2342 3079 Ecce
2372 3026 2476 3094 jam
2510 3025 2618 3078 fere
2647 3025 2929 3095 quingenti
2963 3025 3088 3078 anni
3114 3026 3396 3090 transiere,
3427 3039 3489 3078 ex
3521 3041 3632 3095 quo

2058 3209 2280 3277 Πρῶτον
2317 3208 2413 3277 μὲν
2441 3208 2549 3278 γὰρ
2573 3210 2640 3262 δι’
2681 3210 3132 3280 εἰδωλολατρεὲαν
3164 3213 3218 3264 ai
3269 3213 3400 3264 δέκα
3458 3215 3627 3282 φυλαὶ

2054 3303 2166 3362 τοῖς
2197 3301 2508 3370 Ἀσσυρίοις
2535 3302 2876 3370 αἰχμάλωτοι
2908 3303 3240 3371 ἀπήχθησαν
3275 3305 3353 3366 είς
3381 3305 3616 3373 Μηδίαν,

2054 3394 2146 3444 καὶ
2182 3394 2305 3452 τοὺς
2340 3392 2580 3460 βασιλεῖς
2608 3393 2780 3445 Ἰούδα
2808 3394 2945 3460 μετὰ
2988 3395 3135 3447 δυοῖν
3163 3398 3283 3448 ταῖν
3312 3396 3628 3448 ὑπολοίποιν

2052 3484 2243 3551 φυλαῖν
2285 3484 2545 3536 Χαλδαῖοι
2583 3486 2962 3554 αἰχμαλώτους
3011 3489 3090 3549 είς
3148 3487 3442 3542 Βαϐυλῶνα
3488 3489 3632 3557 ἀπή-

2051 3593 2240 3643 γαγον.
2266 3576 2376 3628 Καὶ
2401 3575 2640 3644 διέμεινε
2672 3577 2734 3628 τὸ
2783 3577 2936 3638 ἔθνος
2973 3577 3224 3630 δουλεῦον
3257 3580 3430 3642 οὕτως
3477 3579 3626 3648 €650-

2054 3669 2294 3735 μήκοντα
2350 3667 2467 3736 ἔτη.
2532 3669 2766 3721 Ἔπειτα
2815 3670 2858 3721 δ’
2910 3670 3052 3737 ἅπερ
3089 3675 3167 3732 εἷς
3225 3672 3314 3723 τὸν
3361 3673 3454 3725 τοῦ
3488 3672 3622 3724 Θεοῦ

2051 3760 2166 3811 υἱὸν
2197 3757 2412 3827 Ἰησοῦν
2442 3759 2720 3828 ἠσέϐησαν
2765 3778 2824 3812 τε
2857 3764 2948 3814 καὶ
2983 3762 3241 3832 ὒῦριταν,
3283 3765 3620 3834 αἰχμάλωτοι

2052 3852 2289 3920 γίνονται
2340 3853 2521 3915 πάλιν,
2549 3853 2710 3920 ἥνικα
2741 3855 3146 3916 Οὐεσπασιανὸς
3179 3855 3272 3908 καὶ
3295 3856 3449 3917 Τίτος
3491 3854 3617 3908 Ῥωο

2054 3943 2229 4009 μαὶων
2258 3942 2558 4008 στρατηγοὶ
2595 3941 2732 3994 κατὰ
2758 3943 2959 4009 κράτος
2994 3943 3211 4007 ἑλόντες
3241 3945 3617 4013 κατέσκαψαν,

2053 4033 2148 4084 καὶ
2191 4030 2488 4100 σύμπασαν
2513 4033 2610 4100 τὴν
2655 4032 2931 4087 Ἰουδαίων
2977 4034 3161 4104 χώραν
3203 4035 3469 4105 ἐποίησαν
3517 4035 3621 4087 ὑπὸ

2051 4122 2178 4184 τοὺς
2220 4123 2544 4191 Ῥωμαίους.
2580 4124 2688 4176 Καὶ
2717 4124 2785 4176 τὰ
2810 4128 2909 4194 τῆς
2943 4126 3336 4195 αἰχμαλωσίας
3376 4128 3440 4196 δὴ
3491 4128 3621 4180 ταύ-

2053 4232 2152 4285 της
2181 4214 2334 4268 οὔπω
2377 4215 2579 4285 ἔσχηκε
2639 4217 2836 4286 πέρας,
2893 4217 3008 4270 ἀλλ’
3044 4218 3123 4271 ἔτι
3159 4221 3309 4272 πᾶσα
3351 4222 3383 4286 ἡ
3437 4223 3620 4272 οἰκου-

2058 4306 2192 4374 μένη
2215 4305 2379 4368 τόπος
2408 4305 2588 4374 φυγῆς
2621 4323 2680 4358 τε
2709 4308 2802 4360 καὶ
2838 4308 3047 4379 πλάνης
3078 4310 3457 4364 ἀποδέδεικται
3489 4313 3623 4363 ἰουο

2053 4397 2218 4449 δαίων
2243 4397 2318 4466 τῷ
2351 4398 2515 4450 ἔθνει.

2123 4487 2203 4540 Τὰ
2249 4488 2434 4558 μὲνδὴ
2488 4489 2598 4542 τῶν
2666 4490 2934 4560 Ἐϐραίων
2979 4493 3169 4554 οῦτως.
3224 4495 3488 4562 ’Έλληνας
3543 4497 3620 4563 δὲ,

384 4573 616 4642 φανερὸν
641 4572 833 4635 οὕτως,
862 4571 933 4634 ὡς
979 4570 1183 4641 μηδένα
1216 4570 1281 4624 ἂν
1311 4570 1454 4639 ἔχειν
1502 4569 1668 4636 φάναι
1720 4569 1949 4620 ὑπενανο
1980 4589 2026 4647 D
2053 4578 2245 4648 ἐπειδὴ
2278 4580 2377 4648 τὴν
2424 4582 2825 4652 εὐσεβεστάτην
2876 4585 3126 4648 ἐδέξαντο
3198 4589 3406 4652 πίστιν,
3462 4590 3620 4642 οὐδὲν

383 4665 494 4718 τία.
528 4664 637 4717 Καὶ
667 4662 922 4733 μέγιστον
945 4657 1053 4730 ἆρα
1085 4660 1242 4713 τοῦτό
1271 4677 1333 4728 γε
1369 4659 1730 4729 ὑποληπτέον,
1787 4659 1948 4710 ὁπότε

384 4757 474 4808 τὸν
503 4755 913 4808 ἐπιεικέστατον
942 4755 1110 4806 πᾶσιν
1142 4752 1454 4821 ἀνθρώποις
1488 4751 1643 4817 Θεὸν,
1669 4751 1747 4813 είς
1779 4750 1950 4820 ὀργὴν

385 4846 720 4918 τηλικαύτην
767 4844 1142 4916 παροξυμένον
1197 4844 1434 4914 ὁρῶμεν,
1492 4843 1626 4911 δῆλα
1679 4843 1734 4894 δὲ
1778 4842 1951 4895 ταῦτὰ

386 4955 466 4990 τοι
501 4937 732 5006 μάλιστα
764 4935 894 4988 δντα
937 4936 1214 5004 τυγχάνει.
1269 4934 1399 5002 Είγε
1449 4933 1542 4986 νῦν
1605 4935 1869 5002 σύμπασα
1918 4936 1950 5002 ἡ

399 5027 586 5088 Ἑλλὰς
624 5028 715 5078 καὶ
749 5027 846 5078 ὅσα
885 5025 1069 5093 σχεδόν
1093 5043 1144 5078 τι
1190 5025 1460 5094 πρότερον
1524 5025 1660 5078 ἄλλα
1703 5025 1806 5076 ὑπὸ
1860 5025 1949 5076 τὸν

388 5114 764 5182 αὐτοκράτορα
789 5109 876 5180 ἦν,
915 5115 995 5176 είς
1036 5113 1194 5166 τοῦτο
1246 5116 1416 5183 τύχης
1467 5113 1748 5182 ἐλήλυθεν,
1810 5113 1950 5166 ὥστε

389 5201 660 5253 δουλεύειν
689 5201 1028 5254 ἐλεεινότατα
1081 5205 1192 5264 τοῖς
1260 5203 1355 5255 τοῦ
1425 5203 1660 5272 Χριστοῦ
1714 5205 1947 5272 ἐχθροῖς.

387 5296 633 5360 Μέγεθος
663 5294 739 5363 τῷ
762 5296 876 5347 δντι
904 5295 1098 5360 κλκοῦ,
1127 5295 1218 5348 καί
1249 5313 1332 5358 τις
1390 5298 1663 5365 ὑπερϐολὴ
1696 5299 1950 5366 άμαρτὰο

387 5383 496 5447 δος,
515 5385 670 5451 γένος
709 5385 1000 5455 Ἑλλήνων,
1025 5387 1088 5438 τὸ
1106 5387 1274 5456 πάλαι
1292 5389 1430 5457 μέγα
1466 5391 1550 5440 καὶ
1579 5388 1808 5454 ἔνδοξον,
1833 5388 1951 5441 δοῦ-

388 5474 477 5526 λον
504 5473 646 5527 οῦτω
681 5474 979 5545 βαρϐάροις
1012 5481 1155 5532 κατὰ
1181 5478 1338 5548 δίκην
1374 5481 1725 5532 ἀποδείκνυσι
1775 5481 1948 5536 θείαν.

391 5566 780 5618 Ἐπισκεπτέον
827 5566 916 5620 οὖν
975 5570 1093 5620 τίνα
1144 5571 1251 5622 τῶν
1299 5570 1486 5623 κακῶν
1544 5572 1746 5623 τούτων
1802 5571 1951 5636 ἄξιον

389 5659 557 5727 φαίην
584 5659 783 5713 αἰτίαν.
820 5660 893 5711 Τὸ
922 5665 1019 5728 μέν
1068 5663 1176 5730 γὰρ
1213 5662 1480 5730 Ἐϐραίων
1529 5667 1682 5731 γένος
1738 5663 1764 5713 ὁ
1819 5665 1950 5724 Θεὸς

389 5751 514 5802 λαὸν
549 5750 724 5820 ἑαυτῷ
759 5752 1070 5819 ἐπελέξατο,
1101 5755 1194 5807 καὶ
1231 5755 1304 5818 ὠς
1361 5756 1489 5809 ίδιον
1528 5757 1779 5824 σύστημα
1814 5757 1949 5825 ἔχων

390 5841 584 5911 ίφίλειν
639 5843 730 5896 δύο
785 5845 849 5896 τὰ
908 5847 1136 5914 μέγιοτα
1190 5850 1506 5922 ﬂung-.755;
1555 5850 1709 5920 δίκην
1759 5851 1944 5909 ἔδωκε,

2052 4672 2440 4742 ἡμαρτηκότας
2471 4675 2687 4744 ὁρῶμεν
2707 4676 2968 4744 τοιοῦτον,
3009 4679 3132 4734 οὔτε
3170 4683 3277 4750 γάρ
3309 4686 3382 4745 εἰς
3413 4685 3627 4736 εἰδωλο-

2054 4764 2309 4830 λατρείαν
2337 4767 2445 4817 οἵδε
2478 4769 2780 4821 ἀπέκλιναν
2815 4771 3097 4834 οὐδέποτε,
3129 4773 3190 4825 οὔ
3205 4791 3253 4826 τε
3310 4793 3362 4827 τι
3413 4777 3494 4837 είς
3530 4777 3622 4828 τὸν

2053 4854 2144 4908 τοῦ
2171 4855 2305 4906 Θεοῦ
2337 4855 2452 4908 υἱὸν
2510 4858 2696 4923 ὅμοιον
2759 4861 3292 4934 πεπλημμεληκότες
3339 4868 3444 4918 εἰσί
3485 4885 3498 4898 ο
3557 4867 3624 4920 δι’

2053 4946 2189 5015 ὅπερ
2213 4949 2458 5014 καὶοίητ¹
2492 4949 2555 5001 ἄν
2589 4968 2670 5011 τις
2703 4953 3075 5023 αἰχμαλώτοις
3120 4957 3271 5026 παρὰ
3321 4959 3460 5011 Θεοῦ
3511 4963 3623 5023 τοῖς

2057 5037 2351 5107 βαρίάροις
2377 5041 2793 5108 παραδεδόσθαι.
2827 5044 2891 5096 Τί
2929 5042 3025 5099 οὗν
3076 5048 3389 5112 ἀδικοῦντες
3438 5054 3621 5106 ἐκεῖνα

2055 5131 2372 5198 πάσχουσι;
2457 5133 2550 5184 καὶ
2626 5134 2814 5187 τίποτε
2873 5137 3317 5210 ἐξημαρτηκότες
3379 5144 3476 5214 τὴν
3527 5145 3620 5198 τοῦ

2052 5219 2187 5272 Θεοῦ
2225 5221 2401 5288 ψῆφον
2427 5224 2506 5284 είς
2565 5228 2836 5293 τιμωρίαν
2870 5231 3022 5296 σφίσι
3070 5231 3384 5301 δεινοτάτην
3434 5234 3623 5297 eisn-

2053 5311 2279 5363 λέσαντο
2309 5329 2321 5377 ;
2352 5313 2382 5382 ἢ
2419 5313 2576 5366 οὐθεν
2599 5316 2830 5370 καθόσον
2848 5313 2960 5372 οἷον
2996 5322 3056 5373 τὸ
3108 5325 3310 5392 σχίσμα
3366 5327 3620 5396 ἁμάρτη-

2058 5418 2165 5469 μα;
2200 5403 2429 5472 Σχίσμα-
2455 5405 2619 5472 λέγω,
2653 5401 2712 5460 οὗ
2737 5409 2908 5472 αίτιος
2943 5412 3042 5478 μὲν
3086 5417 3202 5483 περ’.
3242 5415 3335 5484 τὴν
3357 5415 3448 5467 τοῦ
3482 5419 3617 5470 Θεοῦ

2067 5494 2393 5563 Ἐκκλησίαν
2424 5498 2450 5548 ὁ
2485 5498 2688 5562 Φώτιος
2719 5503 3067 5572 πατριάρχης
3101 5506 3618 5560 Κωνσταντινουπό-

2053 5587 2188 5649 λεως
2246 5591 2337 5639 ἐπὶ
2395 5589 2666 5644 Νικολάου
2746 5595 2966 5663 πρώτου
3047 5599 3264 5668 Ῥώμης
3316 5602 3618 5670 ἀρχιερέως

2053 5677 2290 5744 ἐγένετο.
2320 5680 2569 5748 Διέμεινε
2593 5683 2648 5737 δὲ
2685 5683 2859 5747 οὕτως
2916 5688 3009 5740 ἐπὶ
3066 5690 3223 5753 πολὺ,
3288 5690 3426 5744 ὥστε
3481 5696 3618 5762 μηδὲ

2055 5765 2176 5818 καθ’
2206 5769 2350 5836 ἡμᾶς
2379 5769 2484 5834 ἔξω
2521 5771 2615 5824 τοῦ
2669 5775 2916 5829 τοιούτου
2948 5783 3123 5834 κακοῦ
3174 5783 3243 5835 τὰ
3287 5788 3614 5853 χριστιανὼν

2058 5853 2218 5913 εἶναι.
2267 5859 2460 5928 Ἠμεῑς
2493 5863 2591 5931 μὲν
2625 5866 2802 5920 τοίνυν
2836 5871 3143 5940 περιαλγῶς
3174 5891 3229 5926 τε
3270 5876 3359 5928 καὶ
3394 5877 3612 5946 ἐοὺμως
