4388 6460
399 454 531 515 19.0)

1030 441 1335 506 NICOLAI
1378 443 1419 502 ν
1449 403 1691 498 Ἐιιιετ.
1741 427 2480 493 au'coNsTAN'rtNUit
2532 422 2972 485 PAl..EOl.OG.

3504 416 3641 477 12ὶο

396 577 472 622 int
507 565 632 617 :tntti
665 559 934 615 transiere
956 599 971 624 ,
1005 571 1071 610 ex
1105 569 1212 623 quo
1245 553 1347 606 ista
1379 550 1517 604 facta
1547 557 1691 611 sunt,
1715 557 1767 600 et
1789 554 1965 597 tamen
1999 547 2042 600 Α
2071 541 2241 595 danda
2265 583 2277 604 ,
2311 542 2505 607 quitus
2552 549 2603 592 ct
2659 539 2817 592 saluti
2872 548 3066 588 vestrm
3111 544 3163 587 tl
3214 533 3407 586 honori
3451 543 3642 587 nostro

393 657 532 726 apud
562 654 779 709 Graecos
809 649 1028 703 unionis
1064 642 1375 713 huiusmodi
1432 641 1710 695 decretum
1741 634 1958 688 silentio

396 723 613 815 tegitur.
649 747 759 801 Nec
819 743 926 796 ulla
979 754 1101 808 spes
1151 737 1326 790 elucet
1373 732 1680 785 animorum
1713 768 1727 792 ,
1757 726 1851 794 qui
1899 723 1966 778 ad

396 843 538 895 hanc
569 838 821 892 unionem
845 827 1275 901 amplectendam
1306 822 1557 892 dispositi
1587 835 1712 876 esse
1747 817 1971 871 videan-

401 942 508 986 tur.
540 930 745 982 Dantur
776 923 1016 994 quotidie
1064 920 1376 979 dilationes,
1409 923 1460 967 et
1497 912 1698 966 eaedem
1740 921 1968 962 excusa-

401 1024 573 1078 tiones
609 1020 826 1090 penitus
892 1014 1252 1070 inducuntur,
1298 1020 1365 1059 ne
1405 1004 1627 1058 credant
1657 1000 1824 1056 Grteei
1868 998 1972 1051 llo-

400 1087 626 1164 manuni
677 1106 1004 1176 pontificem,
1041 1109 1094 1153 et
1128 1111 1341 1151 onmem
1385 1092 1768 1147 occidentalem
1795 1087 1974 1140 Eccle-

403 1203 537 1255 siam
581 1217 594 1265 ;
630 1199 701 1251 ita
739 1196 882 1250 enim
913 1191 1290 1259 intellegimus,
1316 1185 1518 1239 lumine
1546 1197 1663 1236 esse
1713 1181 1968 1247 privatos,

401 1291 542 1360 quod
571 1304 679 1341 non
712 1284 1011 1352 intelligant
1038 1278 1184 1349 quod
1235 1277 1288 1330 in
1324 1276 1421 1328 hac
1450 1273 1710 1327 dilatione
1744 1283 1970 1337 respon-

402 1384 616 1436 sionum
649 1391 871 1431 suarum
915 1373 1079 1427 verba
1118 1369 1469 1438 pertendant.
1517 1364 1850 1430 lntclliguit,
1880 1361 1970 1412 sed

402 1474 653 1534 tolerant,
683 1471 954 1520 intuentes
980 1464 1258 1515 Dominum
1289 1458 1469 1512 .lesum
1501 1456 1774 1510 Christum
1820 1461 1975 1504 mter-

400 1580 524 1618 num
574 1559 910 1619 Pontiﬁcem,
932 1554 1021 1623 qui
1051 1552 1332 1606 ficulneam
1362 1549 1750 1602 infructuosam
1789 1545 1861 1611 (1)
1887 1557 1974 1594 ar-

402 1657 583 1708 borem
617 1665 784 1717 usque
817 1650 867 1699 in
901 1644 1117 1699 tertium
1165 1653 1367 1694 annum
1391 1637 1594 1693 servari
1636 1634 1816 1703 jussit,
1850 1648 1970 1686 cum

401 1739 577 1794 cultor
625 1737 772 1789 illius
795 1741 1021 1803 pr0pter
1053 1728 1390 1782 sterilitatem
1414 1735 1637 1792 cuperet
1683 1721 1969 1787 amputari.

473 1832 612 1899 Ergo
642 1827 921 1882 serenitati
961 1833 1065 1876 tuae
1103 1822 1204 1873 hoc
1259 1819 1513 1871 volumus
1569 1829 1688 1867 esse
1741 1827 1972 1880 respon-

2073 635 2277 702 pariter
2318 633 2646 686 consulatur.
2683 631 2749 683 Et
2802 638 2858 681 ut
2914 627 3038 681 huic
3080 629 3156 680 rei
3204 627 3310 680 tale
3354 624 3638 679 exordium

2072 725 2260 782 dones,
2295 722 2435 791 quod
2477 732 2621 776 certa
2656 728 2915 774 secutura
2955 711 3287 782 credamus:
3303 716 3557 770 volumus
3583 723 3643 768 ut

2073 817 2436 885 patriarcham
2470 812 3131 880 ConstantinOpolitanum
3165 811 3228 863 ad
3270 810 3454 864 sedem
3485 821 3639 862 suam

2075 921 2216 960 νει-οι
2236 921 2316 969 es,
2343 904 2614 973 faciasque
2643 904 2740 956 sibi
2772 905 2835 956 ab
2864 902 3114 956 omnibus
3160 901 3317 954 talem
3352 909 3406 953 et
3437 908 3643 954 tantam

2076 996 2537 1055 reverentiam.ct
2581 996 2942 1049 oledientiam
2983 993 3252 1058 exhiberi,
3287 1005 3406 1061 quae
3448 990 3644 1044 merito

2076 1103 2184 1141 sure
2214 1087 2510 1155 pontiﬁcali
2577 1087 2882 1140 auctoritati
2945 1090 3101 1139 debet
3152 1083 3432 1153 impendi:
3480 1082 3553 1134 ita
3588 1091 3646 1135 ut

2077 1195 2181 1232 non
2217 1179 2459 1244 ahjccws
2506 1179 2783 1240 sacerdos,
2836 1178 2930 1231 sed
2988 1190 3150 1230 verus
3202 1174 3459 1229 Ecclesiae
3503 1173 3647 1227 Conv

2079 1272 2571 1337 stantinopolitaum
2603 1270 2912 1338 patriarcha
2944 1261 3224 1333 teneatur;
3257 1283 3356 1322 nec
3399 1269 3453 1321 in
3484 1265 3646 1336 spiri-

2079 1363 2313 1416 tu..libus
2338 1363 2450 1416 sine
2472 1364 2589 1432 ejus
2610 1378 2876 1417 consensu
2907 1371 2961 1416 et
2983 1361 3306 1415 auctoritate
3328 1360 3640 1429 quisquam,

2076 1470 2397 1523 quacunque
2428 1455 2736 1524 praefulgeat
2783 1457 3077 1524 dignitate,
3113 1453 3408 1522 quidquam
3473 1461 3646 1505 atten-

2077 1555 2191 1599 tare
2221 1556 2526 1610 praesumat.
2563 1545 2677 1613 lpse
2705 1546 2933 1599 clericos
2977 1553 3032 1598 et
3076 1543 3290 1597 ordinet
3349 1549 3443 1594 aut
3495 1540 3642 1595 ordi-

2077 1638 2190 1691 nari
2247 1636 2429 1700 faciat,
2457 1639 2570 1707 ipse
2605 1638 2785 1692 omnia
2833 1636 3118 1689 ministerii
3168 1633 3493 1703 pontiﬁcalis
3523 1630 3644 1686 olli-

2077 1729 2156 1780 cia
2194 1730 2244 1781 in
2279 1729 2497 1782 civitate
2533 1737 2588 1782 et
2624 1729 2843 1782 dioecesi
2875 1727 2973 1780 sibi
3010 1726 3252 1780 vindicet
3299 1742 3313 1780 :
3355 1723 3646 1792 nullusque

2080 1821 2548 1883 Ordinatiouibus,
2604 1834 2738 1888 quas
2791 1819 2938 1886 justa
2989 1817 3281 1872 canonicas
3336 1816 3648 1871 sanctiones

401 1939 540 1979 sum.
600 1919 704 1973 Nos
784 1917 951 1971 etiam
1027 1910 1465 1966 dissimulaturos
1494 1947 1508 1972 ,
1553 1919 1838 1973 quousque
1890 1903 1974 1954 his
2011 1895 2050 1950 Β
2084 1929 2134 1965 με

1911 1904 1974 1953 ιίε
2011 1895 2050 1950 Β
2084 1929 2295 1979 semper
2324 1913 2541 1979 prodire
2603 1911 2952 1976 conﬁdimus,
2981 1910 3261 1964 contraire
3319 1911 3641 1977 praasumat.

403 2018 596 2072 litteris
626 2032 652 2068 a
692 2025 742 2067 te
783 2011 1206 2076 intelligeremus
1249 2018 1368 2057 esse
1424 2014 1789 2067 responsum;
1818 2007 1870 2049 et
1910 1995 1954 2047 si

402 2110 614 2163 saniore
652 2120 779 2158 usus
799 2102 1026 2156 consilio
1056 2113 1176 2151 cum
1209 2095 1522 2165 proceribus
1547 2092 1743 2151 tuis,et
1772 2085 1971 2155 populo

400 2195 1016 2264 Constantinopolitano
1071 2190 1293 2242 dccretu
1320 2202 1348 2237 ιι
1407 2185 1622 2236 unionis
1687 2179 1960 2246 amplexa-

405 2293 570 2352 Iieris,
606 2286 829 2342 habebis
863 2299 979 2347 nus,
1020 2289 1076 2334 et
1129 2275 1469 2332 \ettCt'ai)iiCS
1521 2273 1710 2325 fratres
1755 2278 1968 2324 nostros

404 2397 603 2440 sanctae
640 2380 894 2432 Romanae
921 2372 1173 2428 Ecclesia:
1199 2370 1501 2424 cardinales
1532 2406 1546 2430 ,
1570 2380 1689 2419 cum
1716 2363 1968 2415 universa

406 2459 736 2527 Occidentali
772 2466 1041 2529 Ecclesia,
1071 2462 1264 2516 honori
1320 2471 1430 2522 tuo,
1454 2470 1506 2510 et
1542 2455 1702 2510 statui
1757 2466 1969 2520 semper

407 2565 681 2616 intentos:
707 2561 789 2612 sin
835 2566 1016 2609 autem
1046 2553 1264 2606 unionis
1302 2550 1578 2602 decretum
1611 2561 1732 2600 cum
1774 2542 1969 2613 p0pulo

406 2659 680 2722 suscipi-re
713 2647 1069 2711 recusaveris,
1106 2643 1397 2710 compelles
1427 2654 1524 2691 nos
1584 2641 1648 2690 ad
1691 2651 1752 2689 ea
1788 2633 1970 2704 provi-

401 2855 458 2890 τε
491 2836 584 2889 καὶ
608 2836 871 2894 ὲνὼσεως.
913 2826 1201 2880 Ἀναὸολαὶ
1263 2826 1370 2892 γᾶρ
1422 2823 1602 2882 αὑτοῖς
1653 2822 1736 2871 ἐπ’
1775 2819 1968 2871 ἀναϐο-

400 2929 519 2988 λαῖς
541 2927 625 2977 ἀεὶ
656 2928 961 2990 γίγνονται,
999 2920 1090 2970 καὶ
1125 2916 1426 2986 προφάσεις
1458 2931 1512 2964 τε
1550 2913 1640 2963 καὶ
1688 2910 1966 2974 ἀπολογίαι

401 3021 452 3071 at
485 3017 643 3069 αὑταὶ
674 3013 1017 3066 παντάπασιν
1045 3008 1128 3076 ἐφ’
1159 3009 1430 3066 ἑκάστοις,
1486 3004 1576 3072 Μὴ
1609 3003 1713 3072 γὰρ
1741 3001 1966 3054 οἰέσθω-

403 3129 500 3164 σαν
528 3107 818 3175 Ἕλληνες,
854 3103 995 3156 οὑτω
1027 3101 1222 3162 παντὸς
1253 3097 1541 3165 στέρεσθαι
1574 3095 1694 3147 νοῦν
1747 3094 1836 3147 τὸν
1868 3093 1967 3159 τῆς

411 3205 630 3273 Ῥώμης
660 3197 944 3271 ἀρχιερέα,
987 3196 1077 3246 καὶ
1119 3196 1297 3245 πᾶσαν
1323 3192 1420 3259 τὴν
1455 3191 1712 3256 έτπέριον
1736 3187 1967 3254 Ἐκκλη-

2077 2003 2285 2058 Nomen
2331 2003 2557 2056 Romani
2595 2003 2867 2071 pontiﬁcis
2922 2002 3178 2055 t‘ecitetur
3227 2002 3282 2052 in
3348 1999 3642 2069 diptycltis,

2077 2104 2131 2147 et
2173 2109 2267 2160 pro
2309 2094 2423 2160 ipso
2458 2093 2777 2146 nominatim
2809 2107 3063 2158 expresse
3101 2093 3167 2145 ab
3205 2090 3456 2143 universa
3490 2089 3644 2142 Gras-

2078 2200 2265 2238 corum
2294 2195 2478 2237 oretur
2507 2184 2785 2239 Ecclesia:
2818 2184 2961 2236 sicut
3018 2181 3203 2250 hi,qui
3251 2182 3360 2236 Deo
3392 2181 3644 2250 placuere

2078 2288 2130 2329 ct
2171 2275 2747 2343 Constantinopoltani
2797 2277 3116 2343 patriarchas
3175 2284 3230 2328 et
3284 2276 3644 2342 imperatores
3677 2288 3689 2300 '

2078 2369 2342 2421 hactenus
2372 2383 2676 2421 servavere.
2707 2368 2764 2419 Si
2798 2368 2888 2436 qui
2935 2383 3065 2421 vero
3109 2378 3271 2432 sunt,
3306 2368 3398 2435 qui
3454 2368 3508 2420 in
3550 2368 3645 2422 dc-

2077 2469 2228 2514 creto
2282 2459 2497 2512 unionis
2551 2460 2806 2512 nonnulla
2859 2460 3034 2528 posita
3088 2459 3264 2513 minus
3316 2459 3641 2528 intelligant,

2080 2569 2335 2622 procures
2366 2553 2485 2606 illos
2520 2552 2585 2605 ad
2619 2566 2718 2605 nos
2748 2551 3033 2619 proficisci.
3061 2549 3501 2612 Satisfaciemus,
3530 2552 3644 2604 Deo

2079 2649 2429 2708 concedente,
2450 2659 2638 2699 eorum
2669 2645 3096 2699 dubitationibus
3123 2662 3134 2698 :
3169 2644 3587 2698 honorabuntur
3613 2659 3643 2697 a

2075 2825 2334 2894 τοιαύτην
2356 2825 2552 2892 δήποτε
2587 2824 2956 2894 ποιησάμενος
2986 2823 3249 2892 πρόδηλος
3301 2824 3438 2892 εἴης,
3474 2824 3570 2876 καὶ
3597 2825 3647 2876 τ’

2077 2916 2210 2970 ἄλλα
2247 2917 2423 2971 πάντα
2453 2918 2749 2984 προσθήσω
2780 2915 2984 2977 καλῶς.
3021 2915 3234 2984 Πράττε
3263 2917 3410 2979 ὅπως
3442 2919 3468 2968 ὀ
3493 2917 3660 2976 Κωνη¹

2081 3010 2576 3071 σταντινουπόλεως
2600 3011 2945 3080 πατριάρχης
2978 3013 3056 3072 είς
3107 3012 3196 3063 τὸν
3253 3012 3449 3064 ἑαυτοῦ
3475 3015 3648 3066 ἐπαν-

2078 3100 2182 3169 ήξῃ
2217 3099 2426 3164 Ορὸνον,
2459 3099 2552 3151 καὶ
2616 3099 2944 3169 ἐπανήκοντι
2989 3099 3120 3153 αίδὼ
3175 3103 3266 3154 καὶ
3296 3102 3485 3172 τιμὴν,
3548 3104 3646 3161 καὶ

2078 3189 2346 3259 ὑπακοὴν,
2381 3192 2588 3252 πάντας
2618 3192 2913 3259 ἀπονέμειν
2937 3193 3210 3258 διὰταξον,
3234 3195 3365 3263 ὅσην
3397 3196 3479 3248 δεῖ
3503 3200 3643 3250 κατὰ

403 3297 543 3354 σίαν,
579 3294 717 3344 ὥστε
757 3290 919 3360 μηδὲν
960 3285 1197 3338 συνιέναι
1248 3283 1414 3351 ἔχειν,
1475 3283 1600 3332 ποῖα
1656 3279 1788 3332 ἄττα
1840 3279 1970 3345 παρ’
1998 3265 2037 3322 C
2073 3281 2228 3347 λόγον
2257 3283 2653 3351 ἀρχιερατικοῦ
2688 3283 3000 3352 ἀξιώματος
3040 3301 3050 3312 ⁸
3082 3288 3222 3336 ὥστε
3248 3287 3558 3356 μηκέτιτζν
3587 3290 3645 3340 ἐν

400 3388 638 3452 ἑκάστην
664 3381 934 3447 ἀναϐολὴν
964 3377 1116 3430 αὑτοὶ
1152 3373 1491 3443 ῥαψῳδοῦσιν
1523 3370 1963 3440 ἀποκρινόμενοι.

402 3474 474 3530 Εὖ
501 3477 599 3547 μὲν
622 3474 729 3544 γὰρ
760 3473 938 3523 πάντα
970 3469 1247 3535 συνίεμεν,
1274 3465 1578 3534 ανεχύμεσα
1630 3464 1684 3514 δὲ
1740 3463 1968 3514 διποῦλέ-

399 3586 591 3630 ποντες
617 3569 695 3628 είς
742 3564 950 3633 Ἰησοῦν
991 3563 1083 3614 τὸν
1116 3559 1287 3612 stam
1334 3557 1598 3626 ἀρχιερέα
1622 3556 1711 3607 καὶ
1760 3555 1968 3624 κύριον,

399 3667 455 3728 ὃς
487 3664 584 3733 τὴν
608 3662 857 3728 ἄκαρπον
893 3655 1067 3721 συκῆν
1095 3652 1424 3720 διατηρῆσαι
1456 3649 1582 3718 ἄχρι
1609 3649 1789 3717 τρίτου
1819 3646 1967 3707 ἔτους

401 3753 676 3814 ἐκέλευσε,
719 3748 812 3800 τοῦ
866 3743 1116 3814 γεωργοῦ
1158 3742 1476 3794 ἐπικόπτειν
1534 3740 1634 3808 ἠδη
1690 3741 1748 3790 τὸ
1804 3739 1968 3805 φυτὸν

401 3842 695 3908 ἀξιοῦντος,
734 3837 902 3890 διὰτὸ
939 3834 1145 3903 μηδένα
1186 3834 1378 3900 φέρειν
1414 3829 1647 3898 καρπόν.

469 3936 787 4001 Ἀπόκρισις
813 3929 910 3998 μὲν
932 3923 1022 3979 οῦν
1049 3926 1082 3992 ἦ
1113 3925 1164 3976 δε
1187 3925 1265 3975 σοὶ
1290 3923 1416 3992 παρ’
1436 3922 1618 3990 ἡμῶν,
1643 3913 1686 3971 ὧ
1709 3921 1972 3988 αὐτοκρά-

399 4045 519 4098 τορ,
553 4027 632 4078 ὅτι
666 4023 759 4074 καὶ
799 4019 957 4090 ἡμεῖς
983 4018 1046 4086 δὴ
1090 4015 1511 4084 ὑποκρινόμενοι
1564 4011 1966 4080 διετελέσαμεν,

401 4122 505 4180 ἕως
529 4117 663 4182 πρὸς
695 4114 761 4166 τὰ
798 4111 926 4180 παρ’
952 4109 1107 4177 ἡμῶν
1139 4107 1266 4159 τάδε
1310 4105 1618 4175 γράμματα
1674 4104 1967 4173 ἀποκρίνῃ.

406 4211 514 4263 Καὶ
543 4209 609 4276 ἢν
678 4207 774 4273 μὲν
817 4201 1133 4268 ὑγιέστερον
1188 4197 1620 4266 βουλευσάμενος
1688 4195 1823 4263 μετὰ
1866 4193 1972 4245 τῶν

405 4297 743 4368 εὐπατριδῶν
783 4313 841 4347 τε
867 4294 961 4348 καὶ
991 4292 1239 4361 δημοτῶν
1261 4291 1359 4358 τὴν
1385 4289 1483 4356 τῆς
1507 4291 1752 4348 evocem;
1800 4302 1973 4355 παρα-

405 4395 574 4464 λάϐῃς
604 4392 780 4452 θέσιν,
822 4387 917 4440 καὶ
954 4389 1200 4453 στέργων
1255 4385 1368 4444 τοῖς
1404 4381 1814 4448 γεγραμμένοις
1855 4379 1972 4430 δια-

405 4486 649 4552 τελέσῃς,
681 4481 822 4542 ἕξεις
867 4479 1014 4546 ἡμᾶς
1046 4493 1103 4528 τε
1135 4475 1229 4527 καὶ
1273 4474 1397 4534 τοὺς
1455 4473 1759 4540 ἡμετέρους
1824 4470 1974 4522 ἀδελ-

2074 3375 2197 3444 ἀξίᾳ
2237 3376 2364 3428 ὄντα
2391 3376 2634 3447 τοιαύτῃ,
2675 3379 2928 3449 καθάπερ
2980 3381 3101 3433 τινὰ
3131 3383 3238 3433 τῶν
3284 3384 3520 3437 εὐτελῶν
3572 3387 3646 3436 Ξε-

2077 3467 2212 3534 ρέων
2261 3469 2473 3534 διάγειν
2529 3471 2622 3522 τὸν
2672 3471 2807 3540 βίον,
2863 3473 2976 3524 ἀλλ’
3037 3475 3110 3536 ὡς
3162 3477 3264 3538 δεῖ,
3326 3479 3416 3529 τὸν
3467 3479 3638 3548 ἀληΘῆ

2076 3561 2701 3624 Κωνστκντινουπὸλεως
2738 3567 3106 3634 πατριάρχην.
3150 3569 3358 3636 Μηδενί
3405 3565 3498 3621 οὖν
3532 3570 3640 3621 τῶν

2071 3651 2232 3702 ὁσῗων
2261 3653 2601 3719 πραγμάτων
2635 3656 2764 3707 ἄνευ
2791 3656 2887 3724 τῆς
2911 3657 3075 3709 αὑτοῦ
3111 3662 3453 3729 πατριάρχου
3500 3662 3640 3728 γνὼ-

2076 3758 2181 3808 μης
2213 3740 2301 3792 καὶ
2326 3743 2608 3804 αὑθεντίας
2643 3745 2854 3812 μηδεὶς,
2890 3748 2992 3799 κᾶν
3022 3750 3068 3798 εἰ
3098 3750 3243 3811 ὅπως
3277 3753 3336 3818 δὴ
3393 3754 3486 3804 καὶ
3524 3753 3639 3822 ἔχοι

2074 3831 2249 3896 ἀξίας,
2281 3837 2531 3901 τολμάτω
2553 3839 2870 3906 ἐπιχειρεῖν.
2912 3839 3054 3891 Ἀλλ’
3088 3843 3250 3903 αὐτὸς
3292 3846 3417 3907 τοὺς
3448 3851 3508 3898 ἐκ
3545 3848 3637 3899 τοῦ

2076 3923 2218 3992 ἱεροῦ
2276 3926 2475 3995 κλήρου
2534 3928 2735 3990 πάντας
2796 3932 3186 3995 διαταττέσοω,
3240 3935 3402 3999 αὑτὸς
3446 3939 3632 3999 πάσας

2072 4022 2168 4082 τὰς
2200 4024 2262 4089 τῇ
2289 4020 2579 4089 ἱεραρχικῆ
2629 4021 2754 4090 ἀξίᾳ
2785 4025 3152 4094 ὑποκειμένας
3184 4029 3381 4097 ἀρχὰς,
3441 4031 3542 4082 εἴτ’
3573 4034 3630 4083 ἐν

2071 4110 2682 4175 Κωνσταντινουπόλει,
2735 4113 2846 4165 εἴτε
2913 4116 3208 4168 ὁποιασοῦν
3269 4119 3370 4187 τῆς
3428 4121 3638 4184 οἰκείας

2074 4202 2302 4270 λήξεως.
2338 4202 2561 4254 κατὰτὸ
2602 4202 2795 4257 δοκοῦν
2852 4206 3144 4272 διοικεὶτω,
3210 4210 3344 4280 μηδέ
3382 4229 3467 4274 τις
3517 4216 3639 4276 ταῖς

2075 4291 2234 4344 αὑτοῦ
2267 4292 2596 4357 διατάξεσιν,
2628 4295 2690 4355 ἃς
2730 4297 2839 4347 aitet
2874 4298 3158 4364 γίγνεσθαι
3202 4304 3341 4356 κατᾶ
3385 4306 3510 4368 τοὺς
3564 4309 3641 4358 ίε-

2078 4386 2201 4453 ροὺς
2263 4385 2489 4447 κανὸνας
2556 4387 2876 4456 πυΟόμεθα,
2927 4391 3181 4458 τολμάτω
3241 4395 3638 4454 ἐναντιοῦσθαι.

2079 4475 2218 4544 Πρὸς
2243 4473 2299 4526 δὲ
2348 4477 2560 4539 τούτοις
2610 4475 2850 4547 τοὺνομα
2901 4480 2993 4533 τοῦ
3045 4481 3144 4550 τῆς
3187 4483 3406 4554 Ῥώμης
3459 4491 3644 4558 ἀρχιε-

407 4581 539 4645 (pob;
574 4572 940 4640 καρδινάλεις,
977 4569 1072 4621 καὶ
1116 4567 1293 4619 πᾶσαν
1320 4564 1506 4626 ἁπλῶς
1553 4564 1651 4632 τὴν
1693 4559 1973 4629 Ἑσπέριον
2009 4597 2050 4649 D
2085 4568 2220 4636 ρέως
2251 4569 2308 4618 ὲν
2333 4572 2442 4630 τοῖς
2479 4568 2641 4636 ἱεροῖς
2668 4573 2964 4641 γεγράφθω
3005 4573 3303 4644 διπτύχοις,
3365 4580 3458 4630 καὶ
3504 4581 3642 4648 ὑπὲρ

419 4663 743 4732 Ἐκκλησίαν
783 4655 1242 4728 συμπράσσοντάς
1277 4672 1358 4706 σοι
1388 4655 1473 4706 ἀεὶ
1508 4655 1575 4705 τὰ
1603 4653 1726 4721 περί
1753 4653 1851 4720 τὴν
1878 4651 1974 4720 σὴν

408 4759 580 4826 ἀρχὴν
623 4756 714 4806 καὶ
737 4752 901 4822 τιμὴν
929 4753 1026 4820 τὴν
1056 4749 1354 4817 σύμπασαν
1388 4743 1802 4816 προθυμότατα.
1839 4745 1900 4796 Et
1922 4743 1975 4794 δὲ

412 4850 508 4917 μὴ,
561 4848 667 4898 ἴσθι
704 4844 927 4898 τοιαῦτα
953 4843 1088 4896 ἅττα
1144 4840 1454 4904 ὲξανάγκης
1503 4837 1976 4907 προνοησομένους

411 4937 497 4993 cia.
527 4941 590 5007 δὴ
624 4941 699 5000 εἰς
739 4937 907 5005 τιμὴν
937 4933 1238 5003 ἡμετέραν,
1275 4931 1353 4992 είς
1388 4931 1660 4998 σωτηρίαν
1692 4929 1748 4981 δὲ
1779 4928 1975 4996 ὑμετέ-

411 5047 508 5102 ραν
535 5031 632 5098 (δεῖ
657 5029 769 5095 γὰρ
817 5025 991 5085 οὕτως
1030 5021 1224 5091 εἰπεῖν)
1273 5022 1382 5072 τῶν
1431 5022 1714 5091 ὑμετέρων
1763 5020 1971 5090 ψυχῶν,

411 5123 645 5176 συνοίσει
711 5119 1001 5187 γενόμενα.
1059 5116 1174 5169 Ἵνα
1213 5114 1257 5167 δ’
1289 5114 1462 5184 ἀρχὴν
1510 5116 1618 5166 τῶν
1675 5115 1974 5183 ἀμεινόνων

481 5299 669 5369 (ηριιί
689 5298 966 5363 [iculneam
986 5295 1646 5369 infructuosam'arliecmn.
1673 5307 1770 5348 etc.
1796 5299 1850 5346 lu
1877 5297 1974 5349 hoc

410 5367 772 5442 paragrapho,
811 5372 922 5419 sive
956 5369 1161 5442 incuria
1199 5367 1476 5442 svcretarii
1522 5381 1634 5417 sive
1679 5383 1973 5418 amanuen-

409 5437 504 5500 sis,
532 5448 846 5492 recensctur
888 5437 1142 5504 paraliola
1180 5437 1454 5488 contrario
1482 5445 1640 5487 modo
1682 5447 1844 5502 atque
1873 5437 1971 5488 ha-

410 5515 567 5565 hetnr
611 5509 746 5576 apud
806 5507 1000 5558 Lucam
1042 5521 1161 5573 eap.
1189 5522 1304 5558 XIII.
1357 5505 1491 5557 lhid.
1534 5508 1676 5557 enim
1717 5507 1974 5560 Dominus

408 5581 776 5645 exsriectando
807 5576 1026 5629 hii-nnio
1069 5577 1669 5645 propter.sterilitatem
1719 5578 1868 5642 cupit
1920 5587 1974 5628 ut

408 5644 758 5704 abscindatur
785 5647 1046 5706 ticulnea;
1074 5648 1164 5696 sed
1196 5657 1413 5711 rogatus
1442 5659 1468 5695 a
1493 5644 1696 5698 Cultore
1720 5647 1974 5700 concedit

408 5721 625 5773 tertiqu
667 5733 886 5770 annum.
925 5716 1019 5767 llic
1049 5718 1188 5780 quod
1220 5716 1422 5766 dicitur
1448 5715 1513 5767 de
1555 5713 1782 5767 Domino
1817 5719 1972 5767 attri-

407 5790 590 5842 buitur
651 5787 868 5840 cultori.
913 5786 1182 5851 Quocirca
1244 5786 1313 5836 ita
1369 5788 1747 5852 corrigendum
1805 5797 1970 5851 eSsi-t,

407 5859 497 5926 qui
535 5872 653 5912 cum
686 5855 972 5910 liculneam
1021 5855 1411 5912 infructuosam
1464 5860 1710 5911 arborem
1754 5869 1973 5925 propter

2080 4659 2244 4711 αὑτοῦ
2303 4665 2783 4731 μνημονευομένου
2833 4665 3076 4734 εὐχέσθω
3128 4669 3158 4735 ἡ
3221 4669 3327 4721 τῶν
3371 4669 3643 4740 Ἑλλήνων

2080 4751 2263 4804 ἅπασα
2337 4752 2646 4822 Ἐκκλησία.
2704 4756 2957 4826 καθάπερ
3013 4759 3118 4811 τῶν
3153 4777 3208 4812 τε
3251 4760 3426 4816 ἄλλων
3472 4766 3522 4816 οἱ
3577 4766 3646 4820 τὰ

2078 4843 2284 4910 ἀμείνω
2315 4844 2560 4914 ἑλόμενοι
2595 4848 2690 4900 καὶ
2729 4848 3132 4918 αὐτοκράτορες
3169 4855 3263 4905 καὶ
3303 4855 3646 4924 πατριάρχαι

2078 4935 2528 5005 διατετηρηκὸτες
2552 4939 2855 5008 ᾶχριτοῦδε
2899 4943 3052 4995 εἰσιν.
3121 4944 3182 4998 Et
3229 4945 3286 4997 δέ
3343 4964 3484 5008 τινες
3536 4949 3647 5002 τῶν

2078 5026 2135 5075 ὲν
2163 5025 2236 5093 τῷ
2259 5025 2368 5094 ὀρῷ
2394 5025 2710 5094 λεγομένων
2765 5029 2900 5081 ἆττα
2958 5032 3200 5083 συνιέναι
3257 5033 3353 5102 οὐχ
3413 5029 3516 5086 οἶοί
3562 5051 3644 5097 τε,

2077 5114 2217 5168 έστω
2244 5132 2324 5167 σοι
2357 5115 2441 5168 διὰ
2476 5118 2758 5186 φροντίδος
2785 5119 2997 5188 πέμψαι
3029 5121 3225 5185 αὑτοὺς
3261 5122 3394 5191 πρὸς
3455 5125 3600 5194 ἡμᾶς
3626 5140 3642 5158 ο

2085 5292 2423 5346 sterilitatem
2483 5303 2704 5358 cuperet
2769 5297 3056 5360 amputari,
3095 5307 3312 5362 rogatus
3365 5313 3389 5348 a
3439 5300 3648 5352 cultore

2084 5365 2227 5416 illius
2263 5377 2433 5433 usque
2467 5363 2517 5415 in
2546 5367 2761 5414 tertium
2798 5379 3000 5417 annum
3040 5369 3440 5433 serrarijussit.
3470 5368 3648 5422 Theo-

2079 5435 2245 5486 dorus
2314 5432 2491 5505 G_a7.a,
2527 5434 2606 5484 \‘ir
2660 5433 3007 5487 doctissimus
3051 5439 3103 5488 iu
3162 5432 3389 5505 utraque
3443 5439 3645 5504 lingua,

2077 5513 2294 5557 secutus
2340 5501 2588 5555 Latinam
2633 5505 3009 5570 scriptionem,
3059 5516 3220 5559 vertit
3285 5501 3336 5558 in
3397 5501 3646 5561 Grai-um

2078 5573 2266 5626 eodem
2301 5577 2460 5646 modo
2501 5590 2618 5646 cum
2661 5590 2867 5637 errore,
2908 5585 2956 5628 ct
2994 5577 3343 5646 corrigendus
3369 5589 3514 5631 esset
3547 5578 3669 5629 hoc-

2077 5647 2236 5697 ttiodo
2266 5659 2278 5696 :
2321 5644 2411 5702 '0;
2451 5647 2547 5710 τὴν
2573 5644 2821 5711 ἄκαρπον
2855 5647 3023 5713 συκῆν
3079 5644 3414 5698 ἀποκόπτειν
3467 5649 3525 5698 τὸ
3550 5666 3650 5713 φυ-

2078 5716 2169 5791 τὸν
2202 5713 2393 5791 aliain,
2421 5714 2506 5791 διὰ
2540 5715 2598 5763 τὸ
2624 5715 2838 5791 μηδένα
2863 5718 3049 5784 φέρειν
3082 5719 3316 5782 καρπὸν,
3350 5717 3444 5768 τοῦ
3476 5734 3648 5785 γεωρ-

2078 5783 2173 5856 γοῦ
2206 5783 2581 5856 δυσωποῦντος
2615 5786 2742 5854 ἀχρι
2774 5783 2952 5856 τρίτου
2986 5787 3137 5852 ἔτους
3177 5787 3428 5841 ἐκέλευσε
3463 5790 3523 5841 τὸ
3547 5783 3647 5856 φυ-

2086 5855 2173 5906 τὸν
2219 5854 2292 5922 μὴ
2322 5853 2656 5908 ἐπικόπτειν.
