4078 6482
388 273 463 340 ’15

1306 270 1684 336 GBEGORII
1728 261 2037 333 ΜΑΜΜΆΕ
2077 262 2187 328 CP.
2228 248 2747 325 PATRIARCHE

3584 236 3664 311 τε

386 394 444 447 in
477 390 666 447 multis
693 388 1081 461 congressibus
1109 387 1390 444 Nicaeuum
1421 388 1756 460 symbolum,
1810 384 1974 453 idque

2102 397 2137 431 ,v
2166 378 2397 448 Νικαίᾳ,
2428 374 2526 429 καὶ
2559 373 2724 444 μόνον
2764 367 3106 437 ἀνέγνωσαν,
3148 354 3272 436 μηδ’
3303 365 3439 427 ὅλως
3472 362 3715 434 putat.

394 486 578 541 solum
613 482 883 553 legerunt,
909 480 1056 536 nulla
1095 495 1327 552 prorsus
1359 476 1967 549 Constantinopolitani

397 574 675 630 mentione
696 572 858 639 facta,
886 579 946 627 ut
978 570 1307 645 procedente
1341 570 1593 627 oratione
1625 571 1748 626 loco
1774 584 1972 626 conve-

391 666 563 723 nienti
606 666 951 721 manifestum
984 664 1302 720 reddemus.

871 753 1113 812 EPllES.
1150 754 1327 828 (CAP.
1362 756 1459 828 Χ).

465 848 663 905 Verum
689 864 867 920 neque
898 851 1177 905 contraria
1228 848 1602 904 mcumemcis
1658 844 1890 919 synodis
1921 853 1977 901 ct

392 944 777 999 communibus
822 942 1139 998 earumdem
1226 942 1598 1013 dogmatibus,
1645 940 1742 997 sed
1801 955 1979 1011 neque

393 1052 616 1106 prorsus
640 1050 748 1092 non
793 1046 1001 1092 consen
1018 1036 1206 1091 tientia
1241 1035 1603 1090 orientalibus
1656 1034 1979 1090 doctoribus

392 1131 739 1199 scripserunt
764 1128 962 1185 Patres
989 1128 1093 1193 illi,
1120 1138 1298 1199 neque
1331 1128 1400 1185 iis
1457 1143 1563 1182 non
1621 1127 1978 1191 cohaerentia,

390 1222 539 1279 sicut
598 1237 696 1295 per
741 1222 846 1279 alia
904 1221 1074 1277 multa
1130 1222 1351 1277 illorum
1431 1219 1577 1276 dicta
1634 1217 1980 1275 demonstra-

396 1323 506 1371 tur.

977 1401 1344 1462 APOLOGIA.

470 1487 726 1553 Mirabile
748 1490 879 1568 quid
915 1504 969 1551 et
1002 1497 1351 1567 peregrinum
1372 1494 1615 1566 loquitur
1633 1495 1979 1550 venerandus

377 1579 768 1673 Ephesiorum
800 1582 1058 1648 antistes.
1082 1580 1316 1648 Ubinam
1366 1590 1512 1645 enim
1566 1603 1794 1659 prorsus
1855 1602 1979 1653 per-

402 1681 649 1749 Spicuum
696 1678 930 1735 reddere
960 1686 1161 1750 potest,
1231 1668 1603 1734 mcumeuicas
1645 1674 1888 1746 synodos
1912 1688 1979 1729 ex

401 1775 522 1830 solo
548 1772 706 1828 Patre
724 1771 988 1843 Spiritum
1016 1772 1269 1826 sanctum
1307 1769 1607 1841 procedere
1631 1768 1982 1840 praedicasse,

401 1874 469 1941 ex
501 1875 611 1934 quo
645 1879 738 1933 per
769 1863 1219 1919 contrarietatem
1269 1864 1322 1915 et
1364 1860 1871 1916 contradictionem
1901 1873 1987 1914 se-

404 1957 594 2025 quitur
626 1964 679 2010 et
707 1955 1021 2009 necessario
1050 1952 1419 2011 concluditur,
1441 1966 1508 2006 ex
1542 1941 1683 2003 Filio
1715 1950 1840 2003 eum
1881 1960 1987 2002 non

404 2048 703 2121 procedere
730 2046 1044 2103 YExistimo
1082 2047 1226 2101 enim
1276 2044 1702 2113 eum,quamvis
1756 2042 1988 2096 multum

410 2143 621 2199 laboret
649 2150 705 2198 et
760 2141 1069 2197 sexcenties
1114 2138 1581 2196 (ecunieuicarum
1651 2136 1990 2208 synodorum

407 2234 738 2305 exemplaria
773 2232 1069 2303 pervolvat,
1104 2231 1297 2286 nullibi
1358 2245 1589 2300 prorsus
1638 2238 1989 2300 reperturum

406 2326 637 2390 dictum,
655 2340 723 2379 ex
754 2324 872 2379 solo
894 2324 1054 2378 Patre
1082 2323 1374 2393 procedere
1393 2321 1660 2391 Spiritum
1696 2331 1949 2377 sanctum
1973 2336 1989 2387 ;

410 2420 541 2474 item
585 2418 642 2473 id
681 2432 860 2487 neque
884 2416 937 2471 in
958 2416 1187 2485 reliquis
1217 2416 1539 2470 doctoribus
1585 2424 1748 2484 atque
1778 2415 1991 2469 theolo-

409 2512 493 2582 gis
516 2508 774 2580 reperiet.
810 2506 967 2574 Quod
996 2508 1041 2561 si
1068 2505 1297 2561 Photius
1329 2506 1644 2575 patriarcha
1698 2505 1857 2564 dixit.
1894 2505 1989 2559 scd

410 2600 857 2665 animadvertito,
896 2600 1154 2654 Pbotium
1176 2614 1287 2652 non
1318 2614 1437 2654 esse
1460 2600 1514 2653 in
1547 2609 1862 2652 sanctorum
1897 2614 1998 2651 uu-

413 2709 566 2749 mero
593 2692 944 2759 collocatum,
971 2692 1225 2747 iicetuua
1260 2691 1422 2746 simul
1447 2701 1500 2745 et
1532 2690 1994 2759 eodemtempore

410 2786 651 2843 Vixerint
685 2786 912 2841 Phonius
936 2794 988 2840 et
1012 2784 1278 2855 Iguatius.
1318 2782 1423 2838 Sed
1461 2784 1549 2839 hic
1592 2783 1813 2852 quidem
1843 2784 1988 2837 inter

412 2885 635 2933 sanctos
666 2875 1057 2931 adnumeratur
1072 2883 1129 2930 et
1157 2872 1247 2928 die
1264 2873 1529 2930 vicesimo
1550 2874 1714 2930 tertio
1735 2873 1992 2929 Octobris

411 2969 467 3025 in
500 2966 807 3040 synaxariis
843 2966 1019 3022 locum
1053 2964 1239 3021 habet.
1260 2963 1490 3021 thius
1527 2981 1655 3021 vero
1690 2967 1839 3021 nullo
1869 2980 1991 3021 mo-

2076 470 2173 526 τοῦ
2201 472 2260 524 ὲν
2287 463 2866 524 Κωνσταντινουπόλει
2900 460 3241 531 ποιούμενοι,
3274 456 3350 520 ὡς
3379 455 3666 526 προϊόντος

2078 562 2175 619 τοῦ
2205 562 2369 629 λόγου
2394 562 2454 615 ὲν
2488 560 2566 629 τῷ
2598 557 2939 630 προσήκοντι
2972 554 3126 625 τόπῳ
3173 551 3412 622 φανερὸν
3443 549 3668 619 ποιήσο-

2082 674 2185 728 μεν
2219 650 2322 728 (ιθ).

2733 741 3020 798 ΕΦΕΣΟΥ.

2164 841 2306 897 Ἀλλ’
2339 842 2454 895 οὐδ’
2477 838 2698 895 ἐναντία
2718 840 2841 901 ταῖς
2872 833 3285 905 οίκουμενικαίς
3308 828 3551 890 συνόδοις
3574 824 3671 880 καὶ

2077 939 2193 999 τοῖς
2217 935 2424 998 κοινοῖς
2441 932 2625 987 αὐτῶν
2644 930 2937 1001 δόγμασιν,
2963 926 3082 981 ἀλλ’
3105 925 3216 979 οὐδ’
3238 924 3305 979 ἂν
3327 923 3465 984 ὅλως
3490 921 3672 1001 ἀσύμε

2083 979 2238 1099 gnava
2261 1031 2377 1092 τοίς
2397 979 2774 1088 ἒὶνατολικοίςΓ
2806 979 3155 1083 διδασκάλοις
3186 1018 3437 1089 ἔγραψαν
3473 1017 3523 1071 oi
3566 979 3681 1069 Πιιξ

2080 1098 2241 1193 τέρες
2289 1124 2514 1189 ἐκεῖνοι,
2547 1120 2668 1174 οὐδὲ
2700 1120 2888 1181 αὐτοῖς
2919 1112 3281 1176 ἀνακόλουθα,
3317 1109 3573 1185 καθάπερ
3604 1098 3671 1160 δι’

2080 1218 2261 1275 ἄλλων
2292 1216 2511 1272 πολλῶν
2538 1216 2771 1288 ἐκείνων
2805 1212 2990 1285 ῥητῶν
3022 1208 3429 1264 ἀποδείκνυται.

2701 1394 3071 1452 ΔΠΟᾹΟΙἸΑ.

2152 1493 2476 1557 Θαυμάσιόν
2509 1510 2562 1546 τι
2599 1492 2696 1545 καὶ
2729 1490 3037 1560 παράδοξον
3065 1490 3094 1543 6
3118 1488 3399 1557 αἰδέσιμος
3443 1484 3672 1554 Ἐφέσου

2083 1582 2254 1654 λέγει.
2288 1585 2398 1639 Ποῦ
2432 1584 2543 1656 γὰρ
2585 1584 2723 1648 ὅλως
2761 1582 3072 1654 ἐμφανίσαι
3103 1581 3240 1651 ἔχει,
3278 1581 3355 1644 ῶς
3386 1580 3443 1632 αί
3487 1579 3672 1632 οίκου·

2093 1680 2315 1751 μενικαὶ
2346 1674 2559 1733 σύνοδοι
2598 1678 2662 1730 ἔκ
2710 1676 2878 1746 μόνου
2909 1674 3007 1729 τοῦ
3055 1674 3274 1744 Πατρδς
3304 1668 3583 1742 ικήρυξαν
3611 1669 3675 1723 τδ

2096 1774 2321 1844 Πνεῦμα
2354 1774 2416 1827 τὸ
2447 1768 2607 1840 ἅγιον
2650 1764 3076 1839 ἔκπορεύεσθαι,
3107 1760 3261 1837 ᾧπερ
3294 1766 3484 1821 ἕπεται
3518 1766 3674 1819 ἐναν-

2093 1864 2223 1932 τίως
2254 1868 2351 1922 καὶ
2382 1864 2762 1935 ἀντιφατικῶς
2790 1862 2851 1917 τδ
2894 1863 2959 1917 ἐκ
2992 1861 3084 1916 τοῦ
3120 1860 3260 1917 Υίοῦ
3296 1859 3371 1931 μὴ
3402 1858 3480 1928 (9.)
3510 1858 3677 1913 tmo-

2098 1961 2379 2033 ρεύεσθαι,
2425 1959 2518 2013 καί
2570 1959 2721 2012 ἐστιν
2768 1956 3090 2025 ἀναγκαίως
3138 1952 3471 2017 ἀκόλουθονς
3510 1949 3676 2021 Οἶμαι

2091 2056 2221 2125 γὰρ,
2276 2054 2352 2117 ὡς
2401 2052 2574 2106 πολλὰ
2629 2051 2875 2120 μογήσας
2928 2049 3023 2104 καὶ⁹
3081 2048 3347 2119 μυριάκις
3406 2045 3509 2107 τὰς
3566 2042 3676 2096 τῶν

2092 2144 2492 2216 οίκουμενικῶν
2524 2142 2762 2198 συνόδων
2788 2140 3172 2205 ὑποτυπώσεις
3196 2136 3444 2201 διελθὼν,
3465 2130 3677 2206 οὖδαμῆ

2093 2238 2347 2308 οὐδαμῶς
2376 2237 2601 2307 εὑρήσει
2635 2234 2697 2289 τὸ
2730 2234 2794 2289 ἔκ
2831 2235 2995 2305 μόνου
3037 2232 3133 2288 τοῦ
3169 2229 3383 2303 Πατρδς
3406 2230 3678 2301 ἐκπορεύ-

2094 2330 2252 2386 εσθαι
2287 2330 2349 2385 τδ
2381 2329 2541 2399 ἅγιον
2578 2325 2829 2397 Πνεῦμαο
2866 2320 3133 2389 ὡσαύτως
3184 2324 3279 2378 καὶ
3323 2323 3433 2378 τῶν
3473 2321 3681 2376 λοιπῶν

2094 2425 2439 2481 διδασκάλων
2469 2425 2565 2478 καὶ
2597 2421 2893 2490 θεολόγων.
2930 2422 2991 2476 El
3027 2420 3072 2475 δ’
3106 2423 3134 2474 6
3162 2420 3367 2484 Φώτιος
3400 2415 3678 2487 πατριάρ-

2095 2533 2197 2586 χης
2234 2511 2412 2579 εἶπεν,
2446 2515 2560 2569 ἀλλ’
2593 2513 2718 2584 δρα,
2753 2514 2837 2566 ὅτι
2888 2514 2947 2567 ὲν
2982 2511 3164 2580 ἁγίοις
3195 2512 3256 2565 ού
3293 2508 3676 2564 συντέτακται⁴

2097 2606 2274 2661 καίτοι
2323 2622 2389 2674 γε
2445 2606 2504 2660 ἑν
2554 2604 2635 2675 τῷ
2688 2604 2841 2674 αύτῷ
2893 2620 2949 2657 τε
3011 2607 3107 2657 καὶ
3143 2602 3222 2656 ἑνὶ
3266 2598 3445 2672 καιρῷ
3475 2598 3683 2662 Φὼτιος

2097 2701 2191 2753 καὶ
2222 2701 2302 2768 (5)
2363 2697 2644 2767 Ἰγνάτιος·
2680 2697 2795 2752 ἀλλ’
2822 2698 2852 2750 6
2902 2695 3001 2767 μὲν
3049 2697 3148 2750 σὺν
3194 2695 3371 2762 ἁγίοις
3421 2693 3681 2746 τέτακται

2101 2793 2200 2847 καὶ
2249 2794 2308 2846 εν
2355 2793 2423 2863 τῇ
2479 2790 2703 2859 είκοστῇ
2750 2787 2911 2860 τρίτῃ
2960 2786 3054 2841 τοῦ
3099 2784 3435 2856 Ὀκτωϐρίου
3481 2786 3540 2837 ὲν
3571 2785 3684 2845 τοῖς

2101 2882 2458 2953 συναξαρίοις
2493 2882 2635 2951 μετὰ
2663 2880 2774 2934 τῶν
2805 2881 2980 2947 ἁγίων
3011 2878 3391 2933 συντάττεται·
3426 2879 3453 2930 6
3486 2876 3543 2930 δὲ
3565 2873 3685 2930 Φῶκ-

2095 2989 2211 3039 τιος
2231 2974 2486 3044 οὐδαμῶς
2508 2974 2620 3035 τοῖς
2637 2972 2811 3041 ἁγίοις
2834 2971 3265 3041 συνηρίθμηται.
3287 2971 3336 3022 ιί
3359 2968 3455 3023 καὶ
3477 2967 3688 3022 δίκαιον

412 3062 484 3116 do
517 3060 827 3143 sanctitatis
859 3073 1061 3115 nomen
1112 3066 1448 3114 consecutus
1490 3067 1598 3122 est,
1631 3058 1760 3114 licet
1811 3074 1993 3129 opem:

2108 3067 2177 3121 τὰ
2206 3068 2328 3120 κατ’
2358 3065 2523 3119 αὑτὸν
2571 3065 2962 3137 παραδραμεῖν
2994 3063 3084 3117 διὰ
3118 3063 3178 3115 τὸ
3210 3061 3299 3116 ἐπ’
3333 3060 3590 3130 ἄμσωνος
3621 3059 3690 3113 τὰ

413 3152 647 3223 pretium
700 3151 885 3214 fuerit,
918 3150 1070 3204 illius
1105 3158 1260 3220 gesta
1292 3150 1514 3204 silentio
1557 3150 1867 3218 praeterire,
1933 3164 1998 3205 eo

413 3246 633 3315 quodin
654 3242 892 3298 amboue
906 3241 1246 3297 anathemati
1263 3234 1661 3311 subjicﬂmtur,
1676 3256 1798 3311 quae
1813 3243 2005 3297 adver~

414 3352 510 3392 sus
535 3347 784 3393 sanctum
808 3336 1083 3406 lgnatium
1109 3334 1473 3403 Pbotiumque
1504 3335 1709 3400 scripta
1734 3342 1864 3389 sunt
1897 3335 2000 3405 (a).

418 3428 475 3485 Si
522 3443 653 3482 vero
696 3427 823 3508 quis
878 3425 1438 3483 Thessalonicensem
1488 3425 1716 3497 objiciat
1755 3442 1888 3483 voce
1940 3444 2005 3483 ex

417 3520 533 3577 solo
564 3519 767 3590 (Patre)
803 3528 1074 3585 utentem,
1106 3527 1162 3574 at
1186 3534 1311 3575 vero
1335 3519 1427 3576 hic
1446 3534 1667 3591 quoque
1699 3520 1752 3575 in
1778 3523 2004 3591 propria

418 3614 787 3679 confessione,
806 3628 970 3684 quam
995 3611 1254 3668 Ecclesia:
1268 3604 1471 3669 Christi
1507 3611 1656 3668 dedit
1675 3615 2001 3691 ostendens,

419 3709 636 3777 qualem
657 3707 858 3761 habeat
875 3705 1206 3761 sententiam
1232 3705 1381 3760 circa
1398 3716 1752 3762 sacrosancta
1777 3707 2004 3775 dogma-

2110 3160 2251 3213 κατέι
2282 3154 2378 3213 τοῦ
2410 3159 2469 3211 ἐν
2514 3151 2692 3226 ἁγίοις
2728 3157 2994 3226 Ἰγνατίου
3023 3157 3119 3210 καὶ
3150 3154 3317 3209 αὑτοῦ
3358 3153 3450 3206 τοῦ
3480 3152 3689 3206 Φωτίου

2108 3250 2616 3321 ἀναθεματίζεσθαι
2651 3248 2761 3321 (ι).
2799 3250 2859 3304 Ei
2897 3250 2955 3303 δὲ
2986 3248 3078 3303 τὸν
3106 3245 3513 3313 Θεσσαλονίκης
3546 3243 3693 3297 εἴποι

2108 3358 2195 3407 τις
2225 3343 2288 3397 τὸ
2335 3342 2405 3398 ἐκ
2432 3343 2629 3413 μόνου
2685 3341 2939 3411 λέγοντα,
2986 3338 3124 3395 ἀλλὰ
3168 3340 3264 3393 καὶ
3320 3338 3479 3402 οὗτος
3524 3339 3584 3391 ιν
3624 3335 3692 3406 τῇ

2112 3434 2295 3506 οίκείᾳ
2325 3433 2614 3504 ὁμολογία,
2655 3433 2725 3503 ἢν
2764 3432 2967 3487 δέδωκε
3005 3434 3072 3502 τῇ
3110 3429 3419 3502 Ἐκκλησία
3452 3426 3694 3502 Χριστοῦ

2110 3525 2351 3594 δεικνὺς,
2382 3526 2578 3580 ὁποίαν
2604 3525 2721 3595 ἔχει
2744 3523 2846 3596 τὴν
2870 3523 3030 3590 δόξαν
3059 3524 3192 3595 περὶ
3215 3524 3282 3577 τὰ
3307 3522 3429 3594 ίερὰ
3456 3523 3550 3575 καὶ
3579 3522 3698 3576 θεῖα

2114 3618 2389 3687 δόγματα,
2439 3619 2501 3672 οὑ
2540 3618 2805 3682 συνέταξε
2848 3617 3029 3670 τοῦτο.
3077 3616 3291 3670 Οὐκοῦν
3334 3614 3557 3669 ἐναντία
3604 3613 3699 3666 καὶ

2114 3710 2461 3765 ἀνακόλουθα
2491 3712 2552 3766 οὐ
2576 3710 2850 3778 λέγουσιν,
2878 3709 2954 3772 ὼς
2992 3708 3159 3771 αὐτὸς
3189 3709 3218 3759 6
3248 3708 3431 3777 τίμιος
3453 3707 3625 3773 λέγει.

420 3812 499 3864 ta,
534 3798 681 3856 istud
710 3811 820 3851 non
850 3794 1123 3867 adiunxit.
1158 3795 1302 3868 Ergo
1346 3800 1626 3854 contraria
1688 3807 1743 3854 et
1776 3799 2002 3856 minimc
2039 3803 2377 3859 cohareutia
2409 3818 2518 3858 non
2547 3802 2759 3868 dicunt,
2786 3812 2845 3857 ut
2878 3801 2996 3871 ipse
3051 3801 3141 3855 hic
3198 3800 3550 3855 venerandus
3615 3798 3699 3858 vir

425 3899 523 3953 ait.

919 3996 1160 4053 EPIIES.
1223 3997 1397 4070 (CAP.
1428 3996 1561 4069 χι)-

493 4086 787 4160 Propterea
815 4089 1088 4161 ejusmodi
1126 4092 1482 4161 periculosas
1530 4105 1693 4147 voces
1728 4091 1796 4145 de
1826 4086 2008 4146 sancti

426 4181 662 4253 Spiritus
688 4183 1045 4253 processione
1079 4183 1294 4251 rejicio.
1846 4173 1851 4177 ⁴

1034 4271 1401 4328 APOLOGIA.

495 4361 698 4427 Quales
723 4376 889 4418 voces
912 4362 1090 4433 reiicit
1116 4366 1199 4419 vir
1234 4364 1336 4419 iSIe
1366 4365 1754 4420 honorabilis?
1786 4365 1867 4419 An
1894 4378 2007 4427 eas,

426 4468 548 4522 qua:
581 4452 849 4526 Spiritum
882 4454 1076 4510 dicunt
1098 4459 1371 4527 proprium
1419 4458 1610 4528 ipsius,
1663 4457 1783 4514 Filii
1843 4459 2021 4515 nimi-

427 4557 593 4609 rum.
624 4553 680 4600 et
732 4560 799 4600 ex
852 4545 1010 4615 ipso?
1067 4546 1135 4600 At
1204 4558 1365 4603 antea
1428 4548 1861 4604 demonstratum
1913 4558 2021 4618 est,

429 4652 680 4700 sanctam
736 4642 957 4697 tertiam
1000 4642 1273 4712 synodum
1315 4658 1426 4697 una
1461 4658 1586 4698 cum
1636 4644 1763 4699 divo
1811 4645 2017 4715 Cyrillo

429 4738 609 4805 potius
647 4736 848 4790 dicere.
885 4738 966 4799 An
1004 4750 1100 4791 eas
1126 4750 1247 4806 qua:
1280 4736 1469 4790 dicunt
1495 4750 1562 4791 ea:
1590 4733 1754 4792 Patre
1793 4754 1887 4808 per
1926 4737 2019 4793 Fi-

429 4830 695 4884 liumiAt
725 4838 779 4884 et
834 4829 968 4884 istas
1010 4836 1202 4884 sancta
1253 4829 1595 4885 mcumenica
1654 4834 1887 4899 septima
1920 4846 2016 4901 sy-

432 4925 607 4981 nodus
639 4941 766 4980 cum
803 4926 1105 4981 Athanasio
1140 4935 1194 4980 et
1242 4926 1446 4983 Basilio
1494 4925 1730 4995 aliisque
1770 4927 2005 4992 sanctis,

428 5020 520 5087 qui
550 5028 683 5073 ante
715 5018 889 5087 ipsam
920 5018 1156 5074 ﬂoruere
1181 5057 1196 5081 ,
1253 5019 1609 5089 depracdicat,
1654 5029 1707 5073 ct
1766 5028 2009 5089 postmo-

428 5113 555 5163 dum
586 5111 751 5166 divus
790 5110 1186 5166 Damasceuus.
1251 5114 1335 5165 An
1376 5127 1472 5165 eas
1525 5125 1650 5182 quzr
1702 5109 1895 5165 dicunt
1943 5126 2010 5165 ex:

431 5196 591 5257 Patre
618 5212 664 5258 et
689 5218 753 5257 ea:
779 5200 920 5258 Filio
943 5204 965 5257 ?
991 5203 1057 5259 At
1086 5204 1378 5259 admodum
1415 5203 1562 5258 clare
1603 5218 1697 5272 per
1724 5204 2011 5258 sanctissi-

500 5405 577 5541 (ιῖ
605 5403 745 5459 Μυη.
780 5403 818 5457 Ι’.
858 5403 959 5459 153
987 5419 1041 5462 :t.
1065 5404 1408 5473 ποιήσωμεν.

500 5478 556 5541 (2
607 5474 698 5541 Μὴ
730 5475 883 5529 deest
911 5477 961 5529 iu
993 5473 1232 5537 Monac.;
1259 5488 1408 5527 senm

500 5470 577 5543 (2)
607 5474 698 5544 Μὴ
730 5475 883 5529 deest
911 5477 961 5529 iu
993 5470 1232 5537 Monacl;
1259 5470 1457 5527 sensus
1483 5470 1767 5544 tameuid
1810 5470 2010 5544 poscit.

458 5616 461 5625 λ
618 5540 866 5600 Ὀἐιάάὶι
896 5544 1148 5610 Allatius,
1181 5546 1273 5613 qui
1301 5558 1329 5595 a
1364 5543 1565 5597 verbis
1590 5542 1648 5594 Ei
1676 5541 1724 5593 δ’
1750 5543 1778 5595 6
1808 5540 2014 5607 Φὼτιος

503 5744 578 5816 (α)
606 5742 727 5802 Haec
753 5746 1010 5817 pcricope
1044 5759 1103 5799 ex
1132 5740 1607 5816 Allatii_vcrsioue
1631 5738 1788 5795 data.

2045 4410 2091 4468 Β

2776 3991 3064 4048 ΕΦΕΣΟΥ.

2188 4087 2287 4142 Διὰ
2308 4086 2469 4142 τοῦτο
2499 4087 2598 4151 τὰς
2617 4086 2872 4150 τοιαύτας
2906 4083 3285 4145 ἐπικινδύνους
3336 4085 3523 4154 φωνὰς
3571 4086 3704 4157 περὶ

2117 4181 2215 4251 τῆς
2241 4179 2337 4235 τοῦ
2369 4179 2526 4253 ἁγίου
2561 4179 2882 4251 Πνεύματος
2913 4175 3297 4248 ὲκπορεύσεως
3321 4176 3527 4232 ἀθετῶ.

2736 4274 3103 4327 ΔΠΟΔΟΙΊΔ.

2187 4370 2355 4432 Ποίας
2385 4370 2569 4437 φωνὰς
2598 4363 2783 4421 ἀθετεῖ
2817 4368 2846 4421 6
2893 4366 3078 4434 τίμιος
3124 4362 3279 4429 οὗτος
3312 4381 3327 4433 ;
3367 4364 3466 4428 τὰς
3517 4362 3707 4432 λεγού-

2125 4478 2224 4526 σας
2250 4462 2405 4516 ίδιον
2429 4463 2639 4528 αὐτοῦ,
2667 4460 2762 4514 τοῦ
2794 4457 2923 4514 Υίοῢ
2947 4459 3213 4530 δηλονότι,
3251 4461 3345 4513 καὶ
3371 4459 3440 4524 ἐξ
3474 4456 3662 4511 αὑτοῦ
3687 4474 3705 4522 ;

2136 4554 2300 4610 Ἀλλὰ
2323 4555 2484 4609 τοῦτο
2520 4554 3007 4625 προαποδεδεικται
3038 4554 3112 4617 ὡς
3140 4554 3173 4623 ἡ
3215 4552 3346 4621 ἁγία
3377 4552 3538 4623 τρίτη
3576 4551 3707 4604 σύν-

2123 4647 2243 4710 οδος
2279 4650 2420 4717 μετά
2451 4646 2547 4700 καὶ
2584 4644 2681 4700 τοῦ
2715 4644 3009 4698 θεσπεσίου
3068 4644 3339 4717 Κυρίλλου
3379 4644 3583 4713 μᾶλλον
3621 4642 3711 4693 λέ-

2120 4756 2228 4808 γει.
2269 4739 2433 4795 Ἀλλὰ
2486 4739 2587 4803 τὰς
2642 4737 2712 4793 ἐκ
2764 4739 2996 4814 Πατρός
3048 4735 3123 4791 δι’
3187 4736 3371 4801 Υιοῦ;
3406 4734 3569 4787 Ἀλλὰ
3615 4732 3711 4784 καὶ

2121 4831 2327 4895 ταύτας
2362 4833 2396 4902 ὴ
2430 4830 2563 4900 ἁγία
2615 4830 2975 4901 οίκουμενικὴ
3037 4828 3241 4899 ἑϐδόμη
3296 4826 3509 4889 σύνοδος
3573 4824 3711 4895 μετὰ

2126 4924 2446 4979 Ἀθανασίου
2492 4926 2587 4977 καὶ
2655 4922 2940 4977 Βασιλείου
3001 4922 3096 4975 καὶ
3155 4920 3330 4972 ἄλλων
3386 4920 3556 4985 ἁγίων
3606 4918 3713 4967 τῶν

2120 5019 2228 5088 πρδ
2266 5017 2469 5087 ταύτης
2501 5016 2748 5086 θεολογεϊ
2779 5016 2873 5069 καὶ
2901 5018 2959 5079 ἐς
3002 5014 3232 5085 ὕστερον
3260 5014 3290 5066 6
3327 5013 3470 5075 θεῖος
3526 5014 3715 5080 Δαμαο

2118 5109 2338 5178 σκηνάς.
2383 5098 2547 5161 Ἀλλὰ
2574 5108 2669 5167 τὰ;
2703 5108 2772 5161 ἐκ
2801 5108 2907 5160 τοῦ
2935 5108 3166 5173 Πατρὸς
3194 5106 3289 5157 καί
3307 5104 3374 5157 ἐκ
3406 5103 3510 5158 τοῦ
3535 5102 3714 5164 Υίοῡς

2119 5200 2231 5255 Καὶ
2268 5199 2414 5271 μάλα
2452 5197 2668 5268 τρανῶς
2691 5199 2782 5253 διὰ
2814 5198 2906 5252 τοῦ
2952 5196 3100 5270 ίεροῧ
3136 5196 3232 5251 καὶ
3269 5196 3414 5250 θείου
3456 5194 3713 5264 Μαξίμου

2130 5402 2233 5457 ista
2262 5401 2489 5474 adducit
2520 5408 2712 5474 contra
2746 5400 3082 5474 Creyghton.
3125 5414 3179 5474 p.
3217 5398 3348 5456 509.

2200 5473 2276 5545 (4)
2304 5471 2599 5549 iiucusque
2619 5472 2803 5529 Allatii
2832 5471 3113 5544 allegatto,
3141 5473 3175 5527 Ι.
3213 5486 3263 5526 c.
3398 5488 3401 5491 λ
