4078 6482
372 403 472 469 113

1615 417 1922 480 CONTRA
1957 419 2381 482 EPHESIUM.

3501 421 3598 485 114

369 520 684 591 Πνεύματος
715 523 981 597 ἐλλαμψις
1012 528 1100 584 διά
1129 529 1226 600 τῆς
1242 531 1349 584 τῶν
1377 532 1653 602 θεοφόρων
1675 534 1933 601 Πατέρων

2040 535 2208 604 ipsam
2257 536 2544 601 declarat;
2609 545 2660 592 ct
2719 553 2782 591 ca
2846 550 3196 607 usurpantes,
3251 543 3602 604 mentemque

371 613 652 679 θεολογίας
683 618 780 690 τήν
809 634 866 694 τε
913 619 1173 690 ἀλήθειαν
1235 623 1514 693 ἐμφαίνει,
1551 625 1674 686 τούς
1727 643 1784 678 τε
1843 627 1933 677 λέ-

369 698 570 773 γοντας
600 707 696 759 καὶ¹
733 709 1028 778 ἐχομένους
1071 713 1168 782 τῆς
1201 713 1408 769 τούτων
1465 716 1705 779 διανοίας
1739 717 1770 784 ἦ
1807 695 1935 786 συγ-

365 796 690 870 γράφοντας
721 799 968 874 φωτίζει,
995 803 1089 857 καὶ
1135 807 1248 867 τοῖς
1291 805 1553 860 ἀκούουσι
1583 807 1673 859 τὸν
1733 807 1937 861 ἀνωθεν

377 885 651 955 σωτήριον
680 890 965 959 φωτισμὸν
1026 895 1407 965 ἐπιόραὸεύει.
1439 899 1663 952 Ἕνεκεν
1710 899 1800 952 οῦν
1841 900 1938 970 τῆς

374 976 560 1048 κοινῆς
589 978 794 1051 ταύτης
840 983 1130 1051 ὡφελείας,
1171 990 1262 1042 καὶ
1295 990 1392 1059 τῆς
1423 991 1676 1063 ἀληθείας
1710 993 1939 1062 ἀνευρέ-

377 1084 519 1134 σεως
553 1071 698 1142 (ἡτις
721 1073 934 1143 ὀφείλει
965 1077 1249 1150 ζητεῖσθαι
1263 1083 1325 1136 οῦ
1355 1081 1513 1154 μόνον
1537 1085 1630 1136 ἐπὶ
1667 1085 1762 1138 τῶν
1780 1085 1940 1138 θείων

372 1160 679 1230 δογμάτων,
706 1165 843 1220 ἀλλά
864 1170 957 1222 καὶ
995 1171 1086 1224 ἐπὶ
1115 1176 1313 1237 παντὸς
1372 1175 1531 1228 ἄλλου
1591 1179 1936 1246 πράγματος,

375 1254 552 1319 καθώς
617 1276 783 1330 φησιν
837 1264 864 1314 ό
923 1264 1162 1333 Κύριος·
1195 1269 1436 1334 Ζητεῖτε
1491 1269 1588 1322 καὶ
1627 1270 1938 1342 εὑρήσετε)

373 1349 580 1418 ταύτην
615 1353 706 1405 καὶ
736 1355 900 1423 ἡμεῖς
932 1357 1330 1429 έκζητήσωμεν
1385 1363 1447 1414 ἐκ
1497 1361 1596 1430 τῆς
1643 1363 1751 1415 τῶν
1794 1363 1940 1417 διδα·

375 1441 589 1496 σκάλων
619 1445 926 1515 θεολογίας,
964 1452 1058 1505 καὶ
1114 1453 1212 1525 τὴν
1269 1455 1663 1524 αὐτοαλήθειαν
1707 1457 1940 1527 Χριστὸν

371 1532 462 1584 τὸν
491 1533 625 1587 Θεὸν
675 1538 837 1607 ἡμῶν
873 1541 1264 1613 ἱκετεύσωμεν,
1317 1546 1465 1607 ὅπως
1516 1544 1610 1598 τὸν
1661 1546 1940 1616 φωτισμὸν

373 1627 466 1679 καὶ
495 1629 596 1695 τὴν
630 1629 840 1683 ἀνωθεν
871 1632 1034 1704 χάριν
1085 1637 1458 1706 καταπέμψας
1513 1638 1838 1710 καταυγάσῃ
1887 1639 1942 1691 τὸ

369 1718 468 1788 τῆς
489 1720 732 1786 διανοίας
794 1724 952 1795 ἡμῶν
989 1726 1164 1796 ὄμμα,
1227 1732 1306 1792 εἰς
1338 1731 1399 1783 τὸ
1441 1731 1517 1800 μὴ
1571 1731 1801 1785 κατόπιν
1842 1731 1942 1799 τῆς

371 1812 632 1919 ἀληθείας
659 1816 834 1919 ἐλθεῖν
855 1834 868 1846 ’
920 1819 1082 1882 αὐτὸς
1139 1820 1247 1890 γάρ
1281 1822 1434 1908 ἐστιν¹
1456 1822 1484 1874 ὁ
1519 1822 1686 1876 εἰπών
1708 1839 1721 1854 ο
1756 1825 1939 1891 Χωρίς
1973 1861 2012 1919 Β

370 1902 518 1974 ἐμοῦ
556 1908 627 1961 οὐ
659 1907 925 1964 δύνασθε
949 1912 1146 1966 ποιεῖν
1180 1913 1363 1968 οὐδέν
1388 1929 1402 1944 ·
1431 1905 1531 1968 ¹καί
1566 1931 1580 1947 ο
1639 1913 1759 1982 Πᾶς
1790 1915 1821 1968 ὁ
1849 1917 1933 1970 at-

370 1995 493 2050 τῶν
521 2001 834 2070 λαμϐάνει.
869 2003 1245 2073 Δὺτοαλὴθεια
1273 2006 1382 2074 γὰρ
1419 2005 1495 2059 ὢν
1537 2008 1795 2078 ἀληθείας
1841 2010 1935 2062 ἐκ-

371 2087 549 2157 ζητεῖ,
604 2090 788 2155 καθὼς
829 2095 923 2146 καὶ
988 2095 1129 2158 θεῖος
1176 2095 1338 2150 Δαυῖδ
1387 2097 1584 2165 φησίν·
1619 2099 1934 2166 Ἀληθείας

369 2179 606 2248 ἐκζητεῖ
658 2184 909 2252 Κύριος·
972 2185 1103 2240 καί·
1177 2187 1500 2257 Ἀλήθειαν
1523 2190 1848 2259 μελετήσει
1901 2191 1931 2244 ὁ

368 2273 604 2344 λάρυγξ
637 2293 780 2345 μου.
826 2277 976 2330 Ἐπεὶ
1003 2273 1096 2332 οῦν
1133 2279 1228 2333 καὶ
1265 2283 1296 2334 ὁ
1327 2281 1607 2351 αίδέσιμος
1638 2275 1794 2346 οὗτος
1821 2287 1936 2348 τοῖς

369 2369 684 2440 ἁπανταχοῦ
720 2371 826 2441 γῆς
851 2373 1156 2429 ἐπιστέλλει
1186 2376 1282 2429 καὶ
1308 2376 1417 2429 τῶν
1468 2377 1652 2447 νήσων
1678 2377 1933 2446 εὕρισκο-

373 2461 556 2528 μένοις
575 2463 954 2534 Χριστιανοῖς,
984 2465 1063 2532 ὡς
1091 2465 1157 2521 ἂν
1189 2469 1252 2520 ἐκ
1296 2467 1404 2522 τῶν
1433 2468 1534 2540 ἡδη
1570 2469 1704 2539 πρὸς
1738 2469 1934 2534 αὐτοὺς

367 2553 794 2626 ἐπεσταλμένων
844 2557 947 2626 τὴν
982 2557 1084 2628 τῆς
1139 2545 1374 2622 πίστεως
1403 2560 1666 2630 ἀλήθειαν
1705 2561 1932 2625 λάϐωσι,

369 2647 464 2699 καὶ
490 2647 619 2710 τοὺς
655 2648 766 2702 τῶν
803 2649 1049 2705 Λατίνων
1077 2651 1274 2706 ἕνωσιν
1309 2653 1617 2724 τηροῦντας
1657 2659 1936 2728 ἀποστρα-

371 2737 540 2805 φῶσι,
576 2739 707 2812 φέρε
741 2741 838 2794 καὶ
865 2743 1028 2811 ἡμεῖς
1087 2744 1262 2799 ταῦτα
1306 2747 1372 2814 δὴ
1435 2747 1506 2800 τά
1558 2749 1936 2819 ἐπεσταλμένα

373 2829 720 2900 ἐξετάσωμεν
744 2849 759 2864 ·
794 2835 890 2888 καὶ
927 2837 978 2887 εί
1031 2837 1130 2906 μὲν
1159 2837 1188 2888 ό
1247 2839 1431 2905 τίμιος
1472 2832 1628 2902 οὗτος
1656 2840 1753 2908 τῆς
1806 2841 1936 2910 ἁλη-

373 2919 524 2982 θείας
549 2920 756 2990 ἔχεται,
787 2924 880 2977 καὶ
901 2925 1068 2994 ἡμεῖς
1122 2926 1240 2993 μετ’
1264 2925 1431 2979 αὐτοῦ
1469 2929 1778 2998 στησόμεθα
1805 2928 1938 2980 ταύ-

369 3027 472 3079 την
501 3012 997 3083 ἀνακηρύττοντες,
1051 3015 1148 3069 καὶ
1203 3015 1368 3069 αὑτὸν
1421 3016 1833 3086 μεγαλύνοντες,
1865 3019 1941 3086 ὡς

365 3103 465 3169 τῆς
491 3102 751 3171 ἀληθείας
780 3104 1039 3178 ἐχόμενον
1066 3121 1082 3137 ⁸
1132 3108 1180 3160 εί
1211 3107 1269 3161 δὲ
1302 3108 1494 3180 πόρρω
1543 3127 1646 3162 που
1676 3111 1772 3180 τῆς
1806 3111 1938 3180 άλη-

2041 628 2332 683 doctorum
2393 639 2688 698 sequentes
2729 631 3144 699 scribentesque
3209 628 3502 692 illuminat,
3546 638 3598 682 et

2039 719 2387 774 audientibus
2417 721 2711 775 salutarent
2744 721 2978 789 desuper
2999 720 3472 788 illuminationem
3499 719 3580 774 lar

2041 811 2208 880 gitur.
2269 811 2455 881 Itaque
2489 812 2554 866 ad
2591 827 2933 867 communem
2985 813 3125 866 hanc
3180 811 3425 866 omnium
3463 810 3580 864 utili

2041 910 2231 965 tatem,
2259 912 2314 955 et
2346 902 2596 958 veritatis
2625 903 3067 960 adiuventionem
3105 904 3248 972 (quae
3279 917 3386 958 non
3424 902 3598 957 solum

2043 992 2094 1044 in
2135 991 2337 1047 divinis
2372 993 2742 1064 dogmatibus,
2769 995 2864 1050 sed
2896 993 3061 1050 etiam
3095 995 3287 1064 quavis
3309 995 3419 1064 alia
3457 993 3508 1047 in
3543 1009 3598 1046 re

2041 1085 2209 1148 qumri
2257 1084 2414 1138 debet
2458 1083 2611 1154 juxta
2661 1085 2868 1138 dictum
2914 1083 3124 1139 Domini
3193 1103 3206 1139 :
3271 1085 3502 1150 Quaerite
3555 1097 3599 1137 et

2042 1175 2320 1229 invenietis
2364 1175 2404 1245 ')
2439 1174 2581 1228 illam
2613 1183 2667 1229 et
2692 1191 2790 1230 nos
2819 1175 3201 1245 perquiramus
3225 1189 3288 1228 ex
3319 1175 3599 1229 doctorum

2043 1269 2368 1333 sententiis;
2423 1266 2666 1338 fusisque
2698 1269 2763 1322 ad
2792 1267 3070 1321 Christum
3123 1265 3294 1320 Deum
3328 1277 3601 1326 nostrum,

2043 1363 2135 1432 qui
2168 1362 2282 1432 ipsa
2320 1362 2520 1416 veritas
2550 1370 2631 1416 est
2657 1402 2672 1424 ,
2708 1361 2961 1430 precibus
3016 1367 3290 1429 petamus,
3341 1365 3399 1412 ut
3441 1357 3603 1411 missa

2047 1469 2145 1507 nos
2203 1453 2322 1508 luce
2352 1469 2465 1508 sum
2493 1452 2680 1522 gratia:
2707 1493 2720 1514 .
2754 1453 2954 1507 mentis
2993 1458 3194 1504 nostra:
3230 1450 3448 1504 oculum
3484 1449 3600 1500 illu-

2045 1555 2205 1605 stret.
2258 1559 2327 1597 nc
2383 1545 2610 1613 quaesita
2672 1545 2876 1600 veritas
2905 1560 3006 1598 nos
3031 1541 3275 1611 elittgiat.
3307 1541 3424 1606 ipse
3459 1542 3603 1593 eni-u

2045 1647 2129 1692 cst
2169 1637 2261 1706 qui
2303 1637 2442 1690 dixit
2473 1655 2487 1692 :
2533 1636 2660 1692 Siue
2689 1654 2765 1689 me
2802 1636 2938 1690 nihil
2967 1637 3184 1702 potestis
3214 1634 3389 1703 facere
3418 1633 3437 1662 ¹
3471 1649 3484 1696 ;
3513 1642 3558 1683 ct
3591 1649 3601 1683 :

2047 1729 2231 1784 Omnis
2261 1731 2352 1799 qui
2381 1730 2545 1797 petit,
2581 1730 2767 1796 accipit
2808 1730 2851 1780 ³.
2882 1727 3016 1784 Cum
3045 1727 3117 1782 sit
3146 1727 3290 1780 enim
3325 1726 3439 1796 ipsa
3468 1740 3546 1777 vel
3567 1724 3604 1774 i-

2047 1830 2150 1881 tas,
2189 1834 2317 1873 vera
2351 1820 2620 1890 requirit,
2658 1828 2710 1872 ut
2771 1826 3002 1874 testatur
3033 1827 3089 1871 ct
3126 1826 3350 1872 sanctus
3389 1814 3551 1866 David
3590 1833 3602 1870 :

2056 1909 2340 1964 Veritatem
2371 1911 2590 1980 requirit
2629 1910 2882 1964 Dominus
2918 1909 2972 1975 ⁵;
3025 1916 3078 1964 ct
3108 1927 3119 1961 :
3176 1906 3464 1961 Veritatem
3491 1923 3602 1958 mr-

2041 2001 2302 2055 ditubitur
2342 2011 2526 2073 guttur
2553 2019 2722 2057 meum
2749 2003 2792 2059 '.
2813 2000 3083 2067 Quoniam
3114 2013 3246 2068 ergo
3279 1997 3605 2051 venerabilis

2041 2093 2126 2146 hic
2161 2092 2240 2146 vir
2274 2091 2468 2147 scribit
2511 2093 2576 2147 ad
2631 2107 2824 2147 omnes
2865 2090 3065 2160 ubique
3096 2099 3365 2145 terrarum
3400 2089 3602 2142 insula-

2044 2200 2274 2254 rumque
2327 2186 2538 2240 incolas
2603 2184 2980 2246 Christianos,
3013 2193 3104 2247 ut,
3145 2179 3601 2251 quemadmodum

2043 2279 2320 2349 prioribus
2366 2279 2479 2334 suis
2507 2277 2618 2347 jam
2653 2276 3061 2348 signiﬁcaverat
3094 2273 3312 2339 litteris,
3356 2273 3477 2328 ﬁdei
3511 2289 3602 2325 vc--

2043 2375 2261 2426 ritatem
2298 2371 2574 2440 accipiant
2601 2411 2615 2436 ,
2665 2377 2714 2424 et
2753 2378 3075 2424 avcrscntur
3109 2383 3225 2432 eos,
3268 2365 3360 2434 qui
3393 2377 3601 2432 pactam

2042 2483 2165 2522 cum
2204 2465 2413 2519 Latinis
2455 2465 2712 2518 unionem
2766 2472 2990 2518 tuentur
3037 2481 3052 2528 ;
3107 2477 3205 2532 age
3251 2475 3349 2515 nos
3391 2475 3607 2530 quoque

2041 2557 2421 2613 examinemus
2480 2556 2592 2610 hinc
2641 2555 2759 2625 ipsa
2799 2569 2920 2625 qua:
2953 2555 3145 2611 scribit
3177 2571 3192 2617 ;
3223 2562 3276 2608 et
3307 2552 3352 2608 si
3387 2551 3604 2622 quidem

2040 2651 2289 2721 egregius
2343 2650 2424 2704 vir
2479 2665 2508 2704 a
2555 2649 2786 2704 veritate
2843 2664 2950 2704 non
2992 2647 3272 2709 abhorret,
3306 2660 3406 2699 nos
3443 2643 3605 2697 ctiam

2043 2756 2164 2795 cum
2201 2739 2320 2810 ipso
2363 2739 2634 2793 stabimus
2666 2753 2784 2793 eam
2827 2737 3283 2806 deprmdicantes,
3318 2735 3609 2804 ipsumque

2046 2831 2298 2887 laudibus
2332 2831 2683 2896 extollentes,
2723 2839 2911 2899 utp0tc
2938 2829 3190 2886 veritatis
3221 2829 3495 2891 amicum;
3526 2825 3607 2878 siu

2047 2929 2226 2974 autem
2258 2923 2413 2991 longe
2437 2923 2657 2976 aberrat
2690 2937 2718 2974 a
2758 2921 3010 2983 veritate,
3035 2919 3262 2988 prolatis
3295 2925 3608 2972 sanctorum

2046 3011 2229 3079 dictis,
2250 3012 2426 3080 palam
2453 3012 2759 3081 legentibus
2787 3009 3226 3078 faciemus,quid
3248 3006 3311 3061 ad
3332 3006 3449 3076 ejus
3477 3006 3609 3058 seri.

2045 3112 2134 3174 pta
2168 3099 2632 3172 respondeamus;
2660 3112 2716 3158 ut
2749 3101 3074 3172 intelligant,
3111 3107 3230 3154 utra
3263 3114 3388 3168 pars
3423 3113 3609 3152 verum

369 3195 518 3259 θείας
548 3195 721 3263 λέγει,
753 3199 821 3250 τὰ
853 3195 962 3250 τῶν
997 3197 1170 3266 ἁγίων
1223 3199 1487 3269 Πατέρων
1526 3201 1841 3268 προθέντες,
1873 3204 1933 3257 δι’

2046 3196 2211 3260 dicat,
2245 3205 2298 3250 et
2345 3210 2532 3250 secum
2571 3195 2820 3250 veritatis
2862 3193 3154 3250 candorem
3208 3190 3452 3256 habeat;
3491 3205 3610 3258 qua:

367 3286 550 3340 αὐτῶν
579 3285 679 3357 τὴν
706 3287 1010 3356 ἀπολογίαν
1036 3291 1148 3352 τοῖς
1185 3290 1576 3361 ἐντυγχάνουσι
1631 3293 1937 3363 κατάδηλον

367 3379 687 3448 ποιὴσομενο
748 3379 896 3440 ὅπως
931 3379 1152 3447 γνῶσιν,
1202 3383 1463 3450 ὁπότερον
1522 3385 1687 3456 μέρος
1723 3385 1936 3454 τάληθῆ

365 3468 534 3536 λέγει,
560 3468 746 3522 καὶτὸ
771 3469 1098 3542 λευκότερον
1144 3472 1264 3540 μεθ’
1296 3474 1495 3527 ἑαυτοῦ
1523 3477 1656 3544 ἔχει,
1688 3477 1768 3540 τίς
1807 3476 1862 3528 δὲ
1909 3478 1937 3528 ό

365 3560 980 3632 παρασυλλογιζόμενος
1011 3563 1105 3616 καὶ
1131 3563 1198 3616 τὰ
1222 3563 1398 3634 ψευδῆ
1419 3564 1598 3634 λέγων
1633 3565 1728 3619 καὶ⁵
1755 3569 1938 3632 ἀμαυ-

367 3653 455 3722 ρά.
511 3652 652 3706 Ἀλλ’
675 3653 797 3706 ἐπεὶ
829 3655 922 3706 καὶ
973 3653 1140 3724 ἄμφω
1173 3655 1242 3708 τὰ
1294 3656 1435 3726 μέρη
1489 3657 1650 3722 αὑτός
1679 3675 1736 3710 τε
1767 3658 1933 3727 δηλοῖ,

366 3748 463 3799 καὶ
495 3748 658 3816 ἡμεῖς
689 3749 747 3800 to
772 3749 1024 3818 κρεῖττον
1060 3751 1154 3803 καὶ
1183 3750 1388 3821 ἀληθὲς
1435 3752 1690 3822 κατέχειν
1721 3753 1935 3823 νομίζο-

369 3857 495 3908 μεν,
530 3838 766 3893 ἒπεσθαι
799 3840 1036 3903 ,πάντως
1083 3842 1296 3912 ἀνάγκη
1344 3846 1466 3905 ταῖς
1503 3844 1622 3926 Ιτῶν
1665 3845 1935 3915 θεοφόρων

369 3931 632 4003 Πατέρων
659 3932 991 4004 μαρτυρίαις
1027 3934 1219 4005 ὥσπερ
1250 3937 1387 4004 φωτί
1412 3952 1426 3967 ο
1454 3935 1538 3988 ἵνα
1570 3937 1662 3989 δύο
1707 3939 1932 4008 χρωμά-

362 4042 472 4078 των
499 4024 690 4088 δντων,
721 4024 957 4095 ἐρυθροῦ
984 4042 1040 4078 τε
1077 4028 1170 4080 καὶ
1203 4027 1455 4096 μέλανος,
1487 4028 1718 4081 ἑκάστου
1753 4029 1933 4098 λέγον-

357 4132 449 4178 τος
485 4103 548 4167 τό
575 4115 802 4185 ἐρυθρὸν
833 4119 1085 4188 κατέχειν
1124 4119 1220 4170 καὶ
1301 4117 1585 4187 βασιλικὸν
1645 4120 1737 4171 καὶ
1796 4121 1934 4190 χρὴ-

359 4222 537 4272 σιμον,
594 4204 682 4258 διὰ
727 4207 787 4258 τὸ
842 4207 946 4260 ὑπὸ
979 4207 1072 4260 τοῦ
1134 4208 1312 4276 φωτὸς
1365 4207 1440 4278 μὴ
1500 4209 1822 4278 ἐλέγχεσθαι
1871 4214 1933 4263 τὸ

355 4296 611 4358 ἑκάστου,
643 4297 739 4350 τοῦ
770 4297 870 4368 μὲν
909 4299 1167 4370 ἡπλάνη,
1198 4300 1292 4353 τοῦ
1331 4301 1384 4353 δέ
1413 4301 1706 4371 φανερωθῇ
1740 4304 1772 4372 ἡ
1802 4303 1932 4372 ἀλή-

356 4391 478 4442 θεια
500 4405 516 4422 ⁸
550 4389 650 4442 οὐκ
682 4390 905 4444 ἄλλοθεν
929 4391 988 4443 δὲ
1016 4392 1076 4444 τὸ
1110 4392 1248 4461 φῶς,
1276 4391 1348 4454 ὡς
1377 4391 1620 4462 εἴρηται,
1647 4395 1694 4445 εἰ
1727 4392 1801 4464 μὴ
1831 4395 1934 4447 ὑπὸ

352 4483 465 4534 τῶν
500 4481 776 4553 θεοφόρων
809 4484 904 4536 καὶ
931 4483 1104 4550 ἀγίων
1143 4485 1428 4554 ιῖατέρων,
1467 4485 1667 4544 οἵτινες
1695 4487 1800 4538 ὑπὸ
1834 4486 1930 4539 τοῦ

2044 3298 2232 3344 contra
2291 3286 2498 3340 vitiosis
2535 3295 2719 3340 utatur
2751 3285 3114 3358 syllogismis,
3151 3292 3204 3338 et
3253 3281 3596 3338 obscuritate

2045 3382 2316 3438 mendacii
2380 3382 2709 3436 tenrbrosis.
2758 3379 2864 3436 Sed
2927 3381 3190 3450 quoniam
3240 3377 3355 3443 ipse
3391 3377 3610 3450 profert

2042 3492 2158 3543 quae
2190 3483 2319 3528 sunt
2352 3475 2639 3543 utriusque
2673 3471 2842 3542 partis
2869 3513 2881 3534 .
2920 3481 2971 3525 et
3007 3486 3105 3526 nos
3145 3472 3351 3525 sentire
3388 3470 3605 3532 melius,

2040 3577 2094 3622 et
2124 3569 2409 3621 veritatem
2435 3581 2463 3619 a
2495 3565 2651 3619 nobis
2683 3580 2805 3619 esse
2837 3563 3188 3628 arbitramur,
3219 3573 3301 3617 est
3327 3563 3482 3630 plane
3517 3578 3606 3614 uc-

2041 3658 2342 3714 cessarium
2401 3667 2720 3712 sanctorum
2790 3653 3010 3709 Patrum
3072 3655 3226 3724 sequi
3289 3655 3602 3710 testimotra

2040 3749 2198 3820 quasi
2257 3749 2428 3803 facem
2498 3748 2916 3816 prwlncentcm,
2949 3757 3004 3802 ttt
3035 3746 3203 3802 voluti
3232 3747 3447 3802 duobus
3484 3764 3606 3817 pru-

2041 3842 2238 3912 positis
2289 3841 2588 3905 coloribus,
2638 3839 2805 3894 rubro
2848 3847 2902 3895 ct
2936 3839 3114 3910 nigro,
3153 3839 3197 3894 si
3233 3842 3606 3910 unusquisque

2038 3933 2185 3988 dicat
2238 3949 2295 3986 se
2357 3931 2580 3985 rubrum
2617 3939 2670 3983 et
2703 3930 2910 4000 regium
2950 3941 3003 3984 et
3043 3929 3346 3999 pretiosum
3381 3929 3602 3992 ilttbcn',

2040 4041 2146 4078 non
2214 4031 2482 4094 ptzescnte
2543 4022 2771 4084 lumine,
2826 4037 2922 4090 per
2968 4021 3112 4088 quod
3146 4021 3384 4075 discerni
3431 4023 3605 4090 possit

2041 4118 2168 4184 quid
2209 4116 2444 4184 quisque
2482 4115 2677 4168 habeat
2705 4152 2719 4176 ,
2759 4113 3129 4183 pcrspiciatur
3160 4114 3304 4178 lucc,
3330 4113 3454 4182 quis
3497 4112 3605 4165 fal-

2037 4223 2183 4273 sum,
2221 4206 2345 4275 quis
2402 4221 2587 4259 verum
2645 4213 2874 4260 asserat.
2905 4205 3071 4262 Porro
3120 4205 3300 4260 lumen
3347 4207 3446 4260 hoc
3496 4221 3602 4258 non

2037 4297 2278 4363 aliunde,
2342 4314 2506 4367 quam
2549 4312 2583 4366 la
2629 4295 2736 4350 Deo
2772 4297 2945 4367 plenis
2971 4298 3178 4356 Sanctis
3209 4298 3464 4354 Patrihus
3507 4297 3602 4351 ha-

2037 4389 2148 4444 beri
2205 4398 2406 4461 potest,
2456 4400 2514 4444 ut
2570 4375 2852 4446 diximus:
2912 4390 3002 4460 qui
3070 4407 3098 4445 a
3159 4401 3352 4445 sancto
3395 4390 3600 4460 Spiritu

2038 4482 2296 4537 illustrati
2344 4471 2440 4553 per
2475 4484 2724 4538 veritatis
2761 4485 3056 4555 dogmata,
3104 4483 3234 4538 solis
3267 4481 3443 4538 instar
3478 4483 3601 4537 illu-

353 4576 498 4628 θείου
543 4574 1289 4644 Πνεύματοςέλλᾶμφθὲντες
1349 4580 1466 4637 tot;
1518 4578 1616 4646 τῆς
1670 4579 1928 4648 ἀληθείας

2039 4576 2248 4629 minant
2296 4591 2390 4630 eos
2448 4576 2538 4644 qui
2577 4585 2689 4631 tota
2728 4585 2911 4630 mente
2942 4576 3264 4644 exquirunt,
3294 4583 3347 4629 cl
3376 4590 3598 4629 sensum

349 4667 609 4736 δόγμασι,
659 4667 818 4737 δίκην
849 4667 1003 4737 ἡλίου
1037 4666 1336 4736 φωτίζουσι
1399 4668 1523 4731 τοῦς
1561 4666 1928 4739 ὲκζητοῦνῖας

347 4764 655 4833 ὁλοσχερῶς
686 4764 782 4817 καὶ
819 4765 910 4817 τὸν
966 4763 1091 4817 νοῦν
1119 4763 1298 4817 αὐτῶν
1351 4765 1712 4833 ἐρευνῶντας.
1751 4766 1927 4836 Ποθή-

351 4871 549 4918 σαντες
578 4856 686 4925 γάρ
717 4856 1078 4928 ἐξεζήτησαν,
1126 4857 1222 4910 καὶ
1281 4858 1690 4928 ἐκζητήσαντες
1744 4859 1922 4930 εὖρον,

345 4941 423 5009 ῶς
457 4946 668 5016 φησινὴ
691 4947 864 5016 Σοφία
883 4963 898 4978 ο
929 4950 994 5001 Oi
1020 4946 1339 5016 ζητοῦντές
1354 4966 1430 5018 με
1454 4953 1564 5018 γὰρ
1589 4950 1926 5018 εὐρήσοιεσί

340 5051 443 5106 με·
476 5039 568 5086 καὶ
602 5036 751 5105 ἡμᾶς
791 5039 868 5098 είς
901 5037 1059 5092 τοῦτο
1093 5039 1518 5110 προτρέπουσιν,
1550 5041 1637 5094 ἵνα
1672 5043 1746 5112 μὴ
1775 5043 1917 5113 ψιλῷ

345 5126 426 5198 τῷ
454 5127 743 5198 γράμματι
769 5129 867 5198 τῆς
893 5129 1150 5200 ἀληθείας
1203 5133 1553 5203 ἐκπέσωμεν,
1590 5134 1664 5196 ὼς
1695 5135 1742 5188 οἱ
1787 5136 1919 5188 Ἰου-

342 5221 510 5275 δαῖοι.
544 5219 713 5273 Τοῦτο
738 5221 838 5273 σὺν
878 5223 990 5284 τοῖς
1024 5223 1205 5285 ἀλλοις
1235 5225 1482 5295 Πατρέισι
1506 5225 1598 5278 καὶ
1643 5223 1919 5292 Βισίλειος

341 5313 371 5364 ό
391 5312 586 5377 Μέγας
611 5312 670 5366 ἐν
698 5312 776 5382 τῷ
812 5313 935 5366 κατ’
963 5315 1234 5386 Εὐνομίου
1292 5317 1500 5390 πρώτῳ
1538 5319 1684 5389 λόγῳ
1712 5322 1875 5390 φησιν
1903 5336 1914 5349 ·

341 5404 444 5470 ὡς,
479 5401 545 5456 Et
570 5421 650 5466 τις
684 5405 1063 5474 ἀϐασανίστως
1091 5411 1231 5462 κατὰ
1254 5409 1356 5480 τὴν
1383 5411 1671 5482 πρόχειρον
1693 5411 1920 5482 ἐκδοχὴν

349 5492 496 5566 ψιλῷ
532 5495 908 5564 παρίστασθαι
941 5501 1276 5572 φιλονεικοίη
1311 5501 1390 5572 τῷ
1440 5503 1750 5572 πράγματι,
1781 5504 1917 5569 πρὸς

354 5585 687 5652 Ἱουδαῖκοῦς
710 5590 1095 5662 καλγραώδεις
1127 5592 1332 5663 μύθους
1386 5594 1740 5663 ἀνατραπεὶς,
1773 5612 1916 5646 πτω-

340 5677 439 5748 χδς
469 5677 752 5744 παντελῶς
780 5681 891 5735 τῶν
913 5684 1082 5749 ἀξίων
1111 5684 1240 5754 περὶ
1272 5684 1408 5739 Θεοῦ
1433 5685 1716 5756 νοημάτων
1742 5704 1910 5740 κατα-

409 5859 428 5893 ⁸
456 5854 650 5916 Matth.
686 5876 778 5929 vn,
810 5863 866 5918 Ἱ.
945 5865 963 5894 '
999 5862 1156 5920 Joan.
1186 5881 1274 5933 xv,
1315 5865 1365 5920 5.
1448 5866 1465 5898 ³
1490 5865 1680 5920 Matth.
1708 5883 1800 5932 vu,
1836 5867 1886 5922 8.

1987 5863 2005 5894 ⁸
2037 5863 2184 5919 Psal.
2221 5879 2351 5928 xxx,
2383 5860 2453 5916 21-

2033 4666 2251 4721 illorum
2306 4665 2797 4722 scrutantur.Nam
2841 4667 2916 4720 illi
2961 4665 3239 4721 desiderio
3269 4665 3476 4720 incensi
3503 4682 3599 4718 cx-

2032 4761 2360 4830 quisierunt,
2387 4768 2441 4812 ct
2488 4760 2842 4830 exquirentes
2883 4758 3234 4821 invenerunt,
3285 4765 3343 4810 ut
3393 4755 3467 4825 ait
3502 4755 3600 4810 Sa—

2030 4849 2267 4920 pientia:
2303 4850 2408 4915 Qui
2439 4860 2682 4920 quwrunt
2714 4866 2814 4914 me,
2877 4847 3136 4902 invenient
3171 4864 3250 4902 me
3285 4848 3306 4879 ⁸
3337 4863 3354 4913 ;
3411 4857 3466 4902 et
3498 4865 3598 4904 nos
3639 4895 3642 4898 .

2019 4945 2094 5004 ad
2134 4944 2233 4998 hoc
2263 4943 2403 4997 idem
2441 4941 2750 4996 faciendum
2785 4942 3097 5000 hortantur,
3134 4954 3202 4994 ne
3238 4939 3478 4994 litteram
3511 4958 3621 4995 50,-.

2028 5046 2260 5106 quentes
2287 5033 2514 5099 nudam,
2551 5043 2609 5089 ut
2636 5033 2830 5100 Judaei,
2867 5031 2934 5088 ad
2968 5032 3250 5088 veritatem
3284 5033 3456 5104 ipsam
3492 5049 3595 5086 non

2030 5133 2434 5202 perveniamus.
2464 5127 2573 5180 lloc
2600 5141 2729 5179 sane
2761 5135 2872 5179 tum
2903 5122 3097 5194 reliqui
3127 5122 3471 5188 Patres,tum
3495 5121 3596 5176 Ba-

2029 5225 2188 5277 silius
2247 5220 2475 5290 Magnus
2542 5217 2717 5286 primo
2792 5224 2990 5270 contra
3064 5211 3390 5268 Eunomium
3458 5213 3596 5264 libro

2027 5319 2227 5371 docet:
2272 5313 2329 5367 Si
2372 5311 2494 5382 quis
2537 5310 2708 5373 enim,
2763 5307 2963 5377 inquit,
3020 5308 3166 5360 nulla
3204 5305 3598 5375 disquisitione

2029 5407 2268 5462 adhibita
2322 5421 2434 5460 rem
2475 5403 2546 5456 ita
2599 5397 3017 5469 intelligendam
3075 5411 3198 5451 esse
3262 5393 3596 5458 contendat,

2028 5510 2086 5551 ut
2131 5511 2248 5552 sese
2299 5495 2473 5566 primo
2522 5489 2681 5548 oll‘ert
2733 5497 2982 5559 aspectu,
3036 5492 3080 5542 is
3137 5489 3202 5539 ad
3241 5483 3500 5542 Judaicas
3537 5495 3602 5541 ct.

2025 5590 2231 5646 seniles
2283 5588 2498 5642 fabulas
2539 5585 2857 5648 devolutus,
2895 5583 3051 5651 inops
3083 5579 3307 5634 Omnino
3347 5593 3374 5631 a
3417 5581 3595 5633 sensi-

2033 5686 2136 5739 bus
2161 5683 2271 5736 Deo
2334 5679 2515 5750 dignis
2566 5683 2948 5735 consenescat.
3012 5674 3200 5744 Itaque
3259 5674 3402 5744 quod
3466 5688 3592 5744 pro-

2599 5860 2756 5918 ?rov.
2793 5873 2845 5914 τᾳ
2874 5872 2910 5922 l,
2943 5856 2994 5909 7.
3076 5858 3093 5888 ο
3130 5857 3254 5927 Sap.
3288 5875 3359 5922 vi,
3397 5859 3478 5912 l3.
