4078 6482
464 432 564 504 115

1362 422 1748 492 GREGORII
1778 429 2084 494 ΜΑΜΜΒ
2110 429 2225 494 CP.
2270 429 2785 496 PATRIARCHE

3597 431 3702 498 116

461 551 736 614 misimus,
776 545 1109 603 venerabilis
1161 545 1388 616 Ephesii
1441 546 1588 600 dicta
1621 545 1775 616 prius
1809 546 2026 616 singula

2141 551 2387 622 γηράσει.
2423 551 2579 624 Kurd.
2607 549 2740 620 γοῦν
2766 549 2865 626 τὴν
2883 548 3220 620 ἱπαγγελίαν
3245 546 3408 620 ἡμῶν
3437 550 3705 624 πρότερον

459 649 800 714 exponentes
827 680 842 706 ,
897 647 1010 694 tum
1058 644 1280 695 nostras
1311 638 1479 695 etiam
1511 639 1904 710 responsiones
1935 653 2029 708 ap-

461 747 726 805 ponomus
773 729 934 788 fultas
985 729 1318 788 deiferorum
1350 739 1774 801 sanctorumque
1806 729 2027 786 Patrum

459 826 787 884 testimoniis
817 866 834 893 ,
865 831 926 881 ut
957 827 1051 881 nat
1083 841 1181 897 per
1212 839 1277 882 ea
1309 825 1608 882 manifesta
1639 826 1863 881 veritas.
1892 825 2027 881 Nam

359 910 372 989 ζ
459 931 641 975 sermo
678 918 785 974 ﬁde
813 919 1102 989 dignorum
1143 916 1472 974 auctoritate
1509 916 1760 974 ﬁrmatus
1807 917 2029 974 eviden-

353 1010 363 1027 ’
458 1017 568 1070 tem
604 1011 767 1069 habet
794 1010 880 1068 sui
917 1010 1469 1068 demonstrationem.

1119 1193 1366 1252 EPHES.

527 1290 636 1358 Qui
687 1289 810 1347 dira
861 1306 962 1346 nos
1011 1290 1330 1360 captivitate
1361 1289 1707 1360 captivarunt
1736 1327 1752 1351 ,
1778 1295 1942 1355 atque
1975 1287 2028 1342 in
2057 1361 2060 1364 ἢ

458 1379 786 1446 Latinorum
821 1386 1020 1440 rituum
1058 1385 1488 1455 dogmatumque
1539 1381 1868 1451 Babylonem
1905 1383 2031 1436 abs-

460 1479 681 1535 trahere
719 1478 1048 1545 voluerunt,
1097 1479 1147 1533 id
1199 1478 1415 1547 quidem
1484 1475 1784 1547 perducere
1813 1477 1878 1530 ad
1909 1477 2029 1531 exi-

460 1583 577 1628 tum
619 1585 963 1642 nequaquam
1002 1579 1320 1642 potuerunt,
1362 1579 1559 1624 natura
1595 1569 1865 1625 absonum
1905 1585 2030 1625 esse

461 1665 882 1734 perspicientes,
908 1672 961 1719 et
999 1672 1272 1734 praeterea
1303 1663 1669 1734 impossibile,
1701 1664 1794 1718 sed
1827 1664 1882 1719 in
1919 1679 2033 1719 me-

462 1756 552 1810 dia
581 1755 813 1825 quadam
876 1755 1092 1811 itineris
1155 1764 1310 1826 parte
1363 1755 1722 1813 subsistentes
1759 1765 1872 1811 tum
1905 1755 2030 1825 ipsi,

2129 643 2329 698 τὰτοῦ
2363 643 2649 714 αἰδεσίμου
2697 643 2928 712 Ἐφέσου
2991 641 3288 714 προθέντες
3335 641 3481 697 κατὰ
3511 645 3699 716 μέρος,

2131 736 2414 807 ἑπομένως
2448 737 2541 790 καὶ
2562 738 2661 800 τὰς
2691 733 2968 808 ἡμετέρας
3013 734 3316 802 ἀπολογίας
3366 734 3705 807 ιπιθήσομεν

2133 829 2275 900 μετὰ
2307 830 2400 884 καὶ
2432 827 2533 900 τῆς
2563 830 2674 883 τῶν
2709 829 2996 899 θεοφόρων
3043 830 3311 898 Πατέρων
3375 831 3468 884 καὶ
3531 831 3705 900 ἁγίων

2133 922 2466 994 μαρτυρίας,
2537 922 2608 976 ἵν’
2663 921 2725 987 ἐξ
2762 921 3008 992 αὐτῶνή
3075 919 3300 992 ἀλήθεια
3346 923 3554 993 φανερὰ
3606 925 3702 992 γέ-

2131 1032 2288 1086 νηται
2310 1030 2324 1045 '
2373 1015 2402 1070 ὁ
2444 1014 2552 1085 γὰρ
2589 1013 2648 1082 ἐξ
2678 1015 2904 1082 ἐνδόξων
2927 1015 3087 1083 λόγος
3119 1014 3510 1087 βεϐαιούμενος
3541 1019 3704 1072 ἀνανν

2133 1107 2390 1179 τίρρητον
2419 1108 2531 1179 ἔχει
2559 1111 2658 1180 τὴν
2688 1107 2992 1173 ἀπόδειξιν.

2801 1203 2993 1257 ΕΦΕΣ.

2202 1293 2264 1346 Οί
2293 1293 2391 1360 τὴν
2421 1293 2598 1363 κακὴν
2627 1295 2774 1366 ἡμᾶς
2805 1294 3196 1362 αἰχμαλωσίαν
3219 1296 3704 1368 αἰχμαλωτεύσαν-

2132 1401 2246 1450 τες,
2282 1385 2377 1440 καὶ
2429 1384 2567 1456 πρὸς
2603 1385 2700 1456 τὴν
2729 1385 3024 1440 Βαϐυλῶνα
3079 1386 3190 1439 τῶν
3222 1387 3530 1441 Λατινικῶν
3566 1387 3703 1440 ἐθῶν

2132 1478 2228 1532 καὶ
2254 1477 2541 1546 δογμάτων
2574 1477 2907 1548 θελήσαντες
2939 1477 3272 1548 κατασῦραι,
3300 1477 3460 1532 τοῦτο
3493 1479 3590 1548 μὲν
3605 1479 3703 1532 ούκ

2131 1570 2480 1641 ἠδυνήθησαν
2505 1570 2740 1638 ἀγαγεῖν
2765 1573 2846 1634 είς
2878 1571 3052 1640 πέρας
3079 1571 3307 1626 αὐτόθεν
3336 1587 3396 1624 τε
3426 1571 3704 1642 ἁπεμφαίο

2132 1678 2225 1714 νον
2253 1663 2510 1730 ὁρῶντες,
2539 1662 2636 1715 καὶ
2653 1660 2827 1725 ἄλλως
2851 1661 3136 1729 ἀδύνατον,
3200 1663 3258 1716 ὲν
3307 1662 3458 1733 μέσῳ
3505 1663 3563 1716 δέ
3600 1680 3704 1716 που

2131 1753 2231 1822 τῆς
2263 1753 2384 1806 ὀδοῦ
2435 1753 2872 1823 καταμείναντες
2907 1752 3066 1808 αὐτοί
3099 1771 3157 1807 τε
3191 1757 3292 1806 καὶ
3342 1754 3457 1807 ὅσοι
3496 1753 3704 1818 τούτοις

463 1859 578 1902 tum
633 1857 936 1905 sectatores
986 1864 1216 1912 eorum,
1277 1863 1456 1917 neque
1483 1849 1596 1920 jam
1631 1857 1764 1906 sunt
1800 1849 2032 1920 amplius

2141 1845 2604 1915 ἐπηκολούθησαν,
2658 1841 2774 1898 οὔτ’
2833 1843 3011 1899 ἐκεῖνο
3069 1844 3255 1899 λοιπὸν
3309 1845 3703 1915 μεμενήκασιν,

461 1941 609 2010 quod
661 1950 839 2008 erant,
892 1959 1068 2014 neque
1123 1943 1257 1998 illud
1288 1958 1541 2008 evasere,
1571 1943 1637 1998 ad
1666 1943 1813 2011 quod
1843 1942 2034 1999 tende-

459 2032 634 2101 bant;
665 2050 787 2088 nam
826 2035 1012 2090 relicta
1056 2035 1274 2106 quidem
1308 2045 1391 2091 est
1427 2037 1495 2090 ab
1534 2037 1601 2092 iis
1631 2033 2032 2108 Hierosolyma,

460 2140 581 2194 quae
626 2141 750 2181 vere
798 2135 881 2183 est
921 2129 1071 2197 pacis
1097 2128 1258 2196 visio,
1312 2140 1366 2184 et
1405 2127 1537 2183 Sion
1570 2143 1751 2193 mons,
1821 2128 1925 2184 hoc
1953 2133 2037 2183 est

463 2217 621 2274 iirma
646 2227 699 2273 et
733 2222 1067 2274 inconcussa
1103 2219 1276 2285 ﬁdes;
1306 2236 1500 2275 verum
1539 2218 1658 2277 ﬁeri
1697 2227 1752 2274 et
1784 2219 1892 2274 dici
1928 2233 2033 2274 un-

459 2327 627 2382 quam.
678 2309 962 2384 Babylonii
1014 2327 1113 2368 nec
1153 2314 1374 2375 volunt,
1434 2327 1536 2367 nec
1584 2319 1858 2382 possunt;
1892 2313 2035 2368 hanc

458 2417 592 2456 sane
620 2401 691 2456 ob
720 2416 943 2460 causam
977 2402 1212 2458 vocandi
1238 2403 1436 2457 merito
1454 2401 1877 2466 Graeco-Latini,
1915 2403 2034 2460 usi-

461 2499 572 2548 tato
605 2501 784 2548 autem
819 2492 1044 2548 nomine
1081 2494 1244 2563 vulgo
1277 2494 1530 2564 appellati
1558 2493 1956 2550 Latinizantes.

1163 2583 1364 2642 RESP.

528 2678 666 2733 Cum
715 2677 965 2747 epistolae
1002 2693 1115 2734 suae
1151 2679 1234 2734 vir
1263 2679 1500 2736 eximius
1557 2680 1773 2736 titulum
1816 2695 2032 2752 praeno-

460 2771 684 2835 tavcrit,
739 2771 807 2824 ad
855 2783 1047 2828 omnes
1089 2771 1294 2841 ubique
1319 2772 1565 2829 locorum
1603 2784 1657 2830 et
1695 2773 2030 2836 insularum,

460 2867 516 2915 ct
544 2858 779 2917 salutem
831 2860 945 2917 illis
990 2861 1378 2932 impertiverit,
1413 2865 1598 2920 statim
1639 2865 1927 2921 exorditur
1961 2864 2030 2920 ab

460 2949 694 3008 historia
739 2951 1100 3022 captivitatis,
1145 2968 1267 3024 qua:
1322 2952 1462 3010 facta
1504 2963 1589 3011 est
1629 2955 1905 3028 quondam
1961 2955 2032 3013 ab

457 3038 765 3097 Jerusalem
797 3043 852 3098 in
889 3043 1245 3114 Babylonem,
1283 3061 1596 3103 sermonem
1628 3047 1818 3106 volens
1847 3049 2034 3105 suavi-

462 3141 575 3188 tate
627 3134 862 3203 quadam
931 3136 1299 3206 perfundere,
1360 3147 1416 3194 et
1446 3138 1729 3196 auditores
1791 3147 2032 3195 attentos

2137 1933 2262 1990 οὕτε
2293 1935 2456 1990 τοῦτο
2485 1937 2816 2007 γέγονασινο
2852 1935 3209 2008 Ἰεροσόλυμα
3268 1936 3365 2007 μὲν
3411 1935 3708 1991 ἀπολιπόνο

2135 2043 2252 2095 τες,
2281 2026 2381 2097 τὴν
2433 2027 2512 2090 ώς
2565 2025 2786 2099 άληθῶς
2833 2027 3025 2099 δρασιν
3075 2027 3178 2097 τῆς
3231 2027 3482 2099 είρήνης,
3512 2026 3606 2081 καὶ
3650 2025 3709 2080 τδ

2135 2119 2277 2174 Σιὼν
2320 2121 2470 2192 ὅρος,
2523 2121 2623 2192 τὴν
2662 2119 2890 2193 βεϐαίαν
2959 2123 3146 2178 πίστιν
3169 2122 3266 2176 καὶ
3291 2121 3580 2176 ἄσειστονο
3612 2118 3708 2172 καὶ

2136 2211 2476 2269 Βαϐυλώνιοι
2506 2213 2565 2269 δδ
2615 2213 2873 2286 γενεσθαι
2913 2216 3048 2271 ποτὶ
3105 2215 3204 2270 καὶ
3253 2214 3523 2285 κληθῆναι
3574 2212 3709 2284 μήτε

2137 2305 2458 2377 βουλόμενοι
2489 2305 2628 2378 μήτε
2649 2307 2960 2380 δυνάμενοι,
2986 2306 3080 2361 καὶ
3101 2306 3189 2362 διὰ
3212 2305 3362 2360 τοῦτ’
3391 2303 3460 2360 ἂν
3475 2305 3703 2369 δικαίως

2135 2399 2429 2468 κληθέντες
2459 2399 2895 2471 Γραικολαττνοι,
2924 2397 3249 2471 καλούμενοι
3272 2397 3320 2452 δ’
3351 2391 3448 2452 οὖν
3465 2396 3572 2451 ὑπὸ
3594 2395 3703 2450 τῶν

2136 2493 2347 2547 πολλῶν
2374 2492 2797 2564 Δατινόφρονες.

2183 2573 2187 2577 ’
2730 2577 3099 2640 ΑΠοΑοΓιΑ.

2209 2675 2337 2740 Τοῖς
2364 2673 2684 2746 ἁπανταχοῦ
2727 2680 2834 2746 γῆς
2877 2675 2970 2730 καὶ
3024 2671 3133 2730 τῶν
3166 2676 3350 2747 νήσων
3396 2671 3712 2741 ἐπιστείλας

2133 2768 2162 2821 ὁ
2199 2767 2382 2836 τίμιος
2407 2759 2564 2830 οὗτος
2596 2765 2760 2835 ἀνὴρ,
2796 2767 2890 2820 καὶ
2917 2767 3134 2839 χαίρειν
3177 2766 3518 2839 προσειπὼν,
3550 2767 3712 2832 εὐθὺς

2132 2860 2243 2916 ἀπὸ
2277 2859 2518 2931 ἱστορίας
2580 2859 2812 2931 ἄρχεται
2864 2861 2964 2930 τῆς
3022 2860 3190 2914 πάλαι
3233 2861 3364 2914 ποτὶ
3413 2863 3711 2932 γενομένης

2133 2953 2517 3026 αίχμαλωσίας
2569 2953 2681 3008 ἀπὸ
2723 2951 3092 3026 Ἰερουσαλὴμ
3132 2957 3211 3018 είς
3256 2947 3579 3017 Βαϐυλῶνα.
3618 2955 3712 3008 τὸν

2132 3043 2292 3116 λόγον
2317 3047 2584 3117 ήδύτερον
2615 3045 3042 3101 κατασκευάσαι
3085 3045 3430 3117 βουλόμενος.
3463 3048 3556 3100 καὶ
3585 3045 3712 3110 τοὺς

2133 3137 2412 3209 ἀκροατὰς
2459 3137 2726 3208 διεγεῖραι
2779 3139 2917 3207 πρὸς
2979 3139 3081 3209 τὴν
3152 3139 3262 3192 τῶν
3317 3139 3711 3209 ῥηθησομένων

459 3227 690 3282 reddere
719 3227 786 3282 ad
818 3228 1090 3283 audienda
1121 3247 1243 3299 quae
1270 3230 1546 3287 dicentur.
1580 3232 1712 3287 Nam
1749 3234 2029 3305 allegorici

2141 3233 2429 3304 ἀκρόασιν.
2468 3233 2529 3286 '0
2552 3235 2662 3301 γὰρ
2707 3231 3072 3302 ἁλληγορικδς
3131 3231 3289 3299 λόγος
3322 3233 3458 3300 πρὸς
3489 3234 3589 3303 τὴν
3622 3232 3713 3287 θέο

461 3320 742 3376 sermonis
775 3320 1060 3391 proprium
1091 3329 1176 3377 est
1197 3361 1213 3388 ,
1238 3331 1299 3378 ut
1327 3321 1396 3378 ad
1427 3325 1766 3380 voluntatem
1799 3325 2032 3384 dicentis

461 3420 518 3468 et
570 3427 681 3465 rem
736 3411 1097 3482 exprimentis
1156 3414 1297 3470 dicta
1351 3415 1773 3483 accommodet;
1831 3418 2035 3474 idcirco

464 3502 652 3558 attulit
679 3503 824 3558 hanc
851 3504 1161 3571 historiam,
1189 3513 1249 3560 ut
1281 3509 1558 3563 schemate
1591 3510 1894 3580 allegortco
1936 3528 2035 3580 pro

463 3613 562 3651 sua
594 3597 872 3652 voluntate
901 3605 1170 3654 uteretur.
1207 3598 1362 3654 Licet
1401 3617 1532 3671 ergo
1575 3602 1737 3657 nobis
1759 3605 1924 3660 etiam
1954 3606 2037 3660 ni-

465 3689 536 3742 hil
570 3705 599 3742 a
639 3689 868 3744 veritate
902 3689 1312 3748 discedentibus
1344 3691 1529 3749 dicere
1560 3713 1574 3750 :
1616 3693 1726 3751 Nos
1761 3695 2024 3753 Hieroso-

466 3781 663 3852 lymam
697 3781 879 3850 potius
907 3790 1096 3838 tenere
1115 3824 1130 3850 ,
1156 3792 1210 3839 et
1235 3800 1353 3839 eam
1377 3785 1638 3852 incolere,
1667 3804 1830 3857 quam
1870 3791 2037 3844 inter-

466 3880 753 3942 pretantur
787 3887 975 3942 pacem
1013 3913 1028 3938 ,
1075 3891 1238 3945 quam
1277 3875 1544 3934 Dominus
1579 3880 1744 3934 etiam
1777 3884 2038 3952 praecepit

465 3964 814 4030 servandam,
847 3981 973 4021 cum
1005 3966 1217 4023 diceret
1253 3987 1267 4023 :
1309 3965 1503 4023 Pacem
1547 3987 1718 4024 meam
1767 3973 1833 4026 do
1870 3975 2036 4039 vobis,

463 4075 646 4129 pacem
687 4076 856 4114 meam
887 4061 1126 4132 relinquo
1156 4059 1299 4116 vobis
1329 4062 1374 4117 ⁷.
1402 4061 1553 4116 lianc
1593 4064 1760 4132 igitur
1791 4075 2039 4122 tenentes

466 4151 914 4215 Dominivocem,
946 4169 1051 4223 qua
1090 4153 1141 4208 id
1169 4154 1415 4220 iubetur,
1435 4155 1598 4210 veluti
1622 4155 1752 4210 Sion
1776 4169 2036 4225 montem,

464 4257 563 4298 eos
589 4243 683 4312 qui
715 4243 977 4297 scindunt
999 4242 1206 4299 Christi
1241 4243 1568 4306 Ecclesium,
1593 4247 1919 4318 Babylonios
1949 4267 2042 4304 vo-

465 4347 698 4388 camus:
738 4349 840 4390 nos
883 4348 1016 4389 vero
1057 4350 1160 4390 nec
1204 4335 1413 4392 fuimus
1449 4355 1689 4408 unquam
1725 4339 2036 4410 Babylonii,

467 4435 529 4480 ut
559 4425 656 4494 qui
689 4425 1078 4481 confusionem
1118 4435 1171 4482 et
1199 4428 1444 4483 schisma
1479 4431 1714 4488 vitemus
1748 4449 1762 4500 ;
1798 4449 1899 4490 nec
1935 4451 2034 4491 vo-

467 4518 654 4573 luntas
719 4533 960 4588 unquam
1028 4518 1135 4576 erit
1191 4531 1244 4574 ut
1312 4523 1528 4588 tiamus,
1565 4538 1691 4578 cum
1736 4541 1864 4582 vere
1893 4528 2038 4584 illius

468 4608 727 4680 discipuli
779 4610 979 4676 simus,
1038 4613 1134 4682 qui
1199 4613 1515 4670 mandatum
1554 4616 1725 4682 dedit,
1757 4627 1817 4673 ιιι
1850 4636 2039 4686 pacem

469 4719 788 4774 sequamur.
810 4701 1215 4760 Snbsannando
1241 4722 1401 4774 porro
1430 4723 1528 4763 nos
1544 4721 1699 4765 vocat
1721 4710 2044 4767 Graeco-La-

471 4796 641 4861 tinos,
673 4795 997 4863 adinvento,
1033 4807 1085 4850 ιιι
1121 4797 1351 4867 putavit,
1380 4817 1520 4855 novo
1554 4803 1789 4871 quodam
1822 4815 1877 4859 et
1909 4820 2045 4859 con-

468 4897 700 4958 gruenle
755 4889 1020 4944 nomine:
1074 4896 1129 4942 at
1163 4903 1266 4944 nos
1343 4891 1474 4946 illud
1547 4907 1894 4963 nequaquam
1943 4907 2042 4963 pro

470 4981 910 5035 subsannatione
945 4979 1236 5045 habemus,
1273 4982 1369 5036 sed
1412 4998 1598 5037 verum
1632 4999 1753 5038 esse
1786 4983 2041 5036 fatemur.

470 5073 608 5128 Cum
652 5074 800 5128 enim
858 5071 1258 5128 Constantinus
1288 5071 1518 5146 Magnus
1554 5073 1726 5129 Roma
1760 5073 2040 5140 profectus

473 5164 853 5224 nobilissimos
909 5166 976 5220 ab
1027 5167 1161 5222 urbe
1193 5167 1474 5238 Romanos
1502 5169 1798 5236 optimates
1832 5168 2044 5224 incolas

473 5259 695 5314 duxerit
761 5272 884 5312 eam
935 5257 990 5314 in
1047 5257 1258 5326 urbem,
1310 5276 1434 5330 qua:
1471 5275 1648 5330 nuper
1677 5269 1791 5313 tutn
1825 5259 2044 5315 condita

473 5350 597 5420 ejus
655 5349 877 5404 nomine
931 5359 1016 5406 est
1071 5352 1356 5421 insignita,
1392 5363 1625 5420 qumque
1670 5349 1820 5404 Nova
1869 5347 2045 5406 Roma

474 5449 794 5512 nuncupata
825 5451 910 5497 est
943 5459 957 5508 ;
995 5459 1184 5499 eorum
1238 5441 1485 5515 posteri,
1516 5439 1704 5496 Graece
1731 5441 2044 5512 loquentes,

473 5529 569 5590 sed
615 5531 833 5587 oriundi
892 5533 958 5588 ab
1013 5533 1156 5596 illis,
1198 5533 1323 5601 jure
1376 5537 1506 5585 sunt
1547 5529 1779 5584 vocandi
1831 5529 2051 5586 Graeco-

473 5625 652 5682 Latiui
686 5645 700 5691 ;
756 5626 1011 5684 ilellenas
1057 5627 1202 5682 enim
1229 5625 1450 5680 Graecos
1485 5634 1679 5680 vocant
1711 5624 1916 5679 Latini.
1944 5625 2049 5679 At-

477 5735 586 5791 que
627 5723 699 5778 ita
745 5725 889 5794 quod
932 5723 1097 5778 nobis
1132 5719 1618 5793 prsestantissimus
1657 5722 1739 5778 vir
1772 5719 1964 5792 objicit
1994 5732 2053 5777 ut

550 5907 569 5942 ⁷
590 5904 749 5966 Joan.
779 5920 886 5970 stv,
927 5903 1018 5958 ‘27.

2139 3326 2301 3396 λησιν
2328 3324 2540 3380 τίθεται
2570 3327 2775 3396 κυρίως
2804 3325 2899 3379 τοῦ
2923 3324 3208 3396 χρωμένου
3258 3323 3352 3378 τὸν
3391 3325 3552 3392 λόγον
3577 3323 3611 3396 ἢ
3651 3323 3712 3379 τὸ

2137 3421 2396 3490 πρᾶγμα,
2455 3417 2582 3472 καθ’
2640 3417 2669 3471 δ
2723 3418 2981 3485 λέγεται·
3039 3417 3120 3471 διὸ
3183 3417 3278 3471 καὶ
3311 3413 3417 3489 ’τὴν
3469 3415 3712 3489 ἱστορίαν

2141 3509 2418 3581 προῦθηκε
2478 3510 2728 3580 ταύτην,
2784 3509 2871 3562 τνα
2936 3508 3014 3580 τῷ
3071 3509 3419 3580 ἀλληγορικῷ
3470 3510 3710 3580 σχήματι

2140 3605 2413 3676 χρήσηται
2447 3602 2632 3664 καθὼς
2668 3602 2946 3671 βούλεται.
2983 3601 3238 3666 Ἔξεστιν
3293 3600 3387 3655 οῦν
3428 3601 3524 3654 καὶ
3580 3601 3713 3670 ἡμίν

2139 3695 2495 3765 ἀληθεύουσιν
2525 3696 2723 3759 είπείν,
2775 3695 2850 3756 ώς
2912 3692 3008 3762 τὴν
3067 3692 3430 3762 Ἰερουσαλὴμ
3503 3691 3712 3762 μᾶλλον

2139 3790 2465 3858 κατέχομεν,
2519 3788 2611 3841 καὶ
2641 3790 2699 3840 ἐν
2731 3786 2900 3861 ταύτῃ
2953 3786 3143 3856 ἐσμὲν,
3177 3786 3299 3857 ἥτις
3349 3784 3714 3855 ἑρμηνεύεται

2141 3885 2357 3953 εἰρήνη,
2397 3881 2465 3951 ἢν
2509 3882 2605 3934 καὶ
2653 3879 2682 3930 δ
2724 3879 2934 3949 Κύριος
2965 3879 3097 3948 ἡμῖν
3130 3877 3440 3932 ἐνετείλατο
3497 3877 3709 3945 λέγων’

2143 3975 2416 4044 Εἰρήνην
2451 3972 2568 4042 τὴν
2625 3971 2780 4040 ἐμὴν
2821 3971 3030 4040 δίδωμι
3079 3970 3244 4039 ὑμῖν,
3302 3969 3555 4040 εἰρήνην
3603 3967 3717 4036 τὴν

2141 4069 2295 4139 ἐμὴν
2324 4067 2542 4136 ἀφίημι
2590 4064 2753 4135 ὑμῖν.
2798 4062 3021 4135 Ταύτην
3080 4057 3173 4116 οῦν
3207 4061 3306 4132 τὴν
3362 4061 3456 4114 τοῦ
3508 4062 3713 4130 Κυρίου

2143 4163 2332 4230 φωνὴν
2365 4159 2463 4226 τὴν
2491 4157 2650 4210 τοῦτο
2694 4156 3032 4211 κελεύουσαν
3089 4153 3280 4223 ὥσπερ
3327 4153 3389 4207 τὸ
3418 4154 3558 4208 Σιὼν
3591 4154 3715 4221 δρος

2142 4250 2492 4321 κατέχοντες,
2530 4249 2658 4310 τοὺς
2689 4247 2979 4316 σχίζοντες
3021 4244 3123 4313 τὴν
3153 4244 3246 4298 τοῦ
3288 4243 3530 4314 Χριστοῦ
3593 4244 3717 4297 Ἐκ-

2145 4342 2382 4412 κλησίαν
2433 4338 2818 4400 Βαϐυλωνίους
2893 4333 3212 4403 καλοῦμενο
3269 4333 3606 4389 Βαϐυλώνιοι
3659 4334 3718 4389 δὲ

2143 4437 2305 4505 ἡμεῖς
2346 4431 2469 4485 οὔτε
2526 4431 2856 4499 γεγόναμεν,
2920 4427 2996 4489 ώς
3059 4428 3160 4496 τὴν
3217 4423 3484 4495 σύγχυσιν
3511 4425 3606 4478 καὶ
3656 4427 3719 4479 τὸ

2150 4527 2358 4597 σχίσμα
2393 4523 2800 4590 ἅποσειόμενοι,
2847 4518 2974 4576 οὔτε
3036 4519 3166 4571 ποτε
3223 4517 3524 4588 θελήσομεν
3569 4517 3721 4586 γενέ-

2155 4621 2300 4682 σθαι,
2341 4616 2584 4690 μαθηταὶ
2613 4614 2765 4675 ὄντες
2795 4611 2938 4665 κατὰ
2965 4610 3227 4680 ἀλήθειαν
3257 4613 3352 4664 τοῦ
3377 4609 3717 4672 κελεύοντος·

2151 4709 2424 4778 Ειρήγην
2454 4704 2718 4759 διώκετε.
2757 4702 3212 4774 Γραικολατίνους
3255 4702 3311 4756 δὲ
3349 4703 3495 4771 ἡμᾶς
3537 4699 3724 4756 διασύ-

2161 4819 2268 4872 ρων
2313 4798 2597 4865 6νομάζει,
2631 4796 2945 4866 καινότερόν
2995 4811 3046 4847 τι
3099 4795 3274 4864 δνομα
3319 4795 3412 4849 καὶ
3443 4796 3723 4864 προσῆκον

2155 4899 2228 4958 ώς
2260 4895 2511 4962 ἐνόμισεν
2541 4887 2716 4957 εὑρών
2740 4904 2754 4920 -
2788 4888 2926 4956 ὅπερ
2957 4888 3118 4957 ἡμεῖς
3149 4885 3210 4938 ού
3235 4885 3537 4954 διασυρμδν
3563 4882 3721 4938 τοῦτο

2151 4981 2502 5051 λογιζόμεθα,
2569 4976 2687 5030 ἀλλ’
2722 4975 2922 5044 ἀληθὲς
2985 4973 3128 5028 εἶναι
3181 4972 3572 5042 ὁμολογοῦμεν.
3610 4971 3717 5024 Τοῦ

2159 5078 2263 5146 γὰρ
2318 5072 2558 5144 μεγάλου
2625 5065 3038 5123 Κωνσταντίνου
3095 5063 3305 5118 ἐκεῖθεν
3363 5063 3717 5134 ὁρμωμένου,

2159 5169 2250 5219 καὶ
2282 5168 2411 5226 τους
2441 5162 2563 5216 λίαν
2600 5159 3022 5229 εὐγενεστάτους
3063 5152 3401 5227 μεγιστᾶνας
3428 5153 3720 5223 Ῥωμαίων

2155 5258 2220 5310 ἐκ
2256 5254 2476 5325 Ῥώμης
2505 5247 2967 5324 μετοικισαμένου
3006 5250 3092 5310 είς
3121 5246 3220 5316 τὴν
3243 5246 3329 5299 ἐπ’
3351 5244 3576 5310 ὀνόματι
3626 5243 3728 5294 αὐ-

2152 5347 2248 5402 τοῦ
2280 5346 2668 5415 ἀνεγερθεῖσαν
2702 5342 2880 5418 πόλιν,
2916 5339 3018 5409 τὴν
3044 5339 3139 5393 καὶ
3169 5335 3322 5390 Νέαν
3355 5333 3576 5405 Ῥώμην
3607 5331 3728 5385 ὀνο-

2159 5443 2487 5513 μασθεϊσαν,
2521 5439 2570 5494 0i
2607 5435 2666 5505 ἐξ
2697 5437 2924 5490 ἐκείνων
2953 5431 3152 5502 φύντες
3175 5429 3276 5500 τὴν
3307 5427 3406 5498 μὲν
3451 5427 3564 5480 τῶν
3605 5423 3725 5478 Ἑλ·

2156 5535 2336 5606 λήνων
2366 5531 2776 5600 ἐξασκήσαντες
2800 5524 3070 5596 γλῶτταν,
3103 5522 3201 5577 καὶ
3223 5519 3314 5573 διὰ
3331 5517 3532 5586 ταύτης
3562 5514 3728 5606 φθεγξ

2161 5604 2410 5696 γόμενοι,
2441 5622 2504 5677 τὸ
2535 5619 2591 5675 δὲ
2637 5621 2794 5690 γένος
2821 5615 3035 5671 ἐκεῖθεν
3067 5613 3347 5677 ἕλκοντες,
3379 5609 3604 5669 εἰκότως
3633 5604 3732 5657 καὶ

2164 5715 2575 5791 Γραικολατϊνοι
2601 5710 2882 5782 ὀφείλουσι
2921 5704 3202 5777 λέγεσθαι,
3241 5701 3379 5756 διότι
3425 5701 3475 5754 οι
3507 5697 3731 5754 Λατῖνοι
