4078 6482
409 370 507 438 Il'.‘

1650 383 1953 446 CONTRA
1999 385 2421 453 EPHESIUM.

3548 392 3646 454 113

404 489 530 553 τοὺς
558 488 828 558 Ἕλληνας
858 489 1125 560 Γραικοὺς
1157 492 1519 562 ὀνομάζουσι·
1561 497 1655 547 καὶ
1696 498 1833 566 ὅπερ
1873 499 1972 551 αύ-

2090 501 2366 567 probrum.
2426 515 2526 555 nos
2574 516 2760 556 verum
2822 502 3116 572 Opinamur
3171 508 3337 567 atque
3385 502 3643 557 fatemur.

406 579 499 642 τδς
549 580 575 632 ὀ
610 579 791 649 τίμιος
851 580 991 651 ἀνὴρ
1048 582 1167 635 καθ’
1235 586 1394 655 ἡμῶν
1463 589 1754 659 προφέρει,
1822 592 1979 661 ἡμεῖς

410 668 611 739 ἀληθές
636 686 695 722 τε
721 667 859 724 εἶναι
889 671 1175 741 ἡγούμεθα
1209 677 1301 728 καὶ
1332 677 1724 747 ὁμολογοῦμεν.
1773 680 1979 750 Ἐὦμεν

409 762 503 815 νῦν
537 762 747 831 λέγειν,
784 765 867 817 ὅτι
896 766 988 818 καὶ
1018 769 1063 820 οί
1096 767 1475 835 βασιλεύοντες
1525 773 1680 841 ἡμῶν
1721 772 1980 843 Ῥωμαῖοί

410 856 550 907 εἰσιν
603 854 816 908 ἐκεῖθεν
873 856 1125 921 ἕλκοντες
1162 859 1221 912 τδ
1297 860 1475 927 γένος.
1539 864 1701 917 Ἀλλὰ
1734 868 1794 917 τὸ
1852 870 1980 937 περὶ

408 942 851 1015 Γραικολατίνων
893 950 1112 1013 παιδιᾶς
1151 952 1312 1020 χάριν
1350 950 1565 1024 είρὴται
1593 971 1602 981 ·
1636 956 1722 1010 διὰ
1754 963 1860 1027 γὰρ
1880 958 1979 1027 τῆς

411 1039 510 1092 τοῦ
534 1040 772 1108 Χριστοῦ
802 1042 1022 1112 χάριτος
1056 1043 1119 1095 ἐκ
1166 1044 1366 1108 παντὸς
1424 1044 1627 1114 τρόπου
1671 1047 1980 1112 δεικνύντες

410 1129 487 1194 ὡς
511 1131 740 1200 τάληθὲς
768 1133 1063 1202 ζητοῦμεν,
1088 1135 1184 1189 καὶ
1229 1136 1357 1200 τοὺς
1391 1136 1465 1207 μὴ
1524 1140 1731 1209 ταύτης
1762 1143 1983 1213 ἑστερη-

415 1222 610 1289 μένους
631 1225 711 1285 είς
737 1225 1027 1278 κοινωνίαν
1056 1226 1349 1298 δεχόμεθα,
1411 1230 1519 1282 εἴτε
1556 1231 1783 1301 Γραικοί
1818 1236 1978 1296 εἰσιν.

412 1311 521 1364 είτε
551 1312 792 1380 Λατῖνοι,
827 1314 939 1367 εἴτε
978 1314 1269 1389 βάρϐαροι,
1306 1322 1417 1375 εἴτε
1470 1323 1695 1377 Σκύθαι.
1732 1325 1827 1377 Ἕν
1874 1325 1981 1396 γὰρ

411 1401 571 1467 μόνον
596 1402 821 1471 οἴδαμέν
852 1421 910 1458 τε
949 1407 1043 1460 καὶ
1082 1409 1334 1481 λέγομεν,
1368 1413 1450 1467 ὅτι
1482 1416 1529 1467 οἱ
1577 1415 1674 1484 τῆς
1733 1417 1981 1484 οἰκουμε-

408 1494 569 1560 νικῆς
602 1496 830 1549 συνόδου
859 1500 925 1567 τῇ
963 1502 1245 1571 ἀποφάσει
1272 1521 1337 1573 με
1380 1507 1699 1574 στέργοντες
1735 1511 1827 1560 καὶ
1859 1507 1981 1573 ἑξα-

413 1586 823 1656 κολουθοῦντες,
862 1591 1063 1646 ἐκεῖνοι
1106 1595 1200 1648 καὶ
1234 1595 1422 1666 ἕτερον
1458 1599 1625 1668 ὄνομα
1680 1600 1983 1669 λαμϐάνου-

412 1691 517 1741 σιν,
551 1676 626 1742 ὡς
680 1678 953 1746 Ἀρειανοὶ
993 1684 1070 1752 μὴ
1134 1685 1458 1753 στέργοντες
1510 1690 1575 1757 τῇ
1609 1688 1708 1755 τῆς
1763 1689 1980 1743 συνόδου

412 1768 717 1835 ἀποφάσει,
751 1770 989 1843 ἀλλάτῷ
1041 1774 1258 1846 Ἀρείῳ,
1307 1777 1582 1847 Ἀρειανοὶ
1623 1779 1934 1848 ἐκλήθησαν
1966 1797 1978 1809 ·

409 1862 505 1912 καὶ
525 1862 573 1914 oi
604 1863 680 1929 τῷ
717 1864 964 1936 Εὐνομίιρ
998 1866 1343 1937 Εύνομιανοὶ,
1367 1870 1460 1924 καὶ
1515 1872 1562 1923 οἱ
1601 1872 1680 1940 τῷ
1702 1872 1982 1941 Νεστορίῳ

409 1948 772 2021 Νεστοριανοί
796 1968 811 1985 ’
844 1955 904 2007 οὐ
940 1955 1047 2025 μὴν
1068 1956 1123 2010 δὲ
1150 1960 1245 2011 καὶ
1288 1960 1337 2012 οί
1361 1963 1425 2030 τῇ
1458 1960 1814 2031 οίκουμενικῇ
1850 1963 1982 2014 ἀπο-

411 2041 574 2111 φάσει
607 2045 935 2115 στέργοντες
961 2049 1154 2120 ἕτερον
1213 2052 1387 2122 ὄνομα
1421 2055 1813 2123 λαμϐάνουσιν.
1856 2054 1981 2109 ’Ότι

408 2128 468 2181 δὲ
504 2131 600 2182 καὶ
629 2134 986 2206 οίκουμενικὴ
1017 2138 1237 2204 σύνοδος
1265 2142 1297 2211 ὴ
1328 2144 1388 2195 ἐν
1437 2144 1773 2215 Φλωρεντίᾳ.
1805 2143 1980 2207 οὐδεὶς

409 2220 478 2275 ἂν
524 2224 847 2297 ἀρνήσαιτο.
927 2231 1069 2285 Ἀλλ’
1116 2234 1144 2286 ό
1188 2235 1348 2304 λόγος
1396 2237 1487 2290 ἐπὶ
1524 2237 1587 2291 τὸ
1635 2239 1823 2306 πρόσω
1873 2254 1975 2307 χω·

412 2314 525 2383 ρῶν
574 2320 633 2370 ἐν
687 2320 767 2391 τῷ
824 2326 1167 2395 προσήκοντι
1235 2327 1387 2408 τόπῳ
1439 2330 1568 2401 περὶ
1624 2331 1817 2384 τούτου
1889 2329 1986 2401 τὴν

2086 590 2356 646 Praetereo
2399 607 2543 645 nunc
2577 592 2735 655 illud,
2764 594 2905 662 quod
2940 592 3303 662 imperatores
3333 593 3501 646 nostri
3544 591 3650 643 lin-

2084 684 2227 735 mani
2257 693 2406 746 sunt,
2430 694 2483 738 et
2510 683 2775 755 originem
2797 683 2924 737 inde
2951 684 3404 737 trahniithrum
3431 680 3648 734 Grmco.

2082 773 2260 827 Latini
2295 789 2399 827 vox
2442 774 2589 828 dicta
2647 784 2732 829 est
2790 773 2900 842 joci
2934 788 3122 828 causa.
3158 772 3265 827 Nos
3318 772 3462 826 enim
3492 770 3649 826 Chri-

2082 866 2149 918 sti
2193 864 2464 919 beneﬁcio
2522 863 2806 917 veritatem
2856 864 3049 931 quavis
3110 865 3323 917 ratione
3374 864 3543 933 quaeri
3615 879 3642 912 a

2084 956 2240 1010 nobis
2264 956 2638 1020 ostendentes,
2669 956 2991 1025 quicunque
3019 955 3165 1009 illam
3201 955 3422 1017 habent,
3451 969 3645 1007 omnes

2084 1048 2148 1101 ad
2184 1049 2628 1101 communionem
2664 1046 3159 1111 adinittimus,sive
3194 1045 3519 1109 Graeci,sire
3553 1044 3654 1097 La-

2084 1139 2183 1192 tini
2229 1139 2360 1203 sint,
2416 1140 2530 1194 sive
2592 1139 2842 1203 Barhari,
2897 1140 3012 1192 sive
3061 1138 3297 1208 Scythae.
3346 1138 3476 1191 Nam
3517 1135 3651 1190 illud

2085 1248 2247 1285 unum
2281 1240 2335 1286 et
2363 1232 2571 1286 scimus
2604 1241 2656 1285 et
2687 1230 2945 1291 dicimus,
2983 1245 3078 1283 eos
3110 1229 3206 1297 qui
3244 1232 3530 1282 sententia:
3565 1245 3653 1296 ge-

2084 1324 2282 1381 neralis
2320 1325 2536 1379 concilii
2572 1339 2679 1377 non
2706 1323 3089 1392 acquiescunt.
3130 1338 3228 1375 nec
3260 1336 3377 1376 eam
3417 1334 3652 1389 sequun-

2086 1431 2196 1480 tur,
2241 1418 2388 1472 aliud
2439 1432 2661 1487 quoque
2694 1432 2888 1470 nomen
2926 1415 3140 1477 sortiri,
3175 1424 3231 1468 ut
3272 1414 3482 1476 Ariani,
3509 1413 3651 1479 quod

2086 1524 2193 1561 non
2247 1506 2440 1579 synodi
2496 1506 2846 1569 sententiam,
2915 1504 3008 1559 sed
3077 1503 3267 1557 Arium
3315 1502 3652 1562 secutisint,

2085 1600 2272 1653 Ariani
2310 1599 2440 1653 dicti
2482 1640 2494 1664 ,
2532 1606 2586 1654 et
2633 1598 2725 1667 qui
2778 1596 3145 1663 Eunomium,
3196 1594 3542 1657 Eunomiani,
3599 1602 3653 1646 et

2086 1692 2176 1760 qui
2222 1689 2562 1752 Nestorium,
2620 1689 2962 1753 Nestoriani;
3002 1704 3096 1744 eos
3128 1702 3260 1743 vero
3292 1687 3384 1752 qui
3412 1699 3654 1740 meumeo

2088 1781 2263 1835 nicam
2300 1783 2707 1851 amplectuntur
2748 1780 3096 1842 sententiam,
3156 1793 3499 1849 nequaquam
3532 1792 3654 1830 mu-

2088 1879 2204 1926 tare
2255 1885 2479 1926 nomen.
2532 1869 2961 1925 OEcumenicam
3000 1883 3164 1939 porro
3203 1866 3375 1923 fuisse
3427 1864 3653 1919 Flore-u-

2091 1964 2258 2017 tinam
2308 1962 2615 2035 synodum,
2684 1978 2843 2018 nemo
2891 1960 3194 2032 negaverit.
3234 1960 3502 2016 Cancrum
3562 1958 3652 2011 ubi

2087 2055 2153 2110 ad
2196 2054 2459 2109 ulteriora
2491 2054 2771 2125 progressi
2803 2054 3030 2116 erimus,
3059 2053 3160 2108 hac
3191 2052 3259 2107 de
3306 2066 3365 2107 re
3407 2066 3506 2107 suo
3533 2051 3658 2107 loco

2086 2146 2609 2202 demonstrationem
2661 2145 2970 2201 aﬂ'eremus.
3046 2144 3120 2199 Ita
3177 2144 3347 2213 igitur
3406 2158 3654 2205 exorsus,

2087 2247 2251 2309 atque
2283 2239 2336 2293 in
2365 2238 2515 2293 hunc
2541 2238 2762 2293 modum
2792 2237 3108 2306 composito
3140 2236 3417 2293 sermonis
3449 2234 3653 2305 princi-

2094 2331 2206 2401 pio,
2234 2345 2431 2387 rursus
2465 2331 2567 2386 hoc
2598 2339 2755 2401 pacto
2786 2330 3036 2386 orditur:

412 2410 689 2476 ἀπόδειξιν
745 2416 985 2485 ποιήσει.
1063 2416 1252 2485 Οῦτως
1311 2415 1406 2477 οὖν
1477 2422 1821 2495 ἀρξάμενος,
1884 2421 1978 2475 καί⁵
2012 2418 2155 2475 οὕτω
2189 2421 2282 2475 τὸν
2352 2420 2509 2491 λόγον
2544 2420 2983 2484 κατασκευάσας.
3018 2413 3119 2474 ὦδέ
3177 2434 3295 2481 πως
3328 2415 3490 2470 πάλιν
3555 2415 3658 2481 ἄρ·

410 2519 568 2573 χεται
594 2522 610 2540 -

1091 2606 1280 2662 ΕΦΕΣ.

489 2681 652 2743 Οὗτοι
694 2691 876 2746 τοίνυν
903 2697 953 2747 oi
1002 2697 1294 2767 μιξόθηρες
1354 2699 1633 2768 ἄνθρωποι
1668 2699 1812 2754 κατὰ
1857 2700 1984 2763 τοὺς

416 2780 476 2831 ἐν
506 2780 695 2848 μύθοις
721 2784 1187 2858 ἱπποκενταύρους
1240 2792 1377 2857 μετὰ
1408 2791 1518 2843 τῶν
1578 2792 1827 2844 Λατίνων
1884 2792 1982 2859 μὲν

417 2870 744 2939 ὁμολογοῦσι
776 2877 836 2930 τὺ
877 2879 943 2932 ὲκ
974 2878 1070 2932 τοῦ
1127 2880 1262 2933 Υίοῦ
1303 2882 1364 2934 τὸ
1420 2880 1648 2952 Πνεῦμα
1700 2883 1764 2934 τὸ
1825 2883 1985 2951 ἅγιον

415 2965 838 3038 ικπορεύεσθαι,
877 2973 1093 3025 καὶτὸν
1132 2974 1255 3026 ΐίδν
1299 2974 1475 3027 αἴτιον
1509 2976 1653 3045 ἔχειν
1704 2974 1807 3043 τῆς
1854 2975 1983 3027 ἐαυ-

414 3060 511 3114 τοῦ
538 3061 829 3135 ὑπάρξεως
848 3082 863 3097 ο
890 3064 1035 3121 οὕτω
1069 3067 1180 3138 7&9
1208 3068 1304 3121 καὶ
1328 3070 1357 3122 ό
1382 3069 1561 3123 αὐτῶν
1586 3068 1712 3138 ὅρος
1740 3068 1981 3139 διαλαμ-

414 3152 596 3206 ϐάνειο
632 3154 753 3223 μεθ’
775 3156 933 3226 ήμῶν
952 3156 1009 3211 δὲ
1033 3156 1095 3211 τὸ
1118 3160 1181 3211 ἐκ
1205 3157 1296 3212 τοῦ
1333 3159 1544 3226 Πατρός
1575 3160 1979 3232 ἐκπορεύεσθαι

412 3243 685 3316 λέγουσιν.

1104 3347 1310 3403 ΔΠΟΔ.

490 3432 666 3487 Πάλιν
692 3434 801 3488 ἀπο
828 3436 1066 3507 ἱστορίας
1112 3439 1344 3509 ἄρχεται
1393 3438 1737 3510 Ἑλληνικῆς,
1777 3440 1875 3509 τῆς
1912 3441 1987 3512 μὴ

418 3524 587 3597 οὔσης
626 3526 747 3597 μὲν,
810 3529 1256 3602 ἀναπλασθείσης
1307 3531 1365 3584 δὲ
1401 3531 1508 3584 ὑπὸ
1565 3532 1676 3585 τῶν
1727 3533 1990 3602 κενεμϐα-

417 3619 655 3674 τούντων
684 3621 777 3675 τδν
807 3623 1069 3693 λογισμὸν
1113 3626 1207 3677 καὶ
1267 3623 1365 3695 τὴν
1419 3625 1661 3679 διάνοιαν
1686 3642 1700 3657 ·
1737 3624 1845 3679 ἔδει
1879 3628 1989 3695 γὰρ

419 3711 589 3765 αὑτὸν
611 3713 675 3766 ὲκ
698 3713 810 3768 τῶν
841 3713 1017 3767 όντων
1076 3714 1385 3785 ὑπόδειγμα
1438 3714 1648 3779 λαϐεῖν,
1682 3714 1770 3768 ἵνα
1817 3716 1989 3784 τούτῳ

417 3802 518 3855 καὶ
550 3805 943 3874 προσηκόντως
985 3806 1295 3877 ὲφαρμόσῃ.
1332 3806 1447 3870 Πᾶς
1490 3805 1599 3877 γὰρ
1628 3806 1988 3875 λογογραφῶν

419 3894 486 3948 ἐκ
518 3895 628 3950 τῶν
665 3896 884 3967 άληθῶς
909 3897 1080 3951 όντων
1124 3897 1395 3969 προφέρει
1446 3899 1545 3964 τὰς
1576 3900 1866 3969 ὁμοιώσεις
1896 3901 1990 3954 καὶ

417 3988 486 4041 τά
517 3988 964 4057 παραδείγματα,
1000 3991 1095 4044 καὶ
1142 3991 1379 4061 μάλιστα
1421 3991 1654 4046 ἐπὶτῶν
1698 3990 1992 4062 ἐκκλησια-

421 4077 625 4131 στικῶν
657 4078 993 4135 ὑποθέσεων.
1036 4079 1180 4134 Ἀλλ’
1211 4082 1240 4135 ό
1272 4080 1555 4150 αἰδέσιμος
1604 4081 1762 4146 οὗτος
1793 4082 1855 4136 τὸ
1916 4082 1992 4153 μὴ

421 4166 485 4222 δν
513 4170 588 4232 ὡς
612 4168 672 4223 ὃν
708 4171 952 4240 προθεὶς,
986 4172 1077 4225 καὶ
1109 4170 1301 4244 ὥσπερ
1334 4173 1661 4242 πράγματος
1694 4173 1991 4241 ὑποκειμέ-

420 4280 514 4317 νου
574 4263 935 4333 ὲξομοιὼσας,
999 4266 1302 4335 μιξόθηρας
1355 4268 1500 4335 ἡμᾶς
1552 4267 1829 4334 ὀνομάζει,
1887 4267 1992 4318 ὑπ’)

417 4354 595 4424 θυμοῦ
627 4354 972 4422 κινούμενος,
1005 4355 1074 4407 ἵν’
1112 4356 1484 4425 εὐλογώτερον
1516 4354 1763 4422 εἴπωμεν
1794 4371 1807 4386 ’
1837 4354 1992 4422 δῆλον

419 4444 528 4513 7&9
552 4444 628 4504 ὡς
652 4443 827 4511 πάντη
863 4443 1121 4505 ἀπεοικὸς
1147 4446 1207 4495 τδ
1236 4443 1586 4513 παράδειγμα
1609 4458 1625 4474 ο
1652 4442 1716 4494 ἐκ
1746 4442 1855 4512 γὰρ
1895 4442 1991 4496 τοῦ

2791 2599 3033 2657 EPHES.

2162 2693 2256 2751 Isti
2280 2709 2410 2767 ergo
2427 2694 2701 2759 homines,
2717 2693 2872 2764 juxta
2891 2693 3171 2749 fabulosos
3193 2690 3657 2761 hippocentauros

2091 2785 2355 2852 semiferi,
2383 2801 2508 2843 cum
2543 2786 2753 2842 Latinis
2803 2785 3024 2855 quidem
3071 2783 3317 2838 fatentur
3381 2782 3651 2851 Spiritum

2091 2886 2338 2934 sanetum
2365 2891 2431 2933 ex
2459 2877 2596 2933 Filio
2642 2877 2935 2948 procedere
2994 2884 3047 2929 et
3109 2872 3665 2930 habereFiliumsuh-

2092 2968 2359 3028 sistentia:
2386 2984 2499 3024 sua:
2546 2983 2771 3025 causam
2799 2984 2812 3021 :
2852 2968 2967 3023 haec
2993 2965 3137 3022 enim
3169 2974 3298 3020 sunt
3324 2952 3661 3019 deﬁnitionis

2090 3060 2336 3130 ipsorum
2354 3059 2548 3129 verba;
2575 3059 2855 3117 nobiscum
2876 3065 3057 3115 autem
3075 3058 3264 3113 dicunt
3288 3056 3438 3112 illum
3463 3072 3526 3112 ex
3552 3055 3658 3111 Pa-

2088 3161 2173 3209 tre
2187 3153 2501 3226 procedere.

2158 3428 2198 3483 Α
2234 3428 2462 3500 profana
2494 3443 2693 3485 rursus
2710 3428 2927 3483 orditur
2968 3427 3199 3483 historia
3222 3426 3301 3501 rei
3336 3443 3456 3495 qua:
3517 3442 3659 3481 nuu-

2088 3535 2251 3591 quam
2283 3520 2407 3587 fuit,
2441 3520 2533 3575 sed
2567 3518 2797 3574 conﬁcta
2836 3528 2918 3573 est
2948 3518 3209 3573 inanibus
3241 3517 3478 3573 [utilium
3510 3517 3657 3586 inge-

2089 3612 2306 3667 niorum
2333 3611 2682 3666 commentis.
2708 3609 3009 3679 Oportebat
3040 3624 3171 3663 vero
3208 3608 3388 3679 ipsum
3418 3624 3448 3663 e
3500 3609 3663 3662 rebus

2090 3719 2209 3774 quae
2240 3711 2370 3760 sunt
2405 3702 2710 3773 exemplum
2738 3710 2943 3773 petere,
2971 3701 3116 3771 quod
3147 3709 3331 3771 posset
3355 3702 3519 3755 etiam
3537 3715 3659 3755 cono

2090 3804 2349 3869 gruenter
2380 3794 2658 3865 adaptare.
2685 3791 2878 3848 Omnis
2905 3793 3051 3847 enim
3082 3792 3264 3849 serius
3323 3791 3561 3861 scriptor
3587 3791 3661 3849 si-

2091 3887 2430 3944 militudines
2459 3884 2707 3948 adhibet,
2734 3890 2789 3939 et
2810 3884 3058 3953 exempla
3123 3900 3232 3939 non
3276 3883 3492 3947 notitia,
3527 3900 3662 3951 pra:-

2092 3979 2281 4036 sertim
2314 3979 2369 4032 in
2393 3976 2558 4033 rebus
2608 3974 3023 4031 ecclesiasticis.
3089 3974 3513 4028 Atrevcrendns
3566 3973 3666 4026 iste

2091 4074 2273 4144 posito
2304 4071 2451 4141 quod
2470 4069 2677 4123 nullum
2713 4077 2821 4132 est,
2848 4081 2910 4120 ac
2952 4067 2996 4120 si
3023 4077 3189 4125 esset,
3211 4065 3483 4131 allatoquo
3502 4063 3667 4117 simili

2093 4165 2248 4237 quasi
2275 4164 2351 4218 rci
2384 4172 2577 4216 natura
2602 4158 2929 4221 constantis,
2960 4165 3236 4210 vocatnos
3266 4154 3519 4208 semil‘era
3552 4156 3664 4205 ani-

2095 4255 2379 4317 malia,ira
2419 4252 2664 4322 profecto
2696 4252 2980 4313 incensus,
3026 4259 3081 4303 ut
3102 4247 3493 4316 congruentius
3521 4245 3665 4299 dica-

2096 4363 2254 4413 mus;
2282 4344 2613 4415 liqueﬁenim
2640 4343 2947 4412 exemplum
2969 4357 3089 4397 esse
3120 4340 3337 4410 penitus
3371 4341 3667 4405 ahsonum,

2094 4436 2535 4510 Quandoquidem
2568 4436 2877 4505 exemplum
2921 4434 3145 4491 sumite
3168 4447 3223 4486 re
3257 4446 3487 4501 prorsus
3521 4445 3666 4484 com—

423 4534 650 4603 μηδαμῆ
679 4533 946 4604 μηδαμῶς
979 4534 1134 4598 ὄντος
1191 4534 1466 4604 ὲξομοιοῖυ
1525 4535 1641 4595 πῶς
1679 4530 1772 4588 οὖν
1818 4535 1985 4604 ἐφαρ-

2098 4531 2389 4597 mcntitia;
2431 4530 2709 4600 quomodo
2744 4543 2875 4599 ergo
2943 4526 3293 4597 quadraverit
3342 4526 3392 4577 in
3420 4536 3666 4577 naturain

406 4628 577 4698 960's:
629 4627 787 4681 τοῦτο
843 4628 979 4697 μετά
1027 4627 1122 4681 τοῦ
1182 4627 1336 4691 bino;
1396 4629 1492 4681 καὶ
1587 4628 1989 4698 ύφεστηκότος;

432 4720 573 4773 Ἀλλ’
603 4720 694 4773 ἵνα
721 4720 795 4790 μὴ
828 4721 966 4791 πρὸς
994 4720 1149 4775 οὐδὲν
1189 4721 1504 4790 ἐλέγχοντες
1537 4720 1800 4789 δόξωμεν,
1822 4721 1989 4789 ἀφέν-

420 4828 513 4876 τες
548 4812 641 4865 τδν
674 4814 1039 4883 προκείμενον
1071 4816 1276 4868 σκοπὸν
1326 4814 1410 4881 (οὐ
1448 4813 1560 4883 7&9
1594 4813 1842 4883 ἐλέγχειν
1865 4813 1990 4866 τοῦ-

426 4921 519 4958 τον
555 4904 861 4975 βουλόμεθα
888 4903 1231 4983 θυμούμενόν
1260 4921 1317 4958 τε
1343 4903 1437 4956 καὶ
1462 4900 1836 4973 ὀργιζόμενον,
1859 4900 1994 4954 ἀλλὰ

422 4992 523 5062 τὴν
543 4994 805 5063 ἀλήθειαν
843 4984 1102 5065 ἐρευνᾷν.
1124 4993 1218 5046 καὶ
1251 4992 1460 5063 ταύτην
1486 4989 1802 5062 φανεροῦν),
1858 4990 1991 5060 φέρε

426 5083 551 5137 καθ’
584 5085 774 5155 είρμδν
804 5085 873 5139 τὰ
930 5087 1064 5155 παρ’
1113 5082 1281 5136 αὐτοῦ
1319 5082 1588 5153 εἰρημένα
1625 5081 1991 5148 ἐξετάσωμεν.

308 5224 314 5229 .
423 5175 561 5246 Φησὶ
582 5174 691 5245 γὰρ
741 5174 914 5238 οὕτως
950 5191 963 5205 ο
996 5173 1156 5228 Μετὰ
1208 5172 1317 5226 τῶν
1365 5172 1611 5227 Λατίνων
1654 5171 1754 5241 μὲν
1804 5170 1994 5241 ὁμολο-

424 5265 583 5334 γοῦσι
613 5265 694 5334 τὸ,
722 5267 788 5320 ὲκ
817 5264 913 5319 τοῦ
939 5265 1097 5330 Υίοῦ,
1115 5263 1303 5318 καὶτὰ
1363 5263 1533 5318 λοιπά
1551 5278 1566 5294 ο
1598 5261 1719 5333 μεθ’
1744 5261 1906 5331 ἡμῶν
1937 5261 1993 5315 δὲ

425 5355 489 5410 τὸ
522 5359 585 5410 ἐκ
611 5358 706 5411 τοῦ
746 5356 959 5429 Πατρός
984 5356 1388 5427 ἐκπορεύεσθαι
1416 5355 1661 5424 λέγουσι.
1698 5354 1884 5409 Ταῦτα
1937 5354 1994 5407 δὲ

423 5452 605 5520 λέγων
641 5449 858 5517 ἀγνοεῖν
890 5449 1297 5520 προσποιεῖται,
1326 5446 1409 5500 ότι
1436 5447 1533 5501 καὶ
1568 5446 1790 5498 Λατῖνοι
1809 5447 1873 5497 ἔκ
1900 5443 1991 5497 τοῦ

428 5543 643 5612 Πατρός
695 5542 757 5594 τὸ
807 5541 1033 5611 Π·,εῦμα
1096 5540 1156 5594 τὸ
1210 5540 1366 5607 ἅγιον
1416 5537 1816 5608 ἐκπορεύεσθαι
1872 5536 1991 5607 μεθ’

428 5639 585 5707 ἡμῶν
610 5634 967 5706 ὁμολογοῦσι·
1001 5633 1060 5687 τὸ
1103 5632 1160 5686 δὲ
1199 5633 1293 5686 καὶ
1318 5633 1383 5685 ἐκ
1418 5631 1514 5685 τοῦ
1550 5629 1676 5684 Υίοῦ
1706 5629 1845 5700 μετὰ
1879 5630 1992 5681 Λα-

428 5729 590 5783 τίνων
618 5729 718 5799 μὲν
749 5725 1148 5795 ὁμολογοῦμεν,
1181 5725 1333 5791 παρά
1356 5723 1412 5778 δὲ
1464 5722 1572 5777 τῶν
1621 5723 1790 5790 ἁγίων
1834 5719 1993 5773 τοῦτο

434 5823 697 5893 μαθόντες
732 5820 985 5889 λέγομεν.
1020 5819 1145 5871 ’Ὁτι
1177 5816 1231 5870 δὲ
1266 5814 1438 5880 οὕτως
1465 5815 1597 5885 ἕλει,
1639 5813 1830 5876 αὐτοὺς
1864 5813 1987 5873 τοὺς

2097 4624 2452 4679 exsistentem
2481 4630 2535 4675 et
2563 4636 2753 4691 reapse
2784 4617 3176 4673 c0nsistentem
3199 4616 3222 4669 ?
3249 4613 3354 4669 Sed
3386 4630 3452 4668 ne
3483 4615 3667 4669 videa~

2096 4732 2219 4770 mur
2252 4714 2316 4770 ad
2354 4715 2403 4768 id
2447 4713 2591 4781 quod
2618 4711 2753 4765 nihil
2785 4721 2867 4765 est
2901 4708 3257 4778 respondere,
3309 4708 3516 4761 omisso
3576 4706 3666 4759 illo

2095 4808 2239 4878 quod
2272 4808 2433 4861 nobis
2470 4814 2550 4860 est
2586 4807 2931 4874 propositum
2970 4802 3250 4872 (nolumus
3298 4801 3443 4852 enim
3478 4799 3665 4853 redar-

2095 4909 2261 4963 guere
2303 4894 2582 4947 hominem
2641 4891 2719 4943 ira
2763 4886 3182 4951 inﬂammatum,
3238 4884 3334 4939 sed
3379 4885 3662 4939 veritatem

2082 4985 2436 5056 perquirere,
2469 4991 2521 5037 et
2546 4997 2663 5035 eam
2702 4977 3056 5049 patefacere),
3087 4991 3207 5048 age,
3235 4977 3376 5030 dicta
3419 4975 3536 5044 ejus
3581 4991 3665 5026 nr-

2095 5077 2221 5131 dine
2252 5075 2462 5143 singula
2489 5073 2883 5142 expendamus.
2928 5070 3013 5123 Ait
3045 5070 3249 5139 igitur:
3287 5068 3419 5123 Cum
3453 5066 3666 5121 Lati-nis

2094 5167 2312 5237 quidem
2344 5166 2583 5220 iatentur
2614 5163 2774 5228 illud,
2797 5177 2860 5217 ex
2885 5160 3045 5228 Filio,
3078 5171 3210 5225 etc.,
3240 5161 3526 5213 nobiscum
3562 5173 3661 5208 au-

2095 5268 2202 5315 tem
2231 5258 2444 5321 dicunt,
2480 5271 2545 5311 ex
2577 5254 2736 5310 Patre
2764 5254 3074 5325 procedere.
3100 5254 3225 5307 Haec
3249 5253 3434 5306 dicens
3452 5248 3666 5301 nosrirc

2098 5361 2152 5409 te
2178 5349 2422 5414 simulat,
2457 5348 2683 5403 Latinos
2717 5361 2939 5416 quoque
2970 5344 3260 5399 nobiscum
3324 5339 3502 5401 fateri,
3545 5337 3664 5407 Spi-

2095 5442 2259 5495 ritum
2308 5447 2549 5494 sanctum
2578 5453 2640 5492 ex
2672 5435 2831 5491 Patre
2863 5431 3162 5505 procedere
3195 5448 3207 5495 ;
3244 5446 3307 5482 ex
3343 5426 3480 5482 Filio
3538 5443 3669 5487 vero

2094 5533 2254 5588 etiam
2294 5546 2394 5585 nos
2430 5530 2649 5600 quidem
2712 5526 2948 5581 fatemur
3005 5538 3126 5576 cum
3172 5519 3410 5581 Latinis,
3474 5536 3660 5574 verum

2095 5625 2198 5680 hoc
2231 5624 2409 5693 ipsum
2443 5636 2471 5675 a
2502 5620 2710 5676 sanctis
2728 5618 2913 5674 edocti
2937 5613 3258 5669 asserimus.
3332 5613 3385 5665 Id
3416 5613 3485 5665 ita
3517 5628 3669 5677 εδει»,

2095 5720 2346 5772 doctores
2368 5715 2516 5784 ipsos
2550 5728 2611 5765 ac
2646 5711 2928 5778 theologos
2951 5714 3124 5761 testes
3152 5703 3520 5774 proferamus,
3553 5722 3661 5757 nnu

2097 5822 2284 5863 omnes
2314 5813 2407 5859 aut
2434 5804 2637 5867 omnia,
2663 5815 2782 5872 quae
2811 5800 2876 5855 de
2901 5798 2999 5852 hac
3022 5797 3247 5852 materia
3283 5798 3613 5865 scripserunt
3650 5836 3662 5855 ,
