4078 6482
319 412 414 476 121

1556 411 1857 473 CONTRA
1898 411 2321 480 EI’IIESIUM.

3458 414 3559 481 122

310 532 547 604 έπεμψε,
576 533 726 605 παρά
764 532 961 602 ἑκατὸν
1011 534 1216 589 εἴκοσιν
1268 536 1584 590 ἐπισκόπων
1627 538 1874 608 βεϐαιου-

1981 541 2045 593 ad
2076 538 2331 593 Orosium
2368 538 2617 593 scribens
2648 557 2661 593 :
2691 538 2953 608 SpiritUs,
2984 536 3427 606 inquit,sanctus
3451 550 3557 588 non

314 627 509 697 μένην,
545 626 676 696 περὶ
710 626 806 680 τοῦ
837 628 1114 700 μακαρίου
1142 630 1515 698 Αὐγουστίνου
1549 632 1728 686 τοιάδε
1777 633 1881 701 φά-

318 732 437 769 σκει
459 732 472 747 ·
516 716 574 769 ’0
609 717 883 787 μακάριος
913 720 1271 787 Δύγουστῖνος
1297 724 1325 775 6
1376 723 1707 793 ἐξοχώτατος
1732 725 1878 776 διδά-

318 806 548 869 σκαλος·
582 809 681 861 καὶ
735 808 937 862 πάλιν·
979 810 1036 863 Ὀ
1095 815 1407 882 σοφώτατος
1472 817 1572 883 τῆς
1616 817 1878 887 ἀληθείας

313 897 491 968 κήρυξ
523 900 551 952 6
587 900 854 969 μακάριος
900 902 1285 970 Αὖγουστῖνος.
1330 898 1499 970 Οὗτος
1527 904 1620 962 οὖν
1644 910 1671 961 6
1698 908 1879 979 μακά-

315 1005 432 1058 ριος
486 990 846 1060 Αύγουστῖνος
917 996 1055 1063 πρὸς
1124 996 1386 1066 Ὀρώσιον
1454 999 1681 1069 γράφων
1735 1001 1878 1053 οῦτω

312 1081 484 1148 φησί’
516 1082 590 1133 Tb
620 1083 841 1152 Πνεῦμα
874 1086 934 1138 rb
965 1086 1121 1155 ἆγιον
1154 1090 1254 1141 οὐκ
1292 1090 1356 1141 ἐκ
1387 1091 1481 1142 τοῦ
1536 1091 1747 1161 Πατρὸς
1798 1092 1878 1155 εἰς

310 1171 403 1223 τὸν
425 1169 554 1223 Υίὸν
591 1172 970 1244 ἐκπορεύεται,
1003 1179 1097 1231 καὶ
1130 1180 1193 1231 ἐκ
1224 1179 1317 1232 τοῦ
1353 1179 1482 1234 Υίοῦ
1514 1181 1876 1249 ἐκπορεύεται

311 1261 404 1313 ἐπὶ
431 1264 507 1328 τῷ
526 1263 749 1331 ἁγιάσαι
778 1267 877 1336 τὴν
906 1269 1105 1333 κτίσιν,
1138 1270 1252 1322 ἀλλ’
1288 1271 1404 1341 ἅμα
1437 1271 1496 1335 ἐξ
1546 1275 1878 1342 ἀμφοτέρων

312 1354 695 1425 ἐκπορεύεται.
735 1360 849 1414 Καὶ
882 1362 1041 1414 πάλιν
1081 1366 1108 1417 6
1132 1365 1296 1428 αὐτὸς
1324 1368 1382 1419 ἐν
1413 1368 1490 1436 τῷ
1525 1372 1666 1422 κατὰ
1702 1370 1877 1436 Mair.-

317 1448 470 1513 μίνου
505 1448 552 1519 γ’
590 1451 784 1522 βιϐλίῳ
824 1455 992 1523 φησι·
1028 1457 1220 1525 Ζητεῖς
1257 1460 1385 1530 παρ’
1419 1462 1577 1530 ἐμοῦ,
1623 1462 1669 1514 εἰ
1697 1464 1758 1515 ἐκ
1778 1463 1877 1530 τῆς

312 1542 496 1607 οὐσίας
526 1545 619 1598 τοῦ
660 1549 874 1617 Πατρός
909 1551 1060 1604 ἐστιν
1093 1554 1120 1605 6
1167 1554 1317 1618 Υἱὸς,
1340 1557 1405 1610 ἐκ
1434 1559 1531 1627 τῆς
1558 1561 1747 1624 οὐσίας
1779 1561 1875 1614 τοῦ

312 1634 526 1722 Πατρός
556 1639 674 1691 ἐστι
703 1640 799 1692 κοιλ⁵
826 1642 885 1694 rb
917 1645 1140 1715 Πνεῦμα
1167 1646 1228 1700 rb
1262 1647 1442 1716 ἅγιον,
1486 1650 1575 1703 διά
1608 1652 1660 1704 τί
1693 1654 1720 1705 6
1776 1653 1878 1722 μὲν

313 1720 391 1789 είς
437 1730 585 1782 ἐστιν
614 1731 758 1796 Υἱὸς,
796 1735 856 1788 τὸ
900 1735 957 1788 δὲ
990 1737 1177 1808 ἕτερον
1212 1742 1311 1793 οὐκ
1347 1742 1495 1798 ἔστιν
1534 1744 1698 1811 Υἱόςς
1742 1720 1875 1800 Ἰδοὺ

315 1812 704 1917 ἀποκρίνομαι,
738 1823 841 1877 κάν
960 1826 1154 1901 λάὅῃς,
1187 1830 1289 1885 κᾶν
1318 1849 1377 1885 τε
1421 1834 1494 1906 μὴ
1524 1835 1692 1907 λάϐῃς
1726 1853 1741 1869 σ
1783 1838 1875 1891 Ἐκ
1906 1862 1951 1917 Β

306 1904 403 1956 τοῦ
444 1906 660 1977 Πατρός
685 1912 830 1967 ἐστιν
855 1915 882 1967 6
929 1916 1077 1983 Υἱὸς,
1121 1921 1185 1973 ἐκ
1224 1923 1320 1975 τοῦ
1357 1904 1568 1997 Πατρός
1611 1904 1725 1982 ι’ᾇτι
1776 1930 1870 1984 καὶ

307 1997 370 2089 rb
398 1998 626 2069 Πνεῦμα
657 2003 718 2055 rb
752 2005 910 2073 ἅγιον
936 2027 948 2041 ·
983 2010 1097 2063 ἀλλ’
1144 2016 1350 2078 ἐκεῖνος
1395 2019 1677 2089 γεννητὸς,
1714 2021 1872 2075 τοῦτο

309 2087 764 2161 ἐκπορευόμενον.
796 2098 884 2151 Διὸ
904 2099 1107 2171 ἐκεῖνος
1142 2104 1241 2171 μὲν
1280 2107 1405 2170 Υἱός
1441 2087 1558 2162 ἐστι
1607 2110 1700 2164 τοῦ
1756 2111 1869 2165 Πα-

306 2181 455 2250 τρὸς.
488 2184 586 2254 ἀφ’
616 2183 677 2241 οῦ
699 2192 990 2264 ἐγεννήθη,
1046 2197 1208 2253 τοῦτο
1259 2202 1315 2255 δὲ
1372 2203 1433 2256 rb
1467 2205 1692 2274 Πνεῦμα
1742 2207 1873 2259 ἐκα-

306 2275 488 2379 τέρου,
518 2279 688 2379 ὅτιᾼέξ
737 2286 1066 2379 ἀμφοτέρων
1127 2294 1510 2360 ἐκπορεύεται.
1554 2298 1715 2351 Ἀλλά
1781 2299 1870 2353 διὰ

306 2374 461 2423 τοῦτο
496 2374 625 2443 περὶ⁹
656 2376 861 2431 ἐκείνου
908 2378 1082 2449 λέγων
1145 2387 1172 2438 6
1216 2387 1344 2451 Υίὺς
1405 2389 1547 2457 ἔφη’
1622 2391 1722 2444 Ἐκ
1763 2393 1869 2446 τοῦ

308 2464 545 2571 Πατρός
572 2468 980 2571 ἐκπορεύεται,
1000 2477 1079 2555 ὅτι
1102 2480 1127 2531 6
1153 2480 1340 2551 Πατὴρ
1370 2482 1470 2551 τῆς
1491 2484 1869 2553 ἐκπορεύσεως

308 2560 474 2608 αὐτου
527 2560 673 2614 ἐστιν
702 2562 946 2633 ἀρχηγός
972 2581 985 2595 ·
1035 2567 1092 2631 ὃς
1130 2570 1373 2622 τοιοῦτον
1426 2573 1555 2627 Υίὸν
1589 2576 1867 2642 ἐγέννησε,

310 2650 407 2701 καὶ
441 2651 498 2702 ἐν
534 2652 608 2721 τῷ
633 2657 825 2725 γεννᾷν
857 2657 1090 2735 δέδωκεν
1121 2661 1290 2730 αὐτῷ,
1321 2663 1405 2715 ἵνα
1440 2665 1533 2717 καὶ
1597 2666 1655 2730 ἐξ
1701 2667 1866 2720 αὐτοῦ

310 2739 672 2811 ἐκπορεύηται
704 2745 764 2797 rb
804 2748 1029 2827 Πνεῦμα
1068 2750 1129 2802 rb
1179 2751 1354 2819 ἆγιον.
1386 2755 1495 2809 Καὶ
1543 2760 1650 2826 γὰρ
1704 2758 1752 2809 εί
1796 2757 1870 2826 μὴ

309 2828 667 2899 ἐξεπορεύετο
685 2834 746 2887 rb
786 2836 1014 2905 Πνεῦμα
1043 2840 1102 2891 rb
1124 2840 1279 2907 ἅγιον
1308 2843 1401 2895 καὶ
1451 2843 1511 2907 ἐξ
1552 2845 1743 2905 αὑτοῦ,
1771 2847 1873 2900 οὐκ

306 2916 525 2973 ἀνεῖπε
584 2926 697 2986 τοῖς
759 2925 1061 2997 μαθηταῖςο
1112 2916 1336 2986 Λάϐετε
1372 2930 1632 3003 Πνεῦμα
1664 2918 1887 3005 cirros“!

305 3013 401 3065 καὶ
437 3013 603 3066 τοῦτο
632 3015 815 3070 ἐδίδου
862 3019 1142 3089 ἐμφυσῶν,
1182 3024 1267 3077 ἵνα
1300 3027 1393 3079 καὶ
1425 3026 1555 3099 παρ’
1585 3027 1752 3082 αὐτοῦ
1785 3031 1877 3084 ἐκκ

304 3105 643 3177 πορεύεσθαι
696 3112 1055 3180 παραδηλῶν,
1112 3098 1663 3190 ἀποκεκαλυμμένως
1698 3098 1887 3192 ἐμφυέ

1982 637 2304 706 proceditex
2324 632 2485 689 Patre
2509 633 2572 687 ad
2596 631 2817 695 Filium,
2841 641 2893 684 et
2914 646 2941 684 a
2966 630 3105 684 Filio
3127 629 3194 683 ad
3214 627 3561 684 sanctiﬁcan-

1981 730 2105 784 dam
2133 737 2479 793 creaturam;
2512 726 2605 780 sed
2642 724 2708 778 ab
2767 732 3003 791 utroque
3059 721 3227 777 simul
3285 718 3556 791 procedit.

1981 819 2353 875 Rursusidem
2395 819 2531 872 libro
2560 819 2720 871 tertio
2759 824 2947 870 contra
2971 812 3262 866 Maximum
3302 830 3318 866 ;
3346 810 3557 876 Quaeris

1980 930 2010 968 a
2040 929 2145 976 me,
2172 913 2216 967 si
2246 914 2310 966 de
2328 910 2639 965 substantia
2664 908 2844 961 Patris
2869 917 2954 962 est
2979 905 3174 970 Filius,
3204 904 3270 958 de
3299 903 3554 958 substan-

1981 1005 2053 1059 tia
2075 1002 2251 1058 Patris
2279 1015 2363 1057 est
2390 1004 2558 1057 etiam
2585 999 2826 1067 Spiritus
2844 1006 3092 1061 sanctus,
3129 1010 3228 1049 cur
3277 1010 3421 1049 unus
3463 993 3555 1047 Fi-

1981 1096 2087 1151 lius
2112 1096 2205 1161 sit,
2231 1103 2284 1149 et
2305 1094 2439 1147 alius
2469 1108 2577 1146 non
2600 1091 2670 1145 sit
2694 1087 2907 1142 Filius?
2936 1087 3071 1140 Ecce
3095 1082 3420 1152 respondeo,
3442 1083 3556 1135 sive

1980 1189 2184 1257 capias,
2207 1188 2317 1241 sive
2334 1184 2668 1251 noucapias:
2700 1179 2771 1234 De
2797 1179 2955 1257 Patre
2976 1185 3060 1230 est
3081 1172 3277 1238 Filius,
3298 1176 3363 1227 de
3394 1174 3554 1227 Patre

1978 1293 2060 1337 est
2092 1251 2326 1348 Spiritus
2351 1283 2611 1330 sanctus:
2634 1270 2725 1325 sed
2770 1251 2859 1323 ille
2881 1266 3095 1335 genitus
3114 1272 3221 1327 est,
3247 1264 3349 1317 iste
3368 1277 3558 1331 proci--

1979 1370 2150 1431 dens;
2181 1365 2299 1419 ideo
2325 1362 2410 1415 ille
2430 1361 2601 1414 Filius
2625 1368 2707 1411 est
2730 1357 2929 1420 Patris,
2966 1354 3033 1408 de
3051 1367 3152 1420 quo
3178 1362 3261 1407 est
3290 1352 3507 1419 genitus
3532 1366 3545 1415 ;

1978 1464 2078 1518 iste
2108 1470 2286 1515 autem
2328 1457 2566 1524 Spiritus
2598 1455 2901 1521 utriusque,
2931 1434 3188 1521 quoniam
3218 1449 3285 1503 ab
3325 1460 3555 1517 utroque

1978 1554 2242 1623 procedit.
2263 1551 2365 1605 Sed
2385 1550 2505 1604 ideo
2522 1562 2643 1602 cum
2662 1546 2729 1600 de
2759 1546 2851 1599 illo
2879 1544 3052 1599 Filius
3083 1540 3419 1609 loqueretur,
3444 1539 3552 1593 ait:

1979 1641 2472 1708 DePatreprocedit
2493 1642 2536 1705 θ,
2556 1638 2813 1708 quoniam
2836 1635 2994 1689 Pater
3028 1630 3395 1703 processionis
3434 1628 3554 1697 ejus

1978 1743 2061 1788 est
2077 1740 2285 1794 auctor,
2304 1729 2395 1799 qui
2416 1728 2576 1781 talem
2595 1725 2788 1780 Filium
2804 1722 3015 1793 genuit,
3035 1728 3089 1776 et
3108 1719 3378 1791 gignendo
3395 1717 3443 1773 ei
3461 1717 3556 1772 de-

1978 1826 2056 1880 dit
2080 1823 2312 1880 utetiam
2336 1821 2403 1875 de
2422 1822 2539 1890 ipso
2562 1818 2879 1889 procederet
2898 1808 3551 1885 Spiritussanctus.Nam

1979 1917 2085 1973 nisi
2106 1915 2485 1987 procederctet
2506 1912 2572 1966 de
2597 1911 2735 1980 ipso,
2756 1924 2862 1963 non
2883 1907 3087 1962 diceret
3105 1904 3392 1973 discipulis
3412 1917 3428 1958 :
3450 1900 3553 1955 Ac-

1978 2013 2134 2080 cipite
2152 2008 2410 2076 Spiritum
2426 2016 2665 2061 sanctum
2686 2004 2728 2035 “
2748 2020 2763 2069 ;
2781 2014 3013 2069 eumque
3033 1996 3360 2053 insumando
3377 1994 3550 2059 daret,

1979 2113 2038 2160 ut
2063 2120 2091 2158 a
2108 2117 2167 2161 se
2183 2115 2402 2173 quoque
2416 2098 2710 2170 procedere
2729 2092 3069 2164 signiﬁcans,
3089 2097 3272 2159 aperte
3289 2086 3547 2142 ostende-

1977 2205 2056 2252 ret
2085 2193 2287 2257 ﬂando,
2316 2191 2463 2262 quod
2496 2188 2758 2260 spirando
2780 2185 2946 2241 dabat
2982 2182 3218 2236 occulte.
3249 2178 3387 2245 Quia
3418 2191 3551 2247 ergo

1978 2290 2025 2345 si
2048 2297 2384 2350 nasceretur,
2410 2299 2522 2339 non
2555 2290 2764 2337 tantum
2795 2279 2861 2349 de
2888 2276 3067 2339 Patre,
3097 2288 3197 2328 nec
3252 2278 3460 2326 tantum
3482 2270 3550 2325 de

1976 2383 2135 2446 Filio,
2165 2380 2261 2437 sed
2298 2380 2366 2434 de
2382 2376 2650 2432 ambobus
2679 2372 2865 2440 utique
2896 2375 3237 2428 nasceretur,
3302 2362 3422 2419 sine
3448 2362 3550 2415 du-

1976 2473 2067 2527 bio
2097 2471 2271 2525 Filius
2316 2468 2596 2522 diceretur
2641 2461 2951 2517 amborum.
3001 2456 3079 2510 Ac
3113 2469 3207 2523 per
3258 2451 3385 2513 hoc,
3412 2450 3543 2521 quia

1976 2560 2146 2617 Filius
2171 2561 2457 2615 amborum
2485 2556 2637 2610 nullo
2670 2551 2826 2607 modo
2856 2558 2958 2615 est,
2978 2562 3097 2601 non
3130 2544 3371 2616 Oportuit
3391 2539 3545 2596 nasci

1977 2670 2099 2710 eum
2128 2654 2194 2707 de
2215 2650 2499 2705 ambobus.
2527 2644 2824 2700 Amborum
2859 2650 2943 2695 est
2972 2653 3103 2708 ergo
3155 2636 3396 2707 Spiritus
3422 2648 3550 2687 san-

1978 2757 2099 2802 ctus
2140 2740 2481 2812 procedendo
2520 2737 2587 2795 de
2621 2735 2910 2790 ambobus.
2941 2730 3004 2784 Et
3046 2728 3191 2787 infra
3255 2729 3309 2781 in
3353 2723 3547 2780 eodem

1980 2836 2157 2904 capite
2190 2852 2205 2900 ;
2240 2833 2375 2888 satis
2405 2832 2477 2884 sit
2508 2844 2637 2898 ergo
2671 2827 2852 2894 nobis,
2880 2825 3010 2895 quia
3035 2838 3144 2877 non
3174 2830 3257 2875 est
3278 2834 3307 2873 a
3366 2816 3549 2885 seipso

1979 2927 2174 2988 Filius,
2195 2924 2289 2980 sed
2320 2925 2387 2977 ab
2420 2922 2537 2985 illo,
2569 2920 2636 2975 de
2655 2936 2763 2991 quo
2793 2928 2956 2972 natus
2984 2923 3068 2969 est
3097 2931 3111 2967 :
3156 2926 3262 2965 non
3289 2916 3374 2964 est
3406 2924 3433 2962 a
3464 2921 3551 2961 se-

1983 3020 2102 3090 ipso
2131 3016 2370 3089 Spiritus
2401 3023 2648 3075 sanctus,
2682 3010 2776 3066 sed
2810 3010 2878 3063 ab
2913 3008 3009 3060 illo
3043 3005 3111 3059 de
3134 3016 3243 3071 quo
3269 2998 3557 3068 procedit;

1982 3121 2037 3169 et
2059 3111 2186 3181 quia
2208 3110 2273 3164 dc
2308 3119 2538 3176 utroque
2574 3102 2844 3177 procedit,
2874 3101 3017 3155 sicut
3043 3097 3155 3167 jam
3188 3091 3561 3165 ostendimus,

308 3196 419 3249 σῶν
448 3198 728 3274 ἀποδείξῃ,
763 3201 899 3272 ὅπερ
952 3205 1131 3261 πνέων
1189 3185 1619 3281 κεκαλυμμένως
1646 3185 1866 3268 ἐδίδου.

1978 3204 2119 3259 unde
2155 3208 2207 3255 et
2239 3198 2477 3270 Spiritus
2499 3194 2679 3249 Patris
2707 3194 2887 3247 dictus
2912 3198 3019 3253 est,
3048 3195 3160 3242 etc.
3184 3185 3422 3239 Sanctus
3456 3194 3550 3234 au-

318 3287 648 3362 Ἐπειδήπερ
676 3290 768 3345 οῦν
802 3296 851 3347 εί
883 3296 1164 3363 ἐγεννᾶτο,
1192 3300 1252 3352 οὗ
1284 3301 1445 3368 μόνον
1491 3303 1555 3357 ἐκ
1600 3303 1694 3358 τοῦ
1760 3308 1870 3360 Πα-

305 3383 453 3451 τρδς,
484 3381 607 3435 οὔτε
641 3385 800 3453 μόνον
825 3387 888 3441 ἐκ
932 3389 1030 3442 τοῦ
1066 3390 1223 3455 Υίοῦ,
1272 3392 1386 3446 ἀλλ’
1435 3394 1495 3459 ἐξ
1542 3397 1747 3466 ἀμφοῖν
1781 3399 1873 3470 δή·

304 3474 505 3529 πουθεν
536 3477 603 3530 ἂν
629 3477 908 3546 ἐγεννᾶτο,
934 3482 1346 3555 ἀναντιρῤήτως
1390 3487 1520 3551 Υἱὸς
1568 3489 1768 3558 ἀμφοῖν
1805 3492 1873 3546 ἂν

304 3565 543 3634 ἐλέγετο·
575 3569 669 3623 καὶ
707 3569 794 3624 διὰ
823 3570 1002 3640 τοῦτο,
1046 3574 1173 3637 Υἱὸς
1209 3578 1315 3647 γὰρ
1366 3578 1570 3648 ἀμφοῖν
1617 3582 1871 3651 οὐδαμῶς

306 3656 447 3712 εἶναι
483 3660 731 3728 δύναται,
764 3663 866 3717 οὐκ
893 3664 1000 3718 ἔδει
1030 3669 1359 3738 γεννηθῆναι
1390 3670 1522 3723 αὐτὸ
1566 3672 1625 3737 ἐξ
1643 3674 1868 3742 ἀμφοῖν.

316 3751 550 3821 Ἀμφοῖν
584 3753 694 3824 ἄρα
719 3755 953 3826 Πνεῦμά
1009 3759 1180 3824 ἐστιν,
1216 3761 1648 3832 ἐκπορευόμενον
1677 3765 1736 3830 ἐξ
1764 3767 1871 3836 ἀμ-

306 3847 449 3912 φοῖν.
476 3846 587 3899 Kal.
608 3848 903 3916 κμτωτέρω
921 3849 978 3900 ἐν
1002 3850 1079 3920 τῷ
1102 3851 1251 3921 αὐτῷ
1277 3856 1567 3925 καφαλαίῳ
1588 3873 1603 3889 ο
1631 3858 1872 3927 ἀρκείτω

304 3934 485 3989 τοίνυν
517 3937 674 4006 ἡμῖν,
706 3937 790 3993 ὅτι
820 3941 849 3992 6
879 3938 1008 4003 Υίδς
1037 3942 1138 3995 οὐκ
1166 3942 1315 3998 ἔστιν
1369 3945 1429 4010 ἐξ
1482 3947 1704 4014 ἑαυτοῦ,
1755 3951 1871 4005 ἀλλ’

305 4024 363 4089 ἐξ
384 4025 445 4080 οῦ
475 4027 740 4098 ἐγεννήθη
760 4044 775 4059 ⁸
808 4030 910 4084 οὐκ
939 4018 1085 4084 ἐστιν
1116 4031 1175 4097 ἐξ
1201 4035 1399 4097 ἑαυτοῦ
1431 4038 1492 4091 τὸ
1545 4040 1772 4111 Πνεῦμα
1811 4042 1872 4096 rb

306 4117 485 4186 ἅγιον,
527 4119 644 4174 ἀλλ’
687 4120 745 4186 ἐξ
770 4122 829 4175 οῦ
873 4123 1236 4194 ἐκπορεύεται
1270 4143 1285 4159 ⁸
1322 4130 1416 4183 καὶ
1447 4130 1569 4183 ἐπεὶ
1607 4133 1736 4200 παρ’
1766 4134 1874 4202 ἀμ-

306 4209 553 4275 φοτέρων
608 4210 989 4282 ἐκπορεύεται,
1042 4212 1118 4279 ὡς
1149 4214 1250 4285 ἤδη
1302 4216 1693 4287 ἀπεδείξαμεν,
1750 4220 1874 4273 ὅθεν

305 4298 537 4369 Πνεῦμα
595 4301 812 4371 Πατρδς
869 4303 1126 4374 είρηταιυ
1206 4307 1300 4360 καὶ
1357 4308 1425 4360 τὰ
1476 4308 1663 4365 λοιπά.
1715 4312 1775 4364 '0
1817 4312 1875 4365 δὲ

308 4389 466 4459 ἅγιος
502 4391 884 4461 Ἀναστάσιος,
940 4398 1068 4465 περὶ
1118 4397 1178 4450 οῦ
1214 4399 1247 4466 ἡ
1286 4398 1419 4466 ἁγία
1472 4400 1606 4470 ἕκτη
1660 4401 1875 4466 σύνοδος

1973 3306 2081 3352 tem
2144 3293 2490 3357 Anastasius,
2548 3289 2615 3344 de
2671 3303 2779 3359 quo
2826 3293 3014 3341 sancta
3057 3279 3301 3352 synodus
3348 3282 3501 3331 sexta
3531 3311 3548 3337 ,

1976 3388 2346 3459 Suscipimus,
2381 3382 2581 3454 inquit,
2616 3386 2863 3437 sanctum
2897 3373 3243 3430 Anastasium
3272 3362 3555 3434 ;et'l‘heo-‘

1975 3482 2144 3536 dorus
2172 3478 2441 3533 Melitenae
2471 3473 2763 3543 episcopus
2789 3466 3073 3537 respondit
3107 3482 3122 3519 :
3166 3462 3427 3517 Sanctum
3455 3471 3552 3515 v0-

1974 3583 2061 3628 cat
2090 3570 2379 3625 universus
2410 3565 2610 3621 Oriens
2629 3563 2777 3618 hunc
2806 3561 2978 3616 beatze
3006 3554 3284 3611 memoria:
3314 3553 3550 3604 Anasta-

1974 3664 2138 3728 sium,
2170 3659 2570 3715 Antiochenum
2604 3656 2733 3710 olim
2764 3652 3080 3722 episcopum
3119 3663 3133 3711 ;
3169 3653 3223 3700 et
3250 3642 3341 3711 qui
3405 3640 3550 3693 liuuc

1974 3770 2080 3810 non
2112 3752 2324 3822 recipit,
2362 3750 2514 3804 illum
2551 3749 2696 3802 Deus
2725 3742 3191 3805 anathematizet;
3218 3744 3273 3791 et
3322 3747 3549 3803 respon-

1974 3849 2174 3903 derunt
2212 3859 2406 3900 omnes
2441 3856 2550 3897 una
2586 3854 2744 3904 voce,
2770 3840 2941 3890 Amen
2981 3852 2998 3890 :
3034 3834 3123 3886 hic
3154 3846 3284 3899 ergo
3330 3834 3553 3883 sanctus

1974 3943 2028 3997 in
2060 3951 2331 3999 sermone,
2367 3935 2459 4006 qui
2495 3932 2793 4002 inscriptus
2863 3938 2968 3990 est,
3005 3925 3081 3979 De
3130 3914 3291 3977 rectis
3319 3935 3433 3989 qua:
3460 3934 3551 3973 nos

1974 4035 2238 4090 credimus
2256 4028 2588 4100 dogmatibus
2610 4021 2866 4082 veritatis,
2886 4019 3042 4086 cujus
3062 4016 3167 4069 tale
3186 4021 3271 4069 est
3300 4011 3549 4064 initium:

1974 4129 2176 4183 Eorum
2199 4136 2319 4193 qua:
2342 4121 2410 4173 de
2433 4126 2579 4172 recta
2609 4114 2711 4168 (ide
2729 4120 2938 4172 nostra,
2966 4109 3049 4163 sic
3072 4107 3180 4160 ait:
3202 4103 3278 4157 Ex
3303 4117 3368 4157 eo
3389 4113 3553 4171 porro

1976 4218 2120 4290 quod
2149 4213 2434 4286 proprium
2465 4206 2713 4276 corporis
2767 4212 2872 4266 est,
2921 4200 3093 4270 petito
3136 4195 3410 4265 exemplo,
3457 4194 3553 4248 de-

1975 4283 2330 4368 clarav'imus,
2368 4299 2644 4373 quomodo
2684 4297 2738 4351 in
2774 4293 2978 4349 divinis
3009 4291 3241 4345 alterum
3298 4285 3443 4342 sitiu
3475 4283 3553 4338 al-

1981 4412 2095 4455 tcro
2122 4414 2187 4453 ex
2220 4394 2575 4467 proportione
2607 4398 2661 4445 et
2722 4385 3089 4457 psimilitudine
3150 4381 3543 4437 membrorum.

310 4482 497 4587 λέγει·
557 4487 962 4587 Ἀποδεχόμεθα
1005 4489 1094 4542 τὸν
1146 4488 1302 4558 ἅγιον
1343 4493 1734 4550 ’Λναστάσιονο
1778 4499 1870 4551 καὶ

1980 4496 2093 4550 Hac
2119 4492 2261 4549 enim
2285 4489 2495 4544 ratione
2520 4492 2575 4541 et
2599 4482 2822 4553 spiritus
2847 4479 2960 4533 oris
2982 4478 3122 4546 ejus,
3151 4474 3245 4528 Dei
3271 4472 3551 4535 videlicet,

2063 4586 2067 4587 κ
2514 4577 2544 4587 ..
2590 4578 2619 4587 ..
3197 4564 3520 4587 "duum"

307 4574 579 4648 Θεόδωρος
607 4580 635 4631 6
675 4577 986 4650 Μελιτηνῆς
1023 4582 1299 4653 ἀπεκρίθη
1332 4598 1345 4613 ·
1385 4586 1575 4653 ’Ἀγιον
1605 4590 1873 4644 ἀποκαλεῖ

306 4668 458 4720 πᾶσα
500 4671 530 4737 ὴ
582 4667 850 4740 Ἀνατολὴ
886 4671 1079 4725 τοῦτον
1147 4674 1237 4727 τὸν
1286 4677 1387 4746 τῆς
1448 4679 1603 4745 ὁσίας
1652 4684 1870 4753 μνήμης

316 4759 696 4826 Ἀναστάσιον,
759 4761 849 4814 τὸν
922 4765 1216 4834 γενόμενον
1298 4768 1598 4824 ἐπίσκοπον
1668 4775 1871 4828 Ἀντιο-

304 4852 458 4922 χείας
481 4853 613 4905 ’καὶ
648 4858 741 4907 τὸν
773 4855 850 4923 μὴ
896 4856 1189 4927 δεχόμενον
1223 4862 1387 4914 αὑτὸν
1416 4866 1442 4915 ὁ
1487 4848 1619 4928 Θεὸς
1677 4868 1873 4921 ἀναθε-

308 4943 537 5014 ματίσῃ.
591 4946 702 4998 Καὶ
744 4946 947 5010 πάντες
992 4949 1289 5019 ὁμοφώνως
1342 4950 1493 5006 εἷπον
1541 4957 1601 5008 τὸ
1658 4960 1870 5029 Ἀμήνο

304 5029 456 5097 οὗτος
482 5031 573 5088 οῦν
602 5036 629 5088 6
659 5036 813 5104 ἆγιος
845 5037 905 5091 ἐν
936 5039 1013 5108 τῷ
1042 5040 1184 5112 λόγῳ
1214 5043 1406 5105 αὑτοῦ,
1442 5045 1502 5097 οῦ
1538 5049 1568 5116 ἡ
1607 5050 1703 5117 μὲν
1746 5054 1867 5105 ἐπι-

305 5127 517 5198 γραφὴ,
543 5128 680 5196 Περέ
713 5128 832 5183 τῶν
866 5131 993 5185 καθ’
1022 5131 1180 5201 ἡμᾶς
1207 5134 1399 5202 ὀρθῶν
1424 5136 1732 5207 δογμάτων
1764 5141 1872 5210 τῆς

302 5219 685 5327 ἁῑιηθείας,.ἠ
712 5220 769 5274 δὲ
803 5225 1115 5327 ἀρζὴ,η’ῖ“ὦν
1153 5229 1282 5297 περὶ
1332 5230 1432 5298 τῆς
1494 5232 1679 5299 ὑγιοῦς
1712 5236 1870 5305 ἡμῶν

299 5312 562 5409 irier-3mg,
591 5311 733 5409 οῦτω
780 5315 952 5409 φηαί·
988 5316 1097 5369 Τοῦ
1149 5317 1205 5371 δὲ
1244 5319 1495 5391 σώματος
1561 5324 1619 5377 rb
1674 5328 1869 5398 ίδίωμα

302 5400 558 5465 λαϐόντες
614 5404 698 5467 ὡς
753 5406 1129 5476 παράδειγμα,
1192 5410 1292 5481 τὴν
1349 5414 1727 5488 ἀλληλουχίαν
1751 5423 1856 5474 τῶν

1979 4586 2220 4656 Spiritus
2241 4588 2464 4637 sanctus
2497 4577 2720 4639 dicitur,
2756 4587 2880 4626 cum
2948 4585 3010 4625 os
3067 4569 3137 4623 sit
3197 4564 3545 4635 Unigeuitus.

2070 4691 2262 4732 rursus
2304 4692 2319 4730 ί
2347 4671 2608 4741 Spiritus,
2635 4667 2726 4737 qui
2758 4665 2825 4720 ab
2856 4678 2921 4717 eo
2951 4659 3195 4731 procedit
3218 4667 3273 4713 et
3300 4655 3552 4718 mittitur,

1982 4787 2088 4826 non
2124 4785 2152 4821 a
2181 4768 2341 4823 Patre
2365 4763 2566 4826 solum,
2604 4758 2698 4814 sed
2740 4757 2905 4811 etiam
2936 4768 2963 4805 a
3004 4751 3169 4804 Filio.
3222 4747 3285 4800 Et
3330 4747 3555 4815 quibus-

1980 4864 2103 4917 dam
2122 4856 2458 4926 interpositis
2483 4871 2497 4906 :
2521 4851 2725 4921 Itaque,
2757 4846 2953 4914 inquit,
2976 4841 3237 4895 Dominus
3262 4838 3555 4893 ostendens

1980 4968 2105 5012 eum
2134 4968 2193 5007 se
2216 4964 2360 5011 esse,
2399 4960 2428 4999 a
2470 4958 2577 5013 quo
2617 4938 2836 4995 exsistit
2880 4934 3117 5004 Spiritus
3172 4927 3454 4985 iusuiﬂaus
3497 4926 3550 4980 in

1982 5042 2286 5112 discipulos
2318 5036 2498 5092 aiebat
2527 5051 2542 5087 :
2578 5031 2808 5097 Accipite
2837 5027 3090 5097 Spiritum
3110 5033 3374 5079 sanctum.
3417 5020 3552 5074 Esse

1981 5127 2651 5213 porrosermoncmilium
2705 5122 2872 5192 hujus
2931 5120 3194 5184 auctoris,
3258 5113 3552 5169 testabitur

1979 5207 2725 5294 Constantinopolitanorum
2765 5216 3007 5287 synodus
3060 5221 3248 5267 contra
3318 5207 3550 5274 Acindy-

1980 5340 2109 5381 num
2131 5321 2449 5382 celebrata;
2482 5315 2688 5385 profert
2715 5313 2859 5365 enim
2891 5307 3021 5364 inde
3078 5301 3419 5362 testimonia.
3442 5298 3548 5354 Te-

1979 5424 2080 5478 stis
2104 5416 2208 5473 erit
2230 5414 2391 5469 etiam
2423 5409 2579 5463 Nilus
2616 5404 2920 5461 Cabasilas.

510 5454 556 5465 ν-
628 5454 696 5467 π-
760 5454 1129 5476 «Tw-"mw.
1203 5454 1288 5481 --.-
1349 5454 1591 5469 ...υ-...νυ
1641 5454 1725 5472 ww
1761 5454 1855 5474 ,ων
2012 5454 2080 5475 ..δ
2104 5454 2391 5473 μηνυα...
2424 5454 2579 5463 -.....-
2624 5454 2917 5461 *τηε-ηρ
3286 5454 3291 5461 .

303 5491 463 5548 Θείων
520 5500 940 5571 παρεστήσαμεν
966 5501 1053 5555 διὰ
1112 5503 1212 5574 τῆς
1247 5504 1355 5559 τῶν
1393 5460 1571 5576 μελῶν
1598 5454 1926 5585 Ᾱάναλογίας
1955 5454 2015 5570 :5
2047 5512 2142 5566 καὶ
2176 5507 2445 5567 εἰκασίας.
2502 5500 2686 5569 Ταύτῃ
2735 5497 2841 5565 γὰρ
2907 5494 3001 5546 καὶ
3049 5487 3262 5556 πνεῦμα
3322 5481 3527 5553 στόμα-

300 5608 400 5694 τοξι
439 5591 643 5694 αὖςτςῦζ
667 5592 824 5694 δῆλον
884 5596 977 5651 τοῦ
1008 5600 1164 5694 (θεοῦ,
1196 5600 1255 5654 rb
1295 5601 1519 5674 Πνεῦμα
1549 5607 1609 5660 τὸ
1647 5580 1823 5677 ἅγιον-
1849 5580 2095 5681 λέγεται,
2121 5605 2387 5674 στόματος
2417 5598 2568 5659 ὄντος
2592 5592 2689 5647 τοῦ
2746 5587 3113 5657 Μονογενοῦς’
3144 5584 3235 5637 καί
3263 5600 3275 5613 ·
3326 5580 3550 5651 Πνεῦμα

301 5679 466 5738 πάλιν
503 5682 562 5747 ἐξ
583 5683 749 5738 αὐτοῦ
778 5686 1211 5757 ἐκπορευόμενον
1238 5693 1332 5744 καὶ
1357 5673 1936 5769 ἀποστελλόμένονωύ
1958 5699 2116 5771 μόνον
2140 5673 2293 5766 παρὰ
2316 5690 2409 5747 τοῦ
2453 5686 2683 5757 Πατρδς,
2732 5681 2866 5737 ἀλλά
2917 5679 3011 5733 καὶ
3054 5677 3199 5744 παρὰ
3232 5674 3324 5729 τοῦ
3386 5673 3514 5728 Υίοῦ
3533 5687 3547 5701 ’

372 5862 393 5896 ⁸
420 5858 575 5921 Juau.
603 5881 690 5931 xv,
719 5866 808 5921 26.
891 5870 928 5899 ¹⁰
953 5866 1109 5924 Joan.
1133 5885 1223 5937 xx,
1246 5870 1338 5924 22.
