4078 6482
477 396 580 459 123
1346 397 1729 464 GREGORII
1763 399 2062 462 ΜΑΜΜᾸΞ

2183 410 2202 463 ⁵.
2250 399 2768 462 PATRIARCH/E
3634 397 3742 462 ηε

482 510 577 569 καὶ
638 515 776 581 μετὰ
838 531 1000 569 τυθαο
1047 514 1161 570 Καὶ
1229 515 1336 587 μὴν
1399 517 1656 588 όΚύριος
1712 517 1772 582 ἐξ
1826 513 1992 569 αὐτοῦ
2047 513 2262 578 δεικνὺς
2287 514 2420 569 αύτδ
2461 516 2751 588 ὑπάρχειν,
2781 513 3039 586 ἐμφυσῶν
3061 512 3184 590 τοῖς⁴
3217 511 3422 568 ἑαυτοῦ
3460 510 3730 582 μαθηταῖς

480 610 656 671 ιλεγεο
685 610 906 666 Λάϐετε
928 609 1168 682 Πνεῦμα
1190 610 1381 681 ἅγιον.
1407 611 1532 665 Ὀτι
1551 612 1609 666 δὶ
1633 609 1785 664 τοῦδε
1814 609 2032 676 ὁλόγος,
2044 609 2383 680 μαρτυρήσει
2406 608 2498 664 καὶ
2519 611 2554 682 ἡ
2580 609 2843 680 σύνοδοςή
2873 607 3018 664 κατὰ
3046 606 3380 670 Ἀκινδύνου,
3408 606 3718 678 μαρτυρίας

480 713 546 765 ἐκ
567 709 756 762 τούτου
795 709 1224 776 προκομίζουσαν
1263 709 1359 762 καὶ
1407 709 1513 778 κῦρ
1532 707 1723 770 Νεῖλος
1743 709 1770 761 6
1791 703 2132 766 Καϐασιλᾶς.

551 795 631 852 Ad
665 797 781 852 haec
827 795 1188 868 Epiphanius,
1210 796 1278 852 de
1325 803 1437 868 quo
1474 806 1698 854 sanctus
1729 795 2054 852 Theodorus
2082 792 2130 848 Δ
2237 797 2297 852 Ὀ
2319 800 2375 854 δὲ
2402 798 2559 870 ἅγιος
2600 799 2941 869 Ἑπιφάνιος,
2968 797 3100 869 περὶ
3133 792 3182 876 οξ

484 892 704 948 Studita
735 889 801 945 ad
835 890 996 944 ﬁnem
1033 890 1260 946 secundi
1321 891 1406 946 sui
1465 890 1590 946 libri
1623 899 1816 947 contra
1870 891 2062 946 [cono-

2183 906 2189 942 ι
2222 893 2508 960 Στουδίτης
2549 893 2608 945 ἐν
2651 889 2728 961 τῷ
2757 890 2902 944 τέλει
2935 887 3030 942 τοῦ
3063 888 3109 957 β’
3160 885 3328 941 αὑτοῦ
3384 885 3594 956 βιϐλίου
3645 886 3742 938 τοῦ

485 983 710 1038 machus
735 982 846 1036 ait:
877 981 1242 1050 Epiphaniam
1271 983 1482 1036 scimus
1515 990 1569 1037 et
1593 994 1845 1038 sanctum
1879 992 1931 1036 et
1958 983 2062 1036 mi-

2183 984 2307 1039 ιατὰ
2363 981 2751 1055 Είκονομάχων
2795 981 2966 1050 λέγει·
3059 979 3383 1046 Ἐπιφὰνιον
3434 979 3594 1046 ῐσμεν
3643 977 3742 1030 καὶ

487 1078 803 1131 raculorum
855 1075 1062 1128 virtute
1092 1075 1412 1131 maximum.
1466 1067 1680 1131 Rursus
1703 1075 1844 1130 idem
1877 1075 1930 1129 in
1962 1091 2058 1129 sua

2183 1077 2321 1144 ἱγιον
2351 1077 2449 1130 καὶ
2501 1076 2762 1146 μέγιστον
2797 1076 2854 1128 ὲν
2887 1071 3356 1143 θαυματουργίαις
3380 1086 3394 1101 ⁸
3432 1071 3525 1122 καὶ
3576 1069 3742 1122 πάλιν

486 1167 552 1220 ad
585 1167 916 1220 Naucratum
942 1166 1193 1228 epistola,
1221 1181 1341 1235 quae
1371 1167 1449 1220 sic
1483 1165 1710 1234 incipit:
1751 1167 1932 1220 Altera
1963 1165 2060 1221 tibi

2183 1172 2191 1219 ὸ
2221 1168 2381 1230 αὐτὸς
2414 1169 2471 1220 έν
2501 1171 2568 1238 τῇ
2597 1166 2733 1236 πρὸς
2761 1165 3086 1234 Ναύκρατον
3115 1162 3369 1232 ἐπιστολῇ
3395 1159 3584 1225 αὐτοῦ,
3616 1155 3680 1230 ἦς
3709 1161 3742 1230 ἡ

488 1257 685 1311 iterum
723 1257 960 1320 cautela,
983 1255 1059 1310 illi
1101 1257 1332 1310 dilecte:
1368 1257 1438 1310 Ea
1462 1272 1613 1323 vero,
1650 1260 1849 1325 inquit,
1885 1271 2006 1324 qua:
2034 1272 2063 1307 α

2183 1260 2328 1330 ὶρχὴ,
2356 1261 2524 1314 Πάλιν
2549 1258 2710 1327 ἑτέρα
2743 1275 2823 1312 σοι
2858 1255 3094 1327 φυλακὴ,
3125 1256 3320 1308 τέκνον
3352 1252 3742 1322 ἠγαπημένον,

492 1363 576 1400 me
604 1350 845 1417 qmesisti
889 1348 955 1402 de
985 1350 1268 1404 liacrescou
1296 1359 1348 1403 et
1379 1351 1766 1412 baptismatum
1803 1349 2065 1404 differen-

2183 1352 2355 1422 ρησίνο
2405 1351 2473 1405 Ἀ
2507 1351 2562 1404 δὲ
2613 1349 2960 1419 ὲπεζήτησας
3013 1345 3390 1416 ἀποκριθῆναί
3425 1360 3492 1414 με
3525 1342 3652 1410 περί
3682 1358 3742 1394 τε

494 1440 569 1494 tia
631 1440 972 1509 singulatim,
1003 1443 1156 1510 plura
1197 1450 1326 1495 sunt
1383 1455 1544 1510 quam
1595 1443 1790 1497 modus
1821 1443 2067 1510 epistola;

2183 1447 2276 1498 τῶν
2303 1445 2574 1516 αἱρέσεων
2625 1445 2718 1497 καὶ
2745 1443 3142 1514 βαπτισμάτων
3169 1439 3292 1495 κατ’
3338 1439 3488 1504 ἔπος,
3522 1439 3744 1517 ἐπιστο-

496 1531 641 1586 ferre
668 1535 858 1601 possit.
893 1531 956 1586 Et
984 1543 1208 1588 rursus.
1241 1532 1588 1601 Supernuum
1625 1545 1709 1588 est
1748 1549 1808 1587 ea
1839 1549 2070 1603 percen-

2183 1537 2264 1605 ιῆς
2311 1535 2631 1604 ὑπερϐαίνει
2685 1538 2886 1606 μέτρον
2911 1552 2926 1568 ο
2954 1535 3050 1589 καὶ
3094 1535 3292 1588 πάλινο
3328 1531 3744 1604 Περιττολογεῐν

493 1635 637 1686 sere,
663 1612 783 1689 qua:
813 1638 841 1676 a
865 1623 1068 1679 deil‘ero
1103 1625 1410 1694 Epiphanio
1459 1624 1678 1680 invcn'a
1718 1635 1844 1680 sunt
1872 1635 1924 1680 et
1974 1627 2068 1682 deo

2183 1631 2286 1679 iam
2315 1627 2382 1680 τὰ
2415 1627 2552 1680 αὐτὰ
2585 1627 2939 1696 ἀφηγεῖσθαι,
2989 1625 3024 1680 ἃ
3051 1626 3079 1680 6
3124 1625 3378 1694 θεοφόρος
3421 1622 3740 1691 Ἐπιφάνιος

493 1712 696 1780 scripta
729 1711 1070 1783 diligentius,
1109 1729 1269 1784 quam
1308 1717 1375 1769 ab
1405 1716 1514 1771 alio
1534 1716 1728 1786 quovis
1758 1718 1938 1772 Patre.
1972 1717 2070 1772 Sa-

2183 1717 2362 1785 ίξεῦρε
2390 1719 2483 1771 καὶ
2509 1718 2826 1789 διέγραψεν,
2869 1717 2944 1780 ῶς
2969 1717 3145 1780 οὐδεὶς
3180 1715 3290 1770 τῶν
3321 1714 3582 1786 Πατέριυν
3606 1729 3621 1744 ⁸
3651 1712 3739 1765 εν-

494 1819 649 1857 crum
683 1817 813 1874 ergo
849 1807 917 1862 de
970 1807 1275 1865 hmresibus
1336 1809 1533 1865 librum
1575 1811 1696 1880 ejus
1756 1812 1967 1880 evolve,
2015 1821 2068 1868 et

2183 1824 2298 1876 τυχε
2327 1802 2423 1861 οὖν
2444 1810 2508 1877 τῇ
2554 1809 2685 1878 περὶ
2719 1807 2900 1861 αὐτῶν
2931 1808 3052 1879 ίερᾷ
3079 1805 3243 1864 αὐτοῦ
3285 1803 3476 1876 βίϐλῳ,
3515 1804 3742 1858 κὰκεῐσε

494 1910 616 1964 qua!
647 1894 789 1949 scire
821 1893 998 1965 cupis,
1029 1913 1321 1968 pernosces
1352 1901 1558 1956 omnia.
1620 1901 1819 1956 Sancta
1854 1917 2072 1972 quoque

2183 1898 2447 1971 Βιαγνώσῃ
2491 1897 2528 1952 ε
2561 1900 2752 1968 μαθεῖν
2786 1898 3021 1967 ἐφίεσαι.
3065 1897 3130 1953 Ἠ
3153 1895 3208 1950 δὲ
3233 1895 3364 1965 ἁγία
3393 1893 3749 1963 οίκουμενικὴ

493 1997 644 2039 seua
663 1987 902 2056 synodus
939 1996 1084 2042 tomo
1104 1998 1318 2058 quarto,
1343 1992 1562 2046 actione
1589 1992 1819 2058 decima,
1849 1993 1915 2046 de
1944 2009 2072 2049 san-

495 2085 586 2128 cto
611 2077 709 2133 lioc
732 2075 806 2132 ita
835 2077 1111 2149 loquitur:
1133 2079 1292 2136 Lecta
1309 2089 1438 2136 sunt
1455 2089 1509 2136 et
1533 2082 1822 2137 multorum
1837 2083 2068 2138 aliorum

2183 2080 2327 2136 τοῦδε
2358 2079 2452 2136 τοῦ
2504 2081 2661 2150 ἁγίου
2717 2083 2840 2138 τάδε
2884 2079 3081 2149 λέγει·
3149 2077 3610 2180 Ἀνεγνῶσθησαν.
3649 2075 3749 2180 καὶ

496 2167 839 2234 testimonia,
881 2185 984 2224 nec
1020 2186 1130 2226 non
1171 2175 1531 2229 auctoritates
1563 2173 1736 2229 sancti
1782 2173 2071 2244 Epiphanii

2183 2173 2350 2229 ιλλων
2378 2173 2590 2228 πολλῶν
2622 2173 2941 2245 μαρτυρίαι,
2978 2171 3059 2226 ἔτι
3086 2171 3178 2226 καὶ
3205 2171 3427 2243 χρήσεις
3451 2166 3546 2222 τοῦ
3585 2165 3746 2235 ἁγίου

495 2275 558 2316 ex
597 2255 869 2326 Panariis,
930 2275 1185 2320 sermone
1249 2267 1597 2336 sexagesimo
1633 2283 1800 2322 nono.
1853 2267 2072 2324 Rursus

2187 2263 2510 2333 Ἑπιφανίου
2541 2264 2606 2344 ἐκ
2651 2263 2760 2316 τῶν
2803 2261 3136 2332 Παναρίων,
3185 2259 3294 2314 ἀπὸ
3325 2258 3486 2328 λόγου
3519 2251 3614 2322 ἔθ’·
3652 2255 3749 2307 καὶ

497 2351 684 2408 eadem
709 2355 949 2426 synodus
974 2357 1090 2412 bzec
1123 2357 1323 2414 habet:
1357 2357 1420 2414 Et
1452 2360 1743 2429 persuadet
1789 2362 1892 2415 llOC
1912 2359 2072 2417 nobis

2183 2357 2341 2411 πάλιν
2367 2358 2399 2426 ἡ
2431 2355 2571 2428 αὐτὴ
2599 2356 2767 2423 λέγει’
2808 2356 2920 2410 Καὶ
2942 2353 3180 2407 πειθέτω
3204 2353 3354 2422 ἡμᾶς
3373 2351 3401 2404 6
3436 2347 3749 2420 περιφανὴς

497 2445 739 2500 eximius
780 2443 942 2502 Pater
990 2457 1177 2504 noster
1198 2449 1540 2520 Epiphanius
1589 2460 1823 2507 tractatu
1879 2461 2074 2508 contra

2183 2449 2366 2520 Πατὴρ
2394 2449 2550 2520 ἡμῶν
2589 2447 2909 2518 Ἐπιφάνιος
2940 2445 2999 2500 ιν
3025 2445 3103 2516 τῷ
3133 2443 3277 2499 κατὰ
3319 2443 3373 2499 Ἀ
3386 2439 3749 2514 ρειομανιτῶν

497 2529 752 2587 Arianos.
786 2535 987 2589 Sancta
1019 2536 1246 2606 insuper
1276 2539 1550 2608 generalis
1577 2541 1810 2610 septima
1831 2543 2075 2612 synodus

2183 2540 2342 2611 λόγῳ.
2377 2541 2488 2595 Καὶ
2521 2541 2554 2612 ἡ
2585 2539 2718 2608 ἁγία
2742 2536 3095 2608 οίκουμενικὴ
3119 2535 3165 2602 ς
3192 2534 3406 2589 σύνοδος
3435 2535 3494 2586 ἐν
3520 2533 3586 2602 τῇ
3609 2529 3748 2601 ἕκτῃ

2237 797 2297 852 ’0
2319 800 2375 854 δὲ
2402 798 2559 870 ἅγιος
2600 799 2941 869 Ἑπιφάνιος,
2968 797 3100 869 περὶ
3133 787 3194 851 οῦ
3223 799 3250 850 6
3282 795 3438 864 ἅγιος
3467 795 3743 865 Θεόδωρος

2171 1989 2305 2059 ἕκτη
2332 1989 2547 2053 σύνοδος
2573 1991 2632 2044 έν
2656 1991 2809 2060 τόπῳ
2831 1989 3097 2061 τετάρτῳ,
3129 1987 3327 2057 πράξει
3357 1986 3580 2058 δεκάτῃ,
3615 1985 3746 2055 περὶ
3827 1997 3842 2004 “

500 2624 720 2679 actione
750 2634 936 2680 sexta:
995 2626 1164 2693 Libri,
1199 2630 1402 2700 inquit,
1461 2634 1636 2686 sancti
1678 2629 1860 2690 Patris
1899 2635 2073 2691 nostri

503 2713 822 2785 Epiphanii,
853 2717 1184 2787 Ancoratus,
1220 2728 1274 2775 et
1307 2722 1502 2792 reliqui
1529 2721 1798 2778 notissimi
1828 2733 1955 2780 sunt
1978 2739 2077 2795 per

505 2811 676 2860 totum
705 2807 917 2875 orbem,
959 2817 1014 2866 et
1047 2825 1220 2867 sonus
1250 2826 1440 2867 eorum
1474 2811 1635 2884 longe
1667 2814 1885 2884 lateque
1909 2828 2075 2888 vager

504 2909 614 2966 tur,
649 2910 701 2955 et
726 2901 840 2958 fere
867 2915 965 2972 per
1013 2919 1203 2962 omnes
1257 2905 1525 2961 ecclesias
1553 2906 1895 2962 disseminati
1922 2917 2074 2965 sunt.

503 2987 690 3061 itaque
715 2991 803 3047 hic
827 2993 1128 3050 sanctusin
1160 2995 1326 3050 dictis
1367 2994 1546 3062 libris,
1582 3003 1824 3052 tractatu
1885 2996 2078 3054 adtrerb

502 3097 599 3138 lus
625 3083 998 3140 Semiarlanos
1032 3085 1085 3140 in
1113 3085 1360 3144 Panariis
1385 3104 1400 3140 :
1421 3083 1713 3155 Fatentur,
1737 3091 1939 3161 inquit,
1963 3089 2076 3148 dei-

509 3183 674 3228 tatem
700 3190 862 3230 unam
895 3189 945 3232 et
968 3177 1335 3248 principatum
1372 3189 1424 3233 et
1447 3180 1748 3235 dominium
1773 3195 2076 3254 :personas

509 3271 716 3338 pariter
745 3269 800 3324 in
839 3271 1266 3340 praprietatibus
1331 3273 1693 3342 Iiypostaticis
1754 3275 1842 3344 pie
1910 3291 2079 3348 agno-

509 3371 718 3428 scunt;
757 3359 977 3417 Patrem
1027 3362 1079 3417 in
1113 3363 1392 3432 majestate
1421 3375 1644 3436 paterna
1685 3368 2075 3424 subsistentem

2177 2635 2375 2707 πράξει
2401 2633 2574 2705 αὐτῆς
2621 2631 2762 2688 οῦτω
2787 2630 2956 2702 λέγει’
3001 2631 3068 2685 Δί
3104 2629 3276 2700 βίϐλοι
3303 2625 3399 2681 τοῦ
3451 2626 3606 2694 ἁγίου
3636 2625 3750 2677 Πα-

2175 2727 2304 2800 τρδς
2330 2725 2490 2799 ἡμῶν
2531 2719 2876 2794 Ἐπιφανίου,
2906 2724 2942 2794 ἥ
2975 2738 3035 2776 τε
3057 2719 3328 2791 λεγομένη
3359 2716 3747 2785 Ἀγκιφωτὸς,

2175 2818 2272 2874 καὶ
2304 2817 2363 2875 at
2397 2816 2586 2872 λοιπαὶ
2614 2815 2696 2880 είς
2718 2817 2900 2870 πᾶσαν
2940 2812 3040 2887 τὴν
3083 2811 3409 2884 οἰκουμένην
3436 2807 3751 2878 διαϐεϐόην-

2174 2929 2284 2980 ται,
2316 2909 2413 2968 καὶ
2438 2911 2469 2966 6
2505 2908 2744 2982 φθόγγος
2783 2906 2966 2962 αὐτῶν
3021 2905 3309 2979 εξήχηται,
3346 2902 3443 2958 καὶ
3482 2901 3634 2974 παρὰ
3660 2917 3753 2972 μι-

2177 3004 2312 3075 κρὸν
2355 3002 2498 3058 κατὰ
2543 3003 2731 3056 πᾶσαν
2749 2998 3080 3071 Ἐκκλησίαν
3135 2993 3536 3068 διεσπαρμέναι
3583 2991 3749 3049 είσίν.

2177 3095 2349 3161 οὗτος
2371 3090 2465 3151 οῦν
2492 3097 2523 3150 ό
2566 3095 2722 3165 ἅγιος
2774 3093 2832 3149 ὲν
2863 3094 2978 3156 τοϊς
3031 3089 3347 3164 είρημένοις
3411 3086 3655 3160 βιϐλίοις,
3688 3085 3750 3140 ἐν

2180 3188 2280 3260 μὶν
2301 3189 2417 3252 τοϊς
2448 3188 2770 3257 Παναρίοις
2800 3187 2864 3240 ὲκ
2895 3181 2990 3238 τοῦ
3027 3182 3170 3237 κατὰ
3225 3179 3560 3253 Ἦμιαρείων
3583 3177 3749 3245 λόγου

2179 3278 2366 3352 φησίν·
2403 3275 2764 3350 Ὀμολογοῦσι
2810 3276 2942 3348 μίαν
2973 3276 3204 3348 θεότητα
3229 3271 3324 3328 καὶ
3354 3267 3632 3343 βασιλείαν
3656 3267 3755 3320 καὶ

2179 3373 2353 3443 ἀρχήν
2378 3386 2396 3404 ο
2445 3369 2650 3444 ὁμοίως
2675 3370 2744 3425 τὰ
2790 3370 3060 3441 πρόσωπα
3103 3369 3160 3422 ιν
3192 3367 3313 3430 ταῖς
3370 3363 3598 3434 ἰδιότησι
3643 3358 3755 3414 τῶν

510 3454 902 3527 intelligentes,
925 3453 1128 3510 Filium
1184 3473 1404 3528 quoque
1436 3475 1542 3514 non
1574 3469 1784 3530 partem
1840 3463 2075 3534 aliquam

2183 3463 2538 3519 ὑποστάσεων
2567 3462 2812 3527 εὐσεϐῶς
2841 3462 3192 3533 γνωρίζουσι·
3227 3457 3318 3512 τὸν
3351 3454 3568 3527 Πατέρα
3599 3452 3656 3504 ἐν
3684 3453 3756 3521 τῇ

515 3545 717 3611 Patris,
750 3548 843 3601 sed
885 3548 1047 3617 plane
1079 3547 1382 3619 perfectura
1416 3567 1479 3607 ex
1541 3551 1783 3623 perfecto
1811 3564 1996 3609 natum
2029 3566 2084 3612 et

513 3637 911 3694 subsistentem
971 3652 1320 3710 asserentes;
1391 3651 1446 3698 et
1507 3642 1771 3714 Spiritum
1829 3655 2080 3701 sanctum

513 3743 675 3798 quem
700 3741 862 3784 sacra
886 3730 1176 3802 Scriptura
1208 3731 1551 3790 Paracletum
1578 3737 1850 3802 nominat,
1877 3751 1942 3792 ex
1975 3737 2082 3793 Pa-

514 3827 598 3875 tre
635 3835 732 3891 per
760 3819 956 3878 Filium
1001 3824 1306 3880 subsistere
1338 3825 1742 3883 existimantes.
1775 3825 1838 3882 Et
1888 3830 1940 3882 in
1975 3830 2085 3884 Au-

513 3924 702 3971 corato
730 3935 744 3972 :
782 3915 1023 3988 Spiritus
1050 3928 1296 3985 sanctus,
1334 3917 1570 3990 Spiritus
1603 3923 1847 3976 veritatis
1865 3931 1971 3990 est,
2000 3923 2086 3979 lu-

513 4021 640 4064 men
673 4012 922 4076 tertium,
956 4025 1020 4067 ex
1044 4009 1208 4068 Patre
1237 4022 1292 4066 et
1311 4011 1471 4069 Filio.
1503 4014 1567 4068 Et
1597 4023 1718 4084 post
1744 4030 1920 4085 pauca
1947 4031 1960 4070 :
1993 4016 2084 4070 Si-

513 4114 604 4155 cut
625 4103 769 4156 enim
801 4099 969 4158 Nemo
1001 4105 1142 4159 novit
1173 4105 1388 4160 Patrem
1414 4105 1518 4160 nisi
1544 4105 1737 4171 Filius,
1761 4123 1853 4162 nec
1887 4105 2087 4162 Filium

517 4193 622 4245 nisi
654 4193 820 4249 Pater
842 4195 883 4227 ¹¹
903 4236 918 4262 ,
949 4197 1020 4252 ita
1047 4198 1250 4266 pariter
1265 4199 1448 4254 dicere
1471 4200 1668 4266 audeo,
1688 4217 1786 4256 nec
1802 4203 2084 4272 Spiritum,

515 4285 622 4340 nisi
658 4287 818 4342 Pater
835 4297 887 4343 et
908 4288 1108 4354 Filius,
1136 4307 1162 4344 a
1189 4307 1298 4362 quo
1322 4291 1568 4362 procedit
1590 4299 1641 4348 et
1668 4309 1696 4346 a
1725 4308 1834 4362 quo
1867 4295 2083 4363 accipit,

518 4390 620 4430 nec
652 4375 852 4432 Filium
905 4389 959 4434 et
984 4379 1223 4449 Patrem,
1260 4383 1368 4437 nisi
1436 4384 1676 4452 Spiritus
1742 4397 1970 4440 sanctus
1993 4385 2087 4456 qui

517 4481 644 4521 vere
683 4469 977 4538 gloriﬁcat,
1013 4474 1103 4542 qui
1132 4473 1290 4550 docet
1314 4476 1517 4540 omnia,
1541 4479 1635 4546 qui
1671 4484 1754 4530 est
1777 4491 1804 4530 a
1840 4477 2002 4532 Patre
2033 4486 2088 4534 et

517 4557 675 4614 Filio.
709 4559 776 4615 Et
803 4577 993 4618 rursus
1021 4581 1034 4618 :
1068 4563 1292 4635 Semper
1318 4565 1481 4636 igitur
1502 4578 1620 4623 erat
1661 4567 1841 4634 Pater,
1874 4585 2090 4639 semper

518 4662 638 4706 crat
669 4652 862 4720 Filius,
895 4666 946 4712 et
977 4653 1214 4725 Spiritus
1239 4673 1304 4712 ex
1332 4659 1494 4713 Patre
1529 4667 1583 4715 et
1636 4658 1776 4715 Filio
1822 4661 2086 4734 spiratus.

2183 3559 2430 3631 πατρικῇ
2461 3555 2725 3629 αύθεντία
2765 3557 3060 3627 ὑφεστῶτα
3085 3554 3355 3617 νοοῦντες,
3393 3549 3600 3604 καὶτὸν
3625 3545 3756 3600 Υίδν

2182 3656 2244 3709 οὐ
2295 3653 2461 3724 μέρος
2507 3653 2636 3707 δντα
2687 3650 2781 3706 τοῦ
2821 3651 3056 3720 Πατρδς,
3102 3647 3236 3703 ἀλλὰ
3265 3642 3522 3714 καθαρῶς
3551 3640 3756 3694 τέλειον

2175 3741 2246 3800 ’ὲκ
2280 3745 2488 3799 τελείου
2536 3743 2938 3814 γεγεννημένον
2965 3741 3059 3796 καὶ
3091 3736 3380 3810 ὑφεστῶτα
3431 3731 3759 3804 ὁμολογοῦν-

2183 3854 2311 3900 τες·
2353 3839 2444 3893 καὶ
2486 3837 2546 3890 τὸ
2595 3834 2821 3906 Πνεῦμα
2853 3833 2909 3888 δὲ
2951 3832 3013 3886 τὸ
3039 3832 3213 3900 ἅγιον.
3262 3829 3291 3883 6
3333 3829 3367 3898 ἡ
3395 3825 3515 3880 θεία
3565 3821 3756 3892 Γραφῆ

2186 3911 2544 3999 Παράκλητον
2574 3925 2854 3994 ὀνομάζει,
2880 3924 2942 3978 ὲκ
2972 3921 3186 3994 Πατρδς
3217 3920 3287 3974 δι’
3309 3915 3438 3972 Υίοῦ
3471 3913 3758 3986 ὑφεστῶτα

2185 4017 2570 4091 γνωρίζοντες.
2604 4019 2692 4072 Ἔν
2715 4017 2772 4072 δὲ
2799 4017 2877 4087 τῷ
2921 4010 3299 4085 Ἀγκυρωτῷο
3330 4007 3554 4080 Πνεῦμα
3579 4005 3758 4073 ἅγιον,

2187 4112 2410 4179 Πνεῦμα
2443 4109 2702 4182 ἀληθείας
2747 4109 2883 4173 ἐστὶ,
2926 4107 3043 4176 φῶς
3093 4105 3295 4177 τρίτον,
3342 4099 3496 4171 παρὰ
3539 4096 3757 4164 Πατρδς

2185 4206 2280 4260 καὶ
2311 4203 2443 4257 Υίοῦ
2465 4219 2479 4233 ·
2517 4202 2611 4256 καὶ
2645 4202 2763 4271 μετ’
2786 4201 2942 4268 δλίγα
2969 4215 2984 4232 ο
3039 4201 3138 4251 Ὃν
3160 4197 3268 4267 γὰρ
3297 4193 3500 4265 τρόπον
3544 4187 3758 4254 Οὐδείς

2186 4295 2340 4364 ἔγνω
2361 4294 2468 4347 τὸν·
2490 4292 2721 4360 Πατέρα
2748 4291 2800 4345 εί
2840 4289 2920 4358 μὴ
2948 4293 2980 4344 ό
3003 4290 3154 4353 Υἱὸς,
3203 4284 3346 4340 οὐδὲ
3379 4285 3487 4337 τὸν
3538 4280 3677 4338 Υιὸγ
3706 4278 3761 4330 εί

2182 4385 2269 4457 μὴ
2323 4389 2356 4440 ὀ
2413 4385 2636 4452 Πατὴρ,
2686 4382 2827 4436 οῦτω
2896 4379 3082 4451 τολμῶ
3137 4379 3317 4462 λέγειν
3375 4375 3460 4458 δτι
3523 4371 3645 4426 οὐδὲ
3699 4368 3762 4423 τὸ

2191 4477 2442 4547 Πνεῦμα,
2476 4479 2524 4530 εί
2553 4477 2626 4546 μὴ
2661 4479 2688 4529 6
2715 4475 2909 4542 Πατὴρ
2945 4474 3039 4526 καὶ
3075 4474 3102 4525 ὁ
3142 4471 3272 4532 Υίδς
3294 4509 3308 4533 ,
3341 4467 3472 4538 παρ’
3502 4464 3560 4518 οῦ
3597 4469 3760 4516 ἐκποο

2192 4569 2437 4642 ρεύεται,
2473 4571 2570 4622 καὶ
2605 4566 2738 4638 παρ’
2780 4565 2840 4620 οῦ
2874 4564 3164 4634 λαμϐάνει·
3203 4562 3298 4616 καὶ
3343 4559 3466 4614 οὐδὲ
3497 4557 3588 4610 τὸν
3628 4554 3760 4608 Υίδν

2191 4665 2286 4718 καὶ⁸
2315 4661 2408 4714 τὸν
2444 4660 2760 4730 Πατέρα,οεί
2796 4659 2872 4728 μὴ
2916 4657 2978 4710 τὸ
3011 4653 3236 4724 Πνεῦμα
3268 4653 3328 4708 τδ
3375 4652 3550 4720 ἅγιον,
3587 4647 3646 4700 τὸ
3677 4645 3764 4700 δοο

517 4745 705 4814 Itaque
746 4748 1102 4817 perSpicuum
1135 4757 1219 4803 est
1247 4759 1300 4804 et
1327 4750 1487 4820 plane
1541 4750 1916 4817 manifestam,
1970 4761 2024 4807 et
2061 4769 2084 4807 a

2196 4755 2358 4821 ξάζον
2384 4751 2622 4823 ἀληθῶς,
2679 4751 2738 4804 τδ
2767 4749 3020 4804 διδάσκον
3062 4749 3129 4800 τὰ
3188 4743 3386 4807 πάντα,
3430 4741 3458 4796 6
3493 4735 3776 4852 παυρῚᾶιὶτοῦΔ

518 4840 676 4893 nobis
706 4849 760 4892 et
811 4855 840 4892 a
874 4839 1081 4897 Latinis
1118 4855 1304 4897 vocem
1366 4842 1538 4908 illam,
1580 4841 1756 4896 Etiam
1809 4858 1873 4898 ex
1928 4843 2084 4912 Filio,

2197 4845 2409 4917 Πατρὸς
2440 4845 2535 4897 καὶ
2565 4846 2629 4896 ὲκ
2658 4841 2753 4896 τοῦ
2803 4840 2935 4893 Υίοῦ
2959 4853 2974 4869 ⁸
3034 4840 3126 4892 καὶ
3180 4835 3315 4907 μετὰ
3351 4850 3475 4888 τινα
3500 4849 3514 4864 ο
3567 4828 3763 4884 Τοίνυν

517 4929 860 5001 desumptam
893 4947 1013 4988 esse
1043 4948 1074 4989 a
1104 4933 1426 4989 doctoribus
1449 4943 1502 4989 et
1537 4933 1844 5004 theologis:
1876 4951 1942 4991 ex
1973 4938 2092 5007 qui-

516 5022 620 5078 bus
646 5033 850 5080 sancta:
889 5026 1086 5098 synodi
1123 5027 1497 5089 mcumenicte,
1523 5025 1654 5080 dum
1682 5027 1910 5096 qumstio
1941 5031 2094 5083 theo-

518 5115 691 5186 lcgica
713 5125 1062 5185 tractaretur,
1090 5117 1420 5172 adhibebant
1454 5119 1793 5185 testimonia,
1830 5128 1890 5174 ut
1918 5120 2093 5191 expli-

517 5218 701 5265 catum
730 5221 834 5268 εει.

2193 4939 2384 5009 Πατὴρ
2415 4933 2484 5008 ἦν
2517 4937 2625 4999 ἀεὶ,
2678 4936 2776 4989 καὶ
2803 4934 2932 4996 Υἱὸς
2961 4925 3028 5003 ἦν
3074 4931 3179 4996 ἀεὶ,
3211 4928 3306 4984 καὶ
3352 4927 3413 4979 τὸ
3441 4922 3664 4992 Πνεῦμα
3699 4921 3764 4972 ἐκ

2189 5031 2310 5086 τοῦ”
2325 5030 2542 5100 Πατρὸς
2568 5031 2662 5083 καὶ
2691 5025 2824 5081 Υίοῦ
2851 5026 3027 5080 πνέει.
3065 5022 3340 5096 Πρόδηλον
3378 5015 3471 5073 οῦν
3507 5019 3624 5070 ἐστι
3669 5011 3767 5066 καὶ

2194 5121 2451 5194 φανερὸν,
2479 5121 2560 5175 ὅτι
2591 5120 2685 5174 καὶ
2714 5120 2876 5190 ἡμεῖς
2921 5135 2979 5172 τε
3005 5117 3097 5172 καὶ
3126 5115 3174 5168 oi
3213 5113 3433 5168 Λατῖνοι
3467 5106 3616 5176 παρὰ
3655 5104 3766 5156 τῶν

2192 5213 2530 5268 διδασκάλων
2561 5213 2655 5265 καὶ
2686 5210 2952 5278 θεολόγων
2980 5207 3078 5278 τῆς
3115 5202 3467 5274 Ἑκκλησίας,
3497 5199 3555 5252 τδ
3583 5197 3677 5250 καὶ
3704 5197 3769 5246 ὲκ

517 5301 614 5356 τοῦ
640 5303 794 5374 Υίοῦ,
827 5299 1318 5376 παρελάϐομενοέξ
1348 5298 1422 5360 ὧν
1488 5307 1584 5360 καὶ
1641 5305 1694 5359 αί
1753 5305 1909 5375 ἅγιαι
1973 5307 2352 5377 οίκουμενικαὶ
2405 5305 2610 5360 σύνοδοι
2673 5301 3003 5375 μαρτυρίαις
3051 5299 3144 5352 ἐπὶ
3189 5298 3414 5368 ζητήσει
3458 5286 3769 5359 θεολογικοῦ

520 5401 851 5471 πράγματος
880 5402 1272 5474 προεκόμιζον,
1300 5401 1376 5465 ὡς
1407 5397 1826 5471 προδεδήλωται.

1192 5496 1325 5554 ΕΡΗ
1332 5498 1436 5554 ES.

595 5590 664 5649 Et
717 5608 844 5648 cum
891 5591 1006 5648 illis
1069 5591 1292 5665 quidem
1352 5591 1505 5647 licite
1571 5607 1636 5647 ac
1689 5588 2096 5648 rationabiliter

528 5683 705 5741 fuisse
745 5681 1051 5756 appositum
1121 5684 1377 5758 Syuibolo
1423 5686 1850 5743 additamentum
1907 5684 2091 5747 aiunt;

610 5857 652 5897 “
675 5857 869 5920 Matth.
899 5873 977 5928 ιι,
1011 5862 1102 5918 27.

2941 5481 3089 5539 ΦΕΣ.

2941 5486 3089 5539 ΦΕΣ.

2269 5583 2381 5640 Καὶ
2413 5581 2530 5653 μετ’
2567 5581 2792 5636 ἐκείνων
2825 5486 2938 5650 tt:
2967 5576 3208 5648 θεμιτῶς
3262 5575 3358 5628 καὶ
3405 5570 3641 5641 εὐλόγως
3671 5568 3774 5640 τὴν

2209 5677 2534 5750 προσθήκην
2581 5677 2642 5730 έν
2675 5672 2754 5746 τῷ
2796 5670 3054 5743 συμϐόλῳ
3098 5666 3385 5737 γεγονέναι
3432 5663 3603 5736 φασί·
3650 5661 3773 5736 μεθ’

4007 2377 4012 2398 ’
