4078 6482
361 462 465 521 ινδ

1603 448 1901 512 CONTRA
1943 446 2370 515 EPHESIUM.

3487 447 3590 513 126

358 569 521 643 ἡμῶν
548 568 605 624 δὲ
635 566 819 637 λέγειν
847 566 1051 638 ταύτην
1078 565 1139 622 οὐ
1180 563 1570 635 καταδέχονται
1597 579 1613 597 ·
1652 564 1830 617 καίτοι
1864 581 1917 631 γε

2033 565 2479 620 nobiscum-vero
2506 564 2640 621 illud
2664 563 2975 637 exprimere
3008 563 3323 635 neutiquam
3361 554 3587 626 volunt:

356 665 422 720 τὸ
450 662 686 733 θεμιτῶς
715 664 809 716 καὶ
846 661 1082 730 εὐλόγως
1111 661 1404 730 γενόμενον
1448 658 1531 723 τίς
1555 660 1620 712 ἂν
1649 660 1922 730 παραιτήο

362 772 517 812 σαιτο
548 755 730 825 λέγειν
762 772 777 820 ;

1036 847 1242 903 MIOA.

430 936 507 990 Τὸ
540 935 640 1005 μὲν
666 935 761 989 οὖν
784 936 1020 1007 Θεμιτῶς
1044 938 1137 991 καὶ
1167 937 1406 1008 εὐλόγως
1435 940 1605 1006 λέγει,
1650 940 1711 993 τὸ
1729 940 1784 994 δὲ
1818 946 1923 1013 πρδ

356 1028 552 1083 τούτου
577 1031 933 1100 παρασιωπᾷο
968 1031 1121 1083 ποῖον
1149 1030 1212 1101 δὴ
1237 1030 1429 1096 miro;
1466 1031 1538 1085 Τὸ
1557 1029 1653 1100 τὴν
1681 1033 1788 1085 τῶν
1824 1036 1922 1102 ρη.

360 1122 552 1192 μάτων
569 1123 790 1176 ἐκείνων
812 1124 1113 1187 ἀνάπτυξιν
1134 1124 1253 1190 τὴν,
1268 1123 1360 1178 καὶ
1380 1124 1444 1176 ἐκ
1467 1125 1562 1178 τοῦ
1590 1126 1741 1187 Υίοῦ,
1763 1127 1922 1196 χάριν

355 1212 454 1267 τοῦ
490 1214 592 1291 τὴν
631 1213 893 1282 ἀλήθειαν
938 1215 1358 1285 σαφηνισθῆναι,
1401 1218 1646 1285 ἀνάγκης
1668 1218 1784 1271 τότε
1808 1221 1924 1271 ὲπι-

356 1305 657 1374 κειμίνης⁹,
725 1306 963 1375 θεμιτῶς
1016 1309 1111 1362 καὶ
1146 1309 1382 1377 εὐλόγως
1438 1311 1495 1362 ὲν
1543 1311 1621 1379 τῷ
1673 1312 1924 1382 συμϐόλῳ

357 1396 750 1464 προστεθῆναι.
779 1396 844 1450 Τί
870 1393 1005 1463 οὗν;
1037 1400 1219 1451 πᾶσαν
1266 1396 1566 1465 ἀνάπτυξιν
1608 1401 1703 1454 καὶ
1745 1403 1923 1472 σαφή-

356 1504 506 1542 νειαν
536 1488 749 1559 ἀνάγκη
780 1490 865 1542 ἀεὶ
888 1492 1242 1561 προσκεῖσθαι
1265 1493 1341 1561 τῷ
1371 1494 1626 1564 κειμένῳ,
1689 1498 1781 1548 καὶ
1817 1516 1922 1564 χω-

360 1579 443 1649 ρὶς
462 1581 668 1649 ταύτης
698 1582 773 1649 μὴ
807 1582 1272 1649 ἀναγινώσκεσθαι
1297 1583 1356 1638 τὸ
1378 1589 1629 1655 κεῖμενον
1650 1590 1745 1654 τῆς
1777 1590 1924 1651 Θείας

357 1670 614 1740 Γραφῆς;
648 1670 725 1727 Ἦ
756 1674 842 1727 διὰ
867 1677 927 1727 τὸ
956 1676 1030 1745 μὴ
1058 1676 1530 1744 ἀναγινώσκεσθαι
1552 1679 1694 1732 οὕτω
1720 1698 1926 1750 συνημ-

362 1762 562 1832 μένως,
590 1765 655 1847 ού
705 1766 945 1834 θεμιτῶς
994 1768 1090 1822 καὶ
1140 1768 1378 1837 εὐλόγως
1405 1771 1638 1841 ἐροῦμεν
1663 1771 1759 1841 τὴν
1793 1772 1925 1825 ἀνά-

360 1854 554 1921 πτυξιν
579 1859 862 1924 γεγονέναι
890 1860 979 1912 καὶ
1026 1861 1125 1931 τὴν
1159 1864 1460 1932 σαφήνειαν
1510 1862 1610 1933 τὴν
1656 1864 1793 1932 μετὰ
1822 1862 1916 1917 τοῦ

356 1940 617 2014 κειμένου
651 1948 973 2019 ἠνωμένην;
1001 1953 1112 2006 Καὶ
1139 1954 1220 2015 τίς
1252 1954 1319 2007 ἂν
1358 1954 1517 2007 τοῦτο
1544 1956 1663 2024 ὲρεῖ
1706 1956 1797 2009 νοῦ
1830 1957 1916 2010 καὶ

359 2041 579 2110 φρενῶν
608 2041 831 2112 κύριος
849 2043 1042 2113 Ἡμεῖς
1062 2045 1172 2115 γὰρ
1202 2046 1448 2117 ιἐγνωμεν
1472 2048 1571 2116 τὴν
1600 2051 1658 2102 ὲν
1687 2050 1764 2119 τῷ
1785 2050 1925 2103 κατά

370 2132 626 2201 Ἰωάννην
655 2134 973 2204 Εὑαγγελὶῳ
1001 2137 1293 2206 δεκάλογσν
1327 2141 1480 2210 παρὰ
1510 2140 1791 2194 Βασιλείου
1828 2140 1922 2194 τοῦ

357 2225 614 2293 Μεγάλου
673 2227 1100 2297 σαφηνισθεῖσαν
1129 2248 1144 2262 ·
1189 2232 1284 2285 καὶ
1328 2232 1391 2285 τὸ
1422 2233 1552 2287 αὐτὸ
1601 2232 1746 2289 ἅπαν
1781 2235 1924 2306 ἱερὸν

355 2318 689 2387 Εὐαγγέλιον
743 2320 893 2391 παρά
956 2324 1205 2402 Ἰωάννου
1262 2324 1358 2378 τοῦ
1391 2325 1780 2395 Χρυσοστόμου
1823 2331 1924 2398 την

357 2409 662 2477 σαφήνειαν
715 2407 1011 2480 δεξάμενον
1039 2452 1056 2479 ,
1113 2414 1209 2467 καὶ
1274 2414 1426 2484 παρὰ
1472 2416 1566 2468 τοῦ
1630 2414 1920 2470 θεσπεσίου

355 2498 627 2567 Κυρίλλου
664 2502 756 2554 καὶ
782 2500 960 2555 ἀλλων
981 2518 995 2533 ·
1029 2503 1144 2557 ἀλλ’
1189 2504 1247 2557 ού
1281 2507 1423 2575 μετά
1470 2507 1570 2577 τῆς
1605 2508 1921 2579 ἐξηγήσεως

361 2592 458 2642 καὶ
476 2591 774 2659 σαφηνείας
792 2593 880 2647 ἀεὶ
903 2595 988 2648 ἐπ’
1007 2595 1340 2666 Ἐκκλησίαν
1362 2599 1816 2668 ἀναγινώσκεται,
1841 2602 1923 2655 διὸ

361 2679 413 2732 εί
440 2679 539 2747 μὲν
567 2682 627 2733 τὸ
659 2685 902 2763 ἐλλεῖπον
934 2686 966 2756 ἦ
997 2688 1058 2740 τὸ
1112 2690 1623 2761 παραλελειμμένον
1656 2693 1921 2763 ἐλέγομεν

358 2772 726 2841 προστεθῆναι
773 2762 817 2845 η’
856 2778 1317 2849 ἀναπληρωθῆναι
1340 2820 1354 2845 ,
1387 2780 1505 2835 εἶτα
1539 2784 1603 2836 οὺ
1661 2786 1798 2853 μετά
1822 2762 1920 2839 τοῦ

357 2866 759 2931 προστεθέντος
788 2871 864 2929 είς
900 2872 1291 2939 ἀναπλήρωσιν
1342 2874 1646 2946 ὲιῖνάλλομεν
1679 2919 1694 2942 ,
1743 2878 1923 2942 καλῶς

352 2953 423 3008 ἂν
451 2956 599 3025 εἶχεν
629 2958 886 3026 ἐγκαλεῖν
916 2962 949 3023 ἡ
959 2963 1051 3029 μίν
1072 2979 1087 2994 ·
1132 2964 1254 3018 ἐπεὶ
1284 2966 1339 3019 δὲ
1385 2964 1684 3035 ἀνάπτυξιν
1731 2967 1922 3022 ἀκούει

352 3046 449 3100 καὶ
478 3049 801 3118 σαφήνειαν,
849 3052 883 3122 ἡ
916 3053 973 3107 δὲ
1023 3055 1324 3120 ἀνάπτυξις
1350 3057 1451 3111 οὐκ
1499 3059 1587 3112 ἀεὶ
1638 3059 1777 3127 μετά
1825 3057 1921 3113 τοῦ

351 3139 609 3208 κειμένου
633 3142 1098 3210 ἀναγινώσκεται,
1130 3146 1192 3199 ού
1233 3145 1459 3212 δικαίως
1501 3151 1727 3217 ἐγκαλεῖ
1764 3152 1917 3223 ἡμῖν.

2024 668 2339 727 quanquam
2370 659 2513 728 quod
2550 659 2700 715 licite
2720 674 2785 716 ac
2809 658 3210 717 rationabiliter
3240 656 3445 712 factum
3481 661 3587 722 est,

2024 751 2147 821 quis
2172 761 2387 809 recuset
2413 753 2757 824 exprimere?

2711 844 2906 902 RESP.

2097 938 2439 996 Deﬁnitionis
2490 939 2654 995 verba
2684 938 2773 993 illa
2804 957 2817 994 :
2851 938 3026 993 Licite
3065 951 3128 991 ac
3165 933 3586 999 rationabiliter,

2024 1029 2213 1098 ponit,
2244 1030 2615 1085 antecedentia
2641 1046 2773 1085 vero
2818 1038 2995 1095 tacet;
3029 1037 3082 1084 et
3145 1044 3391 1099 quamam
3449 1028 3585 1090 haec,

2026 1118 2318 1173 verborunt
2347 1120 2560 1176 scilicet
2581 1119 2823 1185 illorum,
2867 1118 3135 1189 Filioque,
3168 1118 3622 1187 explicationem~

2025 1210 2273 1265 Veritatis
2327 1212 2673 1267 declarandae
2730 1213 2923 1279 gratia,
2979 1221 3033 1265 et
3086 1208 3404 1263 imminente
3458 1217 3587 1259 tunc

2024 1305 2376 1367 necessitate,
2409 1304 2560 1358 licite
2590 1318 2652 1356 ac
2675 1302 3078 1357 rationabiliter
3129 1299 3387 1369 Symbolo
3419 1298 3589 1351 fuisse

2026 1398 2349 1464 appositam.
2373 1394 2513 1460 Quid
2560 1392 2770 1465 igitur?
2800 1409 3023 1449 necesse
3055 1402 3137 1447 est
3169 1406 3380 1445 omnem
3425 1389 3589 1453 expli-

2026 1488 2296 1540 cationem
2330 1496 2382 1541 et
2416 1486 2841 1541 declarationem
2901 1483 3072 1539 textui
3128 1497 3340 1551 semper
3401 1480 3587 1550 adjici,

2026 1592 2126 1631 nec
2163 1577 2267 1645 legi
2322 1586 2503 1646 potest
2535 1578 2654 1632 sine
2688 1577 2780 1631 illa
2829 1584 3010 1631 textus
3047 1591 3218 1630 sacra:
3254 1570 3590 1641 Scripturae?

2026 1670 2106 1723 An
2140 1669 2272 1738 quia
2294 1670 2591 1724 recitamus
2634 1668 2953 1740 Symbolum
2985 1667 3104 1723 sine
3160 1665 3463 1735 adiectione
3492 1680 3587 1718 ex-

2025 1762 2361 1832 plicationis,
2405 1762 2651 1816 dicemus
2681 1760 3122 1831 explanationem
3150 1768 3203 1814 et
3259 1757 3590 1813 declaratio-

2033 1869 2154 1908 nem
2191 1854 2359 1909 textui
2391 1854 2692 1923 appositam
2727 1870 2825 1909 nec
2861 1853 3033 1920 licite,
3062 1867 3162 1907 nec
3193 1850 3592 1907 rationabiliter

2024 1944 2264 2001 factam?
2297 1946 2361 2000 Et
2412 1947 2536 2015 quis
2583 1946 2687 2000 hoc
2720 1946 2868 2000 dicat
2932 1946 3131 2001 mentis
3182 1959 3294 1999 sua:
3331 1940 3592 2012 compos?

2026 2036 2242 2092 Scimus
2295 2037 2484 2092 decem
2552 2036 2834 2106 Evangelii
2872 2035 3101 2091 Joannis
3128 2034 3305 2108 capita
3338 2034 3510 2091 tuisse
3560 2050 3589 2087 a

2024 2142 2220 2200 magno
2243 2128 2444 2184 Basilio
2477 2129 2885 2183 commentariis
2909 2128 3212 2194 illustrata;
3240 2136 3294 2183 et
3324 2128 3465 2184 idem
3504 2128 3589 2181 in-

2028 2226 2240 2289 tegrum
2266 2235 2484 2274 sacrum
2515 2219 2866 2289 Evangelium
2902 2234 2931 2274 a
2960 2219 3175 2275 Joanne
3203 2218 3592 2289 Chrysostomo

2022 2312 2384 2375 declaratum,
2453 2325 2551 2366 nec
2598 2325 2707 2366 non
2767 2326 2796 2365 a
2847 2311 3308 2382 praestantissimo
3366 2311 3591 2367 doctore

2021 2402 2246 2474 Cyrillo,
2271 2412 2326 2458 et
2357 2403 2514 2459 aliis:
2545 2419 2653 2459 non
2684 2418 2901 2474 semper
2932 2413 3113 2459 tamen
3146 2401 3281 2458 illud
3334 2401 3388 2455 in
3419 2402 3592 2455 eccle-

2021 2495 2103 2551 sia
2135 2496 2333 2563 legitur
2382 2510 2506 2550 cum
2553 2495 2927 2552 enarratione.
2978 2495 3159 2562 Quare
3182 2494 3228 2551 si
3282 2495 3591 2549 diceremus

2021 2590 2261 2646 additum
2306 2606 2428 2647 esse
2460 2594 2605 2663 quod
2633 2594 2846 2659 deerat,
2895 2600 2949 2648 et
2984 2592 3369 2664 supplemento
3416 2589 3591 2660 perfe-

2021 2695 2165 2739 Ctum
2194 2685 2338 2754 quod
2395 2700 2503 2740 non
2558 2692 2675 2742 erat
2710 2687 3002 2756 integrum,
3036 2683 3234 2741 deinde
3269 2696 3590 2739 caneremus

2021 2776 2338 2848 Symbolum
2378 2778 2579 2845 absque
2633 2778 2816 2833 addito
2869 2777 3268 2846 supplemento,
3299 2785 3439 2831 esset
3489 2788 3591 2829 cur

2022 2866 2216 2920 merito
2256 2869 2326 2921 ab
2360 2869 2451 2921 illo
2474 2870 3024 2939 reprehenderemur.
3049 2866 3355 2939 Atquando
3386 2866 3584 2922 factam

2024 2954 2177 3008 audit
2208 2956 2627 3024 explicationem
2648 2957 3205 3025 declarationemque,
3235 2972 3295 3010 ea
3319 2969 3448 3010 vero
3475 2970 3585 3009 non

2023 3057 2235 3113 semper
2263 3059 2387 3099 cum
2425 3054 2573 3100 textu
2602 3047 2820 3116 legitur,
2882 3046 3029 3099 nullo
3055 3062 3185 3101 sane
3243 3046 3434 3100 merito
3480 3059 3579 3100 nos

2022 3145 2263 3189 accusat.
2298 3133 2413 3189 Hoc
2438 3152 2606 3190 unum
2638 3146 2724 3191 est
2755 3136 3153 3202 necessarium,
3187 3146 3246 3191 ut
3267 3144 3587 3192 sanctorum

350 3228 525 3283 Τοῦτο
553 3231 717 3301 μόνον
749 3234 898 3288 ἔστὶν
926 3235 1167 3303 ἀνάγκη,
1188 3236 1271 3289 ὄτι
1294 3239 1401 3291 πᾶν
1426 3240 1488 3290 τὸ
1512 3238 1916 3311 ἑξαπλούμενον

2025 3225 2355 3281 testimoniis
2381 3227 2666 3295 probatum
2695 3228 2764 3283 sit
2809 3242 2971 3282 omne
3003 3226 3149 3297 quod
3196 3227 3589 3296 explanatione

348 3321 382 3392 ἢ
418 3325 853 3394 σαφηνιζόμενον
881 3328 945 3380 ἐκ
965 3330 1076 3380 τῶν
1107 3329 1275 3397 ἁγίων
1300 3329 1382 3385 δεῖ
1403 3332 1548 3402 ἔχειν
1577 3332 1673 3404 τὴν
1710 3352 1915 3403 μαρτυ-

352 3414 497 3485 ρίανο
528 3415 645 3479 καὶ,
668 3417 696 3470 ὃ
722 3434 773 3470 τι
820 3417 887 3472 ἂν
926 3422 1128 3492 ποιήσῃ
1174 3421 1409 3487 σύνοδος,
1457 3425 1557 3477 οὐκ
1602 3427 1761 3479 ἄλλον
1788 3428 1913 3495 ὅρον

350 3510 500 3562 ποιεῖ
525 3509 614 3562 διὰ
640 3511 741 3579 τῆς
770 3513 1154 3581 ὲπεισαγωγῆς
1194 3513 1304 3566 τῶν
1332 3516 1760 3583 προστεθέντων,
1797 3520 1913 3573 ἀλλ’

349 3600 513 3655 αὐτὸν
544 3602 751 3655 ἐκεῖνον
775 3603 866 3657 τὸν
890 3603 1108 3672 πρῶτον
1137 3604 1262 3674 ὅρον
1294 3605 1518 3669 ὲξαπλοῖ
1558 3608 1913 3699 κὴέπεξερ-

349 3692 605 3761 γάζεται.
636 3695 748 3750 Καὶ
771 3695 854 3748 ὅτι
879 3695 1023 3749 τοῦθ’
1065 3696 1238 3760 οὕτως
1261 3698 1396 3766 ἔχει,
1433 3692 1669 3753 ἀκουσιῖν
1695 3704 1791 3755 καὶ
1818 3705 1911 3756 τοῦ

352 3785 502 3856 ἱεροῦ
532 3786 786 3854 Μαξίμου
814 3785 958 3840 οὕτω
991 3788 1359 3855 βεϐαιοῦντος
1410 3793 1539 3859 φησὶ
1602 3794 1706 3863 γάρ
1741 3797 1798 3848 εν
1846 3799 1910 3866 τῇ

353 3879 602 3948 συντόμῳ
630 3878 896 3949 ἀπολογίᾳ
928 3878 1117 3947 αὐτοῦ,
1157 3882 1223 3953 ἢν
1268 3885 1501 3938 ποιεῖται
1534 3886 1673 3956 ὑπὲρ
1708 3888 1806 3959 τῆς
1854 3891 1912 3943 ὲν

350 3971 659 4042 Καλχηδόνι
694 3970 933 4036 συνόδου,
964 3965 1032 4045 ἦς
1061 3975 1094 4043 ἡ
1145 3974 1313 4044 ἀρχήν
1386 3976 1605 4048 Ἐπειδὴ
1639 3978 1757 4033 λίαν
1790 3998 1912 4049 γεν-

348 4063 511 4126 velut;
540 4062 571 4132 ἢ
600 4062 842 4130 ἀγεννῶς
865 4064 1040 4117 είπεῖν
1069 4064 1418 4136 οἰκειότερον·
1447 4069 1509 4122 Ei
1535 4068 1644 4138 γάρ
1675 4069 1788 4124 ἔστι
1819 4071 1912 4125 τά-

348 4154 488 4225 ληθῆ
518 4154 660 4226 ὑπὲρ
702 4156 964 4227 ἀληθείας
1017 4158 1214 4222 εἰπεῖν,
1268 4160 1470 4224 πάντες
1519 4161 1570 4215 οί
1620 4165 1755 4233 μετά
1812 4166 1912 4235 τὴν

349 4249 604 4304 Νικαέων
637 4250 906 4321 θεόκριτοι
940 4252 1203 4321 Πατὲρες,
1235 4254 1329 4307 καὶ
1374 4254 1524 4308 πᾶσα
1574 4250 1790 4320 σύνοδος
1820 4259 1913 4328 ὀρ·

350 4342 578 4408 θοδόξων
604 4345 698 4395 καὶ
724 4342 898 4407 ἀγίων
926 4343 1168 4413 ἀνδρῶνς
1195 4344 1295 4396 οὐκ
1330 4343 1491 4399 ἀλλον
1525 4347 1761 4411 πίστεως
1787 4350 1912 4417 ὅρον

347 4433 436 4488 διὰ
461 4438 562 4505 τῆς
587 4437 978 4503 ὲπεισαγωγῆς
1009 4436 1120 4487 τῶν
1168 4436 1388 4489 οἰκείων
1419 4439 1682 4507 ῥημάτων
1713 4458 1911 4493 παντε-

346 4528 455 4591 λῶς
483 4528 856 4598 ὲπεισήγαγον
882 4569 895 4591 ,
927 4529 1003 4591 ώς
1036 4529 1193 4597 ὑμεῖς
1220 4531 1614 4597 ἀποφαίνεσθε,
1660 4533 1908 4586 πλεῖστον

348 4620 796 4691 παραληροῦντες
820 4620 989 4673 καὶτὸ
1015 4620 1136 4672 ὅλον
1159 4623 1496 4690 μαινόμενον
1516 4625 1631 4678 ἀλλ’
1654 4627 1814 4679 αὐτὸν
1833 4629 1911 4689 είς
1944 4625 1989 4683 D

345 4714 562 4779 πρῶτον
588 4714 680 4767 καὶ
700 4714 858 4781 μόνον
874 4713 962 4765 τὸν
984 4714 1048 4766 ἐκ
1072 4712 1178 4767 τῶν
1204 4713 1307 4784 τιη¹
1331 4718 1591 4785 Πατέρων
1618 4720 1911 4790 νομοθετη-

346 4808 504 4861 θέντα
532 4806 762 4877 βεῦαίως
782 4806 1092 4876 ἐκύρωσαν,
1113 4808 1439 4875 τρανοῦντες
1498 4811 1660 4863 αὑτὸν
1685 4814 1777 4866 καὶ
1802 4810 1911 4865 οἷον

346 4897 777 4967 ἐπεξηγούμενοί
792 4915 849 4951 τε
873 4899 967 4951 καὶ
989 4895 1145 4961 ὲπεξε
1158 4898 1481 4967 ργαζόμενοι
1500 4900 1586 4954 διὰ
1612 4905 1738 4966 τοὺς
1767 4906 1911 4957 ἐκεῖ-

344 5006 435 5043 νον
464 4991 555 5043 καὶ
578 4990 646 5044 τὰ
668 4991 879 5042 ἐκείνου
901 4990 1146 5058 δόγματα
1171 4992 1305 5061 πρὸς
1334 4992 1433 5061 τὴν
1462 4993 1670 5049 οἰκείαν
1723 4999 1907 5062 κακῶς

344 5080 787 5151 ἐκλαμϐάνοντας
856 5079 950 5133 καὶ
1000 5080 1518 5151 παρεξηγουμένους
1561 5084 1900 5143 δυσσέϐειαν.

1025 5170 1217 5225 ans.
1556 5161 1567 5177 ‘

416 5264 529 5318 Καὶ
564 5263 680 5333 μετ’
712 5262 942 5317 ἐκείνων
973 5260 1070 5329 μὲν
1100 5261 1158 5314 τὸ
1188 5259 1395 5331 ἄζυμον
1426 5262 1586 5335 σῶμα
1632 5264 1727 5319 τοῦ
1774 5267 1898 5339 Χρι.

344 5355 475 5409 ατοῦ
504 5355 754 5424 λέγουσιν,
802 5354 926 5425 μεθ’
955 5352 1113 5425 ἡμῶν
1155 5352 1211 5409 δὲ
1253 5352 1416 5411 αὑτοῦ
1468 5356 1909 5429 μεταλαμϐάνειν

342 5448 445 5501 οὐκ
473 5448 540 5505 ἂν
562 5447 914 5519 τολμήσαιεν.

1020 5538 1230 5599 ΑΠΟΛ.

418 5626 543 5682 Ὀτι
590 5629 692 5699 μέν
714 5624 808 5683 οὖν
837 5628 1061 5698 ἐγκαλεῖ
1102 5634 1254 5703 ἡμῖν,
1289 5634 1384 5688 καὶ
1430 5635 1676 5708 διασύρει
1722 5638 1909 5692 ἕνεκεν

343 5719 454 5775 τῶν
484 5722 733 5791 ἀζύμων,
767 5719 938 5777 οἶδεν·
974 5726 1057 5778 δτι
1085 5726 1142 5779 δὲ
1170 5728 1197 5780 ό
1239 5724 1444 5798 Κύριος
1469 5728 1539 5782 δι’
1571 5730 1781 5801 ἀζύμου
1807 5732 1907 5805 τὴν

347 5814 618 5881 μυστικὴν
651 5814 867 5867 ἐτέλεσε
894 5814 1088 5869 θυσίαν
1113 5816 1257 5879 τότε,
1283 5819 1381 5871 οὐκ
1411 5816 1574 5883 οἶδεν,
1603 5821 1723 5874 οὐδὲ
1756 5823 1908 5876 ἀδιά-

349 5915 517 5979 φορον
563 5903 776 5975 ἡγεῖται
821 5904 881 5958 τὸ
912 5905 979 5959 δι’
1008 5905 1245 5977 ὲνζύμου
1272 5906 1305 5983 ἦ
1335 5908 1402 5962 δι’
1437 5910 1650 5981 άξύμου
1685 5912 1782 5982 τὴν
1815 5913 1903 5966 θυ-

2015 3317 2352 3372 declaratur.
2379 3318 2512 3373 Nam
2556 3319 2824 3389 quidquid
2850 3320 3100 3375 statuerit
3120 3318 3386 3390 synodus,
3405 3331 3503 3386 per
3520 3331 3585 3373 ea
3646 3344 3651 3347 ς

2015 3406 2316 3478 quaeintert
2340 3410 2608 3477 addendo,
2645 3425 2749 3465 non
2776 3410 2937 3466 aliam
2970 3410 3345 3467 delinitionem
3373 3408 3584 3473 condit,

2014 3500 2107 3554 sed
2156 3500 2327 3569 ipsam
2362 3501 2572 3570 priman
2637 3501 3011 3557 deﬁnitionem
3061 3502 3320 3573 explicat,
3362 3509 3417 3558 et
3491 3516 3588 3555 ex-

2013 3590 2301 3660 plicatione
2325 3592 2531 3645 dilatat.
2560 3594 2716 3658 Quod
2749 3601 2930 3648 autem
2970 3594 3072 3646 hoc
3111 3607 3300 3646 verum
3336 3592 3429 3653 sit.
3458 3591 3585 3645 andi

2014 3689 2263 3735 sanctum
2309 3680 2602 3737 Maximum
2643 3685 2717 3738 ita
2749 3684 3122 3740 testimonium
3156 3684 3509 3759 tribuentem.
3536 3680 3588 3736 ls

2012 3774 2154 3827 enim
2187 3774 2241 3827 in
2289 3775 2679 3844 compendiosa
2735 3790 2831 3831 sua
2892 3791 2988 3846 pro
3023 3775 3233 3846 synodo
3279 3772 3587 3828 Chalcedo-

2013 3865 2427 3934 nettsiapOIOgia
2449 3904 2463 3932 ,
2497 3867 2653 3937 cujus
2686 3848 2896 3938 initium
2930 3876 3014 3921 est
3055 3864 3368 3932 :Quoniam
3423 3863 3589 3918 nimis

2012 3968 2275 4025 generoso
2333 3954 2537 4019 animo,
2581 3955 2664 4009 vel
2721 3963 2781 4008 ut
2827 3955 3003 4024 aptius
3029 3954 3228 4019 dicam,
3263 3955 3497 4024 ignavo,
3530 3949 3589 4006 Si

2012 4048 2176 4111 enim,
2235 4048 2438 4115 inquit,
2476 4047 2601 4115 licet
2648 4062 2834 4101 verum
2872 4061 2972 4116 pro
3018 4048 3250 4101 veritate
3314 4045 3588 4113 proloqui,

2013 4153 2207 4192 omnes
2238 4146 2361 4205 post
2390 4136 2662 4190 ﬁieanam
2720 4136 2987 4208 synodum
3025 4150 3053 4189 a
3086 4134 3196 4191 Deo
3251 4134 3441 4190 selecti
3489 4134 3589 4189 Pa-

2014 4242 2149 4290 tres,
2197 4241 2469 4294 omneque
2519 4226 2945 4281 ortbodoxorum
3000 4234 3424 4299 sanctorumque
3476 4240 3593 4283 om-

2013 4318 2163 4373 nium
2218 4318 2540 4381 concilium,
2568 4319 2720 4374 nullo
2751 4318 2911 4374 modo
2956 4319 3119 4374 aliam
3155 4319 3417 4374 induxere
3462 4318 3589 4374 ﬁdei

2011 4407 2383 4464 deﬁnitionem
2417 4409 2532 4466 suis
2565 4409 2699 4479 ipsis
2724 4410 2904 4466 verbis
2938 4410 3160 4477 utendo,
3192 4420 3250 4464 ut
3275 4426 3374 4466 vos
3408 4409 3591 4466 dicitis

2010 4499 2301 4571 plurimum
2369 4501 2663 4557 delirantes
2705 4510 2758 4557 et
2808 4503 3022 4571 penitus
3073 4502 3446 4566 insanientes;
3493 4500 3587 4555 sed

2017 4590 2187 4659 ipsam
2215 4591 2288 4645 uti
2320 4586 2549 4661 primam
2583 4600 2635 4646 et
2669 4591 2908 4656 unicam,
2933 4607 3052 4662 qua:
3077 4606 3106 4645 a
3139 4589 3344 4647 sanctis
3374 4597 3590 4643 trecen-

2020 4682 2091 4735 tis
2120 4682 2308 4736 decem
2333 4690 2386 4735 et
2409 4689 2534 4736 octo
2561 4681 2819 4737 Patribus
2870 4682 3080 4736 sancita
3111 4688 3217 4745 est,
3260 4679 3470 4734 ﬁrmam
3533 4684 3588 4733 et

2024 4780 2199 4827 ratam
2261 4789 2384 4830 esse
2415 4775 2726 4838 voluerunt,
2779 4773 3136 4829 dilueidantes
3192 4787 3333 4836 eam,
3389 4779 3444 4827 et
3473 4771 3590 4827 vel-

2020 4866 2100 4921 uti
2129 4866 2372 4936 apertius
2388 4868 2759 4930 enueleantes,
2782 4878 3002 4936 propter
3022 4880 3117 4920 eos
3135 4864 3224 4934 qui
3247 4863 3390 4917 illam
3415 4864 3591 4920 illius—

2015 4973 2120 5023 que
2172 4958 2425 5029 dogmata
2484 4961 2669 5027 pravis
2732 4957 3276 5027 interpretationibus
3300 4956 3365 5011 ad
3429 4971 3587 5013 suam

2019 5047 2269 5116 ipsorum
2322 5050 2653 5118 detorquent
2683 5047 3038 5118 impietatem.

2675 5183 2925 5241 EPHES.

2084 5276 2150 5329 Et
2175 5290 2297 5330 cum
2322 5275 2428 5331 illis
2450 5275 2669 5346 quidem
2702 5293 2954 5349 azymum
2990 5276 3196 5332 Cbristi
3226 5290 3425 5345 corpus
3464 5288 3585 5330 esse

2012 5366 2225 5432 dicunt,
2253 5368 2534 5424 nobiscum
2587 5372 2716 5424 Vero
2740 5368 2873 5424 illud
2918 5367 2985 5423 ad
3018 5367 3458 5425 communionem
3490 5381 3586 5420 ευρ-

2015 5472 2163 5514 mere
2191 5474 2299 5514 non
2328 5462 2529 5516 ausint.

2697 5552 2893 5609 RESP.

2083 5638 2383 5713 Obiurgare
2418 5642 2663 5714 quidem,
2718 5653 2772 5701 et
2829 5644 3115 5700 detrahere
3163 5642 3319 5698 nobis
3362 5654 3580 5715 propter

2012 5748 2202 5807 azyma
2230 5736 2403 5803 novit,
2436 5737 2653 5808 ignorat
2685 5747 2863 5791 autem
2890 5751 2983 5807 per
3005 5752 3254 5808 azymum
3280 5753 3307 5792 a
3349 5736 3578 5795 Domino

2011 5825 2182 5881 fuisse
2205 5827 2332 5881 olim
2364 5836 2643 5897 peractum
2713 5828 3002 5899 mysticum
3052 5828 3427 5895 sacriﬁcium;
3476 5847 3578 5889 nec

2013 5923 2164 5987 putat
2192 5914 2530 6011 indiderens,
2581 5917 2697 5976 sive
2723 5931 2819 5991 per
2840 5932 3111 5991 azymum,
3162 5920 3275 5977 sive
3323 5934 3417 5991 per
3464 5918 3575 5984 fere
