3998 6464
442 439 546 504 127

1367 440 1749 503 GREGORII
1778 442 2077 504 ΜΑΜΜΛΞ
2117 443 2229 505 CP.
2261 443 2782 505 PATRIARCHAE

3575 446 3676 510 128

447 562 748 612 mentatum
775 553 1064 614 conficere,
1096 552 1189 608 sed
1223 555 1406 609 omnia
1441 555 1641 610 frustra
1683 569 1807 610 esse
1861 555 2003 610 arbi-

2129 555 2228 612 ιίαν
2261 556 2560 610 τελεῖσθαι.
2591 557 2756 621 Ἀλλ’,
2794 556 2869 618 ὼς
2889 555 3078 621 οἴεται,
3105 555 3306 618 πάντα.
3345 556 3379 626 ἦ
3411 572 3470 609 τε
3521 573 3679 627 ιερω-

448 657 647 715 tratur,
695 647 1087 712 sacerdotium,
1143 647 1336 711 altare,
1390 647 1730 701 Dominicam
1782 662 2006 703 vocem:

446 741 562 796 Hoc
587 741 746 812 facile
777 741 832 793 in
873 758 1041 794 meam
1103 741 1686 817 commemorationem;
1716 750 1766 797 et
1825 739 2009 795 divina

443 833 641 888 verba:
673 832 785 886 Hoc
822 842 900 887 est
935 848 1132 908 corpus
1163 849 1332 886 meum
1353 851 1373 898 ;
1408 841 1500 888 et:
1543 833 1642 888 Hic
1670 843 1746 888 est
1800 832 2011 902 sanguis

447 941 592 978 meus
625 927 690 986 η.
713 932 767 978 et
797 925 1042 995 reliquos
1072 925 1208 980 ritus
1231 925 1320 994 qui
1383 927 1769 989 observantur,
1802 925 1849 980 si
1902 939 2011 978 non

445 1015 587 1068 adsit
613 1015 852 1084 ejusdem
880 1031 1098 1080 massae,
1130 1031 1222 1070 seu
1251 1016 1494 1084 ejusdem
1549 1018 1794 1071 materia
1833 1014 2013 1070 modi-

445 1123 570 1164 cum
602 1108 926 1176 acidumque
975 1107 1324 1163 fermentum.
1366 1107 1519 1174 Quod
1564 1125 1696 1163 vero
1753 1110 2014 1165 Dominus

447 1214 510 1252 ac
541 1198 681 1251 Deus
715 1211 898 1252 noster
925 1198 1091 1266 legale
1121 1198 1330 1254 Pascha
1364 1201 1516 1268 prius
1574 1200 1881 1266 celebrarit,
1915 1199 2013 1254 de-

450 1291 577 1344 inde
605 1292 859 1360 mysteria
889 1291 1172 1360 discipulis
1223 1293 1523 1356 tradiderit,
1581 1294 1709 1347 audi
1765 1302 2014 1346 sanctum

450 1380 667 1436 Patrem
703 1381 1154 1454 Cbrysostomum
1215 1383 1436 1438 homilia
1459 1385 1790 1455 octogesima
1844 1385 2015 1454 prima

452 1475 531 1527 sic
556 1474 822 1528 dicentem
855 1492 868 1528 ι
901 1474 1007 1529 Sed
1031 1491 1192 1544 quam
1237 1476 1307 1529 ob
1339 1491 1560 1530 causam
1617 1475 1823 1530 Pascha
1878 1475 2018 1530 cele-

450 1565 682 1618 brabat?
715 1564 1024 1620 Ostendens
1069 1581 1162 1634 per
1189 1565 1370 1620 omnia
1430 1582 1606 1636 usque
1640 1566 1706 1618 ad
1765 1566 2016 1620 ultimum

450 1658 618 1721 diem,
652 1671 709 1710 se
741 1672 844 1710 non
896 1671 1019 1712 esse
1046 1657 1150 1728 legi
1185 1657 1542 1712 contrarium.
1606 1657 1836 1712 Attende
1888 1656 2018 1727 quid

449 1750 593 1804 dicat
619 1767 632 1802 :
664 1748 740 1802 Ne
773 1750 874 1820 legi
911 1759 1055 1804 esset
1087 1751 1414 1816 contrarius,
1446 1749 1650 1804 Pascha
1683 1751 2016 1806 celebrabat.

450 1841 588 1896 Num
612 1857 739 1909 ergo
759 1841 1008 1912 perfregit
1037 1841 1226 1912 legem,
1276 1856 1560 1896 asservans
1637 1841 2016 1897 fermentatum

451 1948 644 2010 panem
665 1933 687 1987 ?
708 1933 860 2000 Quod
885 1947 1016 1988 vero
1044 1935 1203 1988 etiam
1230 1949 1324 2002 per
1354 1944 1559 2001 septem
1587 1934 1704 1990 dies
1741 1935 1834 1987 illo
1885 1942 2019 1987 tem-

451 2041 581 2095 pore
607 2024 926 2080 fermentum
954 2041 1059 2080 non
1085 2033 1350 2090 exstaret,
1382 2026 1532 2079 testis
1555 2026 1660 2080 erit
1694 2026 1836 2079 idem
1863 2041 2021 2080 sacer

453 2121 881 2190 Chrysostomus
905 2119 960 2172 in
989 2119 1228 2189 priorem
1256 2119 1323 2173 ad
1351 2117 1668 2174 Corinthios
1693 2118 2017 2188 Epistolam:

457 2213 734 2276 Dicamus,
768 2212 966 2280 inquit,
991 2212 1164 2281 prius,
1197 2225 1298 2264 cur
1319 2209 1386 2264 de
1407 2210 1618 2265 cunctis
1642 2210 1840 2267 finibus
1856 2211 2022 2279 pella-

461 2316 550 2360 tur
575 2304 936 2371 fermentum;
965 2305 1095 2374 quid
1123 2320 1256 2376 ergo
1287 2306 1390 2360 sibi
1423 2305 1538 2360 vult
1592 2307 1694 2360 hoc
1749 2306 2022 2375 aenigma?

454 2396 614 2452 Omni
648 2397 892 2466 nequitia
918 2396 1148 2452 liberum
1189 2406 1403 2466 oportet
1429 2412 1551 2452 esse
1585 2397 1819 2454 fidelem.
1870 2398 2023 2453 Sicut

457 2489 604 2544 enim
630 2488 704 2542 ibi
766 2488 976 2557 peribat
1021 2489 1090 2553 is,
1124 2489 1265 2564 apud
1328 2502 1490 2556 quem
1545 2498 1820 2558 repertum
1879 2498 2024 2545 esset

455 2588 614 2636 Vetus
658 2580 1007 2646 fermentum,
1033 2581 1341 2638 itaenobis
1386 2581 1500 2646 ille,
1542 2582 1682 2652 apud
1710 2598 1870 2652 quem
1922 2583 2026 2638 erit

459 2672 726 2742 nequitia.
752 2671 938 2742 Neque
962 2673 1108 2729 enim
1151 2673 1251 2728 sub
1283 2675 1418 2745 legis
1451 2676 1661 2736 umbra.
1694 2690 1865 2745 paenae
1897 2691 2023 2743 gra-

459 2782 554 2821 ves
587 2765 922 2832 constitutae,
948 2766 1106 2822 nobis
1137 2775 1317 2821 autem
1359 2765 1503 2820 baud
1530 2767 1698 2820 multo
1726 2766 2025 2836 graviores.

460 2861 515 2916 Si
548 2862 692 2917 enim
719 2862 909 2930 domos
943 2862 1018 2915 ita
1051 2867 1367 2930 repurgant,
1403 2870 1462 2914 ut
1511 2859 1748 2914 murium
1809 2872 2028 2927 quoque

459 2967 724 3008 cavernas
746 2953 1039 3014 rimentur,
1068 2951 1238 3006 multo
1268 2951 1439 3022 magis
1463 2950 1620 3006 decet
1644 2965 1743 3006 nos
1770 2964 2022 3019 perscru-

461 3045 565 3100 tari
591 3053 798 3101 secreta
827 3044 1016 3098 animi.
1073 3042 1207 3098 Cum
1261 3042 1428 3111 igitur
1479 3057 1743 3097 cavernas
1790 3041 2024 3094 murium

461 3141 816 3203 rimarentur,
865 3145 921 3190 et
980 3145 1206 3191 sanctus
1261 3134 1421 3188 Pater
1472 3132 1704 3188 affirmet
1747 3132 2026 3188 Christum

2116 646 2270 715 σύνη.
2298 647 2391 698 καὶ
2421 645 2482 698 τὸ
2505 644 2912 714 ουσιαστήριον,
2948 645 3041 698 καὶ
3069 645 3102 715 ή
3131 646 3281 714 φωνὴ
3311 646 3380 712 ἢν
3401 648 3680 717 προήκατο

2113 740 2140 791 6
2168 737 2393 806 Κύριος,
2431 737 2614 792 Τοῦτο
2643 735 2863 791 ποιεῖτε
2885 739 2971 803 εις
3001 737 3116 806 τὴν
3135 735 3291 804 ἐμὴν
3313 737 3678 807 ἀνάμνησιν,

2113 834 2298 886 καὶτὰ
2351 814 2467 886 θεία
2521 835 2763 904 ῥήματα,
2802 834 2986 888 Τοῦτό
3037 833 3171 888 ἐστι
3222 835 3288 887 τὸ
3326 833 3498 904 σῶμά
3537 853 3678 903 μου,

2113 925 2229 985 καὶ.
2287 924 2470 979 Τοῦτό
2499 925 2630 980 ἐστι
2669 926 2737 978 τὸ
2767 921 2912 995 αἷμά
2945 943 3089 996 μου,
3125 926 3221 978 καὶ
3263 925 3415 978 πᾶσα
3464 926 3675 996 τελετὴ,

2114 1020 2258 1089 ἀργά
2279 1021 2385 1072 εἰσι
2419 1019 2506 1074 διά
2539 1022 2602 1074 τὸ
2653 1022 2727 1091 μὴ
2762 1022 2908 1092 ἔχειν
2941 1025 3005 1075 ἐκ
3031 1021 3128 1076 τοῦ
3178 1022 3344 1077 αὑτοῦ
3389 1023 3678 1092 ὑποκειμέ-

2114 1129 2228 1172 νου,
2287 1113 2320 1182 ἢ
2381 1113 2442 1166 ἐκ
2475 1113 2577 1182 τῆς
2629 1115 2796 1183 αὐτῆς
2843 1115 2977 1184 ὕλης
3023 1116 3194 1186 ὀξώδη
3245 1118 3449 1187 μικρὰν
3479 1116 3677 1185 ζύμην.

2117 1202 2240 1254 Ὀτι
2290 1202 2346 1255 δὲ
2395 1203 2424 1254 6
2459 1203 2667 1273 Κύριος
2720 1204 2876 1274 ἡμῶν
2931 1206 3024 1258 καὶ
3073 1207 3207 1270 Θεὸς
3241 1207 3464 1276 νομικὸν
3495 1207 3682 1273 Πάσχα

2116 1293 2382 1356 ἐτέλεσεν,
2418 1291 2536 1346 εἶτα
2580 1295 2649 1347 τὰ
2685 1297 2964 1367 μυστήρια
3006 1297 3208 1351 δέδωκε
3243 1302 3355 1362 τοῖς
3389 1299 3680 1369 μαθηταῖς,

2117 1383 2349 1437 ἄκουσον
2388 1383 2485 1436 τοῦ
2527 1383 2676 1438 Θείου
2712 1386 3104 1456 Χρυσοστόμου
3149 1390 3207 1441 ἐν
3253 1388 3442 1460 ὁμιλία
3476 1387 3566 1441 πα¹
3597 1390 3682 1440 λέ-

2118 1489 2336 1542 γοντοςο
2370 1475 2530 1538 Τίνος
2557 1477 2622 1547 δὴ
2650 1476 2837 1532 ἕνεκεν
2860 1479 2919 1531 τὸ
2953 1480 3145 1550 Πάσχα
3175 1481 3384 1546 ἐτέλεις
3415 1481 3516 1535 Διὰ
3549 1482 3682 1534 πάν-

2119 1581 2228 1618 των
2280 1566 2496 1632 δεικνὺς
2533 1568 2698 1640 μέχρι
2748 1571 2845 1638 τῆς
2895 1571 3128 1642 ἐσχάτης
3183 1571 3422 1642 ήμέρας,
3469 1573 3551 1626 ὅτι
3585 1575 3683 1626 οὐκ

2120 1654 2264 1708 ἔστιν
2292 1657 2532 1723 ἐναντίος
2587 1659 2664 1729 τῷ
2698 1661 2866 1731 νόμῳ.
2899 1662 3041 1730 Ὅρα
3095 1661 3148 1714 τί
3203 1678 3404 1732 φησιν’
3444 1663 3560 1716 Ἵνα
3611 1664 3682 1731 μὴ

2120 1746 2361 1811 ἐναντίος
2409 1750 2632 1819 γένηται
2666 1751 2742 1820 τῷ
2777 1753 2950 1823 νόμῳ,
2994 1753 3054 1806 τὸ
3094 1755 3287 1823 Πάσχα
3319 1753 3582 1808 ἐπετέλει.
3620 1755 3685 1808 Τί

2120 1836 2247 1902 οὓν;
2281 1840 2521 1895 ἐναντίον
2556 1842 2649 1895 τοῦ
2677 1846 2842 1912 νόμου
2876 1844 3050 1898 ἐποίει
3092 1846 3382 1914 φυλάττων
3411 1846 3503 1898 τὸν
3533 1845 3687 1910 ενζυ-

2127 1947 2226 1998 μον
2286 1931 2483 2001 ἇρτον;
2527 1934 2667 1988 Ἀλλ’
2720 1936 2801 1989 ὅτι
2843 1937 2936 1990 καὶ
2986 1937 3044 1992 ἐν
3093 1938 3231 1990 ἐπτὰ
3278 1938 3512 2009 ἡμέραις
3565 1939 3688 1991 κατ’

2122 2021 2296 2076 ἐκεῖνο
2326 2023 2520 2092 καιροῦ
2550 2026 2583 2094 ἠ
2639 2026 2788 2094 ζύμη
2832 2027 2931 2096 οὐχ
2981 2027 3290 2096 εὑρίσκετο,
3347 2030 3684 2097 μαρτυρήσει

2121 2111 2278 2166 τοῦτο
2311 2115 2465 2167 πάλιν
2493 2117 2522 2167 6
2555 2114 2696 2179 θεῖος
2721 2117 3105 2186 Χρυσόστομος
3137 2120 3193 2170 ἐν
3223 2120 3289 2188 τῇ
3318 2118 3454 2186 πρὸς
3492 2119 3687 2186 Κοριν-

2123 2204 2269 2267 θίους
2299 2205 2487 2276 πρώτῃ
2522 2207 2828 2278 Ἐπιστολῇο
2859 2209 3128 2281 Πρότερον
3151 2210 3415 2280 εἴπωμεν,
3438 2210 3526 2262 διὰ
3543 2211 3595 2261 τί
3625 2211 3688 2262 ἐκ

2121 2295 2228 2348 τῶν
2251 2299 2415 2366 ὁρίων
2442 2300 2658 2352 πάντων
2692 2299 3062 2354 ἀπελαύνεται
3090 2303 3122 2371 ἠ
3149 2299 3299 2370 ζύμη
3320 2319 3334 2334 ·
3369 2302 3423 2355 τί
3452 2298 3546 2356 οὖν
3575 2304 3687 2355 ἐστι

2127 2387 2183 2441 τὸ
2217 2390 2479 2459 αἰνιγμας
2530 2392 2718 2462 Πάσης
2769 2378 3039 2462 πονηρίας
3095 2392 3442 2463 ἀπηλλάχθαι
3478 2393 3558 2446 δεῖ
3597 2394 3689 2446 τὸν

2125 2481 2334 2534 πιστόν.
2379 2481 2596 2553 Ὠσπερ
2642 2485 2751 2552 γὰρ
2811 2485 3017 2548 ἐκεῖνος
3069 2485 3388 2549 ἀπόλλυται,
3445 2487 3580 2539 ὃπου
3624 2485 3689 2537 ἂν

2126 2573 2322 2645 εὑρεθῇ
2358 2573 2562 2627 παλαιὰ
2592 2573 2760 2646 ζύμη.
2799 2575 2940 2630 οὕτω
2973 2577 3066 2629 καὶ
3115 2579 3244 2647 παρ’
3276 2577 3414 2648 ἡμῖν
3461 2578 3590 2630 ἔνθα
3621 2579 3691 2632 ἂν

2125 2664 2322 2734 εὑρεθῇ
2358 2668 2625 2735 πονηρῗα·
2667 2667 2727 2718 οὑ
2779 2668 2888 2738 γὰρ
2917 2668 3090 2737 δήπου
3123 2671 3216 2722 ἐπὶ
3248 2669 3346 2738 μὲν
3389 2669 3491 2740 τῆς
3521 2671 3683 2732 σκιᾶς

2128 2756 2297 2825 πολλὴ
2330 2759 2360 2826 ή
2414 2758 2658 2824 κόλασις,
2697 2759 2790 2811 ἐπὶ
2833 2759 2890 2812 δέ
2924 2760 3080 2830 ήμῶν
3111 2761 3172 2814 οὐ
3223 2751 3404 2832 πολλῷ
3453 2761 3688 2830 μείζων

2128 2851 2175 2902 εί
2205 2850 2312 2920 γάρ
2350 2851 2450 2913 τὰς
2487 2851 2666 2916 οἰκίας
2697 2851 2841 2906 οὕτω
2871 2854 3247 2925 καθαίρουσιν,
3284 2854 3359 2918 ὡς
3393 2855 3488 2908 καὶ
3546 2855 3695 2925 μυῶν

2125 2939 2266 3004 ὀπὰς
2297 2942 2786 3012 περιεργάζεσθαι,
2821 2945 3002 3012 πολλῷ
3035 2945 3232 3014 μᾶλλον
3260 2947 3410 3016 ἡμᾶς
3453 2946 3549 3016 τὴν
3593 2947 3695 3015 ψυ-

2129 3033 2229 3103 χὴν
2258 3032 2631 3102 διερευνᾶσθαι
2659 3036 2760 3089 δεῖ.
2787 3034 2943 3091 Ἐπεὶ
2968 3031 3060 3092 οὖν
3089 3039 3241 3107 μυῶν
3268 3040 3411 3104 ὁπέις
3447 3057 3693 3109 περιειρ-

2131 3126 2378 3193 γάζοντο,
2405 3129 2432 3178 6
2477 3127 2532 3180 δὲ
2565 3128 2718 3195 ἅγιος
2761 3129 3037 3197 Idyma“.
3087 3131 3252 3200 μέχρι
3311 3133 3409 3200 τῆς
3461 3134 3696 3201 ἐσχάτης

460 3235 528 3288 ad
555 3233 804 3287 ultimum
835 3244 1007 3298 usque
1033 3228 1174 3282 diem
1203 3242 1312 3282 non
1341 3225 1512 3282 fuisse
1540 3228 1639 3296 legi
1665 3226 2022 3289 contrarium,

2130 3219 2364 3289 ἡμέρας.
2389 3220 2472 3271 ἵνα
2503 3220 2580 3291 μὴ
2604 3221 2844 3284 ἐναντίος
2870 3223 3094 3293 γένηται
3116 3225 3196 3294 τῷ
3225 3226 3394 3293 νόμῳ,
3417 3225 3480 3277 τὺ
3506 3227 3694 3293 Πάσχα

460 3336 514 3383 et
540 3327 661 3380 ideo
695 3323 902 3378 Pascha
933 3321 1241 3376 celebrasse
1262 3336 1277 3380 ;
1296 3329 1442 3374 certe
1471 3321 1784 3375 contrarius
1811 3319 2026 3386 fuisset,

463 3421 509 3476 si
544 3418 750 3474 Pascha
803 3415 1156 3477 celebrasset,
1197 3421 1251 3467 et
1296 3412 1676 3468 fermentatum
1730 3425 2024 3469 servasset.

463 3512 596 3566 Esse
628 3523 792 3578 porro
821 3508 871 3562 id
904 3507 1021 3575 lege
1047 3506 1296 3566 vetitum.
1326 3503 1453 3558 audi
1502 3503 1662 3558 verba
1693 3504 1812 3573 ejus
1841 3507 2030 3576 prmci-

465 3602 666 3675 pientis
696 3618 710 3654 :
747 3600 952 3668 Septem
997 3599 1179 3654 diebus
1202 3615 1386 3668 azyma
1437 3596 1748 3651 comedetis:
1783 3598 1868 3652 die
1916 3599 2030 3668 pri-

467 3712 553 3751 mo
585 3711 687 3748 non
711 3695 810 3747 erit
843 3693 1158 3760 fermentum
1199 3692 1249 3741 in
1281 3688 1523 3743 domibus
1559 3691 1763 3745 vestris.
1797 3690 2031 3755 Quicun-

467 3803 564 3859 que
601 3785 880 3840 comederit
908 3785 1238 3853 fermentum.
1265 3781 1456 3850 peribit
1491 3783 1670 3835 anima
1719 3782 1814 3835 illa
1855 3783 1920 3836 de
1949 3782 2032 3837 ls-

469 3881 598 3936 ναοί.
629 3878 693 3933 Ει
728 3877 887 3948 paulo
912 3884 1069 3945 post:
1133 3872 1315 3926 Primo
1374 3889 1567 3936 mense,
1599 3883 1792 3943 quarta
1826 3875 2030 3929 decima

470 3974 556 4028 die
579 3970 792 4035 mensis,
833 3969 902 4022 ad
933 3981 1194 4035 vesperam
1222 3964 1500 4018 comedetis
1545 3982 1732 4035 azyma
1763 3983 1928 4036 usque
1961 3970 2029 4020 ad

467 4069 602 4122 diem
638 4065 934 4120 vicesimam
979 4060 1202 4129 primam
1237 4058 1470 4125 ejusdem
1511 4060 1700 4112 mensis
1741 4061 1810 4112 ad
1861 4076 2032 4128 vespe-

469 4169 624 4210 ram:
654 4163 845 4221 septem
876 4151 1062 4205 diebus
1121 4150 1431 4219 fermentum
1479 4165 1582 4202 non
1639 4150 1931 4204 invenietur
1979 4152 2032 4204 in

469 4246 708 4301 domibus
725 4246 914 4300 vestris
939 4259 957 4296 :
981 4244 1069 4311 qui
1097 4242 1374 4295 comederit
1410 4242 1802 4310 fermentatum.
1847 4245 2032 4311 peribit

470 4341 648 4394 anima
691 4337 806 4404 ejus
829 4336 890 4388 de
913 4343 1047 4388 ctetu
1097 4331 1271 4387 Israel
1296 4334 1360 4387 ".
1399 4333 1550 4400 Quod
1601 4348 1729 4389 vero
1783 4335 2034 4391 Christus

469 4439 684 4488 servato
715 4429 850 4499 legis
875 4426 1190 4497 praescripto
1240 4424 1450 4479 Pascha
1501 4424 1811 4491 celebrarit,
1861 4425 2040 4481 Judaei

469 4537 600 4578 vero
639 4533 981 4588 nequaquam
1014 4517 1145 4572 illud
1201 4516 1490 4581 servarint,
1522 4515 1617 4570 sed
1647 4516 1790 4570 diem
1855 4526 2039 4572 trans-

469 4615 641 4686 gressi
674 4613 898 4675 fuerint,
921 4611 1046 4664 audi
1077 4609 1190 4665 oris
1210 4609 1357 4664 aurei
1393 4608 1604 4662 Patrem
1629 4609 1852 4664 homilia
1884 4619 2034 4663 orto.

468 4707 670 4777 gesima
700 4713 894 4773 quarta
951 4702 1004 4756 in
1051 4701 1336 4764 Joannem,
1381 4699 1509 4754 dum
1541 4699 1702 4754 verba
1745 4700 1835 4753 illa
1871 4715 2036 4768 espo-

469 4799 583 4853 nit:
616 4795 893 4849 Adducunt
916 4793 1098 4850 desum
1125 4810 1156 4846 a
1183 4791 1387 4858 Caipha
1432 4793 1485 4846 in
1526 4793 1832 4861 praetorium
1862 4810 1875 4846 :
1926 4791 2037 4846 Cur

471 4890 617 4944 enim
658 4889 791 4940 illuc
824 4902 949 4939 eum
1001 4887 1299 4947 duxerunt,
1342 4883 1433 4937 ubi
1469 4897 1662 4937 omnes
1718 4883 2034 4952 congregati

469 4981 664 5036 erant?
695 4977 764 5034 Ut
795 4992 884 5032 res
904 4977 1052 5030 fleret
1081 4973 1361 5031 communi
1419 4973 1664 5027 onmium
1716 4973 2032 5042 pontificum

471 5088 776 5138 consensu;
804 5077 921 5124 erat
949 5084 1094 5124 enim
1133 5069 1225 5122 ille
1261 5077 1392 5122 tunc
1442 5065 1706 5135 pontifex,
1744 5073 1799 5120 et
1844 5081 2034 5121 omnes

471 5166 625 5220 illum
657 5161 1132 5233 praestolabantur.
1156 5160 1236 5213 lta
1264 5157 1663 5228 pernoctabant
1704 5157 2034 5225 vigilabant-

473 5271 580 5326 que
609 5255 770 5324 hujus
797 5254 874 5308 rei
903 5265 1106 5306 causa:
1135 5247 1252 5303 Non
1303 5247 1471 5314 enim,
1528 5248 1728 5319 inquit,
1788 5248 2034 5303 comede-

475 5361 602 5405 runt
633 5347 837 5403 Pascba
871 5354 1023 5406 tunc,
1057 5341 1154 5398 sed
1199 5351 1485 5410 propterea
1534 5339 1852 5410 vigilabant.
1902 5340 2035 5394 Nam

478 5455 600 5512 post
633 5443 720 5496 illa
756 5441 947 5496 verba:
989 5435 1119 5491 Erat
1151 5441 1322 5486 autem
1351 5430 1780 5495 mane,Joannes
1834 5431 2036 5495 intulit,

481 5531 550 5586 Et
579 5531 678 5597 ipsi
715 5545 816 5584 non
843 5527 1156 5582 introierunt
1191 5525 1244 5576 in
1294 5522 1542 5592 prwtoriu
1557 5538 1620 5584 ru,
1655 5531 1708 5573 ut
1748 5537 1857 5574 non
1912 5537 2038 5573 ειτιιο

480 5626 886 5683 taminarentur,
921 5617 1008 5672 sed
1044 5625 1099 5670 ut
1132 5615 1508 5669 manducarent
1562 5613 1763 5667 Pascha
1799 5613 1861 5664 “.
1897 5612 2038 5677 Quid

478 5733 608 5791 ergo
639 5716 704 5771 ad
734 5716 850 5768 lucc
869 5709 1156 5766 dicemus?
1190 5708 1327 5765 Illud
1365 5723 1515 5772 sane,
1565 5707 1706 5777 quod
1741 5706 1906 5760 altera
1957 5706 2040 5759 dic

556 5894 601 5927 "
632 5892 765 5950 Luc.
801 5910 936 5965 uti,
969 5894 1065 5964 l9;
1103 5893 1120 5949 l
1154 5894 1278 5954 Cor.
1310 5908 1382 5959 xt,
1425 5893 1511 5949 24.

1625 5895 1662 5927 ³³
1720 5895 1890 5949 Eon.
1932 5908 2023 5956 Ml,
2077 5893 2137 5947 l5
2179 5905 2326 5958 seqq.

2131 3311 2396 3378 ἐπετέλει,
2427 3313 2629 3378 μᾶλλον
2673 3313 2738 3368 ἂν
2784 3314 3024 3377 ἐναντίος
3073 3311 3140 3384 ἦν
3188 3317 3251 3368 τὸ
3287 3319 3481 3385 Πάσχα
3527 3317 3697 3370 τελῶν

2130 3401 2223 3452 καὶ
2249 3400 2307 3452 τὸ
2332 3399 2560 3471 ἕνζυμον
2579 3405 2878 3470 φυλάττων.
2905 3406 3100 3460 Ὀτιδὲ
3123 3409 3151 3460 6
3168 3409 3331 3478 νόμος
3359 3409 3698 3479 ἀπαγορεύει

2129 3491 2306 3558 τοῦτο,
2365 3495 2594 3548 ἄκουσον
2653 3497 2794 3550 οὕτω
2847 3500 3277 3566 προστάττοντος
3307 3518 3322 3531 ο
3360 3505 3495 3571 φησὶ
3528 3503 3642 3572 γάρ
3675 3519 3689 3534 ⁶

2142 3582 2325 3636 Ἑπτὰ
2361 3585 2584 3661 ωέρας
2612 3587 2799 3655 ἄζυμα
2828 3588 3043 3642 ἓδεσθε
3064 3607 3075 3619 ·
3109 3590 3226 3644 ἀπὸ
3243 3591 3311 3644 δὲ
3337 3591 3448 3659 τῆς
3473 3591 3698 3661 ἡμέρας

2130 3673 2236 3741 τῆς
2295 3673 2528 3745 πρδὶης
2582 3679 2891 3746 siparis?“
2947 3681 3136 3750 ζύμην
3197 3683 3266 3736 ἐκ
3317 3684 3698 3738 tibi-obrui»-

2132 3767 2317 3836 ὑμῶν,
2355 3769 2479 3836 Πᾶς
2523 3770 2589 3835 ὃς
2626 3769 2704 3826 ἂν
2745 3771 3153 3842 φάγῃζύμην,
3185 3775 3694 3844 ἐξολοθρευοήσε-

2131 3875 2222 3912 ται
2255 3861 2291 3929 ἡ
2341 3863 2511 3932 ψυχὴ
2551 3864 2752 3930 ἐκείνη
2781 3864 2849 3928 ἐξ
2889 3864 3136 3934 Ἰσραήλ
3161 3884 3173 3897 °
3228 3868 3326 3920 καὶ
3357 3871 3503 3926 μετὰ.
3530 3885 3652 3920 τινα
3681 3884 3694 3896 ·

2145 3956 2564 4024 Ἑνιφχῦμενοι
2596 3955 2669 4024 τῇ
2702 3957 3332 4026 τεσσαρεσκαιδεκάτῃ
3369 3958 3562 4027 ἡμέρα
3591 3959 3696 4017 τεῦ

2128 4048 2322 4115 μηνὸς
2360 4047 2466 4100 τοῦ
2506 4047 2762 4117 πρώτου,
2800 4048 2900 4115 ἀρ’
2956 4049 3222 4115 ἑσπέρας
3259 4050 3475 4104 ἐδεῖσθε
3504 4050 3698 4118 ἄζυμα

2133 4138 2243 4201 ἓως
2284 4138 2508 4207 ἡμέρας
2564 4134 2706 4206 μιᾶς
2737 4139 2834 4192 καί
2891 4140 3132 4208 εἰκάδος
3182 4141 3290 4195 τοῦ
3340 4142 3538 4210 μηνὸς
3588 4141 3698 4208 ἕως

2134 4231 2388 4298 ἑσπέρας
2417 4245 2432 4262 ⁸
2489 4230 2639 4284 ἑπτὰ
2693 4231 2914 4300 ἡμέρας
2954 4231 3100 4300 ζύμη
3161 4235 3274 4302 οὐχ
3311 4233 3702 4301 εὑρεθήσεται

2135 4324 2204 4376 ἐν
2231 4323 2359 4388 ταῖς
2390 4325 2604 4388 οἰκίαις
2637 4322 2821 4391 ὑμῶν.
2853 4323 2978 4389 Πᾶς
3013 4324 3080 4387 ὃς
3099 4323 3178 4379 ἂν
3215 4325 3376 4395 φάγῃ
3409 4323 3696 4393 ζῖιμωτὸν,

2137 4415 2714 4482 ἐξολοθρευθήσεται
2746 4415 2782 4482 ἡ
2815 4415 2986 4482 ψυχὴ
3015 4417 3216 4483 ἐκείνη
3239 4416 3308 4471 ἐκ
3339 4415 3703 4486 συναγωγῆς

2153 4507 2418 4576 Ἰσραήλ.
2440 4508 2630 4560 ’Ότιδέ
2653 4507 2792 4559 κατά
2805 4507 2968 4582 νρμον
2989 4509 3015 4561 ὁ
3036 4507 3272 4577 Χριστὸς
3289 4508 3348 4561 τὸ
3372 4508 3560 4577 Πάσχα
3587 4507 3702 4559 ἐτέ-

2141 4599 2315 4660 λεσεν,
2348 4597 2396 4650 οἱ
2423 4597 2479 4649 δέ
2522 4597 2762 4650 Ἰουδαῖοι
2793 4598 3126 4666 παρανόμως
3158 4598 3424 4667 ἐποίησαν
3461 4597 3701 4667 παραδι-

2135 4687 2401 4748 Gaianas;
2430 4687 2487 4738 τὸ
2519 4685 2712 4755 Πάσχα
2733 4728 2747 4751 ,
2781 4685 3014 4739 ἄκουσον
3044 4685 3138 4738 τοῦ
3165 4684 3554 4753 Χρυσοστόμου
3587 4685 3700 4736 Πα-

2133 4780 2258 4850 τρὶς
2313 4781 2367 4832 ἐν
2404 4778 2484 4830 τπδ’
2523 4778 2712 4846 ὁμιλία
2784 4776 2873 4828 τοῦ
2928 4776 3070 4828 κατά
3139 4775 3410 4844 Ἰωάννην,
3468 4775 3545 4838 είς
3602 4773 3698 4826 τό·

2137 4873 2376 4938 Ἅγιῖιισι
2405 4871 2510 4922 τὸν
2537 4868 2771 4935 Ἰησοῦν
2793 4867 2910 4922 ἀπὸ
2936 4867 3040 4922 τοῦ
3062 4866 3300 4936 Κατάφα
3326 4869 3414 4932 εἰς
3441 4867 3505 4920 τὸ
3533 4883 3701 4934 πραι-

2132 4962 2361 5032 τώριονο
2399 4962 2496 5013 Διὰ
2527 4960 2578 5013 τί
2608 4959 2723 5012 ἐκεῖ
2752 4961 3043 5028 ἀπήγαγον
3076 4958 3258 5021 αὑτὸν,
3295 4958 3424 5010 ἔνθα
3461 4958 3702 5018 ἅπαντες

2139 5051 2278 5125 ἦσαν
2315 5053 2677 5122 συνηγμένοι;
2716 5053 2833 5104 ’Ὶνα
2869 5051 3007 5119 μετά
3037 5049 3262 5119 γνώμης
3293 5049 3510 5103 πάντων
3543 5048 3703 5116 ποιή-

2143 5165 2277 5202 σωσι
2304 5147 2412 5199 τῶν
2461 5145 2760 5215 ἀρχερέων·
2816 5145 3020 5204 ἐκεῖνος
3057 5142 3166 5211 γὰρ
3213 5137 3281 5211 ἧν
3325 5139 3448 5193 τότε
3516 5143 3704 5210 ἀρχιε-

2143 5245 2289 5315 ρεὺς,
2343 5241 2434 5294 καὶ
2471 5238 2666 5300 πάντες
2714 5232 2856 5306 ἦσαν
2903 5233 3063 5290 αὐτὸν
3100 5232 3487 5302 ἀναμένοντες.
3547 5232 3703 5287 Οὕτω

2142 5331 2550 5401 διενυκτέρευον
2593 5329 2688 5382 καὶ
2722 5325 3036 5398 ἠγρύπνουν
3066 5324 3159 5377 ἐπὶ
3191 5325 3366 5394 τούτῳ
3389 5337 3405 5354 ⁸
3438 5322 3560 5377 οὐδὲ
3598 5330 3705 5396 γὰρ

2144 5426 2347 5494 ἔφαγον
2401 5422 2523 5475 τότε
2577 5421 2637 5473 τὸ
2691 5420 2917 5491 Πάσχα,
2981 5417 3182 5488 φησὶν,
3233 5416 3370 5471 ἁλλά
3413 5417 3501 5470 διὰ
3549 5416 3707 5471 τοῦτο

2143 5515 2462 5586 ὴγρὺπνουν
2483 5528 2495 5542 ⁸
2525 5511 2699 5565 εἰπὼν
2728 5511 2857 5580 γὰρ,
2891 5512 2974 5564 ὅτι
3021 5509 3213 5578 Πρωΐα
3237 5505 3337 5579 ἦν,
3376 5513 3404 5562 6
3453 5511 3706 5578 Ἰωάννης

2147 5609 2425 5675 ἐπήγαγεν
2449 5621 2462 5635 ·
2509 5605 2632 5658 Οὐκ
2657 5601 2943 5668 είσῆλθον
2969 5604 3056 5666 είς
3087 5601 3153 5654 τὸ
3200 5601 3578 5670 πραιτάψιον,
3605 5603 3708 5656 ινα

2144 5701 2229 5772 μὴ
2259 5698 2616 5770 μιανθῶσιν,
2637 5696 2774 5753 ἀλλ’
2792 5695 2892 5750 ἳνα
2935 5693 3168 5765 φάγωσι
3191 5692 3256 5747 τὸ
3278 5692 3512 5764 Πάσχα.
3527 5691 3594 5748 Τί
3615 5689 3708 5749 οὖν

2426 5886 2467 5916 ’⁸
2495 5885 2652 5939 Joan.
2678 5898 2835 5946 xvm,
2876 5883 2964 5937 28.
