3998 6464
295 313 396 376 129

1512 300 1815 360 CONTRA
1855 298 2284 365 EPHESIUM.

3431 297 3530 362 13')

290 428 435 479 ἐστιν
468 421 677 484 είπεῑν;
716 419 838 471 Ὀτι
875 416 934 469 ὲν
964 413 1124 485 ἑτέρα
1157 414 1380 482 ἔφαγον,
1434 414 1530 465 καὶ
1564 415 1654 467 τὸν
1694 412 1856 480 νόμον

1985 412 2339 476 :omederunt,
2372 416 2427 466 et
2474 425 2502 464 a
2552 409 2670 480 lege
2715 408 3087 465 discesserunt
3147 410 3310 463 credis
3369 410 3531 479 hujus

188 550 193 553 »
291 515 489 568 ἔλυσαν
527 510 615 562 διὰ
648 510 746 577 τὴν
771 504 1067 573 ἐπιθυμίαν
1091 504 1192 572 τὴν
1220 499 1347 569 περ)⁵
1367 499 1466 568 τὴν
1491 499 1706 567 σφαγὴν
1733 496 1863 549 ταύ-

292 624 412 674 την.
446 603 581 659 Οὐδὲ
620 603 729 668 γὰρ
764 600 792 651 6
833 596 1070 667 Χριστὸς
1117 593 1332 663 παρέϐη
1384 590 1473 644 τὸν
1524 588 1718 659 καιρὸν
1766 587 1861 640 τοῦ

295 698 508 765 Πάσχα,
540 691 654 747 ἀλλ’
678 692 874 743 ἐκεῖνοι
904 687 954 739 οἱ
978 686 1156 741 πάντα
1181 682 1492 753 τολμῶντες
1516 682 1610 734 καὶ
1639 680 1865 750 μυρίους

297 784 741 845 καταπατοῦντες
768 782 989 849 νόμους.
1021 776 1242 831 Τούτων
1278 774 1452 836 οὕτως
1483 773 1717 844 ἐχόντων
1747 770 1863 831 πῶς

300 876 754 945 κατηγορήσομεν
798 872 926 932 τοὺς
978 867 1116 939 μετά
1145 866 1373 936 ἀζύμων
1400 863 1499 935 τὴν
1553 864 1744 925 θυσίαν
1774 878 1864 914 τε-

296 968 525 1029 λοῦντας
552 970 573 1027 ς’
598 964 732 1034 Περὶ
763 962 820 1015 δὲ
856 961 1015 1031 ἡμῶν
1060 958 1244 1012 αὐτῶν
1306 956 1450 1010 οὕτω
1498 955 1752 1024 λέγομεν,
1785 954 1867 1006 ὅτι

299 1060 445 1115 οῦτω
471 1056 868 1127 παρελάϐομεν,
898 1056 993 1107 καὶ
1024 1050 1168 1105 οὕτω
1199 1051 1522 1120 στέργομεν,
1554 1047 1630 1109 ὡς
1656 1047 1704 1099 οί
1738 1045 1881 1098 ἁπό·“

303 1149 482 1205 στολοι
511 1147 629 1200 κατ’
652 1140 798 1199 οἷκον
826 1143 1066 1206 κλῶντες
1098 1127 1261 1210 ἄρτον
1305 1139 1407 1209 τὴν
1447 1137 1638 1191 Θυσίαν
1683 1136 1871 1187 ἐπετέ-

302 1243 451 1295 λουν·
484 1238 577 1291 καὶ
623 1233 864 1303 οὐδαμοῦ
914 1233 1166 1302 φαίνεται
1216 1230 1289 1292 ὡς
1335 1230 1546 1297 ἄζυμον
1579 1225 1873 1296 ζητοῦντες

305 1333 403 1403 τὴν
426 1329 619 1384 θυσίαν
643 1326 957 1380 ἔπετέλουν.
991 1324 1102 1377 Kal.
1146 1323 1312 1377 πάλιν
1357 1323 1411 1373 ὲν
1445 1323 1571 1382 ταῖς
1604 1320 1711 1372 τῶν
1741 1318 1872 1380 ὠιζύ⁴

307 1423 712 1494 μωνβίγμέραις
765 1416 1020 1488 undatim“:
1070 1418 1130 1468 ὲν
1184 1413 1584 1483 Ἱεροσολύμοις
1637 1408 1872 1478 ὲνζύμου

301 1512 719 1584 εὑρισκομένου,
747 1502 987 1576 οὐδαμοῦ
1022 1505 1184 1558 πάλιν
1218 1503 1492 1570 φαίνεται,
1531 1502 1613 1553 ὅτι
1644 1498 1874 1565 ἕνζυμον

302 1603 606 1668 αἰτοῦντες,
652 1599 825 1661 οὕτως
895 1597 1136 1652 ἐποίουν.
1198 1595 1459 1665 ’ῌδεισαν
1508 1591 1641 1660 γὰρ,
1690 1591 1772 1642 ὅτι
1813 1588 1875 1639 τὸ

299 1695 434 1747 αύτό
467 1695 615 1744 ἐστιν
666 1687 1051 1755 ὑποκείμενον,
1086 1688 1115 1739 6
1164 1684 1229 1736 ὲκ
1277 1682 1369 1735 τοῦ
1428 1681 1578 1733 σίτου
1625 1678 1872 1746 ἄλευρος.

302 1786 376 1839 υὺ
405 1784 514 1851 γὰρ
543 1781 632 1835 διὰ
658 1780 722 1832 τὸ
760 1778 837 1849 μὴ
872 1752 1032 1847 -ἐχειν
1077 1775 1281 1845 μικρὰν
1331 1771 1533 1841 ζύμην,
1570 1770 1667 1840 ἢδη
1701 1769 1877 1820 πάντα
1909 1752 1948 1807 Β

302 1878 373 1932 τὰ
400 1872 701 1943 τελούμενα
726 1870 896 1940 ἀργὰ,
926 1869 1022 1922 καί⁵
1058 1868 1293 1937 μάλιστα
1326 1865 1392 1918 τὰ
1422 1862 1515 1915 τοῦ
1549 1860 1756 1930 Κυρίου
1781 1859 1875 1928 ῥή-

308 1986 478 2039 ματα,
509 1968 664 2021 ἅτινα
687 1965 780 2017 καὶ
807 1960 1163 2032 μεταποιοῦσι
1187 1958 1279 2010 τὸν
1306 1957 1471 2026 ἄρτον
1487 1956 1581 2007 καὶ
1614 1952 1705 2006 τὸν
1735 1947 1878 2003 οἶνον

307 2063 407 2114 σὺν
429 2058 509 2128 τῷ
537 2056 795 2116 ῦδατιείς
844 2052 1005 2121 σῶμα
1054 2051 1149 2103 καὶ
1185 2044 1325 2118 αἷμα
1399 2045 1590 2101 αὑτοῦ.
1643 2044 1767 2095 Ὅτι
1821 2041 1877 2094 δὲ

306 2152 445 2205 αὐτὰ
475 2149 543 2201 τὰ
578 2147 802 2218 ῥήματα
833 2138 1339 2214 μεταρρυθμίζουσι
1370 2136 1467 2205 τὴν
1511 2135 1643 2206 ὕλην
1676 2132 1880 2201 ταύτην

307 2248 388 2306 εἰς
444 2243 510 2294 τὰ
545 2238 840 2310 εἰρημένα,
873 2237 1109 2288 ἄκουσον
1158 2230 1252 2285 τοῦ
1295 2230 1442 2284 θείου
1488 2225 1878 2299 Χρυσοστόμου

306 2339 365 2388 ὲν
389 2333 465 2404 τῷ
494 2332 659 2399 λόγῳ,
685 2323 746 2403 οὗ
769 2328 803 2397 τι,
834 2324 1137 2395 ἐπιγραφὴ,
1169 2326 1273 2389 Είς
1301 2320 1747 2389 τὴνπροδοσιάν
1769 2315 1878 2371 τοῦ

320 2427 540 2491 Ἰούδα,
569 2424 668 2478 καὶ
698 2426 784 2489 εἰς
814 2421 881 2474 τὸ
922 2419 1226 2488 μυστικὸν
1270 2415 1518 2470 δεῖπνον
1550 2414 1658 2468 τοῦ
1688 2410 1883 2481 Σωτῆ-

304 2538 435 2587 ρος,
476 2518 573 2574 καί
622 2518 773 2571 κατὰ
814 2512 1159 2569 Ἰουδαίων-⁸
1197 2513 1231 2580 ὴ
1264 2512 1321 2563 δὲ
1358 2507 1504 2579 ἀρχὴ
1552 2507 1646 2561 τοῦ
1695 2504 1876 2573 λόγου*

324 2610 676 2678 Ἐϐουλόμην,
720 2606 1023 2675 ἀγαπητοὶ,
1051 2602 1154 2670 τῆς
1186 2600 1330 2654 κατὰ
1382 2600 1473 2653 τὸν
1536 2596 1883 2667 πατριάρχην

317 2702 477 2756 πάλιν
509 2700 840 2761 ὑποθέσεως.
868 2698 1109 2766 Πάρεστι
1127 2696 1222 2748 καὶ
1249 2691 1344 2745 νῦν
1374 2693 1404 2745 6
1424 2690 1656 2759 Χριστὸς
1673 2690 1882 2747 ἐκεῖνος

318 2793 416 2862 τὴν
444 2788 720 2860 τράπεζαν
761 2786 965 2862 ταύτην
995 2783 1219 2851 κοσμῶν
1237 2795 1251 2810 ·
1279 2782 1306 2832 6
1339 2779 1449 2846 γὰρ
1473 2778 1573 2847 τὴν
1601 2772 1881 2843 τράπεζαν

319 2860 537 2953 ἐκείνην
563 2860 844 2949 κοσμήσας
884 2876 1026 2937 τότε,
1054 2868 1208 2933 οὗτος
1232 2874 1326 2925 καὶ
1365 2870 1571 2937 ταύτην
1601 2865 1885 2932 διακοσμεῖ

315 2975 432 3030 νῦν.
475 2974 548 3027 Ού
600 2972 710 3042 γὰρ
766 2966 1055 3039 ἄνθρωπός
1084 2967 1231 3017 ἔστιν
1274 2966 1302 3016 6
1339 2960 1512 3014 ποιῶν
1542 2960 1609 3012 τὰ
1660 2955 1883 3025 προκεί-

1963 503 2225 558 facienda:
2261 503 2559 558 desiderio.
2605 500 2794 572 Neque
2845 504 2990 581 enim
3023 500 3276 557 Christus
3316 508 3531 570 tempus

1964 596 2186 651 Pascha:
2211 612 2319 649 non
2353 596 2686 664 observavit,
2713 597 2806 652 sed
2831 596 2904 651 illi
2932 596 3022 664 qui
3054 595 3189 648 nihil
3216 608 3326 650 non
3370 593 3535 648 aude-

1964 687 2115 751 bant,
2148 696 2202 742 et
2228 687 2374 755 leges
2415 688 2727 743 innumeras
2763 689 3210 757 perrumpehant.
3248 685 3384 742 Cum
3418 687 3534 741 haec

1965 778 2037 831 ita
2078 794 2137 834 se
2164 779 2422 840 habeant,
2454 774 2560 848 qua
2594 780 2806 833 ratione
2862 790 3079 832 erunta
3130 779 3288 835 nobis
3345 793 3534 847 reprev

1966 868 2256 931 hendendi,
2289 871 2381 938 qui
2412 883 2604 940 azyma
2628 869 2987 924 sacriﬁcant?
3037 869 3109 923 De
3160 870 3319 925 nobis
3357 877 3537 923 autem

1969 962 2103 1031 ipsis
2140 961 2395 1025 dicimus,
2421 961 2497 1015 ita
2530 975 2632 1015 nos
2676 961 2975 1029 accepisse.
3009 970 3062 1015 et
3117 969 3360 1015 nostram
3409 974 3538 1014 cou-

1969 1046 2313 1107 suetudinem
2346 1059 2519 1105 ratam
2558 1052 2757 1106 habere
2784 1069 2796 1115 ;
2828 1058 2880 1104 et
2910 1050 3137 1119 apostoli
3170 1051 3316 1105 domi
3348 1064 3538 1119 panem

1970 1144 2281 1213 frangentes
2303 1143 2635 1198 sacriﬁcium
2664 1142 3028 1207 factitabant;
3066 1157 3245 1211 neque
3302 1157 3531 1209 usquam

1970 1244 2219 1306 apparet,
2249 1236 2538 1304 qumsitum
2572 1250 2694 1289 esse
2723 1236 2792 1289 ab
2825 1235 2930 1288 illis
2959 1248 3151 1303 panem
3192 1248 3441 1304 azymum
3476 1232 3541 1284 :ul

1970 1325 2421 1381 sacrificandum.
2450 1323 2666 1379 Rursus
2688 1338 2813 1377 cum
2848 1324 2963 1378 dies
2987 1332 3171 1378 essent
3197 1338 3541 1392 azymorum.

1971 1429 2025 1474 et
2058 1420 2418 1474 fermentatus
2448 1419 2606 1487 panis
2636 1432 2740 1472 non
2773 1425 2920 1474 esset
2974 1415 3384 1487 Hierosolymis,
3414 1430 3545 1468 nus-

1974 1528 2133 1583 quam
2165 1513 2414 1569 similitcr
2448 1519 2693 1581 apparet,
2755 1510 2984 1579 quaesito
3047 1506 3373 1564 fermentata
3427 1507 3547 1560 illos

1974 1619 2358 1667 consecrasse,
2383 1604 2528 1672 quod
2562 1603 2765 1658 scirent
2790 1600 3071 1656 materiam
3108 1615 3233 1655 esse
3272 1598 3546 1661 eamdem,

1977 1708 2173 1764 nempe
2204 1694 2437 1747 farinam
2472 1693 2767 1746 triticeam.
2799 1689 2988 1760 Neque
3015 1692 3162 1746 enim
3195 1687 3342 1759 quod
3375 1687 3548 1741 modi-

1978 1801 2101 1839 cum
2169 1799 2274 1839 non
2326 1783 2469 1839 adsit
2533 1783 2882 1847 fermentum,
2932 1782 3171 1836 invalida
3220 1781 3331 1850 jam
3381 1787 3548 1833 erunt

1978 1878 2163 1932 omnia
2193 1890 2315 1946 qua:
2348 1875 2413 1929 ad
2441 1874 2770 1930 sacriﬁcium
2802 1883 3074 1944 spectant,
3110 1872 3415 1945 prtesertim
3444 1870 3551 1931 Do-

1979 1968 2109 2021 mini
2139 1969 2330 2033 verba,
2369 1981 2492 2036 quae
2522 1980 2715 2035 panem
2748 1973 2802 2021 et
2826 1966 3008 2020 vinum
3040 1979 3163 2021 cum
3199 1979 3343 2035 aqua
3373 1973 3550 2020 trans-

1979 2069 2196 2114 mutaut
2270 2058 2325 2112 in
2383 2056 2583 2127 cdt-pus
2652 2056 2771 2126 ejus
2828 2065 2881 2112 et
2940 2056 3330 2126 sanguinem?
3391 2054 3549 2122 Quod

1979 2162 2159 2206 autem
2196 2150 2362 2204 verba
2394 2149 2508 2204 hmc
2554 2149 2837 2204 materiam
2871 2149 3020 2203 illam
3073 2157 3441 2204 transmutent
3492 2147 3549 2203 iu

1979 2259 2041 2301 ea
2078 2258 2196 2314 quae
2226 2243 2485 2307 diximus,
2533 2242 2659 2296 audi
2703 2257 2769 2297 ex
2822 2241 3006 2297 divino
3053 2243 3447 2313 Chrysostomo
3496 2241 3549 2296 in

1979 2336 2271 2397 oratione.
2343 2351 2463 2406 quae
2524 2333 2847 2390 inscribitur
2897 2350 2913 2389 :
2968 2334 3031 2388 lu
3087 2331 3246 2387 Judw
3295 2333 3553 2401 proditio-

1981 2444 2136 2493 nem,
2194 2436 2244 2480 et
2308 2428 2584 2496 mysticam
2649 2422 2952 2479 Saluatoris
3011 2440 3252 2489 cumam,
3312 2432 3360 2477 et
3430 2438 3554 2477 con-

1982 2534 2069 2577 tra
2128 2518 2368 2588 Judteos;
2428 2520 2696 2575 orationis
2748 2528 2928 2575 autem
2990 2518 3209 2573 initium
3251 2518 3357 2574 hoc
3408 2526 3491 2572 est
3538 2533 3553 2569 :

1980 2619 2241 2673 Volebam
2308 2630 2441 2671 sane
2476 2653 2491 2679 ,
2551 2610 2918 2676 dilectissimi,
2982 2625 3178 2665 rursus
3232 2608 3557 2677 patriarchae

1983 2718 2382 2780 argumentum,
2415 2712 2523 2762 etc.
2552 2703 2717 2759 Adest
2747 2716 2893 2757 nunc
2935 2701 3100 2757 etiam
3134 2700 3390 2756 Christus
3438 2701 3559 2771 ipse

1984 2814 2235 2855 mensam
2262 2798 2403 2851 hanc
2456 2810 2662 2849 ornans
2709 2793 2855 2864 :qui
2915 2791 3062 2846 enim
3114 2800 3244 2846 tunc
3310 2807 3555 2846 mensam

1985 2893 2130 2947 illam
2156 2889 2390 2954 ornavit,
2416 2888 2558 2942 idem
2585 2901 2731 2940 nunc
2754 2894 2807 2939 et
2835 2886 2974 2939 hanc
2999 2885 3174 2953 ipsam
3201 2885 3558 2938 condecorat.

1986 2984 2172 3052 Neque
2197 2980 2339 3035 enim
2364 2983 2532 3033 homo
2591 2986 2693 3041 est,
2718 2977 2813 3045 qui
2847 2976 2979 3030 facit
3014 2986 3074 3029 ut
3099 2978 3376 3046 pmposita
3431 2977 3561 3028 (iant

318 3085 458 3138 μενα
497 3063 753 3133 γενέσθαι
786 3061 946 3131 σῶμα
974 3059 1070 3111 καὶ
1102 3051 1244 3125 αἷμα
1284 3053 1546 3122 Χριστοῦ,
1578 3050 1694 3104 ἀλλ’
1726 3049 1886 3111 αὐτὸς

1989 3049 2184 3143 corpus
2207 3081 2259 3127 et
2290 3071 2514 3139 sanguis
2531 3068 2758 3134 Christi,
2782 3068 2872 3122 sed
2895 3067 2985 3136 qui
3016 3082 3118 3137 pro
3169 3067 3330 3123 nobis
3383 3068 3561 3121 cruci-

314 3161 342 3212 6
375 3153 714 3226 σταυρωθεὶς
742 3149 882 3220 ὑπὲρ
936 3148 1094 3220 ἡμῶν
1124 3146 1379 3214 Χριστός.
1426 3143 1623 3212 Σχῆμα
1664 3139 1888 3211 πληρῶν

315 3257 344 3308 6
372 3252 561 3323 lapsi);
586 3249 745 3318 μόνον
777 3246 997 3313 ἕστηκε,
1031 3244 1128 3296 καὶ
1163 3240 1462 3313 προσφέρει
1497 3238 1592 3309 τὴν
1611 3239 1794 3307 δέησιν
1822 3234 1889 3289 τὰ

323 3348 543 3418 ῥήματα
566 3341 936 3412 φθεγγόμενος
966 3337 1173 3389 ἐκεῖνον
1203 3334 1235 3404 ἡ
1261 3333 1319 3386 δὲ
1351 3333 1511 3402 χάρις
1542 3331 1637 3384 καὶ
1661 3332 1693 3400 ή
1728 3329 1890 3382 δύνα-

325 3438 416 3504 μίς
444 3437 558 3487 ἐστι
588 3430 681 3484 τοῦ
711 3428 845 3482 Θεοῦ
877 3429 911 3498 ἡ
939 3429 1121 3481 πάντα
1150 3423 1518 3494 ἐργαζομένη.
1562 3420 1744 3475 Τοῦτό
1771 3419 1889 3489 μού

320 3527 452 3580 ἐστι
479 3523 545 3578 τὸ
584 3520 778 3592 σῶμα,
805 3519 960 3588 φησίτ
984 3516 1153 3570 τοῦτο
1174 3517 1236 3568 τὸ
1264 3514 1416 3585 ῥῆμα
1451 3514 1519 3567 τὰ
1553 3513 1891 3583 προκείμενα

326 3615 782 3690 μεταρῤυθμίζει.
813 3612 926 3666 Καὶ
957 3608 1211 3677 καθάπερ
1255 3608 1435 3668 εκείνη
1466 3608 1500 3676 ἡ
1550 3606 1701 3683 φαεινὴ
1738 3607 1772 3675 ὴ
1807 3606 1893 3660 λέ-

322 3726 519 3779 γουσαο
557 3704 929 3770 Δῠξάγεσθε,
961 3703 1061 3755 καί
1096 3699 1501 3767 πληθύνεσθε,
1532 3697 1632 3751 καί
1662 3696 1894 3766 πληρώ-

323 3818 473 3858 σατε
505 3798 620 3867 τὴν
650 3796 793 3867 γῆν,
814 3793 1017 3866 appear;
1046 3794 1144 3863 μὲν
1178 3789 1344 3854 ἅπαξ,
1369 3789 1461 3843 διὰ
1482 3788 1682 3851 παντὸς
1711 3788 1767 3841 δὲ
1800 3786 1895 3842 τοῦ

324 3882 523 3965 χρόνου
554 3891 764 3957 γίνεται
817 3887 1002 3956 ἔργον,
1056 3881 1367 3952 δυναμοῦσα
1424 3880 1522 3948 τὴν
1582 3878 1744 3949 φύσιν
1796 3880 1897 3951 τὴν

330 3986 612 4058 ἡμετέραν
650 3979 788 4050 πρὸς
816 3975 1184 4032 παιδοποιίανο
1214 3973 1355 4028 οὕτω
1384 3976 1478 4027 καὶ
1509 3975 1646 4044 αῦτη
1677 3977 1710 4043 ἡ
1742 3973 1895 4044 φωνὴ

331 4076 480 4142 ἅπαξ
511 4072 765 4143 λεχθεῖσα
789 4069 941 4137 παρὰ
967 4069 1066 4134 τῆς
1103 4064 1252 4128 θείας
1275 4064 1521 4133 γλώττης
1552 4066 1788 4132 ἐκείνης,
1814 4063 1896 4130 τὸ,

334 4167 517 4224 Τοῦτό
561 4164 679 4235 μού
712 4162 843 4218 eam
876 4159 943 4213 τὸ
981 4157 1175 4226 σῶμα,
1209 4155 1334 4209 καθ’
1363 4156 1599 4226 ἑκάστην
1618 4153 1899 4225 τράπεζαν

328 4263 387 4314 ὲν
417 4261 535 4321 ταῖς
560 4254 905 4325 ἐκκλησίαις,
935 4250 1142 4304 ἐκείνου
1197 4249 1289 4301 τοῦ
1336 4249 1579 4319 ῥήματος
1610 4250 1643 4317 ἡ
1672 4246 1898 4314 δύναμις

333 4349 493 4420 μέχρι
524 4345 621 4415 τῆς
674 4344 936 4414 σήμερον,
969 4341 1064 4392 καὶ
1094 4340 1222 4408 ἄχρι
1269 4338 1369 4405 τῆς
1400 4336 1565 4389 αὐτοῦ
1600 4336 1901 4404 παρουσίας

1990 3168 2130 3221 fixus
2164 3171 2267 3225 est,
2303 3161 2419 3231 ipse
2463 3161 2737 3216 Christus.
2791 3158 3054 3230 Figuram
3106 3168 3317 3214 tantum
3366 3173 3562 3229 gerens

1992 3266 2101 3315 stat
2119 3256 2399 3318 sacerdos,
2430 3261 2483 3307 et
2512 3266 2701 3322 preces
2724 3249 2898 3316 oﬂ‘ert,
2924 3252 3052 3305 dum
3079 3251 3244 3306 verba
3274 3250 3361 3305 illa
3386 3267 3560 3304 curuu-

1990 3350 2120 3412 tiat;
2155 3360 2341 3400 verum
2370 3343 2547 3413 gratia
2574 3351 2628 3396 et
2648 3342 2887 3397 efﬁcacia
2917 3340 3011 3396 Dei
3065 3351 3172 3406 est,
3199 3356 3319 3411 quae
3367 3356 3562 3410 apera-

1993 3447 2082 3493 tur
2108 3437 2309 3491 omnia.
2342 3433 2453 3488 lloc
2490 3442 2591 3495 est,
2635 3431 2839 3502 inquit,
2896 3448 3085 3502 corpus
3139 3448 3347 3497 meum;
3400 3432 3564 3487 verba

1991 3533 2107 3585 hac
2143 3528 2477 3599 propositam
2526 3532 2898 3579 transmittant
2927 3525 3234 3579 materiam.
3264 3526 3330 3578 Et
3377 3540 3564 3595 quem-

1992 3622 2283 3675 admodum
2323 3632 2427 3669 vox
2465 3616 2600 3670 illa:
2643 3615 2873 3670 Crescite
2923 3625 2971 3669 et
3030 3615 3455 3683 multiplicamini
3515 3623 3566 3667 et

1993 3711 2185 3781 replete
2208 3717 2405 3763 terram
2430 3707 2493 3772 ¹⁸,
2522 3707 2731 3774 prolata
2764 3705 2982 3775 quidem
3005 3714 3088 3760 est
3112 3704 3425 3780 semel,.sed
3455 3720 3571 3774 pcr-

1997 3804 2173 3875 petuis
2205 3798 2537 3871 temporibus
2565 3799 2624 3852 tit
2673 3813 2828 3867 opus,
2896 3807 3142 3851 naturam
3201 3808 3447 3854 nostram
3497 3797 3565 3850 ad

1993 3894 2432 3964 procreationem
2458 3891 2858 3946 corroborans:
2890 3892 2965 3944 ita
3019 3899 3071 3944 et
3096 3892 3207 3945 haec
3239 3906 3340 3944 vox
3398 3890 3570 3945 seuul

1995 3992 2166 4047 missa
2206 3988 2383 4044 abilla
2425 3985 2608 4038 divina
2644 3984 2861 4051 lingua:
2902 3983 3015 4036 Hoc
3060 3993 3137 4035 est
3161 3998 3349 4051 corpus
3378 3997 3569 4044 meum,

1996 4084 2053 4137 in
2084 4082 2313 4151 singulis
2345 4079 2612 4133 altaribus
2634 4093 2729 4146 per
2757 4076 3023 4129 ecclesias
3046 4076 3248 4130 virtute
3264 4090 3363 4130 sua
3388 4074 3568 4137 allicit,

1999 4183 2059 4227 ut
2091 4172 2156 4226 ad
2186 4173 2326 4224 hanc
2368 4170 2509 4222 diem
2543 4176 2595 4220 et
2622 4180 2793 4234 usque
2821 4166 2884 4220 ad
2918 4164 3166 4219 futurum
3220 4165 3339 4236 ejus
3367 4166 3570 4218 adven-

2000 4274 2114 4319 tum
2146 4259 2477 4318 sacriﬁcium
2506 4259 2775 4327 integrum
2803 4264 3109 4327 peragatur.
3141 4254 3200 4311 Si
3232 4270 3363 4326 ergo
3400 4256 3565 4310 verba

2003 4355 2118 4409 haec
2144 4350 2817 4406 tiausmutautmateriam
2848 4349 3187 4420 propositam
3257 4349 3308 4402 in
3370 4364 3571 4417 corpus

330 4417 427 4510 τὴν
458 4439 649 4494 θυσίαν
690 4433 1113 4505 ἀπηρτισμένην
1156 4431 1470 4502 ἐργάζεται.
1506 4430 1567 4481 Εἰ
1619 4428 1711 4481 οὖν
1742 4428 1886 4481 τοῦτ(

2003 4455 2058 4500 et
2081 4444 2400 4514 sanguinem
2443 4442 2665 4508 Christi,
2689 4417 3037 4511 ciliciuutque
3070 4450 3129 4495 ut
3150 4441 3260 4496 sint
3293 4441 3572 4497 tremenda

329 4538 388 4589 τὸ
414 4536 562 4604 ῥῆμα
589 4535 670 4596 εἰς
699 4532 860 4601 σῶμα
891 4527 1131 4598 Χριστοῦ
1166 4527 1259 4578 καὶ
1291 4520 1429 4595 αἷμα
1456 4525 1527 4577 τὰ
1560 4523 1899 4593 προκείμενα

336 4629 639 4698 μεταποιεῖ,
666 4626 760 4687 καὶ
784 4623 991 4692 φρικτὰ
1044 4622 1322 4690 μυστήρια
1353 4617 1745 4688 ἀπεργάζεται,
1777 4617 1900 4671 ἀδυ-

332 4696 482 4772 νατεῖ
507 4718 564 4771 δὲ
617 4718 788 4781 ταῦτα
823 4710 963 4765 εἶναι
1010 4712 1194 4765 τέλεια
1251 4709 1340 4767 διὰ
1386 4710 1446 4761 τὸ
1507 4710 1580 4779 μὴ
1614 4696 1759 4779 ἔχειν
1808 4727 1897 4777 μι-

333 4811 472 4877 κρὰν
521 4810 723 4878 ζύμην,
780 4806 965 4874 θαῦμα
995 4805 1058 4858 ἂν
1103 4804 1189 4873 εἴη
1220 4819 1234 4833 ⁸
1285 4801 1585 4855 καὶταῦτα
1635 4803 1690 4854 ὲν
1729 4802 1899 4873 ταύτῃ

332 4905 398 4970 τῇ
454 4898 557 4970 ’ύλῃ
601 4899 695 4951 τοῦ
728 4895 966 4965 Χριστοῦ
1016 4894 1359 4956 τελέσαντος,
1394 4893 1468 4956 ὡς
1515 4891 1900 4963 προαποδεδει-

336 5008 483 5043 κται.

1022 5079 1212 5132 ΕΦΕΣ.

418 5174 531 5244 Ἆρ’
559 5172 657 5242 οὐχ
698 5174 856 5226 ἱκανὰ
885 5171 1059 5224 ταῦτα
1100 5170 1200 5240 τὴν
1231 5170 1463 5240 γνώμην
1492 5171 1673 5223 αὐτῶν
1704 5171 1906 5225 διαδείο

337 5267 449 5333 ξαι,
479 5267 573 5320 καὶ
621 5266 700 5318 ὅτι
732 5264 833 5317 οὐκ
877 5263 1133 5333 ἀληθείας
1167 5264 1396 5334 ἔρευναν
1432 5264 1744 5334 ποιούμενοι
1792 5266 1906 5326 τοῖς

332 5358 589 5419 Λατίνοις
635 5356 917 5423 συνῆλθον,
944 5355 1012 5425 ἢν
1056 5356 1115 5408 ὲν
1154 5357 1343 5424 χερσὶν
1377 5355 1593 5425 ἔχοντες
1638 5356 1906 5426 προδεδώ-

336 5469 520 5514 κασιν,
553 5450 688 5502 ἀλλὰ
733 5451 1098 5519 χρυσοχοῆσαι
1153 5448 1492 5518 βουλόμενοι,
1544 5449 1637 5503 καὶ
1688 5452 1905 5504 πεπλα-

339 5545 549 5613 σμένην
585 5542 685 5594 οὐκ
719 5541 891 5611 ἀληθῆ
922 5542 1293 5611 συστήσασθαι
1324 5540 1556 5607 ἒνωσινς

409 5749 454 5783 ’⁵
476 5749 610 5804 Gen.
636 5763 676 5814 ι,
701 5746 791 5802 28.

2005 4537 2302 4607 mysteria;
2342 4535 2540 4588 mirum
2583 4533 2824 4603 profecto
2869 4532 3057 4598 fuerit,
3091 4534 3137 4588 si
3190 4532 3436 4602 perfecta
3482 4530 3570 4583 ξω..

2005 4641 2126 4682 esse
2152 4641 2260 4680 non
2288 4640 2355 4695 po
2376 4624 2519 4688 sint,
2553 4624 2695 4693 quod
2723 4639 2828 4676 non
2854 4623 2998 4677 adsit
3026 4623 3297 4677 modicum
3335 4619 3573 4675 fermen-

2008 4729 2158 4783 tum;
2189 4720 2349 4789 idque
2377 4734 2498 4773 cum
2532 4718 2586 4771 in
2614 4717 2705 4769 tali
2750 4718 2976 4771 materia
3006 4715 3259 4771 Christus
3308 4714 3424 4782 ipse
3443 4729 3574 4769 con-

2011 4809 2219 4875 fecerit,
2247 4819 2303 4864 ut
2332 4806 2706 4876 probavimus.

2674 5081 2918 5138 EPHES.

2079 5178 2158 5231 An
2202 5191 2306 5231 non
2335 5176 2472 5231 satis
2515 5175 2631 5229 haec
2662 5183 2787 5229 sunt
2822 5174 2886 5226 ad
2910 5172 3305 5235 declarandum
3330 5171 3575 5229 animum

2009 5284 2221 5334 eorum,
2257 5268 2402 5337 quod
2426 5282 2534 5321 non
2562 5266 2884 5337 indaganda:
2903 5266 3152 5322 veritatis
3181 5264 3387 5327 studio,
3413 5279 3576 5333 quam

2011 5364 2067 5416 in
2105 5362 2355 5416 manibus
2388 5344 2650 5417 hdhentes
2710 5358 3028 5430 prodidere,
3088 5357 3144 5411 in
3217 5371 3388 5409 unum
3450 5372 3575 5412 cum

2016 5454 2228 5507 Latinis
2256 5466 2572 5507 convenere
2597 5452 2814 5518 locum;
2849 5450 2944 5506 sed
2972 5449 3254 5503 voluntate
3282 5448 3580 5517 expiscan-

2017 5547 2070 5600 di
2108 5558 2327 5612 aurum,
2360 5552 2417 5599 et
2443 5543 2648 5609 fictam,
2684 5559 2790 5599 nou
2824 5556 3009 5598 veram
3070 5539 3331 5595 unionem
3397 5544 3584 5599 conci-

2022 5637 2187 5691 liandi
2214 5636 2237 5689 ?
