3998 6464
455 291 549 355 1‘31

1135 401 1331 477 ause.

533 497 688 565 Quod
730 511 858 577 .nos
935 494 1220 557 veritatem
1279 496 1606 566 indagantes
1669 498 1875 568 potius,
1921 514 2017 570 per

457 605 576 648 eam
618 588 896 660 conjuncti
929 586 1199 641 fuerimus
1233 600 1359 643 cum
1384 586 1613 655 Latinis,
1655 598 1871 645 constat
1906 589 2019 656 pla-

459 697 525 738 ne
554 682 833 745 omnibus,
870 680 964 749 qui
1000 680 1384 735 contentiones
1448 694 1558 734 non
1595 690 1785 735 amant
1824 700 1837 735 :
1892 695 2015 733 nam

457 777 700 831 veritatis
732 773 1020 843 inquisitio
1055 789 1149 844 per
1190 782 1507 828 sanctorum
1566 774 1896 843 theologiam
1923 777 2019 828 ba-

454 870 560 923 bita
597 874 842 930 est,non
903 873 961 920 ut
989 867 1107 934 ipse
1163 866 1262 923 ait,
1317 866 1462 932 quod
1523 873 1579 920 et
1627 864 1802 935 ipsam
1855 880 2016 934 quam

453 959 813 1020 habebamus,
843 959 1126 1011 Veritatem
1157 958 1584 1022 prodiderimus.
1621 956 1878 1026 Alioquin
1917 958 2019 1011 hoc

451 1050 598 1105 idem
629 1049 701 1105 de
742 1050 938 1118 quavis
983 1048 1311 1102 mtumenica
1382 1049 1592 1118 synodo
1636 1047 1747 1104 dici
1812 1059 2017 1117 posset,

452 1142 642 1198 relicta
662 1141 917 1196 videlicet
946 1142 1114 1210 prima
1140 1139 1270 1209 (ide,
1298 1141 1461 1195 aliam
1481 1156 1603 1198 esse
1626 1138 1781 1199 abiis
1795 1142 2016 1197 editam.

451 1232 655 1289 Verum
685 1234 792 1289 hoc
827 1247 1093 1301 nusquam
1145 1235 1413 1301 scriptum
1466 1242 1571 1297 est,
1632 1234 1779 1304 quod
1836 1234 2021 1303 expla-

453 1325 636 1379 nando
665 1339 865 1378 novam
889 1323 1051 1378 ﬁdem
1107 1322 1426 1378 conderent.
1492 1323 1667 1394 Hujus
1729 1325 1808 1381 rei
1863 1324 2022 1379 testis

454 1413 558 1467 erit
583 1423 640 1467 et
672 1422 897 1469 sanctus
918 1411 1187 1469 Maximus
1236 1412 1295 1468 in
1321 1413 1415 1468 illo
1446 1422 1704 1481 tractatu,
1741 1414 1900 1485 cujus
1926 1429 2027 1469 an-

459 1514 544 1558 tea
580 1504 910 1558 mentionem
936 1502 1190 1559 fecimus.
1210 1502 1328 1571 Qua
1356 1504 1528 1570 enim,
1557 1504 1751 1575 inquit.
1783 1506 2019 1571 ratione,

454 1602 510 1650 et
540 1610 649 1664 quo
678 1604 838 1665 pacto
887 1604 1134 1650 sanctam
1174 1595 1676 1659 Cbalcedonensem
1726 1598 2019 1667 synodum,

455 1701 583 1742 cum
608 1687 702 1741 illa
733 1688 960 1743 Patrum
996 1687 1219 1742 vocibus
1245 1696 1434 1756 aperte
1469 1703 1565 1742 usa
1597 1688 1690 1751 sit,
1750 1689 2018 1742 crimina-

1335 287 1715 347 GREGCRII
1758 286 2059 349 ΜΑΜΜίΕ
2090 284 2200 346 CP.
2245 282 2748 343 PATRIARCIHS

3589 282 3691 350 132

2800 402 3009 459 ΑΠΟΛ.

2193 496 2316 550 Ὀτι
2364 495 2466 567 μὶν
2505 488 2599 549 οὖν
2630 494 2891 564 ἀληθείας
2932 496 3162 566 ἔρευναν
3195 497 3510 567 ποιούμενοι
3545 500 3687 568 μᾶλ-

2117 587 2228 652 λον,
2260 587 2351 642 διὰ
2386 586 2591 657 ταύτης
2630 586 2883 649 Λατίνοις
2922 584 3235 657 ήνώθημεν,
3286 587 3555 656 πρόδηλον
3592 590 3690 641 καὶ

2120 681 2352 750 φανερὸν
2381 682 2494 742 τοῖς
2540 680 2614 751 μὴ
2658 679 2988 748 φιλονεικεῖν
3018 679 3283 733 ἐθέλουσι·
3323 680 3413 734 διὰ
3450 680 3560 749 γὰρ
3589 680 3687 749 τῆς

2118 773 2228 825 τῶν
2256 771 2427 839 ἁγίων
2470 772 2753 839 Θεολογίας
2794 772 2826 841 ἡ
2860 770 3059 843 ἔρευνα
3089 772 3305 840 γέγονε,
3347 773 3441 827 καὶ
3488 773 3586 843 οὐχ
3612 772 3691 836 ὼς

2120 865 2281 926 αὑτός
2335 881 2523 934 φησιν,
2578 864 2659 917 ὅτι
2707 862 3131 932 προδεδώκαμεν
3179 867 3276 918 καὶ
3323 865 3392 935 ἦν
3440 864 3684 934 εἰχομενο

2119 958 2279 1011 τοῦτο
2308 957 2416 1024 γὰρ
2442 957 2533 1009 καὶ
2560 956 2654 1009 ἑοῖ-εἰ⁸
2682 958 2864 1028 πάσης
2898 959 3288 1027 οἰκουμενικῆς
3319 959 3541 1011 συνόδου
3566 959 3685 1015 ἑλέ·

2120 1065 2249 1117 γετο
2280 1049 2369 1110 ἂν,
2401 1050 2484 1101 ὅτι
2529 1049 2627 1118 τὴν
2677 1049 2904 1120 πρώτην
2953 1050 3137 1104 πίστιν
3173 1051 3457 1115 ἐάσαντες,
3490 1049 3689 1119 ἑτέραν

2125 1140 2302 1210 ἔσχον.
2346 1140 2487 1194 Ἀλλ’
2519 1140 2756 1210 οὐδαμοῦ
2791 1140 2949 1194 τοῦτο
2990 1140 3323 1211 γέγραπται,
3354 1142 3438 1194 ὅτι
3468 1140 3557 1194 διὰ
3585 1142 3688 1210 τῆς

2123 1230 2481 1297 ἔξαπλὼσεως
2509 1232 2700 1301 ἑτέραν
2728 1232 2911 1284 πίστιν
2942 1232 3120 1301 ἔσχον.
3147 1233 3502 1304 Μαρτυρήσει
3529 1232 3691 1288 τοῦτο

2123 1321 2216 1373 καὶ
2248 1324 2276 1375 ό
2319 1324 2375 1373 ἐν
2409 1324 2585 1390 ἁγίοις
2631 1321 2881 1392 Μάξιμος
2930 1323 2989 1376 tv
3037 1323 3116 1393 τῷ
3145 1325 3689 1394 προμνημονευθέντι

2121 1413 2267 1482 λόγῳ
2311 1414 2502 1467 αὑτοῦ·
2535 1415 2671 1485 φησί
2705 1414 2836 1484 γάρ·
2870 1413 3165 1486 Τίνιδγῳ
3207 1416 3304 1469 καὶ
3334 1417 3453 1480 πῶς
3491 1415 3591 1487 τὴν
3630 1423 3692 1471 ιν

2124 1502 2430 1572 Καλχηδόνι
2456 1504 2620 1571 ἁγίαν
2663 1505 2904 1569 σύνοδον,
2935 1504 3117 1559 καίτοι
3166 1508 3463 1577 πατρικαῖς
3490 1508 3691 1577 προδὴο

2122 1594 2227 1655 λως
2258 1596 2724 1665 ἀποχρησαμένην
2753 1600 2978 1667 φωναῖς,
3008 1599 3279 1660 αἰτιᾶσθε,
3310 1598 3410 1652 καὶ
3434 1601 3507 1661 ὡς
3530 1601 3694 1654 ἄλλον

2126 1686 2361 1747 πίστεως
2398 1688 2523 1755 ὅρον
2557 1688 2910 1755 εἰσάγουσαν,
2940 1688 3068 1758 τῇδε
3111 1690 3337 1743 κάκεῖσε
3367 1693 3459 1744 καὶ
3487 1691 3691 1761 ίγγρίο

458 1776 632 1833 mini?
660 1786 713 1831 et
740 1776 899 1846 quasi
920 1792 1116 1837 novam
1149 1777 1266 1831 lidei
1298 1777 1679 1832 deﬁnitionem
1753 1778 2018 1835 condide—

2131 1795 2240 1845 φως
2279 1780 2372 1831 καὶ
2420 1779 2683 1848 ἀγράφως
2723 1781 3107 1853 διαλοιδορεῦτε
3139 1784 3233 1836 καὶ
3270 1782 3691 1849 διασκώπτετις

455 1869 552 1934 rit,
591 1872 793 1939 passim
824 1870 1088 1924 conviciis
1134 1869 1280 1923 illam
1314 1877 1423 1923 tum
1450 1868 1695 1938 scriptis,
1767 1879 1879 1924 tum
1933 1868 2023 1924 di-

456 1965 561 2019 ctis
589 1962 938 2033 proscinditis
961 1963 983 2016 ?
1003 1960 1205 2025 Nolite,
1263 1963 1439 2031 inquit
1468 1963 1752 2027 Dominus,
1774 1962 2025 2029 judicare

454 2057 737 2112 secundum
767 2055 978 2124 facian,
1023 2055 1114 2110 sed
1134 2055 1349 2124 justum
1380 2056 1646 2123 judicium
1676 2054 1920 2122 judicate
1949 2055 2017 2110 “.

455 2148 566 2203 Cur
596 2149 649 2203 in
675 2162 784 2201 una
815 2146 1119 2215 eademque
1149 2145 1376 2198 materia
1408 2144 1476 2198 de
1511 2143 1769 2198 Patrlbus
1826 2145 2023 2214 synodi

456 2237 922 2294 Chalcedonensis
968 2234 1393 2304 conqueritnini,
1424 2243 1480 2289 et
1521 2234 1864 2305 antiquiores
1923 2236 2027 2292 hoc

456 2331 826 2403 ipsocrimiue
852 2328 1135 2387 liberatis!
1183 2326 1318 2382 Nam
1358 2328 1404 2381 si
1439 2327 1570 2381 licet
1599 2342 1864 2389 accusare
1919 2330 2026 2385 Pa-

459 2437 574 2482 tres
600 2423 1074 2481 Chalcedonensis
1116 2422 1360 2486 concilii,
1387 2431 1447 2477 ut
1478 2420 1642 2477 aliam
1704 2420 1829 2475 tldci
1887 2420 2025 2477 deli—

451 2521 723 2576 nitionem
748 2516 1179 2588 promulgantcs,
1204 2531 1272 2570 eo
1294 2514 1438 2585 quod
1468 2529 1630 2570 voces
1652 2515 2027 2582 adltihuerint,

453 2626 580 2682 quae
613 2626 722 2669 non
750 2610 1023 2667 habentur
1053 2608 1109 2663 in
1170 2608 1495 2664 deﬁnitione
1521 2608 1738 2671 Patrum
1776 2608 2029 2663 Niceno.

455 2722 578 2762 rum
617 2721 634 2770 ;
664 2708 918 2774 sequitur
937 2704 1187 2769 omnino,
1219 2713 1280 2758 ut
1333 2705 1438 2759 boc
1499 2703 1642 2760 idem
1676 2702 1747 2759 ob
1779 2704 2027 2765 eamdem

462 2813 686 2854 causam
730 2798 837 2853 dici
876 2797 1055 2868 possit
1094 2805 1151 2852 et
1182 2804 1375 2853 contra
1408 2794 1695 2867 Cyrillum,
1734 2804 1791 2851 et
1834 2805 2027 2851 contra

456 2898 676 2945 centum
711 2890 1109 2959 quinquaginta
1144 2888 1335 2945 Patres
1369 2905 1385 2942 :
1421 2889 1517 2943 sed
1550 2888 1597 2945 si
1657 2887 1722 2944 de
1755 2887 1864 2944 illis
1925 2888 2029 2943 hoc

454 2980 564 3036 dici
599 2996 707 3037 non
736 2980 888 3047 licet,
926 2995 1037 3035 non
1070 2979 1229 3035 video
1250 2995 1352 3035 cur
1380 2979 1541 3034 liceat
1564 2979 1630 3035 de
1656 2978 1761 3035 hac
1792 2980 2024 3051 synodo.

458 3073 613 3140 Quod
649 3073 817 3144 igitur
850 3080 1109 3142 paternas
1145 3073 1316 3128 secuti
1347 3085 1530 3135 voces,
1582 3085 1677 3140 per
1708 3085 1802 3125 sas
1860 3071 2024 3127 unio-

456 3185 580 3226 nem
613 3167 1027 3238 perfecerimus.
1052 3165 1163 3235 jam
1214 3164 1657 3219 demonstratum
1687 3170 1773 3217 est
1802 3180 1817 3215 :
1853 3162 2026 3218 idcir-

453 3277 523 3316 co
553 3275 656 3315 nec
686 3260 811 3330 jure
845 3274 948 3314 nos
972 3257 1276 3319 insimulat,
1320 3256 1465 3326 quod
1502 3253 1816 3321 veritatem,
1845 3270 1968 3325 quae
1997 3270 2028 3313 a

464 3352 628 3408 nobis
661 3359 801 3416 erat,
839 3349 1267 3420 prodiderimus.
1298 3345 1408 3402 Sed
1437 3360 1620 3416 neque
1641 3360 1778 3401 auro
1808 3346 2029 3402 inhian-

456 3453 543 3501 tes
578 3445 839 3499 unionem
881 3441 1218 3499 coniecimus
1244 3453 1403 3505 ;nam
1422 3446 1478 3495 et
1504 3440 1623 3508 ipse
1643 3453 1800 3507 mque
1836 3454 1902 3495 ac
1924 3455 2025 3496 nos

456 3536 764 3592 constituta
791 3533 997 3590 salaria
1052 3529 1325 3595 sumebat,
1365 3540 1423 3587 et
1488 3544 1777 3585 nummum
1832 3542 2028 3585 aureo-

457 3644 580 3683 rum
606 3640 806 3698 expers
835 3640 945 3681 non
970 3634 1093 3681 erat
1117 3642 1131 3678 :
1165 3624 1299 3694 quin
1331 3624 1496 3679 etiam
1528 3623 1596 3678 de
1618 3622 1878 3692 pecunia,
1903 3635 2026 3691 qua

456 3719 565 3772 buc
596 3718 763 3771 missa
794 3725 912 3770 erat
946 3715 1013 3770 ad
1046 3724 1418 3769 commeatum
1470 3711 1865 3783 navigationis,
1922 3724 2025 3767 nec

460 3823 568 3861 non
603 3805 866 3872 Venetiis,
922 3815 977 3862 et
1012 3812 1297 3860 menstrua
1354 3820 1475 3873 quae
1525 3805 1799 3859 dabantur
1860 3801 2022 3868 inibi,

458 3900 715 3957 similiter
751 3907 806 3953 et
838 3899 956 3969 ipse
996 3896 1324 3966 accipiebat.
1354 3893 1551 3953 Nescio
1573 3910 1762 3966 porro,
1797 3909 1867 3951 an
1894 3894 2024 3963 quia

456 3992 637 4047 sancti
670 3990 902 4063 Eugenii
923 3988 1240 4060 depinxerit
1270 3989 1585 4058 imaginem,
1635 3996 1693 4043 ut
1724 4002 1844 4042 eam
1873 4001 2024 4057 papa:

454 4084 713 4147 ullerret,
767 4090 821 4136 et
880 4094 1192 4135 sermonem
1257 4077 1327 4133 ad
1390 4093 1516 4134 eum
1579 4075 1895 4148 scripserit,
1964 4077 2019 4131 in

2126 1873 2223 1939 Μὴ
2257 1873 2387 1925 κατ’
2413 1873 2560 1941 ὄψιν
2581 1876 2844 1942 κρίνητε,
2875 1876 2964 1928 διὰ
2991 1877 3083 1930 τὸν
3104 1878 3329 1932 είπόντα
3354 1878 3506 1945 Θεὸν,
3531 1879 3697 1935 duo

2128 1964 2242 2031 τὴν
2270 1964 2511 2018 δικαίαν
2545 1966 2751 2033 κρίσιν
2776 1968 3037 2035 κρίνατε.
3072 1968 3168 2031 Τίς
3208 1968 3240 2037 ἡ
3275 1971 3367 2022 ἐπὶ
3394 1969 3492 2039 τῆς
3521 1970 3696 2039 αδτῆς

2128 2055 2223 2107 καὶ
2278 2056 2406 2124 μιᾶς
2457 2055 2765 2122 ὑποθέσεως
2815 2058 2924 2110 τῶν
2973 2059 3031 2112 ὲν
3082 2059 3386 2131 Καλχηδόνι
3433 2063 3698 2129 Πατίρων

2127 2144 2386 2214 ιγκλησις
2420 2147 2595 2215 ὑμῶν,
2628 2149 2722 2201 καὶ
2767 2149 2852 2213 τίς
2894 2151 2929 2218 ἡ
2964 2149 3075 2205 τῶν
3114 2151 3501 2222 προλαϐόντων
3529 2155 3696 2227 ἁνὰῥο

2130 2238 2321 2307 ῥησιςς
2360 2238 2420 2290 Εἰ
2463 2239 2574 2309 γάρ
2604 2239 2723 2293 ἐστι
2766 2241 2909 2294 κατὰ
2956 2242 3053 2313 τῆς
3103 2243 3497 2315 Καλχηδονέων
3532 2245 3696 2301 ἄλλον

2128 2330 2408 2383 αἰτιᾶσθαι
2439 2332 2680 2396 πίστεως
2709 2333 2837 2403 ὅρον
2860 2333 2950 2389 διὰ
2979 2335 3076 2399 τὰς
3116 2337 3219 2390 οὐκ
3261 2339 3585 2408 ἔγκειμινας
3614 2339 3696 2409 τῷ

2127 2422 2238 2493 ὅρῳ
2281 2422 2379 2491 τῆς
2420 2422 2675 2478 Νικαίων
2718 2425 2925 2495 φωνὰς,
2967 2427 3127 2483 τοῦτό
3158 2445 3223 2498 γε
3253 2431 3473 2496 πάντως
3503 2432 3697 2502 ἱψοται

2125 2517 2309 2584 λέγειν
2333 2518 2421 2571 διὰ
2444 2517 2545 2589 τὴν
2577 2517 2748 2589 αὐτὴν
2778 2518 2962 2574 αἰτίαν
2995 2519 3087 2573 καὶ
3120 2521 3263 2573 κατὰ
3295 2521 3567 2592 Κυρίλλου
3601 2523 3698 2575 καὶ

2126 2608 2270 2664 κατὰ
2294 2609 2403 2661 τῶν
2436 2609 2630 2663 ἑκατὸν
2665 2610 3027 2679 πεντήκοντα·
3064 2612 3113 2665 εἰ
3142 2610 3201 2664 δὶ
3230 2611 3351 2665 κατ’
3384 2613 3566 2666 αὐτῶν
3591 2613 3695 2668 οὐκ

2130 2700 2267 2765 εστι,
2298 2700 2413 2762 πῶς
2459 2698 2579 2753 κατ’
2606 2699 2845 2770 ὲκείνης,
2884 2700 3119 2753 συνιδεῖν
3148 2701 3247 2754 οὐκ
3277 2702 3404 2772 Ξχω.
3430 2702 3555 2756 Ὀτι
3603 2700 3700 2758 οὖν

2130 2796 2421 2863 πατρικαῖς
2455 2793 2713 2863 ἑπόμενοι
2742 2796 2971 2862 φωναῖς,
2994 2792 3083 2847 διὰ
3127 2795 3332 2848 τούτων
3367 2796 3465 2865 τὴν
3497 2796 3697 2850 ἕνωσιν

2130 2885 2518 2955 πεποιήκαμεν
2564 2885 2964 2938 ἁποδέδεικταιυ
2998 2885 3080 2938 διὸ
3124 2886 3245 2937 οὐδὲ
3276 2886 3501 2951 δικαίως
3534 2892 3703 2956 ίγκαο

2128 2975 2231 3037 λεί,
2257 2977 2340 3029 ότι
2372 2976 2441 3046 ἢν
2476 2976 2697 3045 εἴχομεν
2725 2976 3171 3044 προδεδώκαμεν⁸
3203 2976 3318 3029 ἀλλ’
3353 2979 3474 3033 οὐδὲ
3505 2998 3704 3048 χρυσον

2134 3069 2332 3140 χοῆσαι
2376 3067 2694 3136 βουλόμενοι
2745 3068 2845 3136 τὴν
2893 3068 3090 3120 ενωσιν
3143 3070 3550 3138 πεποιήκαμεν
3607 3076 3703 3127 καὶ

2134 3162 2243 3230 γὰρ
2266 3158 2359 3212 καὶ
2384 3157 2546 3220 αὐτὸς
2568 3157 2769 3226 όμοίως
2801 3159 2933 3227 ἡμῖν
2955 3157 3017 3210 τὸ
3046 3160 3380 3229 τεταγμένον
3406 3162 3703 3230 ἐλάμϐανε,

2134 3249 2231 3303 καὶ
2259 3246 2367 3302 τῶν
2398 3248 2671 3317 χρυσίνων
2698 3248 2988 3319 στατήρων
3017 3246 3118 3303 οὐκ
3144 3249 3413 3320 ἁμιτοχος
3446 3246 3538 3330 ᾖνο
3566 3252 3705 3309 ἀλλὰ

2134 3341 2227 3395 καὶ
2256 3341 2321 3394 ix
2349 3340 2459 3393 τῶν
2490 3338 2796 3394 σταλέντων
2828 3339 3069 3394 ἐνταῦθα
3100 3341 3171 3396 δι’
3194 3343 3381 3413 ἐφόδια
3414 3345 3509 3399 τοῦ
3543 3344 3704 3414 πλοῦ,

2134 3433 2229 3487 καὶ
2280 3435 2339 3486 ἐν
2386 3434 2449 3503 τῇ
2487 3432 2731 3505 Βενττία,
2778 3424 2874 3491 καὶ
2917 3433 2982 3487 τὸ
3024 3436 3168 3490 κατὰ
3226 3435 3375 3506 μῆνα
3426 3437 3705 3508 διδόμενον

2133 3526 2340 3593 ἐκεῖσε,
2372 3526 2577 3596 ὁμοίως
2605 3526 2937 3597 ἐλάμϐανεν.
2970 3528 3088 3581 Ούκ
3130 3526 3357 3598 οἴδαμεν
3380 3529 3460 3595 δὲ,
3490 3532 3539 3583 εἰ
3570 3531 3705 3586 διότι

2130 3618 2222 3671 τὸν
2251 3617 2421 3686 ἁγιον.
2444 3616 2704 3686 Εὐγένιον
2730 3620 3039 3690 ἱστόρησεν,
3067 3620 3153 3673 ἵνα
3185 3618 3334 3692 δώσει
3363 3620 3441 3691 τῷ
3475 3622 3700 3694 πάππα,

2130 3710 2225 3761 καὶ
2253 3711 2335 3761 ὅτι
2377 3711 2834 3779 προσφωνητικὸν
2884 3711 3096 3783 ἔγραψε
3140 3713 3276 3783 πρὸς
3309 3717 3540 3782 ἐκεῖνον,
3569 3718 3709 3786 γρά-

2132 3815 2250 3867 φων
2280 3801 2373 3853 καὶ
2408 3799 2586 3853 τοῦτο·
2622 3802 2801 3873 Πάτερ
2842 3802 3120 3873 ’Λϐραὰμ,
3149 3803 3353 3874 ιπαρον
3385 3806 3483 3869 τὰς
3514 3807 3707 3877 χεῖράς

2132 3909 2253 3954 σου,
2297 3891 2394 3945 καί.
2426 3894 2726 3963 εὐλόγησαν
2751 3897 2820 3947 τὰ
2849 3894 3016 3950 τέκνα
3057 3914 3152 3950 σου
3179 3896 3387 3967 ἥκοντα
3419 3898 3482 3964 ἑξ
3516 3900 3657 3971 ἑῴας
3687 3918 3703 3934 ·

2131 3988 2227 4045 καὶ
2280 3984 2356 4055 μὴ
2403 3984 2585 4037 λαϐὼν
2614 3987 2965 4058 ἀντιμισθίαν
3000 3989 3227 4059 τούτων,
3260 3993 3396 4062 μηδὲ
3440 4009 3705 4064 χρυσοχο-

2131 4079 2292 4147 ήσας,
2324 4078 2391 4131 τὰ
2424 4079 2650 4133 τοιαῦτα
2684 4081 2994 4148 ἐρεύγεται.

454 4193 565 4245 quo
595 4187 793 4244 praeter
850 4175 955 4230 alia
1037 4174 1301 4230 dicebat:
1362 4171 1522 4228 Pater
1563 4173 1887 4234 Abraham,
1938 4170 2090 4225 eleva
2131 4187 2328 4237 manus
2386 4184 2529 4237 tuas,
2596 4184 2651 4229 et
2703 4176 2932 4231 benedic
2989 4178 3112 4232 [iliis
3168 4177 3302 4243 tuis,
3344 4179 3435 4251 qui
3485 4179 3580 4234 tibi
3640 4179 3710 4235 ab

452 4270 666 4321 oriente
698 4267 973 4331 veniunt;
1003 4278 1060 4321 et
1108 4268 1246 4322 nihil
1276 4284 1343 4322 ex
1378 4282 1443 4323 eo
1479 4266 1753 4323 mercedis
1796 4264 2075 4332 habuerit,
2116 4282 2217 4323 nec
2253 4283 2447 4323 aurum
2510 4271 2823 4340 expiscatus
2889 4271 3106 4340 fuerit;
3144 4274 3464 4344 hujusmodi
3537 4276 3706 4331 verba

456 4369 688 4419 eructet.

1185 4457 1427 4515 EPHES.

535 4551 641 4607 Sed
674 4550 1135 4622 quemadmodum
1169 4565 1293 4605 cum
1349 4551 1459 4607 illis
1497 4551 1778 4620 conjuncti
1806 4550 2028 4616 fuerint,

459 4645 943 4703 considerandum.
966 4644 1103 4701 Nam
1128 4660 1291 4700 omne
1313 4647 1456 4716 quod
1501 4662 1625 4701 cum
1663 4646 1771 4700 alio
1794 4646 2028 4714 conjun-

459 4743 628 4812 gitur,
665 4754 764 4811 per
798 4738 1021 4809 aliquod
1050 4746 1202 4794 certe
1232 4738 1472 4794 medium
1495 4739 1702 4793 unitur.
1740 4738 1897 4806 Quod
1925 4737 2023 4806 igi-

464 4841 550 4884 tur
580 4827 646 4882 ad
678 4829 1007 4883 sententiam
1037 4827 1102 4883 de
1126 4827 1333 4898 Spiritu
1386 4841 1582 4884 sancto
1631 4829 1852 4892 attinet,
1922 4826 2029 4881 visi

464 4935 593 4975 sunt
619 4919 729 4975 illis
761 4920 1046 4991 conjungi,
1081 4906 1394 4978 sancientes
1428 4923 1580 4976 illum
1610 4938 1640 4977 a
1662 4921 1800 4977 Filio
1861 4921 2029 4977 etiam

461 5027 617 5068 sitam
647 5013 1058 5068 subslstentiam
1096 5012 1334 5080 habere;
1370 5022 1427 5068 at
1454 5025 1656 5071 caetera
1694 5013 1883 5069 omnia
1929 5011 2035 5066 dii-

458 5104 667 5171 l'ernnt,
702 5118 805 5159 nec
836 5113 919 5160 est
950 5105 1093 5160 inter
1123 5119 1221 5161 eos
1242 5105 1539 5178 quidquam
1567 5121 1764 5172 unum,
1794 5113 1891 5159 aut
1916 5117 2030 5158 me-

458 5197 631 5261 dium,
667 5205 761 5251 aut
783 5210 1097 5252 commune.

1134 5288 1336 5345 RESP.

524 5377 637 5435 Nos
678 5380 858 5436 medio
881 5380 947 5437 ad
977 5381 1241 5438 unionem
1265 5382 1348 5438 usi
1376 5397 1568 5439 sumus
1600 5384 1872 5455 theologia
1899 5400 2026 5440 san-

458 5480 698 5536 ctorum,
731 5485 844 5527 non
871 5471 1066 5528 relicto
1088 5486 1175 5539 eo,
1210 5473 1355 5542 quod
1387 5481 1547 5527 antea
1586 5475 1936 5540 tenebamus,
1971 5484 2029 5530 ut

458 5558 566 5629 jam
593 5562 727 5616 satis
768 5564 904 5619 bene
964 5563 1369 5633 perspicueque
1418 5562 1858 5619 demonstratum
1919 5572 2025 5619 est.

569 5737 613 5772 “
638 5738 797 5800 Joan.
821 5755 918 5807 ru,
958 5739 1049 5795 24.

2828 4458 3014 4512 ΕΦΕΣ.

2201 4553 2337 4607 Τίνα
2356 4553 2411 4607 δὲ
2436 4552 2532 4605 καὶ
2554 4551 2756 4620 τρόπον
2780 4550 2969 4613 αὐτοῖς
2991 4549 3302 4620 ἠνώθησαν,
3326 4555 3708 4609 ἐπισκεπτέον.

2133 4644 2249 4697 Πᾶν
2298 4645 2407 4712 γὰρ
2458 4642 2521 4694 τὸ
2565 4640 2738 4711 ἑτέρῳ
2788 4640 3079 4711 ἑνούμενον
3108 4639 3176 4693 δι’
3206 4642 3323 4704 ἑνός
3351 4657 3497 4703 τινος
3538 4644 3711 4713 μέσου

2134 4737 2350 4799 πάντως
2381 4734 2617 4789 ἑνοῦται.
2650 4735 2727 4804 Τῇ
2756 4734 2859 4805 μὲν
2889 4728 2983 4787 οὖν
3012 4733 3138 4804 δόξῃ
3162 4736 3230 4805 τῇ
3262 4734 3393 4805 περὶ
3419 4733 3516 4788 τοῦ
3544 4735 3709 4803 ἁγίου

2134 4825 2458 4896 Πνεύματος
2502 4823 2690 4889 ἔδοξαν
2726 4821 2997 4892 ἑνωθῆναι
3047 4826 3145 4877 σὺν
3191 4823 3399 4889 αύτοῐς,
3428 4824 3713 4893 ἀποφηνά-

2138 4936 2291 4991 μενοι
2325 4919 2419 4973 καὶ
2446 4917 2509 4970 ἐκ
2538 4916 2631 4969 τοῦ
2660 4914 2787 4967 Υἰοῦ
2832 4914 2993 4967 τοῦτο
3032 4914 3179 4984 ἔχειν
3212 4914 3313 4985 τὴν
3352 4912 3610 4984 ὕπαρξιν·
3639 4914 3713 4969 τὰ

2135 5007 2180 5060 δ’
2208 5007 2345 5062 ἄλλα
2398 5007 2579 5059 πάντα
2633 5005 2891 5075 διάφορα,
2928 5007 3025 5058 καὶ
3056 5004 3210 5058 οὐδὲν
3265 5008 3325 5058 ιν
3380 5005 3565 5069 αὐτοῖς
3627 5004 3708 5071 ἓν,

2133 5102 2257 5155 οὐδὲ
2291 5100 2481 5172 μέσον,
2512 5100 2632 5154 οὐδὲ
2664 5101 2861 5154 κοινόν.

2814 5279 3021 5334 ΑΠΟΛ.

2217 5376 2410 5444 Ἡμεῖς
2455 5346 2749 5442 διὰίμέσου
2779 5369 3070 5440 ἡνώθημεν
3100 5371 3197 5441 τῆς
3240 5371 3351 5424 τῶν
3389 5369 3561 5438 ἁγίων
3593 5366 3720 5423 θεο-

2134 5468 2343 5536 λογίας,
2390 5466 2453 5519 ού
2488 5464 2882 5528 καταλιπόντες
2924 5467 2990 5535 ἠν
3031 5464 3252 5535 εἴχομεν
3304 5463 3592 5534 πρότερον,
3631 5460 3715 5524 ὡς

2136 5558 2624 5630 προαποδέδεικται
2671 5557 2815 5629 μάλα
2851 5557 3031 5622 καλῶς
3067 5559 3162 5613 καὶ
3195 5555 3531 5629 περιφανῶςο
3566 5554 3719 5608 κατὰ
