3998 6464
301 292 400 355 133

1532 282 1835 342 CONTRA
1872 278 2307 341 EPIIESIUM.

3447 279 3547 342 134

296 406 403 473 γὰρ
430 403 496 457 τὰ
529 402 736 458 ἄνωθεν
767 403 1036 474 εἰρημένα
1069 402 1219 471 παρᾶ
1250 400 1359 454 τῶν
1388 400 1663 469 θεοφόρων
1697 396 1869 450 Πατέ-

1975 390 2110 446 Nam
2142 392 2300 459 juxta
2331 407 2497 462 supra
2554 394 2753 451 citatas
2799 396 3102 453 sententias
3151 395 3371 450 Patrum
3434 399 3545 453 Dco

303 511 412 564 ρων
446 495 555 548 πᾶν
603 494 663 545 τὸ
690 493 1092 563 ἑξαπλούμενον
1121 494 1216 546 καὶ
1242 489 1743 560 ὲπεξεργαζόμενον
1767 487 1868 541 οὑκ

302 587 601 656 ἀνατρέπει
647 586 711 638 τὸ
742 585 981 655 πρῶτον.
1022 585 1121 638 οὐκ
1148 583 1368 647 ἀλλοιοῖ,
1403 581 1519 636 ἀλλ’
1550 577 1658 633 οὐδ’
1684 582 1866 649 ἀμαυ-

307 680 393 748 ροῖ
426 678 532 731 οὐδ’
570 676 846 745 ἀφανίζει,
886 676 1019 730 ἀλλὰ
1064 675 1264 745 μᾶλλον
1309 674 1594 742 συνίστησι
1630 672 1725 726 καὶ
1756 670 1870 722 δια-

301 773 510 841 τρανοῖ,
540 772 635 824 καὶ⁸
668 768 1046 841 φανερώτερον
1070 766 1549 837 καθίστησιν.’οτι
1575 765 1631 817 δὲ
1666 764 1869 834 ἀληθὴς

298 862 330 930 ἠ
359 863 486 930 περὶ
512 858 611 913 τοῦ
640 861 800 928 ἁγίου
831 858 1147 929 ιινεύματος
1175 857 1300 922 δόξα
1326 858 1359 927 ή
1387 858 1480 909 καὶ
1504 857 1567 907 ἐκ
1589 853 1684 908 τοῦ
1711 851 1866 917 Υίοῦ,

296 952 812 1021 προαποδέδεικται,
852 951 934 1004 ὅτι
966 951 1075 1004 τῶν
1113 950 1399 1019 μακαρίων
1428 947 1691 1017 Πατέρων
1722 945 1868 998 ἐστὶν

296 1044 331 1115 ή
368 1044 519 1113 φωνὴ
569 1043 730 1114 αὕτη.
781 1044 1074 1110 Μεσότητα
1127 1042 1181 1094 δὲ
1219 1040 1329 1094 οὐδ’
1374 1039 1511 1102 ὅλως
1562 1041 1868 1107 ὲνοήσαμιν

296 1135 486 1204 ἀλλην,
524 1138 571 1189 si
623 1136 699 1204 μή
760 1136 863 1202 τὴν
915 1133 1197 1202 ἀλήθειαν,
1247 1134 1313 1202 ἢν
1350 1134 1445 1184 καὶ
1492 1130 1791 1202 Γρηγόριος
1841 1131 1868 1182 ό

298 1227 561 1292 Θεολόγος
595 1226 752 1296 φησι·
784 1227 1076 1294 Μεσότητα
1126 1224 1182 1276 δὲ
1230 1223 1359 1276 ὅταν
1412 1223 1572 1285 εἴπω,
1606 1223 1702 1289 τὴν
1739 1220 1871 1289 ἀλή-

300 1319 452 1371 θειαν
480 1317 643 1386 λέγω·
670 1316 765 1372 καί
792 1315 1051 1387 ἀλλαχοῦ·
1089 1314 1279 1383 Ἡμεῖς
1304 1314 1362 1368 δὲ
1398 1314 1497 1385 τὴν
1541 1314 1713 1383 μέσην
1752 1311 1868 1365 ὁδὸν

299 1410 395 1463 καὶ
425 1408 710 1479 βασιλικὴν
756 1408 1089 1478 βαδίζοντες,
1125 1410 1183 1460 ἐν
1304 1406 1396 1458 καὶ
1425 1406 1486 1458 τὸ
1516 1405 1624 1457 τῶν
1659 1404 1868 1474 ἀρετῶν

294 1502 528 1570 ἕστηκεν
577 1500 901 1571 ἀκρότατον.
945 1501 1162 1569 Ταύτην
1224 1500 1392 1570 μόνην
1445 1500 1543 1569 τὴν
1595 1499 1868 1568 μεσότητα

294 1591 391 1644 καὶ
415 1593 579 1662 ἡμεῖς
613 1592 700 1646 ἀεὶ
733 1592 1040 1663 στέργομεν
1073 1592 1299 1663 κυρίως,
1332 1590 1533 1653 εἰδότες
1567 1592 1651 1642 ὅτι
1678 1588 1738 1641 τὸ
1775 1587 1869 1657 μὲ-

296 1697 387 1735 σον
421 1684 540 1737 ἐστὶ
563 1683 661 1738 καὶ
687 1684 949 1750 ὲνούσιον,
983 1685 1051 1737 τὰ
1077 1684 1133 1737 δὲ
1163 1684 1295 1753 παρ’
1320 1683 1558 1751 ἑκάτερα
1580 1678 1674 1733 τοῦ
1702 1680 1867 1751 μέσου

295 1774 463 1829 κακία
507 1774 791 1839 ἁνούσιος·
844 1774 942 1859 καὶ
986 1774 1112 1828 οὔτε
1159 1776 1224 1828 ἑκ
1271 1774 1435 1844 μόνου
1486 1771 1582 1825 τοῦ
1632 1770 1868 1841 Πατρὺς,

294 1866 421 1921 οὔτε
474 1868 582 1940 μὴν
622 1872 690 1921 ὲκ
739 1868 905 1936 μόνου
954 1868 1049 1922 τοῦ
1104 1867 1235 1922 Υίοῦ
1267 1868 1329 1921 τὸ
1376 1867 1597 1936 Πνεῦμα
1623 1866 1683 1918 τὸ
1715 1864 1869 1933 ἅγιον

297 1960 698 2033 ἐκπορεύεσθαι
745 1961 1000 2032 λέγομεν,
1044 1961 1181 2015 ἀλλὰ
1236 1960 1335 2028 τὴν
1382 1960 1556 2028 μέσην
1599 1958 1717 2012 ὁδὸν
1760 1958 1868 2011 τῶν

219 2036 227 2044 ’
300 2054 474 2118 ἁγίων
506 2054 601 2107 καὶ
627 2052 690 2104 ικ
728 2050 822 2105 τοῦ
859 2052 1094 2121 Πατρδς,
1130 2053 1225 2106 καὶ
1261 2051 1320 2115 ἐξ
1350 2050 1505 2115 rios,
1534 2050 1627 2103 καὶ
1657 2049 1747 2103 διὰ
1772 2048 1868 2103 τοῦ

302 2145 454 2199 Υίοῦ.

995 2325 1185 2380 ΕΦΕΣ.

391 2420 549 2474 Ἀλλὰ
570 2419 663 2475 δύο
700 2420 800 2491 μὲν
827 2418 1073 2489 σύμϐολα
1112 2417 1209 2472 καὶ
1238 2415 1674 2488 παρηλλαγμένα
1707 2415 1866 2484 λέγε-

304 2526 392 2565 ται
418 2511 597 2577 πάλιν,
629 2510 818 2582 ὥσπερ
851 2511 947 2566 καὶ
989 2510 1277 2582 πρότερον·
1312 2510 1487 2563 διτταὶ
1530 2509 1588 2563 δὲ
1622 2509 1717 2563 καὶ
1749 2508 1869 2564 διά-

308 2616 465 2670 φοροι
518 2601 855 2674 λειτουργίαι
904 2601 1209 2671 τελοῦνται,
1255 2603 1290 2674 ή
1354 2601 1454 2673 μὲν
1504 2601 1574 2656 δι’
1629 2600 1868 2673 ὶνζύμου

310 2690 517 2761 θυσίας,
545 2694 579 2762 ή
606 2693 662 2747 δὲ
688 2695 757 2749 δι’
787 2694 1024 2766 ἀζύμου.

978 2785 1186 2840 ΔΠΟΔ.

378 2874 485 2929 Δύο
521 2876 620 2947 μὲν
649 2877 892 2947 σύμϐολα
919 2876 1020 2930 οῦκ
1063 2880 1224 2942 εἰσιν,
1264 2877 1388 2931 οὐδὲ
1414 2876 1869 2946 παρηλλαγμένα·

307 2966 367 3019 ἓν
398 2966 504 3039 γάρ
538 2969 653 3021 ἔστι
700 2968 762 3022 τὸ
804 2970 902 3036 τῆς
935 2967 1172 3031 πίστεως
1210 2965 1499 3038 σύμϐολον,
1534 2966 1563 3021 ὃ
1592 2967 1871 3037 ψάλλομεν

1971 484 2289 556 pienorum,
2330 498 2493 539 omne
2516 486 2660 555 quod
2680 489 3007 558 explanatur
3035 498 3088 544 et
3121 488 3283 543 latius
3306 491 3546 560 explica-

1972 585 2061 631 tur
2086 592 2195 632 non
2221 578 2442 641 evertit,
2468 593 2577 633 non
2622 580 2899 645 immutat,
2931 597 3039 636 non
3088 585 3374 644 obscurat,
3438 600 3543 639 non

1973 669 2109 724 tollit
2139 668 2374 737 denique
2413 670 2553 737 quod
2584 670 2735 738 prius
2769 680 2873 735 est,
2906 675 2997 727 sed
3032 676 3321 727 continuat
3356 678 3541 744 potius

1970 768 2024 815 et
2059 760 2320 823 declarat,
2369 759 2777 831 dilucidiusque
2837 765 3141 819 constituit.
3199 765 3332 821 Esse
3379 782 3544 836 porro

1972 866 2158 906 veram
2203 854 2268 905 de
2293 852 2503 921 Spiritu
2534 862 2725 907 sancto
2780 855 3136 920 sententiam,
3171 858 3317 924 quod
3344 874 3372 911 a
3405 856 3543 912 Filio

1969 959 2186 1015 quoque
2216 944 2497 1013 procedat,
2542 943 2652 1013 jam
2708 944 2995 1013 probatum
3022 956 3107 999 est
3141 947 3443 1015 evidenter,
3478 967 3543 1004 eo

1969 1036 2115 1104 quod
2153 1036 2362 1090 scilicet
2401 1037 2516 1090 haec
2548 1051 2650 1089 vox
2683 1051 2710 1088 a
2739 1037 2948 1090 sanctis
2980 1036 3231 1093 Patribus
3259 1044 3543 1111 desumpta

1969 1125 2063 1180 sit.
2101 1126 2335 1181 Medium
2377 1142 2505 1180 vero
2540 1126 2747 1179 nullum
2788 1130 2934 1181 venit
3012 1130 3255 1183 nobisin
3306 1146 3538 1188 mentem

1972 1228 2167 1287 praeter
2196 1217 2477 1273 veritatem
2512 1235 2526 1271 τ
2574 1233 2685 1286 quo
2719 1218 2881 1272 etiam
2903 1219 3199 1290 Gregorius
3227 1221 3540 1294 Theologus

1970 1308 2117 1362 illam
2157 1309 2374 1364 nomine
2401 1320 2559 1364 vocat
2587 1310 2687 1378 (Ι),
2752 1309 3010 1377 Medium,
3066 1313 3263 1382 inquit,
3296 1332 3420 1369 cum
3458 1320 3540 1371 di-

1968 1417 2057 1466 co,
2089 1403 2371 1455 veritatem
2407 1401 2553 1456 dico.
2593 1400 2660 1455 Et
2689 1418 2881 1457 rursus
2909 1402 3035 1457 alibi
3075 1405 3150 1472 t2)
3178 1445 3192 1469 ,
3254 1407 3364 1461 Nos
3388 1424 3537 1473 vero,

1974 1494 2181 1563 inquit,
2216 1493 2388 1548 media
2411 1494 2669 1564 regiaque
2700 1494 2784 1549 via
2810 1496 3143 1562 incedentes,
3167 1497 3220 1551 in
3240 1514 3347 1569 qua
3371 1503 3535 1554 etiam

1969 1586 2259 1642 summitas
2285 1585 2547 1639 virtutum
2574 1586 2853 1641 consistit.
2892 1585 3005 1642 Hoc
3054 1604 3221 1642 unum
3268 1601 3535 1659 perpetuo

1972 1678 2129 1732 nobis
2190 1691 2409 1747 quoque
2472 1676 2709 1732 medium
2768 1678 3054 1748 probatur,
3104 1682 3254 1752 quod
3319 1684 3541 1752 proprie

1978 1767 2210 1832 taleest,
2244 1768 2453 1822 scimus
2504 1767 2650 1822 enim
2711 1769 2949 1824 medium
2980 1786 3104 1827 esse
3169 1788 3281 1826 rem
3342 1782 3539 1829 natura

1977 1869 2345 1925 constantem,
2375 1869 2628 1917 extrema
2652 1877 2779 1919 vero
2813 1863 3039 1930 malum,
3094 1866 3241 1935 quod
3266 1864 3400 1919 nihil
3429 1876 3536 1922 est.

1975 1953 2163 2023 Itaque
2185 1953 2452 2024 Spiritum
2484 1964 2733 2011 sanctum
2784 1970 2962 2026 neque
2992 1972 3058 2011 ex
3080 1958 3197 2011 solo
3233 1957 3414 2025 Patre,
3443 1974 3542 2015 ne-

1977 2062 2082 2117 que
2112 2063 2177 2103 ex
2199 2048 2317 2103 solo
2340 2048 2480 2104 Filio
2502 2052 2801 2119 procedere
2846 2051 3108 2115 dicimus,
3173 2053 3266 2106 sed
3298 2052 3535 2107 mediam

1978 2148 2230 2194 tenentes
2261 2151 2581 2196 sanctorum
2611 2143 2778 2207 viam,
2818 2141 3050 2198 fatemur
3074 2150 3132 2197 et
3156 2158 3220 2197 ex
3250 2143 3430 2210 Patre,
3487 2152 3544 2198 et

1974 2243 2038 2286 ex
2064 2228 2223 2296 Filio,
2257 2230 2372 2285 sive
2402 2246 2498 2302 per
2524 2232 2747 2289 Filium.

2638 2325 2880 2382 EPHES.

2047 2414 2153 2472 Sed
2203 2417 2313 2473 duo
2341 2418 2556 2473 diversa
2590 2420 2847 2491 Symbola
2883 2435 3029 2475 nunc
3048 2436 3268 2491 quoque
3293 2421 3543 2477 recitan-

1974 2515 2096 2574 tur,
2133 2510 2276 2565 sicut
2306 2520 2364 2566 et
2411 2522 2569 2567 antea
2599 2527 2617 2579 ;
2657 2512 2769 2566 duo
2800 2527 3023 2584 quoque
3061 2523 3191 2568 sunt
3230 2511 3541 2569 diﬁcrentia

1974 2602 2371 2658 sacrificiorum
2396 2619 2621 2677 genera,
2669 2605 2902 2660 alterum
2934 2606 3081 2675 quod
3106 2622 3244 2677 pane
3303 2607 3547 2663 fermen-

1970 2700 2092 2751 tato
2122 2695 2435 2765 coniicitur,
2468 2697 2700 2753 alterum
2741 2697 2886 2768 quod
2910 2713 3123 2769 azymo.

2658 2788 2856 2844 RESP.

2048 2875 2167 2931 Duo
2184 2885 2330 2933 certe
2368 2877 2625 2947 Symbola
2657 2895 2762 2933 non
2809 2891 2956 2947 sunt,
2988 2896 3087 2936 nec
3116 2882 3329 2940 diversa
3365 2901 3379 2939 :
3414 2899 3542 2940 nam
3629 2952 3637 2957 _

1977 2966 2105 3022 ﬁdei
2133 2967 2468 3039 Symbolum,
2493 2972 2637 3040 quod
2658 2984 2754 3024 nos
2780 2982 2833 3024 et
2860 2970 3039 3027 Latini
3076 2974 3350 3040 canimus,
3373 2991 3540 3030 unum

306 3060 469 3128 ἡμεῖς
493 3076 551 3113 τε
574 3063 668 3114 καὶ
697 3060 940 3115 Λατῖνοι·
974 3059 1034 3113 οὐ
1066 3059 1174 3129 γὰρ
1214 3058 1304 3113 διὰ
1330 3059 1430 3130 τὴν
1456 3059 1774 3130 σαφήνειαν,
1808 3059 1869 3130 ἢν

1979 3071 2066 3117 est
2096 3077 2113 3127 ;
2145 3075 2323 3132 neque
2353 3061 2501 3116 enim
2533 3062 2602 3117 ob
2627 3062 3078 3132 declarationem,
3115 3080 3277 3134 quam
3307 3066 3385 3121 illi
3451 3081 3547 3137 ap-

306 3149 520 3215 ὲδέξατο
548 3150 681 3221 παρ’
716 3149 963 3216 ἐκείνων,
999 3150 1102 3221 ήδη
1142 3150 1273 3204 ἄλλο
1302 3150 1576 3220 σύμϐολόν
1606 3151 1775 3205 ἐστιν.
1812 3151 1873 3205 Ei

305 3242 364 3297 δὲ
410 3245 502 3296 καὶ
531 3240 627 3297 δύο
661 3237 825 3313 ἦσαν,
855 3241 967 3295 οὐδ’
996 3241 1168 3305 οὕτως
1200 3242 1266 3294 ἂν
1297 3240 1592 3295 ἐκαλοῦντο
1631 3242 1746 3296 δύο·
1781 3245 1873 3298 καὶ

302 3337 411 3405 γὰρ
442 3337 536 3389 καὶ⁸
567 3335 628 3390 τὸ
659 3336 716 3388 ιν
759 3333 966 3406 Νικαίᾳ
995 3333 1268 3403 σύμϐολόν
1296 3333 1447 3387 ἐστιν
1484 3333 1636 3400 ἄλλο,
1675 3334 1768 3387 καὶ⁵
1811 3333 1873 3389 τὸ

306 3430 415 3481 τῶν
445 3426 757 3481 ἀποστόλων
786 3427 995 3498 ἕτερον·
1029 3425 1165 3480 ἀλλὰ
1197 3426 1340 3482 κατὰ
1371 3426 1466 3480 τὸν
1501 3426 1628 3482 νοῦν
1662 3428 1723 3481 οὐ
1758 3428 1872 3483 δια-

308 3522 555 3589 φέρουσι,
576 3518 664 3573 διὰ
710 3518 871 3573 τοῦτο
907 3518 1027 3572 οὐδὲ
1072 3518 1528 3588 παρηλλαγμένα.
1572 3520 1761 3572 Διτταὶ
1811 3518 1872 3571 δὲ

304 3611 637 3681 λειτουργίαι
666 3609 789 3665 οὔτε
818 3610 980 3677 είσὶν,
1007 3608 1132 3663 ούτε
1155 3610 1427 3679 λέγονται,
1446 3610 1584 3664 διότι
1610 3607 1690 3674 εἷς
1718 3614 1870 3663 ἐστιν

305 3707 333 3758 ὁ
365 3706 564 3767 σκοπὸς
593 3704 685 3759 τοῦ
714 3706 805 3759 τὸν
836 3704 986 3773 ἱερέα
1016 3703 1305 3774 ὑπηρέτην
1333 3704 1590 3772 γενέσθαι
1624 3706 1722 3774 τῆς
1758 3721 1872 3758 τοι·

307 3799 478 3866 αύτης
512 3798 723 3859 θυσίας·
756 3798 853 3849 καὶ
888 3795 1093 3866 ταύτην
1116 3773 1232 3867 ἔχει
1267 3773 1520 3865 θεμέλιον
1554 3798 1660 3860 πᾶς
1684 3773 1871 3866 ίερεὺς

308 3894 614 3963 ἀρχόμενος
642 3890 741 3960 τῆς
785 3888 940 3951 Θείας
994 3889 1404 3958 μυσταγωγίας,
1451 3887 1551 3958 τὴν
1601 3887 1870 3960 κυριακὴν

310 3984 516 4055 φωνὴν.
541 3982 612 4054 ἢν
653 3984 681 4036 ό
715 3980 920 4051 Κύριος
962 3979 1264 4051 προήκατο·
1314 3978 1496 4034 Τοῦτο
1530 3980 1751 4033 ποιεῖτε
1782 3981 1870 4046 είς

305 4078 420 4144 τὴν
453 4077 606 4147 ἐμὴν
633 4073 1001 4144 ἀνάμνησιν,
1034 4072 1124 4125 διὰ
1153 4072 1246 4125 τοῦ
1280 4073 1343 4125 ὲκ
1382 4071 1477 4125 τοῦ
1518 4072 1664 4125 σίτου
1700 4072 1869 4143 ἄρτου

303 4172 400 4224 καὶ
432 4168 524 4222 τοῦ
553 4164 700 4221 οἴνου
732 4168 826 4219 καὶ
862 4165 955 4219 τοῦ
986 4164 1203 4228 ὓδατος·
1239 4164 1377 4218 ὥστε
1410 4165 1497 4218 διὰ
1524 4165 1749 4230 τούτων,
1777 4166 1870 4218 καὶ

304 4266 392 4317 διὰ
424 4264 602 4332 πάσης
638 4260 881 4327 τελετῆς,
913 4259 1007 4311 καὶ
1038 4258 1147 4311 τῶν
1189 4257 1472 4326 κυριακῶν
1500 4260 1659 4310 θείων
1690 4258 1869 4327 ῥημά-

305 4374 436 4421 των,
470 4352 682 4408 καὶτοῦ
717 4351 1108 4421 θυσιαστηρίου
1137 4350 1410 4403 τελεῖσθαι
1445 4350 1866 4419 τὸμυστήριον,

300 4450 399 4502 καὶ
430 4446 673 4518 γίνεσθαι
706 4444 866 4513 σῶμα
892 4445 986 4496 καὶ
1012 4438 1154 4512 αἷμα
1184 4440 1279 4494 τοῦ
1322 4441 1573 4512 Σωτῆρος
1605 4443 1865 4511 Χριστοῦ,

301 4540 469 4596 αὑτοῦ
504 4535 929 4610 μεταποιοῦντος
959 4537 1022 4605 τῇ
1061 4533 1459 4604 παντοδυνάμῳ
1487 4535 1722 4606 θεότητι.
1760 4535 1869 4587 Καὶ

302 4634 465 4697 αὐτὸς
488 4633 545 4687 δὲ
568 4635 596 4685 ὁ
621 4631 799 4701 τίμιος
826 4628 967 4699 ἀνὴρ
994 4628 1344 4699 ὁμολογήσει,
1384 4627 1467 4680 ὅτι
1501 4629 1595 4681 καὶ
1631 4627 1738 4697 πρὸ
1771 4630 1866 4683 τοῦ

303 4726 450 4796 ἱεροῦ
474 4723 754 4779 Βασιλείου
787 4721 996 4777 καὶτοῦ
1021 4720 1167 4774 θείου
1206 4721 1599 4792 Χρυσοστόμου
1624 4722 1657 4792 ή
1680 4721 1869 4794 τελετὴ

302 4821 404 4889 τῆς
436 4816 584 4880 θείας
614 4813 953 4885 λειτουργίας
996 4813 1057 4866 ού
1088 4812 1380 4878 διέλειπεν,
1410 4812 1523 4866 ἀλλ’
1553 4813 1614 4866 οὐ
1641 4814 1728 4869 διὰ
1759 4814 1872 4868 τῶν

303 4912 571 4968 ἐκθέσεων
591 4909 699 4962 τῶν
731 4906 1038 4979 εἰρημένων
1071 4906 1243 4975 ἁγίων
1287 4905 1543 4960 ἐτελεῖτο·
1573 4906 1693 4969 πῶς
1737 4906 1870 4978 γὰρ,

307 5008 479 5076 μήπω
511 5001 842 5071 γεγονότων;
883 5001 995 5054 Καὶ
1024 4999 1193 5053 πάλιν
1225 4999 1559 5070 γενομένων,
1594 4999 1772 5063 οὐδεὶς
1805 5001 1873 5054 ἂν

304 5100 423 5169 ἕλοι
444 5095 637 5161 δεῖξαι,
667 5096 723 5146 ὲν
750 5094 863 5155 τοῖς
891 5093 1174 5161 ἑσπερίοις
1197 5090 1289 5145 διὰ
1324 5091 1438 5144 τῶν
1466 5091 1738 5145 ἐκθέσεων
1765 5092 1874 5145 τῶν

304 5189 615 5258 είρημένων
660 5186 830 5252 ἁγίων
858 5183 1093 5235 ἐτελεῖτο
1143 5184 1179 5253 ή
1224 5182 1462 5253 μυστικὴ
1498 5180 1636 5253 αὕτη
1687 5183 1871 5238 θυσία·

303 5280 426 5337 ἀλλ’
452 5279 710 5332 οὐδέποτε
754 5277 930 5330 διτταὶ
978 5278 1318 5347 λειτουργίαι
1369 5277 1696 5347 ἐρρέθησαν,
1737 5276 1873 5331 διότι

306 5376 411 5445 μία
439 5372 601 5454 ήὴδιέι
649 5370 759 5423 τῶν
809 5369 973 5423 θείων
1021 5369 1305 5439 ῥημάτων,
1351 5372 1449 5424 καὶ
1491 5369 1587 5423 τοῦ
1648 5369 1875 5436 σκοποῦ,

300 5465 400 5517 καὶ
456 5462 556 5531 τῆς
608 5458 764 5529 ὕλης,
822 5460 919 5513 καὶ
967 5460 1061 5513 τοῦ
1127 5458 1318 5532 ἱερέως
1383 5462 1659 5531 ὑπηρέτου
1716 5461 1873 5526 τάξιν

299 5561 543 5629 ἔχοντος,
574 5554 665 5608 καὶ
699 5553 797 5623 τῆς
845 5553 1051 5607 ἄνωθεν
1084 5554 1239 5618 θείας
1288 5554 1511 5627 χάριτος
1544 5554 1868 5626 τελουμένη.

378 5741 453 5810 (i)
481 5738 634 5794 Orat.
663 5742 730 5795 de
762 5739 929 5794 theol.
968 5756 1006 5794 ι.

1978 3161 2302 3221 posuerunt,
2334 3153 2483 3207 aliud
2516 3163 2811 3225 propterea‘
2857 3153 3178 3226 Symbolum
3231 3165 3333 3213 est.
3386 3158 3541 3225 Quod

1976 3244 2021 3299 si
2044 3243 2210 3298 etiam
2234 3244 2341 3299 duo
2377 3258 2585 3311 essent,
2640 3261 2709 3300 ne
2764 3256 2889 3303 tunc
2948 3247 3167 3317 quidem
3212 3260 3542 3307 vocarentur

1972 3336 2084 3391 duo
2114 3376 2130 3403 ,
2185 3336 2456 3407 siquidem
2499 3338 2650 3394 aliud
2689 3338 2907 3393 Patrum
2958 3337 3328 3409 Nicanorum,
3390 3343 3541 3400 aliud

1971 3429 2343 3499 apostolorum
2363 3428 2679 3501 Symbolum
2714 3441 2833 3499 est;
2861 3433 2974 3488 haec
3003 3442 3183 3488 tamen
3207 3435 3338 3500 quia
3371 3449 3541 3492 sensu

1974 3535 2081 3576 non
2102 3519 2385 3590 din‘erunt,
2416 3538 2764 3594 nequaquam
2813 3525 3034 3581 diversa
3074 3533 3363 3582 vocantur.
3422 3527 3543 3583 Duo

1972 3628 2192 3684 quoque
2221 3615 2613 3671 sacriﬁciorum
2675 3631 2873 3687 genera
2911 3631 3010 3671 nec
3041 3624 3191 3682 sunt,
3219 3632 3320 3673 nec
3351 3618 3544 3673 dicun-

1973 3712 2086 3769 tur,
2120 3704 2378 3773 quoniam
2416 3721 2619 3776 scopus
2650 3723 2795 3762 unus
2825 3716 2927 3773 est,
2947 3716 3007 3761 ut
3035 3707 3247 3763 scilicet
3279 3708 3539 3766 sacerdos

1972 3796 2064 3852 ﬁat
2090 3799 2340 3854 minister
2374 3799 2536 3868 hujus
2559 3799 2814 3854 sacrificii
2846 3820 2858 3855 :
2895 3808 2948 3854 et
2989 3801 3089 3854 hoc
3118 3811 3203 3855 est
3235 3801 3387 3856 omni
3437 3816 3531 3856 sa-

1971 3890 2178 3945 cerdoti
2210 3890 2388 3946 sacris
2431 3901 2728 3961 operaturo
2763 3890 3205 3957 fundamentum,
3256 3891 3541 3947 Dominica

1971 3998 2077 4037 vox
2106 3998 2269 4052 quam
2304 3983 2535 4052 protulit
2570 3982 2833 4037 Dominus
2862 4002 2874 4037 :
2903 3982 3018 4036 Hoc
3075 3984 3235 4051 facile
3265 3984 3319 4036 in
3370 3999 3540 4037 meam

1972 4075 2544 4137 commemorationem,
2577 4089 2678 4143 per
2704 4074 2981 4129 triticeum
3038 4087 3234 4143 panem
3265 4083 3317 4129 et
3350 4075 3535 4129 vinum

1973 4178 2094 4216 cum
2123 4177 2304 4234 aqua;
2344 4170 2404 4217 ut
2436 4178 2535 4232 per
2568 4164 2705 4229 haec,
2750 4172 2804 4218 et
2828 4164 2971 4219 ritus
3006 4177 3219 4230 omnes,
3248 4172 3301 4219 et
3356 4179 3542 4221 sacra-

1975 4256 2186 4309 tissima
2224 4254 2441 4309 Domini
2470 4255 2725 4324 verba,et
2756 4256 2948 4323 altare,
2981 4257 3299 4328 perficiatur
3331 4268 3539 4329 mystc-

1975 4349 2142 4413 rium,
2176 4348 2377 4418 ﬁatque
2402 4363 2601 4419 corpus
2631 4357 2685 4404 et
2715 4349 2941 4421 sanguis
2973 4349 3181 4406 Christi
3209 4349 3542 4417 Salvatoris,

1974 4443 2207 4511 ipsomet
2264 4450 2665 4497 transmutante
2734 4444 3128 4513 onmiporentis
3179 4444 3231 4499 vi
3296 4444 3540 4503 deitatis.

1970 4535 2106 4591 Nam
2137 4546 2191 4591 et
2210 4538 2326 4607 ipse
2383 4537 2712 4592 venerabilis
2750 4534 3021 4607 Ephesius
3048 4536 3335 4601 fatebitur,
3399 4537 3548 4592 divi-

1974 4646 2104 4685 num
2162 4630 2495 4686 sacriﬁcium
2562 4630 2833 4686 celebrari
2900 4632 3121 4687 solitum
3175 4631 3342 4685 etiam
3415 4640 3553 4686 ante
3610 4690 3615 4693 χ

1975 4733 2222 4794 tempora
2260 4731 2579 4781 sanctorum
2622 4723 2812 4778 Basilii
2867 4731 2922 4777 et
2971 4722 3368 4792 Cbrysostomi,
3431 4736 3547 4777 non

1943 4884 1946 4887 η
1976 4824 2155 4872 tamen
2187 4832 2253 4873 co
2284 4816 2417 4880 ritu,
2452 4831 2613 4886 quem
2649 4816 2751 4886 ipsi
2805 4823 3188 4884 exposuerunt
3222 4830 3237 4868 :
3288 4813 3548 4884 quinam,

1976 4924 2098 4966 cum
2127 4911 2457 4980 posteriores
2486 4909 2562 4963 illi
2597 4907 2841 4963 fuerint?
2867 4907 2931 4961 Et
2979 4914 3275 4977 postquam
3305 4905 3382 4959 illi
3422 4921 3553 4960 mon»

1976 5004 2104 5058 dum
2141 5001 2455 5058 celebrandi
2478 4999 2702 5057 missam
2733 5013 3063 5069 exposuere,
3097 5011 3262 5055 nemo
3308 4997 3551 5067 probare

1977 5095 2199 5165 poterit,
2230 5091 2635 5149 Occidentalem
2683 5088 2983 5145 Ecclesiam
3035 5102 3102 5145 eo
3154 5088 3319 5144 modo
3370 5086 3548 5141 fuisse

1977 5203 2134 5244 usam
2178 5204 2192 5241 :
2227 5201 2327 5241 nec
2372 5193 2555 5238 tamen
2586 5184 2694 5238 duo
2732 5181 3080 5238 sacrificandi
3136 5194 3339 5251 genera
3401 5179 3551 5233 dicta

1981 5292 2220 5346 unquam
2253 5285 2403 5340 sunt,
2458 5289 2525 5328 eo
2546 5275 2688 5344 quod
2736 5287 2840 5327 una
2888 5271 2962 5326 sit
2985 5286 3178 5325 vocum
3237 5269 3552 5323 divinarum

1984 5371 2187 5434 virtus,
2218 5379 2272 5424 et
2303 5366 2561 5432 intentio,
2589 5373 2646 5421 et
2700 5364 2951 5430 materia,
2985 5373 3040 5419 et
3088 5359 3387 5417 sacerdotis
3447 5356 3550 5410 mi-

1982 5461 2219 5519 nisterio
2241 5457 2520 5527 iungentis
2547 5455 2809 5521 facultas,
2846 5466 2900 5511 et
2945 5453 3183 5509 ccelestis
3214 5448 3385 5519 gratia
3427 5463 3551 5519 quae

1981 5561 2260 5623 operatur.
2292 5550 2454 5616 Nam,
2484 5555 2543 5603 ut
2574 5562 2743 5617 supra
2784 5545 2988 5601 dictum
3023 5550 3129 5609 est,
3187 5538 3418 5595 intentio
3467 5549 3549 5595 est

2049 5735 2123 5807 (2)
2156 5731 2307 5788 Orat.
2339 5732 2607 5802 apologet.
