  <div class='ocr_page' id='page_1' title='image "/cluster/home/n/w/nwhite01/storage/ocr_20150623/160/hvd.32044036446961/093.png"; bbox 0 0 3998 6464; ppageno 0'>
   <div class='ocr_carea' id='block_1_1' title="bbox 488 269 2061 362">
    <p class='ocr_par' dir='ltr' id='par_1_1' title="bbox 488 283 2061 362">
     <span class='ocr_line' id='line_1_1' title="bbox 488 283 2061 362; baseline -0.011 -3"><span class='ocrx_word' id='word_1_1' title='bbox 488 298 589 362; x_wconf 74' lang='lat'><strong>135</strong></span> <span class='ocrx_word' id='word_1_2' title='bbox 1386 285 1771 350; x_wconf 81' lang='lat' dir='ltr'><strong>GREGORII</strong></span> <span class='ocrx_word' id='word_1_3' title='bbox 1818 283 2061 345; x_wconf 78' lang='lat' dir='ltr'><strong>MAMM.</strong></span> 
     </span>
    </p>
   </div>
   <div class='ocr_carea' id='block_1_2' title="bbox 2166 269 3740 362">
    <p class='ocr_par' dir='ltr' id='par_1_2' title="bbox 2166 269 3740 345">
     <span class='ocr_line' id='line_1_2' title="bbox 2166 269 3740 345; baseline -0.008 -1"><span class='ocrx_word' id='word_1_4' title='bbox 2166 284 2272 345; x_wconf 70' lang='grc' dir='ltr'><strong>ΒΡ.</strong></span> <span class='ocrx_word' id='word_1_5' title='bbox 2309 276 2825 342; x_wconf 69' lang='lat' dir='ltr'><strong>PATRIARCI—LE</strong></span> <span class='ocrx_word' id='word_1_6' title='bbox 3633 269 3740 334; x_wconf 84' lang='grc'><strong>136</strong></span> 
     </span>
    </p>
   </div>
   <div class='ocr_carea' id='block_1_3' title="bbox 485 383 2061 476">
    <p class='ocr_par' dir='ltr' id='par_1_3' title="bbox 485 397 2060 476">
     <span class='ocr_line' id='line_1_3' title="bbox 485 397 2060 476; baseline -0.011 -8"><span class='ocrx_word' id='word_1_7' title='bbox 485 409 812 468; x_wconf 77' lang='lat' dir='ltr'><strong>conﬁciendi</strong></span> <span class='ocrx_word' id='word_1_8' title='bbox 859 407 1000 476; x_wconf 89' lang='lat' dir='ltr'><strong>quod</strong></span> <span class='ocrx_word' id='word_1_9' title='bbox 1062 404 1199 460; x_wconf 80' lang='lat' dir='ltr'><strong>dixit</strong></span> <span class='ocrx_word' id='word_1_10' title='bbox 1262 402 1570 456; x_wconf 86' lang='lat' dir='ltr'><strong>Dominus:</strong></span> <span class='ocrx_word' id='word_1_11' title='bbox 1617 399 1732 453; x_wconf 79' lang='lat' dir='ltr'><strong>Hoc</strong></span> <span class='ocrx_word' id='word_1_12' title='bbox 1788 399 1950 466; x_wconf 76' lang='lat' dir='ltr'><strong>facile</strong></span> <span class='ocrx_word' id='word_1_13' title='bbox 2005 397 2060 451; x_wconf 81' lang='lat' dir='ltr'><strong>in</strong></span> 
     </span>
    </p>
   </div>
   <div class='ocr_carea' id='block_1_4' title="bbox 2166 383 3734 476">
    <p class='ocr_par' dir='ltr' id='par_1_4' title="bbox 2166 383 3734 464">
     <span class='ocr_line' id='line_1_4' title="bbox 2166 383 3734 464; baseline -0.009 -16"><span class='ocrx_word' id='word_1_14' title='bbox 2166 396 2275 448; x_wconf 74' lang='grc' dir='ltr'><strong>Καὶ</strong></span> <span class='ocrx_word' id='word_1_15' title='bbox 2327 397 2458 464; x_wconf 69' lang='grc' dir='ltr'>γάρ,</span> <span class='ocrx_word' id='word_1_16' title='bbox 2511 394 2587 448; x_wconf 79' lang='grc' dir='ltr'>ὡς</span> <span class='ocrx_word' id='word_1_17' title='bbox 2649 390 2990 459; x_wconf 78' lang='grc' dir='ltr'>προείρηται,</span> <span class='ocrx_word' id='word_1_18' title='bbox 3049 389 3076 439; x_wconf 78' lang='grc' dir='ltr'><strong>ὀ</strong></span> <span class='ocrx_word' id='word_1_19' title='bbox 3125 383 3328 447; x_wconf 69' lang='grc' dir='ltr'>σκοπός</span> <span class='ocrx_word' id='word_1_20' title='bbox 3362 384 3531 447; x_wconf 64' lang='grc' dir='ltr'>ἐστιν,</span> <span class='ocrx_word' id='word_1_21' title='bbox 3574 383 3655 436; x_wconf 85' lang='grc' dir='ltr'><strong>ὅτι</strong></span> <span class='ocrx_word' id='word_1_22' title='bbox 3709 385 3734 434; x_wconf 67' lang='grc' dir='ltr'>ἐ</span> 
     </span>
    </p>
   </div>
   <div class='ocr_carea' id='block_1_5' title="bbox 485 474 2061 560">
    <p class='ocr_par' dir='ltr' id='par_1_5' title="bbox 485 489 2055 560">
     <span class='ocr_line' id='line_1_5' title="bbox 485 489 2055 560; baseline -0.009 -4"><span class='ocrx_word' id='word_1_23' title='bbox 485 519 651 556; x_wconf 82' lang='lat' dir='ltr'><strong>nteant</strong></span> <span class='ocrx_word' id='word_1_24' title='bbox 678 499 1246 556; x_wconf 77' lang='lat' dir='ltr'><strong>commemorationem,</strong></span> <span class='ocrx_word' id='word_1_25' title='bbox 1278 493 1498 548; x_wconf 84' lang='lat' dir='ltr'><strong>materia</strong></span> <span class='ocrx_word' id='word_1_26' title='bbox 1529 493 1724 554; x_wconf 78' lang='lat' dir='ltr'><strong>farina,</strong></span> <span class='ocrx_word' id='word_1_27' title='bbox 1753 492 1870 546; x_wconf 84' lang='lat' dir='ltr'><strong>sive</strong></span> <span class='ocrx_word' id='word_1_28' title='bbox 1897 489 2055 560; x_wconf 89' lang='lat' dir='ltr'><strong>panis</strong></span> 
     </span>
    </p>
   </div>
   <div class='ocr_carea' id='block_1_6' title="bbox 2166 474 3731 560">
    <p class='ocr_par' dir='ltr' id='par_1_6' title="bbox 2166 474 3731 556">
     <span class='ocr_line' id='line_1_6' title="bbox 2166 474 3731 556; baseline -0.009 -16"><span class='ocrx_word' id='word_1_29' title='bbox 2166 487 2366 556; x_wconf 83' lang='grc' dir='ltr'>Κύριος</span> <span class='ocrx_word' id='word_1_30' title='bbox 2431 481 2550 538; x_wconf 71' lang='grc' dir='ltr'>εἶπε</span> <span class='ocrx_word' id='word_1_31' title='bbox 2584 499 2598 514; x_wconf 74' lang='grc' dir='ltr'><strong>ο</strong></span> <span class='ocrx_word' id='word_1_32' title='bbox 2665 482 2848 536; x_wconf 81' lang='grc' dir='ltr'>Τοῦτο</span> <span class='ocrx_word' id='word_1_33' title='bbox 2921 477 3143 532; x_wconf 79' lang='grc' dir='ltr'><strong>ποιεῖτε</strong></span> <span class='ocrx_word' id='word_1_34' title='bbox 3225 479 3314 542; x_wconf 80' lang='grc' dir='ltr'>είς</span> <span class='ocrx_word' id='word_1_35' title='bbox 3383 474 3498 543; x_wconf 72' lang='grc' dir='ltr'><strong>τὴν</strong></span> <span class='ocrx_word' id='word_1_36' title='bbox 3581 474 3731 544; x_wconf 76' lang='grc' dir='ltr'>ἐμὴν</span> 
     </span>
    </p>
   </div>
   <div class='ocr_carea' id='block_1_7' title="bbox 490 566 2061 653">
    <p class='ocr_par' dir='ltr' id='par_1_7' title="bbox 490 581 2057 653">
     <span class='ocr_line' id='line_1_7' title="bbox 490 581 2057 653; baseline -0.01 -7"><span class='ocrx_word' id='word_1_37' title='bbox 490 592 754 653; x_wconf 84' lang='lat' dir='ltr'><strong>triticeus,</strong></span> <span class='ocrx_word' id='word_1_38' title='bbox 791 597 845 644; x_wconf 87' lang='lat' dir='ltr'><strong>et</strong></span> <span class='ocrx_word' id='word_1_39' title='bbox 874 587 1058 642; x_wconf 85' lang='lat' dir='ltr'><strong>vinum</strong></span> <span class='ocrx_word' id='word_1_40' title='bbox 1097 600 1219 639; x_wconf 91' lang='lat' dir='ltr'><strong>cum</strong></span> <span class='ocrx_word' id='word_1_41' title='bbox 1247 599 1412 652; x_wconf 88' lang='lat' dir='ltr'><strong>aqua,</strong></span> <span class='ocrx_word' id='word_1_42' title='bbox 1450 596 1612 650; x_wconf 86' lang='lat' dir='ltr'><strong>super</strong></span> <span class='ocrx_word' id='word_1_43' title='bbox 1647 597 1766 649; x_wconf 81' lang='lat' dir='ltr'><strong>quae</strong></span> <span class='ocrx_word' id='word_1_44' title='bbox 1797 581 2057 633; x_wconf 82' lang='lat' dir='ltr'><strong>Dominus</strong></span> 
     </span>
    </p>
   </div>
   <div class='ocr_carea' id='block_1_8' title="bbox 2166 566 3732 653">
    <p class='ocr_par' dir='ltr' id='par_1_8' title="bbox 2166 566 3732 646">
     <span class='ocr_line' id='line_1_8' title="bbox 2166 566 3732 646; baseline -0.009 -14"><span class='ocrx_word' id='word_1_45' title='bbox 2166 577 2534 646; x_wconf 72' lang='grc' dir='ltr'>ἀνάμνησιν-ο</span> <span class='ocrx_word' id='word_1_46' title='bbox 2583 573 2684 641; x_wconf 77' lang='grc' dir='ltr'>ὕλη</span> <span class='ocrx_word' id='word_1_47' title='bbox 2725 576 2751 624; x_wconf 74' lang='grc' dir='ltr'><strong><em>ὁ</em></strong></span> <span class='ocrx_word' id='word_1_48' title='bbox 2782 575 2846 624; x_wconf 78' lang='grc' dir='ltr'><strong>ὲκ</strong></span> <span class='ocrx_word' id='word_1_49' title='bbox 2890 567 2986 622; x_wconf 75' lang='grc' dir='ltr'><strong>τοῦ</strong></span> <span class='ocrx_word' id='word_1_50' title='bbox 3029 570 3173 622; x_wconf 86' lang='grc' dir='ltr'>σίτου</span> <span class='ocrx_word' id='word_1_51' title='bbox 3214 568 3438 632; x_wconf 58' lang='lat' dir='ltr'><strong>iunpo:</strong></span> <span class='ocrx_word' id='word_1_52' title='bbox 3493 566 3612 634; x_wconf 77' lang='grc' dir='ltr'>ἦτοι</span> <span class='ocrx_word' id='word_1_53' title='bbox 3639 567 3732 632; x_wconf 78' lang='grc' dir='ltr'><strong>ἄρ-</strong></span> 
     </span>
    </p>
   </div>
   <div class='ocr_carea' id='block_1_9' title="bbox 487 668 2056 741">
    <p class='ocr_par' dir='ltr' id='par_1_9' title="bbox 487 668 2056 741">
     <span class='ocr_line' id='line_1_9' title="bbox 487 668 2056 741; baseline -0.008 -9"><span class='ocrx_word' id='word_1_54' title='bbox 487 679 621 732; x_wconf 82' lang='lat' dir='ltr'><strong>dixit</strong></span> <span class='ocrx_word' id='word_1_55' title='bbox 658 695 670 729; x_wconf 91' lang='lat'>:</span> <span class='ocrx_word' id='word_1_56' title='bbox 706 679 818 730; x_wconf 86' lang='lat' dir='ltr'><strong>Hoc</strong></span> <span class='ocrx_word' id='word_1_57' title='bbox 846 684 919 728; x_wconf 76' lang='lat' dir='ltr'><strong>est</strong></span> <span class='ocrx_word' id='word_1_58' title='bbox 969 690 1160 741; x_wconf 73' lang='lat' dir='ltr'><strong>corpus</strong></span> <span class='ocrx_word' id='word_1_59' title='bbox 1215 687 1384 724; x_wconf 83' lang='lat' dir='ltr'><strong>meum</strong></span> <span class='ocrx_word' id='word_1_60' title='bbox 1414 688 1434 736; x_wconf 89' lang='lat'><strong><em>;</em></strong></span> <span class='ocrx_word' id='word_1_61' title='bbox 1465 680 1518 725; x_wconf 90' lang='lat' dir='ltr'><strong>et</strong></span> <span class='ocrx_word' id='word_1_62' title='bbox 1550 689 1563 724; x_wconf 88' lang='lat'><strong>:</strong></span> <span class='ocrx_word' id='word_1_63' title='bbox 1603 668 1704 722; x_wconf 82' lang='lat' dir='ltr'><strong>llic</strong></span> <span class='ocrx_word' id='word_1_64' title='bbox 1731 679 1806 723; x_wconf 80' lang='lat' dir='ltr'><strong>eu</strong></span> <span class='ocrx_word' id='word_1_65' title='bbox 1838 668 2056 738; x_wconf 78' lang='lat' dir='ltr'><strong>sanguis</strong></span> 
     </span>
    </p>
   </div>
   <div class='ocr_carea' id='block_1_10' title="bbox 489 759 2058 835">
    <p class='ocr_par' dir='ltr' id='par_1_10' title="bbox 489 759 2058 835">
     <span class='ocr_line' id='line_1_10' title="bbox 489 759 2058 835; baseline -0.005 -15"><span class='ocrx_word' id='word_1_66' title='bbox 489 784 663 832; x_wconf 69' lang='lat' dir='ltr'><strong>meus,</strong></span> <span class='ocrx_word' id='word_1_67' title='bbox 694 765 859 835; x_wconf 82' lang='lat' dir='ltr'><strong>ﬁtque</strong></span> <span class='ocrx_word' id='word_1_68' title='bbox 928 765 1158 818; x_wconf 91' lang='lat' dir='ltr'><strong>materia</strong></span> <span class='ocrx_word' id='word_1_69' title='bbox 1192 763 1306 817; x_wconf 72' lang='lat' dir='ltr'><strong>haec</strong></span> <span class='ocrx_word' id='word_1_70' title='bbox 1354 776 1570 830; x_wconf 87' lang='lat' dir='ltr'><strong>semper</strong></span> <span class='ocrx_word' id='word_1_71' title='bbox 1635 775 1834 828; x_wconf 77' lang='lat' dir='ltr'><strong>corpus</strong></span> <span class='ocrx_word' id='word_1_72' title='bbox 1885 759 2058 827; x_wconf 89' lang='lat' dir='ltr'><strong>ipsius</strong></span> 
     </span>
    </p>
   </div>
   <div class='ocr_carea' id='block_1_11' title="bbox 487 851 2060 927">
    <p class='ocr_par' dir='ltr' id='par_1_11' title="bbox 487 851 2060 927">
     <span class='ocr_line' id='line_1_11' title="bbox 487 851 2060 927; baseline -0.009 -11"><span class='ocrx_word' id='word_1_73' title='bbox 487 863 686 917; x_wconf 86' lang='lat' dir='ltr'><strong>virtute</strong></span> <span class='ocrx_word' id='word_1_74' title='bbox 711 860 832 927; x_wconf 85' lang='lat' dir='ltr'><strong>ejus</strong></span> <span class='ocrx_word' id='word_1_75' title='bbox 862 857 957 926; x_wconf 74' lang='lat' dir='ltr'><strong>qui</strong></span> <span class='ocrx_word' id='word_1_76' title='bbox 995 857 1108 910; x_wconf 68' lang='lat' dir='ltr'><strong>haec</strong></span> <span class='ocrx_word' id='word_1_77' title='bbox 1136 863 1490 909; x_wconf 86' lang='lat' dir='ltr'><strong>transmutat.</strong></span> <span class='ocrx_word' id='word_1_78' title='bbox 1520 853 1704 908; x_wconf 82' lang='lat' dir='ltr'><strong>Unum</strong></span> <span class='ocrx_word' id='word_1_79' title='bbox 1741 861 1828 905; x_wconf 89' lang='lat' dir='ltr'><strong>est</strong></span> <span class='ocrx_word' id='word_1_80' title='bbox 1892 851 2060 918; x_wconf 78' lang='lat' dir='ltr'><strong>igitur</strong></span> 
     </span>
    </p>
   </div>
   <div class='ocr_carea' id='block_1_12' title="bbox 486 945 2050 1015">
    <p class='ocr_par' dir='ltr' id='par_1_12' title="bbox 486 945 2050 1015">
     <span class='ocr_line' id='line_1_12' title="bbox 486 945 2050 1015; baseline -0.008 -9"><span class='ocrx_word' id='word_1_81' title='bbox 486 953 589 1007; x_wconf 90' lang='lat' dir='ltr'><strong>hoc</strong></span> <span class='ocrx_word' id='word_1_82' title='bbox 624 949 982 1014; x_wconf 78' lang='lat' dir='ltr'><strong>sacrificium,</strong></span> <span class='ocrx_word' id='word_1_83' title='bbox 1024 946 1152 1000; x_wconf 89' lang='lat' dir='ltr'><strong>dum</strong></span> <span class='ocrx_word' id='word_1_84' title='bbox 1191 946 1282 999; x_wconf 81' lang='lat' dir='ltr'><strong>ﬁat</strong></span> <span class='ocrx_word' id='word_1_85' title='bbox 1315 945 1474 1015; x_wconf 76' lang='lat' dir='ltr'><strong>juxta</strong></span> <span class='ocrx_word' id='word_1_86' title='bbox 1534 959 1780 996; x_wconf 82' lang='lat' dir='ltr'><strong>normam</strong></span> <span class='ocrx_word' id='word_1_87' title='bbox 1811 952 1865 996; x_wconf 88' lang='lat' dir='ltr'><strong>et</strong></span> <span class='ocrx_word' id='word_1_88' title='bbox 1924 956 2050 1010; x_wconf 69' lang='lat' dir='ltr'><strong>pra:-</strong></span> 
     </span>
    </p>
   </div>
   <div class='ocr_carea' id='block_1_13' title="bbox 485 1034 2056 1112">
    <p class='ocr_par' dir='ltr' id='par_1_13' title="bbox 485 1034 2056 1112">
     <span class='ocr_line' id='line_1_13' title="bbox 485 1034 2056 1112; baseline -0.008 -14"><span class='ocrx_word' id='word_1_89' title='bbox 485 1043 747 1112; x_wconf 87' lang='lat' dir='ltr'><strong>scriptum</strong></span> <span class='ocrx_word' id='word_1_90' title='bbox 783 1040 944 1094; x_wconf 90' lang='lat' dir='ltr'><strong>nobis</strong></span> <span class='ocrx_word' id='word_1_91' title='bbox 968 1055 996 1093; x_wconf 91' lang='lat' dir='ltr'><strong>a</strong></span> <span class='ocrx_word' id='word_1_92' title='bbox 1026 1039 1255 1094; x_wconf 91' lang='lat' dir='ltr'><strong>Domino</strong></span> <span class='ocrx_word' id='word_1_93' title='bbox 1307 1037 1594 1098; x_wconf 82' lang='lat' dir='ltr'><strong>traditum,</strong></span> <span class='ocrx_word' id='word_1_94' title='bbox 1631 1045 1687 1088; x_wconf 91' lang='lat' dir='ltr'><strong>ut</strong></span> <span class='ocrx_word' id='word_1_95' title='bbox 1719 1034 2056 1101; x_wconf 79' lang='lat' dir='ltr'><strong>explicatum</strong></span> 
     </span>
    </p>
   </div>
   <div class='ocr_carea' id='block_1_14' title="bbox 484 1125 2060 1203">
    <p class='ocr_par' dir='ltr' id='par_1_14' title="bbox 484 1125 2060 1203">
     <span class='ocr_line' id='line_1_14' title="bbox 484 1125 2060 1203; baseline -0.011 -11"><span class='ocrx_word' id='word_1_96' title='bbox 484 1146 590 1192; x_wconf 90' lang='lat' dir='ltr'><strong>est.</strong></span> <span class='ocrx_word' id='word_1_97' title='bbox 619 1137 691 1190; x_wconf 89' lang='lat' dir='ltr'><strong>De</strong></span> <span class='ocrx_word' id='word_1_98' title='bbox 729 1147 920 1203; x_wconf 86' lang='lat' dir='ltr'><strong>azymo</strong></span> <span class='ocrx_word' id='word_1_99' title='bbox 955 1147 1086 1185; x_wconf 86' lang='lat' dir='ltr'><strong>vero</strong></span> <span class='ocrx_word' id='word_1_100' title='bbox 1120 1140 1176 1185; x_wconf 88' lang='lat' dir='ltr'><strong>et</strong></span> <span class='ocrx_word' id='word_1_101' title='bbox 1225 1129 1550 1183; x_wconf 81' lang='lat' dir='ltr'><strong>fermentato</strong></span> <span class='ocrx_word' id='word_1_102' title='bbox 1606 1128 1716 1196; x_wconf 87' lang='lat' dir='ltr'><strong>jam</strong></span> <span class='ocrx_word' id='word_1_103' title='bbox 1747 1126 1906 1179; x_wconf 72' lang='lat' dir='ltr'><strong>allata</strong></span> <span class='ocrx_word' id='word_1_104' title='bbox 1967 1125 2060 1176; x_wconf 84' lang='lat' dir='ltr'><strong>de-</strong></span> 
     </span>
    </p>
   </div>
   <div class='ocr_carea' id='block_1_15' title="bbox 484 1216 2058 1290">
    <p class='ocr_par' dir='ltr' id='par_1_15' title="bbox 484 1216 2058 1290">
     <span class='ocr_line' id='line_1_15' title="bbox 484 1216 2058 1290; baseline -0.008 -8"><span class='ocrx_word' id='word_1_105' title='bbox 484 1227 814 1284; x_wconf 76' lang='lat' dir='ltr'><strong>monstratio</strong></span> <span class='ocrx_word' id='word_1_106' title='bbox 840 1233 926 1281; x_wconf 90' lang='lat' dir='ltr'><strong>est</strong></span> <span class='ocrx_word' id='word_1_107' title='bbox 957 1242 972 1290; x_wconf 91' lang='lat'><strong>;</strong></span> <span class='ocrx_word' id='word_1_108' title='bbox 1014 1237 1136 1277; x_wconf 91' lang='lat' dir='ltr'><strong>nam</strong></span> <span class='ocrx_word' id='word_1_109' title='bbox 1163 1229 1389 1276; x_wconf 88' lang='lat' dir='ltr'><strong>sanctus</strong></span> <span class='ocrx_word' id='word_1_110' title='bbox 1435 1220 1594 1273; x_wconf 81' lang='lat' dir='ltr'><strong>Pater</strong></span> <span class='ocrx_word' id='word_1_111' title='bbox 1625 1216 2058 1286; x_wconf 75' lang='lat' dir='ltr'><strong>Chrysostomns</strong></span> 
     </span>
    </p>
   </div>
   <div class='ocr_carea' id='block_1_16' title="bbox 484 1309 2058 1390">
    <p class='ocr_par' dir='ltr' id='par_1_16' title="bbox 484 1309 2058 1390">
     <span class='ocr_line' id='line_1_16' title="bbox 484 1309 2058 1390; baseline -0.009 -14"><span class='ocrx_word' id='word_1_112' title='bbox 484 1320 711 1376; x_wconf 88' lang='lat' dir='ltr'><strong>homilia</strong></span> <span class='ocrx_word' id='word_1_113' title='bbox 780 1317 1233 1390; x_wconf 74' lang='lat' dir='ltr'><strong>quinquagesima.</strong></span> <span class='ocrx_word' id='word_1_114' title='bbox 1290 1316 1343 1368; x_wconf 92' lang='lat' dir='ltr'><strong>in</strong></span> <span class='ocrx_word' id='word_1_115' title='bbox 1410 1313 1771 1366; x_wconf 70' lang='lat' dir='ltr'><strong>Matthaanm:</strong></span> <span class='ocrx_word' id='word_1_116' title='bbox 1817 1309 2058 1373; x_wconf 77' lang='lat' dir='ltr'><strong>Credite,</strong></span> 
     </span>
    </p>
   </div>
   <div class='ocr_carea' id='block_1_17' title="bbox 485 1401 2052 1483">
    <p class='ocr_par' dir='ltr' id='par_1_17' title="bbox 485 1401 2052 1483">
     <span class='ocr_line' id='line_1_17' title="bbox 485 1401 2052 1483; baseline -0.011 -12"><span class='ocrx_word' id='word_1_117' title='bbox 485 1415 664 1483; x_wconf 87' lang='lat' dir='ltr'><strong>inquit</strong></span> <span class='ocrx_word' id='word_1_118' title='bbox 691 1431 705 1479; x_wconf 94' lang='lat'><strong>;</strong></span> <span class='ocrx_word' id='word_1_119' title='bbox 731 1413 820 1465; x_wconf 91' lang='lat' dir='ltr'><strong>illa</strong></span> <span class='ocrx_word' id='word_1_120' title='bbox 857 1425 1003 1466; x_wconf 89' lang='lat' dir='ltr'><strong>nunc</strong></span> <span class='ocrx_word' id='word_1_121' title='bbox 1035 1410 1201 1465; x_wconf 87' lang='lat' dir='ltr'><strong>etiam</strong></span> <span class='ocrx_word' id='word_1_122' title='bbox 1243 1423 1400 1462; x_wconf 67' lang='lat' dir='ltr'><strong>coena</strong></span> <span class='ocrx_word' id='word_1_123' title='bbox 1455 1407 1536 1466; x_wconf 85' lang='lat' dir='ltr'><strong>lit,</strong></span> <span class='ocrx_word' id='word_1_124' title='bbox 1570 1405 1623 1458; x_wconf 91' lang='lat' dir='ltr'><strong>in</strong></span> <span class='ocrx_word' id='word_1_125' title='bbox 1657 1419 1762 1472; x_wconf 86' lang='lat' dir='ltr'><strong>qua</strong></span> <span class='ocrx_word' id='word_1_126' title='bbox 1822 1411 1875 1455; x_wconf 84' lang='lat' dir='ltr'><strong>et</strong></span> <span class='ocrx_word' id='word_1_127' title='bbox 1934 1401 2052 1470; x_wconf 90' lang='lat' dir='ltr'><strong>ipse</strong></span> 
     </span>
    </p>
   </div>
   <div class='ocr_carea' id='block_1_18' title="bbox 488 1493 2056 1566">
    <p class='ocr_par' dir='ltr' id='par_1_18' title="bbox 488 1493 2056 1566">
     <span class='ocr_line' id='line_1_18' title="bbox 488 1493 2056 1566; baseline -0.011 -5"><span class='ocrx_word' id='word_1_128' title='bbox 488 1504 884 1566; x_wconf 88' lang='lat' dir='ltr'><strong>accumbebat;</strong></span> <span class='ocrx_word' id='word_1_129' title='bbox 919 1501 1056 1556; x_wconf 87' lang='lat' dir='ltr'><strong>nihil</strong></span> <span class='ocrx_word' id='word_1_130' title='bbox 1086 1500 1230 1554; x_wconf 88' lang='lat' dir='ltr'><strong>enim</strong></span> <span class='ocrx_word' id='word_1_131' title='bbox 1261 1498 1378 1552; x_wconf 55' lang='lat' dir='ltr'><strong>hac</strong></span> <span class='ocrx_word' id='word_1_132' title='bbox 1414 1494 1600 1551; x_wconf 84' lang='lat' dir='ltr'><strong>dillert</strong></span> <span class='ocrx_word' id='word_1_133' title='bbox 1624 1495 1693 1548; x_wconf 84' lang='lat' dir='ltr'><strong>ab</strong></span> <span class='ocrx_word' id='word_1_134' title='bbox 1767 1493 1881 1555; x_wconf 89' lang='lat' dir='ltr'><strong>illa,</strong></span> <span class='ocrx_word' id='word_1_135' title='bbox 1932 1507 2056 1547; x_wconf 90' lang='lat' dir='ltr'><strong>cum</strong></span> 
     </span>
    </p>
   </div>
   <div class='ocr_carea' id='block_1_19' title="bbox 487 1583 2057 1662">
    <p class='ocr_par' dir='ltr' id='par_1_19' title="bbox 487 1583 2057 1662">
     <span class='ocr_line' id='line_1_19' title="bbox 487 1583 2057 1662; baseline -0.012 -8"><span class='ocrx_word' id='word_1_136' title='bbox 487 1613 597 1654; x_wconf 90' lang='lat' dir='ltr'><strong>non</strong></span> <span class='ocrx_word' id='word_1_137' title='bbox 620 1597 786 1650; x_wconf 90' lang='lat' dir='ltr'><strong>homo</strong></span> <span class='ocrx_word' id='word_1_138' title='bbox 817 1595 928 1658; x_wconf 89' lang='lat' dir='ltr'><strong>hic,</strong></span> <span class='ocrx_word' id='word_1_139' title='bbox 955 1595 1071 1662; x_wconf 88' lang='lat' dir='ltr'><strong>ipse</strong></span> <span class='ocrx_word' id='word_1_140' title='bbox 1111 1607 1242 1646; x_wconf 83' lang='lat' dir='ltr'><strong>vero</strong></span> <span class='ocrx_word' id='word_1_141' title='bbox 1270 1589 1384 1643; x_wconf 91' lang='lat' dir='ltr'><strong>illic</strong></span> <span class='ocrx_word' id='word_1_142' title='bbox 1427 1589 1500 1643; x_wconf 89' lang='lat' dir='ltr'><strong>sit</strong></span> <span class='ocrx_word' id='word_1_143' title='bbox 1534 1597 1818 1656; x_wconf 73' lang='lat' dir='ltr'><strong>operatus.</strong></span> <span class='ocrx_word' id='word_1_144' title='bbox 1853 1583 2057 1639; x_wconf 80' lang='lat' dir='ltr'><strong>Verum</strong></span> 
     </span>
    </p>
   </div>
   <div class='ocr_carea' id='block_1_20' title="bbox 487 1677 2056 1758">
    <p class='ocr_par' dir='ltr' id='par_1_20' title="bbox 487 1677 2056 1758">
     <span class='ocr_line' id='line_1_20' title="bbox 487 1677 2056 1758; baseline -0.013 -12"><span class='ocrx_word' id='word_1_145' title='bbox 487 1691 620 1746; x_wconf 90' lang='lat' dir='ltr'><strong>satis</strong></span> <span class='ocrx_word' id='word_1_146' title='bbox 644 1689 934 1758; x_wconf 88' lang='lat' dir='ltr'><strong>probatum</strong></span> <span class='ocrx_word' id='word_1_147' title='bbox 965 1691 1071 1746; x_wconf 82' lang='lat' dir='ltr'><strong>est,</strong></span> <span class='ocrx_word' id='word_1_148' title='bbox 1099 1683 1230 1754; x_wconf 89' lang='lat' dir='ltr'><strong>quid</strong></span> <span class='ocrx_word' id='word_1_149' title='bbox 1263 1683 1334 1736; x_wconf 88' lang='lat' dir='ltr'><strong>sit</strong></span> <span class='ocrx_word' id='word_1_150' title='bbox 1364 1681 1432 1736; x_wconf 90' lang='lat' dir='ltr'><strong>de</strong></span> <span class='ocrx_word' id='word_1_151' title='bbox 1463 1680 1566 1734; x_wconf 90' lang='lat' dir='ltr'><strong>hoc</strong></span> <span class='ocrx_word' id='word_1_152' title='bbox 1622 1677 1885 1748; x_wconf 85' lang='lat' dir='ltr'><strong>mysterio</strong></span> <span class='ocrx_word' id='word_1_153' title='bbox 1929 1690 2056 1730; x_wconf 85' lang='lat' dir='ltr'><strong>sen-</strong></span> 
     </span>
    </p>
   </div>
   <div class='ocr_carea' id='block_1_21' title="bbox 2159 656 3735 733">
    <p class='ocr_par' dir='ltr' id='par_1_21' title="bbox 2159 656 3735 733">
     <span class='ocr_line' id='line_1_21' title="bbox 2159 656 3735 733; baseline -0.01 -11"><span class='ocrx_word' id='word_1_154' title='bbox 2159 688 2275 730; x_wconf 76' lang='grc' dir='ltr'>τος,</span> <span class='ocrx_word' id='word_1_155' title='bbox 2306 671 2402 720; x_wconf 75' lang='grc' dir='ltr'><strong>καὶ</strong></span> <span class='ocrx_word' id='word_1_156' title='bbox 2427 671 2454 720; x_wconf 86' lang='grc' dir='ltr'>ὁ</span> <span class='ocrx_word' id='word_1_157' title='bbox 2483 665 2648 727; x_wconf 81' lang='grc' dir='ltr'>οἶνος,</span> <span class='ocrx_word' id='word_1_158' title='bbox 2685 665 2778 717; x_wconf 74' lang='grc' dir='ltr'><strong>καὶ</strong></span> <span class='ocrx_word' id='word_1_159' title='bbox 2805 664 2866 715; x_wconf 77' lang='grc' dir='ltr'><strong>τὸ</strong></span> <span class='ocrx_word' id='word_1_160' title='bbox 2895 663 3058 733; x_wconf 79' lang='grc' dir='ltr'>ὕδωρ,</span> <span class='ocrx_word' id='word_1_161' title='bbox 3093 661 3176 728; x_wconf 75' lang='grc' dir='ltr'><strong>ἐφ’</strong></span> <span class='ocrx_word' id='word_1_162' title='bbox 3208 657 3289 721; x_wconf 75' lang='grc' dir='ltr'>οἷς</span> <span class='ocrx_word' id='word_1_163' title='bbox 3314 660 3342 712; x_wconf 83' lang='grc' dir='ltr'><strong>ὁ</strong></span> <span class='ocrx_word' id='word_1_164' title='bbox 3367 657 3567 726; x_wconf 81' lang='grc' dir='ltr'>Κύριος</span> <span class='ocrx_word' id='word_1_165' title='bbox 3593 656 3735 709; x_wconf 82' lang='grc' dir='ltr'>εἷπε·</span> 
     </span>
    </p>
   </div>
   <div class='ocr_carea' id='block_1_22' title="bbox 2161 745 3734 825">
    <p class='ocr_par' dir='ltr' id='par_1_22' title="bbox 2161 745 3734 825">
     <span class='ocr_line' id='line_1_22' title="bbox 2161 745 3734 825; baseline -0.01 -9"><span class='ocrx_word' id='word_1_166' title='bbox 2161 761 2346 816; x_wconf 80' lang='grc' dir='ltr'><strong>Τοῦτό</strong></span> <span class='ocrx_word' id='word_1_167' title='bbox 2376 760 2512 812; x_wconf 83' lang='grc' dir='ltr'>ἐστι</span> <span class='ocrx_word' id='word_1_168' title='bbox 2540 760 2604 810; x_wconf 73' lang='grc' dir='ltr'><strong>τὸ</strong></span> <span class='ocrx_word' id='word_1_169' title='bbox 2630 756 2803 825; x_wconf 81' lang='grc' dir='ltr'>σῶμά</span> <span class='ocrx_word' id='word_1_170' title='bbox 2821 773 2962 824; x_wconf 84' lang='grc' dir='ltr'>μου,</span> <span class='ocrx_word' id='word_1_171' title='bbox 2991 755 3107 817; x_wconf 81' lang='grc' dir='ltr'>καὶ,</span> <span class='ocrx_word' id='word_1_172' title='bbox 3146 751 3329 806; x_wconf 84' lang='grc' dir='ltr'><strong>Τοῦτό</strong></span> <span class='ocrx_word' id='word_1_173' title='bbox 3362 751 3496 804; x_wconf 82' lang='grc' dir='ltr'>ἐστι</span> <span class='ocrx_word' id='word_1_174' title='bbox 3513 750 3578 803; x_wconf 84' lang='grc' dir='ltr'><strong>τὸ</strong></span> <span class='ocrx_word' id='word_1_175' title='bbox 3591 745 3734 819; x_wconf 79' lang='grc' dir='ltr'><strong>αἴμὰ</strong></span> 
     </span>
    </p>
   </div>
   <div class='ocr_carea' id='block_1_23' title="bbox 2156 843 3735 925">
    <p class='ocr_par' dir='ltr' id='par_1_23' title="bbox 2156 843 3735 925">
     <span class='ocr_line' id='line_1_23' title="bbox 2156 843 3735 925; baseline -0.009 -16"><span class='ocrx_word' id='word_1_176' title='bbox 2156 871 2294 925; x_wconf 82' lang='grc' dir='ltr'>μου·</span> <span class='ocrx_word' id='word_1_177' title='bbox 2333 853 2429 907; x_wconf 77' lang='grc' dir='ltr'><strong>καὶ</strong></span> <span class='ocrx_word' id='word_1_178' title='bbox 2453 853 2537 905; x_wconf 77' lang='grc' dir='ltr'><strong>ἀεὶ</strong></span> <span class='ocrx_word' id='word_1_179' title='bbox 2572 854 2652 913; x_wconf 84' lang='grc' dir='ltr'><strong>εἰς</strong></span> <span class='ocrx_word' id='word_1_180' title='bbox 2688 850 2847 917; x_wconf 82' lang='grc' dir='ltr'>σῶμα</span> <span class='ocrx_word' id='word_1_181' title='bbox 2879 847 3050 901; x_wconf 77' lang='grc' dir='ltr'>αὐτοῦ</span> <span class='ocrx_word' id='word_1_182' title='bbox 3080 851 3116 918; x_wconf 75' lang='grc' dir='ltr'><strong>ἡ</strong></span> <span class='ocrx_word' id='word_1_183' title='bbox 3151 847 3250 916; x_wconf 77' lang='grc' dir='ltr'><strong>ὕλη</strong></span> <span class='ocrx_word' id='word_1_184' title='bbox 3286 845 3498 913; x_wconf 85' lang='grc' dir='ltr'>γίνεται</span> <span class='ocrx_word' id='word_1_185' title='bbox 3537 847 3602 913; x_wconf 79' lang='grc' dir='ltr'><strong>τῇ</strong></span> <span class='ocrx_word' id='word_1_186' title='bbox 3639 843 3735 896; x_wconf 83' lang='grc' dir='ltr'>τοῦ</span> 
     </span>
    </p>
   </div>
   <div class='ocr_carea' id='block_1_24' title="bbox 2164 933 3735 1015">
    <p class='ocr_par' dir='ltr' id='par_1_24' title="bbox 2164 933 3735 1015">
     <span class='ocr_line' id='line_1_24' title="bbox 2164 933 3735 1015; baseline -0.008 -17"><span class='ocrx_word' id='word_1_187' title='bbox 2164 942 2593 1015; x_wconf 84' lang='grc' dir='ltr'>μεταποιοῦντος</span> <span class='ocrx_word' id='word_1_188' title='bbox 2624 943 2764 994; x_wconf 74' lang='grc' dir='ltr'><strong>αὐτὰ</strong></span> <span class='ocrx_word' id='word_1_189' title='bbox 2785 941 3036 1010; x_wconf 81' lang='grc' dir='ltr'>δυνάμει.</span> <span class='ocrx_word' id='word_1_190' title='bbox 3078 939 3196 994; x_wconf 85' lang='grc' dir='ltr'>Μία</span> <span class='ocrx_word' id='word_1_191' title='bbox 3221 933 3316 992; x_wconf 83' lang='grc' dir='ltr'>οὖν</span> <span class='ocrx_word' id='word_1_192' title='bbox 3343 939 3490 990; x_wconf 72' lang='grc' dir='ltr'>ἐστιν</span> <span class='ocrx_word' id='word_1_193' title='bbox 3513 937 3546 1004; x_wconf 80' lang='grc' dir='ltr'><strong>ἡ</strong></span> <span class='ocrx_word' id='word_1_194' title='bbox 3576 934 3735 987; x_wconf 80' lang='grc' dir='ltr'>θυσία</span> 
     </span>
    </p>
   </div>
   <div class='ocr_carea' id='block_1_25' title="bbox 2163 1026 3735 1104">
    <p class='ocr_par' dir='ltr' id='par_1_25' title="bbox 2163 1026 3735 1104">
     <span class='ocr_line' id='line_1_25' title="bbox 2163 1026 3735 1104; baseline -0.006 -16"><span class='ocrx_word' id='word_1_195' title='bbox 2163 1035 2326 1104; x_wconf 77' lang='grc' dir='ltr'>αὕτη,</span> <span class='ocrx_word' id='word_1_196' title='bbox 2356 1036 2403 1086; x_wconf 87' lang='grc' dir='ltr'>εἰ</span> <span class='ocrx_word' id='word_1_197' title='bbox 2438 1034 2599 1102; x_wconf 83' lang='grc' dir='ltr'>μόνον</span> <span class='ocrx_word' id='word_1_198' title='bbox 2645 1032 2786 1084; x_wconf 71' lang='grc' dir='ltr'><strong>κατὰ</strong></span> <span class='ocrx_word' id='word_1_199' title='bbox 2819 1031 2910 1083; x_wconf 84' lang='grc' dir='ltr'>τὸν</span> <span class='ocrx_word' id='word_1_200' title='bbox 2944 1029 3324 1102; x_wconf 75' lang='grc' dir='ltr'><strong>παραδοθέντα</strong></span> <span class='ocrx_word' id='word_1_201' title='bbox 3349 1029 3481 1097; x_wconf 78' lang='grc' dir='ltr'>ἡμῖν</span> <span class='ocrx_word' id='word_1_202' title='bbox 3517 1027 3622 1080; x_wconf 70' lang='grc' dir='ltr'>ὑπὸ</span> <span class='ocrx_word' id='word_1_203' title='bbox 3642 1026 3735 1079; x_wconf 80' lang='grc' dir='ltr'>τοῦ</span> 
     </span>
    </p>
   </div>
   <div class='ocr_carea' id='block_1_26' title="bbox 2164 1119 3735 1196">
    <p class='ocr_par' dir='ltr' id='par_1_26' title="bbox 2164 1119 3735 1196">
     <span class='ocr_line' id='line_1_26' title="bbox 2164 1119 3735 1196; baseline -0.004 -18"><span class='ocrx_word' id='word_1_204' title='bbox 2164 1127 2373 1196; x_wconf 81' lang='grc' dir='ltr'>Κυρίου</span> <span class='ocrx_word' id='word_1_205' title='bbox 2399 1128 2526 1193; x_wconf 84' lang='grc' dir='ltr'>ὅρον</span> <span class='ocrx_word' id='word_1_206' title='bbox 2555 1142 2612 1178; x_wconf 83' lang='grc' dir='ltr'><strong>τε</strong></span> <span class='ocrx_word' id='word_1_207' title='bbox 2646 1125 2738 1177; x_wconf 71' lang='grc' dir='ltr'><strong>καὶ</strong></span> <span class='ocrx_word' id='word_1_208' title='bbox 2769 1123 2926 1191; x_wconf 77' lang='grc' dir='ltr'>λόγον</span> <span class='ocrx_word' id='word_1_209' title='bbox 2950 1125 3187 1176; x_wconf 77' lang='grc' dir='ltr'><strong>τελεῖται</strong></span> <span class='ocrx_word' id='word_1_210' title='bbox 3211 1161 3227 1187; x_wconf 96' lang='grc'><strong>,</strong></span> <span class='ocrx_word' id='word_1_211' title='bbox 3288 1120 3476 1184; x_wconf 81' lang='grc' dir='ltr'>καθὼς</span> <span class='ocrx_word' id='word_1_212' title='bbox 3533 1119 3735 1190; x_wconf 66' lang='grc' dir='ltr'><strong>ἐδηλώ-</strong></span> 
     </span>
    </p>
   </div>
   <div class='ocr_carea' id='block_1_27' title="bbox 2165 1214 3734 1286">
    <p class='ocr_par' dir='ltr' id='par_1_27' title="bbox 2165 1214 3734 1286">
     <span class='ocr_line' id='line_1_27' title="bbox 2165 1214 3734 1286; baseline -0.004 -16"><span class='ocrx_word' id='word_1_213' title='bbox 2165 1235 2361 1286; x_wconf 89' lang='grc' dir='ltr'>σαμεν.</span> <span class='ocrx_word' id='word_1_214' title='bbox 2399 1218 2540 1286; x_wconf 73' lang='grc' dir='ltr'><strong>Περὶ</strong></span> <span class='ocrx_word' id='word_1_215' title='bbox 2573 1217 2629 1269; x_wconf 79' lang='grc' dir='ltr'><strong>δὲ</strong></span> <span class='ocrx_word' id='word_1_216' title='bbox 2662 1216 2730 1268; x_wconf 86' lang='grc' dir='ltr'><strong>δι’</strong></span> <span class='ocrx_word' id='word_1_217' title='bbox 2767 1215 3005 1284; x_wconf 75' lang='grc' dir='ltr'>ὲνζύμου</span> <span class='ocrx_word' id='word_1_218' title='bbox 3041 1215 3072 1282; x_wconf 81' lang='grc' dir='ltr'>ἢ</span> <span class='ocrx_word' id='word_1_219' title='bbox 3107 1214 3177 1267; x_wconf 80' lang='grc' dir='ltr'><strong>δι’</strong></span> <span class='ocrx_word' id='word_1_220' title='bbox 3231 1214 3448 1282; x_wconf 79' lang='grc' dir='ltr'>ἁζύμου</span> <span class='ocrx_word' id='word_1_221' title='bbox 3495 1229 3734 1282; x_wconf 85' lang='grc' dir='ltr'>προαπε-</span> 
     </span>
    </p>
   </div>
   <div class='ocr_carea' id='block_1_28' title="bbox 2157 1305 3736 1378">
    <p class='ocr_par' dir='ltr' id='par_1_28' title="bbox 2157 1305 3736 1378">
     <span class='ocr_line' id='line_1_28' title="bbox 2157 1305 3736 1378; baseline -0.004 -17"><span class='ocrx_word' id='word_1_222' title='bbox 2157 1309 2343 1378; x_wconf 77' lang='grc' dir='ltr'>δείχθη</span> <span class='ocrx_word' id='word_1_223' title='bbox 2363 1326 2378 1340; x_wconf 89' lang='grc'><strong>·</strong></span> <span class='ocrx_word' id='word_1_224' title='bbox 2411 1311 2504 1360; x_wconf 74' lang='grc' dir='ltr'><strong>καὶ</strong></span> <span class='ocrx_word' id='word_1_225' title='bbox 2532 1309 2640 1378; x_wconf 81' lang='grc' dir='ltr'><strong>γὰρ</strong></span> <span class='ocrx_word' id='word_1_226' title='bbox 2675 1310 2702 1361; x_wconf 85' lang='grc' dir='ltr'>ὁ</span> <span class='ocrx_word' id='word_1_227' title='bbox 2733 1307 2876 1377; x_wconf 79' lang='grc' dir='ltr'><strong>ἱερὸς</strong></span> <span class='ocrx_word' id='word_1_228' title='bbox 2931 1305 3326 1376; x_wconf 85' lang='grc' dir='ltr'>Χρυσόστομος</span> <span class='ocrx_word' id='word_1_229' title='bbox 3354 1307 3412 1357; x_wconf 72' lang='grc' dir='ltr'>ιν</span> <span class='ocrx_word' id='word_1_230' title='bbox 3445 1307 3510 1375; x_wconf 78' lang='grc' dir='ltr'>τῇ</span> <span class='ocrx_word' id='word_1_231' title='bbox 3546 1310 3588 1357; x_wconf 83' lang='grc' dir='ltr'>ν’</span> <span class='ocrx_word' id='word_1_232' title='bbox 3613 1307 3736 1373; x_wconf 83' lang='grc' dir='ltr'><strong>ὀμι-</strong></span> 
     </span>
    </p>
   </div>
   <div class='ocr_carea' id='block_1_29' title="bbox 2162 1391 3736 1474">
    <p class='ocr_par' dir='ltr' id='par_1_29' title="bbox 2162 1391 3736 1474">
     <span class='ocr_line' id='line_1_29' title="bbox 2162 1391 3736 1474; baseline -0.004 -20"><span class='ocrx_word' id='word_1_233' title='bbox 2162 1404 2254 1474; x_wconf 76' lang='grc' dir='ltr'>ὶίᾳ</span> <span class='ocrx_word' id='word_1_234' title='bbox 2299 1403 2396 1455; x_wconf 82' lang='grc' dir='ltr'>τοῦ</span> <span class='ocrx_word' id='word_1_235' title='bbox 2449 1401 2590 1454; x_wconf 79' lang='grc' dir='ltr'>κατὰ</span> <span class='ocrx_word' id='word_1_236' title='bbox 2623 1401 2901 1455; x_wconf 73' lang='grc' dir='ltr'>Ματθαίόν</span> <span class='ocrx_word' id='word_1_237' title='bbox 2953 1416 3122 1470; x_wconf 80' lang='grc' dir='ltr'>φησι·</span> <span class='ocrx_word' id='word_1_238' title='bbox 3153 1398 3488 1452; x_wconf 80' lang='grc' dir='ltr'>Πιστεύσατε</span> <span class='ocrx_word' id='word_1_239' title='bbox 3529 1391 3736 1461; x_wconf 80' lang='grc' dir='ltr'>τοίνυν,</span> 
     </span>
    </p>
   </div>
   <div class='ocr_carea' id='block_1_30' title="bbox 2161 1481 3737 1554">
    <p class='ocr_par' dir='ltr' id='par_1_30' title="bbox 2161 1481 3737 1554">
     <span class='ocr_line' id='line_1_30' title="bbox 2161 1481 3737 1554; baseline -0.006 -9"><span class='ocrx_word' id='word_1_240' title='bbox 2161 1496 2342 1547; x_wconf 69' lang='grc' dir='ltr'>ἐκεῖνο</span> <span class='ocrx_word' id='word_1_241' title='bbox 2373 1493 2467 1546; x_wconf 76' lang='grc' dir='ltr'><strong>καὶ</strong></span> <span class='ocrx_word' id='word_1_242' title='bbox 2497 1491 2594 1546; x_wconf 80' lang='grc' dir='ltr'>νῦν</span> <span class='ocrx_word' id='word_1_243' title='bbox 2632 1491 2694 1544; x_wconf 73' lang='grc' dir='ltr'>τὸ</span> <span class='ocrx_word' id='word_1_244' title='bbox 2747 1489 2963 1544; x_wconf 82' lang='grc' dir='ltr'>δεῖπνόν</span> <span class='ocrx_word' id='word_1_245' title='bbox 3004 1490 3174 1551; x_wconf 73' lang='grc' dir='ltr'>ἔστιν,</span> <span class='ocrx_word' id='word_1_246' title='bbox 3231 1489 3290 1540; x_wconf 79' lang='grc' dir='ltr'>ὲν</span> <span class='ocrx_word' id='word_1_247' title='bbox 3333 1481 3380 1554; x_wconf 82' lang='grc' dir='ltr'><strong>ᾧ</strong></span> <span class='ocrx_word' id='word_1_248' title='bbox 3423 1487 3522 1541; x_wconf 80' lang='grc' dir='ltr'><strong>καὶ</strong></span> <span class='ocrx_word' id='word_1_249' title='bbox 3575 1486 3737 1547; x_wconf 70' lang='grc' dir='ltr'>αὐτὸς</span> 
     </span>
    </p>
   </div>
   <div class='ocr_carea' id='block_1_31' title="bbox 2173 1578 3738 1651">
    <p class='ocr_par' dir='ltr' id='par_1_31' title="bbox 2173 1578 3738 1651">
     <span class='ocr_line' id='line_1_31' title="bbox 2173 1578 3738 1651; baseline -0.006 -11"><span class='ocrx_word' id='word_1_250' title='bbox 2173 1587 2446 1640; x_wconf 73' lang='grc' dir='ltr'>ἀνέκειτοο</span> <span class='ocrx_word' id='word_1_251' title='bbox 2483 1584 2640 1638; x_wconf 77' lang='grc' dir='ltr'>οὐδὲν</span> <span class='ocrx_word' id='word_1_252' title='bbox 2665 1583 2775 1651; x_wconf 83' lang='grc' dir='ltr'><strong>γὰρ</strong></span> <span class='ocrx_word' id='word_1_253' title='bbox 2819 1583 3030 1636; x_wconf 76' lang='grc' dir='ltr'>ἐκείνου</span> <span class='ocrx_word' id='word_1_254' title='bbox 3062 1581 3224 1634; x_wconf 77' lang='grc' dir='ltr'>τοῦτο</span> <span class='ocrx_word' id='word_1_255' title='bbox 3259 1581 3596 1648; x_wconf 79' lang='grc' dir='ltr'>διενήνοχεν·</span> <span class='ocrx_word' id='word_1_256' title='bbox 3617 1578 3738 1631; x_wconf 74' lang='grc' dir='ltr'><strong>οὐδὲ</strong></span> 
     </span>
    </p>
   </div>
   <div class='ocr_carea' id='block_1_32' title="bbox 2161 1655 3737 1750">
    <p class='ocr_par' dir='ltr' id='par_1_32' title="bbox 2161 1655 3737 1750">
     <span class='ocr_line' id='line_1_32' title="bbox 2161 1655 3737 1750; baseline -0.006 -19"><span class='ocrx_word' id='word_1_257' title='bbox 2161 1683 2271 1750; x_wconf 67' lang='grc' dir='ltr'><strong>γὰρ</strong></span> <span class='ocrx_word' id='word_1_258' title='bbox 2301 1655 2458 1732; x_wconf 59' lang='grc' dir='ltr'>τοῦτο</span> <span class='ocrx_word' id='word_1_259' title='bbox 2485 1678 2583 1747; x_wconf 78' lang='grc' dir='ltr'>μὲν</span> <span class='ocrx_word' id='word_1_260' title='bbox 2613 1677 2902 1746; x_wconf 78' lang='grc' dir='ltr'>ἄνθρωπος</span> <span class='ocrx_word' id='word_1_261' title='bbox 2967 1675 3287 1744; x_wconf 73' lang='grc' dir='ltr'><strong>ἐργάζεται,</strong></span> <span class='ocrx_word' id='word_1_262' title='bbox 3331 1674 3508 1726; x_wconf 80' lang='grc' dir='ltr'>ὲκεῐνο</span> <span class='ocrx_word' id='word_1_263' title='bbox 3549 1671 3606 1723; x_wconf 70' lang='grc' dir='ltr'><strong>δὲ</strong></span> <span class='ocrx_word' id='word_1_264' title='bbox 3644 1670 3737 1723; x_wconf 75' lang='grc' dir='ltr'><strong>αὖ·</strong></span> 
     </span>
    </p>
   </div>
   <div class='ocr_carea' id='block_1_33' title="bbox 489 1761 2061 1845">
    <p class='ocr_par' dir='ltr' id='par_1_33' title="bbox 489 1767 2058 1845">
     <span class='ocr_line' id='line_1_33' title="bbox 489 1767 2058 1845; baseline -0.009 -9"><span class='ocrx_word' id='word_1_265' title='bbox 489 1780 753 1836; x_wconf 90' lang='lat' dir='ltr'><strong>tiendum.</strong></span> <span class='ocrx_word' id='word_1_266' title='bbox 803 1778 862 1834; x_wconf 76' lang='lat' dir='ltr'><strong>In</strong></span> <span class='ocrx_word' id='word_1_267' title='bbox 915 1779 1089 1833; x_wconf 88' lang='lat' dir='ltr'><strong>nostri</strong></span> <span class='ocrx_word' id='word_1_268' title='bbox 1152 1789 1315 1845; x_wconf 90' lang='lat' dir='ltr'><strong>porro</strong></span> <span class='ocrx_word' id='word_1_269' title='bbox 1371 1772 1532 1826; x_wconf 79' lang='lat' dir='ltr'><strong>cilicii</strong></span> <span class='ocrx_word' id='word_1_270' title='bbox 1582 1769 1934 1834; x_wconf 76' lang='lat' dir='ltr'><strong>lectionibus,</strong></span> <span class='ocrx_word' id='word_1_271' title='bbox 1990 1767 2058 1822; x_wconf 90' lang='lat' dir='ltr'><strong>de</strong></span> 
     </span>
    </p>
   </div>
   <div class='ocr_carea' id='block_1_34' title="bbox 2166 1761 3735 1845">
    <p class='ocr_par' dir='ltr' id='par_1_34' title="bbox 2166 1761 3735 1838">
     <span class='ocr_line' id='line_1_34' title="bbox 2166 1761 3735 1838; baseline -0.006 -14"><span class='ocrx_word' id='word_1_272' title='bbox 2166 1772 2274 1833; x_wconf 81' lang='grc' dir='ltr'>τός.</span> <span class='ocrx_word' id='word_1_273' title='bbox 2321 1771 2482 1823; x_wconf 75' lang='grc' dir='ltr'><strong>Ἀλλὰ</strong></span> <span class='ocrx_word' id='word_1_274' title='bbox 2507 1771 2567 1822; x_wconf 72' lang='grc' dir='ltr'><strong>τὸ</strong></span> <span class='ocrx_word' id='word_1_275' title='bbox 2593 1770 2723 1838; x_wconf 71' lang='grc' dir='ltr'>περὶ</span> <span class='ocrx_word' id='word_1_276' title='bbox 2774 1769 3078 1838; x_wconf 78' lang='grc' dir='ltr'><strong>μυστηρίου</strong></span> <span class='ocrx_word' id='word_1_277' title='bbox 3135 1765 3455 1838; x_wconf 76' lang='grc' dir='ltr'>ἀρκούντως</span> <span class='ocrx_word' id='word_1_278' title='bbox 3499 1761 3735 1832; x_wconf 73' lang='grc' dir='ltr'>ἐδείχθη.</span> 
     </span>
    </p>
   </div>
   <div class='ocr_carea' id='block_1_35' title="bbox 488 1860 2057 1939">
    <p class='ocr_par' dir='ltr' id='par_1_35' title="bbox 488 1860 2057 1939">
     <span class='ocr_line' id='line_1_35' title="bbox 488 1860 2057 1939; baseline -0.009 -14"><span class='ocrx_word' id='word_1_279' title='bbox 488 1872 646 1926; x_wconf 89' lang='lat' dir='ltr'><strong>beato</strong></span> <span class='ocrx_word' id='word_1_280' title='bbox 669 1868 933 1939; x_wconf 75' lang='lat' dir='ltr'><strong>Gregorio</strong></span> <span class='ocrx_word' id='word_1_281' title='bbox 976 1881 1167 1922; x_wconf 84' lang='lat' dir='ltr'><strong>mense</strong></span> <span class='ocrx_word' id='word_1_282' title='bbox 1219 1863 1415 1918; x_wconf 81' lang='lat' dir='ltr'><strong>Martio</strong></span> <span class='ocrx_word' id='word_1_283' title='bbox 1474 1869 1526 1918; x_wconf 85' lang='lat' dir='ltr'><strong>et</strong></span> <span class='ocrx_word' id='word_1_284' title='bbox 1587 1862 1694 1916; x_wconf 87' lang='lat' dir='ltr'><strong>hoc</strong></span> <span class='ocrx_word' id='word_1_285' title='bbox 1739 1860 2057 1914; x_wconf 83' lang='lat' dir='ltr'><strong>habemus:</strong></span> 
     </span>
    </p>
   </div>
   <div class='ocr_carea' id='block_1_36' title="bbox 488 1950 2058 2030">
    <p class='ocr_par' dir='ltr' id='par_1_36' title="bbox 488 1950 2058 2030">
     <span class='ocr_line' id='line_1_36' title="bbox 488 1950 2058 2030; baseline -0.01 -14"><span class='ocrx_word' id='word_1_286' title='bbox 488 1958 1044 2030; x_wconf 79' lang='lat' dir='ltr'><strong>Gregoriusemedio</strong></span> <span class='ocrx_word' id='word_1_287' title='bbox 1098 1957 1220 2011; x_wconf 69' lang='lat' dir='ltr'><strong>vitae</strong></span> <span class='ocrx_word' id='word_1_288' title='bbox 1253 1954 1528 2018; x_wconf 85' lang='lat' dir='ltr'><strong>sublatus,</strong></span> <span class='ocrx_word' id='word_1_289' title='bbox 1591 1962 1646 2006; x_wconf 89' lang='lat' dir='ltr'><strong>et</strong></span> <span class='ocrx_word' id='word_1_290' title='bbox 1699 1952 1751 2004; x_wconf 93' lang='lat' dir='ltr'><strong>in</strong></span> <span class='ocrx_word' id='word_1_291' title='bbox 1819 1950 2058 2004; x_wconf 87' lang='lat' dir='ltr'><strong>medium</strong></span> 
     </span>
    </p>
   </div>
   <div class='ocr_carea' id='block_1_37' title="bbox 489 2041 2062 2122">
    <p class='ocr_par' dir='ltr' id='par_1_37' title="bbox 489 2041 2062 2122">
     <span class='ocr_line' id='line_1_37' title="bbox 489 2041 2062 2122; baseline -0.009 -17"><span class='ocrx_word' id='word_1_292' title='bbox 489 2053 808 2122; x_wconf 75' lang='lat' dir='ltr'><strong>angelorum</strong></span> <span class='ocrx_word' id='word_1_293' title='bbox 833 2055 1341 2106; x_wconf 74' lang='lat' dir='ltr'><strong>cmtumcvocatus.</strong></span> <span class='ocrx_word' id='word_1_294' title='bbox 1401 2045 1515 2100; x_wconf 86' lang='lat' dir='ltr'><strong>Et:</strong></span> <span class='ocrx_word' id='word_1_295' title='bbox 1567 2042 1804 2098; x_wconf 88' lang='lat' dir='ltr'><strong>Sanctus</strong></span> <span class='ocrx_word' id='word_1_296' title='bbox 1854 2041 2062 2109; x_wconf 79' lang='lat' dir='ltr'><strong>Grego-</strong></span> 
     </span>
    </p>
   </div>
   <div class='ocr_carea' id='block_1_38' title="bbox 493 2133 2060 2207">
    <p class='ocr_par' dir='ltr' id='par_1_38' title="bbox 493 2133 2060 2207">
     <span class='ocr_line' id='line_1_38' title="bbox 493 2133 2060 2207; baseline -0.005 -10"><span class='ocrx_word' id='word_1_297' title='bbox 493 2146 608 2199; x_wconf 83' lang='lat' dir='ltr'><strong>iius</strong></span> <span class='ocrx_word' id='word_1_298' title='bbox 655 2144 710 2197; x_wconf 90' lang='lat' dir='ltr'><strong>in</strong></span> <span class='ocrx_word' id='word_1_299' title='bbox 741 2143 887 2199; x_wconf 90' lang='lat' dir='ltr'><strong>omni</strong></span> <span class='ocrx_word' id='word_1_300' title='bbox 929 2142 1292 2197; x_wconf 86' lang='lat' dir='ltr'><strong>scientiarum</strong></span> <span class='ocrx_word' id='word_1_301' title='bbox 1349 2153 1550 2207; x_wconf 74' lang='lat' dir='ltr'><strong>genere</strong></span> <span class='ocrx_word' id='word_1_302' title='bbox 1578 2146 1630 2192; x_wconf 92' lang='lat' dir='ltr'><strong>et</strong></span> <span class='ocrx_word' id='word_1_303' title='bbox 1659 2136 1714 2189; x_wconf 89' lang='lat' dir='ltr'><strong>in</strong></span> <span class='ocrx_word' id='word_1_304' title='bbox 1755 2133 2060 2204; x_wconf 82' lang='lat' dir='ltr'><strong>Scriptnris</strong></span> 
     </span>
    </p>
   </div>
   <div class='ocr_carea' id='block_1_39' title="bbox 492 2225 2057 2298">
    <p class='ocr_par' dir='ltr' id='par_1_39' title="bbox 492 2225 2057 2298">
     <span class='ocr_line' id='line_1_39' title="bbox 492 2225 2057 2298; baseline -0.004 -13"><span class='ocrx_word' id='word_1_305' title='bbox 492 2244 740 2289; x_wconf 86' lang='lat' dir='ltr'><strong>versatus</strong></span> <span class='ocrx_word' id='word_1_306' title='bbox 774 2233 973 2288; x_wconf 89' lang='lat' dir='ltr'><strong>multos</strong></span> <span class='ocrx_word' id='word_1_307' title='bbox 1005 2247 1031 2284; x_wconf 90' lang='lat' dir='ltr'><strong>a</strong></span> <span class='ocrx_word' id='word_1_308' title='bbox 1081 2247 1141 2284; x_wconf 83' lang='lat' dir='ltr'><strong>se</strong></span> <span class='ocrx_word' id='word_1_309' title='bbox 1193 2229 1536 2298; x_wconf 81' lang='lat' dir='ltr'><strong>compositos</strong></span> <span class='ocrx_word' id='word_1_310' title='bbox 1597 2227 1768 2281; x_wconf 90' lang='lat' dir='ltr'><strong>libros</strong></span> <span class='ocrx_word' id='word_1_311' title='bbox 1816 2225 2057 2295; x_wconf 79' lang='lat' dir='ltr'><strong>reliquit.</strong></span> 
     </span>
    </p>
   </div>
   <div class='ocr_carea' id='block_1_40' title="bbox 493 2317 2061 2395">
    <p class='ocr_par' dir='ltr' id='par_1_40' title="bbox 493 2317 2061 2395">
     <span class='ocr_line' id='line_1_40' title="bbox 493 2317 2061 2395; baseline -0.005 -17"><span class='ocrx_word' id='word_1_312' title='bbox 493 2327 555 2380; x_wconf 76' lang='lat' dir='ltr'><strong>Et</strong></span> <span class='ocrx_word' id='word_1_313' title='bbox 591 2325 786 2395; x_wconf 86' lang='lat' dir='ltr'><strong>paucis</strong></span> <span class='ocrx_word' id='word_1_314' title='bbox 815 2323 1122 2392; x_wconf 72' lang='lat' dir='ltr'><strong>interiectis</strong></span> <span class='ocrx_word' id='word_1_315' title='bbox 1157 2339 1171 2375; x_wconf 90' lang='lat'><strong>:</strong></span> <span class='ocrx_word' id='word_1_316' title='bbox 1208 2320 1327 2375; x_wconf 74' lang='lat' dir='ltr'><strong>Non</strong></span> <span class='ocrx_word' id='word_1_317' title='bbox 1352 2319 1632 2385; x_wconf 84' lang='lat' dir='ltr'><strong>humanis,</strong></span> <span class='ocrx_word' id='word_1_318' title='bbox 1667 2318 1866 2388; x_wconf 85' lang='lat' dir='ltr'><strong>inquit,</strong></span> <span class='ocrx_word' id='word_1_319' title='bbox 1897 2317 2061 2370; x_wconf 89' lang='lat' dir='ltr'><strong>ratio-</strong></span> 
     </span>
    </p>
   </div>
   <div class='ocr_carea' id='block_1_41' title="bbox 491 2409 2063 2474">
    <p class='ocr_par' dir='ltr' id='par_1_41' title="bbox 491 2409 2063 2474">
     <span class='ocr_line' id='line_1_41' title="bbox 491 2409 2063 2474; baseline -0.01 0"><span class='ocrx_word' id='word_1_320' title='bbox 491 2416 866 2474; x_wconf 79' lang='lat' dir='ltr'><strong>cinationibus</strong></span> <span class='ocrx_word' id='word_1_321' title='bbox 898 2423 952 2470; x_wconf 90' lang='lat' dir='ltr'><strong>et</strong></span> <span class='ocrx_word' id='word_1_322' title='bbox 981 2413 1229 2468; x_wconf 78' lang='lat' dir='ltr'><strong>studiosa</strong></span> <span class='ocrx_word' id='word_1_323' title='bbox 1289 2418 1502 2466; x_wconf 89' lang='lat' dir='ltr'><strong>tantum</strong></span> <span class='ocrx_word' id='word_1_324' title='bbox 1563 2409 1872 2464; x_wconf 83' lang='lat' dir='ltr'><strong>eruditione</strong></span> <span class='ocrx_word' id='word_1_325' title='bbox 1931 2421 2063 2462; x_wconf 61' lang='lat' dir='ltr'><strong>cono</strong></span> 
     </span>
    </p>
   </div>
   <div class='ocr_carea' id='block_1_42' title="bbox 491 2503 2063 2578">
    <p class='ocr_par' dir='ltr' id='par_1_42' title="bbox 491 2503 2063 2578">
     <span class='ocr_line' id='line_1_42' title="bbox 491 2503 2063 2578; baseline -0.008 -14"><span class='ocrx_word' id='word_1_326' title='bbox 491 2510 750 2578; x_wconf 84' lang='lat' dir='ltr'><strong>scriptos,</strong></span> <span class='ocrx_word' id='word_1_327' title='bbox 779 2506 878 2561; x_wconf 85' lang='lat' dir='ltr'><strong>sed</strong></span> <span class='ocrx_word' id='word_1_328' title='bbox 903 2522 1000 2576; x_wconf 91' lang='lat' dir='ltr'><strong>per</strong></span> <span class='ocrx_word' id='word_1_329' title='bbox 1049 2503 1314 2573; x_wconf 81' lang='lat' dir='ltr'><strong>Spiritum</strong></span> <span class='ocrx_word' id='word_1_330' title='bbox 1372 2510 1647 2566; x_wconf 80' lang='lat' dir='ltr'><strong>sanctum,</strong></span> <span class='ocrx_word' id='word_1_331' title='bbox 1707 2503 2063 2570; x_wconf 82' lang='lat' dir='ltr'><strong>quemadmo-</strong></span> 
     </span>
    </p>
   </div>
   <div class='ocr_carea' id='block_1_43' title="bbox 494 2592 2061 2661">
    <p class='ocr_par' dir='ltr' id='par_1_43' title="bbox 494 2592 2061 2661">
     <span class='ocr_line' id='line_1_43' title="bbox 494 2592 2061 2661; baseline -0.006 -9"><span class='ocrx_word' id='word_1_332' title='bbox 494 2601 619 2653; x_wconf 89' lang='lat' dir='ltr'><strong>dum</strong></span> <span class='ocrx_word' id='word_1_333' title='bbox 646 2613 712 2654; x_wconf 90' lang='lat' dir='ltr'><strong>eo</strong></span> <span class='ocrx_word' id='word_1_334' title='bbox 745 2600 853 2651; x_wconf 79' lang='lat' dir='ltr'><strong>vita</strong></span> <span class='ocrx_word' id='word_1_335' title='bbox 888 2596 1078 2652; x_wconf 77' lang='lat' dir='ltr'><strong>iuncto</strong></span> <span class='ocrx_word' id='word_1_336' title='bbox 1109 2595 1302 2652; x_wconf 82' lang='lat' dir='ltr'><strong>Petrus</strong></span> <span class='ocrx_word' id='word_1_337' title='bbox 1327 2594 1751 2648; x_wconf 83' lang='lat' dir='ltr'><strong>archidiaconus</strong></span> <span class='ocrx_word' id='word_1_338' title='bbox 1789 2592 1910 2661; x_wconf 83' lang='lat' dir='ltr'><strong>ejus</strong></span> <span class='ocrx_word' id='word_1_339' title='bbox 1934 2605 2061 2644; x_wconf 47' lang='lat' dir='ltr'><strong>nar-</strong></span> 
     </span>
    </p>
   </div>
   <div class='ocr_carea' id='block_1_44' title="bbox 500 2682 2054 2747">
    <p class='ocr_par' dir='ltr' id='par_1_44' title="bbox 500 2682 2054 2747">
     <span class='ocr_line' id='line_1_44' title="bbox 500 2682 2054 2747; baseline -0.005 -6"><span class='ocrx_word' id='word_1_340' title='bbox 500 2692 663 2742; x_wconf 85' lang='lat' dir='ltr'><strong>ravit.</strong></span> <span class='ocrx_word' id='word_1_341' title='bbox 698 2686 883 2744; x_wconf 78' lang='lat' dir='ltr'><strong>Visam</strong></span> <span class='ocrx_word' id='word_1_342' title='bbox 915 2687 1063 2744; x_wconf 87' lang='lat' dir='ltr'><strong>enim</strong></span> <span class='ocrx_word' id='word_1_343' title='bbox 1100 2701 1130 2740; x_wconf 90' lang='lat' dir='ltr'><strong>a</strong></span> <span class='ocrx_word' id='word_1_344' title='bbox 1160 2701 1218 2741; x_wconf 89' lang='lat' dir='ltr'><strong>se</strong></span> <span class='ocrx_word' id='word_1_345' title='bbox 1254 2685 1436 2740; x_wconf 86' lang='lat' dir='ltr'><strong>aiebat</strong></span> <span class='ocrx_word' id='word_1_346' title='bbox 1495 2684 1675 2738; x_wconf 90' lang='lat' dir='ltr'><strong>albam</strong></span> <span class='ocrx_word' id='word_1_347' title='bbox 1715 2682 2054 2747; x_wconf 84' lang='lat' dir='ltr'><strong>columbam,</strong></span> 
     </span>
    </p>
   </div>
   <div class='ocr_carea' id='block_1_45' title="bbox 493 2775 2060 2847">
    <p class='ocr_par' dir='ltr' id='par_1_45' title="bbox 493 2775 2060 2847">
     <span class='ocr_line' id='line_1_45' title="bbox 493 2775 2060 2847; baseline -0.006 -14"><span class='ocrx_word' id='word_1_348' title='bbox 493 2787 620 2834; x_wconf 78' lang='lat' dir='ltr'><strong>dum</strong></span> <span class='ocrx_word' id='word_1_349' title='bbox 659 2781 748 2835; x_wconf 88' lang='lat' dir='ltr'><strong>ille</strong></span> <span class='ocrx_word' id='word_1_350' title='bbox 781 2779 1070 2845; x_wconf 83' lang='lat' dir='ltr'><strong>scriberet,</strong></span> <span class='ocrx_word' id='word_1_351' title='bbox 1103 2777 1170 2831; x_wconf 91' lang='lat' dir='ltr'><strong>ad</strong></span> <span class='ocrx_word' id='word_1_352' title='bbox 1217 2792 1280 2832; x_wconf 92' lang='lat' dir='ltr'><strong>os</strong></span> <span class='ocrx_word' id='word_1_353' title='bbox 1308 2776 1428 2847; x_wconf 86' lang='lat' dir='ltr'><strong>ejus</strong></span> <span class='ocrx_word' id='word_1_354' title='bbox 1448 2775 1816 2839; x_wconf 87' lang='lat' dir='ltr'><strong>advolantem,</strong></span> <span class='ocrx_word' id='word_1_355' title='bbox 1875 2780 1931 2828; x_wconf 87' lang='lat' dir='ltr'><strong>et</strong></span> <span class='ocrx_word' id='word_1_356' title='bbox 1968 2787 2060 2825; x_wconf 84' lang='lat' dir='ltr'><strong>ve-</strong></span> 
     </span>
    </p>
   </div>
   <div class='ocr_carea' id='block_1_46' title="bbox 496 2864 2060 2939">
    <p class='ocr_par' dir='ltr' id='par_1_46' title="bbox 496 2864 2060 2939">
     <span class='ocr_line' id='line_1_46' title="bbox 496 2864 2060 2939; baseline -0.004 -19"><span class='ocrx_word' id='word_1_357' title='bbox 496 2870 590 2922; x_wconf 80' lang='lat' dir='ltr'><strong>luti</strong></span> <span class='ocrx_word' id='word_1_358' title='bbox 632 2878 1014 2939; x_wconf 73' lang='lat' dir='ltr'><strong>suggerentem</strong></span> <span class='ocrx_word' id='word_1_359' title='bbox 1043 2875 1098 2921; x_wconf 90' lang='lat' dir='ltr'><strong>et</strong></span> <span class='ocrx_word' id='word_1_360' title='bbox 1127 2866 1426 2922; x_wconf 81' lang='lat' dir='ltr'><strong>dictanteiu</strong></span> <span class='ocrx_word' id='word_1_361' title='bbox 1475 2881 1596 2936; x_wconf 72' lang='lat' dir='ltr'><strong>qua:</strong></span> <span class='ocrx_word' id='word_1_362' title='bbox 1647 2864 2060 2920; x_wconf 87' lang='lat' dir='ltr'><strong>scribebantur.</strong></span> 
     </span>
    </p>
   </div>
   <div class='ocr_carea' id='block_1_47' title="bbox 495 2957 2065 3030">
    <p class='ocr_par' dir='ltr' id='par_1_47' title="bbox 495 2957 2065 3030">
     <span class='ocr_line' id='line_1_47' title="bbox 495 2957 2065 3030; baseline 0 -18"><span class='ocrx_word' id='word_1_363' title='bbox 495 2961 557 3014; x_wconf 70' lang='lat' dir='ltr'><strong>lit</strong></span> <span class='ocrx_word' id='word_1_364' title='bbox 584 2976 690 3014; x_wconf 92' lang='lat' dir='ltr'><strong>non</strong></span> <span class='ocrx_word' id='word_1_365' title='bbox 721 2962 890 3015; x_wconf 87' lang='lat' dir='ltr'><strong>multo</strong></span> <span class='ocrx_word' id='word_1_366' title='bbox 911 2967 1036 3030; x_wconf 88' lang='lat' dir='ltr'><strong>post</strong></span> <span class='ocrx_word' id='word_1_367' title='bbox 1071 2976 1088 3016; x_wconf 85' lang='lat'><strong>:</strong></span> <span class='ocrx_word' id='word_1_368' title='bbox 1119 2960 1288 3013; x_wconf 71' lang='lat' dir='ltr'><strong>Aiunt</strong></span> <span class='ocrx_word' id='word_1_369' title='bbox 1335 2967 1514 3013; x_wconf 87' lang='lat' dir='ltr'><strong>autem</strong></span> <span class='ocrx_word' id='word_1_370' title='bbox 1546 2974 1609 3012; x_wconf 81' lang='lat' dir='ltr'><strong>ex</strong></span> <span class='ocrx_word' id='word_1_371' title='bbox 1639 2958 1804 3028; x_wconf 83' lang='lat' dir='ltr'><strong>hujus</strong></span> <span class='ocrx_word' id='word_1_372' title='bbox 1846 2957 2065 3012; x_wconf 85' lang='lat' dir='ltr'><strong>institu-</strong></span> 
     </span>
    </p>
   </div>
   <div class='ocr_carea' id='block_1_48' title="bbox 2175 1855 3736 1932">
    <p class='ocr_par' dir='ltr' id='par_1_48' title="bbox 2175 1855 3736 1932">
     <span class='ocr_line' id='line_1_48' title="bbox 2175 1855 3736 1932; baseline -0.006 -16"><span class='ocrx_word' id='word_1_373' title='bbox 2175 1864 2261 1916; x_wconf 80' lang='grc' dir='ltr'>Ἐν</span> <span class='ocrx_word' id='word_1_374' title='bbox 2297 1865 2407 1922; x_wconf 79' lang='grc' dir='ltr'>τοῖς</span> <span class='ocrx_word' id='word_1_375' title='bbox 2434 1861 2785 1932; x_wconf 82' lang='grc' dir='ltr'>συναξαρίοις</span> <span class='ocrx_word' id='word_1_376' title='bbox 2815 1862 2871 1914; x_wconf 80' lang='grc' dir='ltr'><strong>δὲ</strong></span> <span class='ocrx_word' id='word_1_377' title='bbox 2938 1861 3095 1930; x_wconf 76' lang='grc' dir='ltr'>ἡμῶν</span> <span class='ocrx_word' id='word_1_378' title='bbox 3127 1860 3258 1927; x_wconf 77' lang='grc' dir='ltr'>περὶ</span> <span class='ocrx_word' id='word_1_379' title='bbox 3306 1859 3403 1912; x_wconf 80' lang='grc' dir='ltr'>τοῦ</span> <span class='ocrx_word' id='word_1_380' title='bbox 3463 1855 3736 1928; x_wconf 74' lang='grc' dir='ltr'>μακαρίου</span> 
     </span>
    </p>
   </div>
   <div class='ocr_carea' id='block_1_49' title="bbox 2164 1950 3733 2026">
    <p class='ocr_par' dir='ltr' id='par_1_49' title="bbox 2164 1950 3733 2026">
     <span class='ocr_line' id='line_1_49' title="bbox 2164 1950 3733 2026; baseline -0.006 -17"><span class='ocrx_word' id='word_1_381' title='bbox 2164 1955 2468 2026; x_wconf 81' lang='grc' dir='ltr'>Γρηγορίου</span> <span class='ocrx_word' id='word_1_382' title='bbox 2493 1957 2554 2008; x_wconf 69' lang='grc' dir='ltr'>ιν</span> <span class='ocrx_word' id='word_1_383' title='bbox 2583 1955 2661 2024; x_wconf 82' lang='grc' dir='ltr'>τῷ</span> <span class='ocrx_word' id='word_1_384' title='bbox 2689 1955 2921 2025; x_wconf 83' lang='grc' dir='ltr'>Μαρτίῳ</span> <span class='ocrx_word' id='word_1_385' title='bbox 2947 1955 3076 2023; x_wconf 76' lang='grc' dir='ltr'>μηνὶ</span> <span class='ocrx_word' id='word_1_386' title='bbox 3089 1954 3182 2006; x_wconf 75' lang='grc' dir='ltr'><strong>καὶ</strong></span> <span class='ocrx_word' id='word_1_387' title='bbox 3207 1950 3364 2004; x_wconf 80' lang='grc' dir='ltr'>τοῦτο</span> <span class='ocrx_word' id='word_1_388' title='bbox 3392 1951 3733 2020; x_wconf 77' lang='grc' dir='ltr'><strong>περιέχεται·</strong></span> 
     </span>
    </p>
   </div>
   <div class='ocr_carea' id='block_1_50' title="bbox 2174 2040 3733 2118">
    <p class='ocr_par' dir='ltr' id='par_1_50' title="bbox 2174 2040 3733 2118">
     <span class='ocr_line' id='line_1_50' title="bbox 2174 2040 3733 2118; baseline -0.007 -16"><span class='ocrx_word' id='word_1_389' title='bbox 2174 2049 2234 2102; x_wconf 86' lang='grc'><strong>’0</strong></span> <span class='ocrx_word' id='word_1_390' title='bbox 2263 2048 2565 2118; x_wconf 83' lang='grc' dir='ltr'>Γρηγόριος</span> <span class='ocrx_word' id='word_1_391' title='bbox 2595 2049 2659 2100; x_wconf 76' lang='grc' dir='ltr'><strong>ἐκ</strong></span> <span class='ocrx_word' id='word_1_392' title='bbox 2698 2048 2868 2115; x_wconf 75' lang='grc' dir='ltr'>μέσον</span> <span class='ocrx_word' id='word_1_393' title='bbox 2921 2046 3020 2116; x_wconf 67' lang='grc' dir='ltr'>μὲν</span> <span class='ocrx_word' id='word_1_394' title='bbox 3075 2043 3171 2097; x_wconf 79' lang='grc' dir='ltr'><strong>τοῦ</strong></span> <span class='ocrx_word' id='word_1_395' title='bbox 3209 2043 3348 2113; x_wconf 82' lang='grc' dir='ltr'>βίου,</span> <span class='ocrx_word' id='word_1_396' title='bbox 3400 2043 3458 2094; x_wconf 86' lang='grc' dir='ltr'>ὲν</span> <span class='ocrx_word' id='word_1_397' title='bbox 3495 2043 3644 2110; x_wconf 75' lang='grc' dir='ltr'>μέσῳ</span> <span class='ocrx_word' id='word_1_398' title='bbox 3675 2040 3733 2092; x_wconf 77' lang='grc' dir='ltr'><strong>δὲ</strong></span> 
     </span>
    </p>
   </div>
   <div class='ocr_carea' id='block_1_51' title="bbox 2163 2133 3734 2210">
    <p class='ocr_par' dir='ltr' id='par_1_51' title="bbox 2163 2133 3734 2210">
     <span class='ocr_line' id='line_1_51' title="bbox 2163 2133 3734 2210; baseline -0.006 -16"><span class='ocrx_word' id='word_1_399' title='bbox 2163 2139 2258 2194; x_wconf 85' lang='grc' dir='ltr'>τοῦ</span> <span class='ocrx_word' id='word_1_400' title='bbox 2288 2141 2450 2210; x_wconf 74' lang='grc' dir='ltr'>χοροῦ</span> <span class='ocrx_word' id='word_1_401' title='bbox 2499 2140 2606 2192; x_wconf 83' lang='grc' dir='ltr'>τῶν</span> <span class='ocrx_word' id='word_1_402' title='bbox 2662 2138 2912 2206; x_wconf 80' lang='grc' dir='ltr'>ἀγγέλων</span> <span class='ocrx_word' id='word_1_403' title='bbox 2954 2137 3279 2206; x_wconf 79' lang='grc' dir='ltr'>γενόμενος’</span> <span class='ocrx_word' id='word_1_404' title='bbox 3331 2134 3448 2189; x_wconf 78' lang='grc' dir='ltr'>καίο</span> <span class='ocrx_word' id='word_1_405' title='bbox 3503 2134 3561 2187; x_wconf 89' lang='lat'><strong>&#39;0</strong></span> <span class='ocrx_word' id='word_1_406' title='bbox 3589 2133 3734 2195; x_wconf 83' lang='grc' dir='ltr'>ὅσιος</span> 
     </span>
    </p>
   </div>
   <div class='ocr_carea' id='block_1_52' title="bbox 2164 2223 3736 2302">
    <p class='ocr_par' dir='ltr' id='par_1_52' title="bbox 2164 2223 3736 2302">
     <span class='ocr_line' id='line_1_52' title="bbox 2164 2223 3736 2302; baseline -0.006 -16"><span class='ocrx_word' id='word_1_407' title='bbox 2164 2232 2465 2302; x_wconf 80' lang='grc' dir='ltr'>Γρηγὸριος</span> <span class='ocrx_word' id='word_1_408' title='bbox 2499 2230 2679 2300; x_wconf 73' lang='grc' dir='ltr'>πάσης</span> <span class='ocrx_word' id='word_1_409' title='bbox 2706 2232 2898 2299; x_wconf 76' lang='grc' dir='ltr'>σοφίας</span> <span class='ocrx_word' id='word_1_410' title='bbox 2919 2230 3016 2282; x_wconf 74' lang='grc' dir='ltr'>καὶ</span> <span class='ocrx_word' id='word_1_411' title='bbox 3045 2228 3268 2298; x_wconf 73' lang='grc' dir='ltr'>Γραφῆς</span> <span class='ocrx_word' id='word_1_412' title='bbox 3287 2228 3551 2296; x_wconf 72' lang='grc' dir='ltr'>ἔμπειρος</span> <span class='ocrx_word' id='word_1_413' title='bbox 3565 2223 3736 2278; x_wconf 71' lang='grc' dir='ltr'>πολλὰ</span> 
     </span>
    </p>
   </div>
   <div class='ocr_carea' id='block_1_53' title="bbox 2167 2315 3733 2392">
    <p class='ocr_par' dir='ltr' id='par_1_53' title="bbox 2167 2315 3733 2392">
     <span class='ocr_line' id='line_1_53' title="bbox 2167 2315 3733 2392; baseline -0.005 -16"><span class='ocrx_word' id='word_1_414' title='bbox 2167 2324 2578 2392; x_wconf 79' lang='grc' dir='ltr'>συγγράμματα</span> <span class='ocrx_word' id='word_1_415' title='bbox 2608 2322 2968 2375; x_wconf 73' lang='grc' dir='ltr'><strong>καταλέλοιπε</strong></span> <span class='ocrx_word' id='word_1_416' title='bbox 2989 2339 3004 2353; x_wconf 77' lang='grc' dir='ltr'><strong>ο</strong></span> <span class='ocrx_word' id='word_1_417' title='bbox 3046 2323 3140 2375; x_wconf 74' lang='grc' dir='ltr'><strong>καὶ</strong></span> <span class='ocrx_word' id='word_1_418' title='bbox 3180 2319 3298 2390; x_wconf 78' lang='grc' dir='ltr'>μετ’</span> <span class='ocrx_word' id='word_1_419' title='bbox 3323 2321 3479 2388; x_wconf 80' lang='grc' dir='ltr'><strong>ὀλίγα</strong></span> <span class='ocrx_word' id='word_1_420' title='bbox 3506 2335 3519 2350; x_wconf 89' lang='lat'>&#39;</span> <span class='ocrx_word' id='word_1_421' title='bbox 3551 2317 3627 2371; x_wconf 76' lang='grc' dir='ltr'><strong>Οὐ</strong></span> <span class='ocrx_word' id='word_1_422' title='bbox 3663 2315 3733 2370; x_wconf 73' lang='grc' dir='ltr'><strong>δι’</strong></span> 
     </span>
    </p>
   </div>
   <div class='ocr_carea' id='block_1_54' title="bbox 2163 2411 3730 2482">
    <p class='ocr_par' dir='ltr' id='par_1_54' title="bbox 2163 2411 3730 2482">
     <span class='ocr_line' id='line_1_54' title="bbox 2163 2411 3730 2482; baseline -0.005 -14"><span class='ocrx_word' id='word_1_423' title='bbox 2163 2416 2532 2480; x_wconf 77' lang='grc' dir='ltr'><strong>ἀνθρωπίνων</strong></span> <span class='ocrx_word' id='word_1_424' title='bbox 2555 2413 2938 2482; x_wconf 79' lang='grc' dir='ltr'>συλλογισμῶν</span> <span class='ocrx_word' id='word_1_425' title='bbox 2967 2419 3060 2468; x_wconf 81' lang='grc' dir='ltr'>καί</span> <span class='ocrx_word' id='word_1_426' title='bbox 3087 2413 3185 2481; x_wconf 85' lang='grc' dir='ltr'>τῆς</span> <span class='ocrx_word' id='word_1_427' title='bbox 3228 2415 3287 2464; x_wconf 74' lang='grc' dir='ltr'>ἐν</span> <span class='ocrx_word' id='word_1_428' title='bbox 3325 2412 3504 2479; x_wconf 81' lang='grc' dir='ltr'>λόγοις</span> <span class='ocrx_word' id='word_1_429' title='bbox 3539 2411 3730 2478; x_wconf 74' lang='grc' dir='ltr'>σοφίας</span> 
     </span>
    </p>
   </div>
   <div class='ocr_carea' id='block_1_55' title="bbox 2171 2502 3731 2578">
    <p class='ocr_par' dir='ltr' id='par_1_55' title="bbox 2171 2502 3731 2578">
     <span class='ocr_line' id='line_1_55' title="bbox 2171 2502 3731 2578; baseline -0.003 -18"><span class='ocrx_word' id='word_1_430' title='bbox 2171 2508 2338 2578; x_wconf 76' lang='grc' dir='ltr'>μόνον</span> <span class='ocrx_word' id='word_1_431' title='bbox 2367 2505 2714 2570; x_wconf 71' lang='grc' dir='ltr'>συντεθέντα,</span> <span class='ocrx_word' id='word_1_432' title='bbox 2765 2505 2900 2559; x_wconf 78' lang='grc' dir='ltr'><strong>ἀλλὰ</strong></span> <span class='ocrx_word' id='word_1_433' title='bbox 2929 2504 3018 2556; x_wconf 78' lang='grc' dir='ltr'><strong>διὰ</strong></span> <span class='ocrx_word' id='word_1_434' title='bbox 3072 2503 3391 2574; x_wconf 79' lang='grc' dir='ltr'>Πνεύματος</span> <span class='ocrx_word' id='word_1_435' title='bbox 3425 2503 3606 2568; x_wconf 81' lang='grc' dir='ltr'>ἁγίου,</span> <span class='ocrx_word' id='word_1_436' title='bbox 3655 2502 3731 2566; x_wconf 84' lang='grc' dir='ltr'><strong>ὡς</strong></span> 
     </span>
    </p>
   </div>
   <div class='ocr_carea' id='block_1_56' title="bbox 2167 2595 3730 2668">
    <p class='ocr_par' dir='ltr' id='par_1_56' title="bbox 2167 2595 3730 2668">
     <span class='ocr_line' id='line_1_56' title="bbox 2167 2595 3730 2668; baseline -0.003 -17"><span class='ocrx_word' id='word_1_437' title='bbox 2167 2597 2308 2668; x_wconf 71' lang='grc' dir='ltr'>μετὰ</span> <span class='ocrx_word' id='word_1_438' title='bbox 2337 2598 2439 2667; x_wconf 74' lang='grc' dir='ltr'>τὴν</span> <span class='ocrx_word' id='word_1_439' title='bbox 2469 2596 2636 2652; x_wconf 81' lang='grc' dir='ltr'>αὐτοῦ</span> <span class='ocrx_word' id='word_1_440' title='bbox 2676 2599 2738 2652; x_wconf 79' lang='grc' dir='ltr'><strong>ἐκ</strong></span> <span class='ocrx_word' id='word_1_441' title='bbox 2767 2595 2865 2651; x_wconf 81' lang='grc' dir='ltr'><strong>τοῦ</strong></span> <span class='ocrx_word' id='word_1_442' title='bbox 2901 2595 3022 2666; x_wconf 85' lang='grc' dir='ltr'>βίου</span> <span class='ocrx_word' id='word_1_443' title='bbox 3058 2595 3324 2649; x_wconf 68' lang='grc' dir='ltr'>ἀνάλυσιν</span> <span class='ocrx_word' id='word_1_444' title='bbox 3355 2597 3560 2666; x_wconf 76' lang='grc' dir='ltr'>Πέτρος</span> <span class='ocrx_word' id='word_1_445' title='bbox 3587 2595 3730 2662; x_wconf 79' lang='grc' dir='ltr'><strong>ὀάρ-</strong></span> 
     </span>
    </p>
   </div>
   <div class='ocr_carea' id='block_1_57' title="bbox 2167 2689 3709 2762">
    <p class='ocr_par' dir='ltr' id='par_1_57' title="bbox 2167 2689 3709 2762">
     <span class='ocr_line' id='line_1_57' title="bbox 2167 2689 3709 2762; baseline -0.002 -18"><span class='ocrx_word' id='word_1_446' title='bbox 2167 2693 2475 2762; x_wconf 80' lang='grc' dir='ltr'>χιδιάκονος</span> <span class='ocrx_word' id='word_1_447' title='bbox 2515 2690 2683 2744; x_wconf 76' lang='grc' dir='ltr'>αὑτοῦ</span> <span class='ocrx_word' id='word_1_448' title='bbox 2738 2691 3068 2760; x_wconf 73' lang='grc' dir='ltr'><strong>ἐξηγήσατο,</strong></span> <span class='ocrx_word' id='word_1_449' title='bbox 3113 2689 3241 2742; x_wconf 70' lang='grc' dir='ltr'>ἰδεῖν</span> <span class='ocrx_word' id='word_1_450' title='bbox 3273 2689 3447 2756; x_wconf 70' lang='grc' dir='ltr'>λέγων</span> <span class='ocrx_word' id='word_1_451' title='bbox 3487 2701 3709 2757; x_wconf 77' lang='grc' dir='ltr'>περιστε</span> 
     </span>
    </p>
   </div>
   <div class='ocr_carea' id='block_1_58' title="bbox 2170 2781 3728 2854">
    <p class='ocr_par' dir='ltr' id='par_1_58' title="bbox 2170 2781 3728 2854">
     <span class='ocr_line' id='line_1_58' title="bbox 2170 2781 3728 2854; baseline -0.003 -18"><span class='ocrx_word' id='word_1_452' title='bbox 2170 2785 2272 2854; x_wconf 72' lang='grc' dir='ltr'><strong>ραν</strong></span> <span class='ocrx_word' id='word_1_453' title='bbox 2293 2784 2490 2853; x_wconf 77' lang='grc' dir='ltr'>λευκὴν</span> <span class='ocrx_word' id='word_1_454' title='bbox 2523 2784 2580 2835; x_wconf 80' lang='grc' dir='ltr'>ὲν</span> <span class='ocrx_word' id='word_1_455' title='bbox 2611 2782 2688 2852; x_wconf 80' lang='grc' dir='ltr'><strong>τῷ</strong></span> <span class='ocrx_word' id='word_1_456' title='bbox 2718 2783 2956 2853; x_wconf 73' lang='grc' dir='ltr'>γράφειν</span> <span class='ocrx_word' id='word_1_457' title='bbox 2989 2783 3154 2837; x_wconf 74' lang='grc' dir='ltr'>αὐτὸν</span> <span class='ocrx_word' id='word_1_458' title='bbox 3177 2781 3254 2848; x_wconf 79' lang='grc' dir='ltr'>τῷ</span> <span class='ocrx_word' id='word_1_459' title='bbox 3307 2781 3473 2834; x_wconf 79' lang='grc' dir='ltr'>αὑτοῦ</span> <span class='ocrx_word' id='word_1_460' title='bbox 3503 2795 3728 2847; x_wconf 78' lang='grc' dir='ltr'>προσεγο</span> 
     </span>
    </p>
   </div>
   <div class='ocr_carea' id='block_1_59' title="bbox 2165 2870 3714 2945">
    <p class='ocr_par' dir='ltr' id='par_1_59' title="bbox 2165 2870 3714 2945">
     <span class='ocr_line' id='line_1_59' title="bbox 2165 2870 3714 2945; baseline -0.001 -19"><span class='ocrx_word' id='word_1_461' title='bbox 2165 2876 2435 2942; x_wconf 79' lang='grc' dir='ltr'>γίζουσαν</span> <span class='ocrx_word' id='word_1_462' title='bbox 2464 2875 2718 2945; x_wconf 84' lang='grc' dir='ltr'>στόματι,</span> <span class='ocrx_word' id='word_1_463' title='bbox 2751 2878 2846 2928; x_wconf 79' lang='grc' dir='ltr'><strong>καὶ</strong></span> <span class='ocrx_word' id='word_1_464' title='bbox 2873 2870 2988 2927; x_wconf 75' lang='grc' dir='ltr'>οἷον</span> <span class='ocrx_word' id='word_1_465' title='bbox 3039 2875 3417 2944; x_wconf 65' lang='grc' dir='ltr'>ἐξηγουμένην</span> <span class='ocrx_word' id='word_1_466' title='bbox 3449 2873 3546 2926; x_wconf 78' lang='grc' dir='ltr'><strong>καὶ</strong></span> <span class='ocrx_word' id='word_1_467' title='bbox 3573 2887 3714 2942; x_wconf 82' lang='grc' dir='ltr'>προσ</span> 
     </span>
    </p>
   </div>
   <div class='ocr_carea' id='block_1_60' title="bbox 2165 2965 3732 3038">
    <p class='ocr_par' dir='ltr' id='par_1_60' title="bbox 2165 2965 3732 3038">
     <span class='ocr_line' id='line_1_60' title="bbox 2165 2965 3732 3038; baseline 0.001 -19"><span class='ocrx_word' id='word_1_468' title='bbox 2165 2967 2430 3038; x_wconf 83' lang='grc' dir='ltr'>ορμῶσαν</span> <span class='ocrx_word' id='word_1_469' title='bbox 2459 2968 2596 3037; x_wconf 81' lang='grc' dir='ltr'>πρὸς</span> <span class='ocrx_word' id='word_1_470' title='bbox 2625 2969 2740 3030; x_wconf 81' lang='grc' dir='ltr'>τοῖς</span> <span class='ocrx_word' id='word_1_471' title='bbox 2758 2965 3168 3037; x_wconf 66' lang='grc' dir='ltr'>γεγραμμᾶνοις</span> <span class='ocrx_word' id='word_1_472' title='bbox 3194 2967 3316 3020; x_wconf 75' lang='grc' dir='ltr'><strong>’καὶ</strong></span> <span class='ocrx_word' id='word_1_473' title='bbox 3345 2970 3482 3036; x_wconf 76' lang='grc' dir='ltr'>μετὰ</span> <span class='ocrx_word' id='word_1_474' title='bbox 3507 2965 3732 3037; x_wconf 80' lang='grc' dir='ltr'><strong>βραχέα·</strong></span> 
     </span>
    </p>
   </div>
   <div class='ocr_carea' id='block_1_61' title="bbox 496 3049 2061 3130">
    <p class='ocr_par' dir='ltr' id='par_1_61' title="bbox 496 3049 2061 3122">
     <span class='ocr_line' id='line_1_61' title="bbox 496 3049 2061 3122; baseline -0.003 -17"><span class='ocrx_word' id='word_1_475' title='bbox 496 3055 643 3108; x_wconf 89' lang='lat' dir='ltr'><strong>tione</strong></span> <span class='ocrx_word' id='word_1_476' title='bbox 668 3053 891 3116; x_wconf 81' lang='lat' dir='ltr'><strong>factum,</strong></span> <span class='ocrx_word' id='word_1_477' title='bbox 957 3059 1016 3106; x_wconf 84' lang='lat' dir='ltr'><strong>ut</strong></span> <span class='ocrx_word' id='word_1_478' title='bbox 1066 3049 1534 3122; x_wconf 75' lang='lat' dir='ltr'><strong>quadragesimali</strong></span> <span class='ocrx_word' id='word_1_479' title='bbox 1605 3059 1853 3120; x_wconf 89' lang='lat' dir='ltr'><strong>tempore</strong></span> <span class='ocrx_word' id='word_1_480' title='bbox 1920 3050 2061 3118; x_wconf 87' lang='lat' dir='ltr'><strong>apud</strong></span> 
     </span>
    </p>
   </div>
   <div class='ocr_carea' id='block_1_62' title="bbox 2166 3049 3733 3130">
    <p class='ocr_par' dir='ltr' id='par_1_62' title="bbox 2168 3058 3733 3130">
     <span class='ocr_line' id='line_1_62' title="bbox 2168 3058 3733 3130; baseline 0.001 -19"><span class='ocrx_word' id='word_1_481' title='bbox 2168 3060 2304 3111; x_wconf 75' lang='grc' dir='ltr'>Φασὶ</span> <span class='ocrx_word' id='word_1_482' title='bbox 2337 3059 2414 3121; x_wconf 79' lang='grc' dir='ltr'><strong>δὲ,</strong></span> <span class='ocrx_word' id='word_1_483' title='bbox 2447 3059 2528 3112; x_wconf 80' lang='grc' dir='ltr'><strong>ὅτι</strong></span> <span class='ocrx_word' id='word_1_484' title='bbox 2557 3059 2930 3112; x_wconf 76' lang='grc' dir='ltr'><strong>ἐπιτελεῖσθαι</strong></span> <span class='ocrx_word' id='word_1_485' title='bbox 2961 3059 3308 3128; x_wconf 71' lang='grc' dir='ltr'>λειτουργίαν</span> <span class='ocrx_word' id='word_1_486' title='bbox 3341 3058 3554 3113; x_wconf 81' lang='grc' dir='ltr'>τελείαν</span> <span class='ocrx_word' id='word_1_487' title='bbox 3586 3059 3733 3130; x_wconf 73' lang='grc' dir='ltr'>παρὸ</span> 
     </span>
    </p>
   </div>
   <div class='ocr_carea' id='block_1_63' title="bbox 495 3143 2061 3212">
    <p class='ocr_par' dir='ltr' id='par_1_63' title="bbox 495 3143 2061 3212">
     <span class='ocr_line' id='line_1_63' title="bbox 495 3143 2061 3212; baseline -0.004 -13"><span class='ocrx_word' id='word_1_488' title='bbox 495 3146 776 3199; x_wconf 72' lang='lat' dir='ltr'><strong>Romanos</strong></span> <span class='ocrx_word' id='word_1_489' title='bbox 808 3143 986 3198; x_wconf 69' lang='lat' dir='ltr'><strong>Missa:</strong></span> <span class='ocrx_word' id='word_1_490' title='bbox 1015 3143 1348 3196; x_wconf 67' lang='lat' dir='ltr'><strong>sacrificium</strong></span> <span class='ocrx_word' id='word_1_491' title='bbox 1415 3143 1688 3212; x_wconf 76' lang='lat' dir='ltr'><strong>integrum</strong></span> <span class='ocrx_word' id='word_1_492' title='bbox 1746 3151 2061 3211; x_wconf 65' lang='lat' dir='ltr'><strong>peragatur,</strong></span> 
     </span>
    </p>
   </div>
   <div class='ocr_carea' id='block_1_64' title="bbox 495 3232 2067 3308">
    <p class='ocr_par' dir='ltr' id='par_1_64' title="bbox 495 3232 2067 3308">
     <span class='ocr_line' id='line_1_64' title="bbox 495 3232 2067 3308; baseline 0 -20"><span class='ocrx_word' id='word_1_493' title='bbox 495 3237 639 3308; x_wconf 81' lang='lat' dir='ltr'><strong>quod</strong></span> <span class='ocrx_word' id='word_1_494' title='bbox 677 3238 818 3306; x_wconf 89' lang='lat' dir='ltr'><strong>apud</strong></span> <span class='ocrx_word' id='word_1_495' title='bbox 851 3236 970 3290; x_wconf 85' lang='lat' dir='ltr'><strong>illos</strong></span> <span class='ocrx_word' id='word_1_496' title='bbox 1021 3233 1291 3303; x_wconf 75' lang='lat' dir='ltr'><strong>hodieque</strong></span> <span class='ocrx_word' id='word_1_497' title='bbox 1321 3245 1593 3288; x_wconf 90' lang='lat' dir='ltr'><strong>servatur.</strong></span> <span class='ocrx_word' id='word_1_498' title='bbox 1632 3232 1737 3287; x_wconf 87' lang='lat' dir='ltr'><strong>Sed</strong></span> <span class='ocrx_word' id='word_1_499' title='bbox 1787 3248 1896 3288; x_wconf 89' lang='lat' dir='ltr'><strong>non</strong></span> <span class='ocrx_word' id='word_1_500' title='bbox 1941 3247 2067 3302; x_wconf 89' lang='lat' dir='ltr'><strong>pro-</strong></span> 
     </span>
    </p>
   </div>
   <div class='ocr_carea' id='block_1_65' title="bbox 497 3324 2063 3400">
    <p class='ocr_par' dir='ltr' id='par_1_65' title="bbox 497 3324 2063 3400">
     <span class='ocr_line' id='line_1_65' title="bbox 497 3324 2063 3400; baseline 0.001 -20"><span class='ocrx_word' id='word_1_501' title='bbox 497 3343 678 3400; x_wconf 80' lang='lat' dir='ltr'><strong>pterea</strong></span> <span class='ocrx_word' id='word_1_502' title='bbox 709 3326 968 3396; x_wconf 80' lang='lat' dir='ltr'><strong>disjnncti</strong></span> <span class='ocrx_word' id='word_1_503' title='bbox 999 3324 1226 3390; x_wconf 80' lang='lat' dir='ltr'><strong>luimus,</strong></span> <span class='ocrx_word' id='word_1_504' title='bbox 1272 3339 1448 3392; x_wconf 82' lang='lat' dir='ltr'><strong>neque</strong></span> <span class='ocrx_word' id='word_1_505' title='bbox 1474 3325 1618 3380; x_wconf 85' lang='lat' dir='ltr'><strong>illius</strong></span> <span class='ocrx_word' id='word_1_506' title='bbox 1647 3324 1746 3380; x_wconf 62' lang='lat' dir='ltr'><strong>aevi</strong></span> <span class='ocrx_word' id='word_1_507' title='bbox 1812 3327 2063 3382; x_wconf 76' lang='lat' dir='ltr'><strong>homines</strong></span> 
     </span>
    </p>
   </div>
   <div class='ocr_carea' id='block_1_66' title="bbox 497 3417 2063 3489">
    <p class='ocr_par' dir='ltr' id='par_1_66' title="bbox 497 3417 2063 3489">
     <span class='ocr_line' id='line_1_66' title="bbox 497 3417 2063 3489; baseline 0.001 -14"><span class='ocrx_word' id='word_1_508' title='bbox 497 3425 604 3475; x_wconf 79' lang='lat' dir='ltr'><strong>duo</strong></span> <span class='ocrx_word' id='word_1_509' title='bbox 639 3419 931 3474; x_wconf 81' lang='lat' dir='ltr'><strong>missarum</strong></span> <span class='ocrx_word' id='word_1_510' title='bbox 991 3432 1194 3488; x_wconf 73' lang='lat' dir='ltr'><strong>genera</strong></span> <span class='ocrx_word' id='word_1_511' title='bbox 1253 3417 1648 3482; x_wconf 79' lang='lat' dir='ltr'><strong>dixerunt;et</strong></span> <span class='ocrx_word' id='word_1_512' title='bbox 1707 3433 1886 3489; x_wconf 88' lang='lat' dir='ltr'><strong>neque</strong></span> <span class='ocrx_word' id='word_1_513' title='bbox 1940 3420 2063 3476; x_wconf 83' lang='lat' dir='ltr'><strong>illos</strong></span> 
     </span>
    </p>
   </div>
   <div class='ocr_carea' id='block_1_67' title="bbox 501 3509 2061 3590">
    <p class='ocr_par' dir='ltr' id='par_1_67' title="bbox 501 3509 2061 3590">
     <span class='ocr_line' id='line_1_67' title="bbox 501 3509 2061 3590; baseline 0 -24"><span class='ocrx_word' id='word_1_514' title='bbox 501 3516 602 3590; x_wconf 82' lang='lat' dir='ltr'><strong>ipsi</strong></span> <span class='ocrx_word' id='word_1_515' title='bbox 634 3527 874 3584; x_wconf 81' lang='lat' dir='ltr'><strong>unquam</strong></span> <span class='ocrx_word' id='word_1_516' title='bbox 900 3509 1263 3580; x_wconf 67' lang='lat' dir='ltr'><strong>culpavimus,</strong></span> <span class='ocrx_word' id='word_1_517' title='bbox 1300 3525 1479 3580; x_wconf 83' lang='lat' dir='ltr'><strong>neque</strong></span> <span class='ocrx_word' id='word_1_518' title='bbox 1509 3510 1584 3564; x_wconf 90' lang='lat' dir='ltr'><strong>illi</strong></span> <span class='ocrx_word' id='word_1_519' title='bbox 1622 3525 1722 3566; x_wconf 88' lang='lat' dir='ltr'><strong>nos</strong></span> <span class='ocrx_word' id='word_1_520' title='bbox 1747 3519 2061 3580; x_wconf 73' lang='lat' dir='ltr'><strong>coegerunt</strong></span> 
     </span>
    </p>
   </div>
   <div class='ocr_carea' id='block_1_68' title="bbox 499 3601 2065 3674">
    <p class='ocr_par' dir='ltr' id='par_1_68' title="bbox 499 3601 2065 3674">
     <span class='ocr_line' id='line_1_68' title="bbox 499 3601 2065 3674; baseline -0.002 -15"><span class='ocrx_word' id='word_1_521' title='bbox 499 3607 564 3660; x_wconf 89' lang='lat' dir='ltr'><strong>ad</strong></span> <span class='ocrx_word' id='word_1_522' title='bbox 601 3603 914 3674; x_wconf 88' lang='lat' dir='ltr'><strong>hujusmodi</strong></span> <span class='ocrx_word' id='word_1_523' title='bbox 946 3601 1446 3667; x_wconf 87' lang='lat' dir='ltr'><strong>consuetudinem;</strong></span> <span class='ocrx_word' id='word_1_524' title='bbox 1483 3602 1744 3674; x_wconf 90' lang='lat' dir='ltr'><strong>quoniam</strong></span> <span class='ocrx_word' id='word_1_525' title='bbox 1775 3603 1891 3658; x_wconf 69' lang='lat' dir='ltr'><strong>haec</strong></span> <span class='ocrx_word' id='word_1_526' title='bbox 1917 3602 2065 3657; x_wconf 87' lang='lat' dir='ltr'><strong>veri-</strong></span> 
     </span>
    </p>
   </div>
   <div class='ocr_carea' id='block_1_69' title="bbox 500 3695 1189 3754">
    <p class='ocr_par' dir='ltr' id='par_1_69' title="bbox 500 3695 1189 3754">
     <span class='ocr_line' id='line_1_69' title="bbox 500 3695 1189 3754; baseline -0.007 0"><span class='ocrx_word' id='word_1_527' title='bbox 500 3701 593 3754; x_wconf 77' lang='lat' dir='ltr'><strong>tati</strong></span> <span class='ocrx_word' id='word_1_528' title='bbox 615 3697 740 3754; x_wconf 81' lang='lat' dir='ltr'><strong>ﬁdei</strong></span> <span class='ocrx_word' id='word_1_529' title='bbox 764 3697 900 3751; x_wconf 89' lang='lat' dir='ltr'><strong>nihil</strong></span> <span class='ocrx_word' id='word_1_530' title='bbox 921 3695 1189 3750; x_wconf 76' lang='lat' dir='ltr'><strong>ofﬁciunt.</strong></span> 
     </span>
    </p>
   </div>
   <div class='ocr_carea' id='block_1_70' title="bbox 1143 3787 1392 3844">
    <p class='ocr_par' dir='ltr' id='par_1_70' title="bbox 1143 3787 1392 3844">
     <span class='ocr_line' id='line_1_70' title="bbox 1143 3787 1392 3844; baseline 0 -2"><span class='ocrx_word' id='word_1_531' title='bbox 1143 3787 1392 3844; x_wconf 82' lang='lat' dir='ltr'><strong>EPHES.</strong></span> 
     </span>
    </p>
   </div>
   <div class='ocr_carea' id='block_1_71' title="bbox 565 3883 2066 3954">
    <p class='ocr_par' dir='ltr' id='par_1_71' title="bbox 565 3883 2066 3954">
     <span class='ocr_line' id='line_1_71' title="bbox 565 3883 2066 3954; baseline 0.003 -20"><span class='ocrx_word' id='word_1_532' title='bbox 565 3883 697 3936; x_wconf 83' lang='lat' dir='ltr'><strong>Bina</strong></span> <span class='ocrx_word' id='word_1_533' title='bbox 719 3897 936 3954; x_wconf 89' lang='lat' dir='ltr'><strong>quoque</strong></span> <span class='ocrx_word' id='word_1_534' title='bbox 983 3883 1349 3954; x_wconf 86' lang='lat' dir='ltr'><strong>haptismata;</strong></span> <span class='ocrx_word' id='word_1_535' title='bbox 1403 3897 1568 3937; x_wconf 91' lang='lat' dir='ltr'><strong>unum</strong></span> <span class='ocrx_word' id='word_1_536' title='bbox 1608 3883 1753 3951; x_wconf 91' lang='lat' dir='ltr'><strong>quod</strong></span> <span class='ocrx_word' id='word_1_537' title='bbox 1788 3883 1931 3938; x_wconf 89' lang='lat' dir='ltr'><strong>trina</strong></span> <span class='ocrx_word' id='word_1_538' title='bbox 1967 3886 2066 3938; x_wconf 87' lang='lat' dir='ltr'><strong>im-</strong></span> 
     </span>
    </p>
   </div>
   <div class='ocr_carea' id='block_1_72' title="bbox 500 3973 2065 4044">
    <p class='ocr_par' dir='ltr' id='par_1_72' title="bbox 500 3973 2065 4044">
     <span class='ocr_line' id='line_1_72' title="bbox 500 3973 2065 4044; baseline 0.001 -14"><span class='ocrx_word' id='word_1_539' title='bbox 500 3976 770 4030; x_wconf 89' lang='lat' dir='ltr'><strong>mersione</strong></span> <span class='ocrx_word' id='word_1_540' title='bbox 801 3974 1110 4042; x_wconf 79' lang='lat' dir='ltr'><strong>confertur,</strong></span> <span class='ocrx_word' id='word_1_541' title='bbox 1149 3976 1380 4032; x_wconf 90' lang='lat' dir='ltr'><strong>alterum</strong></span> <span class='ocrx_word' id='word_1_542' title='bbox 1412 3973 1560 4044; x_wconf 90' lang='lat' dir='ltr'><strong>quod</strong></span> <span class='ocrx_word' id='word_1_543' title='bbox 1597 3990 1750 4044; x_wconf 66' lang='lat' dir='ltr'><strong>aqua:</strong></span> <span class='ocrx_word' id='word_1_544' title='bbox 1786 3975 2065 4032; x_wconf 85' lang='lat' dir='ltr'><strong>inlusione</strong></span> 
     </span>
    </p>
   </div>
   <div class='ocr_carea' id='block_1_73' title="bbox 496 4066 2060 4136">
    <p class='ocr_par' dir='ltr' id='par_1_73' title="bbox 496 4066 2060 4136">
     <span class='ocr_line' id='line_1_73' title="bbox 496 4066 2060 4136; baseline 0 -15"><span class='ocrx_word' id='word_1_545' title='bbox 496 4083 526 4121; x_wconf 89' lang='lat' dir='ltr'><strong>a</strong></span> <span class='ocrx_word' id='word_1_546' title='bbox 557 4082 768 4120; x_wconf 89' lang='lat' dir='ltr'><strong>summo</strong></span> <span class='ocrx_word' id='word_1_547' title='bbox 795 4067 1034 4132; x_wconf 79' lang='lat' dir='ltr'><strong>vertice;</strong></span> <span class='ocrx_word' id='word_1_548' title='bbox 1071 4074 1126 4120; x_wconf 91' lang='lat' dir='ltr'><strong>et</strong></span> <span class='ocrx_word' id='word_1_549' title='bbox 1168 4083 1335 4120; x_wconf 90' lang='lat' dir='ltr'><strong>unum</strong></span> <span class='ocrx_word' id='word_1_550' title='bbox 1376 4069 1623 4136; x_wconf 86' lang='lat' dir='ltr'><strong>quidem,</strong></span> <span class='ocrx_word' id='word_1_551' title='bbox 1649 4066 1794 4134; x_wconf 87' lang='lat' dir='ltr'><strong>quod</strong></span> <span class='ocrx_word' id='word_1_552' title='bbox 1819 4068 2060 4122; x_wconf 87' lang='lat' dir='ltr'><strong>chrisma</strong></span> 
     </span>
    </p>
   </div>
   <div class='ocr_carea' id='block_1_74' title="bbox 495 4153 2064 4226">
    <p class='ocr_par' dir='ltr' id='par_1_74' title="bbox 495 4153 2064 4226">
     <span class='ocr_line' id='line_1_74' title="bbox 495 4153 2064 4226; baseline 0.004 -21"><span class='ocrx_word' id='word_1_553' title='bbox 495 4153 662 4206; x_wconf 88' lang='lat' dir='ltr'><strong>etiam</strong></span> <span class='ocrx_word' id='word_1_554' title='bbox 718 4153 962 4220; x_wconf 91' lang='lat' dir='ltr'><strong>adhibet,</strong></span> <span class='ocrx_word' id='word_1_555' title='bbox 997 4158 1231 4209; x_wconf 86' lang='lat' dir='ltr'><strong>alterum</strong></span> <span class='ocrx_word' id='word_1_556' title='bbox 1270 4169 1404 4209; x_wconf 79' lang='lat' dir='ltr'><strong>vero</strong></span> <span class='ocrx_word' id='word_1_557' title='bbox 1437 4155 1581 4226; x_wconf 89' lang='lat' dir='ltr'><strong>quod</strong></span> <span class='ocrx_word' id='word_1_558' title='bbox 1631 4155 1896 4212; x_wconf 79' lang='lat' dir='ltr'><strong>adhibere</strong></span> <span class='ocrx_word' id='word_1_559' title='bbox 1933 4157 2064 4212; x_wconf 87' lang='lat' dir='ltr'><strong>illud</strong></span> 
     </span>
    </p>
   </div>
   <div class='ocr_carea' id='block_1_75' title="bbox 499 4242 1367 4314">
    <p class='ocr_par' dir='ltr' id='par_1_75' title="bbox 499 4242 1367 4314">
     <span class='ocr_line' id='line_1_75' title="bbox 499 4242 1367 4314; baseline 0.005 -19"><span class='ocrx_word' id='word_1_560' title='bbox 499 4242 638 4296; x_wconf 90' lang='lat' dir='ltr'><strong>nihil</strong></span> <span class='ocrx_word' id='word_1_561' title='bbox 663 4258 893 4314; x_wconf 86' lang='lat' dir='ltr'><strong>prorsus</strong></span> <span class='ocrx_word' id='word_1_562' title='bbox 919 4258 1149 4300; x_wconf 86' lang='lat' dir='ltr'><strong>necesse</strong></span> <span class='ocrx_word' id='word_1_563' title='bbox 1179 4245 1367 4300; x_wconf 88' lang='lat' dir='ltr'><strong>habet.</strong></span> 
     </span>
    </p>
   </div>
   <div class='ocr_carea' id='block_1_76' title="bbox 1188 4334 1386 4391">
    <p class='ocr_par' dir='ltr' id='par_1_76' title="bbox 1188 4334 1386 4391">
     <span class='ocr_line' id='line_1_76' title="bbox 1188 4334 1386 4391; baseline 0.015 -3"><span class='ocrx_word' id='word_1_564' title='bbox 1188 4334 1386 4391; x_wconf 70' lang='lat' dir='ltr'><strong>RESP.</strong></span> 
     </span>
    </p>
   </div>
   <div class='ocr_carea' id='block_1_77' title="bbox 2179 3149 3734 3218">
    <p class='ocr_par' dir='ltr' id='par_1_77' title="bbox 2179 3149 3734 3218">
     <span class='ocr_line' id='line_1_77' title="bbox 2179 3149 3734 3218; baseline 0 -17"><span class='ocrx_word' id='word_1_565' title='bbox 2179 3149 2473 3217; x_wconf 85' lang='grc' dir='ltr'>Ῥωμαίοις</span> <span class='ocrx_word' id='word_1_566' title='bbox 2503 3151 2563 3202; x_wconf 81' lang='grc' dir='ltr'>ἐν</span> <span class='ocrx_word' id='word_1_567' title='bbox 2593 3151 2715 3211; x_wconf 86' lang='grc' dir='ltr'>ταῖς</span> <span class='ocrx_word' id='word_1_568' title='bbox 2746 3150 3028 3218; x_wconf 78' lang='grc' dir='ltr'>νηστίμοις</span> <span class='ocrx_word' id='word_1_569' title='bbox 3100 3149 3338 3218; x_wconf 76' lang='grc' dir='ltr'><strong>ἡμέραις</strong></span> <span class='ocrx_word' id='word_1_570' title='bbox 3381 3149 3537 3211; x_wconf 74' lang='grc' dir='ltr'>οὗτός</span> <span class='ocrx_word' id='word_1_571' title='bbox 3591 3152 3734 3202; x_wconf 61' lang='grc' dir='ltr'>ἐστιν</span> 
     </span>
    </p>
   </div>
   <div class='ocr_carea' id='block_1_78' title="bbox 2165 3237 3734 3309">
    <p class='ocr_par' dir='ltr' id='par_1_78' title="bbox 2165 3237 3734 3309">
     <span class='ocr_line' id='line_1_78' title="bbox 2165 3237 3734 3309; baseline 0.001 -18"><span class='ocrx_word' id='word_1_572' title='bbox 2165 3240 2194 3291; x_wconf 84' lang='grc' dir='ltr'>ὁ</span> <span class='ocrx_word' id='word_1_573' title='bbox 2229 3237 2624 3307; x_wconf 83' lang='grc' dir='ltr'>νομοθετήσας.</span> <span class='ocrx_word' id='word_1_574' title='bbox 2651 3237 2791 3308; x_wconf 85' lang='grc' dir='ltr'>ὅπερ</span> <span class='ocrx_word' id='word_1_575' title='bbox 2845 3241 3130 3305; x_wconf 79' lang='grc' dir='ltr'>κρατεῖται</span> <span class='ocrx_word' id='word_1_576' title='bbox 3163 3238 3328 3309; x_wconf 82' lang='grc' dir='ltr'>μέχρι</span> <span class='ocrx_word' id='word_1_577' title='bbox 3370 3237 3471 3308; x_wconf 81' lang='grc' dir='ltr'>τῆς</span> <span class='ocrx_word' id='word_1_578' title='bbox 3497 3239 3734 3308; x_wconf 65' lang='grc' dir='ltr'>σήμερον</span> 
     </span>
    </p>
   </div>
   <div class='ocr_carea' id='block_1_79' title="bbox 2167 3327 3733 3397">
    <p class='ocr_par' dir='ltr' id='par_1_79' title="bbox 2167 3327 3733 3397">
     <span class='ocr_line' id='line_1_79' title="bbox 2167 3327 3733 3397; baseline -0.002 -15"><span class='ocrx_word' id='word_1_579' title='bbox 2167 3328 2300 3397; x_wconf 81' lang='grc' dir='ltr'>παρ’</span> <span class='ocrx_word' id='word_1_580' title='bbox 2329 3329 2540 3389; x_wconf 79' lang='grc' dir='ltr'>αὐτοῖς.</span> <span class='ocrx_word' id='word_1_581' title='bbox 2581 3327 2810 3380; x_wconf 75' lang='grc' dir='ltr'>’Δλλόὺ</span> <span class='ocrx_word' id='word_1_582' title='bbox 2861 3329 2950 3380; x_wconf 70' lang='grc' dir='ltr'>διὰ</span> <span class='ocrx_word' id='word_1_583' title='bbox 2997 3327 3160 3381; x_wconf 83' lang='grc' dir='ltr'>τοῦτο</span> <span class='ocrx_word' id='word_1_584' title='bbox 3210 3329 3568 3397; x_wconf 76' lang='grc' dir='ltr'>ἐσχίσοημεν,</span> <span class='ocrx_word' id='word_1_585' title='bbox 3615 3327 3733 3382; x_wconf 63' lang='grc' dir='ltr'>οὐδὲ</span> 
     </span>
    </p>
   </div>
   <div class='ocr_carea' id='block_1_80' title="bbox 2168 3419 3738 3490">
    <p class='ocr_par' dir='ltr' id='par_1_80' title="bbox 2168 3419 3738 3490">
     <span class='ocr_line' id='line_1_80' title="bbox 2168 3419 3738 3490; baseline 0 -18"><span class='ocrx_word' id='word_1_586' title='bbox 2168 3421 2352 3483; x_wconf 76' lang='grc' dir='ltr'>διττὰς</span> <span class='ocrx_word' id='word_1_587' title='bbox 2407 3419 2762 3490; x_wconf 78' lang='grc' dir='ltr'>λειτουργίας</span> <span class='ocrx_word' id='word_1_588' title='bbox 2813 3419 3106 3487; x_wconf 77' lang='grc' dir='ltr'>ὠνόμασαν</span> <span class='ocrx_word' id='word_1_589' title='bbox 3136 3420 3186 3470; x_wconf 76' lang='lat' dir='ltr'><strong>oi</strong></span> <span class='ocrx_word' id='word_1_590' title='bbox 3237 3419 3371 3472; x_wconf 79' lang='grc' dir='ltr'>τότε·</span> <span class='ocrx_word' id='word_1_591' title='bbox 3411 3420 3594 3484; x_wconf 74' lang='grc' dir='ltr'>ὅντες·</span> <span class='ocrx_word' id='word_1_592' title='bbox 3625 3419 3738 3474; x_wconf 77' lang='grc' dir='ltr'><strong>ἀλλ’</strong></span> 
     </span>
    </p>
   </div>
   <div class='ocr_carea' id='block_1_81' title="bbox 2165 3512 3738 3582">
    <p class='ocr_par' dir='ltr' id='par_1_81' title="bbox 2165 3512 3738 3582">
     <span class='ocr_line' id='line_1_81' title="bbox 2165 3512 3738 3582; baseline 0 -18"><span class='ocrx_word' id='word_1_593' title='bbox 2165 3512 2276 3564; x_wconf 74' lang='grc' dir='ltr'>οὐδ’</span> <span class='ocrx_word' id='word_1_594' title='bbox 2349 3514 2514 3581; x_wconf 76' lang='grc' dir='ltr'>ἡμεῖς</span> <span class='ocrx_word' id='word_1_595' title='bbox 2588 3527 2720 3564; x_wconf 82' lang='grc' dir='ltr'>ποτε</span> <span class='ocrx_word' id='word_1_596' title='bbox 2797 3514 3027 3574; x_wconf 73' lang='grc' dir='ltr'>ικεξνοις</span> <span class='ocrx_word' id='word_1_597' title='bbox 3111 3513 3555 3582; x_wconf 69' lang='grc' dir='ltr'>ἔνεκαλέσαμεν,</span> <span class='ocrx_word' id='word_1_598' title='bbox 3621 3512 3738 3565; x_wconf 79' lang='grc' dir='ltr'><strong>ἀλλ’</strong></span> 
     </span>
    </p>
   </div>
   <div class='ocr_carea' id='block_1_82' title="bbox 2165 3606 3739 3682">
    <p class='ocr_par' dir='ltr' id='par_1_82' title="bbox 2165 3606 3739 3682">
     <span class='ocr_line' id='line_1_82' title="bbox 2165 3606 3739 3682; baseline 0.003 -22"><span class='ocrx_word' id='word_1_599' title='bbox 2165 3606 2275 3660; x_wconf 57' lang='lat' dir='ltr'><strong>cur?</strong></span> <span class='ocrx_word' id='word_1_600' title='bbox 2322 3608 2468 3676; x_wconf 71' lang='grc' dir='ltr'>ἡμᾶς</span> <span class='ocrx_word' id='word_1_601' title='bbox 2525 3606 2844 3675; x_wconf 74' lang='grc' dir='ltr'>ἠνάγκασαν</span> <span class='ocrx_word' id='word_1_602' title='bbox 2917 3606 3061 3661; x_wconf 77' lang='grc' dir='ltr'>οὕτω</span> <span class='ocrx_word' id='word_1_603' title='bbox 3127 3611 3326 3662; x_wconf 76' lang='grc' dir='ltr'>ποιεῖν.</span> <span class='ocrx_word' id='word_1_604' title='bbox 3393 3609 3582 3663; x_wconf 86' lang='grc' dir='ltr'>Ταῦτα</span> <span class='ocrx_word' id='word_1_605' title='bbox 3630 3610 3739 3682; x_wconf 80' lang='grc' dir='ltr'><strong>γὰρ</strong></span> 
     </span>
    </p>
   </div>
   <div class='ocr_carea' id='block_1_83' title="bbox 2167 3681 3596 3771">
    <p class='ocr_par' dir='ltr' id='par_1_83' title="bbox 2167 3699 3596 3771">
     <span class='ocr_line' id='line_1_83' title="bbox 2167 3699 3596 3771; baseline 0.005 -21"><span class='ocrx_word' id='word_1_606' title='bbox 2167 3703 2268 3764; x_wconf 78' lang='grc' dir='ltr'>τὴν</span> <span class='ocrx_word' id='word_1_607' title='bbox 2299 3699 2398 3767; x_wconf 76' lang='grc' dir='ltr'>τῆς</span> <span class='ocrx_word' id='word_1_608' title='bbox 2445 3700 2681 3761; x_wconf 81' lang='grc' dir='ltr'>πίστεως</span> <span class='ocrx_word' id='word_1_609' title='bbox 2711 3699 2970 3769; x_wconf 74' lang='grc' dir='ltr'><strong>ἀλήθειαν</strong></span> <span class='ocrx_word' id='word_1_610' title='bbox 3001 3701 3063 3754; x_wconf 85' lang='grc' dir='ltr'>οὐ</span> <span class='ocrx_word' id='word_1_611' title='bbox 3088 3701 3596 3771; x_wconf 75' lang='grc' dir='ltr'>παρασλάπτουσιν.</span> 
     </span>
    </p>
   </div>
   <div class='ocr_carea' id='block_1_84' title="bbox 2725 3772 3051 3846">
    <p class='ocr_par' dir='ltr' id='par_1_84' title="bbox 2725 3772 3051 3846">
     <span class='ocr_line' id='line_1_84' title="bbox 2725 3772 3051 3846; baseline 0.003 -1"><span class='ocrx_word' id='word_1_612' title='bbox 2725 3772 2736 3782; x_wconf 88' lang='grc'><em>’</em></span> <span class='ocrx_word' id='word_1_613' title='bbox 2857 3793 3051 3846; x_wconf 68' lang='lat' dir='ltr'><strong>eoas.</strong></span> 
     </span>
    </p>
   </div>
   <div class='ocr_carea' id='block_1_85' title="bbox 2239 3882 3738 3956">
    <p class='ocr_par' dir='ltr' id='par_1_85' title="bbox 2239 3882 3738 3956">
     <span class='ocr_line' id='line_1_85' title="bbox 2239 3882 3738 3956; baseline 0.005 -22"><span class='ocrx_word' id='word_1_614' title='bbox 2239 3882 2403 3936; x_wconf 80' lang='grc' dir='ltr'>Διττά</span> <span class='ocrx_word' id='word_1_615' title='bbox 2449 3883 2505 3935; x_wconf 68' lang='grc' dir='ltr'><strong>δὲ</strong></span> <span class='ocrx_word' id='word_1_616' title='bbox 2537 3882 2914 3952; x_wconf 72' lang='grc' dir='ltr'>βαπτίσματα,</span> <span class='ocrx_word' id='word_1_617' title='bbox 2947 3884 3008 3936; x_wconf 82' lang='grc' dir='ltr'><strong>τὸ</strong></span> <span class='ocrx_word' id='word_1_618' title='bbox 3051 3885 3150 3954; x_wconf 77' lang='grc' dir='ltr'>μὲν</span> <span class='ocrx_word' id='word_1_619' title='bbox 3174 3885 3261 3939; x_wconf 81' lang='grc' dir='ltr'>διὰ</span> <span class='ocrx_word' id='word_1_620' title='bbox 3293 3887 3514 3956; x_wconf 78' lang='grc' dir='ltr'><strong>τριττῆς</strong></span> <span class='ocrx_word' id='word_1_621' title='bbox 3564 3901 3738 3940; x_wconf 80' lang='grc' dir='ltr'>κατα-</span> 
     </span>
    </p>
   </div>
   <div class='ocr_carea' id='block_1_86' title="bbox 2165 3972 3737 4047">
    <p class='ocr_par' dir='ltr' id='par_1_86' title="bbox 2165 3972 3737 4047">
     <span class='ocr_line' id='line_1_86' title="bbox 2165 3972 3737 4047; baseline 0.004 -21"><span class='ocrx_word' id='word_1_622' title='bbox 2165 3972 2370 4036; x_wconf 75' lang='grc' dir='ltr'>δύσεως</span> <span class='ocrx_word' id='word_1_623' title='bbox 2397 3974 2658 4039; x_wconf 76' lang='grc' dir='ltr'><strong>τελειοῦν,</strong></span> <span class='ocrx_word' id='word_1_624' title='bbox 2689 3976 2746 4028; x_wconf 68' lang='grc' dir='ltr'><strong>τὸ</strong></span> <span class='ocrx_word' id='word_1_625' title='bbox 2777 3976 2833 4028; x_wconf 77' lang='grc' dir='ltr'><strong>δὲ</strong></span> <span class='ocrx_word' id='word_1_626' title='bbox 2859 3976 2928 4028; x_wconf 79' lang='grc' dir='ltr'><strong>δι’</strong></span> <span class='ocrx_word' id='word_1_627' title='bbox 2963 3976 3270 4047; x_wconf 75' lang='grc' dir='ltr'>ἐπιχύσεως</span> <span class='ocrx_word' id='word_1_628' title='bbox 3317 3977 3508 4040; x_wconf 81' lang='grc' dir='ltr'>ὓδατος</span> <span class='ocrx_word' id='word_1_629' title='bbox 3549 3978 3614 4030; x_wconf 70' lang='grc' dir='ltr'>εκ</span> <span class='ocrx_word' id='word_1_630' title='bbox 3650 3995 3737 4032; x_wconf 82' lang='grc' dir='ltr'><strong>κο-</strong></span> 
     </span>
    </p>
   </div>
   <div class='ocr_carea' id='block_1_87' title="bbox 2171 4067 3736 4144">
    <p class='ocr_par' dir='ltr' id='par_1_87' title="bbox 2171 4067 3736 4144">
     <span class='ocr_line' id='line_1_87' title="bbox 2171 4067 3736 4144; baseline 0.004 -26"><span class='ocrx_word' id='word_1_631' title='bbox 2171 4067 2344 4136; x_wconf 74' lang='grc' dir='ltr'>ρυφῆς</span> <span class='ocrx_word' id='word_1_632' title='bbox 2377 4067 2604 4122; x_wconf 59' lang='grc' dir='ltr'>ἄνωθεν</span> <span class='ocrx_word' id='word_1_633' title='bbox 2641 4071 2734 4121; x_wconf 78' lang='grc' dir='ltr'><strong>καὶ</strong></span> <span class='ocrx_word' id='word_1_634' title='bbox 2765 4070 2824 4121; x_wconf 76' lang='grc' dir='ltr'>τὸ</span> <span class='ocrx_word' id='word_1_635' title='bbox 2862 4069 2960 4138; x_wconf 78' lang='grc' dir='ltr'>μὲν</span> <span class='ocrx_word' id='word_1_636' title='bbox 2992 4072 3070 4141; x_wconf 81' lang='grc' dir='ltr'><strong>τῷ</strong></span> <span class='ocrx_word' id='word_1_637' title='bbox 3102 4071 3260 4143; x_wconf 84' lang='grc' dir='ltr'>μύρῳ</span> <span class='ocrx_word' id='word_1_638' title='bbox 3289 4073 3736 4144; x_wconf 71' lang='grc' dir='ltr'>προσχρώμενον,</span> 
     </span>
    </p>
   </div>
   <div class='ocr_carea' id='block_1_88' title="bbox 2165 4161 3242 4235">
    <p class='ocr_par' dir='ltr' id='par_1_88' title="bbox 2165 4161 3242 4235">
     <span class='ocr_line' id='line_1_88' title="bbox 2165 4161 3242 4235; baseline 0.007 -24"><span class='ocrx_word' id='word_1_639' title='bbox 2165 4161 2226 4214; x_wconf 71' lang='grc' dir='ltr'><strong>τὸ</strong></span> <span class='ocrx_word' id='word_1_640' title='bbox 2259 4161 2304 4211; x_wconf 82' lang='grc' dir='ltr'><strong>δ’</strong></span> <span class='ocrx_word' id='word_1_641' title='bbox 2332 4161 2440 4214; x_wconf 71' lang='grc' dir='ltr'><strong>οὐδ’</strong></span> <span class='ocrx_word' id='word_1_642' title='bbox 2471 4163 2648 4215; x_wconf 74' lang='grc' dir='ltr'>ὁτιοῦν</span> <span class='ocrx_word' id='word_1_643' title='bbox 2681 4164 2843 4216; x_wconf 77' lang='grc' dir='ltr'>αὑτοῦ</span> <span class='ocrx_word' id='word_1_644' title='bbox 2871 4163 3059 4235; x_wconf 74' lang='grc' dir='ltr'>χρείαν</span> <span class='ocrx_word' id='word_1_645' title='bbox 3099 4165 3242 4235; x_wconf 79' lang='grc' dir='ltr'>ἕχον.</span> 
     </span>
    </p>
   </div>
   <div class='ocr_carea' id='block_1_89' title="bbox 2849 4343 3056 4397">
    <p class='ocr_par' dir='ltr' id='par_1_89' title="bbox 2849 4343 3056 4397">
     <span class='ocr_line' id='line_1_89' title="bbox 2849 4343 3056 4397; baseline 0.014 -3"><span class='ocrx_word' id='word_1_646' title='bbox 2849 4343 3056 4397; x_wconf 71' lang='grc' dir='ltr'><strong>ΑΠΟΑ.</strong></span> 
     </span>
    </p>
   </div>
   <div class='ocr_carea' id='block_1_90' title="bbox 569 4425 2061 4508">
    <p class='ocr_par' dir='ltr' id='par_1_90' title="bbox 569 4425 2056 4498">
     <span class='ocr_line' id='line_1_90' title="bbox 569 4425 2056 4498; baseline 0.003 -21"><span class='ocrx_word' id='word_1_647' title='bbox 569 4425 702 4481; x_wconf 88' lang='lat' dir='ltr'><strong>Bina</strong></span> <span class='ocrx_word' id='word_1_648' title='bbox 719 4435 870 4481; x_wconf 87' lang='lat' dir='ltr'><strong>certe</strong></span> <span class='ocrx_word' id='word_1_649' title='bbox 893 4425 1222 4496; x_wconf 85' lang='lat' dir='ltr'><strong>baptismata</strong></span> <span class='ocrx_word' id='word_1_650' title='bbox 1249 4443 1409 4482; x_wconf 86' lang='lat' dir='ltr'><strong>nemo</strong></span> <span class='ocrx_word' id='word_1_651' title='bbox 1430 4445 1669 4498; x_wconf 87' lang='lat' dir='ltr'><strong>unquam</strong></span> <span class='ocrx_word' id='word_1_652' title='bbox 1694 4431 1851 4484; x_wconf 77' lang='lat' dir='ltr'><strong>dixit.</strong></span> <span class='ocrx_word' id='word_1_653' title='bbox 1875 4429 2056 4485; x_wconf 86' lang='lat' dir='ltr'><strong>Unum</strong></span> 
     </span>
    </p>
   </div>
   <div class='ocr_carea' id='block_1_91' title="bbox 2166 4425 3740 4508">
    <p class='ocr_par' dir='ltr' id='par_1_91' title="bbox 2233 4432 3740 4504">
     <span class='ocr_line' id='line_1_91' title="bbox 2233 4432 3740 4504; baseline -0.003 -18"><span class='ocrx_word' id='word_1_654' title='bbox 2233 4433 2595 4501; x_wconf 77' lang='grc' dir='ltr'>Βαπτίσματα</span> <span class='ocrx_word' id='word_1_655' title='bbox 2645 4433 2702 4486; x_wconf 78' lang='grc' dir='ltr'><strong>δὲ</strong></span> <span class='ocrx_word' id='word_1_656' title='bbox 2760 4433 2912 4485; x_wconf 60' lang='grc' dir='ltr'>ὀπτὰ</span> <span class='ocrx_word' id='word_1_657' title='bbox 2959 4433 3214 4485; x_wconf 64' lang='grc' dir='ltr'>οὐδέποτε</span> <span class='ocrx_word' id='word_1_658' title='bbox 3265 4433 3588 4504; x_wconf 70' lang='grc' dir='ltr'>ἐρρέθησαν.</span> <span class='ocrx_word' id='word_1_659' title='bbox 3643 4432 3740 4486; x_wconf 83' lang='grc' dir='ltr'>Ἐν</span> 
     </span>
    </p>
   </div>
   <div class='ocr_carea' id='block_1_92' title="bbox 497 4520 2063 4592">
    <p class='ocr_par' dir='ltr' id='par_1_92' title="bbox 497 4520 2063 4592">
     <span class='ocr_line' id='line_1_92' title="bbox 497 4520 2063 4592; baseline 0.003 -21"><span class='ocrx_word' id='word_1_660' title='bbox 497 4520 698 4590; x_wconf 84' lang='lat' dir='ltr'><strong>quippe</strong></span> <span class='ocrx_word' id='word_1_661' title='bbox 726 4529 812 4574; x_wconf 89' lang='lat' dir='ltr'><strong>est</strong></span> <span class='ocrx_word' id='word_1_662' title='bbox 835 4531 1054 4574; x_wconf 88' lang='lat' dir='ltr'><strong>sacrum</strong></span> <span class='ocrx_word' id='word_1_663' title='bbox 1117 4521 1408 4589; x_wconf 89' lang='lat' dir='ltr'><strong>baptisma,</strong></span> <span class='ocrx_word' id='word_1_664' title='bbox 1461 4526 1603 4592; x_wconf 86' lang='lat' dir='ltr'><strong>quod</strong></span> <span class='ocrx_word' id='word_1_665' title='bbox 1635 4525 1693 4577; x_wconf 84' lang='lat' dir='ltr'><strong>tit</strong></span> <span class='ocrx_word' id='word_1_666' title='bbox 1745 4524 1797 4576; x_wconf 92' lang='lat' dir='ltr'><strong>in</strong></span> <span class='ocrx_word' id='word_1_667' title='bbox 1840 4525 2063 4576; x_wconf 84' lang='lat' dir='ltr'><strong>nomine</strong></span> 
     </span>
    </p>
   </div>
   <div class='ocr_carea' id='block_1_93' title="bbox 498 4608 2063 4683">
    <p class='ocr_par' dir='ltr' id='par_1_93' title="bbox 498 4608 2063 4683">
     <span class='ocr_line' id='line_1_93' title="bbox 498 4608 2063 4683; baseline 0.003 -20"><span class='ocrx_word' id='word_1_668' title='bbox 498 4611 692 4675; x_wconf 71' lang='lat' dir='ltr'><strong>Patris,</strong></span> <span class='ocrx_word' id='word_1_669' title='bbox 734 4620 786 4664; x_wconf 90' lang='lat' dir='ltr'><strong>et</strong></span> <span class='ocrx_word' id='word_1_670' title='bbox 817 4608 959 4674; x_wconf 85' lang='lat' dir='ltr'><strong>Filii,</strong></span> <span class='ocrx_word' id='word_1_671' title='bbox 988 4620 1041 4665; x_wconf 88' lang='lat' dir='ltr'><strong>ct</strong></span> <span class='ocrx_word' id='word_1_672' title='bbox 1079 4611 1319 4683; x_wconf 87' lang='lat' dir='ltr'><strong>Spiritus</strong></span> <span class='ocrx_word' id='word_1_673' title='bbox 1348 4615 1528 4670; x_wconf 86' lang='lat' dir='ltr'><strong>sancti</strong></span> <span class='ocrx_word' id='word_1_674' title='bbox 1565 4633 1580 4679; x_wconf 88' lang='lat'><strong>;</strong></span> <span class='ocrx_word' id='word_1_675' title='bbox 1620 4628 1673 4670; x_wconf 90' lang='lat' dir='ltr'><strong>ct</strong></span> <span class='ocrx_word' id='word_1_676' title='bbox 1717 4615 1808 4683; x_wconf 91' lang='lat' dir='ltr'><strong>qui</strong></span> <span class='ocrx_word' id='word_1_677' title='bbox 1851 4615 1923 4668; x_wconf 91' lang='lat' dir='ltr'><strong>ita</strong></span> <span class='ocrx_word' id='word_1_678' title='bbox 1964 4615 2063 4668; x_wconf 89' lang='lat' dir='ltr'><strong>ba-</strong></span> 
     </span>
    </p>
   </div>
   <div class='ocr_carea' id='block_1_94' title="bbox 499 4704 2064 4778">
    <p class='ocr_par' dir='ltr' id='par_1_94' title="bbox 499 4704 2064 4778">
     <span class='ocr_line' id='line_1_94' title="bbox 499 4704 2064 4778; baseline 0.001 -20"><span class='ocrx_word' id='word_1_679' title='bbox 499 4705 754 4777; x_wconf 86' lang='lat' dir='ltr'><strong>ptizatur,</strong></span> <span class='ocrx_word' id='word_1_680' title='bbox 818 4704 1088 4773; x_wconf 82' lang='lat' dir='ltr'><strong>perlectus</strong></span> <span class='ocrx_word' id='word_1_681' title='bbox 1131 4713 1212 4759; x_wconf 84' lang='lat' dir='ltr'><strong>est</strong></span> <span class='ocrx_word' id='word_1_682' title='bbox 1256 4705 1630 4762; x_wconf 86' lang='lat' dir='ltr'><strong>Christianus.</strong></span> <span class='ocrx_word' id='word_1_683' title='bbox 1669 4707 2064 4778; x_wconf 73' lang='lat' dir='ltr'><strong>Signilicantur</strong></span> 
     </span>
    </p>
   </div>
   <div class='ocr_carea' id='block_1_95' title="bbox 499 4794 2062 4868">
    <p class='ocr_par' dir='ltr' id='par_1_95' title="bbox 499 4794 2062 4868">
     <span class='ocr_line' id='line_1_95' title="bbox 499 4794 2062 4868; baseline 0.002 -19"><span class='ocrx_word' id='word_1_684' title='bbox 499 4809 675 4851; x_wconf 87' lang='lat' dir='ltr'><strong>autem</strong></span> <span class='ocrx_word' id='word_1_685' title='bbox 697 4810 790 4866; x_wconf 93' lang='lat' dir='ltr'><strong>per</strong></span> <span class='ocrx_word' id='word_1_686' title='bbox 821 4794 1060 4862; x_wconf 88' lang='lat' dir='ltr'><strong>Patrem,</strong></span> <span class='ocrx_word' id='word_1_687' title='bbox 1095 4807 1149 4850; x_wconf 89' lang='lat' dir='ltr'><strong>et</strong></span> <span class='ocrx_word' id='word_1_688' title='bbox 1184 4795 1380 4852; x_wconf 87' lang='lat' dir='ltr'><strong>Filium</strong></span> <span class='ocrx_word' id='word_1_689' title='bbox 1415 4810 1470 4852; x_wconf 78' lang='lat' dir='ltr'><strong>et</strong></span> <span class='ocrx_word' id='word_1_690' title='bbox 1504 4799 1770 4868; x_wconf 88' lang='lat' dir='ltr'><strong>Spiritum</strong></span> <span class='ocrx_word' id='word_1_691' title='bbox 1811 4809 2062 4854; x_wconf 86' lang='lat' dir='ltr'><strong>sanctum</strong></span> 
     </span>
    </p>
   </div>
   <div class='ocr_carea' id='block_1_96' title="bbox 497 4888 2064 4960">
    <p class='ocr_par' dir='ltr' id='par_1_96' title="bbox 497 4888 2064 4960">
     <span class='ocr_line' id='line_1_96' title="bbox 497 4888 2064 4960; baseline 0.002 -17"><span class='ocrx_word' id='word_1_692' title='bbox 497 4903 606 4944; x_wconf 81' lang='lat' dir='ltr'><strong>tres</strong></span> <span class='ocrx_word' id='word_1_693' title='bbox 631 4888 826 4944; x_wconf 71' lang='lat' dir='ltr'><strong>divina:</strong></span> <span class='ocrx_word' id='word_1_694' title='bbox 876 4889 1230 4960; x_wconf 86' lang='lat' dir='ltr'><strong>hypostases;</strong></span> <span class='ocrx_word' id='word_1_695' title='bbox 1293 4905 1391 4960; x_wconf 88' lang='lat' dir='ltr'><strong>per</strong></span> <span class='ocrx_word' id='word_1_696' title='bbox 1430 4906 1726 4946; x_wconf 82' lang='lat' dir='ltr'><strong>commune</strong></span> <span class='ocrx_word' id='word_1_697' title='bbox 1799 4905 1928 4946; x_wconf 75' lang='lat' dir='ltr'><strong>vero</strong></span> <span class='ocrx_word' id='word_1_698' title='bbox 1963 4906 2064 4946; x_wconf 33' lang='lat' dir='ltr'><strong>nos</strong></span> 
     </span>
    </p>
   </div>
   <div class='ocr_carea' id='block_1_97' title="bbox 497 4981 2064 5052">
    <p class='ocr_par' dir='ltr' id='par_1_97' title="bbox 497 4981 2064 5052">
     <span class='ocr_line' id='line_1_97' title="bbox 497 4981 2064 5052; baseline 0.001 -17"><span class='ocrx_word' id='word_1_699' title='bbox 497 4997 622 5035; x_wconf 84' lang='lat' dir='ltr'><strong>men</strong></span> <span class='ocrx_word' id='word_1_700' title='bbox 670 4981 850 5036; x_wconf 88' lang='lat' dir='ltr'><strong>unitas</strong></span> <span class='ocrx_word' id='word_1_701' title='bbox 897 4991 966 5051; x_wconf 45' lang='lat' dir='ltr'><strong>et,</strong></span> <span class='ocrx_word' id='word_1_702' title='bbox 995 4982 1253 5037; x_wconf 90' lang='lat' dir='ltr'><strong>identitas</strong></span> <span class='ocrx_word' id='word_1_703' title='bbox 1293 4985 1565 5047; x_wconf 63' lang='lat' dir='ltr'><strong>essentia),</strong></span> <span class='ocrx_word' id='word_1_704' title='bbox 1601 4997 1704 5037; x_wconf 89' lang='lat' dir='ltr'><strong>nec</strong></span> <span class='ocrx_word' id='word_1_705' title='bbox 1737 4997 1844 5037; x_wconf 90' lang='lat' dir='ltr'><strong>non</strong></span> <span class='ocrx_word' id='word_1_706' title='bbox 1877 4998 2064 5052; x_wconf 71' lang='lat' dir='ltr'><strong>aequa-</strong></span> 
     </span>
    </p>
   </div>
   <div class='ocr_carea' id='block_1_98' title="bbox 499 5075 2067 5144">
    <p class='ocr_par' dir='ltr' id='par_1_98' title="bbox 499 5075 2067 5144">
     <span class='ocr_line' id='line_1_98' title="bbox 499 5075 2067 5144; baseline -0.001 -14"><span class='ocrx_word' id='word_1_707' title='bbox 499 5076 622 5130; x_wconf 87' lang='lat' dir='ltr'><strong>litas</strong></span> <span class='ocrx_word' id='word_1_708' title='bbox 679 5083 734 5127; x_wconf 86' lang='lat' dir='ltr'><strong>et</strong></span> <span class='ocrx_word' id='word_1_709' title='bbox 792 5076 1240 5144; x_wconf 74' lang='lat' dir='ltr'><strong>inseparabilitas</strong></span> <span class='ocrx_word' id='word_1_710' title='bbox 1304 5085 1358 5129; x_wconf 90' lang='lat' dir='ltr'><strong>et</strong></span> <span class='ocrx_word' id='word_1_711' title='bbox 1418 5075 1764 5129; x_wconf 79' lang='lat' dir='ltr'><strong>indistinctio</strong></span> <span class='ocrx_word' id='word_1_712' title='bbox 1810 5075 2067 5143; x_wconf 69' lang='lat' dir='ltr'><strong>potentia:</strong></span> 
     </span>
    </p>
   </div>
   <div class='ocr_carea' id='block_1_99' title="bbox 502 5166 2066 5238">
    <p class='ocr_par' dir='ltr' id='par_1_99' title="bbox 502 5166 2066 5238">
     <span class='ocr_line' id='line_1_99' title="bbox 502 5166 2066 5238; baseline -0.003 -12"><span class='ocrx_word' id='word_1_713' title='bbox 502 5171 662 5226; x_wconf 90' lang='lat' dir='ltr'><strong>trium</strong></span> <span class='ocrx_word' id='word_1_714' title='bbox 695 5183 1074 5237; x_wconf 87' lang='lat' dir='ltr'><strong>personarum.</strong></span> <span class='ocrx_word' id='word_1_715' title='bbox 1118 5168 1184 5222; x_wconf 86' lang='lat' dir='ltr'><strong>Et</strong></span> <span class='ocrx_word' id='word_1_716' title='bbox 1211 5166 1460 5238; x_wconf 87' lang='lat' dir='ltr'><strong>quisquis</strong></span> <span class='ocrx_word' id='word_1_717' title='bbox 1501 5167 1574 5222; x_wconf 89' lang='lat' dir='ltr'><strong>ita</strong></span> <span class='ocrx_word' id='word_1_718' title='bbox 1607 5167 1939 5237; x_wconf 80' lang='lat' dir='ltr'><strong>baptizatur,</strong></span> <span class='ocrx_word' id='word_1_719' title='bbox 1990 5167 2066 5221; x_wconf 92' lang='lat' dir='ltr'><strong>ita</strong></span> 
     </span>
    </p>
   </div>
   <div class='ocr_carea' id='block_1_100' title="bbox 501 5258 2067 5330">
    <p class='ocr_par' dir='ltr' id='par_1_100' title="bbox 501 5258 2067 5330">
     <span class='ocr_line' id='line_1_100' title="bbox 501 5258 2067 5330; baseline -0.001 -14"><span class='ocrx_word' id='word_1_720' title='bbox 501 5262 801 5330; x_wconf 85' lang='lat' dir='ltr'><strong>baptisnius</strong></span> <span class='ocrx_word' id='word_1_721' title='bbox 855 5275 964 5315; x_wconf 90' lang='lat' dir='ltr'><strong>non</strong></span> <span class='ocrx_word' id='word_1_722' title='bbox 1007 5259 1244 5314; x_wconf 73' lang='lat' dir='ltr'><strong>iteratur</strong></span> <span class='ocrx_word' id='word_1_723' title='bbox 1291 5258 1485 5328; x_wconf 89' lang='lat' dir='ltr'><strong>:quod</strong></span> <span class='ocrx_word' id='word_1_724' title='bbox 1539 5259 1584 5313; x_wconf 85' lang='lat' dir='ltr'><strong>si</strong></span> <span class='ocrx_word' id='word_1_725' title='bbox 1649 5260 1837 5316; x_wconf 88' lang='lat' dir='ltr'><strong>addito</strong></span> <span class='ocrx_word' id='word_1_726' title='bbox 1883 5259 2067 5328; x_wconf 86' lang='lat' dir='ltr'><strong>aliquo</strong></span> 
     </span>
    </p>
   </div>
   <div class='ocr_carea' id='block_1_101' title="bbox 501 5352 2068 5421">
    <p class='ocr_par' dir='ltr' id='par_1_101' title="bbox 501 5352 2068 5421">
     <span class='ocr_line' id='line_1_101' title="bbox 501 5352 2068 5421; baseline 0.003 -17"><span class='ocrx_word' id='word_1_727' title='bbox 501 5355 584 5409; x_wconf 84' lang='lat' dir='ltr'><strong>vel</strong></span> <span class='ocrx_word' id='word_1_728' title='bbox 616 5352 795 5407; x_wconf 86' lang='lat' dir='ltr'><strong>ablato</strong></span> <span class='ocrx_word' id='word_1_729' title='bbox 834 5352 1168 5421; x_wconf 84' lang='lat' dir='ltr'><strong>baptizetur,</strong></span> <span class='ocrx_word' id='word_1_730' title='bbox 1227 5361 1356 5407; x_wconf 89' lang='lat' dir='ltr'><strong>tunc</strong></span> <span class='ocrx_word' id='word_1_731' title='bbox 1405 5368 1502 5407; x_wconf 90' lang='lat' dir='ltr'><strong>nec</strong></span> <span class='ocrx_word' id='word_1_732' title='bbox 1550 5353 1774 5416; x_wconf 89' lang='lat' dir='ltr'><strong>dicitur,</strong></span> <span class='ocrx_word' id='word_1_733' title='bbox 1826 5369 1930 5408; x_wconf 84' lang='lat' dir='ltr'><strong>nec</strong></span> <span class='ocrx_word' id='word_1_734' title='bbox 1983 5361 2068 5408; x_wconf 85' lang='lat' dir='ltr'><strong>est</strong></span> 
     </span>
    </p>
   </div>
   <div class='ocr_carea' id='block_1_102' title="bbox 501 5443 2065 5516">
    <p class='ocr_par' dir='ltr' id='par_1_102' title="bbox 501 5443 2065 5516">
     <span class='ocr_line' id='line_1_102' title="bbox 501 5443 2065 5516; baseline -0.001 -16"><span class='ocrx_word' id='word_1_735' title='bbox 501 5447 826 5514; x_wconf 84' lang='lat' dir='ltr'><strong>baptismus.</strong></span> <span class='ocrx_word' id='word_1_736' title='bbox 877 5444 1187 5514; x_wconf 83' lang='lat' dir='ltr'><strong>Baptismus</strong></span> <span class='ocrx_word' id='word_1_737' title='bbox 1227 5443 1372 5496; x_wconf 90' lang='lat' dir='ltr'><strong>enim</strong></span> <span class='ocrx_word' id='word_1_738' title='bbox 1420 5460 1485 5499; x_wconf 81' lang='lat' dir='ltr'><strong>ex</strong></span> <span class='ocrx_word' id='word_1_739' title='bbox 1539 5446 1648 5500; x_wconf 91' lang='lat' dir='ltr'><strong>Deo</strong></span> <span class='ocrx_word' id='word_1_740' title='bbox 1685 5448 1913 5516; x_wconf 83' lang='lat' dir='ltr'><strong>proprie</strong></span> <span class='ocrx_word' id='word_1_741' title='bbox 1945 5458 2065 5514; x_wconf 88' lang='lat' dir='ltr'><strong>est;</strong></span> 
     </span>
    </p>
   </div>
   <div class='ocr_carea' id='block_1_103' title="bbox 501 5535 2067 5610">
    <p class='ocr_par' dir='ltr' id='par_1_103' title="bbox 501 5535 2067 5610">
     <span class='ocr_line' id='line_1_103' title="bbox 501 5535 2067 5610; baseline 0.001 -20"><span class='ocrx_word' id='word_1_742' title='bbox 501 5535 958 5606; x_wconf 78' lang='lat' dir='ltr'><strong>quemadmodum</strong></span> <span class='ocrx_word' id='word_1_743' title='bbox 992 5535 1214 5590; x_wconf 87' lang='lat' dir='ltr'><strong>divinus</strong></span> <span class='ocrx_word' id='word_1_744' title='bbox 1255 5536 1415 5590; x_wconf 78' lang='lat' dir='ltr'><strong>Pater</strong></span> <span class='ocrx_word' id='word_1_745' title='bbox 1443 5536 1872 5608; x_wconf 67' lang='lat' dir='ltr'><strong>Chrysmtomus</strong></span> <span class='ocrx_word' id='word_1_746' title='bbox 1906 5541 2067 5610; x_wconf 89' lang='lat' dir='ltr'><strong>quin-</strong></span> 
     </span>
    </p>
   </div>
   <div class='ocr_carea' id='block_1_104' title="bbox 500 5626 2068 5699">
    <p class='ocr_par' dir='ltr' id='par_1_104' title="bbox 500 5626 2068 5699">
     <span class='ocr_line' id='line_1_104' title="bbox 500 5626 2068 5699; baseline 0.001 -17"><span class='ocrx_word' id='word_1_747' title='bbox 500 5629 810 5699; x_wconf 82' lang='lat' dir='ltr'><strong>quagesima</strong></span> <span class='ocrx_word' id='word_1_748' title='bbox 837 5628 894 5684; x_wconf 90' lang='lat' dir='ltr'><strong>in</strong></span> <span class='ocrx_word' id='word_1_749' title='bbox 933 5626 1246 5682; x_wconf 67' lang='lat' dir='ltr'><strong>Matthazum</strong></span> <span class='ocrx_word' id='word_1_750' title='bbox 1281 5628 1500 5684; x_wconf 84' lang='lat' dir='ltr'><strong>homilia</strong></span> <span class='ocrx_word' id='word_1_751' title='bbox 1529 5633 1685 5686; x_wconf 89' lang='lat' dir='ltr'><strong>docet</strong></span> <span class='ocrx_word' id='word_1_752' title='bbox 1715 5651 1727 5685; x_wconf 90' lang='lat'><strong>:</strong></span> <span class='ocrx_word' id='word_1_753' title='bbox 1776 5631 1910 5686; x_wconf 82' lang='lat' dir='ltr'><strong>Nam</strong></span> <span class='ocrx_word' id='word_1_754' title='bbox 1963 5631 2068 5686; x_wconf 79' lang='lat' dir='ltr'><strong>nti-</strong></span> 
     </span>
    </p>
   </div>
   <div class='ocr_carea' id='block_1_105' title="bbox 498 5718 2064 5786">
    <p class='ocr_par' dir='ltr' id='par_1_105' title="bbox 498 5718 2064 5786">
     <span class='ocr_line' id='line_1_105' title="bbox 498 5718 2064 5786; baseline 0.001 -11"><span class='ocrx_word' id='word_1_755' title='bbox 498 5719 690 5784; x_wconf 75' lang='lat' dir='ltr'><strong>niSter.</strong></span> <span class='ocrx_word' id='word_1_756' title='bbox 723 5718 922 5786; x_wconf 87' lang='lat' dir='ltr'><strong>inquit,</strong></span> <span class='ocrx_word' id='word_1_757' title='bbox 983 5723 1067 5775; x_wconf 85' lang='lat' dir='ltr'><strong>est</strong></span> <span class='ocrx_word' id='word_1_758' title='bbox 1117 5718 1412 5785; x_wconf 84' lang='lat' dir='ltr'><strong>sacerdos;</strong></span> <span class='ocrx_word' id='word_1_759' title='bbox 1451 5723 1594 5779; x_wconf 83' lang='lat' dir='ltr'><strong>sicut</strong></span> <span class='ocrx_word' id='word_1_760' title='bbox 1624 5722 1772 5778; x_wconf 84' lang='lat' dir='ltr'><strong>enim</strong></span> <span class='ocrx_word' id='word_1_761' title='bbox 1807 5737 1928 5780; x_wconf 90' lang='lat' dir='ltr'><strong>cum</strong></span> <span class='ocrx_word' id='word_1_762' title='bbox 1971 5721 2064 5778; x_wconf 85' lang='lat' dir='ltr'><strong>ba-</strong></span> 
     </span>
    </p>
   </div>
   <div class='ocr_carea' id='block_1_106' title="bbox 2168 4522 3741 4593">
    <p class='ocr_par' dir='ltr' id='par_1_106' title="bbox 2168 4522 3741 4593">
     <span class='ocr_line' id='line_1_106' title="bbox 2168 4522 3741 4593; baseline 0.001 -17"><span class='ocrx_word' id='word_1_763' title='bbox 2168 4525 2274 4592; x_wconf 79' lang='grc' dir='ltr'><strong>γάρ</strong></span> <span class='ocrx_word' id='word_1_764' title='bbox 2304 4525 2416 4574; x_wconf 76' lang='grc' dir='ltr'>ἐστι</span> <span class='ocrx_word' id='word_1_765' title='bbox 2446 4527 2504 4575; x_wconf 76' lang='grc' dir='ltr'>τὸ</span> <span class='ocrx_word' id='word_1_766' title='bbox 2532 4524 2672 4575; x_wconf 70' lang='grc' dir='ltr'>ίεῖον</span> <span class='ocrx_word' id='word_1_767' title='bbox 2704 4522 2986 4591; x_wconf 70' lang='grc' dir='ltr'>βάπτισμα</span> <span class='ocrx_word' id='word_1_768' title='bbox 3015 4523 3092 4586; x_wconf 86' lang='grc' dir='ltr'><strong>είς</strong></span> <span class='ocrx_word' id='word_1_769' title='bbox 3115 4524 3173 4575; x_wconf 85' lang='grc' dir='ltr'>τὸ</span> <span class='ocrx_word' id='word_1_770' title='bbox 3199 4523 3371 4593; x_wconf 79' lang='grc' dir='ltr'>ὄνομα</span> <span class='ocrx_word' id='word_1_771' title='bbox 3403 4523 3620 4592; x_wconf 80' lang='grc' dir='ltr'>Πατρδς</span> <span class='ocrx_word' id='word_1_772' title='bbox 3646 4526 3741 4577; x_wconf 73' lang='grc' dir='ltr'><strong>καὶ</strong></span> 
     </span>
    </p>
   </div>
   <div class='ocr_carea' id='block_1_107' title="bbox 2172 4615 3742 4685">
    <p class='ocr_par' dir='ltr' id='par_1_107' title="bbox 2172 4615 3742 4685">
     <span class='ocr_line' id='line_1_107' title="bbox 2172 4615 3742 4685; baseline -0.001 -15"><span class='ocrx_word' id='word_1_773' title='bbox 2172 4617 2300 4670; x_wconf 74' lang='grc' dir='ltr'><strong>1⁸ίοῦ</strong></span> <span class='ocrx_word' id='word_1_774' title='bbox 2337 4618 2430 4670; x_wconf 72' lang='grc' dir='ltr'><strong>καὶ</strong></span> <span class='ocrx_word' id='word_1_775' title='bbox 2464 4617 2618 4683; x_wconf 87' lang='grc' dir='ltr'>ἁγίου</span> <span class='ocrx_word' id='word_1_776' title='bbox 2668 4615 3005 4684; x_wconf 77' lang='grc' dir='ltr'>Πνεύματος·</span> <span class='ocrx_word' id='word_1_777' title='bbox 3037 4617 3131 4668; x_wconf 59' lang='grc' dir='ltr'><strong>καί⁵</strong></span> <span class='ocrx_word' id='word_1_778' title='bbox 3163 4617 3190 4667; x_wconf 84' lang='grc' dir='ltr'>ὁ</span> <span class='ocrx_word' id='word_1_779' title='bbox 3225 4615 3366 4669; x_wconf 82' lang='grc' dir='ltr'>οὓτω</span> <span class='ocrx_word' id='word_1_780' title='bbox 3403 4615 3742 4685; x_wconf 79' lang='grc' dir='ltr'>βαπτιζόμε-</span> 
     </span>
    </p>
   </div>
   <div class='ocr_carea' id='block_1_108' title="bbox 2169 4708 3738 4778">
    <p class='ocr_par' dir='ltr' id='par_1_108' title="bbox 2169 4708 3738 4778">
     <span class='ocr_line' id='line_1_108' title="bbox 2169 4708 3738 4778; baseline 0.001 -18"><span class='ocrx_word' id='word_1_781' title='bbox 2169 4727 2254 4770; x_wconf 77' lang='grc' dir='ltr'><strong>νος</strong></span> <span class='ocrx_word' id='word_1_782' title='bbox 2284 4709 2484 4770; x_wconf 79' lang='grc' dir='ltr'>τέλειός</span> <span class='ocrx_word' id='word_1_783' title='bbox 2533 4711 2646 4760; x_wconf 75' lang='grc' dir='ltr'><strong>ἐστι</strong></span> <span class='ocrx_word' id='word_1_784' title='bbox 2677 4708 3020 4777; x_wconf 71' lang='grc' dir='ltr'>Χριιτιανὸς.</span> <span class='ocrx_word' id='word_1_785' title='bbox 3063 4709 3225 4777; x_wconf 84' lang='grc' dir='ltr'>Δηλοῖ</span> <span class='ocrx_word' id='word_1_786' title='bbox 3266 4709 3322 4762; x_wconf 75' lang='grc' dir='ltr'><strong>δὲ</strong></span> <span class='ocrx_word' id='word_1_787' title='bbox 3367 4709 3460 4762; x_wconf 81' lang='grc' dir='ltr'><strong>διὰ</strong></span> <span class='ocrx_word' id='word_1_788' title='bbox 3501 4709 3598 4778; x_wconf 76' lang='grc' dir='ltr'>μὲν</span> <span class='ocrx_word' id='word_1_789' title='bbox 3643 4708 3738 4762; x_wconf 75' lang='grc' dir='ltr'>τοῦ</span> 
     </span>
    </p>
   </div>
   <div class='ocr_carea' id='block_1_109' title="bbox 2169 4803 3741 4873">
    <p class='ocr_par' dir='ltr' id='par_1_109' title="bbox 2169 4803 3741 4873">
     <span class='ocr_line' id='line_1_109' title="bbox 2169 4803 3741 4873; baseline -0.001 -16"><span class='ocrx_word' id='word_1_790' title='bbox 2169 4805 2386 4873; x_wconf 83' lang='grc' dir='ltr'>Πατρδς</span> <span class='ocrx_word' id='word_1_791' title='bbox 2411 4806 2503 4858; x_wconf 80' lang='grc' dir='ltr'><strong>καὶ</strong></span> <span class='ocrx_word' id='word_1_792' title='bbox 2547 4803 2640 4857; x_wconf 84' lang='grc' dir='ltr'>τοῦ</span> <span class='ocrx_word' id='word_1_793' title='bbox 2667 4803 2796 4857; x_wconf 74' lang='grc' dir='ltr'>Υίοΰ</span> <span class='ocrx_word' id='word_1_794' title='bbox 2829 4803 2924 4856; x_wconf 71' lang='grc' dir='ltr'><strong>καὶ</strong></span> <span class='ocrx_word' id='word_1_795' title='bbox 2958 4803 3052 4858; x_wconf 73' lang='grc' dir='ltr'>τοῦ</span> <span class='ocrx_word' id='word_1_796' title='bbox 3091 4804 3247 4869; x_wconf 80' lang='grc' dir='ltr'>ἁγίου</span> <span class='ocrx_word' id='word_1_797' title='bbox 3289 4803 3607 4872; x_wconf 77' lang='grc' dir='ltr'>Πνεῦματος</span> <span class='ocrx_word' id='word_1_798' title='bbox 3641 4804 3741 4867; x_wconf 80' lang='grc' dir='ltr'><strong>τὰς</strong></span> 
     </span>
    </p>
   </div>
   <div class='ocr_carea' id='block_1_110' title="bbox 2165 4895 3743 4967">
    <p class='ocr_par' dir='ltr' id='par_1_110' title="bbox 2165 4895 3743 4967">
     <span class='ocr_line' id='line_1_110' title="bbox 2165 4895 3743 4967; baseline 0.001 -19"><span class='ocrx_word' id='word_1_799' title='bbox 2165 4897 2314 4967; x_wconf 79' lang='grc' dir='ltr'>τρεῖς</span> <span class='ocrx_word' id='word_1_800' title='bbox 2341 4896 2636 4964; x_wconf 72' lang='grc' dir='ltr'>θεαρχικὰς</span> <span class='ocrx_word' id='word_1_801' title='bbox 2669 4895 3016 4958; x_wconf 81' lang='grc' dir='ltr'><strong>ὑποστάσεις·</strong></span> <span class='ocrx_word' id='word_1_802' title='bbox 3048 4895 3138 4949; x_wconf 72' lang='grc' dir='ltr'><strong>διὰ</strong></span> <span class='ocrx_word' id='word_1_803' title='bbox 3173 4895 3230 4948; x_wconf 68' lang='grc' dir='ltr'><strong>δὲ</strong></span> <span class='ocrx_word' id='word_1_804' title='bbox 3276 4895 3372 4950; x_wconf 80' lang='grc' dir='ltr'><strong>τοῦ</strong></span> <span class='ocrx_word' id='word_1_805' title='bbox 3409 4895 3588 4949; x_wconf 73' lang='grc' dir='ltr'>κοινοῦ</span> <span class='ocrx_word' id='word_1_806' title='bbox 3627 4895 3743 4950; x_wconf 75' lang='grc' dir='ltr'><strong>ὀνό-</strong></span> 
     </span>
    </p>
   </div>
   <div class='ocr_carea' id='block_1_111' title="bbox 2170 4987 3744 5056">
    <p class='ocr_par' dir='ltr' id='par_1_111' title="bbox 2170 4987 3744 5056">
     <span class='ocr_line' id='line_1_111' title="bbox 2170 4987 3744 5056; baseline -0.001 -15"><span class='ocrx_word' id='word_1_807' title='bbox 2170 5004 2341 5056; x_wconf 88' lang='grc' dir='ltr'>ματος</span> <span class='ocrx_word' id='word_1_808' title='bbox 2361 4987 2421 5039; x_wconf 78' lang='grc' dir='ltr'><strong>τὸ</strong></span> <span class='ocrx_word' id='word_1_809' title='bbox 2447 4987 2506 5038; x_wconf 85' lang='grc' dir='ltr'>ἓν</span> <span class='ocrx_word' id='word_1_810' title='bbox 2534 4987 2633 5056; x_wconf 82' lang='grc' dir='ltr'>τῆς</span> <span class='ocrx_word' id='word_1_811' title='bbox 2657 4987 2846 5050; x_wconf 80' lang='grc' dir='ltr'>οὐσίας</span> <span class='ocrx_word' id='word_1_812' title='bbox 2873 4987 2969 5041; x_wconf 72' lang='grc' dir='ltr'>καὶ</span> <span class='ocrx_word' id='word_1_813' title='bbox 2996 4987 3218 5053; x_wconf 66' lang='grc' dir='ltr'>ταυτδν,</span> <span class='ocrx_word' id='word_1_814' title='bbox 3253 4988 3350 5042; x_wconf 82' lang='grc' dir='ltr'><strong>καὶ</strong></span> <span class='ocrx_word' id='word_1_815' title='bbox 3377 4988 3438 5042; x_wconf 81' lang='grc' dir='ltr'><strong>τὸ</strong></span> <span class='ocrx_word' id='word_1_816' title='bbox 3470 4991 3526 5040; x_wconf 77' lang='grc' dir='ltr'>ἐν</span> <span class='ocrx_word' id='word_1_817' title='bbox 3559 4987 3744 5056; x_wconf 76' lang='grc' dir='ltr'>τρισὶν</span> 
     </span>
    </p>
   </div>
   <div class='ocr_carea' id='block_1_112' title="bbox 2169 5079 3742 5150">
    <p class='ocr_par' dir='ltr' id='par_1_112' title="bbox 2169 5079 3742 5150">
     <span class='ocr_line' id='line_1_112' title="bbox 2169 5079 3742 5150; baseline 0.001 -18"><span class='ocrx_word' id='word_1_818' title='bbox 2169 5080 2533 5134; x_wconf 79' lang='grc' dir='ltr'>ὑποστάσεσιν</span> <span class='ocrx_word' id='word_1_819' title='bbox 2561 5079 2678 5134; x_wconf 78' lang='grc' dir='ltr'>ίσον</span> <span class='ocrx_word' id='word_1_820' title='bbox 2707 5097 2768 5132; x_wconf 77' lang='grc' dir='ltr'><strong>τε</strong></span> <span class='ocrx_word' id='word_1_821' title='bbox 2797 5081 2891 5133; x_wconf 62' lang='grc' dir='ltr'><strong>καὶ¹</strong></span> <span class='ocrx_word' id='word_1_822' title='bbox 2919 5079 3226 5149; x_wconf 83' lang='grc' dir='ltr'>ἀχώριστον</span> <span class='ocrx_word' id='word_1_823' title='bbox 3254 5081 3348 5134; x_wconf 74' lang='grc' dir='ltr'><strong>καὶ</strong></span> <span class='ocrx_word' id='word_1_824' title='bbox 3377 5079 3742 5150; x_wconf 77' lang='grc' dir='ltr'>ὁμοδύναμον.</span> 
     </span>
    </p>
   </div>
   <div class='ocr_carea' id='block_1_113' title="bbox 2169 5171 3743 5242">
    <p class='ocr_par' dir='ltr' id='par_1_113' title="bbox 2169 5171 3743 5242">
     <span class='ocr_line' id='line_1_113' title="bbox 2169 5171 3743 5242; baseline -0.001 -17"><span class='ocrx_word' id='word_1_825' title='bbox 2169 5172 2282 5225; x_wconf 73' lang='grc' dir='ltr'><strong>Καὶ</strong></span> <span class='ocrx_word' id='word_1_826' title='bbox 2307 5171 2454 5238; x_wconf 82' lang='grc' dir='ltr'>ὅστις</span> <span class='ocrx_word' id='word_1_827' title='bbox 2482 5174 2624 5226; x_wconf 78' lang='grc' dir='ltr'>οὕτω</span> <span class='ocrx_word' id='word_1_828' title='bbox 2659 5172 3009 5242; x_wconf 76' lang='grc' dir='ltr'>βαπτίζεται,</span> <span class='ocrx_word' id='word_1_829' title='bbox 3059 5173 3160 5225; x_wconf 74' lang='grc' dir='ltr'><strong>οὐκ</strong></span> <span class='ocrx_word' id='word_1_830' title='bbox 3185 5173 3641 5236; x_wconf 76' lang='grc' dir='ltr'>ἀναΰαπτίζεται.</span> <span class='ocrx_word' id='word_1_831' title='bbox 3679 5172 3743 5224; x_wconf 83' lang='lat' dir='ltr'><strong>Et</strong></span> 
     </span>
    </p>
   </div>
   <div class='ocr_carea' id='block_1_114' title="bbox 2167 5261 3746 5334">
    <p class='ocr_par' dir='ltr' id='par_1_114' title="bbox 2167 5261 3746 5334">
     <span class='ocr_line' id='line_1_114' title="bbox 2167 5261 3746 5334; baseline 0.003 -21"><span class='ocrx_word' id='word_1_832' title='bbox 2167 5261 2223 5313; x_wconf 73' lang='grc' dir='ltr'><strong>δὲ</strong></span> <span class='ocrx_word' id='word_1_833' title='bbox 2256 5263 2392 5330; x_wconf 77' lang='grc' dir='ltr'>μετά</span> <span class='ocrx_word' id='word_1_834' title='bbox 2439 5262 2756 5334; x_wconf 77' lang='grc' dir='ltr'>προσθήκης</span> <span class='ocrx_word' id='word_1_835' title='bbox 2801 5263 2834 5333; x_wconf 83' lang='grc' dir='ltr'><strong>ἥ</strong></span> <span class='ocrx_word' id='word_1_836' title='bbox 2871 5261 3165 5331; x_wconf 72' lang='grc' dir='ltr'>ἐλλείψεως</span> <span class='ocrx_word' id='word_1_837' title='bbox 3207 5263 3550 5332; x_wconf 75' lang='grc' dir='ltr'>βαπτίζεται,</span> <span class='ocrx_word' id='word_1_838' title='bbox 3587 5262 3746 5318; x_wconf 70' lang='grc' dir='ltr'>τοῦτο</span> 
     </span>
    </p>
   </div>
   <div class='ocr_carea' id='block_1_115' title="bbox 2169 5353 3746 5426">
    <p class='ocr_par' dir='ltr' id='par_1_115' title="bbox 2169 5353 3746 5426">
     <span class='ocr_line' id='line_1_115' title="bbox 2169 5353 3746 5426; baseline 0.004 -22"><span class='ocrx_word' id='word_1_839' title='bbox 2169 5353 2230 5404; x_wconf 85' lang='grc' dir='ltr'>οὑ</span> <span class='ocrx_word' id='word_1_840' title='bbox 2267 5353 2550 5422; x_wconf 78' lang='grc' dir='ltr'>βάπτισμα</span> <span class='ocrx_word' id='word_1_841' title='bbox 2591 5354 2806 5422; x_wconf 79' lang='grc' dir='ltr'>λέγεται</span> <span class='ocrx_word' id='word_1_842' title='bbox 2844 5354 2968 5408; x_wconf 79' lang='grc' dir='ltr'>οὔτε</span> <span class='ocrx_word' id='word_1_843' title='bbox 3015 5354 3152 5408; x_wconf 78' lang='grc' dir='ltr'>ἐστί.</span> <span class='ocrx_word' id='word_1_844' title='bbox 3198 5354 3271 5408; x_wconf 78' lang='grc' dir='ltr'><strong>Τὸ</strong></span> <span class='ocrx_word' id='word_1_845' title='bbox 3305 5355 3416 5426; x_wconf 78' lang='grc' dir='ltr'><strong>γὰρ</strong></span> <span class='ocrx_word' id='word_1_846' title='bbox 3459 5354 3746 5424; x_wconf 82' lang='grc' dir='ltr'>βάπτισμα</span> 
     </span>
    </p>
   </div>
   <div class='ocr_carea' id='block_1_116' title="bbox 2171 5445 3748 5516">
    <p class='ocr_par' dir='ltr' id='par_1_116' title="bbox 2171 5445 3748 5516">
     <span class='ocr_line' id='line_1_116' title="bbox 2171 5445 3748 5516; baseline 0 -20"><span class='ocrx_word' id='word_1_847' title='bbox 2171 5445 2374 5514; x_wconf 83' lang='grc' dir='ltr'>κυρίως</span> <span class='ocrx_word' id='word_1_848' title='bbox 2427 5446 2523 5513; x_wconf 67' lang='grc' dir='ltr'><strong>μιν</strong></span> <span class='ocrx_word' id='word_1_849' title='bbox 2559 5446 2622 5499; x_wconf 80' lang='grc' dir='ltr'>ἐκ</span> <span class='ocrx_word' id='word_1_850' title='bbox 2651 5446 2808 5499; x_wconf 76' lang='grc' dir='ltr'><strong>Θεοῦ’</strong></span> <span class='ocrx_word' id='word_1_851' title='bbox 2839 5445 2981 5499; x_wconf 77' lang='grc' dir='ltr'>οὕτω</span> <span class='ocrx_word' id='word_1_852' title='bbox 3009 5446 3120 5515; x_wconf 73' lang='grc' dir='ltr'>γὰρ</span> <span class='ocrx_word' id='word_1_853' title='bbox 3156 5446 3250 5500; x_wconf 81' lang='grc' dir='ltr'><strong>καὶ</strong></span> <span class='ocrx_word' id='word_1_854' title='bbox 3286 5451 3313 5502; x_wconf 78' lang='grc' dir='ltr'>ὁ</span> <span class='ocrx_word' id='word_1_855' title='bbox 3341 5446 3482 5508; x_wconf 80' lang='grc' dir='ltr'>θεῖος</span> <span class='ocrx_word' id='word_1_856' title='bbox 3527 5445 3748 5516; x_wconf 80' lang='grc' dir='ltr'>Χρυσό-</span> 
     </span>
    </p>
   </div>
   <div class='ocr_carea' id='block_1_117' title="bbox 2172 5535 3748 5608">
    <p class='ocr_par' dir='ltr' id='par_1_117' title="bbox 2172 5535 3748 5608">
     <span class='ocr_line' id='line_1_117' title="bbox 2172 5535 3748 5608; baseline 0.001 -22"><span class='ocrx_word' id='word_1_857' title='bbox 2172 5550 2368 5602; x_wconf 69' lang='grc' dir='ltr'>στομος</span> <span class='ocrx_word' id='word_1_858' title='bbox 2393 5535 2449 5586; x_wconf 76' lang='grc' dir='ltr'>ἐν</span> <span class='ocrx_word' id='word_1_859' title='bbox 2477 5535 2554 5604; x_wconf 80' lang='grc' dir='ltr'><strong>τῷ</strong></span> <span class='ocrx_word' id='word_1_860' title='bbox 2581 5537 2720 5588; x_wconf 82' lang='grc' dir='ltr'><strong>κατὰ</strong></span> <span class='ocrx_word' id='word_1_861' title='bbox 2749 5538 3033 5591; x_wconf 64' lang='grc' dir='ltr'>Ἀίατοαίον</span> <span class='ocrx_word' id='word_1_862' title='bbox 3066 5539 3124 5589; x_wconf 87' lang='grc' dir='ltr'>ὲν</span> <span class='ocrx_word' id='word_1_863' title='bbox 3147 5540 3213 5608; x_wconf 76' lang='grc' dir='ltr'>τῇ</span> <span class='ocrx_word' id='word_1_864' title='bbox 3244 5538 3587 5608; x_wconf 77' lang='grc' dir='ltr'>πεντηκοστῇ</span> <span class='ocrx_word' id='word_1_865' title='bbox 3625 5537 3748 5607; x_wconf 78' lang='grc' dir='ltr'><strong>ὀμι-</strong></span> 
     </span>
    </p>
   </div>
   <div class='ocr_carea' id='block_1_118' title="bbox 2170 5626 3747 5700">
    <p class='ocr_par' dir='ltr' id='par_1_118' title="bbox 2170 5626 3747 5700">
     <span class='ocr_line' id='line_1_118' title="bbox 2170 5626 3747 5700; baseline -0.002 -19"><span class='ocrx_word' id='word_1_866' title='bbox 2170 5627 2260 5700; x_wconf 77' lang='grc' dir='ltr'><strong>λίᾳ</strong></span> <span class='ocrx_word' id='word_1_867' title='bbox 2304 5629 2487 5696; x_wconf 81' lang='grc' dir='ltr'>φησιν·</span> <span class='ocrx_word' id='word_1_868' title='bbox 2534 5628 2848 5698; x_wconf 74' lang='grc' dir='ltr'>Ὑπηρέτης</span> <span class='ocrx_word' id='word_1_869' title='bbox 2897 5630 3005 5698; x_wconf 80' lang='grc' dir='ltr'><strong>γάρ</strong></span> <span class='ocrx_word' id='word_1_870' title='bbox 3041 5630 3186 5682; x_wconf 70' lang='grc' dir='ltr'>ἔστιν</span> <span class='ocrx_word' id='word_1_871' title='bbox 3229 5632 3255 5681; x_wconf 91' lang='grc' dir='ltr'>ὀ</span> <span class='ocrx_word' id='word_1_872' title='bbox 3309 5628 3506 5697; x_wconf 72' lang='grc' dir='ltr'>ίερεύςο</span> <span class='ocrx_word' id='word_1_873' title='bbox 3556 5626 3747 5696; x_wconf 75' lang='grc' dir='ltr'>ὥσπερ</span> 
     </span>
    </p>
   </div>
   <div class='ocr_carea' id='block_1_119' title="bbox 2170 5717 3749 5786">
    <p class='ocr_par' dir='ltr' id='par_1_119' title="bbox 2170 5717 3749 5786">
     <span class='ocr_line' id='line_1_119' title="bbox 2170 5717 3749 5786; baseline -0.004 -10"><span class='ocrx_word' id='word_1_874' title='bbox 2170 5722 2282 5784; x_wconf 74' lang='grc' dir='ltr'><strong>γὰο</strong></span> <span class='ocrx_word' id='word_1_875' title='bbox 2320 5721 2450 5777; x_wconf 75' lang='grc' dir='ltr'>ὅταν</span> <span class='ocrx_word' id='word_1_876' title='bbox 2500 5719 2758 5785; x_wconf 77' lang='grc' dir='ltr'>Βαπτξζη,</span> <span class='ocrx_word' id='word_1_877' title='bbox 2804 5722 2900 5775; x_wconf 80' lang='grc' dir='ltr'><strong>οὐκ</strong></span> <span class='ocrx_word' id='word_1_878' title='bbox 2947 5721 3106 5786; x_wconf 72' lang='grc' dir='ltr'>αὐτός</span> <span class='ocrx_word' id='word_1_879' title='bbox 3131 5737 3212 5774; x_wconf 86' lang='grc' dir='ltr'>-σε</span> <span class='ocrx_word' id='word_1_880' title='bbox 3263 5719 3544 5784; x_wconf 71' lang='grc' dir='ltr'>βαπτίζει,</span> <span class='ocrx_word' id='word_1_881' title='bbox 3575 5717 3692 5773; x_wconf 70' lang='grc' dir='ltr'><strong>ἀλλ’</strong></span> <span class='ocrx_word' id='word_1_882' title='bbox 3721 5721 3749 5770; x_wconf 78' lang='grc'>6</span> 
     </span>
    </p>
   </div>
  </div>
