3998 6464
270 251 371 317 137

1512 255 1815 348 CONTRA
1866 256 2291 319 EPHESIUM.

3438 250 3545 317 I33

266 371 401 435 Θεός
435 348 585 424 ἐστιν
620 370 649 424 ὁ
682 370 928 443 κατέχων
972 389 1064 426 σου
1098 370 1194 443 τὴν
1230 372 1473 444 κεφαλὴν
1508 375 1725 455 ἀοράτῳ
1764 376 1851 429 δυ·

1962 375 2151 445 ptizat,
2196 390 2305 429 non
2330 383 2383 429 te
2407 374 2495 430 ille
2528 374 2768 443 baptizat
2791 414 2806 440 ,
2833 374 2927 429 sed
2960 372 3102 429 Deus
3133 380 3240 437 est,
3262 373 3354 443 qui
3386 384 3542 427 tuum

267 467 451 534 νάμει,
502 464 598 518 καὶ
645 463 771 518 οὔτε
829 463 1084 534 ἄγγελος,
1124 464 1251 519 οὔτε
1304 467 1668 539 ἀρχάγγελος,
1725 468 1851 522 οὔτε

272 557 431 620 ἄλλος
454 572 535 619 τις
565 555 791 610 δύναται
820 559 1142 627 προσελθεῖν
1172 560 1265 613 καὶ
1290 559 1553 628 ἅψασθαι,
1583 561 1727 615 οὕτω
1756 563 1855 615 καὶ

272 647 389 700 νῦν·
425 648 697 719 ὅτανγὰρ
728 651 756 702 ό
798 652 929 713 Θεὸς
964 650 1256 721 ἁναγεννᾷ,
1290 651 1457 705 αὐτοῦ
1501 654 1665 720 μόνου
1702 653 1854 706 ἐστὶν

272 742 306 810 ἡ
337 740 537 811 δωρεά.
580 742 735 795 Ἐπεὶ
760 743 852 797 οὖν
884 744 1043 806 αὐτὸς
1066 745 1213 797 ἐστιν
1242 745 1269 798 ὁ
1298 744 1574 815 βαπτίζων
1597 746 1730 810 Θεὸς
1759 748 1855 801 καὶ

273 834 522 904 κατέχων
553 834 652 904 τὴν
678 836 923 907 κεφαλὴν
948 836 1041 889 τοῦ
1069 835 1491 907 βαπτιζομένου,
1524 837 1599 902 ὦς
1627 856 1789 909 φησιν
1824 840 1853 891 ὁ

270 927 449 995 ἅγιος,
481 928 601 992 πῶς
627 928 792 992 αὐτὸς
831 932 1054 998 φάσκει,
1081 931 1163 985 ὅτι
1193 930 1286 983 δύο
1328 930 1681 1001 βαπτίσματά
1711 932 1854 998 alat;

188 1088 195 1091 ν
270 1020 446 1073 Πόθεν
477 1020 639 1075 τοῦτο
666 1021 844 1076 λαϐὼν
869 1022 1007 1092 ἔχει,
1035 1024 1163 1087 τοὺς
1198 1025 1275 1086 είς
1303 1023 1479 1093 ὖνομα
1510 1025 1729 1095 Πατρὸς
1759 1025 1855 1078 καὶ

267 1113 401 1168 Υίοῦ
444 1117 540 1169 καὶ
584 1116 742 1183 ἁγίου
774 1116 1092 1186 Πνεύματος
1123 1116 1560 1189 βαπτιζομένους
1598 1120 1671 1189 μὴ
1712 1113 1854 1172 εἶναι

268 1208 511 1272 τελείους
545 1210 909 1278 Χριστιανούς
930 1228 945 1277 ;
1610 1200 1651 1269 ,’

349 1300 477 1353 Ὅτι
511 1301 611 1369 μὲν
643 1302 941 1369 ἀναγκαῖόν
977 1304 1097 1356 ἐστι
1131 1304 1228 1357 καὶ
1261 1304 1323 1357 τὸ
1354 1304 1442 1358 διὰ
1472 1303 1643 1375 τριῶν
1678 1322 1856 1359 κατα-

268 1392 497 1461 δύσεων,
531 1394 789 1465 φανερόν⁸
837 1395 981 1449 οὕτω
1025 1398 1135 1468 γὰρ
1177 1399 1284 1451 ὑπὸ
1326 1400 1437 1452 τῶν
1477 1399 1647 1467 ἁγίων
1683 1416 1855 1469 παρε-

268 1470 421 1557 δόθη,
445 1486 521 1550 ὡς
547 1488 645 1557 τὴν
668 1489 971 1559 τριήμερον
997 1488 1092 1542 τοῦ
1126 1490 1336 1561 Κυρίου
1361 1491 1538 1560 ταφὴν
1564 1490 1849 1552 είκονίζον·

268 1578 361 1632 καὶ
385 1578 559 1641 οὕτως
592 1582 713 1633 ἐστὶ
751 1580 1209 1652 παραδεδομένον,
1246 1582 1344 1636 καλ⁸
1376 1584 1444 1636 τά
1479 1583 1711 1635 τακτικά
1743 1582 1854 1633 τῶν

269 1672 516 1727 Λατίνων
542 1672 689 1729 οὕτω
715 1672 961 1740 λέγουσι.
989 1675 1063 1727 Τὸ
1097 1676 1398 1745 ἀναγκαῖον
1446 1673 1540 1729 οὖν
1580 1676 1671 1728 καὶ
1703 1675 1852 1727 άπαη

272 1765 530 1837 ραίτητόν
559 1767 713 1820 ἐστιν
738 1768 771 1836 ἡ
803 1768 1057 1838 άποταγὴ
1092 1766 1187 1821 τοῦ
1220 1768 1436 1822 Σατανᾶ
1465 1768 1562 1821 καὶ
1586 1770 1681 1839 τῆς
1714 1786 1857 1839 πομ-

270 1858 381 1928 πῆς
416 1857 583 1912 αὐτοῦ
620 1859 839 1928 καὶτῆς
881 1859 1135 1929 λατρείας
1173 1863 1270 1915 καὶ
1299 1861 1409 1914 τῶν
1437 1862 1617 1932 ἔργων
1663 1863 1853 1929 αὐτοῦ,

269 1953 367 2005 καᾶ⁸
406 1950 652 2021 συνταγὴ
701 1954 782 2015 εἰς
825 1953 917 2005 τὸν
961 1952 1221 2023 Χριστὸν,
1255 1954 1348 2006 καὶ
1384 1956 1415 2023 ἡ
1452 1955 1715 2024 ὁμολογία
1755 1956 1857 2025 τῆς

272 2043 534 2105 πίστεως,
568 2044 664 2096 καὶ
695 2045 729 2114 ὴ
760 2044 876 2113 μετ’
913 2045 1076 2116 εὐχῆς
1123 2045 1216 2099 τοῦ
1261 2048 1446 2101 ἐλαίου
1475 2049 1678 2117 χρίσις.
1714 2048 1856 2118 άπερ

272 2224 616 2296 καταδύομεν
644 2226 713 2280 τὰ
744 2227 913 2298 νήπια
946 2227 1142 2298 μέχρις
1167 2229 1294 2297 ὅλης
1330 2232 1598 2299 κορυφῆς,
1626 2229 1761 2281 διότι
1794 2230 1856 2283 ού

269 2318 553 2388 δυνάμεθα
581 2318 980 2389 παραγγέλλειν
1004 2320 1191 2383 αὐτοῖς
1212 2321 1502 2390 φυλάττειν
1522 2320 1619 2393 τὴν
1642 2323 1857 2376 εἰσπνο-

270 2411 336 2480 ὴν
369 2411 467 2464 καὶ
491 2410 727 2482 ἐκπνοὴν
756 2410 857 2479 τῆς
890 2413 1057 2482 ῥινὸς,
1084 2413 1174 2467 ἵνα
1201 2414 1407 2484 ταύτης
1440 2415 1855 2487 φυλαττομένης

274 2503 371 2556 καὶ
400 2504 433 2572 ἡ
467 2502 533 2555 δι’
560 2502 714 2557 ὢτων
737 2506 833 2557 τοῦ
868 2503 1016 2575 ἱεροῦ
1044 2504 1231 2569 ὕδατος
1262 2507 1465 2571 είσοδος
1492 2508 1851 2580 φυλάττηται·

276 2593 394 2647 ἀλλ’
436 2595 557 2650 οὐδὲ
586 2596 647 2649 τὸ
688 2598 865 2663 στόμα
904 2596 999 2649 τοῦ
1055 2599 1254 2668 νηπίου
1306 2600 1507 2655 κλείειν
1552 2602 1852 2671 δυνάμεθα.

218 2704 219 2709 ‘
287 2685 428 2740 Ἀλλ’
460 2687 804 2758 ἐμϐάλλομεν
848 2691 990 2743 αὐτὰ
1042 2692 1122 2753 είς
1168 2691 1267 2762 τὴν
1316 2693 1729 2763 κολυμϐήθραν,
1780 2695 1855 2758 ὡς

277 2779 424 2834 πάνυ
470 2780 763 2847 ἀναγκαῖον
798 2781 894 2833 καὶ
942 2783 1378 2851 παραδεδομένον
1425 2784 1589 2838 οἱονεὶ
1620 2787 1721 2854 τῆς
1762 2803 1857 2840 κο·

276 2868 605 2940 λυμϐήθρας
649 2870 868 2940 μήτραν
913 2868 1309 2939 είκονιζούσης,
1346 2873 1440 2953 καὶ
1483 2874 1582 2943 τὴν
1621 2874 1858 2941 ἀναγέν-

158 2960 187 3037 ’ν
271 2978 431 3031 νησιν
474 2962 564 3013 διὰ
605 2960 801 3015 τούτου
847 2959 1136 3031 δηλούσης.
1174 2964 1283 3015 Καὶ
1314 2961 1400 3016 ἵνα
1438 2965 1511 3033 μὴ
1552 2966 1583 3032 ἡ
1622 2967 1857 3037 κεφαλὴ,

1962 478 2129 538 caput
2183 467 2447 524 invisibili
2490 469 2733 538 potentia
2781 476 2963 534 tenet;
3024 476 3080 521 et
3131 482 3235 522 nec
3284 466 3543 538 angelus,

1958 573 2062 613 nec
2094 558 2481 629 archangelus,
2516 576 2697 629 neque
2716 560 3009 630 quisquam
3056 560 3198 615 alius
3238 567 3418 628 potest
3451 573 3545 612 ac-

1959 651 2158 707 cedere
2185 661 2239 704 et
2272 662 2521 721 tangere,
2565 653 2641 706 ita
2671 663 2726 707 et
2751 670 2922 707 nunc.
2960 653 3195 719 Quando
3219 652 3365 707 enim
3399 652 3544 706 Deus

1959 754 2268 812 regenerat,
2308 743 2481 813 ipsius
2505 752 2592 799 est
2624 744 2828 799 donum
2857 744 3049 798 solius.
3083 743 3222 799 Cum
3264 743 3451 813 igitur,
3482 749 3545 796 ιιι

1959 845 2187 889 sanctus
2228 834 2392 890 Pater
2428 838 2625 900 docet,
2662 837 2777 905 ipse
2828 836 2967 891 Deus
3004 836 3078 891 sit
3125 836 3220 906 qui
3265 836 3545 905 baptizat,

1963 935 2226 998 tenetque
2281 930 2600 1001 baptizandi
2631 930 2871 985 hominis
2913 941 3107 998 caput,
3136 930 3414 999 quomodo
3440 929 3543 982 iste

1959 1024 2164 1074 asserit
2193 1021 2333 1075 duos
2364 1038 2486 1078 esse
2547 1022 2892 1094 baptismos?
2943 1021 3098 1077 Unde
3155 1038 3283 1076 vero
3347 1021 3542 1082 sumit,

1963 1111 2243 1179 perfectos
2276 1130 2386 1173 non
2416 1130 2538 1170 esse
2566 1115 2933 1179 Christianos,
2966 1117 3058 1184 qui
3092 1114 3147 1168 in
3184 1114 3405 1169 nomine
3443 1112 3545 1166 Pa-

1962 1204 2060 1255 tris
2083 1211 2139 1257 et
2168 1202 2291 1259 Filii
2325 1216 2381 1260 et
2409 1205 2653 1277 Spiritus
2683 1206 2860 1260 sancti
2903 1206 3168 1275 baptizati
3202 1204 3371 1258 sunt?

2035 1296 2173 1350 Esse
2210 1313 2375 1365 porro
2426 1299 2795 1353 necessariam
2852 1298 3055 1351 trinam
3104 1280 3542 1358 immersionem,

1960 1389 2037 1459 (ὃ)
2067 1396 2254 1458 patet;
2282 1406 2407 1443 nam
2439 1403 2494 1444 et
2532 1406 2562 1444 a
2589 1391 2798 1446 sanctis
2828 1389 2933 1445 hoc
2958 1389 3225 1444 traditum
3251 1394 3354 1449 est,
3386 1402 3545 1441 netu-

1962 1498 2027 1552 pe
2052 1484 2119 1537 ad
2148 1484 2564 1554 significandam
2586 1484 2901 1539 triduanam
2933 1482 3147 1536 Domini
3171 1480 3545 1551 sepulturam.

1959 1575 2035 1630 Ita
2088 1590 2222 1631 sane
2254 1576 2523 1631 traditum
2562 1586 2690 1639 est,
2736 1586 2790 1630 et
2838 1577 3057 1629 ritualia
3094 1574 3413 1627 Latinorum
3466 1573 3542 1625 ita

1960 1666 2375 1722 observandum
2418 1667 2645 1721 docent.
2703 1666 2860 1734 Quod
2920 1669 3087 1737 igitur
3154 1665 3541 1720 necessnrium

1886 1734 1935 1796 Β
1964 1768 2048 1811 est
2076 1766 2134 1812 et
2166 1760 2319 1814 nulla
2345 1761 2560 1815 ratione
2600 1762 2995 1824 omittendum,
3026 1759 3437 1819 abrenuntiatio
3458 1768 3543 1813 est

1961 1849 2198 1913 Satanae,
2238 1861 2295 1905 et
2326 1868 2652 1924 pomparum
2695 1862 2750 1909 et
2776 1854 2962 1909 cultus
3004 1863 3061 1909 et
3107 1867 3336 1922 operum
3379 1850 3541 1922 ejus;

1962 1958 2064 1998 nec
2097 1960 2205 2000 non
2238 1945 2557 2014 promissio,
2607 1961 2730 2017 qua:
2763 1945 2991 2002 Christo
3028 1946 3111 2011 fit,
3145 1955 3202 2000 et
3251 1944 3377 2009 fidei
3407 1958 3539 2011 pro-

1962 2035 2152 2101 fessio,
2187 2037 2410 2107 oleique
2445 2054 2570 2092 cum
2595 2039 2851 2093 oratione
2895 2040 3083 2095 unctio
3127 2056 3141 2093 :
3174 2053 3298 2108 qua:
3326 2053 3357 2091 a
3392 2036 3543 2091 Lati-

1959 2128 2047 2183 nis
2097 2127 2265 2181 etiam
2325 2128 3125 2185 inviolabiliterobservantur.
3184 2129 3291 2185 Sed
3347 2138 3401 2182 et
3444 2143 3547 2183 nos

1961 2220 2386 2291 haudquaquam
2456 2222 2832 2293 immergimus
2909 2222 3153 2278 infantes
3231 2237 3405 2292 usque
3476 2225 3543 2276 ad

1958 2326 2240 2367 summum
2282 2313 2542 2368 verticem
2574 2332 2589 2378 ;
2623 2330 2726 2370 nec
2757 2314 2905 2370 enim
2941 2301 3234 2385 possumus
3267 2313 3372 2367 illis
3407 2328 3543 2382 prac-

1958 2405 2166 2475 cipere,
2204 2416 2263 2461 ut
2298 2407 2720 2477 respirationem
2754 2421 2808 2464 et
2849 2408 3280 2480 exspirationem
3320 2424 3412 2478 per
3446 2423 3544 2463 na-

1958 2512 2048 2553 res
2082 2500 2414 2567 cohibeant;
2460 2517 2526 2557 ne
2554 2503 2721 2556 etiam
2750 2516 2848 2571 per
2889 2518 3055 2558 aures
3115 2517 3270 2558 saera
3300 2510 3546 2573 permeet

1957 2605 2141 2660 aqua;
2175 2594 2270 2648 sed
2304 2610 2485 2665 neque
2513 2610 2575 2658 os
2633 2595 2869 2652 infantis
2916 2596 3179 2652 obturare
3224 2611 3543 2667 possumus.

1962 2683 2181 2741 Verum.
2212 2702 2310 2742 eos
2345 2688 2402 2741 in
2440 2702 2659 2743 sacrum
2707 2688 3063 2744 immittimus
3106 2688 3346 2757 fontem,
3380 2699 3440 2745 ut
3476 2705 3547 2745 ne

1959 2778 2091 2845 quid
2126 2779 2282 2834 valde
2306 2781 2682 2835 necessarium
2709 2798 2775 2836 ex
2809 2782 3109 2837 traditione
3161 2782 3546 2853 praetermitta-

1963 2882 2107 2933 ntus,
2136 2870 2291 2936 quasi
2332 2871 2471 2923 uteri
2529 2872 2818 2940 imaginem
2870 2872 3145 2927 referente
3198 2875 3441 2941 lavacro,
3490 2888 3547 2931 et

1963 2960 2435 3030 regenerationem
2475 2976 2571 3029 per
2605 2966 2708 3017 hoc
2742 2962 3042 3019 indicante.
3080 2965 3143 3018 Et
3171 2981 3239 3020 ne
3264 2976 3451 3036 caput,
3490 2967 3544 3021 in

271 3050 402 3103 ἔνθα
446 3052 479 3121 ἡ
511 3048 620 3103 τῶν
668 3051 985 3129 αίσοήσεων
1041 3052 1275 3131 ξυνωρὶς
1310 3053 1404 3106 καὶ
1442 3042 1510 3107 ⁵τὸ
1542 3054 1641 3123 τῆς
1678 3054 1851 3127 ψυχῆς

1961 3068 2073 3122 quo
2102 3068 2186 3107 εει
2226 3052 2384 3109 sedes
2416 3051 2665 3108 omnium
2700 3070 2963 3111 sensuum
2998 3068 3051 3111 et
3085 3058 3396 3113 vehiculum
3426 3061 3548 3114 ani-

269 3144 479 3214 ὄχημα,
526 3145 758 3214 ἄμοιρος
811 3144 1038 3214 γένηται
1099 3142 1191 3197 τοῦ
1247 3144 1391 3199 θείου
1451 3146 1852 3218 βαπτίσματος,

272 3236 747 3299 ὕποκοιλαίνοντες
775 3235 873 3307 τὴν
906 3239 1086 3307 χεῖρα,
1114 3236 1211 3291 καὶ
1236 3237 1442 3307 ταύτην
1471 3241 1535 3293 ὲκ
1565 3240 1660 3293 τοῦ
1696 3241 1854 3309 ἁγίου

271 3327 463 3391 ὓδατος
509 3328 914 3398 ἐμπλήσαντες,
967 3328 1263 3400 ιπιχέομεν
1315 3330 1503 3385 ἐπάνω
1549 3332 1742 3403 αὐτῆς,
1795 3330 1855 3385 τὸ

271 3423 418 3477 θεῖον
448 3423 822 3490 ὲκφωνοῦντες
856 3422 1049 3492 ὄνομα,
1086 3425 1178 3477 καὶ
1211 3423 1455 3493 ἑκάστης
1496 3424 1854 3489 ὑποστάσεως

276 3512 497 3587 ἰδίωμα.
522 3513 632 3566 Καὶ
655 3515 681 3566 ὁ
702 3512 853 3580 ἅγιος
878 3513 936 3567 δὲ
974 3514 1331 3578 Ἀπολλώνιος
1354 3516 1670 3589 ὀνειδισθεὶς
1703 3518 1856 3587 παρὰ

270 3607 369 3662 τοῦ
398 3606 686 3678 τυράννου,
720 3608 796 3668 ὡς
827 3608 1159 3671 άϐάπτιστος
1189 3608 1273 3679 εἴη
1304 3609 1544 3674 καὶ.οὺκ
1570 3610 1686 3664 ἐστι
1721 3609 1855 3683 Χρι-

272 3702 522 3762 στιανὸς.
557 3699 687 3762 στὰς
731 3702 809 3762 είς
842 3702 1176 3771 προσευχὴν,
1215 3702 1243 3750 ὁ
1273 3701 1405 3765 Θεὸς
1441 3702 1612 3756 θέλων
1646 3704 1857 3774 πληρο-

272 3793 516 3865 φορῆσαι
544 3793 730 3856 αὐτὸν,
760 3791 857 3861 τὴν
897 3791 1082 3861 δέησιν
1116 3790 1282 3844 αὐτοῦ
1315 3793 1375 3844 ού
1408 3793 1689 3864 παρεῖδεν,
1720 3794 1856 3849 ἀλλὰ

267 3886 508 3954 νεφέλην
550 3883 772 3954 πέμψας
815 3883 1003 3953 δρόσον
1035 3886 1294 3954 κατέχεεν
1342 3884 1433 3936 ἐπὶ
1466 3886 1566 3955 τὴν
1611 3887 1856 3960 κεφαλὴν

264 3977 463 4034 αὑτοῦ.
486 3977 547 4029 Ei.
572 3975 664 4029 οὖν
687 3976 747 4030 τὸ
773 3976 1032 4046 χεόμενον
1053 3978 1148 4031 ἐπὶ
1178 3976 1420 4045 κεφαλῆς
1443 3979 1503 4031 οὐ
1537 3977 1844 4050 βάπτισμα,

262 4073 370 4125 οὐκ
405 4070 471 4124 ἂν
513 4067 685 4132 οὕτως
718 4069 962 4137 γέγονεν,
1000 4068 1114 4121 ἀλλ’
1148 4069 1320 4138 ἑτέρῳ
1361 4070 1568 4140 τρόπῳ.
1607 4072 1770 4125 ’Λλλὰ
1796 4074 1848 4126 τί

263 4166 377 4238 χρὴ
406 4166 588 4234 λέγειν
613 4164 787 4219 πολλὰ
823 4165 951 4237 περὶ
993 4164 1219 4227 τούτους
1258 4165 1367 4216 Καὶ
1413 4165 1567 4228 οὗτος
1599 4168 1627 4217 ὁ
1668 4168 1852 4236 τίμιος

263 4265 412 4329 ἀνὴρ
434 4259 492 4313 ἓν
523 4255 633 4312 οἶδε
662 4259 721 4310 τὸ
746 4258 1033 4328 βάπτισμα
1057 4258 1117 4311 τό
1144 4275 1203 4310 τε
1235 4258 1504 4327 ἡμέτερον
1535 4261 1709 4314 καὶτὸ
1740 4263 1848 4315 τῶν

260 4353 539 4421 Λατίνων,
570 4352 664 4404 καὶ
685 4352 747 4404 οὐ
776 4351 891 4403 δύω
919 4352 1010 4403 καὶ
1049 4352 1158 4420 γὰρ
1186 4352 1453 4422 τρόφιμος
1486 4350 1561 4405 ὢν
1592 4354 1691 4422 τῆς
1726 4355 1847 4409 Ἐκ-

1960 3163 2082 3212 mae,
2148 3149 2290 3202 sacri
2351 3147 2698 3217 baptismatis
2763 3149 2857 3204 fiat
2890 3166 3110 3220 expers,
3180 3166 3312 3207 cava
3371 3169 3539 3211 manu

1953 3255 2153 3311 aquam
2179 3256 2210 3295 e
2230 3255 2389 3296 sacro
2429 3240 2582 3299 fonte
2601 3243 2944 3311 haurientes,
2979 3244 3110 3300 illud
3138 3245 3544 3316 perfundimus,

1953 3333 2198 3388 divinum
2228 3333 2548 3391 invocantes
2590 3349 2814 3400 nomen,
2864 3345 2919 3390 et
2971 3341 3363 3407 proprietatem
3421 3342 3540 3397 sin-

1954 3426 2204 3494 gularum
2263 3426 2658 3496 hypostaseon.
2704 3428 2837 3483 Nam
2887 3439 2943 3487 et
2991 3440 3184 3487 saneto
3230 3433 3544 3503 Apollonio,

1955 3519 2373 3587 eumobjectum
2402 3520 2481 3574 illi
2510 3530 2660 3576 esset
2681 3538 2708 3574 a
2737 3530 2971 3593 tyranno
2994 3533 3049 3577 nt
3082 3527 3362 3595 probrum,
3394 3530 3544 3598 quod

1955 3612 2231 3681 baptismo
2267 3626 2377 3673 non
2414 3614 2657 3679 ablutus,
2702 3616 2931 3684 proinde
2961 3608 3075 3671 noni
3101 3628 3245 3673 esset
3272 3620 3546 3674 Christia-

1957 3720 2101 3771 nus;
2154 3703 2294 3760 fusis
2346 3705 2414 3758 ab
2452 3721 2517 3762 co
2542 3708 2795 3777 precibus
2848 3709 3121 3764 satisfecit
3153 3709 3316 3777 Deus,
3353 3711 3547 3781 depre-

1956 3792 2228 3861 cationem
2253 3802 2370 3869 ejus
2395 3802 2630 3872 benigne
2655 3802 2888 3856 audiens
2914 3820 2929 3866 ;
2960 3803 3202 3856 demissa
3221 3805 3369 3858 enim
3397 3805 3545 3859 nube

1958 3903 2121 3965 caput
2151 3895 2423 3964 ejusrore
2478 3895 2739 3963 perfudit.
2790 3895 2844 3949 Si
2899 3895 3065 3964 igitur
3098 3897 3403 3967 baptismus
3434 3914 3540 3951 non

1961 3990 2242 4057 perficitur
2264 3988 2585 4059 perfusione
2605 3990 2827 4056 capitis,
2860 4005 2970 4043 non
3000 3991 3094 4053 ita,
3123 3991 3221 4046 sed
3251 3991 3362 4045 alio
3384 3991 3546 4045 modo

1961 4095 2049 4136 res
2085 4092 2238 4150 gesta
2288 4090 2458 4136 esset.
2493 4080 2637 4145 Quid
2696 4080 2921 4139 multa?
2963 4080 3142 4136 Unum
3192 4094 3247 4136 et
3289 4085 3406 4151 ipse
3461 4087 3543 4139 vir

1956 4173 2209 4245 egregius
2245 4174 2401 4229 novit
2454 4172 2727 4243 baptisma
2783 4182 3034 4228 nostrum
3081 4182 3137 4230 et
3197 4174 3539 4244 Latinorum,

1938 4282 2078 4322 non
2127 4267 2258 4320 duo.
2295 4265 2429 4320 Cum
2459 4267 2606 4321 enim
2654 4267 2910 4320 alumnus
2952 4265 3213 4324 Ecclesia:
3269 4272 3362 4337 sit,
3406 4289 3547 4328 nun-

1969 4373 2130 4429 quam
2170 4359 2304 4413 vidit
2344 4356 2570 4414 Latinos
2613 4358 2810 4415 iterum
2845 4358 3114 4428 baptizari
3164 4378 3195 4417 a
3229 4364 3408 4429 nobis,
3452 4383 3545 4422 ve-

262 4446 503 4514 πλησίας
552 4445 810 4497 οὐδέποτε
871 4437 979 4497 εἶδε
1031 4443 1163 4515 παρ’
1211 4444 1369 4514 ἡμῶν
1412 4445 1539 4507 τοὺς
1584 4446 1851 4513 Λατίνους

1960 4469 2082 4508 rum
2120 4455 2237 4510 haec
2270 4454 2359 4509 ille
2385 4454 2593 4521 profert
2618 4453 2849 4520 iratior;
2886 4468 3007 4522 qua:
3036 4464 3221 4513 autent
3253 4474 3323 4513 ex
3347 4475 3543 4522 averso

263 4536 838 4607 ἁναϐαπτιζομένους·
896 4538 1045 4607 ὅμως
1108 4537 1214 4590 ὑπὸ
1273 4537 1468 4605 ἀηδίας
1533 4541 1856 4612 κινούμενος

263 4633 444 4690 ταῦτα
488 4632 657 4701 λέγει,
703 4630 799 4685 καὶ
830 4632 891 4683 οὔ
932 4630 1039 4700 χρὴ
1085 4629 1154 4683 τὰ
1204 4630 1309 4683 ὑπὸ
1348 4631 1539 4701 ἀηδίας
1586 4633 1857 4703 λεγόμενα

263 4725 777 4795 πολυπραγμονεῖν.
814 4722 979 4775 Ἀλλά
1006 4722 1102 4775 καὶ
1131 4723 1206 4791 τῷ
1242 4720 1401 4792 μύρῳ
1430 4724 1557 4786 τοὺς
1598 4723 1857 4793 βαπτιζο-

265 4818 468 4888 μένους
497 4818 546 4869 οἱ
574 4817 795 4870 Λατῖνοι
827 4813 1065 4883 χρίουσι,
1093 4813 1187 4866 καὶ
1206 4813 1281 4874 ὡς
1306 4814 1466 4883 ἡμεῖς
1497 4811 1553 4865 ἓν
1583 4812 1691 4867 τῶν
1718 4817 1856 4870 ἑπτὰ

269 4909 596 4982 μυστηρίων
633 4909 732 4976 τῆς
769 4906 1098 4974 Ἑκκλησίας
1141 4906 1241 4974 τὴν
1288 4905 1512 4973 τελετὴν
1542 4905 1636 4959 τοῦ
1676 4905 1850 4976 μύρου

269 5004 522 5069 λέγουσι.
568 5001 799 5071 Χρίουσι
852 4999 909 5051 δὲ
956 4999 1136 5063 τοῦτο,
1194 4998 1321 5051 ὅταν
1371 4998 1583 5061 τελείας
1630 5002 1853 5071 ἡλικίας

264 5093 642 5149 ἐπιλάϐωνται
678 5095 725 5146 οἱ
757 5092 1056 5159 άνῡρωποι,
1090 5093 1253 5161 ἡνίκα
1280 5091 1371 5145 καὶ
1401 5093 1639 5145 ἀκοῦσαί
1663 5111 1715 5147 τι
1747 5111 1851 5163 μυο

266 5192 457 5244 στικὸν
489 5191 582 5242 καὶ
605 5186 1005 5259 ἀποκρίνασθαι
1026 5186 1251 5239 δυνατὸν
1278 5186 1421 5239 κατὰ
1450 5187 1540 5240 τὸν
1574 5188 1751 5255 μέγαν
1792 5190 1849 5242 ἐν

263 5286 518 5355 θεολογία
544 5283 863 5353 Γοηγόριον.
1766 5264 1769 5271 ’

963 5374 1153 5427 ΕΦΕΣ.

236 5510 241 5513 ‹
339 5472 507 5526 Διττά
531 5471 587 5523 δὲ
615 5471 683 5523 τά
729 5469 828 5540 1οη
861 5468 1038 5523 πάντα
1084 5468 1179 5542 καὶ
1214 5469 1349 5521 πᾶσι
1392 5470 1846 5541 παρηλλαγμένα,

1958 4547 2147 4602 animo
2211 4547 2657 4617 proficiscuntur,
2696 4564 2801 4602 ιιοιι
2825 4563 2954 4607 sunt
3014 4551 3294 4606 curiosius
3332 4553 3545 4606 exami-

1959 4642 2161 4694 nanda.
2198 4638 2466 4696 Caeterum
2514 4640 2693 4697 Latini
2721 4645 2884 4698 etiam
2920 4645 3235 4715 baptizatos
3268 4646 3543 4714 inungunt

1957 4733 2292 4799 chrismate;
2329 4743 2382 4789 et
2432 4750 2588 4803 teque
2641 4748 2706 4789 ac
2757 4752 2856 4792 nos
2933 4737 3165 4792 credunt
3222 4737 3539 4792 unctionem

1959 4827 2276 4883 chrismatis
2306 4844 2425 4883 esse
2455 4845 2624 4884 unum
2674 4830 2745 4885 de
2778 4840 2989 4901 septem
3044 4829 3305 4886 Ecclesia
3352 4845 3541 4888 sacra-

1961 4920 2184 4973 mentis.
2214 4919 2492 4974 Adhibent
2528 4935 2657 4976 vero
2684 4922 2840 4986 illud,
2868 4937 2990 4977 cum
3017 4917 3359 4992 provectioris
3380 4932 3543 4979 atate

1960 5021 2091 5065 sunt
2121 5011 2373 5067 homines
2402 5030 2416 5079 ;
2455 5012 2677 5081 quando
2701 5053 2716 5079 ,
2746 5014 2904 5083 juxta
2937 5016 3197 5071 eximium
3252 5017 3540 5088 theologia

1960 5105 2245 5159 doctorem
2276 5106 2601 5173 Gregorium
2636 5108 2735 5178 (4),
2771 5118 2825 5162 et
2868 5109 3153 5180 mysticum
3184 5112 3317 5182 quid
3344 5111 3536 5165 audire

1932 5268 1935 5271 ς
1958 5203 2015 5248 et
2041 5198 2371 5266 respondere
2397 5213 2495 5267 per
2534 5209 2748 5254 aetatem
2777 5201 2926 5256 licet.

2628 5381 2869 5437 EPUES.

2033 5470 2288 5530 lnstituta
2350 5490 2568 5548 quoque
2626 5492 2690 5530 ac
2764 5491 2946 5532 mores
3009 5478 3062 5529 in
3143 5476 3399 5547 omnibus
3456 5476 3538 5549 di-

268 5632 279 5729 :
451 5650 717 5731 immutui-
746 5651 813 5704 de
834 5650 1178 5731 .necessitate
1210 5651 1443 5723 quadam
1475 5650 1918 5717 consuetudinis,
1958 5668 2060 5707 non
2093 5664 2273 5711 autem
2304 5656 2577 5731 absoluta.
2604 5655 2736 5713 Vide
2771 5657 2931 5725 Greg.
2969 5658 3089 5711 libr.
3120 5674 3158 5720 ι.
3196 5674 3261 5730 cp
3321 5661 3373 5715 1.

274 5726 279 5729 ἠ
442 5714 596 5781 γθτίιήῑ·
622 5724 683 5783 in.
701 5720 1057 5788 baptismum.

597 5819 862 5877 Ρλτιιοι..
907 5814 1022 5875 Gn.
1052 5813 1227 5877 CLX.

3110 5822 3146 5880 5
