3998 6464
431 298 534 364 143

1369 301 1750 366 GREGURII
1789 301 2093 364 ΜΑΜΜᾹζ
2125 305 2234 370 CP.
2271 305 2785 368 PATRIARCHE

3603 290 3708 361 144

432 421 805 482 Damascenus
825 422 1000 493 capite
1022 421 1233 478 decimo
1249 422 1423 478 tertio
1443 423 1523 494 (9)
1548 441 1563 478 :
1596 421 1837 494 Spiritus
1861 438 2013 486 vero,

2122 427 2285 498 μίρος
2313 427 2507 497 ἁγίους
2539 427 2696 482 τοῦτο
2719 423 3088 497 κηρύττοντας
3134 419 3496 494 ἀπαριθμεῖν,
3524 422 3707 492 αὐτῆς

427 515 630 585 inquit.
669 526 895 571 sanctus
925 515 1162 572 occulta:
1218 514 1400 571 Patris
1425 515 1648 572 deitstis
1686 513 2012 570 manifesta-

425 609 540 666 tira
567 609 669 674 vis,
701 608 1005 678 procedens
1029 615 1116 663 est
1135 623 1200 664 ex
1246 607 1406 664 Patre
1431 623 1524 677 per
1557 607 1782 670 Filium.
1811 614 1872 662 nt
1899 608 2014 678 ipse

428 703 603 760 norit.
623 703 696 756 At
720 702 852 773 quid
871 718 1013 772 opus
1032 713 1117 758 est
1134 702 1383 772 singulos
1405 715 1736 782 enumerare
1766 709 2012 765 sanctos,

429 795 524 866 qui
574 794 626 849 id
655 793 1009 863 apertissime
1057 793 1440 862 pronuntiant.
1485 807 1613 848 cum
1660 791 1778 858 ipsa
1820 800 2013 847 sancta

428 887 772 946 ineuntenica
802 885 1048 956 synodus
1095 885 1328 955 septima
1369 885 1472 940 hoc
1501 885 1647 940 dicat
1679 883 1837 954 (l0)?
1874 881 2012 938 Nam

428 980 520 1038 illa
580 994 676 1050 per
726 977 1016 1033 Tarasinm
1081 977 1458 1048 patriarcltam
1522 976 1603 1031 sie
1654 978 1728 1030 ait
1775 991 1788 1026 :
1837 974 2014 1034 Credo

425 1076 589 1129 etiam
614 1073 668 1126 in
693 1071 962 1140 Spiritum
989 1078 1269 1137 sanctum,
1292 1070 1388 1140 qui
1419 1084 1484 1124 es
1509 1069 1670 1124 Patre
1696 1083 1793 1138 per
1815 1065 2014 1122 Filium

429 1163 698 1232 procedit,
730 1162 823 1232 qui
854 1169 908 1216 et
943 1162 1064 1232 ipse
1091 1170 1174 1214 est
1201 1169 1253 1214 et
1284 1159 1605 1231 agnoscitur
1632 1157 1795 1214 Deus.
1831 1159 1887 1211 Si
1921 1155 2014 1226 qui

427 1274 561 1312 vero
584 1260 731 1326 quod
785 1257 962 1310 sancti
1008 1253 1222 1318 dicunt,
1273 1252 1378 1308 Per
1425 1251 1649 1314 Filium.
1702 1251 1845 1306 idem
1891 1265 2016 1304 esse

427 1348 620 1402 volunt
673 1346 949 1412 ac,samul
983 1360 1108 1400 cum
1174 1342 1309 1398 Filio
1363 1341 1664 1414 procedere
1723 1338 2012 1410 Spiritum,

429 1455 540 1502 non
571 1439 709 1495 bene
741 1439 846 1494 hoc
878 1438 1213 1507 intelligunt.
1244 1433 1380 1490 Nam
1409 1443 1636 1492 sanctus
1676 1433 2015 1489 Athanasius

427 1534 486 1588 in
543 1532 775 1604 epistola
830 1531 898 1586 ad
953 1527 1334 1600 Serapionem,
1365 1547 1488 1602 qua:
1540 1530 1753 1600 incipit,
1798 1525 2016 1582 Litterae

428 1636 536 1680 tua:
557 1623 775 1695 pietatis
803 1639 819 1678 ι
851 1621 910 1676 ln
936 1620 1180 1686 Christo,
1210 1621 1413 1691 inquit,
1433 1629 1553 1677 erat
1591 1619 1847 1688 Spiritus,
1873 1618 2017 1675 sicut

431 1717 608 1776 Filius
631 1720 684 1772 in
702 1715 887 1774 Patre.
911 1713 1119 1771 Rursus
1144 1713 1346 1770 ibidem
1373 1735 1386 1770 :
1414 1712 1612 1769 Sancta
1635 1720 1688 1768 et
1716 1712 1870 1767 beata
1894 1710 2015 1766 Trio

2118 521 2216 590 τῆς
2251 520 2414 588 ἁγίας
2449 518 2844 590 οἰκουμενικῆς
2898 516 3138 586 ἑϐδόμης
3175 513 3396 568 συνόδου
3433 512 3590 568 τοῦτο
3613 512 3706 566 λε-

2114 612 2362 683 γούσηςς
2398 613 2511 668 Καὶ
2546 613 2660 684 γὰρ
2685 611 2826 682 αὐτὴ
2857 611 2944 666 διὰ
2982 608 3260 680 Ταρασίου
3295 607 3391 662 τοῦ
3432 607 3706 677 πατριάρ-

2115 726 2210 778 χου
2243 708 2410 778 φησί⁸
2446 706 2696 761 Πιστεύω
2744 707 2838 759 καὶ
2879 705 2959 768 εἰς
2993 705 3054 756 τὸ
3108 704 3329 771 Πνεῦμα
3364 702 3424 754 τὸ
3457 701 3612 768 ἅγιον
3638 699 3706 754 τὸ

2116 803 2180 853 is.
2233 800 2328 853 τοῦ
2384 799 2602 870 Πατρδς
2652 800 2718 853 δι’
2767 798 2899 854 Υῖοῦ
2947 796 3406 867 ἐκπορευόμενον,
3439 794 3532 847 καὶ
3566 793 3704 854 αὐτὸ

2116 893 2249 947 Θεὸν
2278 894 2338 946 6v
2368 911 2428 947 τε
2457 896 2550 947 καὶ
2577 894 3002 966 γνωριζνὶμενον.
3041 892 3099 944 Εἰ
3133 891 3188 943 δέ
3220 906 3365 951 τινες
3388 890 3446 941 τὸ
3476 887 3544 940 δι’
3569 887 3701 940 Υίςῦ

2119 985 2177 1038 τὸ
2211 985 2350 1055 μετὰ
2378 985 2472 1038 τοῦ
2499 982 2636 1037 Υίοῦ
2668 983 2700 1052 ἢ
2736 987 2833 1038 σὺν
2865 982 2942 1052 τῷ
2973 980 3089 1044 Υἱῷ
3115 981 3174 1034 τδ
3205 978 3431 1048 Πνεῦμα.
3457 979 3516 1032 τὺ
3538 977 3702 1046 ἅγιον

2117 1076 2516 1146 ῖκπορεὺεσθαι
2562 1076 2840 1142 λέγουσιν,
2884 1074 2945 1127 οὐ
2991 1071 3172 1135 καλῶς
3225 1071 3382 1124 τοῦτο
3429 1068 3697 1124 ῖννοοῦσι.

2117 1167 2256 1238 Φησὶ
2276 1168 2384 1235 γὰρ
2411 1170 2439 1220 6
2467 1167 2610 1229 θεῖος
2651 1164 2974 1227 Ἀθανὰσιος
3003 1165 3060 1217 ὲν
3088 1166 3152 1234 τῇ
3185 1162 3320 1230 πρὸς
3371 1159 3699 1230 Σεραπίωνα

2118 1259 2402 1328 ἐπιστολῇ,
2425 1253 2492 1330 ἧς
2525 1259 2559 1327 ἠ
2591 1256 2757 1328 ἀρχὴ,
2783 1257 2864 1309 Τὰ
2918 1255 3223 1325 γράμματα
3257 1251 3358 1321 τῆς
3412 1255 3511 1322 σῆς
3545 1251 3698 1320 ἱερᾶς

2116 1351 2410 1414 διαθέσεως
2437 1369 2452 1384 ·
2497 1351 2587 1406 Ἐν
2620 1349 2700 1419 τῷ
2737 1349 2961 1420 Χριστῷ
3011 1343 3080 1419 ἦν
3127 1346 3186 1399 τὸ
3227 1345 3475 1414 Πνεῦμα,
3506 1343 3701 1412 ὥσπερ

2117 1445 2148 1498 6
2174 1445 2304 1508 Υἱὸς
2335 1445 2394 1497 ἐν
2421 1442 2499 1512 τῷ
2530 1442 2703 1513 Πατρί
2727 1460 2740 1474 ·
2770 1443 2865 1496 καὶ
2895 1441 3060 1495 πάλιν
3085 1444 3142 1494 ὲν
3164 1441 3228 1510 τῇ
3262 1435 3402 1508 αὑτῇ
3424 1453 3437 1468 ·
3477 1436 3540 1490 ’Π
3564 1435 3697 1504 ἁγία

2117 1537 2214 1592 καὶ
2271 1538 2518 1608 μακαρία
2565 1536 2738 1606 Τριὰς
2781 1535 3088 1606 ἀδιαίρετος
3125 1521 3226 1586 και
3267 1531 3525 1602 ἡνωμένη
3561 1529 3702 1598 πρὸς

2120 1629 2320 1701 ἑαυτήν
2356 1631 2495 1691 ἐστι,
2536 1628 2633 1684 καὶ
2663 1627 2962 1697 λεγομένου
3017 1626 3110 1679 τοῦ
3167 1624 3380 1695 Πατρὸς
3434 1623 3702 1694 πρόσεστι

2121 1723 2214 1773 καὶ
2244 1722 2272 1773 6
2297 1718 2493 1773 τούτου
2524 1719 2694 1786 Λόγος
2726 1718 2819 1771 καὶ
2850 1715 2914 1768 τὸ
2943 1716 3002 1768 ὲν
3034 1715 3110 1784 τῷ
3143 1714 3256 1782 Υίῷ
3289 1708 3513 1780 Πνεῦμα
3536 1725 3550 1740 ·
3606 1709 3703 1761 ita).

433 1810 837 1868 nitasindivisa
870 1819 924 1864 et
949 1809 1100 1864 unita
1125 1807 1180 1862 in
1214 1822 1273 1864 se
1297 1817 1415 1872 est;
1447 1815 1500 1861 et
1523 1807 1565 1860 si
1601 1807 1726 1874 quis
1749 1805 1895 1860 dicat
1915 1804 2006 1858 Pa-

2122 1811 2283 1865 πάλιν
2309 1812 2370 1862 ιν
2402 1809 2568 1880 ἑτέρα
2601 1807 2864 1879 ἐπιστολῇ
2903 1806 3041 1876 πρὸς
3064 1805 3154 1858 τὸν
3182 1803 3366 1864 αὐτὴν,
3388 1796 3454 1874 ἦς
3478 1801 3512 1871 ἡ
3533 1797 3700 1868 ἀρχὴ,

429 1915 594 1972 trem,
626 1906 682 1960 in
721 1919 787 1959 eo
807 1911 891 1958 est
921 1903 1039 1973 ejus
1064 1899 1324 1967 Verbum,
1350 1909 1402 1955 et
1423 1900 1514 1970 qui
1540 1909 1624 1955 est
1656 1900 1709 1953 in
1735 1897 1875 1954 Filio
1895 1895 2019 1969 Spi-

429 2003 595 2058 ritus.
622 1998 680 2054 ln
705 1997 810 2054 alia
833 2013 1051 2070 quoque
1075 1997 1307 2067 epistola
1329 1995 1396 2050 ad
1428 1994 1703 2057 eumdem,
1722 2009 1852 2077 qua:
1885 1993 2018 2048 inci-

429 2093 535 2162 pit,
559 2087 814 2145 Fortasse
846 2086 1133 2142 miraberis
1155 2101 1171 2137 :
1193 2083 1312 2139 Nan
1334 2083 1478 2138 enim
1505 2095 1613 2146 est,
1645 2083 1841 2154 inquit,
1865 2097 2018 2137 cxzra

430 2180 670 2238 Verbum
696 2178 959 2250 Spiritus,
991 2181 1086 2231 sed
1119 2190 1243 2231 cum
1271 2176 1324 2229 in
1374 2171 1555 2229 Verbo
1583 2173 1676 2238 sit,
1701 2189 1796 2242 per
1839 2173 2016 2244 ipsum

431 2279 490 2332 in
513 2275 622 2330 Deo
643 2283 748 2330 est.
773 2271 848 2324 Ex
876 2272 1082 2342 quibus
1107 2267 1422 2336 ostenditur
1439 2282 1534 2321 eos
1553 2268 1646 2337 qui
1669 2267 1878 2334 dicunt,
1901 2265 2022 2336 Spi-

431 2370 599 2426 ritum
627 2365 923 2438 procedere
951 2377 1047 2433 per
1071 2360 1288 2419 Filium.
1327 2361 1430 2414 hoc
1463 2367 1546 2413 est
1571 2375 1695 2412 cum
1720 2355 1878 2422 Filio,
1911 2357 2019 2412 dis-

431 2461 640 2518 sentire
655 2458 724 2513 ab
751 2457 837 2510 his
863 2455 957 2526 qui
983 2453 1181 2525 prolati
1211 2461 1432 2518 sunt,et
1455 2451 1668 2506 caeteris
1697 2451 1788 2520 qui
1819 2448 2019 2504 similia

428 2558 643 2619 dicunt,
666 2565 826 2622 quos.
854 2565 919 2602 ne
941 2547 1172 2601 nimium
1199 2547 1290 2611 sit,
1317 2544 1632 2598 omisimus.
1671 2543 1831 2597 Certe
1871 2540 2017 2594 enim

433 2648 630 2704 modus
682 2645 788 2701 iste
831 2641 902 2697 ad
958 2639 1214 2696 unionem
1261 2638 1442 2708 potius
1494 2651 1654 2708 quam
1708 2635 1774 2690 ad
1823 2635 2022 2712 distin-

375 2779 381 2798 .
429 2743 678 2798 ctionem
713 2747 945 2807 spettat.
982 2733 1190 2786 Idcirco
1217 2729 1471 2786 doctores
1511 2728 1767 2784 Ecclesia:
1802 2742 1908 2781 non
1947 2727 2019 2780 ita

431 2837 758 2903 loquuntur,
779 2840 956 2895 neque
981 2827 1052 2878 ita
1074 2825 1180 2878 huc
1204 2820 1540 2890 intelligunt,
1565 2820 1658 2874 sed
1683 2821 1882 2874 dictam
1908 2817 2020 2872 dis-

435 2924 755 2978 tinctionem
773 2911 1142 2976 tradiderunt,
1165 2912 1275 2966 imo
1293 2923 1421 2966 vero
1441 2907 1906 2980 prmpositionum,
1927 2920 2020 2974 per

433 3010 966 3078 etez.concordiam
996 3006 1249 3064 statuunt
1275 3021 1290 3071 ;
1314 3014 1518 3074 et,per,
1545 2999 1858 3071 signiﬁcare
1881 3014 2018 3054 cau-

2123 1903 2278 1966 Ἰσως
2305 1902 2638 1972 θαυμάσεις,
2673 1900 2839 1970 φησίν
2863 1914 2877 1929 ⁸
2912 1899 2985 1952 Οὐ
3019 1899 3128 1968 γὰρ
3156 1896 3310 1958 ἐκτός
3337 1895 3453 1946 ἐστι
3485 1891 3578 1944 τοῦ
3601 1889 3702 1944 Λό-

2120 2011 2221 2064 γου
2249 1995 2310 2048 τὸ
2340 1994 2588 2064 Πνεῦμα,
2614 1993 2729 2046 ἀλλ’
2761 1994 2819 2046 ἐν
2862 1984 2942 2062 τῷ
2973 1991 3132 2062 Λόγῳ
3170 1988 3252 2054 ὃν,
3283 1989 3339 2040 ιν
3374 1985 3450 2056 τῷ
3480 1983 3596 2053 Θεῷ
3629 1985 3704 2036 δι’

2118 2088 2287 2144 αὐτοῦ
2317 2090 2490 2143 ἐστιν.
2515 2088 2682 2142 ’Ὀθεν
2707 2087 3010 2149 δείκνυται,
3032 2084 3116 2138 ὅτι
3138 2081 3234 2136 τοῦ
3285 2080 3424 2151 μετὰ
3449 2080 3540 2132 τοῦ
3569 2075 3702 2131 Υίοῦ

2118 2184 2152 2254 ἢ
2185 2184 2282 2238 σὺν
2309 2182 2392 2252 τῷ
2418 2179 2536 2247 Υίῷ
2569 2180 2630 2236 τὸ
2667 2178 2894 2248 Πνεῦμα.
2925 2175 3350 2246 ἐκπορεύεσθαι,
3380 2176 3440 2228 οῦ
3475 2187 3704 2243 συμφωο

2119 2277 2202 2327 νεῖ
2239 2275 2381 2344 μετὰ
2410 2273 2520 2326 τῶν
2557 2273 2998 2343 προειρημένων,
3045 2272 3140 2324 καὶ
3184 2269 3293 2323 τῶν
3343 2266 3547 2322 λοιπῶν
3592 2265 3706 2318 τῶν

2119 2367 2381 2430 ὡσαύτως
2431 2363 2786 2433 λεγόντων,ἁ
2818 2364 2908 2418 διὰ
2965 2364 3026 2416 τὸ
3073 2362 3281 2432 πλῆθος
3335 2361 3701 2432 παρήκαμεν.

2120 2457 2233 2510 Καὶ
2286 2457 2462 2519 ἄλλως
2503 2459 2530 2509 6
2563 2457 2770 2527 τρόπος
2814 2449 2970 2518 οὗτος
3021 2453 3270 2516 ἑνὼσεως
3323 2453 3525 2522 μᾶλλον
3581 2454 3704 2505 ἐστι

2119 2551 2216 2604 καὶ
2257 2550 2320 2604 οῦ
2353 2548 2681 2619 διακρίσεως
2703 2563 2717 2579 ·
2753 2547 2841 2600 διὰ
2887 2546 3047 2600 τοῦτο
3077 2548 3126 2600 οἰ
3159 2544 3406 2616 θεολόγοι
3446 2546 3547 2618 τῆς
3582 2545 3708 2599 Ἐκ-

2120 2644 2351 2713 κλησίας
2381 2643 2442 2698 οὐ
2476 2643 2730 2710 λέγουσιν
2771 2643 2891 2695 οὐδὲ
2938 2640 3125 2694 νοοῦσι
3157 2639 3318 2692 τοῦτο
3343 2637 3537 2703 οὕτως,
3565 2638 3707 2692 ἀλλὰ

2119 2738 2220 2808 τὴν
2274 2736 2686 2808 προειρημένην
2739 2735 3016 2805 διάκρισιν
3079 2733 3417 2798 ἀποδιδόασι,
3463 2719 3707 2802 μάλιστα

2119 2829 2242 2900 τὴν,
2265 2828 2386 2893 διὰ,
2411 2828 2550 2898 μετὰ
2573 2827 2694 2896 τῆς,
2723 2827 2813 2892 ἐκ,
2837 2828 3012 2880 οῐδασι
3035 2825 3374 2894 συμφωνεῖν,
3400 2823 3494 2877 καὶ
3521 2821 3706 2876 αἰτίαν

2119 2919 2326 2989 ταύτην
2351 2919 2598 2991 νομίζειν
2627 2918 2685 2986 ἐξ
2716 2919 2980 2983 ἅπαντος,
3009 2917 3086 2980 ὦς
3124 2933 3291 2986 φησιν
3323 2918 3350 2969 6
3384 2916 3528 2978 θεῖος
3553 2914 3702 2984 Χρυ-

2121 3014 2389 3084 σὸστομος
2417 3015 2476 3066 ὲν
2509 3013 2586 3082 τῷ
2615 3014 2759 3066 κατὰ
2795 3011 3078 3066 Ματθαῖον
3107 3011 3164 3062 ἐν
3196 3010 3271 3062 νθ¹
3320 3008 3511 3079 ὁμιλίᾳ
3537 3024 3552 3038 ·
3589 3002 3702 3060 οἶδε

433 3128 552 3169 sam
580 3107 806 3164 omnino
851 3102 1199 3160 existimant.
1245 3097 1323 3154 Ita
1345 3099 1567 3154 divinus
1587 3097 2016 3169 tilirysostmuus

2123 3107 2231 3177 γὰρ
2264 3107 2326 3160 τὸ
2354 3107 2422 3162 δι’
2461 3104 2588 3164 Υιοῦ
2620 3105 2680 3160 τὸ
2710 3104 2800 3174 ὑφ’
2823 3099 2883 3157 οῦ
2913 3104 3094 3172 λέγειν
3127 3106 3157 3173 ἡ
3189 3103 3379 3172 Γραφή
3409 3118 3423 3134 ·
3464 3099 3541 3165 ὡς
3569 3103 3704 3155 ὅταν

432 3200 656 3260 bowilia
698 3195 1155 3270 quinquagesima
1192 3208 1336 3246 nona
1371 3193 1427 3246 in
1461 3189 1774 3245 Matthaeum
1804 3206 1819 3244 :
1853 3187 2016 3244 Novit

2122 3198 2254 3270 λέγῃ
2276 3215 2290 3230 ·
2335 3198 2715 3268 Ἐκτησάμην
2743 3198 3062 3265 ἄνθρωπον
3091 3193 3189 3248 διὰ
3217 3195 3324 3249 τοῦ
3348 3193 3498 3248 Θεοῦ
3520 3209 3534 3223 ’
3558 3193 3618 3246 οῦ
3641 3192 3708 3246 τὺ

430 3294 579 3350 enim
623 3291 930 3359 Scriptura,
969 3287 1177 3358 inquit,
1217 3283 1337 3338 loco
1372 3282 1540 3352 hujus
1583 3282 1757 3348 vocis,
1802 3281 1880 3336 Ex
1919 3282 2019 3336 ali-

432 3381 682 3456 quo,‘uti
732 3383 836 3435 hac
878 3391 1038 3440 voce,
1080 3375 1184 3429 Ριιι·
1235 3375 1500 3444 aliquem,
1547 3382 1608 3428 ut
1665 3389 1788 3429 cum
1841 3373 2013 3428 dicit:

433 3475 656 3532 Possedi
696 3473 957 3528 hominem
983 3485 1076 3541 per
1113 3468 1280 3524 Deum
1317 3466 1384 3533 ",
1455 3481 1564 3521 non
1609 3463 2016 3531 secundariam,

437 3569 537 3624 sed
603 3565 926 3638 primariam
984 3561 1296 3632 intelligens
1339 3574 1563 3617 causam
1601 3575 1617 3623 ;
1651 3569 1706 3614 et
1762 3573 1955 3613 rursus
2000 3577 2014 3612 :

444 3657 705 3728 Nunquid
723 3673 825 3710 non
845 3672 938 3725 per
955 3653 1122 3709 Deum
1141 3655 1236 3708 esti
1256 3653 1596 3722 nterpretatio
1612 3667 1793 3704 eorum
1821 3648 1902 3704 “'?
1923 3660 1978 3704 et
2000 3666 2014 3706 :

446 3753 647 3810 Fidelis
691 3751 828 3806 Deus
841 3765 933 3820 per
963 3765 1114 3820 quem
1138 3748 1314 3803 uocati
1341 3747 1465 3801 estis
1488 3748 1541 3800 in
1564 3746 1870 3800 societatem
1893 3743 2021 3799 Filii

433 3850 550 3916 ejus
583 3846 648 3916 ¹,⁹.
673 3844 866 3912 Vides,
885 3841 1261 3903 vocemhanc,
1285 3839 1388 3896 Per
1405 3837 1628 3902 Filium,
1647 3848 1833 3908 aperte
1846 3840 2018 3892 deno-

436 3953 556 3994 tare
581 3953 836 4002 causam,
871 3943 929 3990 ut
960 3933 1350 3992 contradicere
1382 3947 1543 3988 nemo
1571 3931 1786 4002 possit?
1816 3928 2019 3986 Verum

435 4043 496 4088 ut
531 4031 798 4102 probetur
841 4026 1148 4093 eilicacius,
1191 4041 1286 4096 per
1317 4032 1370 4080 et
1427 4039 1513 4090 ex,
1549 4025 1624 4078 ita
1673 4024 1902 4078 alteram
1966 4023 2021 4077 in

435 4124 671 4181 alterius
711 4121 1174 4190 signiﬁcationem
1209 4119 1473 4188 migrare,
1499 4126 1558 4172 ut
1587 4132 1812 4172 causam
1848 4115 2022 4186 signi-

443 4220 630 4280 licent,
664 4215 802 4270 alios
822 4227 1039 4283 quoque
1062 4219 1288 4268 sanctus
1313 4209 1624 4264 audiamus.
1653 4208 1841 4278 Itaque
1869 4209 2021 4264 Basi-

440 4311 548 4365 lius
575 4303 806 4376 Magnus
837 4304 893 4358 in
917 4302 1210 4373 capitulari
1239 4309 1502 4367 tractatu,
1527 4315 1690 4371 quem
1716 4301 1784 4356 de
1811 4301 2020 4371 Spiritu

438 4407 634 4456 sancto
665 4395 1117 4465 inscripsit,cap.
1147 4392 1202 4459 5,
1227 4391 1387 4463 cujus
1413 4391 1630 4446 initium
1667 4408 1682 4446 :
1721 4389 1848 4446 Haec
1869 4402 2018 4457 sunt,

2117 3291 2371 3362 δεύτερον
2397 3293 2600 3356 αῖτιον,
2625 3292 2762 3346 ἀλλὰ
2792 3291 2854 3344 τὺ
2877 3290 3091 3360 πρῶτον
3116 3290 3326 3341 τιθεῖσα
3352 3306 3366 3321 ο
3398 3288 3492 3340 καὶ
3517 3285 3705 3340 πάλιν·

2123 3387 2273 3455 Οὺχί
2319 3384 2418 3441 διὰ
2463 3385 2571 3440 τοῦ
2623 3383 2773 3439 Θεοῦ
2803 3385 2843 3452 ἡ
2881 3382 3261 3452 διασάφησις
3305 3378 3506 3435 αὐτῶν
3535 3379 3710 3444 ean;

2119 3478 2235 3540 καὶ.
2255 3477 2481 3544 Πιστὸς
2505 3479 2537 3532 ό
2562 3479 2728 3543 Θεὸς,
2743 3476 2819 3530 δι’
2839 3470 2910 3531 οὗ
2933 3473 3232 3544 ἐκλήθητε
3252 3475 3338 3539 εἰς
3363 3471 3706 3526 διακονίαν.

2133 3571 2299 3642 Ὁρᾷς
2331 3572 2418 3635 τὺ,
2440 3569 2508 3624 δι’
2545 3567 2701 3634 Υἱσῦ,
2737 3569 2853 3631 πῶς
2902 3568 3084 3622 αἰτίαν
3119 3565 3375 3637 σημαίνει
3407 3565 3707 3635 προφανῶς

2121 3663 2219 3716 καὶ
2249 3665 2689 3732 ἁναντιρῤήτωςς
2708 3660 2848 3716 Ἀλλ’
2878 3660 2966 3716 ἵνα
2997 3659 3092 3712 καὶ
3123 3659 3203 3711 ἔτι
3229 3657 3574 3728 βεὸαιότερον
3600 3658 3712 3712 δει-

2121 3755 2250 3827 χθῇ,
2293 3757 2377 3809 ὅτι
2427 3755 2878 3824 ἀντιμεθίσταται
2908 3756 2962 3826 η,
2995 3753 3113 3819 διὰ,
3147 3757 3233 3823 τῇ,
3263 3754 3354 3818 ἐκ,
3385 3754 3477 3807 καὶ
3506 3755 3710 3808 αἰτίαν

2125 3849 2406 3918 σημαίνει,
2436 3847 2547 3899 τῶν
2579 3846 2783 3900 λοιπῶν
2815 3847 2990 3914 ἁγίων
3035 3846 3386 3916 ἀκούσωμεν.
3421 3845 3559 3915 Φησὶ
3591 3849 3706 3917 γὰρ

2122 3941 2151 3994 6
2181 3937 2358 4008 μίγας
2391 3938 2672 4001 Βασίλειος
2702 3939 2760 3992 ἐν
2793 3938 2873 4008 τῷ
2905 3937 3106 3991 οὑτωσί
3131 3954 3246 4001 πως
3280 3937 3711 4010 ἐπιγραφομένῳ

2124 4031 2260 4102 περὶ
2285 4029 2376 4083 τοῦ
2412 4029 2572 4098 ἁγίου
2622 4029 2945 4100 Πνεύματος
2995 4029 3364 4099 κεφαλαιώδει
3398 4031 3541 4102 λόγῳ
3578 4045 3704 4099 mp.

2124 4129 2186 4186 ε’,
2213 4120 2275 4175 οῦ
2311 4123 2345 4192 η
2381 4121 2544 4194 ἀρχὴ,
2571 4122 2652 4176 Τὰ
2696 4121 2798 4192 μὲν
2832 4121 2898 4192 δὴ
2927 4121 3154 4175 ἐκείνων
3183 4120 3432 4185 τοιαῦτα,
3457 4124 3618 4191 ἡμεῖς
3651 4121 3709 4175 δὲ

2124 4215 2374 4286 δείξομεν
2400 4214 2429 4268 ὅ
2463 4214 2842 4286 προεθέμεθα’
2891 4215 3036 4285 Ἤδη
3071 4214 3126 4267 δὲ
3160 4217 3295 4285 προς
3321 4216 3390 4269 sit
3418 4213 3509 4267 ὑπ’
3543 4215 3711 4286 ἀλλή-

2125 4308 2232 4362 λων
2267 4309 2648 4378 σημαινόμενα
2690 4306 2954 4369 πολλάκις
3001 4307 3486 4374 ὰντιμεθίστανται
3520 4309 3552 4378 ἡ
3588 4307 3708 4368 διὰ.

2129 4398 2222 4450 καὶ
2259 4399 2316 4468 ἡ,
2338 4398 2430 4466 ἐκ,
2455 4398 2582 4452 ὅταν
2613 4398 2778 4467 ἑτέρα
2799 4397 2897 4465 τῆς
2925 4393 3117 4466 ἑτέρας
3146 4399 3425 4468 σημασίαν
3450 4395 3714 4465 ἀντιλαμ-
3763 4441 3774 4446 -

439 4508 563 4566 quae
594 4491 664 4550 ab
718 4489 829 4543 illis
856 4486 1138 4552 dicuntur,
1177 4500 1282 4540 nos
1312 4495 1494 4540 autem
1531 4483 1679 4553 quod
1715 4483 2018 4553 proposui«

2132 4490 2270 4562 σάνῃ
2294 4506 2308 4520 ·
2345 4483 2478 4554 οἷον,
2520 4485 2906 4558 Ἑκτησάμην
2933 4485 3253 4557 ἄνθρωπον
3277 4487 3376 4541 διὰ
3399 4486 3508 4542 τοῦ
3534 4489 3713 4542 Θεοῦο

439 4601 590 4651 mus,
619 4580 974 4638 ostendemus
1001 4595 1015 4632 :
1046 4575 1169 4631 lam
1201 4590 1355 4640 rem,
1399 4575 1497 4641 ait,
1519 4591 1610 4644 per
1637 4584 1690 4629 et
1723 4589 1810 4637 ex,
1849 4575 2020 4628 altera

441 4677 498 4733 in
522 4675 752 4731 alterius
779 4687 922 4743 saepe
946 4671 1124 4726 locum
1150 4669 1420 4732 succedit,
1440 4683 1567 4724 cum
1595 4668 1767 4721 altera
1795 4665 2022 4724 alterius

442 4769 593 4826 subit
615 4768 984 4839 signiﬁcatqu
1013 4779 1034 4834 ;
1074 4773 1157 4829 ut,
1181 4762 1400 4818 Possedi
1420 4761 1685 4816 hominem
1713 4777 1806 4830 per
1832 4761 2022 4826 Deum,

443 4862 590 4933 quod
625 4860 853 4930 perinde
889 4870 994 4926 est,
1035 4872 1100 4912 ac
1135 4856 1184 4913 si
1220 4855 1454 4922 diceret,
1486 4854 1560 4908 Es
1595 4853 1725 4910 Deo.
1757 4853 1820 4907 Et
1849 4854 1978 4908 alibi
2009 4873 2022 4907 :

447 4955 786 5022 Qutecunque
826 4957 1146 5020 praeceperat
1174 4945 1382 5019 Moyses
1406 4943 1583 5000 Israel
1605 4961 1695 5014 per
1715 4944 2024 4998 mandatum

443 5045 680 5100 Domini.
714 5043 779 5100 Et
845 5057 1040 5098 rursus
1081 5059 1096 5097 :
1133 5039 1389 5110 Nunquid
1435 5055 1541 5092 non
1583 5053 1674 5107 per
1724 5035 1893 5090 Deum
1949 5045 2026 5089 est

443 5139 812 5209 interpretatio
844 5137 1078 5191 eorum?
1129 5134 1234 5189 Per
1284 5135 1455 5187 Deum
1513 5131 1656 5186 enim
1689 5129 1854 5196 dixit,
1897 5145 2022 5184 cum

445 5231 634 5286 dicere
685 5228 871 5292 vellet,
923 5227 1008 5282 Ex
1043 5227 1177 5281 Deo.
1232 5223 1470 5280 Sanctus
1504 5225 1670 5278 etiam
1702 5222 1939 5293 Cyl-illus
1969 5222 2023 5276 in

444 5323 677 5395 epistula
707 5321 774 5377 ad
807 5318 1145 5383 Nestorium,
1169 5309 1292 5388 (tua:
1317 5315 1508 5387 incipit
1536 5333 1550 5370 :
1586 5314 1835 5384 intelligo
1864 5329 2029 5385 quos-

446 5415 574 5469 dam
625 5413 765 5470 falso
789 5413 1080 5468 detrahere
1101 5425 1234 5465 mea:
1253 5408 1644 5464 existimationi
1677 5426 1689 5464 :
1721 5405 2022 5474 Quoniam,

627 5590 668 5623 "
697 5591 833 5647 Gen.
882 5604 959 5656 ir,
998 5591 1044 5643 l.
1158 5589 1199 5621 ¹⁹
1231 5589 1366 5646 Gen.
1393 5605 1480 5657 XL,
1510 5589 1566 5648 8.

513 5780 590 5853 i9)
623 5779 699 5834 De
721 5777 825 5848 ﬁde
843 5775 1155 5831 orthodoxa.

1668 5589 1752 5643 “I
1804 5588 1929 5644 Cor.
1973 5606 2008 5654 I,
2034 5590 2090 5644 9.

2132 4579 2227 4632 καί⁵
2246 4579 2494 4649 ἑτέρωθι·
2523 4580 2680 4632 Ὅσα
2704 4577 3044 4632 ἐνετείλατο
3071 4577 3331 4648 Μωῦσῆς
3360 4575 3714 4648 τῷἾσραὴλ

2133 4671 2232 4744 an“
2266 4670 2734 4740 προστάγματος
2763 4670 2987 4739 Κυρίου
3014 4685 3027 4700 ⁸
3058 4671 3153 4724 καὶ
3184 4671 3348 4724 πάλιν
3371 4685 3384 4700 ·
3412 4672 3559 4739 Οὐχί
3614 4671 3716 4726 διὰ

2134 4764 2242 4820 τοῦ
2272 4764 2422 4819 Θεοῦ
2467 4765 2505 4833 ή
2551 4763 2926 4833 διασὰφησις
2966 4761 3172 4818 αὐτῶν
3199 4765 3410 4827 ἑστιν;
3441 4765 3564 4816 ἀντὶ
3617 4764 3714 4818 τοῦ

2133 4860 2198 4910 ὲκ
2219 4857 2310 4910 τοῦ
2336 4856 2471 4909 Θεοῦ
2495 4857 2668 4910 εἰπεῖν
2694 4857 2782 4910 διὰ
2820 4855 2915 4908 τοῦ
2941 4855 3076 4908 Θεοῦ
3109 4856 3354 4925 εἴρηκεν.
3396 4857 3457 4908 Ὀ
3479 4855 3534 4908 δὲ
3556 4855 3717 4925 ἅγιος

2134 4947 2403 5018 Κύριλλος
2433 4950 2490 5000 ὲν
2514 4951 2581 5020 τῇ
2608 4947 2742 5020 πρὸς
2765 4947 3064 5018 Νεστὸριον
3093 4947 3379 5017 ἐπιστολῇ,
3398 4939 3466 5018 ἧς
3488 4948 3523 5018 ἡ
3544 4946 3716 5016 ἀρχὴ,

2133 5040 2598 5111 Καταφλυιροῦσι
2651 5041 2775 5110 μὲν,
2809 5039 2882 5102 ὡς
2935 5039 3214 5109 μανθάνω,
3243 5039 3390 5102 τινες
3435 5040 3535 5110 τῆς
3573 5042 3716 5110 ἐμῆς

2132 5133 2477 5206 ὑπολήψεως,
2511 5135 2674 5203 φησίν
2698 5149 2711 5163 ⁸
2759 5133 2978 5203 Ἐπειῐὴ
3009 5133 3187 5202 σάρκα
3214 5133 3396 5186 λαϐὼν
3423 5135 3716 5204 κεχρημά-

2132 5242 2254 5280 τικε
2302 5227 2399 5282 καὶ
2455 5227 2568 5288 υἱὸς
2618 5225 2933 5297 ἀνθρώπου,
2964 5229 3262 5293 ἀναγκαῖον
3295 5225 3601 5298 ὁμολογεῖν,
3630 5227 3718 5279 ὅτι

2135 5316 2462 5388 γεγέννηται
2511 5320 2656 5372 κατὰ
2710 5320 2890 5388 σάρκα
2935 5318 3024 5372 διὰ
3072 5318 3363 5387 γυναικόςο
3423 5320 3516 5372 καὶ
3573 5321 3716 5388 μετὰ

2139 5409 2378 5482 βραχέα·
2425 5409 2484 5462 Ὀ
2517 5413 2581 5463 ὲκ
2617 5409 2754 5462 Θεοῦ
2809 5411 3021 5480 Πατρός
3058 5413 3230 5479 Λόγος
3277 5413 3341 5464 ἐκ
3399 5410 3496 5482 τῆς
3548 5411 3720 5481 ἁγίας

2213 5770 2325 5846 (ιο)
2358 5774 2474 5828 Act.
2498 5771 2552 5840 5,
2589 5772 2640 5826 in
2663 5771 2857 5828 litteris
2877 5770 3112 5829 Tarasii.
