3998 6464
285 390 388 458 ιω

1534 395 1838 457 CONTRA
1873 395 2304 459 EPHESIUM.

3452 395 3561 459 150

278 510 448 580 λόγῳ,
484 509 593 563 οὐδ’
643 507 807 571 αὐτὸς
860 502 1034 575 εἶπεν,
1092 511 1156 562 ἐκ
1198 510 1364 578 μόνον
1397 511 1648 580 Πατρός·
1672 513 1722 564 ει
1751 512 1862 579 γὰρ

1970 509 2080 578 ipse
2111 509 2418 578 respondit.
2442 510 2598 576 Quod
2623 510 2670 565 si
2699 510 2846 566 hanc
2873 508 3165 568 habuisset
3192 513 3552 576 sententiam,

279 597 423 654 οἶδεν
456 601 520 652 ὲκ
552 599 716 668 μόνου
746 597 838 652 τοῦ
875 599 1086 669 Πατρδς
1117 600 1561 671 ἐκπορευόμενον
1595 601 1656 656 τὸ
1691 601 1867 656 Πνεῦ-

288 708 366 760 μα
389 695 450 744 τὸ
483 693 661 757 ἆγιον,
705 691 893 758 ἔλεγεν
937 691 1022 756 ἂν,
1057 692 1152 744 καὶ
1200 693 1374 760 λόγων
1404 690 1696 763 ἀπηλλάγη
1737 685 1869 746 πολ-ξ

282 783 412 836 λῶν.
462 784 571 836 Καὶ
617 783 940 845 Ἀθανάσιος
985 783 1014 836 ὁ
1063 783 1230 850 πολὺς
1270 785 1338 837 τὰ
1371 785 1489 838 θεῖα
1519 787 1574 835 ὲν
1613 788 1680 854 τῇ
1729 788 1865 851 πρὸς

281 874 607 943 Σεραπίωνα
640 875 921 946 ἐπιστολῇ,
960 871 1028 947 ἧς
1076 878 1108 945 ἠ
1157 877 1324 946 ἀρχὴ,
1361 877 1618 946 ἑνέτυχον
1669 879 1768 931 καὶ
1799 878 1862 947 τῇ

281 967 379 1020 νῦν
404 968 706 1038 γραφείσῃ,
757 969 956 1038 ἐπάγει
988 967 1064 1032 ὡς
1110 970 1220 1023 ἀπὸ
1265 971 1374 1024 τῶν
1407 971 1701 1040 αἱρετικῶν
1731 969 1866 1024 ταῦ-

277 1077 368 1112 τα·
412 1056 547 1115 Εἶτα
591 1061 964 1128 ἐπιλέγουσιν,
997 1063 1074 1124 ὡς
1105 1062 1369 1133 γράφεις,
1406 1063 1456 1115 εἰ
1486 1064 1548 1116 ix
1588 1061 1684 1115 τοῦ
1728 1062 1862 1118 Υιυῦ

279 1154 513 1222 λήψεται
545 1155 606 1208 τὸ
637 1155 888 1225 Πνεῦμα,
937 1157 1031 1209 καὶ
1073 1157 1206 1224 παρ’
1237 1155 1404 1210 αὑτοῦ
1453 1156 1679 1209 δέδοται⁹
1721 1154 1866 1209 οὕτω

282 1247 390 1316 γὰρ
428 1248 766 1315 γέγραπται·
802 1247 968 1308 εὐθὺς
1019 1249 1346 1315 ὶπάγουσιν,
1377 1247 1592 1302 Οὐκοῦν
1636 1247 1866 1308 πάππος

273 1341 306 1392 ὁ
367 1340 576 1408 Πατὴρ.
642 1340 739 1393 καὶ
788 1340 1020 1406 ἔκγονον
1068 1341 1237 1395 αὑτοῦ
1279 1344 1395 1394 ἐστι
1428 1342 1488 1391 τὸ
1519 1339 1781 1408 Πνεῦμαο
1816 1339 1865 1391 ει

277 1424 372 1484 οὖν
421 1433 485 1482 ἐκ
535 1429 699 1498 μόνου
734 1429 830 1484 τοῦ
872 1430 1085 1499 Πατρδς
1115 1431 1341 1501 ᾔδεισαν
1371 1431 1430 1484 τὸ
1467 1431 1692 1498 Πνεῦμα
1723 1426 1866 1484 εἶναι

276 1524 328 1575 οἱ
364 1525 532 1590 ἆγ-.οι,
570 1524 756 1591 ἔλεγον
793 1525 878 1590 ἂν,
914 1524 1106 1594 ὥσπερ
1150 1525 1246 1578 καὶ
1296 1527 1358 1577 ὲκ
1415 1526 1582 1594 μόνου
1633 1523 1729 1578 τοῦ
1757 1526 1867 1577 Πα-

278 1615 402 1684 τρὸς
457 1617 548 1669 τὸν
592 1617 719 1669 Υίὸν
778 1616 1183 1686 ὲθεολόγησαν·
1236 1617 1353 1670 ἀλλ’
1391 1616 1634 1687 οὐδαμοῦ
1697 1617 1864 1671 τοῦτο

278 1701 453 1772 εἷπον,
483 1709 664 1760 καίτοι
692 1723 756 1774 γε
790 1707 944 1776 παρὰ
987 1708 1098 1762 τῶν
1146 1709 1458 1774 κακοδόξων
1491 1709 1665 1764 πολλὰ
1701 1711 1870 1778 ἀναγ-

232 1784 238 1791 ’
280 1798 597 1861 κασθέντες.
629 1799 803 1852 Πόθεν
840 1796 934 1854 οὖν
969 1801 998 1854 ό
1026 1801 1207 1870 τίμιος
1238 1796 1396 1864 οὗτος
1438 1807 1519 1866 τὺ,
1557 1805 1625 1857 ὲκ
1675 1803 1862 1873 μόνου,

284 1892 450 1944 ἔλαῦε
503 1893 599 1946 καὶ
634 1893 807 1959 λέγει,
839 1895 900 1946 οὐ
927 1895 1248 1964 συνορῶμεν
1269 1911 1282 1925 ·
1317 1896 1427 1949 εδει
1473 1896 1584 1965 γὰρ
1616 1897 1708 1949 καὶ
1737 1897 1864 1960 τοὺς

279 1981 444 2034 τοῦτο
493 1982 887 2048 θεολογοῦντας
940 1984 1143 2052 λέγειν,
1201 1987 1296 2040 καὶ
1353 1988 1428 2056 μὴ
1471 1991 1862 2057 παρασιωπᾷν·

282 2075 389 2144 πρὸ
439 2077 550 2146 γὰρ
585 2077 680 2129 τοῦ
734 2078 1037 2146 σχίσματος
1100 2079 1275 2143 οὐδεὶς
1321 2081 1431 2133 τῶν
1484 2082 1660 2149 ἁγίων
1703 2081 1866 2136 τοῦτο

278 2168 524 2236 εἰρηκεν.
561 2168 652 2220 Δ.δ
685 2169 876 2238 ἀρκεῖν
909 2171 1194 2241 ἡγούμεθα
1225 2173 1410 2240 λέγειν
1437 2177 1528 2228 καὶ
1563 2175 1749 2245 μόνον,
1781 2176 1863 2230 ὅτι

278 2262 340 2312 τὸ
386 2262 486 2329 μὲν
545 2263 594 2314 οἱ
629 2263 776 2330 ἅγιοι
821 2262 1062 2330 λέγουσι,
1083 2266 1142 2317 τὸ
1198 2265 1256 2318 δὲ
1309 2267 1369 2319 οὐ
1407 2267 1780 2333 λέγουσιοκαὶ
1833 2267 1864 2321 ὃ

279 2353 380 2420 μὲν
409 2352 652 2419 λέγουσι,
686 2355 781 2407 καὶ
823 2355 898 2424 μὴ
935 2357 1341 2426 προσκείμενον
1385 2359 1440 2410 ὲν
1473 2357 1550 2428 τῷ
1582 2359 1860 2429 συμϐόλῳ,

275 2442 504 2511 λέγομεν
551 2445 648 2496 καὶ
703 2443 1039 2514 πιστεύομεν
1071 2461 1085 2476 ’
1120 2447 1148 2498 ὃ
1201 2447 1258 2500 δὲ
1309 2447 1370 2499 οὐ
1413 2448 1692 2518 λέγουσιν,
1736 2447 1862 2503 οὔτε

275 2534 608 2604 φρονοῦμεν,
646 2535 770 2588 οὔτε
804 2537 1175 2606 κηρύττομεν.

970 2630 1161 2686 ΕΦΕΣ.

351 2718 454 2771 Διά
484 2718 646 2772 τοῦτο
689 2721 784 2773 καὶ
817 2721 845 2772 6
892 2723 1258 2791 Δαμασκηνὸς
1306 2727 1564 2794 Ἰωάννης
1596 2730 1660 2780 ὲκ
1695 2745 1863 2799 προσ·

275 2809 433 2862 ώπου
460 2809 560 2879 τῆς
609 2810 935 2880 Ἐκκλησίας
965 2813 1188 2882 ἁπάσης
1235 2821 1331 2868 καὶ
1364 2817 1470 2869 τῶν
1514 2819 1864 2886 Χριστιανῶν

275 2903 538 2955 ἁπάντων
559 2904 622 2955 ἐκ
651 2903 746 2956 τοῦ
783 2904 934 2970 Υιοῦ,
970 2910 1126 2976 φησὶ,
1162 2909 1224 2962 τὸ
1258 2910 1484 2979 Πνεῦμα
1516 2913 1576 2964 οὐ
1607 2913 1863 2981 λέγομεν,

274 2995 324 3043 εἰ
357 2992 413 3044 δὲ
454 2995 545 3046 καὶ
576 2995 637 3046 ἐκ
669 2995 764 3047 τοῦ
802 2996 931 3049 Υίοῦ
962 2998 1023 3050 τὸ
1048 2997 1274 3066 Πνεῦμα
1321 3000 1381 3052 οὐ
1425 3001 1679 3072 λέγομεν,
1708 3004 1864 3073 δῆλον

273 3086 350 3147 ‹ἶ›;
401 3088 466 3138 ὲκ
512 3086 606 3140 τοῦ
637 3089 851 3155 [ἰατρὸς
901 3092 1067 3158 μόνου
1099 3092 1352 3159 λέγομεν.
1393 3094 1484 3146 Διὸ
1523 3099 1621 3150 καὶ
1667 3097 1862 3166 μικρὸν

1971 614 2166 668 nempe
2205 597 2472 667 Spiritum
2505 614 2574 654 ex
2609 599 2728 654 solo
2760 599 2926 656 Patre
2954 601 3279 671 procedere,
3317 603 3554 660 dixisset

1970 690 2095 754 hoc,
2125 701 2180 744 et
2215 689 2389 744 multa
2443 705 2502 746 se
2554 691 2852 747 verborum
2910 694 3166 748 molestia
3229 695 3548 751 liberasset.

1972 783 2034 838 Et
2072 798 2253 837 rerum
2293 783 2607 838 divinarum
2667 784 3040 853 peritissimus
3095 786 3456 853 Athanasius,
3493 789 3549 843 itt

1967 876 2201 944 epistola
2258 876 2326 931 ad
2390 877 2779 946 Serapionem,
2841 894 2965 948 qtue
3019 879 3272 947 incipit:
3316 880 3442 948 Legi
3497 890 3552 934 ct

1970 985 2118 1026 nunc
2145 986 2176 1025 ι
2205 978 2294 1024 tua
2334 971 2534 1039 pietate
2563 972 2834 1039 scriptam
2864 972 3161 1041 epistolam
3188 989 3203 1038 ;
3238 973 3403 1028 infert
3430 988 3552 1043 qure

1968 1063 2035 1117 ab
2083 1063 2358 1118 haereticis
2405 1063 2807 1130 objiciebanttrr
2839 1064 2943 1118 hoc
2979 1067 3178 1118 modo:
3219 1064 3451 1130 Deinde,
3493 1075 3552 1120 ut

1969 1154 2193 1219 scribis,
2231 1154 2485 1210 addunt:
2521 1156 2577 1208 Si
2612 1171 2676 1212 ex
2724 1155 2864 1209 Filio
2919 1155 3157 1226 accipiet
3193 1155 3460 1225 Spiritus,
3496 1169 3550 1212 et

1967 1248 2038 1303 ab
2068 1247 2185 1317 ipso
2211 1246 2408 1312 datur;
2446 1248 2527 1302 sic
2556 1248 2704 1303 enim
2739 1249 3010 1318 scriptum
3032 1257 3154 1314 est;
3187 1251 3444 1319 protinus
3472 1250 3556 1303 iu-

1967 1338 2153 1394 ferunt
2189 1356 2203 1392 :
2237 1341 2382 1408 Ergo
2421 1355 2557 1395 avus
2613 1339 2794 1404 Pater,
2827 1351 2880 1393 ct
2915 1341 3158 1409 Spiritus
3203 1341 3324 1412 ejus
3359 1356 3549 1410 nepos.

1965 1432 2129 1489 Certe
2166 1433 2214 1486 si
2244 1432 2423 1487 sancti
2454 1432 2644 1488 Patres
2675 1449 2740 1488 ex
2780 1435 2901 1488 solo
2933 1434 3096 1488 Patre
3129 1435 3399 1503 Spiritum
3425 1450 3553 1490 esse

1969 1526 2336 1582 credidissent
2368 1527 2582 1596 utique.
2619 1527 2784 1581 sicuti
2815 1539 2869 1581 et
2903 1525 3103 1581 Filium
3137 1543 3204 1582 ex
3237 1528 3404 1582 Patre
3430 1529 3555 1582 solo

1968 1617 2354 1684 aﬂitmarunt;
2383 1627 2439 1671 at
2474 1633 2745 1686 nusquam
2772 1617 3032 1672 dixerunt
3059 1618 3182 1683 hoc,
3211 1634 3334 1674 cum
3367 1628 3551 1672 tamen

1971 1709 2097 1764 illos
2135 1711 2492 1765 vehementer
2521 1720 2781 1778 urgerent
2813 1709 3084 1766 haeretici.
3119 1709 3281 1765 Unde
3306 1726 3437 1780 ergo
3469 1713 3556 1765 vit‘

1968 1802 2226 1872 egregius
2283 1803 2586 1871 sumpserit
2623 1816 2832 1866 vocem,
2886 1801 2964 1856 Ex
3032 1803 3172 1865 solo,
3239 1803 3551 1866 nescimus;

1969 1896 2266 1966 oportebat
2299 1897 2449 1950 enim
2485 1906 2740 1949 auctores
2794 1895 3013 1961 εποντο,
3047 1896 3139 1965 qui
3172 1896 3243 1948 ita
3305 1896 3551 1965 philoso-

1971 1988 2283 2052 phatisint,
2315 1997 2372 2042 et
2427 2003 2535 2039 non
2595 1986 2816 2040 silentio
2875 1989 3191 2055 printer-ire;
3241 2004 3363 2040 cum
3426 1997 3552 2040 ante

1967 2080 2210 2135 schisma
2249 2080 2440 2134 nullus
2466 2091 2783 2133 sanctorum
2827 2081 2937 2143 hoc
2960 2080 3184 2133 dixerit.
3221 2079 3430 2133 Idcirco
3467 2094 3555 2132 sa-

1967 2173 2037 2227 tis
2067 2189 2190 2228 esse
2222 2172 2581 2234 arbitramur,
2625 2171 2669 2225 si
2708 2179 2920 2225 tantum
2950 2177 2962 2188 '
2984 2172 3260 2232 dicamus.
3295 2171 3398 2225 hoc
3425 2172 3553 2240 qui-

1966 2265 2088 2321 dem
2137 2281 2262 2320 esse
2303 2265 2510 2319 dictum
2542 2279 2572 2317 a
2605 2263 2848 2325 sanctis;
2880 2265 3009 2317 illud
3068 2272 3247 2316 autem
3289 2263 3548 2326 minime;

1965 2369 2018 2413 et
2049 2373 2150 2413 nos
2185 2358 2371 2413 dicere
2398 2366 2454 2412 et
2485 2356 2717 2412 credere
2771 2354 2917 2424 quod
2954 2355 3033 2409 illi
3070 2355 3281 2417 dii-unt,
3323 2356 3452 2407 licet
3492 2355 3548 2408 iu

1966 2449 2228 2521 Symbolo
2257 2465 2364 2504 non
2399 2448 2473 2503 sit
2502 2461 2868 2518 expressum;
2921 2446 3070 2517 quod
3118 2463 3249 2500 vero
3306 2446 3386 2500 illi
3440 2461 3551 2500 non

1964 2540 2176 2606 dicunt,
2211 2556 2312 2598 nos
2349 2539 2533 2596 itidem
2563 2554 2665 2595 nec
2699 2539 3044 2603 sentire,nec
3080 2539 3404 2609 praedicare.

2633 2630 2881 2688 EPIIES.

2036 2725 2305 2790 Quocirca
2327 2725 2572 2780 Joannes
2603 2725 2977 2779 Datnasccnus
3005 2740 3070 2779 ex
3103 2739 3336 2790 persona
3373 2725 3543 2779 totius

1968 2817 2227 2873 Ecclesia:
2279 2827 2334 2872 et
2364 2819 2606 2872 omnium
2638 2817 3081 2871 Christianorum
3113 2833 3129 2869 :
3164 2818 3240 2871 Ει
3270 2814 3426 2878 Filio,
3463 2819 3548 2869 in-

1966 2909 2088 2978 quit
2117 2909 2252 2978 (Η),
2286 2926 2396 2963 non
2422 2911 2660 2963 dicimus
2705 2909 2995 2978 Spiritum.
3030 2910 3086 2961 Si
3117 2923 3247 2978 ergo
3280 2912 3448 2963 etiam
3485 2926 3547 2962 ex

1968 3001 2107 3056 Filio
2146 3018 2252 3056 non
2287 3002 2522 3058 dicimus
2549 3001 2841 3068 Spiritum,
2871 2999 3116 3068 profecto
3145 3015 3206 3052 ex
3243 3000 3403 3052 Patre
3433 3001 3551 3053 solo

1968 3093 2226 3149 dicimus.
2254 3093 2548 3164 Propterea
2562 3093 2737 3163 paulo
2765 3103 2893 3146 ante
2919 3091 3134 3144 dixerat
3163 3111 3176 3145 :
3210 3089 3409 3146 Filium
3437 3107 3542 3144 non

277 3178 534 3250 ἀνωτέρω
560 3218 574 3241 ,
600 3179 705 3232 Τὸν
754 3181 912 3247 Υξὺν,
946 3183 1135 3252 φησὶν,
1181 3185 1242 3238 οῦ
1275 3185 1504 3256 λέγομεν
1543 3189 1736 3243 αἴτιον·
1776 3189 1862 3243 καὶ

1972 3186 2206 3242 dicimus
2257 3202 2480 3241 causam
2512 3205 2524 3245 ;
2557 3199 2610 3240 et
2642 3184 2893 3256 sequenti
2930 3183 3110 3252 capite
3165 3183 3278 3254 (12)
3316 3200 3329 3238 :
3364 3181 3548 3248 Pater,

277 3279 338 3329 tv
383 3277 460 3348 τῷ
507 3277 705 3346 ἑφεξῆς
739 3279 1042 3350 κεφαλαίῳ,
1082 3280 1258 3343 Μόνος
1286 3281 1464 3344 αἴτιος
1493 3281 1521 3332 ὀ
1556 3282 1769 3350 Πατήρ.

965 3375 1175 3430 ΑΠΟΛ.

354 3464 414 3515 Εἰ
452 3465 552 3532 μὲν
584 3461 676 3518 οῦν
719 3468 748 3520 ὀ
777 3467 923 3529 θεῖος
955 3467 1351 3538 Δαμασκηνὸς,
1391 3467 1524 3520 ἔνθα
1553 3466 1741 3534 τίθησι
1769 3467 1854 3529 τὸ,

280 3558 342 3609 οῦ
371 3558 622 3626 λέγομεν,
657 3561 731 3613 Τὸ
759 3560 858 3613 οὐκ
893 3560 1061 3624 ἐστιν,
1092 3561 1306 3629 ἐδήλου.
1333 3563 1514 3626 καλῶς
1546 3565 1606 3615 ἂν
1637 3563 1862 3630 εἴχομεν

279 3651 373 3704 καὶ
391 3652 620 3705 ἐνταῦθα
643 3657 804 3705 ν’δεῖΨ
835 3655 958 3707 εἰδὲ
985 3658 1079 3707 καὶ
1107 3655 1342 3725 ἀλλαχοῦ
1368 3657 1548 3724 τίθησι
1573 3657 1656 3718 τὸ,
1681 3659 1754 3709 Οὐ
1777 3657 1861 3708 λέ-

280 3763 470 3816 γομεν,
488 3748 547 3798 οὐ
569 3749 655 3800 διὰ
688 3751 750 3800 τὸ
775 3752 852 3816 μὴ
880 3745 1186 3811 εἷναι,ὸ.λλὰ
1212 3750 1298 3802 διὰ
1315 3751 1375 3802 τὺ
1397 3749 1470 3820 μὴ
1485 3745 1742 3819 λέγεσθαί
1772 3750 1862 3804 διὰ

279 3844 408 3904 τοὺς
441 3842 754 3910 αἰρετικοὺς
776 3881 791 3904 ,
829 3842 947 3905 πῶς
979 3842 1215 3896 ἐνταῦθα
1244 3844 1324 3902 τὸ,
1357 3845 1431 3896 Οὐ
1480 3843 1734 3910 λέγοιιεν,
1773 3844 1861 3898 διὰ

279 3935 341 3988 τὸ
363 3934 438 4002 μὴ
455 3932 593 3987 εἶναι
613 3935 992 4003 φρονήσομενς
1019 3935 1148 3990 Ὀτι
1175 3938 1456 4001 θεοτόκος
1483 3938 1520 4004 ἡ
1545 3938 1684 4006 ἁγία
1708 3940 1860 4004 Παρ-

279 4023 455 4089 θένος
468 4023 636 4076 αὐτοῦ
653 4024 796 4077 οὕτω
815 4024 1125 4092 δηλοῦντος·
1153 4045 1224 4094 φη
1235 4028 1285 4079 ei
1303 4027 1411 4095 γὰρ
1429 4029 1482 4079 ὲν
1506 4027 1582 4097 τῷ
1596 4027 1671 4091 οξ¹
1694 4045 1862 4098 usrpa-

280 4117 441 4188 λαίῳ,
473 4112 534 4172 οὗ
561 4120 593 4189 ἡ
617 4121 924 4188 ἐπιγραφή·
954 4120 1077 4171 Ὀτι
1118 4119 1364 4182 θεοτόκος
1390 4121 1423 4190 ἡ
1472 4119 1602 4188 ἁγία
1647 4123 1861 4191 Παρθέ-

280 4228 370 4272 vo;
395 4228 407 4241 ·
437 4213 806 4280 Χριστοτόκον
837 4213 897 4264 οὺ
927 4213 1162 4280 λέγομεν
1192 4213 1293 4282 τὴν
1323 4213 1490 4280 ἁγίαν
1537 4213 1816 4284 Παρθένον
1843 4231 1858 4248 ο

281 4306 378 4360 καὶ
409 4307 581 4376 ἑτέρῳ
603 4305 746 4374 λόγῳ
774 4305 963 4368 αὑτοῦ,
997 4305 1056 4359 οὗ
1083 4308 1116 4375 ἡ
1147 4307 1458 4375 ἐπιγραφὴ,
1492 4308 1673 4374 Ἔτος
1699 4311 1862 4378 ἀκρι-

279 4398 576 4452 ϐέστατον
628 4397 781 4452 κατὰ
822 4398 933 4467 τῆς
976 4398 1350 4467 θεοστυγοῦς
1401 4401 1690 4468 αἱρέσεως
1744 4402 1865 4457 τῶν

279 4488 724 4558 Νεστοριανῶν,
757 4491 790 4559 ἡ
824 4491 988 4559 ἀρχὴ,
1031 4490 1175 4559 Πρὸς
1209 4491 1336 4551 τοὺς
1371 4491 1672 4563 Νεστορεου
1722 4497 1857 4564 ὁμό-

282 4601 507 4656 φρονας,
547 4586 682 4654 φησὶ
709 4583 839 4655 περὶ
866 4584 926 4637 τὸ
953 4583 1107 4647 τέλος
1135 4582 1228 4637 τοῦ
1271 4583 1454 4651 λόγου·
1487 4586 1578 4638 Διὸ
1609 4587 1703 4640 καὶ
1738 4589 1854 4642 fico.

279 4682 440 4732 τ-³κον
468 4680 567 4746 τὴν
620 4679 784 4746 ἁγίαν
836 4677 1114 4748 Παρθένον
1168 4679 1545 4750 κηρύττομεν,
1605 4682 1682 4746 ὥς
1727 4683 1862 4735 Θεὸν

281 4773 495 4842 κυρίως
531 4773 623 4824 καὶ
681 4771 896 4840 ἀληθῶς
941 4772 1001 4835 ἐξ
1049 4772 1217 4841 αὐτῆς
1265 4773 1623 4844 σαρκωθέντα
1671 4777 1866 4846 γεννή-

284 4882 459 4917 σασαν
483 4880 497 4898 ·
545 4863 918 4932 Χριστοτὸκον
957 4863 1013 4916 δὲ
1049 4864 1221 4934 αὐτὴν
1257 4865 1440 4934 ῐσμεν,
1473 4864 1712 4935 Χριστὺν
1753 4868 1864 4939 γὰρ

281 4959 579 5026 ἐγέννησεν
605 4996 618 5020 ,
653 4954 768 5008 ἀλλ’
811 4955 998 5026 ἐπειδὴ
1029 4957 1115 5008 ἐπ’
1145 4957 1428 5040 ἀνακιρέσει
1463 4958 1565 5028 τῆς
1598 4959 1864 5015 Θεοτόκου

285 5047 473 5114 φωνῆς
504 5049 530 5097 ὁ
558 5045 768 5112 θεὼλης
805 5045 1103 5114 Νεστὸριος
1141 5047 1316 5118 ταύτῃ
1351 5051 1757 5120 κατεχρήσατο,
1798 5055 1858 5106 οὐ

279 5139 671 5210 Χριστοτόκον,
701 5137 817 5189 ἀλλ’
855 5138 916 5188 ὲκ
943 5137 1037 5190 τοῦ
1079 5141 1393 5208 κρείττονος
1426 5141 1634 5209 ταύτην
1666 5143 1863 5198 8501:6-

279 5248 378 5286 κον
407 5231 878 5298 κατονομάζομεν,
918 5229 1080 5301 Ὁρᾷς
1129 5231 1278 5293 ὅπως
1327 5233 1699 5301 Χριστοτόκον
1750 5231 1862 5290 οἶδε

282 5328 386 5398 μὲν
409 5327 507 5394 τὴν
540 5327 704 5392 ἁγίαν
735 5325 1032 5395 Παρθένον,
1066 5324 1125 5377 οῦ
1172 5325 1319 5391 λέγει
1354 5326 1432 5390 δὲ,
1468 5327 1528 5379 οὗ
1559 5328 1648 5381 διὰ
1691 5329 1755 5382 τὸ
1789 5333 1862 5401 μὴ

279 5417 425 5472 εἶναι
458 5417 854 5489 Χριστοτόκον,
890 5416 1028 5468 ἀλλὰ
1058 5415 1146 5469 διὰ
1191 5417 1251 5469 τὸ
1284 5417 1565 5484 λέγεσθαι.
1596 5416 1720 5474 Οἵδε
1751 5425 1863 5493 γὰρ

278 5512 379 5566 καὶ
426 5509 729 5580 Γρηγόριον
755 5508 846 5561 τὸν
873 5507 1138 5578 Θεολόγον
1173 5511 1230 5562 ἑν
1271 5508 1348 5580 τῷ
1395 5513 1524 5582 περὶ
1566 5513 1661 5567 τοῦ
1699 5515 1868 5568 Πνεῦ-

282 5620 457 5674 ματος
506 5602 654 5670 λόγῳ
709 5602 1031 5669 φάσκοντα·
1084 5602 1205 5655 Τῶν
1258 5605 1608 5674 πραγμάτων
1654 5606 1722 5661 τὰ
1767 5609 1866 5679 μὲν

279 5696 382 5749 οὐκ
416 5694 556 5761 ἔστι,
593 5694 816 5762 λέγεται
847 5693 930 5746 δέ’
970 5693 1038 5748 τὰ
1073 5695 1129 5749 δὲ
1171 5696 1298 5752 ὄντα
1327 5697 1389 5752 οὺ
1425 5698 1667 5768 λέγεται·
1698 5702 1767 5756 τὰ
1806 5701 1861 5756 δὲ

353 5876 462 5946 (ii)
495 5875 569 5930 De
606 5877 711 5944 ﬁde
747 5872 977 5938 atticum,
1017 5890 1062 5932 ς,
1098 5878 1149 5932 8,

1970 3279 2173 3349 inquit,
2208 3281 2360 3333 solus
2387 3289 2470 3334 est
2505 3295 2695 3336 causa.

2665 3373 2861 3430 RESP.

2041 3468 2095 3521 Si
2123 3478 2346 3522 sanctus
2390 3468 2547 3522 Pater
2601 3467 2981 3522 Damascenus
3013 3467 3324 3536 ubicunque
3384 3481 3550 3522 voces

1970 3561 2092 3614 illas
2113 3560 2359 3622 adhibet,
2395 3559 2509 3614 Non
2537 3560 2800 3620 dicimus.
2833 3561 3164 3628 intelligeret
3197 3578 3211 3612 :
3248 3560 3362 3614 Non
3398 3575 3549 3622 esse.

1971 3668 2259 3720 possemus
2292 3654 2381 3707 hic
2412 3655 2577 3707 etiam
2606 3664 2754 3707 recte
2778 3653 2923 3707 hunc
2949 3668 3174 3708 sensum
3215 3651 3541 3714 admittere;

1969 3745 2065 3798 sed
2095 3748 2139 3800 si
2171 3747 2279 3800 alio
2310 3761 2529 3814 quoque
2574 3746 2695 3800 loco
2724 3747 2898 3798 utitur
2933 3746 3035 3799 hoc
3071 3746 3232 3798 modo
3265 3741 3549 3812 loquendi.

1972 3836 2514 3903 Nondicimus;non
2539 3839 2696 3906 quasi
2740 3853 2827 3892 res
2859 3855 2962 3891 non
2989 3839 3084 3903 sit,
3124 3838 3217 3891 sed
3256 3838 3382 3904 quia
3423 3851 3553 3904 pro-

1970 3937 2087 3997 [iter
2124 3929 2416 3984 hazreticos
2468 3945 2578 3982 non
2619 3931 2934 3998 prolertur;
2972 3944 3073 3982 cur
3114 3927 3203 3982 hic
3240 3928 3392 3990 illud,
3432 3927 3548 3980 Non

1970 4021 2223 4085 dicimus,
2297 4020 2454 4089 quasi
2503 4035 2589 4073 res
2620 4034 2728 4074 non
2786 4021 2858 4072 sit
2906 4019 3310 4087 intelligamus?
3361 4019 3419 4071 ld
3477 4019 3551 4070 ita

1968 4129 2114 4174 esse.
2174 4113 2352 4182 ipsum
2415 4112 2541 4164 audi
2587 4112 2672 4164 his
2724 4112 2907 4166 verbis
2957 4111 3386 4180 explanantem:
3422 4126 3552 4163 nam

1971 4220 2092 4275 cap.
2142 4205 2228 4266 77,
2285 4202 2442 4271 cujus
2487 4203 2678 4258 titulus
2721 4211 2833 4264 est,
2863 4201 3016 4268 Quod
3056 4213 3242 4256 sancta
3289 4201 3440 4272 Virgo
3478 4201 3552 4255 sit

1975 4296 2050 4351 De
2100 4304 2321 4350 mater:
2369 4295 2763 4364 Christiparam
2793 4334 2812 4360 ,
2863 4294 3082 4362 inquit,
3143 4311 3248 4348 non
3314 4296 3550 4350 dicimus

1971 4400 2217 4445 sanctam
2246 4390 2546 4461 Virginem.
2582 4391 2646 4444 Et
2675 4390 2731 4446 in
2758 4391 2864 4444 alio
2897 4407 2997 4446 uo
3029 4399 3286 4455 tractatu,
3337 4388 3431 4458 qui
3460 4389 3550 4441 in-

1974 4484 2231 4540 scribitur
2261 4504 2276 4540 :
2315 4483 2503 4540 Sermo
2531 4484 2910 4540 exactissima:
2956 4494 3146 4539 contra
3190 4482 3294 4538 Deo
3322 4483 3549 4537 invisam

1899 4565 1938 4620 ο
1968 4576 2214 4632 heresim
2235 4575 2715 4642 Nestor-iuuarent;
2738 4577 2930 4647 incipit
2953 4588 3133 4632 autem
3161 4576 3243 4630 sic
3276 4592 3290 4628 :
3325 4575 3406 4628 Ad
3440 4573 3550 4628 Ne-

1970 4671 2128 4725 storii
2159 4686 2451 4740 sequaces,
2485 4672 2602 4727 haec
2633 4671 2798 4725 habet
2824 4670 2888 4724 ad
2917 4672 3077 4724 linem
3099 4669 3372 4724 sermonis
3408 4687 3422 4722 :
3462 4667 3550 4722 ld-

1965 4765 2112 4818 circo
2141 4771 2386 4819 sanctam
2423 4763 2702 4834 Virginem
2737 4762 3029 4829 Deiparnm
3063 4762 3447 4830 praedicamus,
3484 4771 3545 4815 ut

1965 4871 2086 4927 qua:
2121 4857 2287 4913 Deum
2334 4873 2400 4911 ex
2455 4858 2634 4926 seipsa
2684 4856 3032 4910 incarnatum
3076 4869 3203 4910 vere
3235 4864 3289 4910 et
3324 4857 3544 4926 proprie

1969 4951 2204 5019 peperit;
2248 4951 2650 5019 Cliristiparam
2685 4964 2814 5002 vero
2850 4947 3000 5004 illam
3027 4949 3238 5003 scimus
3284 4949 3534 5018 quidem,

1971 5058 2094 5097 nam
2145 5043 2428 5098 Christum
2488 5041 2701 5112 genuit.
2751 5056 2938 5096 verum
2971 5041 3097 5112 quia
3127 5041 3532 5112 perditissimus

1973 5133 2258 5190 Ne5torius
2281 5151 2344 5190 ea
2377 5149 2508 5190 voce
2531 5136 2738 5191 abusus
2761 5146 2843 5190 est
2863 5135 2928 5189 ad
2964 5137 3263 5207 uegandam
3297 5136 3542 5203 Deipara:

1970 5242 2184 5292 vocem,
2216 5241 2324 5281 non
2356 5227 2773 5298 Cliristiparam,
2811 5227 2905 5284 sed
2949 5243 2978 5284 a
3014 5229 3210 5298 potiori
3253 5228 3539 5296 Deiparam

1973 5332 2376 5386 nuncupamns.
2415 5317 2598 5386 Vides,
2629 5319 2848 5390 agnosci
2890 5320 3113 5390 quidem
3151 5320 3218 5372 ab
3247 5333 3313 5371 eo
3350 5329 3549 5369 no'tzcn

1973 5405 2349 5477 Christiparte,
2397 5409 2491 5464 sed
2553 5426 2659 5464 non
2708 5411 2985 5481 usurpari,
3039 5424 3149 5464 non
3213 5406 3340 5476 quia
3382 5405 3552 5475 Virgo

1969 5499 2313 5571 Cliristipara
2345 5518 2453 5558 non
2516 5503 2613 5571 sit,
2667 5504 2764 5560 sed
2805 5505 2950 5575 quod
2999 5502 3072 5556 ita
3108 5516 3214 5555 non
3249 5509 3478 5554 vocetur
3531 5515 3547 5554 :

1971 5606 2076 5646 non
2112 5594 2254 5649 enim
2289 5595 2495 5651 latebat
2546 5612 2696 5661 eum,
2722 5597 2865 5666 quod
2895 5595 2972 5648 ait
3001 5593 3167 5664 (ἔτινε.
3200 5591 3464 5649 Naziana.
3491 5594 3548 5649 in

1969 5683 2222 5740 oratione
2250 5684 2317 5741 de
2359 5684 2566 5756 Spiritu
2600 5697 2830 5741 sancte:
2869 5683 3070 5740 Rerum
3108 5685 3376 5756 quasdam
3436 5700 3546 5742 non

2043 5885 2152 5955 (l2!)
2183 5887 2313 5955 Cap.
2351 5885 2431 5941 Ιῦ.
