3998 6464
444 402 549 469 151
1436 403 1821 465 GREGORII
1854 403 2023 464 MAM

2136 403 2159 461 Ξ
2200 402 2310 464 CP.
2344 401 2784 463 PATRIARCH
2798 399 2862 459 ,Ε
3610 394 3732 461 152

449 539 597 589 esse,
648 522 745 578 sed
807 522 952 588 dici;
1004 522 1145 578 alias
1176 536 1326 588 esse,
1362 523 1457 578 sed
1508 538 1617 579 non
1648 524 2017 587 dici;rursu§

2136 523 2244 580 ιῦτε
2277 523 2416 586 ἔστι,
2437 519 2567 575 οὒτε
2590 519 2834 588 λέγεται⁹
2862 516 2932 570 τὰ
2957 516 3011 570 δὲ
3044 518 3236 586 ἄμφω,
3256 515 3354 568 καὶ
3376 513 3492 569 ἐστι
3510 517 3608 570 καὶ
3630 515 3736 567 λέ-

442 614 657 686 aliquas
675 629 776 671 nec
807 629 953 677 esse,
987 629 1089 669 nec
1118 613 1229 669 dici
1253 633 1267 680 ;
1297 615 1515 685 aliquas
1540 630 1673 669 vero
1698 624 2015 685 utrumque,

441 716 498 764 et
522 722 646 763 esse
670 715 724 758 et
756 706 889 761 dici.
942 704 1099 760 Sicut
1137 707 1283 760 enim
1322 706 1411 761 hic
1464 708 1812 777 apertissime
1837 706 2018 761 decla-

439 799 584 854 ravit
610 839 626 861 ,
667 814 774 851 non
808 798 914 853 dici
940 798 1340 869 Christiparam
1375 810 1600 869 propter
1624 798 1935 855 Nestorium
1966 806 2022 852 et

436 899 737 943 sectatores
766 889 910 956 eius,
968 905 1076 942 non
1112 891 1260 960 quod
1292 905 1353 943 ea
1385 906 1494 943 non
1529 891 1634 955 sit;
1686 891 1760 943 ita
1795 901 2023 961 propter

434 980 766 1035 Eunomium
786 992 1123 1037 asset-cutem
1153 999 1218 1036 ex
1251 983 1368 1038 solo
1396 980 1535 1037 Filio
1558 996 1679 1039 esse
1707 982 1973 1052 Spiritqu
2003 1001 2018 1040 :

435 1074 510 1126 Ex
555 1071 714 1136 Filio,
750 1073 952 1143 inquit,
1006 1073 1271 1140 Spiritum
1327 1089 1439 1128 non
1464 1075 1721 1131 dicimus.
1768 1077 1825 1131 Si
1875 1078 2020 1131 enim

434 1168 665 1219 sentiret
698 1166 853 1219 illum
886 1182 915 1218 ιι
942 1164 1082 1220 Filio
1112 1181 1217 1219 non
1251 1181 1398 1230 esse,
1428 1167 1501 1220 ita
1532 1170 1751 1223 locutus
1778 1178 1928 1223 esset
1955 1170 2023 1223 de

435 1257 560 1322 hoc,
586 1259 731 1310 sicut
757 1256 834 1311 ait
866 1258 934 1312 de
986 1258 1158 1322 Filio;
1210 1258 1409 1312 Filium
1462 1276 1591 1315 vero
1648 1277 1749 1316 nec
1783 1261 2023 1331 Spiritus

432 1362 560 1403 esse
592 1348 852 1411 dicimus,
885 1364 1064 1418 neque
1090 1349 1156 1403 de
1186 1348 1429 1418 Spiritu;
1465 1354 1928 1421 quemadmodum
1964 1364 2024 1408 et

433 1440 736 1511 Gregorius
782 1441 1066 1511 Nyssenus
1096 1443 1172 1495 ait
1201 1460 1214 1496 :
1249 1441 1421 1497 Filius
1459 1452 1642 1499 autem
1675 1461 1799 1498 cum
1826 1461 1890 1500 ex
1915 1447 2026 1503 Deo

434 1536 535 1598 sit,
569 1548 672 1589 nec
704 1542 812 1599 est,
846 1550 947 1588 nec
978 1535 1185 1589 dicitur
1214 1536 1385 1590 Filius
1407 1536 1685 1606 Spiritus;
1741 1555 1841 1594 nec
1874 1543 2022 1597 rela-

435 1625 545 1679 tiva
589 1626 704 1680 haec
740 1628 1132 1696 consequentia
1155 1630 1521 1685 convertitur.
1552 1630 1858 1686 Notandum
1887 1649 2027 1704 quo-

433 1730 542 1781 que
573 1713 706 1769 illud
747 1715 1023 1781 :Quando
1054 1717 1200 1772 enim
1252 1719 1630 1776 Damasceuus
1680 1724 1897 1793 inquit,
1942 1725 2026 1780 Ex

433 1803 578 1859 Fiio
597 1808 992 1876 nondicimus,
1055 1824 1162 1865 non
1191 1811 1339 1867 sistit
1386 1812 1502 1867 illic
1539 1828 1878 1881 sermonem,
1922 1817 2017 1873 sed

432 1900 701 1954 continuo
724 1899 912 1964 infert,
938 1901 1040 1957 Per
1061 1902 1302 1970 Filium;
1326 1921 1450 1960 nam
1471 1905 1666 1962 Rerum
1688 1910 2019 1975 divinarum,
2055 1880 2093 1935 Β

434 2004 559 2057 cap.
626 1990 710 2056 l3,
764 1990 1028 2061 Spiritus,
1062 1998 1261 2067 inquit,
1294 2011 1523 2055 sanctus
1573 2002 1814 2071 Spiritus
1841 2012 1926 2057 est
1956 2019 2024 2058 ex

433 2078 597 2137 Patre
638 2086 965 2151 procedens,
1023 2091 1172 2143 nulla
1223 2092 1368 2147 enim
1409 2093 1584 2148 motio
1625 2094 1748 2149 sine
1780 2095 2017 2165 Spiritu;

432 2171 557 2227 Filii
617 2191 833 2247 quoque
870 2190 957 2234 est
992 2178 1259 2251 Spiritus,
1310 2199 1418 2239 non
1462 2196 1521 2239 ut
1556 2202 1623 2240 ex
1665 2186 1809 2255 ipso,
1840 2191 1935 2243 sed
1965 2199 2025 2242 ut

436 2279 534 2333 per
559 2267 734 2337 ipsum
777 2285 844 2324 ex
877 2270 1036 2329 Patre
1068 2276 1391 2343 procedens.
1417 2278 1772 2348 Perspectum
1816 2284 2021 2352 quippe

434 2368 555 2414 erat
586 2370 780 2417 sancto
814 2362 986 2431 Patri,
1012 2368 1216 2438 quippe
1239 2378 1298 2424 ut
1328 2372 1503 2440 perito
1551 2373 1854 2430 Graecanici
1888 2376 2025 2430 idio-

436 2452 604 2539 matis
651 2470 719 2509 ea:
782 2460 1226 2528 prepositionem
1302 2464 1621 2534 ubicunque
1684 2467 2019 2537 apponitur.

440 2544 575 2598 nihil
607 2545 924 2618 signiﬁcare
949 2553 1237 2615 anterius;
1266 2555 1364 2609 sed
1399 2556 1647 2610 iudicare
1682 2558 1836 2625 illud,
1872 2559 2019 2613 unde

439 2636 613 2701 prima
654 2639 835 2709 origo,
867 2640 1053 2711 ibique
1102 2646 1296 2701 sistere
1321 2655 1559 2702 mentem
1612 2649 2025 2718 auditoris;per

436 2743 594 2795 vero,
631 2730 722 2786 ubi
781 2733 1029 2802 ponitur,
1071 2735 1341 2794 denotare
1392 2742 1624 2795 omnino
1689 2744 2020 2812 principium

441 2819 592 2877 aliud
630 2824 903 2896 originale
932 2835 990 2882 et
1021 2828 1375 2897 primarium.
1408 2830 1523 2887 Hac
1553 2834 1620 2889 de
1652 2849 1822 2889 causa
1860 2845 2022 2905 negat

438 2929 566 2971 esse
596 2916 915 2987 dicendum,
966 2919 1045 2975 Ex
1098 2921 1273 2989 Filio;
1330 2922 1436 2979 Per
1495 2925 1696 2980 Filium
1727 2942 1858 2981 vero
1888 2942 2024 2982 sane

434 3020 599 3074 quam
633 3009 980 3079 comprobat.
1032 3012 1110 3067 Ex
1145 3012 1310 3078 Filio,
1345 3015 1551 3084 inquit,
1602 3032 1712 3071 non
1753 3016 2020 3082 dicimus;

436 3110 547 3151 nou
580 3097 748 3166 dicit,
778 3098 842 3154 Et
870 3117 934 3158 ex
970 3101 1110 3158 Filio
1146 3122 1256 3160 non
1292 3106 1553 3173 dicimus,
1581 3110 1767 3164 addita
1797 3111 2026 3183 copula-

2127 633 2289 685 γεται
2316 631 2330 645 ·
2364 614 2555 683 ὥσπερ
2581 612 2692 681 γὰρ
2724 608 2963 664 ἐνταῦθα
2995 607 3311 676 σαφέστατα
3333 606 3595 676 ἐδήλωσε,
3622 605 3729 657 διὰ

2123 709 2212 761 τδν
2253 706 2552 777 Νεστόριον
2580 704 2678 755 καὶ
2710 701 2839 762 τοὺς
2894 701 3017 753 κατ’
3051 699 3213 752 αὑτὸν
3247 698 3615 766 Χριστοτόκον
3652 696 3732 749 οὐ

2123 800 2377 867 λέγομεν,
2407 797 2469 849 οὐ
2502 795 2593 848 διὰ
2626 793 2687 846 τὸ
2716 791 2791 862 μὴ
2818 787 2995 843 εἶναι’
3028 789 3175 843 οὕτω
3204 790 3300 841 καὶ
3323 788 3411 839 διὰ
3437 788 3531 839 τὶν
3554 785 3738 839 Εὐνό-

2129 910 2252 963 μιον
2285 891 2535 956 λέγοντα,
2562 888 2628 939 εκ
2656 886 2820 954 μόνου
2847 884 2940 936 τοῦ
2969 881 3098 935 Υίοῦ
3125 877 3267 934 εἶναι
3291 880 3352 932 τὺ
3382 878 3629 946 Πνεῦμα,
3656 880 3733 930 ὲκ

2125 983 2221 1038 τοῦ
2255 982 2409 1047 Υίοῦ,
2434 979 2591 1049 φησὶ,
2623 979 2685 1031 τὸ
2714 975 2937 1046 Πνεῦμα
2970 976 3032 1028 οὐ
3058 975 3312 1043 λέγομεν.
3340 972 3405 1026 El
3435 974 3543 1040 γὰρ
3576 972 3729 1041 ᾔδει,

2138 1079 2221 1132 ὃτι
2271 1075 2371 1129 οὐκ
2421 1073 2572 1127 ἔστιν
2598 1114 2611 1137 ,
2654 1071 2842 1138 ἔλεγεν
2876 1069 2947 1124 ἂν
2980 1068 3076 1123 καὶ
3110 1069 3240 1137 περὶ
3268 1066 3484 1129 τούτου,
3529 1064 3731 1129 ὥσπερ

2126 1169 2274 1237 λέγει
2324 1167 2422 1220 καὶ
2475 1165 2608 1232 περὶ
2669 1162 2765 1216 τοῦ
2817 1161 2987 1222 Υίοῦ,
3037 1161 3132 1212 τὸν
3172 1159 3230 1212 δὲ
3284 1158 3412 1211 Υίδν
3450 1156 3573 1209 οὔτε
3620 1155 3727 1208 τοῦ

2130 1261 2455 1329 Πνεύματος
2492 1258 2749 1325 λέγομεν,
2793 1252 2919 1307 οὒτε
2966 1253 3073 1323 μὴν
3122 1254 3188 1304 ἑκ
3217 1250 3310 1304 τοῦ
3360 1251 3677 1317 Πνεύματος
3703 1264 3725 1280 ο

2128 1355 2204 1418 ὡς
2243 1354 2338 1406 καὶ
2392 1352 2420 1403 6
2472 1350 2693 1414 Νύσσης
2727 1346 3032 1417 Γρηγόριός
3076 1360 3265 1413 φησιν’
3307 1342 3366 1395 ὐ
3398 1342 3455 1395 δὲ
3504 1342 3630 1403 Υἱὸς
3656 1342 3728 1394 ὲκ

2125 1447 2220 1501 τοῦ
2256 1444 2393 1498 Θεοῦ
2444 1444 2520 1495 ὢν
2548 1482 2563 1505 ,
2595 1442 2696 1495 οὐκ
2732 1440 2849 1499 lett
2907 1440 3001 1492 καὶ
3038 1437 3133 1490 τοῦ
3188 1434 3509 1505 Πνεύματος
3539 1476 3553 1492 .
3592 1434 3727 1487 οὔτε

2127 1541 2279 1594 ἐστίν
2336 1536 2462 1590 οὕτε
2522 1535 2771 1603 λέγεται,
2831 1532 2957 1587 οὐδὲ
2999 1529 3429 1600 ἀντιστρέφειή
3489 1530 3725 1598 σχετικὴ

2127 1630 2422 1687 ἀκολουθία
2457 1629 2623 1699 αὕτη.
2676 1627 2995 1697 Σημείωσαι
3048 1626 3145 1679 καὶ
3178 1624 3390 1683 ἄλλωςυ
3428 1622 3561 1674 ὅταν
3610 1620 3727 1689 γάρ

2130 1739 2324 1791 φησιν,
2367 1719 2463 1774 Ἐκ
2488 1720 2584 1773 τοῦ
2626 1718 2761 1772 Υίοῦ
2811 1718 2873 1771 ού
2915 1716 3175 1783 λέγομεν,
3208 1714 3270 1767 ού
3304 1714 3469 1782 μέχρι
3521 1712 3722 1764 τούτου

2135 1817 2378 1878 ἵσταται,
2416 1814 2534 1868 ἀλλ’
2560 1812 2723 1875 εὐθὺς
2757 1811 3124 1879 συνημμένως
3178 1807 3457 1875 ἐπιφέρει,
3490 1806 3588 1858 Διὰ
3623 1804 3726 1858 τοῦ

2128 1908 2265 1962 Υίοῦ
2289 1924 2304 1940 ⁸
2339 1908 2477 1977 Φησὶ
2510 1906 2618 1974 γὰρ
2649 1904 2746 1959 καὶ
2771 1907 2827 1956 ἐν
2855 1900 2934 1972 τῷ
2964 1898 3032 1968 ιγ’
3060 1898 3171 1953 τῶν
3200 1897 3599 1967 Θεολοτικῶνο
3642 1898 3722 1950 Τὸ

2130 2002 2356 2072 Πνεῦμα
2389 2002 2448 2053 τὸ
2478 2000 2637 2067 ἅγιον
2674 1996 2900 2066 Πνεῦμα
2927 1995 2993 2048 εκ
3022 1992 3119 2045 τοῦ
3168 1990 3383 2058 Ματρὸς
3415 1990 3719 2058 ἐκπορευό-

2132 2113 2317 2166 μενον,
2351 2095 2583 2163 ούδεμία
2610 2092 2720 2161 γὰρ
2754 2089 2897 2159 ὁρμὴ
2924 2088 3055 2142 ἄνευ
3088 2084 3429 2153 Πνεύματοςο
3460 2084 3556 2135 καὶ
3582 2080 3718 2135 Υίοῦ
3820 2130 3833 2145 ,

2126 2192 2182 2245 δὲ
2207 2187 2456 2258 Πνεῦμα,
2491 2186 2590 2256 οὐχ
2622 2183 2701 2246 ὡς
2732 2179 2793 2246 ἐξ
2826 2177 3019 2243 αὑτοῦ,
3054 2176 3170 2229 ἀλλ’
3202 2175 3279 2237 ὼς
3322 2173 3393 2227 δι’
3446 2172 3621 2227 αὑτοῦ
3651 2173 3717 2224 ἐκ

2126 2283 2223 2335 τοῦ
2256 2280 2469 2348 Πατρὸς
2500 2275 2961 2346 ἐκπορευόμενον.
2996 2265 3121 2323 Οῑδε
3165 2268 3273 2336 γὰρ
3314 2268 3342 2318 6
3369 2267 3527 2333 ἅγιος
3550 2266 3717 2334 ἀκρισ

2129 2373 2264 2435 ϐὡς,
2316 2369 2391 2433 ὡς
2448 2368 2777 2435 ἐπιστήμων
2831 2361 2932 2431 τῆς
2994 2357 3322 2429 Ἑλληνικῆς
3380 2354 3600 2422 σοφίας,
3638 2352 3721 2413 ὡς

2127 2466 2262 2518 ὅπου
2289 2462 2355 2517 ἂν
2390 2460 2601 2515 τίθεται
2655 2459 2710 2529 ἡ,
2752 2455 2847 2519 ἐκ,
2910 2453 3191 2523 πρόθεσις,
3222 2449 3500 2519 ἁνώτερόν
3542 2464 3596 2498 τι
3649 2445 3712 2497 οὐ

2129 2559 2305 2630 ζητεῐ,
2341 2555 2458 2611 ἀλλ’
2484 2553 2695 2608 ἐκεῖθεν
2732 2551 2846 2621 ἔχει
2886 2549 2987 2617 τὴν
3023 2545 3251 2617 πρώτην
3282 2542 3482 2613 ἀρχὴν,
3517 2540 3709 2594 κάκεῖ-

2129 2672 2186 2708 σε
2222 2654 2402 2719 ἵστησι
2434 2648 2524 2702 τὸν
2559 2644 2862 2716 ἀκροατήν·
2913 2643 2946 2711 ἠ
2977 2641 3057 2704 δὲ,
3109 2639 3229 2704 διὰ,
3271 2636 3530 2705 πρόθεσις
3578 2632 3716 2685 ὅπου

2130 2747 2196 2801 ἂν
2226 2740 2531 2807 τίθεται,ὲξ
2564 2739 2805 2798 ἅπαντος
2839 2737 3035 2805 ἑτέραν
3068 2730 3320 2798 ἐπιζητεῖ
3349 2730 3444 2797 τὴν
3474 2731 3714 2796 ἁρχοει-,

2125 2840 2190 2905 δῖγ
2221 2837 2317 2890 καὶ
2348 2829 2861 2907 προκαταρκτικήν.
2893 2827 3099 2882 Τούτου
3128 2824 3221 2878 οῦν
3248 2824 3409 2893 χάριν
3443 2821 3503 2873 τὸ
3529 2823 3592 2872 ἐκ
3618 2818 3716 2872 τοῦ

2129 2930 2260 2985 Υίοῦ
2312 2928 2667 2996 ἀπαρνεῐται,
2703 2923 2761 2977 τό
2784 2923 2841 2977 ὁὶ
2874 2921 2942 2976 δι’
2972 2921 3128 2984 Υίοῦ,
3163 2919 3260 2970 καὶ
3296 2917 3438 2969 πάνυ
3475 2912 3713 2967 τίθεται.

2140 3025 2235 3077 Ἐκ
2260 3021 2354 3076 τοῦ
2384 3020 2515 3075 Υίοῦ
2545 3018 2900 3086 οὐλέγομεν,
2948 3013 3136 3085 φησίν·
3168 3011 3229 3065 ού
3259 3010 3365 3081 γὰρ
3398 3008 3577 3074 λέγει,
3605 3006 3714 3068 ὅτι,

2128 3119 2239 3173 Καὶ
2275 3120 2340 3171 ὲκ
2394 3115 2488 3170 τοῦ
2514 3110 2647 3167 Υίοῦ
2685 3112 2745 3165 οὐ
2787 3110 3059 3180 λέγομεν,
3098 3106 3239 3177 μετὰ
3268 3103 3387 3165 τοῦ,
3414 3102 3534 3166 καὶ,
3576 3114 3717 3169 συμο

437 3189 549 3249 tiva
575 3192 970 3262 conjunctione
1001 3198 1183 3258 et.sed
1204 3198 1284 3254 Ex
1302 3199 1444 3259 Eilio
1468 3217 1575 3257 non
1593 3202 1863 3269 dicimus;
1895 3219 2020 3257 nam

2136 3203 2430 3262 πλεκτικοῦ
2488 3204 2818 3272 συνδέσμου,
2872 3199 3013 3264 ἀλλ’,
3063 3198 3158 3251 Ἐκ
3191 3195 3287 3248 τοῦ
3332 3192 3490 3252 Υίυῦ,
3524 3192 3714 3263 φησιν,

440 3282 759 3350 coniunctio
801 3296 871 3349 et,
904 3289 1064 3343 sicuti
1102 3298 1159 3346 et
1202 3307 1316 3359 per,
1354 3293 1615 3363 quiddam
1663 3296 1829 3350 etiam
1878 3295 2026 3350 aliud

440 3378 675 3443 quierit;
723 3379 1286 3452 conjunctionemque
1339 3386 1502 3439 aliam
1549 3396 1622 3451 et,
1681 3387 2029 3458 pr'eintelligi

443 3467 677 3524 indicat.
718 3470 786 3525 Et
819 3472 965 3537 vide,
1008 3484 1067 3529 ut
1123 3477 1378 3547 exemplo
1414 3470 1795 3549 antiquiorum
1842 3482 2031 3536 docto-

404 3568 416 3580 '
450 3578 573 3616 rum
606 3573 662 3618 et
700 3564 816 3635 ipse
854 3566 1027 3633 dicat,
1070 3568 1174 3623 Per
1224 3568 1448 3625 Filium.
1495 3572 1587 3625 Ait
1636 3574 1782 3628 enim
1816 3573 2035 3643 :Spiri-

447 3665 540 3711 tus
563 3669 793 3715 sanctus
830 3660 1236 3718 manifestativa
1266 3665 1352 3720 vis
1386 3667 1622 3721 occultae
1675 3666 1857 3723 Patris
1891 3668 2033 3722 divi-

455 3751 674 3819 nitatis,
700 3754 1007 3822 procedens
1027 3764 1197 3810 estex
1221 3754 1386 3810 Patre
1420 3772 1516 3826 per
1534 3757 1757 3822 Filium,
1794 3767 1855 3811 ut
1884 3759 2036 3813 novit

451 3844 595 3913 ipse.
628 3845 843 3902 Rursus
870 3865 886 3903 :
922 3848 1044 3916 Ipse
1082 3848 1276 3918 igitur,
1310 3864 1506 3919 nempe
1539 3851 1722 3917 Pater,
1747 3860 1833 3906 est
1856 3866 2033 3918 mens,

451 3930 616 3990 Verbi
643 3936 894 4007 abyssus,
928 3936 1091 3994 Verbi
1111 3940 1346 4007 genitor,
1375 3955 1582 4010 perque
1604 3940 1842 3997 Verbum
1864 3939 2040 4011 Spiri-

453 4037 546 4082 tus
614 4028 1013 4084 manil‘estativi
1071 4030 1399 4100 productor.
1471 4029 1664 4102 Itaque
1717 4034 1811 4101 qui
1840 4033 2036 4090 dicunt

449 4119 894 4189 praepositionem
948 4136 1042 4189 per
1093 4125 1240 4177 sumi
1288 4124 1413 4179 loco
1444 4124 1856 4195 prepositionis
1894 4144 2037 4195 cum,

453 4211 764 4281 intelligant
802 4221 855 4267 et
912 4213 1192 4269 fateantur
1230 4216 1335 4272 hoc
1369 4218 1493 4271 loco
1532 4218 1721 4285 etiam,
1771 4231 2036 4287 mentem,

454 4302 621 4357 Verbi
659 4304 945 4375 abyssum,
992 4304 1160 4361 Verbi
1219 4309 1523 4377 genitorem
1561 4324 1669 4364 uua
1703 4324 1833 4365 cum
1860 4310 2040 4367 Verbo

454 4394 762 4464 producere
792 4394 1086 4465 Spiritum.
1119 4396 1342 4464 Verum,
1376 4408 1435 4453 ut
1460 4410 1614 4469 puto,
1648 4416 1756 4455 non
1789 4400 2042 4457 fatebun-

398 4538 405 4539 ,
454 4498 570 4542 tur.
611 4488 794 4557 Atque
854 4487 983 4544 hinc
1037 4490 1190 4545 falsa!
1216 4493 1586 4561 expositionis
1632 4494 1910 4549 inventum
1956 4510 2041 4551 re-

2132 3302 2193 3355 οὐ
2244 3300 2496 3368 λέγομεν.
2539 3298 2600 3349 '0
2656 3296 2788 3364 γὰρ.
2824 3293 2947 3359 ναί,
2996 3290 3298 3358 σύνδεσμος
3350 3287 3447 3341 καὶ
3479 3285 3611 3339 ἄλλο
3658 3301 3716 3336 τι

2134 3395 2306 3463 ζητεῖ,
2358 3392 2550 3460 ὥσπερ
2584 3389 2681 3442 καὶ
2723 3391 2779 3458 ἡ.
2809 3384 2929 3449 διὰ,
2980 3383 3267 3455 πρόθεσις,
3319 3379 3418 3434 καὶ
3471 3394 3717 3449 προεπιο

2134 3486 2429 3556 νοούμενον
2477 3484 2593 3554 εχει
2642 3482 2755 3542 τὸν,
2814 3478 2936 3544 καί,
2994 3475 3314 3544 σύνδεσμον.
3358 3473 3503 3542 Ὅρα
3547 3470 3605 3524 δὲ
3654 3469 3718 3523 τὸ

2132 3580 2234 3633 Διὰ
2263 3577 2356 3632 τοῦ
2389 3576 2537 3641 Υίοῦ,
2575 3575 2725 3637 ὅπως
2755 3572 3024 3642 ἑπόμενος
3058 3571 3169 3630 τοῖς
3217 3566 3428 3628 λοιποῖς
3475 3562 3583 3633 πρὸ
3615 3562 3717 3615 αῦ-

2134 3674 2227 3727 τοῦ
2254 3672 2430 3741 ἁγίοις
2462 3670 2611 3736 λέγει
2640 3682 2656 3697 ⁶
2692 3667 2830 3737 φησι
2875 3664 2985 3733 γάρ
3008 3678 3025 3695 ο
3084 3662 3145 3714 τὸ
3184 3657 3410 3727 Πνεῦμα
3440 3656 3501 3709 τὸ
3534 3655 3716 3723 ἅγιον,

2134 3771 2168 3837 ἡ
2208 3763 2582 3835 ἑκφαντορικὴ
2629 3760 2727 3813 τοῦ
2765 3757 3000 3828 κρυφίου
3035 3756 3136 3823 τῆς
3182 3752 3439 3820 θεότητος
3481 3747 3717 3815 δύναμις

2134 3859 2230 3913 τοῦ
2255 3858 2491 3926 Πατρδς,
2524 3856 2590 3908 εκ
2620 3851 2833 3922 Πατρός
2860 3852 2979 3903 ἐστι
3009 3846 3078 3902 δι’
3111 3845 3241 3899 Υίοῦ
3271 3840 3712 3913 ἐκπορευομένη,

2137 3952 2215 4014 ὠς
2256 3946 2387 4004 οἶδε.
2438 3949 2552 4002 Καὶ
2584 3945 2768 4000 πάλιν·
2804 3941 2980 4003 Αὐτὸς
3012 3939 3109 4011 μέν
3134 3940 3255 3992 ἔστι
3287 3936 3439 3997 νοῦς,
3465 3936 3493 3986 ό
3525 3931 3717 3999 Πατὴρ

2138 4044 2325 4111 δῆλον,
2364 4042 2543 4107 Λόγου
2597 4036 2861 4098 ἄϐυσσος,
2901 4034 3079 4102 Λόγου
3131 4030 3439 4099 γεννήτωρ,
3490 4027 3586 4077 καὶ
3628 4022 3722 4076 διὰ

2138 4138 2315 4204 Λόγου
2343 4132 2645 4205 προϐολεὺς
2676 4124 3083 4197 ἑκφαντορικοῦ
3113 4121 3451 4191 Πνεύματος.
3493 4118 3557 4172 Oi
3586 4115 3721 4184 γοῦν

2138 4229 2409 4296 λέγοντες.
2438 4225 2520 4277 ὅτι
2554 4224 2612 4291 ὴ.
2667 4220 2767 4276 διὰ
2800 4261 2814 4285 ,
2849 4217 3111 4290 πρόθεσις
3164 4215 3287 4268 ἀντὶ
3348 4212 3447 4279 τῆς
3473 4250 3488 4274 ,
3523 4208 3678 4277 μετὰ
3702 4245 3720 4270 ,

2142 4324 2462 4393 προθέσεως
2499 4319 2864 4388 λαμϐάνεται,
2917 4313 3014 4367 καὶ
3061 4311 3184 4381 τῆς,
3244 4306 3389 4371 σὺν,
3423 4302 3725 4358 νοείτωσαν

2141 4416 2239 4469 καὶ
2294 4414 2607 4482 λεγέτωσαν
2665 4410 2764 4463 καὶ
2806 4404 3064 4470 ἐνταῦθα,
3117 4404 3202 4456 ὅτι
3244 4402 3276 4455 6
3305 4397 3430 4461 νοῦς
3473 4396 3503 4449 6
3543 4393 3727 4464 Λόγου

2143 4510 2219 4562 ὢν
2251 4507 2510 4568 ἄϐυσσος,
2555 4504 2584 4555 6
2616 4503 2797 4570 Λόγου
2854 4498 3141 4569 γεννήτωρ
3191 4492 3333 4565 μετὰ
3383 4488 3481 4545 τοῦ
3543 4486 3723 4554 Λόγου

454 4582 779 4651 darguetur.
812 4581 930 4637 Non
968 4584 1114 4638 enim
1150 4584 1354 4640 frustra
1389 4596 1639 4648 sanctus.
1669 4587 1760 4642 ubi
1786 4600 2030 4658 negasset

2147 4599 2444 4673 προϐάλλει
2479 4598 2539 4651 τὸ
2581 4596 2808 4666 Πνεῦμα
2831 4635 2845 4659 ,
2892 4592 2926 4665 ἢ
2962 4591 3061 4644 σὺν
3096 4588 3174 4659 τῷ
3208 4588 3370 4656 Λόγῳ
3401 4580 3725 4654 προϐάλλει.

457 4676 906 4747 praepositionem
966 4691 1054 4740 ex,
1089 4676 1273 4731 intuiit
1307 4694 1437 4746 per;
1468 4678 1570 4734 sed
1612 4679 1683 4735 ob
1721 4681 2039 4749 pradictam

456 4784 709 4833 causam,
753 4769 818 4824 ad
858 4768 1227 4825 refellendum
1258 4772 1469 4827 scilicet
1506 4772 1831 4829 Eunomium
1873 4784 1928 4829 et
1955 4791 2043 4830 se-

458 4877 687 4932 quaces.
726 4862 821 4931 qui
878 4861 1143 4932 Spiritutn
1195 4879 1262 4918 ex
1317 4866 1436 4920 solo
1486 4865 1624 4921 Filio
1674 4866 2041 4920 afﬁrmabant.

460 4952 622 5008 Novit
646 4954 794 5009 enim
821 4955 939 5024 ipse
977 4953 1246 5025 Spiritum
1281 4968 1533 5012 sanctum
1566 4959 1951 5027 procedentem
1973 4973 2040 5012 ex

456 5050 625 5105 Patre
658 5065 754 5119 per
787 5050 1021 5118 Filium;
1054 5058 1219 5121 atque
1251 5054 1324 5107 ita
1350 5054 1417 5108 de
1441 5070 1508 5109 eo
1540 5055 1779 5119 disserit,
1804 5064 1864 5107 ut
1892 5062 2045 5123 patet

459 5157 527 5197 ex
571 5141 709 5197 locis
731 5142 842 5210 jam
877 5143 1083 5207 citatis,
1135 5155 1190 5200 et
1225 5161 1290 5200 ex
1328 5145 1571 5216 hymnis,
1604 5161 1744 5214 quos
1780 5147 1893 5214 ipse
1930 5147 2037 5200 Do-

458 5235 614 5291 utino
645 5236 795 5291 canit
815 5249 832 5289 :
855 5236 1183 5304 Pr0pitiutn,
1210 5238 1409 5307 inquit,
1440 5238 1641 5308 largire
1674 5238 1833 5292 nobis
1864 5238 2043 5307 Spiri-

460 5337 577 5384 tum
633 5345 664 5384 a
696 5345 806 5400 quo
862 5320 1083 5385 bonitas
1131 5340 1373 5397 emanat,
1413 5339 1468 5385 et
1503 5346 1564 5384 ex
1623 5331 1785 5387 Patre
1837 5347 1937 5401 per
1993 5340 2044 5385 te

461 5424 877 5493 procedentem.
938 5424 1011 5477 Ita
1056 5424 1221 5492 plane
1252 5439 1353 5478 nos
1407 5439 1627 5492 quoque
1690 5423 1929 5479 fatemur
1984 5431 2046 5477 ut

463 5516 709 5585 Spiritus
763 5534 829 5572 ex
886 5518 1029 5573 Filio
1093 5531 1444 5588 nequaquam
1489 5516 1895 5587 principaliter,
1947 5516 2043 5571 scd

461 5610 627 5665 etiam
655 5626 722 5664 ex
757 5612 877 5680 ipso
924 5612 1167 5666 dicatur.
1207 5609 1516 5665 Fatendum
1552 5612 1754 5682 quippe
1800 5620 1907 5677 est,
1946 5626 2044 5680 pa-

464 5711 682 5757 ternam
708 5702 1051 5775 bypostasitn
1079 5719 1203 5759 esse
1227 5704 1559 5774 principium
1587 5716 1633 5759 et
1670 5720 1892 5760 causam
1918 5704 2042 5759 Filii

459 5803 517 5848 ct
548 5795 820 5865 Spiritus;
869 5795 1071 5850 Filium
1121 5811 1251 5852 vero
1308 5797 1680 5867 primordiale
1714 5798 2043 5867 principium

463 5886 896 5965 btu'lquaquatu
947 5888 1283 5963 fatebimur,
1340 5905 1439 5948 nec
1500 5890 2039 5961 dicemusSpirilum

2158 4695 2301 4750 Ἀλλ’
2341 4693 2403 4747 οὐ
2428 4691 2778 4762 θελήσουσιν,
2812 4688 2888 4752 ὡς
2913 4681 3090 4754 οἶμαιο
3119 4682 3216 4736 καὶ
3257 4678 3510 4734 ὲντεῦθεν
3539 4677 3573 4744 ἡ
3622 4691 3728 4745 μη-

2147 4786 2287 4859 χανὴ
2314 4786 2417 4856 τῆς
2442 4801 2521 4837 πα
2534 4782 2884 4852 ρεξηγήσεως
2910 4774 3327 4845 ἐλεγχθήσεται.
3366 4771 3443 4822 Οὐ
3468 4766 3578 4836 γὰρ
3617 4764 3727 4835 μά.

2146 4898 2249 4951 την
2276 4882 2304 4933 6
2344 4878 2530 4945 ἅγιος,
2575 4875 2704 4928 ὅταν
2734 4872 2857 4942 τὴν,
2890 4870 2981 4934 ἐκ,
3017 4867 3281 4938 πρόθεσιν
3314 4861 3569 4933 ἀρνῆται,
3602 4859 3731 4951 ἑπο-

2152 4950 2329 5040 μένως
2361 4969 2485 5039 τὴν,
2510 4965 2630 5030 διὰ,
2666 4964 2953 5033 ἐπιφέρει,
2989 4960 3127 5012 ἀλλὰ
3147 4958 3239 5011 διὰ
3262 4957 3362 5025 τὴν
3392 4950 3731 5024 προειρημέ-

2148 5080 2248 5131 νην
2274 5061 2456 5113 αἰτίαν
2505 5058 2599 5110 καὶ
2631 5056 2725 5108 τὸν
2776 5054 3043 5120 Εὐνόμιον
3096 5050 3193 5103 καὶ
3246 5046 3374 5108 τοὺς
3411 5041 3529 5096 κατ’
3567 5040 3729 5094 αὑτὸν

2149 5151 2464 5212 ἀποσοϐῶν,
2493 5151 2559 5201 ὲκ
2598 5147 2762 5215 μόνου
2801 5144 2898 5197 τοῦ
2929 5139 3061 5195 Υίοῦ
3087 5139 3149 5191 τὸ
3186 5135 3417 5204 Πνεῦμα
3446 5132 3726 5199 λέγοντας⁴

2148 5242 2259 5297 οἶδε
2305 5244 2413 5312 γὰρ
2449 5240 2606 5302 οὗτος
2662 5240 2728 5291 ὲκ
2777 5236 2989 5305 Πατρὶς
3018 5231 3086 5284 δι’
3123 5230 3254 5284 Υίοῦ
3294 5225 3728 5293 ἐκπορευόμενον

2150 5338 2215 5390 τὸ
2248 5336 2478 5401 Πνεῦμα
2507 5333 2569 5385 τὸ
2596 5331 2773 5398 ἆγιον·
2810 5330 2904 5381 καὶ
2934 5325 3082 5379 οὕτω
3122 5322 3384 5389 θεολογεῑ·
3431 5318 3591 5387 δῆλον
3624 5315 3729 5383 γὰρ

2150 5428 2215 5478 ἐκ
2249 5425 2359 5477 τῶν
2390 5421 2832 5491 προειρημένων,
2868 5419 2963 5473 καὶ
3017 5418 3076 5470 ὲν
3121 5408 3203 5477 οἷς
3246 5413 3384 5481 πρὸς
3431 5410 3636 5477 Κύριον
3673 5408 3730 5459 ὲν

2154 5518 2343 5587 ὕμνοις
2371 5516 2566 5586 ψάλλει
2595 5532 2611 5546 ³
2642 5514 2834 5568 Ἰλεων
2883 5513 3071 5580 νέμοις
3116 5510 3252 5580 ἡμῖν
3291 5504 3522 5571 Πνεῦμα
3562 5518 3730 5571 μετα-

2150 5610 2363 5665 δοτικὸν
2396 5608 2737 5678 ἀγαθότητος
2762 5648 2777 5672 ,
2818 5607 2885 5658 ἐκ
2916 5602 3133 5675 Πατρδς
3186 5601 3279 5655 διὰ
3334 5596 3430 5652 σοῦ
3460 5594 3729 5667 προερχό-

2156 5720 2341 5773 μενον.
2381 5701 2542 5756 Οὕτω
2599 5700 2907 5771 καὶκήμεῖς
2942 5694 3348 5769 ὁμολογοῦμεν,
3400 5691 3477 5755 ὡς
3531 5690 3633 5743 οὐκ
3664 5688 3728 5739 ἂν

2152 5799 2219 5849 ὲκ
2249 5794 2342 5849 τοῦ
2377 5796 2507 5849 Υίοῦ
2559 5793 2996 5865 προηγουμένως
3031 5788 3251 5859 λεχθείη
3278 5786 3342 5839 τὸ
3385 5781 3615 5849 Πνεῦμα
3667 5780 3727 5833 τὸ

2156 5893 2333 5961 ᾶγιον,
2368 5890 2501 5944 63M
2535 5890 2627 5943 ml.
2692 5889 2753 5942 ἐκ
2793 5886 2883 5941 τοῦ
2925 5883 3093 5938 Υἱοῦο
3142 5881 3319 5953 χρεὼν
3388 5879 3492 5950 γὰρ
3541 5873 3727 5944 ὅμοιοι
