3998 6464
314 406 421 476 153
1551 402 1857 466 CONTRA
1906 403 1917 461 l

2021 404 2331 466 EIESIUM.
3467 392 3572 460 154

310 524 532 627 fidem
561 524 662 594 τὴν
692 502 971 594 πατρικῆν
1014 523 1320 577 ὑπόστασιν
1350 524 1526 592 ἀρχὴν
1582 522 1677 575 καὶ
1711 520 1893 574 αἰτίαν

2021 531 2249 579 auctum
2297 538 2422 578 esse
2482 537 2546 575 ex
2598 518 2756 585 Filio,
2786 518 2880 575 sed
2918 518 3085 573 etiam
3112 505 3189 570 ex
3238 511 3381 567 Filio
3447 519 3574 581 post

2021 623 2031 627 μ
2432 616 2465 627 .,
2588 624 2598 627 _
2746 614 2757 625 ο
2860 612 2941 627 ,--,
3010 625 3020 627 μ
3070 606 3371 627 -ᾼμ--1-.2---
3436 602 3568 627 ΚΥ-..

314 615 451 668 Υἱοῦ
490 616 585 667 καὶ
620 614 977 683 Πνεῦματος⁸
1006 615 1097 666 τὸν
1129 614 1186 666 δὲ
1217 614 1347 666 Υὶδν
1397 615 1498 667 οὐκ
1546 612 1615 666 ἂν
1661 610 1890 681 ἀρχικὸν

2021 623 2236 681 ’atrem,
2261 616 2505 687 apposita
2550 624 2598 669 et
2637 612 3029 681 conjunctione
3060 606 3398 677 copulativa.
3436 602 3571 658 Nam

318 707 495 761 αἴτιον
525 706 988 777 ὁμολογήσαιμεν,
1017 705 1142 758 οὐδὲ
1183 708 1245 758 ἐκ
1276 705 1370 758 τοῦ
1401 705 1533 758 Υῑοῦ
1566 690 1627 757 τὸ
1665 701 1888 772 Πνεῦμα

318 796 390 899 τῦ
435 799 593 899 ἒγιον
643 798 915 899 ὲροῦμᾶεν,
972 802 1110 853 ἀλλὰ
1163 801 1259 852 καὶ
1304 800 1368 852 ἐκ
1424 798 1517 851 τοῦ
1577 797 1709 851 Υῐοῦ
1758 795 1895 866 μετὰ

312 890 411 945 τὸν
442 892 685 961 Πατέρα,
719 886 862 960 μεῖὰ
904 891 1025 956 τοῦ,
1058 890 1181 956 xui,
1240 887 1654 959 συμπλεκτικοῦ
1710 886 1899 939 συνδέο

201 1006 224 1027 ο
321 998 487 1052 σμου.
522 982 581 1036 '0
644 985 745 1051 μὲν
774 983 880 1053 γὰρ
913 985 975 1036 ὲκ
1038 982 1135 1035 τοῦ
1168 981 1299 1035 Υἱοῦ
1350 980 1411 1033 τὸ
1448 979 1675 1048 Πνεῦμα
1723 978 1897 1046 λέγων

318 1074 565 1143 ὑποψίαν
627 1076 855 1147 παρέχει
906 1080 1009 1129 ιτδν
1058 1077 1187 1129 Υἱῦν
1228 1074 1457 1145 ἀρχικὸν
1506 1074 1681 1126 αἴτιον
1732 1073 1896 1125 νοεῖνι

322 1168 422 1220 Διὰ
458 1168 618 1222 τοῦτο
671 1171 768 1222 καὶ⁹
820 1170 849 1222 6
900 1170 1045 1232 θεῖος
1090 1168 1365 1240 Ἰωάννης
1404 1170 1570 1237 φησὶν
1600 1206 1615 1230 ,
1664 1166 1761 1219 Ἐκ
1806 1164 1897 1218 τοῦ

322 1260 456 1313 Υῖοῦ
514 1263 572 1314 τὸ
626 1262 848 1331 Πνεῦμα
905 1262 967 1316 οὐ
1023 1261 1276 1329 λέγομεν.
1336 1262 1398 1315 ’0
1450 1261 1506 1313 δὲ
1560 1260 1771 1325 λέγων,
1827 1256 1900 1310 Τδ

322 1352 552 1420 Πνεῦμα
603 1355 666 1407 ὲκ
716 1354 810 1407 τοῦ
862 1355 1076 1424 Πατρὸς
1114 1355 1204 1408 διὰ
1257 1353 1350 1407 τοῦ
1404 1353 1556 1415 Tia},
1611 1352 1642 1420 ἢ
1694 1352 1756 1404 ὲκ
1805 1347 1899 1401 τοῦ

328 1445 543 1513 ﬂat-96;
569 1447 664 1499 ita).
689 1448 752 1499 ὲκ
778 1445 873 1499 τοῦ
902 1446 1055 1509 Υἱοῦ,
1086 1447 1370 1517 προδήλως
1395 1445 1651 1514 ὁμολογεῖ
1674 1442 1764 1495 τὸν
1793 1442 1901 1493 Πα-

323 1535 461 1601 τέρα
494 1534 656 1601 μόνον
682 1536 915 1605 ἀρχικὸν
941 1537 1114 1589 αἴτιον
1142 1538 1240 1605 τῆς
1265 1535 1358 1588 τοῦ
1391 1535 1705 1605 Πνεῦματος
1736 1536 1903 1585 ἔκπο-

330 1626 608 1690 ρεύσεωςο
644 1627 826 1679 πάντα
865 1626 975 1695 γὰρ
1015 1630 1115 1680 ὅσα
1157 1628 1271 1696 ἔχει
1312 1630 1338 1679 6
1377 1627 1537 1689 Υξδς,
1574 1625 1685 1693 ἔχει
1725 1622 1903 1675 λαϐὼν

326 1717 497 1769 ταῦτα
529 1717 682 1787 παρά
706 1717 800 1771 τοῦ
832 1720 1064 1785 Πατρὸς,
1093 1720 1363 1782 οὐσιωδῶς
1392 1718 1598 1788 δηλαδὴ
1626 1718 1719 1771 καὶ
1747 1734 1901 1785 c903:-

1997 713 2091 781 qui
2123 711 2389 781 Spiritum
2418 723 2481 763 ex
2518 706 2654 761 Filio
2705 706 2857 767 dicit,
2907 702 3279 771 suspicionem
3309 699 3423 765 dat,
3481 696 3575 751 Fi-

1998 805 2128 859 lium
2164 819 2193 857 a
2229 816 2289 857 se
2331 799 2557 865 intelligi
2608 796 2930 865 primarium
2966 792 3321 863 principium.
3365 789 3575 844 ldcirro

1994 906 2227 952 sanctus
2277 892 2543 956 Joannes,
2598 888 2862 959 Spiritum
2893 925 2907 946 ,
2958 885 3156 954 inquit,
3191 899 3254 937 ex
3293 880 3433 934 F-ilio
3461 894 3571 932 non

1998 989 2254 1043 dicimus.
2296 986 2398 1051 Qui
2458 999 2586 1039 vero
2646 981 2775 1037 dicit
2836 980 3097 1047 Spiritum
3157 991 3221 1029 ex
3283 974 3443 1027 Patre
3484 987 3577 1040 per

2003 1080 2226 1141 Filium,
2281 1080 2394 1132 sive
2425 1093 2488 1130 cx
2546 1077 2710 1130 Patre
2736 1081 2790 1127 et
2819 1087 2883 1125 ex
2941 1069 3104 1131 Filio,
3161 1076 3347 1135 aperte
3380 1064 3577 1118 fatetur

2000 1173 2177 1229 solum
2216 1172 2429 1224 Patrem
2461 1183 2585 1223 esse
2605 1163 2961 1235 primordiale
2999 1157 3331 1229 principium
3373 1154 3577 1225 produ-
3610 1154 3615 1157 ⁷

2001 1264 2201 1318 ctionis
2252 1262 2424 1316 sancti
2473 1258 2732 1327 Spiritus.
2773 1252 2905 1307 Nam
2936 1251 3119 1305 omnia
3150 1264 3271 1318 quae
3297 1247 3460 1300 habet
3487 1243 3577 1298 Fi-

2001 1358 2128 1420 lius,
2179 1362 2401 1423 accepta
2464 1352 2634 1406 refert
2672 1347 2844 1408 Patri,
2885 1341 3257 1399 essentialiter
3318 1338 3573 1393 nimirum

2003 1458 2059 1506 et
2091 1446 2435 1508 naturaliter,
2489 1450 2546 1495 ut
2587 1440 2803 1509 proprie
2834 1436 3008 1490 Filius
3043 1430 3317 1502 preprietl
3350 1430 3425 1483 cti
3476 1427 3576 1481 Pa—

2004 1538 2106 1593 tris
2139 1555 2153 1591 :
2183 1536 2295 1589 imo
2356 1547 2487 1586 vero
2537 1547 2662 1587 cum
2719 1527 2881 1583 Patre
2942 1527 3106 1581 habet
3136 1522 3343 1583 omnia,
3370 1527 3429 1574 ut
3459 1518 3577 1586 ipse

2008 1630 2270 1684 Dominus
2294 1628 2390 1692 ait,
2417 1635 2473 1680 et
2529 1622 2767 1694 Cyrillus
2819 1619 3061 1689 exponit.
3104 1616 3157 1670 ls
3186 1614 3355 1675 enim,
3403 1611 3457 1665 in
3497 1626 3578 1664 rr-

2007 1720 2303 1791 spoosione
2333 1718 2400 1772 ad
2430 1716 2833 1769 Theodoretum
2878 1726 2979 1779 pro
3033 1721 3184 1763 nono
3215 1696 3416 1773 capite,
3459 1716 3582 1770 qua:

329 1809 462 1874 κῶς,
494 1810 805 1880 ὡς’κυρέως
844 1813 968 1873 Υἱὸς
1000 1813 1064 1863 ὲκ
1096 1813 1299 1881 κυρῐως
1332 1812 1542 1881 Πατρός
1568 1828 1591 1843 ο·
1620 1811 1819 1881 μᾶλλον
1847 1808 1903 1861 δὲ

2021 1813 2204 1882 incipit
2236 1827 2250 1863 :
2279 1809 2397 1865 1am
2434 1808 2567 1869 dixi,
2603 1812 2794 1861 contra
2852 1798 3091 1857 Nestor-ii
3127 1810 3321 1866 nugas,
3356 1796 3458 1847 hoc
3494 1799 3583 1847 est

324 1902 513 1955 πάντα
556 1903 667 1971 ἔχει
717 1904 855 1972 μετὰ
892 1905 988 1957 τοῦ
1038 1905 1271 1975 Πατρδς,
1310 1906 1387 1968 ὡς
1429 1905 1592 1965 αὐτὸς
1631 1905 1660 1956 ὁ
1706 1902 1904 1972 Κύριός

332 2010 490 2063 φησι,
519 1994 615 2047 καὶ
641 1995 715 2058 ὡς
745 1995 773 2047 6
804 1995 1075 2063 Κύριλλος
1100 1996 1382 2064 ἐξηγεῖται
1406 2010 1421 2026 ·
1452 1996 1589 2065 φησὶ
1614 1993 1724 2063 γὰρ
1752 1995 1812 2046 ὲν
1836 1995 1903 2062 τῇ

335 2088 607 2158 ἀπολογίᾳ
637 2091 701 2158 τῇ
738 2088 874 2158 πρὸς
905 2088 1252 2157 Θεοδὼρητσν
1282 2087 1376 2141 τοῦ
1409 2087 1454 2141 θ’
1478 2086 1774 2155 κεφαλαίου
1794 2127 1809 2151 ,
1839 2080 1907 2156 ἧς

335 2183 369 2248 ἡ
408 2180 573 2249 ἀρχὴ,
608 2179 827 2242 Φθάσας
861 2182 1016 2251 ἔφην,
1055 2182 1137 2235 ὅτι
1174 2182 1284 2245 τοῖς
1318 2181 1616 2249 Νεστοριου
1653 2177 1909 2248 βατταρι-

339 2273 515 2338 σμοῖς.
547 2272 718 2341 ἧγουν
746 2272 1116 2343 δυσφημίαις’
1154 2272 1547 2341 Ἐκπορεύεται
1580 2273 1679 2342 μὲν
1709 2271 1814 2340 γὰρ
1844 2273 1907 2323 ὲκ

332 2364 428 2418 τοῦ
460 2365 595 2418 Θεοῦ
627 2367 725 2421 καὶ
756 2369 970 2438 Πατρδς
1001 2368 1063 2419 τὸ
1099 2367 1325 2435 Πνεῦμα
1356 2366 1419 2418 τὸ
1450 2367 1607 2434 ἅγιον
1639 2366 1780 2419 κατὰ
1809 2366 1908 2433 τὴν

334 2458 430 2512 τοῦ
480 2459 734 2530 Σωτῆρος
784 2463 992 2528 φωνὴν,
1038 2459 1154 2512 ἀλλ’
1180 2462 1283 2513 οὐκ
1327 2458 1608 2528 ἀλλότριόν
1652 2459 1769 2509 ἐστι
1813 2454 1907 2509 τοῦ

284 2600 299 2615 ,
334 2552 469 2605 Υἲοῦ
493 2591 508 2617 ,
546 2554 726 2606 πάντα
758 2552 865 2623 γὰρ
896 2552 1010 2623 ἔχει
1041 2552 1179 2606 κατὰ
1208 2552 1301 2605 τοῦ
1341 2552 1549 2621 Πατρός
1577 2566 1591 2580 °
1625 2551 1719 2602 καὶ
1749 2547 1910 2602 τοῦτο

337 2643 503 2706 αὐτὸς
542 2644 780 2710 ἐδίδαξεν
821 2644 990 2697 εἰπὼν
1032 2646 1164 2713 περὶ
1206 2644 1300 2697 τοῦ
1348 2644 1504 2713 ἁγίου
1549 2642 1865 2711 Πνεῦματος
1893 2655 1906 2670 ⁸

339 2735 545 2788 Πάντα
573 2737 688 2790 ὅσα
717 2736 839 2805 ἔχει
871 2740 902 2790 ὀ
932 2737 1132 2805 Πατὴρ
1162 2737 1271 2804 ἐμὰ
1302 2738 1468 2791 ἐστι·
1502 2736 1601 2789 διὰ
1630 2735 1805 2789 τοῦτο
1834 2728 1912 2786 ετ-

340 2842 481 2895 πον,
518 2828 622 2882 Ἐκ
653 2831 761 2883 τοῦ
792 2831 936 2897 ἐμοῦ
969 2832 1231 2897 λήψεται
1265 2830 1363 2881 καὶ
1398 2825 1721 2897 ἀναγγελεῖ
1749 2825 1911 2893 ὑμῖν.

339 2920 454 2974 Καὶ
498 2919 644 2973 οὕτω
688 2921 919 2989 νοοῦμεν
967 2920 1058 2973 τὸν
1101 2920 1257 2987 ἆγιον
1295 2919 1552 2989 Ἰωάννην
1604 2917 1917 2986 συμφωνεῖν

342 3012 483 3081 μετὰ
515 3014 624 3065 τῶν
661 3012 863 3065 λοιπῶν
897 3012 1070 3080 ἁγίων
1102 3013 1210 3065 τῶν
1245 3011 1548 3081 λεγόντων,
1586 3011 1693 3064 Καὶ
1728 3013 1792 3064 ἐκ
1822 3007 1915 3062 τοῦ

351 3105 472 3159 ι’ῖοῦ
498 3148 513 3171 ,
548 3105 637 3158 διὰ
668 3106 761 3159 τοῦ
804 3105 929 3159 Υῑοῦ
952 3149 966 3171 ,
1004 3107 1098 3159 καὶ
1135 3104 1225 3169 Ἐξ
1260 3107 1482 3175 ἀμφοῖν.
1524 3106 1584 3159 Et
1617 3105 1676 3158 δὲ
1710 3106 1806 3174 οὐχ
1841 3106 1917 3164 ὡς

2012 1902 2429 1975 blasphemias:
2478 1899 2730 1956 Procedit
2785 1895 3031 1965 quidem,
3091 1891 3293 1959 inqttit.
3340 1886 3582 1958 Spiritus

2009 2007 2236 2055 sanctus
2259 2012 2325 2050 ex
2354 1996 2461 2048 Deo
2484 1990 2648 2046 Patre
2699 1990 2854 2059 juxta
2886 2000 3073 2041 vocem
3129 1982 3453 2042 Salvatoris,
3484 1976 3581 2033 srd

2010 2108 2118 2148 non
2168 2099 2253 2145 est
2284 2087 2494 2142 alienus
2525 2099 2552 2138 a
2582 2083 2745 2157 Filio,
2813 2093 2936 2134 nam
3002 2076 3184 2130 uumia
3242 2088 3370 2128 cum
3425 2068 3584 2124 Patre

2011 2185 2170 2239 habet
2188 2198 2205 2248 ;
2226 2189 2279 2236 et
2298 2181 2403 2233 hoc
2428 2179 2547 2247 ipse
2580 2175 2788 2237 ilocu’t,
2813 2171 2880 2225 de
2906 2169 3112 2239 Spiritu
3141 2174 3331 2222 sancto
3354 2164 3542 2218 dicens
3566 2178 3581 2211 :

2012 2277 2203 2331 Omnia
2226 2286 2544 2344 quacunque
2577 2269 2729 2322 habet
2788 2265 2969 2328 Pater,
2996 2278 3111 2315 mea
3153 2268 3315 2320 sunt;
3342 2265 3585 2326 promer-

2010 2386 2070 2422 ea
2098 2367 2233 2431 dixi,
2290 2365 2417 2435 quia
2450 2362 2515 2416 de
2573 2375 2685 2413 meo
2731 2357 2973 2423 accipiet,
3011 2361 3057 2407 et
3122 2346 3458 2404 anmmtiabit
3501 2361 3589 2400 vo-

2012 2464 2094 2517 bis
2127 2463 2196 2517 ".
2227 2461 2405 2527 Atque
2460 2454 2540 2508 ita
2595 2449 2956 2519 intelligimus
3015 2454 3265 2498 sanctum
3318 2438 3586 2494 Joannem

2010 2552 2302 2609 convenire
2323 2564 2444 2603 cum
2474 2544 2687 2600 caeteris
2704 2539 2907 2596 sanctis
2930 2535 3277 2597 dicentibus:
3310 2532 3372 2585 Et
3410 2545 3473 2582 ex
3506 2527 3591 2581 Fi-

2014 2648 2108 2708 lio,
2136 2644 2239 2698 Per
2282 2640 2504 2703 Filium,
2542 2630 2597 2691 et
2626 2636 2706 2689 Ab
2735 2641 2993 2701 utroque.
3036 2625 3191 2695 Quod
3239 2624 3284 2679 si
3323 2620 3591 2689 intelliga-

2015 2754 2136 2793 mus
2163 2754 2271 2793 non
2301 2752 2368 2792 eo
2389 2748 2550 2790 sensu
2603 2730 2812 2784 dictum
2854 2739 2975 2780 esse
3007 2738 3036 2777 a
3072 2728 3285 2783 sancto,
3321 2715 3396 2768 Ex
3457 2712 3592 2766 Filio

2014 2844 2146 2883 vero
2182 2843 2286 2881 non
2319 2826 2559 2880 dicimus
2590 2839 2603 2874 :
2639 2830 2698 2873 ttt
2730 2815 3052 2885 primarium
3099 2818 3328 2877 negaret
3387 2804 3592 2875 princi-

2018 2923 2188 2993 pium,
2221 2920 2316 2974 sed
2343 2915 2663 2985 simpliciter
2695 2920 2751 2965 et
2783 2908 3029 2962 absolute
3066 2926 3077 2960 :
3111 2918 3287 2971 neque
3321 2899 3428 2955 sibi
3465 2912 3598 2952 con-

2019 3021 2274 3075 stantem,
2310 3024 2485 3076 neque
2516 3021 2639 3060 eum
2668 3001 2891 3069 reliquis
2919 2997 3124 3053 sanctis
3155 2991 3593 3050 consentientem

2018 3104 2234 3159 Patrem
2265 3102 2408 3155 hunc
2441 3107 2767 3153 statuemus.
2820 3090 2949 3144 illud
2983 3089 3128 3143 enim
3163 3102 3177 3138 :
3212 3083 3317 3137 Per
3345 3079 3592 3135 Verbum

340 3198 568 3269 ἀρχικὸν
598 3199 774 3251 αἴτιον
800 3199 1015 3266 νοοῖμεν
1045 3199 1134 3250 τὸν
1160 3171 1317 3264 ἅγιον
1344 3171 1563 3265 ιρρονεῖν
1591 3201 1683 3251 καὶ
1713 3171 1916 3265 λέγειν,

2023 3198 2260 3268 Spiritus
2286 3189 2649 3250 manifestavi,
2686 3184 2981 3256 productor
3006 3197 3021 3247 ;
3050 3189 3140 3235 et:
3163 3176 3393 3247 Oportet
3419 3171 3598 3227 Verbo

343 3293 407 3379 ἐκ
439 3290 532 3361 τοῦ
575 3290 704 3343 Υἱοῦ
745 3291 800 3342 δὲ
839 3291 898 3344 οὐ
936 3291 1189 3360 λέγομεν,
1225 3289 1343 3342 ἀλλ’
1371 3290 1555 3353 ἁπλῶς
1596 3292 1689 3345 καὶ
1728 3290 1922 3344 ἀπολε-

345 3384 590 3451 λυμένως
613 3422 629 3443 .
666 3382 789 3435 οὔτε
831 3386 970 3454 πρὸς
1011 3387 1205 3439 ἑαυτὸν
1240 3389 1331 3441 τὸν
1367 3385 1523 3455 ἆγιον
1561 3385 1913 3453 συμφωνήσο·

352 3494 471 3546 μεν,
503 3474 623 3529 οὔτε
656 3479 797 3544 μετὰ
827 3478 939 3530 τῶν
970 3479 1174 3532 λοιπῶν
1202 3480 1371 3547 ἁγίων
1397 3496 1413 3512 ·
1446 3479 1506 3532 τὸ
1534 3478 1661 3547 γὰρ,
1694 3478 1794 3532 Διὰ
1823 3475 1923 3529 Λό-

347 3584 446 3637 γου
486 3568 788 3637 προσολεὺς
828 3571 1228 3640 ὲκφαντορικοῦ
1270 3571 1589 3638 Πνεύματος
1614 3585 1628 3601 ·
1664 3571 1755 3623 καὶ
1780 3608 1794 3631 ,
1834 3571 1925 3621 Δεῖ

350 3659 443 3713 τὸν
474 3660 646 3728 Λόγον
676 3661 769 3713 καὶ
804 3661 1027 3732 Πνεῦμα
1057 3663 1203 3731 ἔχειν
1228 3702 1243 3725 ,
1273 3663 1350 3725 ὼς
1379 3665 1437 3716 ὲν
1468 3662 1546 3731 τῷ
1577 3662 1620 3725 ζ’
1642 3662 1751 3713 τῶν
1784 3662 1923 3713 Θεο-

354 3751 617 3821 λογικῶν
646 3770 831 3823 φησιν.
862 3755 924 3807 οὐ
960 3757 1261 3824 συγχωρεῖ,
1288 3755 1423 3816 ὅλως
1458 3754 1532 3824 μὴ
1564 3750 1705 3808 εἶναι
1737 3756 1832 3806 καὶ
1861 3755 1925 3805 ὲκ

350 3846 448 3900 τοῦ
484 3845 635 3906 Tim),
675 3844 706 3918 ἢ
744 3847 829 3898 διὰ
860 3845 951 3898 τοῦ
988 3846 1138 3901 Υἱοῦ.
1175 3848 1346 3900 Τοῦτο
1381 3847 1437 3899 δὲ
1471 3847 1568 3901 καὶ
1602 3845 1865 3915 Κύριλλος
1901 3848 1927 3899 6

314 3994 319 4000 ,
352 3940 496 4003 θεῖος
532 3940 859 4009 παρίστησιν
891 3940 970 4003 εἰς
1002 3941 1064 3993 τό
1092 3958 1105 3972 ’
1140 3941 1328 3995 Ὅταν
1359 3942 1507 4008 ἔλθῃ
1543 3943 1576 3995 ὁ
1611 3938 1927 4008 Πηρὰκλη-

354 4051 459 4100 τος
485 4051 499 4064 ο
532 4036 665 4102 φησὶ
697 4034 806 4103 γάρ
835 4049 849 4065 ’
883 4034 1094 4103 Ὠσπερ
1130 4034 1238 4101 γάρ
1268 4033 1417 4085 ἐστιν
1450 4033 1582 4086 ἴδιον
1609 4032 1671 4085 τὸ
1705 4031 1930 4101 Πνεῦμα

354 4125 449 4179 τοῦ
482 4126 609 4178 Υῑιιῦ
642 4124 917 4194 φυσικῶς,
952 4127 1009 4178 ἑν
1038 4125 1187 4194 αὑτῷ
1213 4142 1272 4177 τε
1307 4124 1584 4194 ὑπάρχον,
1617 4124 1709 4176 καὶ
1738 4123 1804 4175 δι’
1830 4121 1930 4175 αὖ·

334 4218 447 4309 ’τοῦ
478 4219 691 4287 προϊὸν,
720 4216 863 4269 οὕτω
893 4218 990 4269 καὶ
1022 4216 1114 4269 τεῦ
1148 4218 1359 4286 Πατρός
1378 4232 1393 4247 ο
1426 4210 1503 4275 οἷς
1536 4216 1593 4267 δὲ
1621 4216 1682 4267 τὸ
1712 4214 1934 4284 Πνεῦμα

355 4310 560 4376 κοινὸν,
593 4310 805 4371 τούτοις
834 4309 918 4378 εἴη
949 4309 1119 4375 δήπου
1151 4298 1371 4370 πάντως
1402 4306 1466 4361 ἂν
1494 4310 1590 4360 καὶ
1619 4306 1686 4359 τὰ
1714 4309 1813 4375 τῆς
1841 4308 1934 4358 οὖ-

359 4404 477 4464 σὶας
510 4402 572 4455 οὐ
606 4401 956 4471 διωρισμένα.
992 4402 1066 4455 T6
1099 4399 1155 4452 δὲ
1178 4440 1194 4465 ,
1226 4401 1405 4461 Μόνος
1440 4399 1614 4461 αἴτιος
1648 4399 1675 4449 6
1713 4397 1932 4467 Πατὴρ,

359 4497 417 4548 ὲν
454 4495 568 4556 τοῖς
608 4494 992 4554 παλαιοτάτοις
1024 4490 1132 4545 τῶν
1172 4490 1394 4561 βιὸλὶων
1433 4491 1530 4561 οὐχ
1570 4490 1884 4556 εὑρίσκεται
1912 4505 1925 4520 ·

2026 3307 2134 3346 non
2169 3288 2359 3341 deesse
2384 3282 2690 3350 Spiritum,
2722 3286 2781 3330 ttt
2818 3274 3055 3344 septimo
3087 3284 3264 3324 rerum
3291 3267 3596 3320 divinarum

2022 3384 2200 3453 capite
2249 3379 2326 3434 ait
2362 3397 2376 3432 :
2409 3377 2559 3430 nullo
2613 3371 2774 3426 modo
2829 3365 3193 3439 permittunt,
3240 3370 3299 3416 ut
3362 3357 3600 3428 Spiritus

2025 3452 2132 3531 non
2166 3475 2235 3529 sit
2270 3471 2431 3527 etiam
2466 3483 2531 3521 ex
2566 3466 2725 3528 Filio,
2758 3459 2840 3515 vel
2878 3474 2973 3529 per
3024 3456 3248 3511 Filium.
3312 3452 3425 3507 lloc
3456 3452 3598 3503 idem

2026 3575 2251 3624 sanctus
2292 3560 2530 3632 Cyrillus
2573 3552 2835 3617 ostendit,
2888 3549 3201 3619 explanans
3249 3545 3379 3599 illud
3419 3565 3429 3597 :
3466 3540 3601 3596 Cum

2027 3659 2221 3715 tacuerit
2262 3651 2597 3707 Paracfetus.
2635 3647 2721 3700 Ait
2745 3643 2887 3699 enim
2916 3660 2930 3697 :
2959 3640 3093 3695 Nam
3143 3632 3600 3707 quemadmodum

2028 3748 2284 3823 proprius
2319 3744 2437 3800 Filii
2483 3748 2569 3797 est
2602 3737 2845 3809 Spiritus
2874 3730 3223 3792 naturaliter,
3258 3741 3380 3781 cum
3405 3725 3459 3777 in
3486 3725 3604 3791 ipso

2029 3816 2203 3905 sig—et
2249 3852 2345 3908 per
2379 3835 2555 3905 ipsum
2608 3827 2893 3900 procedat,
2930 3825 3006 3877 ita
3040 3833 3096 3877 et
3152 3819 3373 3874 Patris:
3405 3816 3606 3884 quibus

2029 3886 2121 3905 νην
2152 3886 2203 3895 ν’
2250 3886 2335 3908 r"
2381 3886 2425 3905 'r
2611 3886 2626 3900 ι

2029 3939 2209 3985 autem
2243 3922 2554 3980 communis
2574 3930 2656 3974 est
2693 3916 2957 3987 Spiritus,
2996 3912 3218 3966 illorutn
3276 3916 3429 3962 certe
3472 3886 3625 3958 sub:

2032 4020 2231 4078 stantia
2261 4033 2369 4071 non
2404 4022 2581 4083 potest
2628 4024 2752 4065 esse
2801 4008 3079 4062 distincta.
3117 4002 3391 4056 Cancrum
3428 4012 3600 4050 enun-

2037 4113 2227 4165 tiatum
2270 4105 2400 4159 illud
2435 4119 2477 4156 ιη
2508 4100 2669 4155 Solus
2711 4099 2869 4151 Pater
2894 4102 2979 4150 est
3034 4106 3223 4152 causa.
3256 4090 3310 4142 in
3348 4088 3607 4142 vetustis-

2036 4203 2192 4260 simis
2228 4198 2381 4255 libris
2425 4211 2530 4250 non
2563 4193 2835 4255 habetur;
2871 4204 2973 4243 nos
3005 4200 3133 4240 vero
3170 4185 3274 4237 hoc
3306 4182 3473 4238 etiam
3507 4178 3608 4232 ad-

2038 4282 2333 4356 mittimus,
2359 4300 2522 4358 atque
2554 4294 2611 4339 ut
2633 4292 2781 4338 recte
2809 4280 3022 4338 ﬁctum
3056 4282 3444 4347 approbemus.
3477 4269 3609 4323 Nam

2038 4386 2221 4445 omnia
2263 4399 2382 4453 quae
2424 4380 2590 4435 habet
2616 4376 2809 4451 Filius,
2850 4374 2917 4428 ad
2954 4371 3186 4441 primam
3227 4381 3472 4429 causam,
3507 4365 3613 4417 hoc

2040 4476 2212 4535 estad
2239 4475 2451 4529 Patrem
2490 4469 2839 4530 referuntur,-
2875 4453 3609 4535 quemadmodumtesmturi

358 4586 475 4642 ἀλλ’
499 4587 657 4655 ἡμεῖς
688 4585 783 4638 καὶ
810 4541 1416 4653 τοῦτοὶᾶόμὲῦέκαὶ
1446 4541 1806 4651 πέλῶςιέγειν
1835 4541 1917 4633 λό-

2041 4583 2094 4628 et
2124 4583 2353 4639 magnus
2397 4562 2631 4619 Basilius
2672 4560 2726 4613 in
2759 4555 2991 4627 epistola
3020 4553 3084 4607 ad
3120 4545 3609 4619 Amphilochium:

358 4695 531 4747 γομεν
554 4694 568 4708 ’
604 4678 698 4730 καὶ
737 4676 845 4748 γὰρ
886 4676 1065 4728 πάντα
1100 4675 1201 4727 ὅσα
1242 4672 1356 4743 ἔχει
1396 4674 1425 4725 ὁ
1463 4672 1627 4736 Υἱὸς,
1663 4673 1799 4742 πρὸς
1830 4671 1930 4740 τὴν

362 4768 588 4841 πρώτην
618 4769 795 4822 αἰτίαν
822 4769 914 4822 τὸν
946 4766 1165 4836 Πατέρα
1196 4766 1490 4833 ἀνάγονται
1512 4803 1527 4825 ,
1560 4763 1743 4825 καθὼς
1777 4765 1869 4816 καὶ
1902 4763 1931 4815 6

365 4866 539 4936 μέγας
574 4863 853 4925 Βασίλειος
886 4864 945 4914 ἐν
976 4862 1054 4928 τῷ
1091 4861 1225 4927 προς
1262 4860 1642 4929 Ἀμφιλόχιον,
1678 4858 1806 4926 περὶ
1837 4856 1932 4909 τοῦ

367 4959 443 5029 μὴ
474 4957 687 5025 ἀγνοεῖν
714 4954 811 5025 τὴν
843 4955 1056 5025 ἡμέραν
1080 4956 1174 5005 τοῦ
1203 4953 1387 5014 τέλους
1417 4952 1507 5004 τὸν
1538 4950 1763 5022 Κύριον,
1794 4948 1935 5003 οὕτω

364 5050 531 5120 φησιν
550 5065 562 5077 ·
592 5048 749 5103 Οὕτω
778 5049 873 5102 καὶ
902 5047 1075 5109 οὐδεὶς
1103 5040 1210 5098 οἶδε
1240 5046 1335 5114 τὴν
1362 5043 1573 5112 ἡμέραν
1600 5042 1694 5095 τοῦ
1724 5041 1935 5108 τέλους,

366 5146 415 5196 οἱ
460 5141 535 5213 μὴ
571 5143 598 5194 6
638 5139 824 5209 Πατὴρ
868 5140 1063 5209 μόνος,
1100 5139 1201 5204 τὴν
1236 5134 1462 5207 πρώτην
1495 5135 1704 5204 εἴδησιν
1740 5134 1849 5187 τῶν
1880 5150 1938 5186 τε

366 5233 537 5285 ὄντων
573 5232 681 5285 τῶν
720 5248 777 5283 τε
816 5230 1090 5299 ὲσομένιον
1129 5228 1223 5281 ἐπὶ
1259 5231 1349 5281 τὸν
1386 5226 1609 5298 Πατέρα
1648 5228 1942 5294 ἀνάγοντος

365 5321 462 5375 τοῦ
502 5322 663 5387 Υἱοῦ,
705 5323 799 5372 καὶ
836 5320 925 5372 διὰ
965 5319 1183 5371 πάντων
1219 5317 1317 5386 τὴν
1354 5315 1577 5387 πρώτην
1615 5314 1795 5368 αἰτίαν
1831 5313 1944 5375 τοῖς

368 5414 679 5484 ἀνθρώποις
712 5411 1175 5476 ὑποδεικνύοντος,
1207 5408 1460 5478 εἰρῆσθαι
1490 5408 1801 5478 νομίζομεν.
1834 5406 1944 5459 Καὶ

369 5507 671 5578 Γρηγόριος
706 5508 733 5559 6
765 5504 1025 5572 Θεολόγος
1063 5506 1118 5555 ἐν
1149 5505 1215 5573 τῇ
1250 5503 1347 5571 τῆς
1387 5500 1749 5570 εὐαγγελικῆς
1783 5515 1944 5569 περι-

476 5687 521 5718 ”
554 5683 713 5742 Jcau.
749 5698 861 5748 1m,
893 5683 984 5737 15.

451 5867 562 5940 (13)
586 5866 733 5921 Orat.
770 5867 804 5918 ξ.)
824 5863 875 5918 in
895 5860 1107 5917 Filium.

2018 4666 2160 4732 Quo
2186 4638 2293 4717 non
2315 4660 2385 4715 sit
2420 4660 2606 4727 ignota
2648 4652 2877 4706 Domino
2932 4647 3121 4701 ultima
3175 4644 3316 4704 dies,
3357 4655 3452 4706 per
3501 4638 3615 4689 haec

2022 4756 2208 4811 ‘verba
2244 4752 2361 4807 :lta
2396 4758 2449 4805 et
2481 4760 2640 4801 nemo
2693 4743 2831 4797 diem
2899 4737 3257 4793 novissimum
3298 4730 3471 4791 novit,
3508 4724 3614 4779 nisi

2022 4850 2197 4907 solus
2230 4845 2396 4899 Pater
2433 4860 2447 4896 :
2483 4841 2691 4894 dictum
2729 4844 3007 4902 pulantus,
3041 4828 3168 4897 quia
3198 4823 3371 4878 Filius
3426 4818 3619 4873 tribuit

2044 4943 2189 4998 Patri
2224 4940 2452 5009 primatu
2480 4947 2659 4985 rerum
2693 4923 3039 4996 praesentium
3082 4919 3493 4984 futurarumque
3531 4925 3624 4965 co-

2045 5006 2366 5102 gnitionem,
2433 5032 2485 5076 et
2557 5020 2782 5089 primam
2845 5027 3067 5069 causam
3149 5006 3463 5061 hominibus
3524 5017 3622 5070 per

2047 5098 2229 5178 omnia
2266 5115 2544 5186 patefacit.
2574 5109 2870 5180 Gregorius
2906 5120 3127 5175 quoque
3170 5098 3487 5169 Theologus
3522 5110 3620 5149 ex-

2050 5227 2259 5289 ponens
2281 5212 2391 5280 (1'5)
2417 5211 2594 5264 locum
2637 5201 3030 5272 evangelicum,
3054 5198 3133 5253 sic
3151 5196 3226 5248 ait
3262 5211 3275 5247 :
3309 5190 3380 5244 Ut
3409 5188 3622 5255 singula

2052 5309 2271 5381 quidem
2304 5305 2430 5368 alia,
2466 5302 2545 5356 sic
2565 5300 2728 5355 etiam
2765 5311 2944 5350 rerum
2984 5289 3396 5361 potissimarum
3430 5276 3626 5334 notitia

2054 5403 2329 5459 referatur
2354 5397 2418 5452 ad
2454 5408 2701 5456 causam,
2739 5400 2790 5445 et
2828 5386 3072 5442 Genitori
3114 5381 3288 5433 honos
3336 5373 3623 5428 habeatur.

2067 5495 2295 5552 Videtur
2330 5504 2492 5564 porro
2525 5485 2681 5555 mihi,
2711 5482 2756 5539 si
2791 5482 2916 5553 quis
2973 5476 3046 5532 ita
3107 5472 3271 5541 legat,
3294 5476 3361 5523 ‘ut
3404 5464 3628 5536 quidam
