3998 6464
424 398 528 464 155
1316 395 1706 459 GREGORII
1748 394 2016 456 ΜΑΜΜΑ

2133 396 2196 459 P.
2241 396 2467 458 PATRI
2480 394 2753 458 ARCHIE
3597 390 3708 455 156

421 527 453 565 e
486 512 689 567 nostris
729 510 1013 565 studiosus
1039 548 1056 577 ,
1098 506 1533 580 haudquaquam
1568 509 2012 567 contemnendus

2126 509 2295 579 κοπῆς
2323 510 2585 579 εξηγήσει
2608 509 2753 565 οὕτω
2778 507 2944 579 φησίν
2961 524 2977 540 ο
3004 506 3216 576 ἀδπερ
3236 506 3345 559 τῶν
3363 506 3543 560 ἄλλων
3559 508 3709 562 ἱκαν-

424 618 622 658 sensus
661 620 672 656 :
704 601 840 655 Filio
871 602 1082 656 scilicet
1122 616 1230 655 non
1267 601 1427 656 aliter
1455 617 1577 656 esse
1619 611 1808 656 notum
1858 602 2010 656 illum

2126 619 2265 664 στον.
2295 601 2441 656 οὕτω
2474 603 2539 672 δὴ
2576 603 2675 655 καὶ
2707 604 2742 672 ἡ
2777 601 2981 670 γνῶσις
3012 599 3122 654 τῶν
3158 598 3435 667 μεγίστων
3467 598 3562 650 ἰπὶ
3595 599 3707 667 τὴν

424 694 565 746 diem
598 702 648 746 et
675 694 888 758 horam,
912 706 973 745 ac
1007 692 1097 746 illa
1160 694 1269 747 siut
1329 701 1455 745 nota
1509 691 1677 748 Patri.
1706 693 1836 746 Nam
1880 694 2011 763 quid

426 784 745 853 colligitur?
776 782 1050 849 Quoniam
1077 781 1241 837 Pater
1278 786 1451 849 novit,
1481 785 1689 841 idcirco
1718 794 1773 839 et
1804 784 1971 842 Filius
1992 825 2009 853 ,

432 890 557 928 cum
591 883 803 928 certum
837 874 930 938 sit,
961 874 1064 930 hoc
1092 889 1120 926 a
1147 875 1294 928 nullo
1316 875 1423 928 alio
1445 876 1575 930 sciri
1602 886 1656 931 et
1681 878 1801 946 capi
1827 892 2012 947 posse,

430 980 591 1033 quam
624 979 652 1016 a
681 975 875 1017 natura
925 964 1133 1018 divina.
1184 963 1577 1020 Creaturarum
1627 982 1849 1036 quoque
1880 983 2013 1023 cau-

426 1054 729 1118 salitatem,
782 1070 907 1109 cum
951 1056 1023 1109 sit
1059 1057 1277 1110 illarum
1341 1056 1511 1113 Filius
1550 1062 1715 1114 etiam
1757 1060 2013 1115 conditor

389 1173 400 1184 -
431 1157 486 1200 et
521 1146 727 1216 opifex,
759 1145 998 1200 Basilius
1030 1149 1260 1217 Magnus
1290 1150 1354 1204 ad
1383 1150 1599 1206 Patrem
1638 1152 1835 1208 refert.
1876 1152 2032 1224 Nam.

428 1246 623 1292 octavo
651 1239 831 1303 capite
867 1239 991 1293 libri
1050 1239 1117 1292 ad
1150 1241 1597 1309 Amphilochium
1641 1245 1759 1298 haec
1798 1246 1964 1298 habet
1995 1264 2008 1302 :

427 1328 519 1382 Ait
542 1330 687 1383 enim
715 1329 780 1384 ad
815 1329 982 1384 Deum
1016 1340 1069 1385 et
1099 1329 1312 1385 Patrem
1344 1332 1611 1387 Dominus
1637 1353 1651 1391 ι
1678 1334 1874 1390 Omnia
1899 1350 2014 1390 mea

429 1430 519 1476 tua
543 1431 701 1483 sunt,
768 1422 913 1491 quod
968 1423 1045 1477 illi
1117 1435 1339 1494 accepta
1390 1425 1663 1480 referatur
1712 1428 2015 1486 causalitas

427 1522 804 1568 creaturarum
833 1555 847 1576 ,
882 1524 933 1567 et
959 1526 1050 1568 tua
1086 1532 1202 1570 mea
1235 1517 1300 1582 ",
1336 1519 1481 1587 quod
1516 1518 1644 1574 inde
1676 1520 1751 1574 illi
1817 1537 2015 1591 prove-

428 1603 542 1656 niat
572 1603 653 1657 vis
686 1611 738 1656 et
764 1603 1003 1665 facultas
1036 1608 1314 1663 creandi‘:
1347 1626 1583 1680 quorum
1614 1622 1796 1667 autem
1834 1615 2015 1673 virtus

427 1698 658 1766 aqualis
690 1705 798 1763 cst,
831 1698 935 1751 erit
994 1699 1154 1767 plauc
1203 1701 1370 1755 etiam
1438 1708 1688 1771 operatio
1744 1708 2009 1775 aqualis;

429 1789 689 1844 Christus
725 1790 869 1843 enim
915 1791 1007 1844 Dei
1060 1793 1242 1848 virtus
1287 1804 1341 1848 et
1372 1795 1465 1849 Dei
1500 1796 1811 1865 sapientia;
1852 1809 2016 1868 atque

432 1880 509 1935 ita
532 1881 715 1935 omnia
754 1898 845 1950 per
872 1882 1046 1949 ipsum
1083 1883 1223 1941 facta
1246 1896 1394 1942 sunt.
1420 1887 1562 1941 Idem
1586 1901 1843 1958 praeterea
1871 1886 2018 1948 Basi-

429 1972 535 2027 lius
574 1976 623 2026 in
657 1975 965 2042 opusculis,
1003 1976 1207 2044 quibus
1237 1976 1487 2034 confutat
1517 1979 1848 2036 Eunomium
1877 1984 2016 2053 (Η),

433 2067 649 2135 egregie
686 2066 978 2122 admodum
1015 2070 1256 2126 ostendit
1302 2086 1540 2141 arguens
1579 2075 1727 2142 quod
1785 2077 1879 2133 ille
1913 2080 2016 2135 soli

434 2156 725 2229 Unigcnito
766 2162 1026 2218 tribuerit
1065 2180 1311 2229 causam,
1371 2165 1630 2236 Patrique
1675 2169 1822 2223 illam
1853 2171 2020 2228 deue-

429 2259 604 2321 garet,
643 2261 698 2307 et
729 2263 1034 2309 creaturam
1076 2256 1198 2311 Filii
1236 2258 1445 2315 diceret
1478 2260 1775 2331 Spiritum.
1819 2263 2012 2333 Itaque

429 2352 661 2397 sanctus
693 2359 800 2399 non
850 2347 952 2400 soli
1010 2347 1174 2415 Filio,
1205 2350 1300 2404 sed
1334 2351 1479 2406 Patri
1513 2369 1732 2423 quoque
1767 2355 2016 2411 tribuen-

430 2429 555 2483 dam
586 2433 961 2491 causalitatem
989 2446 1248 2492 astruens
1272 2454 1286 2492 :
1310 2440 1440 2494 Illud
1476 2458 1633 2509 vero,
1660 2445 1858 2513 inquit,
1888 2448 2016 2514 quis

433 2521 597 2591 plane
629 2524 866 2594 ignorat,
897 2528 1098 2582 nitllam
1142 2529 1264 2584 Filii
1298 2536 1672 2601 operationem
1705 2552 1831 2592 esse
1860 2552 1887 2590 a
1921 2538 2022 2592 Pa-

430 2621 513 2667 tre
540 2614 847 2683 sejunctam
875 2657 891 2683 ,
949 2635 1051 2674 nec
1088 2636 1214 2677 esse
1252 2624 1482 2683 onmino
1515 2626 1840 2695 quidquam,
1870 2629 2015 2698 quod

433 2702 600 2760 Filius
642 2707 863 2775 habeat,
915 2712 1155 2766 alienum
1187 2730 1215 2767 a
1253 2713 1453 2770 Patre?
1490 2716 1682 2772 Omnia
1727 2722 1889 2783 enim.
1936 2724 2021 2776 in-

432 2798 573 2864 quit,
611 2816 719 2853 mea
748 2810 837 2855 tua
864 2814 1008 2861 sunt.
1035 2817 1082 2858 et
1121 2814 1212 2858 tua
1246 2824 1380 2863 mea.
1407 2808 1692 2874 Quomodo
1724 2813 1888 2883 igitur
1915 2815 2016 2869 soli

438 2888 730 2962 Unigcnilo
756 2896 989 2949 ascribit
1021 2899 1408 2957 causalitatem
1450 2900 1714 2977 Spiritus.
1744 2914 1910 2973 atque
1948 2910 2014 2960 ad

435 2982 850 3050 deprimendam
888 2988 1010 3057 ejus
1048 2997 1302 3045 naturam
1336 2998 1606 3050 creaturis
1640 2995 1791 3050 illum
1840 2998 2018 3053 adnu-

438 3078 648 3131 merat?
684 3077 738 3132 Si
775 3079 940 3150 igitur
999 3082 1113 3137 haec
1170 3084 1307 3141 dicit
1373 3088 1440 3142 ad
1492 3091 1880 3146 constituenda
1907 3093 2019 3148 duo

2115 695 2300 747 αἰτίαν
2339 694 2700 762 ἀναφερίσθω
2736 695 2873 762 τιμῇ
2912 691 3009 746 τοῦ
3050 691 3395 760 γεννήτορος.
3439 691 3599 744 Δοκεί
3637 691 3705 747 δέ

2117 786 2207 856 μοί
2234 802 2316 848 τις
2350 787 2472 857 μηδ’
2494 785 2561 840 ἂν
2588 786 2811 845 ἐκείνως
2842 784 3134 852 ἀναγνοὺς.
3161 781 3237 845 ὡς
3261 782 3371 834 τῶν
3400 781 3525 834 καθ’
3547 783 3704 850 ήμδς

2114 879 2413 948 φιλολόγων
2444 897 2549 942 τις.
2584 882 2781 948 μικριιν
2816 877 3092 944 ἐννοῆσαι.
3121 876 3205 930 ὅτι
3233 875 3358 928 οὐδὲ
3384 874 3412 929 6
3447 875 3571 936 Υἱὸς
3600 875 3705 929 άλ-

2114 971 2219 1034 λως
2251 968 2361 1025 οἶδε
2391 972 2491 1039 τὴν
2520 970 2739 1040 ἡμέραν
2767 971 2800 1040 ἢ
2832 969 2933 1039 τὴν
2963 967 3113 1034 ὥραν
3142 965 3177 1036 ἢ
3208 966 3282 1030 ὡς
3313 969 3342 1019 6
3375 968 3564 1037 Πατήρ
3585 984 3601 1001 ο
3631 968 3699 1020 τὸ

2115 1064 2225 1131 γὰρ
2268 1062 2641 1130 συναγόμενον
2686 1061 2907 1121 ὁποίονς
2956 1057 3175 1124 Ἐπειδὴ
3220 1058 3249 1110 6
3292 1054 3485 1126 Πατὴρ
3527 1056 3699 1123 γινὼο

2117 1171 2260 1219 σκει,
2299 1155 2387 1207 διὰ
2424 1154 2585 1208 τοῦτο
2628 1155 2720 1206 καὶ
2759 1154 2786 1205 6
2828 1151 2956 1214 Υίός
2981 1164 2995 1178 ·
3039 1150 3115 1213 ὡς
3157 1149 3337 1218 δῆλον,
3382 1151 3462 1202 ὅτι
3504 1150 3701 1220 μηδενῇ

2116 1247 2357 1312 γνωστὸν
2387 1243 2575 1302 τοῦτο.
2609 1241 2745 1310 μηδὲ
2773 1240 3009 1308 ληπτὸν,
3043 1236 3183 1307 πλὴν
3212 1239 3311 1304 τῆς
3340 1234 3562 1305 πρώτης
3594 1235 3702 1301 φύε

2119 1354 2278 1400 σεως.
2317 1335 2481 1389 Ἀλλὰ
2516 1335 2610 1388 καὶ
2644 1334 2749 1386 τῶν
2784 1329 3283 1402 δημιουργημάτων
3316 1329 3345 1382 6
3384 1328 3559 1397 μέγας
3595 1328 3701 1381 Βα-

2119 1431 2316 1491 σίλειος
2344 1428 2443 1498 τὴν
2476 1428 2675 1490 αἰτίαν,
2705 1419 2782 1479 ὦν
2813 1425 2907 1477 καὶ
2934 1426 2962 1476 6
2990 1422 3119 1485 Υίδς
3147 1421 3482 1492 δημιουργός
3509 1436 3569 1471 τε
3601 1420 3700 1472 καὶ

2116 1521 2288 1586 αῐτιος
2315 1522 2574 1590 ὑπάρχει,
2602 1521 2697 1574 ἐπὶ
2724 1518 2813 1570 τὸν
2845 1516 3066 1584 Πατέρα
3094 1513 3359 1582 ἀναφέρει
3380 1528 3393 1541 °
3422 1513 3559 1579 cpan
3586 1512 3699 1581 γὰρ

2118 1614 2255 1682 προς
2295 1613 2387 1665 τὸν
2425 1611 2560 1664 Θεὸν
2604 1610 2698 1663 καὶ
2742 1610 2956 1679 Πατέρα
2998 1611 3027 1660 ὁ
3071 1608 3298 1675 Κύριος.
3338 1605 3518 1664 καθὼς
3561 1620 3701 1673 φησι

2117 1706 2398 1766 Βασίλειος
2430 1705 2459 1756 6
2492 1703 2679 1768 Μέγας
2713 1702 2771 1753 ιν
2800 1700 2879 1767 τῷ
2910 1696 2963 1768 η’
2986 1698 3094 1753 τῶν
3128 1698 3262 1767 πρὸς
3301 1695 3653 1765 ’Δμφιλόχιον
3682 1710 3697 1725 ·

2124 1798 2205 1853 Τὰ
2240 1797 2353 1868 ἐμὰ
2392 1796 2593 1851 πάντα
2630 1795 2714 1850 σά
2752 1795 2943 1857 ἐστιν,
2979 1792 3053 1856 ὡς
3089 1792 3177 1844 ἐπ’
3200 1790 3359 1844 αὐτὸν
3391 1792 3488 1858 τῆς
3520 1787 3701 1857 ἀρχῆς

2119 1891 2227 1945 τῶν
2258 1888 2760 1960 δημιουρημάτων
2790 1886 3133 1956 ἀναγομένης
3159 1898 3172 1913 ·
3210 1882 3308 1936 καί
3342 1881 3412 1935 τὰ
3441 1880 3524 1935 σὰ
3552 1879 3697 1948 ἐμὰ,

2117 1984 2194 2047 ὡς
2227 1981 2439 2036 ἐκεῖθεν
2469 1980 2620 2049 αὐτῷ
2652 1979 2754 2046 τῆς
2792 1978 2972 2038 αίτίας
3004 1974 3096 2029 τοῦ
3130 1974 3490 2044 δημιουργεῖν
3521 1970 3699 2042 καθηο

2119 2074 2344 2142 κούσης.
2364 2064 2463 2126 Ὧν
2491 2073 2547 2125 δὲ
2577 2072 2609 2140 ἡ
2637 2070 2865 2138 δύναμις
2896 2067 3009 2136 ίση,
3038 2067 3128 2136 ἴση
3157 2082 3259 2118 που
3292 2065 3508 2127 πάντως
3540 2064 3637 2118 καὶ
3666 2066 3699 2132 ἡ

2120 2165 2371 2235 ἐνέργεια
2399 2181 2413 2195 ο
2463 2161 2695 2231 Χριστος
2731 2159 2837 2227 γὰρ
2870 2158 3005 2211 Θεοῦ
3039 2157 3269 2227 δύναμις
3302 2156 3400 2208 καὶ
3430 2157 3564 2209 Θεοῦ
3602 2172 3700 2207 σο-

2121 2259 2221 2328 φία
2249 2275 2262 2289 ο
2295 2257 2389 2311 καὶ
2418 2256 2560 2310 οῦτω
2591 2255 2767 2307 πάντα
2794 2251 2864 2305 δι’
2885 2251 3051 2304 αὑτοῦ
3083 2250 3320 2318 ἐγένετο.
3357 2248 3417 2303 ὐ
3447 2250 3606 2311 αὐτὸς
3638 2248 3698 2301 δι

2121 2351 2399 2413 Βασίλειος
2437 2349 2581 2419 μάλα
2617 2347 2797 2408 καλῶς
2833 2346 3167 2415 παρίστησιν
3198 2344 3257 2396 εν
3289 2344 3402 2406 τοῖς
3443 2341 3565 2395 κατ’
3593 2342 3700 2396 Εἱ-

2121 2441 2310 2512 νομίου
2339 2440 2769 2511 ἀντιρρητικοίς,
2795 2437 3034 2507 ἐλέγχων
3059 2436 3289 2497 ίκείνος,
3311 2435 3460 2494 ὅπως
3486 2433 3584 2501 τὴν
3611 2434 3703 2485 αἰ-

2120 2534 2242 2588 τίαν
2274 2533 2436 2601 μόνον
2463 2529 2540 2602 τῷ
2571 2532 2870 2599 Μονογενεῖ
2900 2528 3086 2591 ἐτίθει,
3113 2526 3365 2596 ἀφαιρῶν
3395 2524 3602 2593 ταύτην
3630 2527 3697 2577 ἐκ

2120 2625 2214 2681 τοῦ
2246 2623 2479 2695 Πατρός,
2507 2624 2600 2676 καὶ
2634 2622 2844 2692 ποίημα
2869 2619 2967 2674 τοῦ
2997 2619 3129 2673 Υίοῦ
3156 2619 3216 2672 τὸ
3246 2616 3471 2687 Πνεῦμα
3495 2617 3696 2683 λέγων.

2133 2717 2191 2770 Ὀ
2223 2716 2374 2783 ἆγιος
2408 2712 2795 2781 πιστούμενος,
2822 2712 2896 2775 ὡς
2927 2713 3021 2765 καὶ
3048 2713 3077 2765 ὁ
3108 2710 3297 2779 Πατήρ
3328 2709 3473 2762 ἐστιν
3500 2705 3694 2766 αἴτιος.

2122 2812 2216 2863 καὶ
2262 2809 2322 2862 οὐ
2375 2808 2538 2877 μόνος
2579 2808 2607 2859 6
2650 2804 2801 2867 Υἱὸς,
2848 2804 3047 2874 φησίνο
3085 2803 3295 2855 Ἐκεῖνο
3336 2802 3389 2854 δὲ
3438 2798 3545 2852 τίνι
3588 2799 3698 2850 τῶν

2120 2903 2379 2958 ἁπάντων
2402 2900 2617 2970 ἄδηλον,
2646 2899 2727 2951 ὅτι
2753 2896 2981 2965 οὐδεμία
3009 2896 3259 2963 ἐνέργεια
3282 2892 3375 2947 τοῦ
3405 2892 3532 2946 Υίοῦ
3564 2893 3697 2945 ἀπο-

2119 2996 2439 3065 τετμημίνη
2491 2994 2610 3048 ἐστὶ
2653 2991 2749 3046 τοῦ
2804 2990 3039 3060 [ἰατρὸς.
3084 2987 3333 3041 οὐδ’ἐστι
3383 3004 3436 3039 τι
3480 2989 3536 3039 ιν
3584 2988 3700 3046 τοῖς

2121 3086 2243 3146 οὖσι
2276 3090 2355 3157 τῷ
2391 3086 2507 3157 Υίῷ
2543 3088 2785 3155 ὑπάρχον
2807 3123 2822 3146 ,
2856 3084 2886 3137 6
2916 3082 3011 3136 τοῦ
3052 3082 3264 3152 Ιιατρὸς
3299 3081 3698 3151 ἠλλοτρίωταις

436 3170 702 3241 principia
736 3172 840 3226 sibi
869 3171 1105 3229 invicem
1137 3178 1419 3247 opposita,
1455 3193 1582 3234 cum
1634 3180 1935 3239 Manichazo
1963 3194 2016 3241 et

2126 3184 2327 3240 Πάντα
2356 3181 2488 3251 τὰρ,
2521 3178 2673 3248 φησὶ,
2704 3177 2774 3230 τὰ
2800 3175 2911 3244 ἐμὰ
2935 3173 3019 3228 ad
3044 3174 3198 3239 ἐστι,
3228 3171 3539 3273 καίντὰοὰ
3564 3169 3699 3273 emi:

434 3259 738 3319 Marciane.
772 3279 994 3331 pessum
1034 3267 1133 3321 ibit
1163 3287 1177 3325 :
1208 3269 1305 3324 sed
1378 3270 1421 3326 si
1461 3287 1548 3328 res
1588 3288 1783 3330 omnes
1810 3276 1878 3330 ah
1910 3293 2016 3332 una

2126 3274 2248 3337 Πῶς
2291 3271 2384 3325 οῦν
2424 3269 2517 3322 τοῦ
2563 3265 2881 3335 Πνεῦματος
2921 3264 3019 3335 τὴν
3064 3262 3244 3316 αἰτίαν
3284 3260 3361 3330 τῷ
3405 3260 3706 3325 Μονογενεῐ

438 3364 603 3405 causa
663 3353 898 3418 pendere
935 3356 1068 3423 vult,
1102 3359 1249 3426 quod
1304 3358 1507 3414 factum
1540 3376 1568 3414 a
1603 3359 1742 3417 Filio
1777 3364 2010 3435 dicitur,

436 3442 507 3498 ad
540 3442 767 3512 primam
797 3463 1014 3501 causam
1048 3450 1305 3507 refertur.
1346 3449 1415 3507 Ut
1439 3454 1563 3508 licet
1592 3458 1771 3513 omnia
1813 3461 2016 3528 produ-

439 3542 529 3589 cta
571 3538 860 3592 credamus
894 3554 990 3605 per
1034 3541 1200 3597 Deum
1236 3540 1500 3609 Verbum,
1544 3547 1653 3602 Deo
1689 3559 1869 3606 tamen
1896 3554 2018 3609 uni-

444 3641 727 3682 versorum
762 3629 1031 3700 integrum
1093 3633 1224 3689 illud
1285 3652 1650 3702 reservemus,
1707 3650 1764 3696 ut
1799 3643 1913 3711 ipse
1944 3646 2015 3700 sit

445 3732 626 3773 rerum
687 3721 932 3775 omnium
979 3739 1168 3779 causa.
1202 3727 1378 3796 Atque
1411 3729 1481 3783 ita
1512 3730 1866 3802 intelligimus
1898 3751 2018 3791 cre-

444 3810 1006 3880 dimusqueasancto
1066 3832 1285 3888 quoque
1343 3818 1574 3876 Maximo
1628 3825 2009 3882 causalitatem

449 3904 630 3958 reduci
676 3907 741 3958 ad
772 3905 1011 3961 Patrem.

2136 3365 2282 3436 μόνῳ
2313 3360 2677 3434 προστίθησι,
2709 3358 2802 3411 καὶ
2832 3355 3196 3426 κατηγόρημα
3226 3354 3323 3421 τῆς
3356 3352 3570 3420 φύσεως
3601 3352 3705 3404 αὖ·

2131 3456 2226 3511 τοῦ
2263 3457 2360 3527 τὴν
2394 3457 2583 3508 τούτου
2624 3450 2894 3521 λαμόἀνει
2930 3446 3328 3517 δημιουργίανς
3371 3443 3433 3497 Ι·Σὶ
3474 3442 3571 3510 μὶν
3607 3438 3703 3495 οῦν

2132 3547 2227 3603 δύο
2278 3546 2450 3616 ἀρχὰς
2505 3541 2953 3609 ἀντιπαρεξάγων
3005 3537 3261 3608 ἀλλήλαις
3309 3534 3483 3589 ταῦτά
3530 3551 3699 3605 φησι,

2138 3642 2275 3713 μετὰ
2317 3637 2619 3706 Μανιχαίου
2658 3635 2750 3689 καὶ
2783 3634 3108 3703 Μαρκίωνος
3146 3630 3564 3701 συντριϐήσεται
3596 3643 3607 3654 ·
3652 3628 3702 3679 εί

2125 3731 2181 3786 δὲ
2216 3730 2345 3799 μιᾶς
2373 3728 2594 3792 ἐξάπτει
2624 3724 2691 3777 τὰ
2720 3722 2847 3774 ὄντα
2867 3764 2882 3788 ,
2913 3721 2972 3773 τὸ
3002 3720 3152 3790 παρὰ
3180 3718 3275 3773 τοῦ
3306 3717 3435 3770 Υίοῦ
3466 3717 3703 3786 γεγενῆ-

2128 3825 2249 3879 σθαι
2288 3822 2579 3889 λεγόμενον
2610 3804 2744 3890 πρὸς
2773 3817 2871 3886 τὴν
2902 3816 3125 3885 πρώτην
3161 3813 3340 3868 αίτίαν
3368 3813 3466 3882 τὴν
3497 3813 3701 3878 ἀναφο-

2129 3920 2228 3991 ρὰν
2254 3917 2386 3988 ἔχει.
2413 3915 2576 3967 Ὥστε
2605 3911 2707 3966 κᾶν
2734 3910 2910 3964 πάντα
2939 3909 3016 3972 είς
3042 3908 3100 3961 τὸ
3130 3903 3269 3960 εἶναι
3302 3924 3370 3957 πα
3383 3903 3577 3973 ρῆχῦαι
3614 3902 3701 3956 διὰ

444 3998 539 4052 τοῦ
572 3999 706 4054 Θεοῦ
737 4001 912 4071 Λόγου
941 4003 1318 4074 πιστεύωμεν,
1346 4006 1483 4060 ἀλλὰ
1512 4009 1568 4061 τὸ
1631 4010 1847 4066 πάντων
1911 4015 2080 4068 αίτιον
2119 4010 2259 4068 εἶναι
2285 4012 2387 4091 τὸν
2406 4009 2540 4063 Θεὸν
2566 4007 2673 4061 τῶν
2699 4005 2835 4060 ὅλων
2863 4006 2960 4058 οὐκ
2990 4001 3392 4073 ἀφαιρούμεθα.
3410 4000 3526 4057 Καὶ
3551 3998 3713 4054 οὗτοιΔ

442 4091 673 4164 νοοῦμεν
737 4097 830 4150 καὶ
865 4100 1191 4168 πιστεύομεν
1218 4103 1313 4157 καὶ
1340 4102 1433 4157 τὸν
1494 4105 1641 4176 ίερδν
1670 4106 1922 4180 Μάξιμον
1949 4110 2085 4181 πρὸς
2123 4110 2215 4164 τὸν
2243 4107 2466 4178 Πατέρα
2493 4103 2785 4175 ἀναφέρειν
2814 4102 2913 4166 τὴν
2940 4099 3143 4154 αἰτίαν.

1113 4190 1352 4249 EPIIES.

514 4275 653 4342 Quid
689 4280 994 4347 praeterea?
1042 4248 1534 4355 Latinos,iuquit,
1595 4302 1879 4358 nunquam
1910 4292 2015 4344 ha-

443 4368 668 4422 buimus
704 4378 764 4423 ut
824 4371 1132 4440 haereticos,
1188 4375 1282 4430 sed
1336 4386 1551 4432 tantum
1612 4379 2022 4438 schismaticos.

444 4457 812 4529 Sumpserunt
853 4473 1032 4517 autem
1074 4464 1177 4520 hoc
1201 4466 1358 4523 abiis
1390 4469 1522 4539 ipsis
1585 4469 1842 4540 Latinis;
1899 4487 2024 4528 nam

2822 4191 3007 4245 ΕΦΕΣ.

2195 4287 2262 4342 Τί
2288 4286 2404 4353 ἐτις
2435 4285 2705 4340 Οὐδέποτε
2726 4321 2742 4349 ,
2771 4281 2935 4351 φησι,
2961 4281 3084 4341 τοὺς
3110 4277 3374 4339 Λατίνους
3399 4276 3473 4339 ὡς
3501 4278 3702 4347 αἱρετι-

2126 4381 2257 4443 κοῦς
2290 4381 2527 4450 εἴχομεν,
2565 4375 2703 4431 ἀλλὰ
2740 4376 2902 4441 μόνον
2938 4370 3358 4441 Σχισματικούς.
3398 4367 3567 4422 Τοῦτο
3602 4370 3702 4439 μὲν

2127 4472 2220 4527 οῦν
2245 4469 2375 4539 παρ’
2397 4466 2573 4521 αὐτῶν
2597 4464 2819 4520 ίκείνων
2844 4462 3103 4532 είλήφασι
3123 4477 3137 4492 ο
3170 4461 3566 4530 σχισματικοῦς
3594 4461 3701 4530 γὰρ

446 4551 524 4607 illi
568 4568 669 4609 nos
707 4563 907 4609 vocant
946 4557 1356 4621 schismaticos.
1413 4562 1549 4617 nihil
1596 4563 1884 4632 habentes,
1923 4579 2016 4620 cur

448 4645 612 4666 μ--)
1145 4664 1151 4666 _
1308 4663 1316 4666 Α
1402 4655 1435 4666 -.
1626 4655 1640 4666 .
1851 4657 1862 4666 .

2128 4565 2278 4637 ἡμᾶς
2311 4562 2508 4614 ἐκείνοι
2541 4557 2834 4622 καλοῦσιν,
2867 4555 3018 4608 οὐδὲν
3048 4553 3177 4624 ἡμῖν
3207 4552 3458 4659 ἐγκαλεῖν
3491 4551 3702 4659 ἕξοντες

445 4661 549 4700 nos
580 4645 646 4700 de
681 4659 867 4702 nostra
898 4664 1159 4707 accusent
1201 4655 1507 4721 sententia,
1544 4655 1642 4711 sed
1693 4657 1957 4727 quoniam
1990 4672 2016 4711 a

2133 4655 2263 4725 περὶ
2285 4653 2384 4726 τὴν
2413 4651 2690 4723 ἡμετέραν
2717 4650 2895 4716 δόξαν,
2924 4646 3041 4701 ἀλλ’
3068 4647 3155 4699 ὅτε
3179 4646 3277 4715 τῆς
3303 4645 3578 4714 ὑποταγῆς
3607 4645 3705 4697 αὺ-

443 4738 628 4793 debita
664 4740 793 4806 illis,
838 4752 1132 4813 utputant,
1180 4746 1517 4804 descivimus
1557 4748 1896 4806 obedientia.
1933 4751 2018 4806 Au

447 4845 578 4886 vero
618 4833 687 4888 sit
717 4850 956 4903 aequum,
986 4853 1015 4892 a
1046 4838 1203 4895 nobis
1227 4840 1393 4895 etiam
1426 4840 1567 4896 idem
1600 4842 1710 4896 illis
1741 4846 2016 4913 praestari,

446 4933 503 4978 et
532 4929 826 4982 accusandi
863 4944 971 4985 non
1003 4931 1117 4987 sint
1142 4932 1206 4986 de
1233 4934 1504 4988 sententia
1529 4933 1637 5003 ipsi
1664 4949 1789 4999 sua,
1832 4936 2022 4991 Consi-

445 5015 775 5074 derandum.

1138 5111 1337 5166 RESP.

521 5199 598 5254 Ita
632 5210 748 5267 est,
779 5201 852 5256 illi
877 5217 979 5261 nos
1014 5204 1256 5259 vicissim
1293 5204 1563 5260 vocabant
1617 5205 2025 5263 schismaticos.

445 5291 588 5358 Quid
618 5294 763 5348 enim
794 5294 1081 5363 culparent
1144 5296 1197 5351 in
1253 5295 1413 5352 nobis
1440 5294 1479 5366 ἰ·
1503 5297 1794 5354 orthodoxi
1832 5299 2026 5353 ortho-

446 5386 649 5439 coxis?
694 5386 751 5440 Si
793 5388 938 5442 enim
990 5402 1119 5442 vere
1158 5389 1214 5441 in
1275 5386 1380 5444 (ide
1434 5388 1510 5443 illi
1562 5401 1849 5455 errarent,
1911 5406 2021 5445 non

450 5475 867 5543 schismaticos,
901 5478 996 5533 sed
1050 5478 1350 5545 haereticos
1385 5494 1489 5538 nos
1551 5490 1836 5540 vocarent.
1891 5481 2026 5539 Nam

526 5655 573 5686 “
610 5652 768 5707 Joan.
800 5669 943 5720 xvii,
980 5655 1069 5710 10.

532 5830 643 5901 (Μ)
672 5830 821 5888 Orat.
852 5834 886 5889 2
926 5841 1116 5889 contra
1146 5832 1495 5890 Euuomium.

2126 4748 2237 4801 τῶν
2266 4745 2684 4816 ἀπεσχίσθημεν
2704 4782 2721 4809 ,
2754 4743 2819 4811 ἦν
2850 4739 3141 4809 ὀφείλομεν
3165 4778 3178 4804 ,
3211 4737 3285 4800 ὼς
3317 4738 3516 4791 ἐκείνοι
3548 4736 3702 4805 νομί-

2127 4839 2333 4906 ζουσιν.
2370 4839 2429 4892 Εί
2462 4836 2518 4891 δὲ
2554 4836 2647 4890 καὶ
2684 4835 2832 4904 ἡμᾶς
2863 4831 3021 4887 τοῦτο
3055 4829 3261 4884 δίκαιον
3294 4831 3518 4893 ἐκείνοις
3556 4830 3704 4882 ἀντι-

2126 4928 2485 5000 χαρίζεσθαι,
2522 4925 2616 4981 καὶ
2655 4924 2807 4978 οὐδὲν
2840 4922 3024 4982 αὐτοῖς
3064 4917 3405 4989 ἐγκαλοῦμεν
3445 4919 3570 4989 περὶ
3604 4917 3700 4987 τὴν

2128 5020 2310 5087 δόξαν,
2344 5019 2630 5073 σκεπτέον.

2812 5105 3021 5162 suos.
3662 5184 3665 5187 _

2200 5206 2325 5259 Ὀτι
2357 5204 2456 5275 μὶν
2484 5197 2580 5258 οὖν
2607 5202 2850 5256 κάκεῖνοι
2880 5196 3285 5268 Σχισματικοὺς
3314 5195 3700 5265 ἡμᾶς’ῑλεγον,

2129 5298 2329 5370 ἀληθές
2353 5314 2366 5327 ·
2402 5296 2455 5350 τί
2488 5296 2594 5366 γὰρ
2633 5294 2699 5349 ἂν
2735 5294 2828 5347 καὶ
2862 5287 3008 5357 εἶχον
3041 5291 3171 5361 ἡμῖν
3205 5290 3459 5355 ἐγκαλεῖν
3491 5287 3705 5358 690066-

2135 5392 2245 5457 ξοις
2274 5390 2415 5455 οῦσι,
2443 5390 2684 5442 κάκεῖνοι
2709 5385 2748 5458 ’ί-
2774 5382 3042 5456 ὀρθόδοξοι
3067 5382 3249 5448 huc;
3280 5381 3341 5434 El
3368 5382 3474 5450 γὰρ
3501 5379 3704 5448 κυρίως

2130 5482 2409 5548 κακόδοξοι
2444 5481 2724 5551 ὑπῆρχον,
2760 5477 2821 5532 οὐ
2855 5475 3259 5548 Σχισματικοὺς
3295 5474 3440 5545 ἡμᾶς
3475 5470 3706 5527 ἐκάλουν
