3998 6464
304 395 404 461 157

1552 392 1854 456 CONTRA
1894 390 2324 453 ΕΡΗΕδιυΜ.

3480 396 3577 459 158

302 516 418 569 ἀλλ’
441 511 776 581 αἰρετικοίις,
803 507 941 563 διότι
970 508 1170 573 πάντες
1200 508 1249 561 oi
1279 506 1551 577 aipsttxo‘.
1574 507 1700 569 τοὺς
1727 506 1882 575 ὀρθο-

2017 524 2183 564 mnes
2207 506 2451 563 haeretici
2495 508 2839 566 orthodoxos
2869 524 2979 565 non
3009 502 3423 577 schismatlcus,
3477 514 3574 567 sed

302 606 494 674 δόξους
529 603 840 674 αἰρετικοῦς
872 602 1183 657 ἀπεκάλουν
1214 603 1309 656 καὶ
1344 602 1406 656 οὗ
1443 602 1848 672 Σχισματικούς
1872 619 1889 638 ο

304 698 403 755 καὶ
445 700 606 771 ήμεῖς
647 697 706 752 δὲ
746 696 1058 766 αἰρετικοὺς
1098 695 1350 758 ἐκείνους
1390 694 1521 748 οὔτε
1559 698 1887 766 νομίζομεν,

304 790 431 846 οὔτε
463 789 698 859 λέγομεν
719 805 735 823 ’
769 790 819 843 ει
852 789 964 858 γὰρ
997 788 1313 858 αἰρετικοὺς
1346 789 1597 857 εῖχομεν,
1628 787 1731 842 οὐκ
1768 788 1835 842 ἂν
1863 790 1893 842 ὁ

303 881 487 936 αὐτῶν
538 882 772 944 πάππας
822 880 1243 950 μακαριώτατος
1292 879 1389 934 καί
1435 878 1744 946 ἀγιώτατος
1795 878 1893 932 καὶ

304 976 477 1045 ἄκρος
502 975 794 1045 ἀρχιερεὺς
821 972 976 1041 παρά
997 972 1098 1042 τῆς
1124 972 1401 1044 ήμετέρας
1428 971 1758 1040 Ἐκκλησίας
1781 973 1894 1025 ist-

302 1067 670 1138 τλογραφεῖτο
694 1084 710 1100 ο
739 1066 867 1131 τοὺς
896 1067 1007 1136 γὰρ
1036 1067 1367 1134 κακοδόξους
1401 1067 1540 1137 μετά
1568 1068 1669 1137 τὴν
1699 1064 1892 1120 τοσοῦ⁶

303 1176 403 1214 του
432 1159 630 1230 καιροῦ
667 1161 1050 1231 παρίππευσιν
1078 1159 1177 1231 οὐχ
1207 1159 1351 1214 οὕτω
1380 1160 1689 1231 γράφουσιν
1716 1161 1766 1213 οἰ
1797 1158 1895 1229 ὁρ.

308 1249 537 1317 θόδοξοι.

377 1346 420 1417 -ι-
453 1344 802 1417 Ὄρθοδόξους
838 1344 1082 1407 ἐκείνους
1116 1344 1266 1413 λέγει
1300 1343 1429 1406 τοὺς
1464 1342 1739 1411 Γραικοὺς
1759 1384 1773 1410 ,
1812 1339 1894 1407 οἷς

307 1436 428 1507 οὐχί
459 1435 537 1506 τῷ
570 1436 886 1492 ἀποκλείειν
911 1436 1005 1491 τὸν
1033 1434 1164 1489 Υίδν
1192 1435 1291 1505 τῆς
1322 1433 1696 1506 προϐλητικῆς
1728 1433 1895 1488 δυνά-

311 1546 457 1598 μεως
478 1568 494 1592 ,
526 1528 663 1583 ἀλλά
692 1528 783 1582 διὰ
809 1531 872 1584 τὸ
898 1528 1145 1597 νομίζειν
1170 1526 1424 1597 διαρχίαν
1454 1525 1562 1580 ὑπὸ
1587 1526 1697 1579 τῶν
1726 1523 1895 1579 Λατί-

311 1638 418 1677 νων
461 1622 930 1693 δογματίζεσθαι,
980 1620 1223 1684 ὕποπτος
1267 1614 1337 1692 ἦν
1383 1619 1418 1689 ή
1470 1616 1609 1688 πρὸς
1651 1615 1895 1678 ἐκείνους

308 1714 505 1778 ἶνωσις
533 1732 549 1748 ·
579 1715 655 1779 ὡς
684 1714 835 1769 ἐστιν
867 1714 999 1769 ἰδεῖν
1026 1717 1087 1769 ἑν
1115 1713 1195 1784 τῷ
1220 1714 1338 1784 ὅρῳ
1360 1714 1463 1782 τῆς
1493 1712 1552 1764 ιν
1581 1708 1896 1781 Mummi;

1998 601 2290 656 haereticos
2322 614 2523 655 vocare
2561 611 2995 659 consueverunt.
3049 602 3157 660 Nos
3198 618 3414 675 quoque
3459 604 3579 660 illos

1995 711 2098 751 nec
2129 695 2419 752 haereticos
2457 698 2740 759 habemus.
2790 712 2891 753 nec
2938 700 3244 754 vocitamus
3283 716 3299 765 ;
3350 714 3478 754 nam
3532 699 3579 754 si

1995 788 2287 844 haereticos
2310 790 2661 854 habt-remus,
2691 800 2839 845 certe
2874 800 3065 845 nostra
3106 790 3353 848 Ecclesia
3384 807 3579 846 eorum

1995 883 2310 954 pontiﬁcem
2358 883 2657 939 beatissimi
2718 884 3032 953 summique
3085 886 3360 955 pontiﬁcis
3405 886 3581 941 titulis

1998 991 2108 1029 non
2144 975 2434 1043 insigniret
2473 993 2488 1030 :
2531 990 2698 1045 prave
2735 977 2881 1031 enim
2904 977 2960 1032 in
2996 976 3101 1031 ilde
3125 976 3429 1033 sentientes
3457 985 3581 1048 post

1995 1077 2209 1124 tantum
2246 1070 2509 1139 temporis
2544 1069 2840 1125 decursum
2874 1069 3169 1126 orthodoxi
3204 1071 3290 1127 his
3324 1072 3581 1126 nomini-

1995 1161 2100 1218 bus
2127 1176 2234 1217 non
2268 1163 2594 1236 insigniunt.

2063 1336 2106 1409 Ἰ·
2127 1335 2475 1396 Onhodoxos
2507 1348 2665 1396 vocat
2694 1341 2917 1398 (ἔτερος
2933 1342 3059 1397 illos
3083 1341 3198 1409 qui,
3219 1339 3363 1411 quod
3384 1355 3413 1394 a
3436 1339 3584 1393 Lati-

1995 1434 2084 1489 nis
2122 1433 2236 1488 duo
2279 1434 2408 1503 poni
2457 1435 2743 1489 crederent
2766 1436 3383 1505 principia.suspectam
3415 1431 3584 1486 habe-

1994 1528 2127 1584 bant
2151 1529 2408 1585 unionem
2441 1529 2685 1597 illorum,
2707 1545 2812 1584 non
2838 1525 3208 1599 quoleiliutn
3231 1522 3584 1579 excluderent

1996 1636 2027 1677 a
2060 1622 2326 1693 principio
2358 1623 2595 1692 Spiritus
2620 1622 2824 1688 sancti,
2852 1632 2910 1677 ut
2935 1621 3120 1676 videre
3153 1621 3278 1674 licet
3302 1617 3355 1672 in
3390 1616 3586 1672 delini-

1996 1714 2151 1769 tione
2173 1716 2371 1772 concili
2418 1715 2744 1784 Florentini,
2777 1715 3037 1787 quodque
3069 1712 3245 1783 parati
3276 1717 3469 1767 essent
3506 1707 3576 1762 ab

311 1808 562 1876 συνόδου,
591 1811 687 1863 καὶ
715 1809 914 1872 οἵτινες
941 1808 1178 1880 ἑτοίμως
1204 1804 1349 1879 εἰχον
1374 1804 1482 1862 ὑπὸ
1506 1802 1895 1874 οίκουμενικῆς

2017 1803 2244 1861 Ecclesia
2275 1807 2499 1878 corrigi.

307 1899 678 1972 δωρθωθῆναι
710 1902 956 1958 συνόδου.
1134 1930 1139 1933 <

1007 1992 1200 2049 ΕΦΕΣ.

385 2082 503 2157 τήν
539 2085 640 2155 μὶν
675 2085 857 2141 αἰτίαν
892 2086 991 2142 τοῦ
1027 2086 1328 2158 σχίσματος
1361 2085 1563 2140 ἐκεῖνοι
1593 2082 1895 2146 δεδώκασι,

309 2178 410 2249 τὴν
466 2178 791 2250 προσθήκην
848 2179 1229 2250 ἰξενεγκόντες
1282 2178 1629 2247 ἀναφανδὸν,
1682 2177 1751 2248 ἢν
1804 2176 1900 2230 ὑπ’

309 2273 501 2329 ὀδόντα
531 2275 799 2345 πρότερον
826 2275 1016 2342 ελεγον
1036 2290 1051 2306 ο
1080 2274 1243 2345 ήμεῖς
1265 2274 1320 2329 δὲ
1346 2271 1533 2327 αὐτῶν
1558 2270 1897 2343 ὲσχίσθημεν

310 2368 614 2439 πρότερον,
654 2369 855 2440 μᾶλλον
886 2368 943 2422 δὲ
983 2370 1284 2440 ισχίσαμεν
1319 2368 1519 2429 αὐτοὺς
1556 2367 1652 2421 καὶ
1691 2364 1897 2420 ἀπεκδε-

309 2460 495 2531 ψαμεν
527 2460 623 2514 τοῦ
653 2461 836 2515 κοινοῦ
877 2460 1207 2531 Ἑκκλησίας
1237 2459 1514 2531 σώματος.

992 2554 1199 2609 ΔΠΟΛ.

389 2646 518 2700 Ὀτι
560 2649 657 2716 μὲν
690 2646 793 2716 τὴν
819 2648 1001 2701 αἰτίαν
1028 2647 1126 2700 τοῦ
1162 2647 1463 2718 σχίσματος
1494 2646 1694 2700 ἐκεῖνοι
1728 2646 1896 2699 δεδώ-

316 2755 449 2794 κασι
480 2739 570 2793 διὰ
596 2739 695 2808 τῆς
721 2741 781 2793 ὲν
814 2740 893 2810 τῷ
927 2740 1185 2810 συμϐόλῳ
1242 2740 1564 2809 προσθήκης
1597 2738 1662 2810 1-,
1695 2739 1857 2807 δῆλον
1882 2755 1898 2770 ο

316 2832 417 2902 οὐχ
466 2834 551 2886 δτι
609 2833 816 2900 ταύτην
880 2833 972 2886 ὑπ’
1024 2833 1215 2886 ὀδόντα
1270 2832 1492 2899 ελεγον
1556 2834 1903 2902 μαρτυρήσει

316 2927 428 2997 γὰρ
456 2928 549 2980 καί
583 2926 750 2991 αὐτὸς
784 2924 883 2997 τὴν
916 2927 1103 2996 φωνὴν
1128 2926 1334 2997 ταύτην
1365 2926 1645 2997 προϊόντος
1682 2924 1777 2977 τοῦ
1817 2925 1907 2977 ld-

315 3038 418 3092 γου
464 3019 586 3091 τήν,
633 3020 732 3074 Ἐκ
763 3020 858 3074 τοῦ
888 3019 1041 3083 Υἰοῦ,
1079 3021 1162 3073 ότι
1195 3021 1244 3071 οἰ
1282 3020 1384 3088 τῆς
1437 3019 1707 3087 Ἐσπέρας
1756 3017 1906 3086 ἅγιοι

320 3109 529 3178 ἔλεγον*
582 3108 676 3162 τὸν
713 3109 828 3179 γὰρ
881 3110 1008 3162 νοῦν
1064 3107 1197 3171 ἴσως
1231 3112 1324 3164 καὶ
1369 3110 1532 3174 αὐτὸς
1584 3111 1906 3179 ἀρνήσεται,

2660 1988 2901 2047 EPIIES.

2070 2084 2312 2140 Causam
2343 2096 2496 2142 certe
2530 2084 2848 2141 schismatis
2903 2084 2981 2140 illi
3035 2083 3331 2149 dederunt,
3371 2082 3589 2138 addita-

2002 2185 2190 2233 mento
2238 2177 2415 2247 palam
2452 2177 2727 2249 apposito,
2761 2178 2909 2248 quod
2936 2183 3099 2231 antea
3132 2175 3275 2230 clam
3317 2174 3587 2231 mussita-

2000 2269 2152 2325 bant.
2182 2270 2291 2340 ipsi
2324 2286 2457 2328 vero
2486 2286 2593 2327 non
2627 2272 2696 2327 ab
2721 2271 2790 2327 iis
2821 2271 3036 2342 priores
3060 2268 3443 2341 sejunxlmns;
3473 2271 3588 2324 imo

2000 2376 2135 2416 vero
2176 2361 2299 2417 illos
2323 2363 2736 2434 segregavimus
2760 2377 2827 2417 ac
2864 2361 3217 2434 praecidimus
3247 2376 3278 2417 a
3303 2359 3585 2417 communi

2000 2453 2262 2510 Ecclesiae
2295 2469 2554 2524 corpore.

2697 2548 2896 2604 RESP.

2070 2639 2394 2694 Certnmest
2444 2639 2566 2694 illos
2592 2639 2809 2695 dedisse
2857 2655 3077 2695 causam
3140 2638 3457 2696 schismatis
3489 2652 3589 2709 per

2004 2730 2436 2785 additamentum
2468 2733 2523 2785 in
2549 2731 2810 2804 Symbulo
2834 2732 2897 2804 τ,
2929 2748 3036 2788 non
3087 2733 3231 2804 quod
3263 2732 3393 2788 illud
3428 2740 3588 2788 antea

2009 2825 2388 2882 mussitarent.
2420 2839 2543 2878 nam
2568 2836 2621 2879 et
2650 2826 2883 2895 ipsemet
2919 2828 3076 2881 testis
3102 2829 3209 2880 erit
3268 2825 3433 2891 infra,
3495 2842 3592 2880 vo-

2007 2927 2149 2975 cem,
2186 2913 2260 2967 Ex
2291 2913 2451 2980 Filio,
2485 2918 2691 2971 sanctis
2718 2918 3150 2972 occidentalibus
3178 2918 3419 2973 fuissein
3445 2932 3544 2970 usu
3571 2935 3587 2973 :

2010 3024 2235 3067 sensum
2270 3011 2412 3064 enim
2445 3011 2683 3067 fortasse
2715 3013 2955 3083 negabit,
3015 3022 3068 3068 et
3094 3013 3251 3067 aliter
3287 3029 3471 3067 vocem
3508 3013 3596 3066 in-

2008 3104 2233 3175 telliget,
2285 3104 2747 3174 quemadmodum
2803 3107 2962 3177 plane
2987 3106 3237 3176 intelligit
3272 3123 3286 3172 ;
3319 3117 3371 3159 at
3401 3121 3588 3161 vocent

317 3208 413 3259 καὶ
447 3205 621 3268 ἄλλως
650 3205 857 3275 νοήσει,
917 3204 1102 3271 ὥςπερ
1135 3204 1197 3271 δὴ
1231 3203 1326 3257 καί
1358 3205 1486 3265 νοεῖ,
1521 3201 1622 3272 τὴν
1652 3203 1709 3255 δὲ
1759 3201 1902 3267 λέξιν

2017 3197 2181 3265 ipsam
2219 3196 2325 3251 :Et
2356 3213 2420 3251 ex
2456 3196 2615 3265 Filio,
2671 3214 2871 3267 negare
2924 3214 3032 3253 non
3092 3201 3310 3269 poterit,
3372 3215 3493 3252 cum
3538 3209 3594 3254 et

318 3298 489 3368 αὐτὴν
518 3297 617 3367 τὴν
650 3297 746 3351 καὶ
791 3297 890 3351 Ἐκ
923 3297 1018 3350 τοῦ
1051 3296 1207 3359 Υίοῦ.
1244 3298 1307 3349 οὐ
1344 3296 1605 3367 δυνηθείη
1656 3296 1902 3367 ἀρνήσα-

318 3386 482 3449 σθαι,
513 3387 637 3441 ἐπεὶ
668 3387 764 3441 καί
793 3387 886 3441 τὸν
917 3388 1075 3456 ἀγιον
1106 3388 1361 3456 Μάξιμον
1392 3390 1609 3457 εἰσάγει
1644 3390 1901 3462 μάρτυρα

316 3481 408 3534 διὰ
440 3482 532 3534 τὸν
589 3481 818 3543 σκοπὸν.
859 3479 920 3533 δν
976 3480 1235 3550 βούλεται
1267 3483 1554 3549 συστῆσαι,
1605 3482 1698 3535 καί
1738 3484 1902 3552 μέρος

322 3575 419 3643 τῆς
449 3573 749 3642 ἐπιστολῆς
802 3573 969 3626 αὑτοῦ
1024 3574 1267 3643 τίθησιν,
1329 3576 1377 3627 εἰ
1407 3576 1503 3627 καί⁵
1537 3575 1619 3640 τὸ,
1651 3575 1753 3629 Διά
1804 3575 1903 3628 τοῦ

319 3663 859 3736 Υἰοῦ,παρατρέχει.
918 3664 1041 3729 Πῶς
1074 3663 1172 3719 οὖν
1226 3666 1320 3720 ὑπ’
1355 3665 1545 3721 ὀδόντα
1583 3667 1791 3735 ελεγον,
1837 3669 1907 3740 ἣν

323 3760 476 3828 παρὰ
499 3760 609 3812 τῶν
630 3759 805 3827 ἀγὶων
825 3758 1137 3828 παρέλαϐον
1159 3777 1176 3824 ;
1200 3759 1343 3812 Ἀλλ’
1371 3760 1456 3815 ὅτι
1483 3761 1633 3830 μόνοι
1656 3760 1721 3813 τὰ
1746 3760 1906 3815 κοινά

324 3852 647 3925 βουλόμενοι
694 3853 895 3916 ποιεῖν,
941 3853 997 3905 αἰ
1034 3852 1222 3905 λοιπαὶ
1248 3852 1539 3921 ἐκκλησίαι
1585 3853 1647 3906 οὐ
1676 3854 1905 3908 κατεδέ-

324 3949 487 4013 ξαντο
538 3963 553 3977 ⁸
594 3945 675 3999 διὸ
721 3945 815 3998 καὶ
855 3945 984 4009 τοὺς
1038 3944 1107 3998 τὰ
1141 3943 1298 3998 κοινά
1334 3943 1696 4014 βουλομένους
1731 3950 1905 4001 ποιεῖν

322 4044 419 4096 καὶ
452 4040 648 4110 μόνους
682 4038 1054 4108 κατελίπομεν
1080 4055 1096 4070 υ
1126 4039 1223 4090 καὶ
1261 4039 1423 4109 μέχρι
1467 4042 1673 4104 παντὸς
1702 4040 1770 4094 ἂν
1806 4042 1906 4111 μό-

324 4150 451 4197 νους
477 4134 874 4200 κατελίπομεν,
917 4134 965 4185 εἰ
1000 4132 1074 4204 μή
1115 4131 1475 4196 κατεδέξαντο
1512 4131 1616 4186 ὑπὸ
1651 4134 1910 4201 οἰκουμε-

323 4227 480 4294 νικῆς
511 4226 736 4280 συνόδου
767 4226 909 4280 κατά
967 4227 1069 4293 τὴν
1108 4225 1345 4296 ἀρχαίαν
1404 4224 1562 4290 τάξιν
1618 4226 1689 4279 τὰ
1747 4226 1907 4281 κοινά

327 4317 690 4383 ἐξετάζεσθαι
735 4318 831 4370 καὶ
859 4317 1270 4381 κανονίζεσθαι,
1291 4315 1430 4385 ὅπερ
1450 4318 1543 4370 καὶ
1563 4315 1663 4369 νῦν
1686 4316 1908 4386 γᾶγονε.

398 4409 440 4481 1-
471 4410 539 4463 Ἥ
570 4411 628 4462 ὲν
661 4407 739 4478 τῷ
787 4408 1043 4479 συμϐόῖῳ
1074 4406 1386 4479 καλουμένη
1416 4407 1703 4480 προσθήκη
1761 4410 1912 4481 παρὰ

2006 3300 2256 3345 sanctum
2301 3288 2595 3345 Maximqu
2635 3299 2825 3347 testem
2859 3291 3103 3364 proferat
3137 3293 3202 3348 ad
3249 3293 3587 3363 ptubalttlttttl

2008 3384 2153 3453 quod
2185 3385 2289 3441 sibi
2313 3384 2650 3455 pr0positum
2681 3395 2788 3453 est,
2830 3399 3151 3458 partemque
3200 3387 3443 3457 epistolre
3473 3384 3601 3457 ejus

2009 3479 2161 3561 citet,
2202 3481 2456 3550 quamvis
2480 3480 2634 3546 illud,
2657 3479 2760 3536 Per
2780 3480 3004 3545 Filium,
3023 3482 3413 3551 suppresserit.
3447 3480 3595 3546 Quo-

2010 3573 2174 3626 modo
2200 3587 2329 3639 ergo
2365 3574 2748 3637 mussitahant,
2801 3574 2946 3644 quod
2974 3590 3002 3627 a
3070 3575 3277 3630 sanctis
3336 3572 3593 3629 traditum

2010 3663 2283 3719 habebant
2313 3665 2336 3718 ἰ
2365 3665 2565 3721 Verum
2606 3666 2734 3737 quia
2771 3665 2873 3722 soli
2909 3665 3165 3722 volebant
3218 3666 3431 3722 edicere
3470 3682 3599 3737 quae

2009 3757 2319 3813 communia
2356 3766 2720 3827 sunt,c:eteraa
2753 3759 2997 3815 ecclesia:
3016 3776 3121 3815 non
3178 3770 3306 3815 sunt
3337 3762 3439 3816 hoc
3471 3778 3593 3830 pas-

2010 3865 2104 3906 σω.
2143 3849 2353 3906 Idcirco
2381 3852 2527 3907 solos
2553 3852 2898 3922 reliquimus,
2930 3854 3074 3923 quod
3125 3855 3336 3924 negotia
3390 3853 3599 3910 vellent

2009 3943 2321 3998 communia
2350 3958 2573 4014 gerere;
2598 3953 2652 3998 et
2680 3944 2830 3999 solos
2854 3954 3003 4000 certe
3031 3945 3153 4001 illos
3181 3947 3232 3998 in
3268 3954 3596 4014 perpetuum

2011 4039 2451 4108 reliquissemus,
2488 4038 2542 4092 ni
2608 4039 2910 4093 voluissent
2964 4053 3061 4107 pro
3112 4049 3293 4093 vetere
3342 4037 3604 4093 instituto

2013 4144 2112 4199 per
2161 4128 2470 4199 generalem
2565 4130 2840 4201 synodum
2908 4130 3225 4184 communia
3290 4128 3603 4184 examinari
3708 4167 3714 4173 -

2014 4234 2068 4280 et
2103 4221 2364 4293 regulari,
2396 4222 2541 4294 quod
2575 4230 2631 4279 et
2665 4221 2868 4278 factum
2908 4222 3071 4278 modo
3103 4231 3209 4277 est.

2089 4403 2133 4477 -ι-
2150 4401 2619 4468 Additamentum,
2640 4401 2786 4474 quod
2806 4401 2978 4459 ϐιωσί
3008 4414 3203 4458 vocant
3228 4403 3282 4458 in
3311 4402 3607 4475 Symbolu,

330 4501 581 4556 Λατίνων
612 4501 834 4569 ἱλέγετο
887 4499 1012 4553 καθ’
1043 4499 1104 4553 ὃν
1139 4496 1209 4570 ἦν
1252 4501 1446 4570 χρόνον
1490 4503 1520 4554 ὁ
1561 4501 1788 4566 Φὼτιος,
1836 4501 1903 4566 ὡς

2017 4505 2265 4568 tempore
2294 4495 2475 4553 Photii
2508 4496 2841 4552 recitabatur
2871 4511 2900 4551 a
2970 4494 3201 4563 Latinis,
3256 4507 3316 4553 ut
3376 4496 3611 4555 Photius

329 4596 491 4657 αὐτὸς
526 4594 733 4654 ἐκεῖνος
772 4592 1046 4661 μαρτυρεῖ
1071 4593 1129 4643 ὲν
1159 4594 1224 4662 τῇ
1263 4593 1541 4664 ἐγκυκλίῳ
1569 4591 1738 4647 αὐτοῦ
1788 4595 1912 4649 ἑπι-

331 4688 495 4758 στολῇ
529 4688 625 4739 καὶ
660 4686 718 4738 ὲν
747 4685 951 4747 ἄλλοις,
1007 4686 1143 4739 ὅπου
1210 4685 1351 4738 κατὰ
1409 4685 1512 4755 τῆς
1584 4687 1910 4758 Ῥωμαῖκῆς

329 4779 665 4849 Ἐκκλησίας
695 4778 898 4849 γράφει
924 4778 1097 4848 Δῆλον
1120 4776 1214 4831 οὖν
1235 4778 1312 4840 ὡς
1335 4779 1398 4831 οὐ
1423 4780 1652 4848 γέγονεν
1680 4784 1712 4850 ή
1740 4798 1909 4851 προσ-

330 4873 477 4943 θήκη
520 4871 673 4925 αἰτία
703 4872 799 4924 τοῦ
843 4871 1145 4941 σχίσματος
1176 4912 1193 4937 ,
1246 4869 1407 4942 εἴπερ
1468 4874 1779 4943 ’λεγομένης
1813 4874 1912 4943 τῆς

330 4963 652 5035 προσθήκης
681 4966 732 5017 οἰ
768 4964 908 5033 μετά
962 4965 1054 5016 τὸν
1083 4962 1289 5018 Φὼτιον
1340 4965 1443 5019 οὐκ
1476 4966 1777 5036 ἐσχίζοντο.
1810 4967 1917 5039 Δῆ-

329 5054 425 5112 λον
458 5058 513 5112 δὲ
545 5060 794 5122 κάκεῖνο,
831 5058 907 5123 ὡς
942 5058 1040 5113 καὶ
1083 5060 1144 5112 ἐν
1183 5058 1378 5123 ἄλλαις
1406 5061 1513 5131 πρὸ
1542 5060 1640 5131 τῆς
1675 5063 1734 5116 εν
1762 5060 1914 5116 Φλωο

334 5152 524 5223 ρεντίᾳ
554 5153 794 5215 συνόδοις
828 5152 1240 5221 οἰκουμενικαῖς
1298 5154 1509 5225 σπουδὴ
1542 5154 1742 5223 γέγονε
1777 5152 1908 5225 περὶ

331 5242 606 5311 ινὼσεως,
641 5244 732 5312 ὑφ’
766 5236 843 5298 ὧν
879 5244 976 5297 καὶ
1015 5244 1076 5298 τὺ
1111 5246 1240 5316 περὶ
1276 5246 1378 5316 τῆς
1411 5247 1799 5317 ἐκπορεύσεως
1826 5247 1917 5301 δό-

334 5354 454 5407 γμα
487 5337 763 5409 λαμπρῶς
797 5337 1092 5407 ἐξητάσθη.

996 5431 1125 5485 ΕΦΕ
1136 5430 1193 5484 Σ.

406 5523 508 5577 Διά
531 5524 583 5576 τί
610 5522 733 5576 εἰπέ
754 5539 877 5593 μοις
912 5523 1144 5592 πότερον
1176 5521 1254 5585 ὡς
1285 5521 1454 5593 ὀρθήν
1487 5522 1711 5593 ἔχοντας
1738 5525 1916 5591 δόξαν,

332 5618 371 5690 ἢ
416 5618 594 5688 ὀρθῶς
623 5617 723 5687 τὴν
764 5616 1087 5687 προσθήκην
1135 5616 1526 5684 ὲξενετκόντας
1551 5635 1564 5682 ;
1594 5619 1689 5671 καὶ
1737 5620 1822 5682 τίς
1854 5619 1920 5674 ἂν

334 5709 497 5762 τοῦτο
530 5709 702 5770 είποι.
752 5707 830 5779 μὴ
885 5709 1093 5778 σφόδρα
1149 5707 1241 5762 τὸν
1286 5708 1594 5777 ἐγκέφαλον
1650 5708 1920 5765 διασεσειο

337 5802 577 5873 «pb/0;;
612 5801 727 5873 ἁὶ.λ’
766 5801 840 5866 ὼς
890 5802 1066 5855 ἄτοπα
1122 5802 1215 5855 καὶ
1260 5800 1498 5870 δυσσεϐῆ
1553 5802 1915 5872 φρονοῦντας,

339 5870 435 5950 καὶ
478 5870 807 5967 παραῗόγως
848 5893 945 5966 τὴν
1004 5894 1330 5964 προσθήκην
1391 5870 1748 5970 ποιήσαντας.
1808 5897 1914 5950 Οὐ-

2020 4590 2139 4663 ipse
2175 4590 2488 4647 testaturin
2524 4606 2622 4646 sua
2671 4591 2946 4661 encyclica
3006 4606 3061 4646 et
3112 4592 3237 4646 aliis
3290 4590 3605 4662 opusculis.

2020 4700 2142 4755 quae
2168 4684 2433 4739 adversus
2463 4681 2763 4740 Romanam
2794 4683 3096 4739 Ecclesiam
3156 4685 3400 4753 scripsit.
3451 4684 3603 4739 Con-
3630 4700 3633 4703 ·

2022 4785 2130 4835 stat
2159 4793 2291 4847 ergo
2306 4792 2526 4832 causam
2561 4777 2876 4832 schismatis
2922 4792 3029 4831 non
3069 4776 3236 4831 fuisse
3265 4777 3610 4833 additamen-

2023 4878 2165 4937 tum;
2194 4886 2322 4925 nam
2355 4869 2532 4925 Graeci
2575 4879 2699 4941 post
2728 4867 2980 4923 Photium
3013 4869 3196 4924 adhuc
3226 4869 3366 4924 uniti
3422 4878 3607 4923 erant.

2022 4960 2254 5018 Constat
2283 4970 2567 5030 praeterea,
2595 4961 2759 5013 etiam
2793 4969 2920 5014 ante
2965 4957 3339 5015 Florentinum
3395 4961 3449 5015 in
3481 4960 3606 5016 aliis

2024 5053 2375 5126 generalibus
2391 5050 2640 5108 conciliis
2662 5059 2951 5106 tractatum
3007 5067 3131 5107 esse
3153 5052 3427 5124 negotium
3449 5051 3609 5106 unio-

2026 5149 2113 5205 nis
2142 5190 2157 5215 ,
2196 5149 2251 5203 in
2282 5146 2488 5217 quibus
2515 5145 2713 5219 dogma
2750 5146 2815 5202 de
2857 5148 3034 5203 sancti
3092 5144 3331 5217 Spiritus
3384 5156 3609 5216 proces-

2022 5243 2181 5299 sione
2218 5241 2354 5299 satis
2379 5254 2653 5313 superque
2688 5240 2949 5312 agitatum
2977 5248 3082 5297 est.

2690 5423 2825 5481 EPil
2838 5423 2944 5480 ES.

2104 5524 2224 5593 Qua
2248 5523 2317 5581 de
2345 5537 2539 5589 causa,
2563 5520 2842 5576 obsecro?
2868 5533 2998 5573 num
3032 5524 3092 5571 ut
3113 5519 3261 5570 recte
3286 5509 3610 5577 sentientes,

2031 5628 2126 5675 aut
2156 5618 2228 5675 ob
2253 5617 2688 5674 additamentum
2713 5613 2818 5668 rite
2850 5611 3159 5682 appositum
3192 5608 3218 5662 ἰ
3269 5616 3325 5662 et
3352 5605 3477 5677 quis
3504 5605 3615 5662 hoc

2034 5717 2199 5781 dicat,
2226 5711 2334 5768 nisi
2368 5711 2440 5766 sit
2482 5722 2707 5777 prorsus
2754 5714 2933 5761 mente
2993 5701 3322 5773 permotus?
3360 5716 3493 5770 ergo
3551 5706 3612 5753 ut

2033 5804 2270 5861 absurda
2300 5812 2355 5858 et
2386 5799 2552 5870 impia
2579 5798 2909 5858 sentientes,
2939 5806 2993 5852 et
3028 5796 3356 5852 temerarios
3389 5794 3611 5849 addita-

2028 5898 2198 5957 ntcnti
2242 5907 2516 5955 auctores.
2554 5893 2623 5951 Ut
2650 5893 2940 5951 haereticos
2974 5892 3139 5964 igitur
3202 5907 3394 5949 sumus
3458 5904 3612 5945 aver-
