3998 6464
421 401 525 468 159

1351 408 1734 470 GREGORII
1770 410 2072 471 MAMMJZ
2100 410 2214 472 (ΣΡ.
2248 408 2761 471 ΡΑΤΒΙΛΠΕΗΕ

3604 400 3747 466 ίϐῧ

421 528 529 580 sati
573 544 587 580 :
617 536 671 584 et
703 530 842 582 hanc
863 527 933 583 ob
954 542 1175 583 causam
1203 543 1396 586 sumus
1456 532 1525 585 ab
1558 532 1667 587 illis
1692 531 2000 587 dissociati.
2029 572 2038 590 λ

2143 529 2239 583 οὖν
2280 530 2356 593 ὡς
2384 529 2706 601 αίρετικοὺς
2749 527 2948 589 αὐτοὺς
3000 525 3465 594 ἀπεστρὼρημεν,
3492 524 3587 575 καὶ
3609 521 3731 575 διὰ

424 619 569 685 Quid
602 620 747 674 enim
784 620 930 673 aliud
957 635 1135 675 causa:
1170 620 1333 676 fuerit
1373 622 1585 678 ?Aiunt
1617 639 1746 678 vero
1807 624 1909 693 pias
1945 625 2018 678 le-

424 727 519 781 ges
554 730 567 765 :
601 710 900 767 llaereticus
944 723 1050 776 est,
1084 723 1137 767 et
1189 714 1575 771 haereticorum
1634 717 1848 785 legibus
1887 717 2018 773 sub-

420 804 585 872 jacet,
640 803 734 873 qui
762 804 843 859 vel
876 805 1166 862 minimum
1196 822 1226 861 a
1256 817 1404 862 recta
1458 809 1566 864 lide
1589 808 1852 865 declinat.

1101 984 1306 1044 RESP.

501 1073 621 1128 Non
661 1075 765 1128 alia
796 1076 862 1131 de
897 1092 1086 1138 causa,
1114 1079 1555 1148 quam'przedicta
1590 1095 1731 1150 :qna
1806 1095 2022 1150 permo-

428 1166 466 1217 ti
500 1169 1168 1238 argumentabantur,qui
1204 1181 1396 1224 contra
1458 1172 1581 1226 illos
1638 1174 1841 1241 scripta
1894 1172 2036 1227 ede—-

431 1259 585 1321 bant,
613 1256 855 1312 absurda
888 1276 1010 1329 qua:
1040 1261 1367 1315 videbantur
1397 1278 1463 1315 ex
1512 1262 1891 1318 additamento
1930 1278 2019 1317 se-

428 1350 545 1417 qui,
577 1348 906 1418 objicieutos
941 1364 996 1407 et
1023 1352 1262 1407 fatentes
1306 1354 1527 1422 quidem
1556 1354 1711 1419 illud,
1752 1354 1830 1409 Ex
1857 1354 2018 1419 Filio,

430 1455 622 1495 vocem
655 1456 779 1497 esse
802 1453 1122 1498 sanctorum
1157 1442 1407 1506 Patrum,
1460 1460 1685 1500 sensum
1750 1460 1882 1500 vero
1928 1460 2022 1501 ne-

432 1542 648 1602 gantes,
680 1543 847 1617 atque
874 1551 938 1588 ex
974 1550 1037 1589 ea
1084 1537 1170 1590 vel
1212 1536 1320 1591 duo
1357 1537 1644 1606 principia,
1709 1537 1792 1591 vel
1827 1551 2022 1606 perso-

434 1639 629 1680 narum
654 1626 1035 1682 confusionem
1064 1628 1387 1684 inferentes.
1410 1629 1731 1699 Quanquam
1754 1632 1802 1686 si
1839 1632 1915 1685 ita
1937 1647 2025 1685 es-

438 1728 545 1783 set,
578 1733 685 1773 non
718 1718 924 1784 Latini,
960 1721 1056 1775 sed
1093 1723 1272 1777 sancti
1315 1722 1503 1777 Patres
1530 1731 1714 1777 essent
1746 1724 1801 1778 in
1832 1722 2024 1778 crimi-

436 1826 525 1877 ne,
563 1812 656 1881 qui
684 1812 847 1882 primi
884 1829 1070 1869 vocem
1116 1817 1257 1869 hanc
1310 1816 1562 1870 emisere.
1595 1815 1861 1871 Caeterum
1920 1816 2022 1881 illi,

2119 622 2280 676 τοῦτο
2304 622 2484 676 αὐτῶν
2517 621 2903 691 ἐχωρίσθημεν
2937 634 2953 653 ’
2987 618 3077 673 me
3110 621 3163 670 τί
3211 618 3324 683 γὰρ
3350 615 3513 679 duo;
3574 612 3742 683 φασὶ

2119 715 2231 784 γάρ
2289 712 2338 766 oi
2413 710 2761 782 φιλευσεὸεἶς
2812 711 3003 779 νόμοι·
3065 707 3356 779 Δίρετικός
3408 707 3549 769 ἔστι,
3607 705 3733 756 καὶ

2120 808 2240 869 τοῖς
2296 806 2444 860 κατά
2484 806 2595 858 τῶν
2627 803 2926 874 αἱρετικῶν
2962 802 3150 871 νόμοις
3191 800 3500 861 ὑπόκειται,
3557 798 3587 848 6
3617 798 3738 849 καὶ

2126 900 2326 970 μικρὸν
2365 898 2503 969 γοῦν
2545 915 2601 951 τι
2642 897 3030 969 παρεκκλίνων
3064 895 3167 963 τῆς
3207 893 3375 964 ὀρθῆς
3414 891 3688 953 πίστεως.

2812 989 3019 1045 ΑΠΟΛ.

2193 1092 2294 1144 Διὰ
2327 1089 2426 1158 τὴν
2474 1083 2886 1156 προειρημένην
2932 1081 3114 1133 αἰτίαν
3177 1079 3270 1131 καὶ
3333 1078 3524 1146 μόνην,
3588 1074 3733 1128 καθ’

2122 1186 2190 1256 ἦν
2215 1184 2264 1237 οι
2300 1181 2420 1234 κατ’
2448 1179 2636 1233 αὐτῶν
2684 1175 3095 1245 συγγράφοντες
3130 1172 3318 1239 ελεγον
3346 1170 3416 1223 τά
3464 1169 3574 1223 ἀπὸ
3608 1167 3731 1234 τῆς

2125 1273 2450 1344 προσθήκης
2502 1267 2879 1332 ύπονοούμενα
2939 1265 3120 1320 ἄτοπα
3179 1261 3562 1330 ἐγκαλοῦντες,
3615 1256 3733 1310 καὶ

2123 1367 2187 1421 τὸ
2226 1365 2325 1435 Ἐκ
2352 1362 2447 1416 τοῦ
2492 1361 2648 1424 Υίοῦ,
2705 1357 3104 1429 ὁμολογοῦντες
3136 1354 3239 1422 μὲν
3282 1348 3424 1405 εἶναι
3456 1350 3567 1403 τῶν
3602 1350 3733 1403 Πα-

2124 1460 2302 1525 τέρων
2337 1455 2547 1525 φωνὴν,
2588 1453 2688 1523 τήν
2715 1453 2773 1507 δὲ
2802 1451 3020 1504 ἔννοιαν
3072 1445 3425 1517 ἀρνούμενοι,
3485 1442 3583 1496 καὶ
3631 1440 3731 1503 ὡς

2126 1552 2205 1612 είς
2238 1549 2331 1601 δύο
2365 1547 2562 1617 ἀρχὰς,
2595 1542 2978 1615 ἢσυναλοιφήν
3010 1539 3110 1608 τὴν
3148 1536 3333 1605 φωνήν
3372 1532 3675 1600 ἀνάγοντες
3700 1542 3727 1561 ⁸

2127 1644 2303 1697 καίτοι
2335 1657 2398 1709 γε
2435 1639 2483 1693 al
2509 1637 2667 1691 τοῦτο
2696 1633 2787 1708 ἧν,
2818 1635 2881 1690 οὗ
2921 1633 3057 1704 πρδς
3092 1630 3290 1691 αὐτοὺς
3333 1626 3396 1681 τὸ
3425 1623 3725 1693 ἔγκλημα,

2128 1736 2264 1791 ἀλλά
2318 1735 2454 1805 πρὸς
2500 1732 2627 1793 τοὺς
2679 1730 2869 1797 ἁγίους
2896 1727 3149 1794 Πατέρας
3177 1723 3299 1785 τοὺς
3354 1719 3563 1787 ταύτην
3611 1717 3729 1785 τὴν

2128 1825 2316 1895 φωνὴν
2369 1822 2601 1895 πρώτως
2642 1820 2936 1883 εἰπόντας·
2974 1817 3132 1871 αὐτοὶ
3164 1814 3219 1867 δὲ
3255 1813 3317 1866 εκ
3372 1812 3473 1881 τῆς
3522 1808 3723 1878 φωνῆς

435 1918 558 1970 quae
594 1904 748 1975 sequi
781 1904 1061 1975 aliquibus
1088 1907 1346 1961 videntur
1374 1923 1437 1961 ex
1470 1908 1573 1961 hac
1619 1923 1747 1962 voce
1770 1908 2026 1976 absurda,

2142 1917 2341 1987 ταύτης
2392 1916 2774 1983 ὑπονοούμενα
2819 1914 2998 1967 ἄτοπα
3022 1909 3100 1979 τῷ
3142 1902 3729 1977 ἀναθέματικαθυποο

437 1993 744 2062 subjiciunt
781 1996 1143 2052 anathemati:
1171 1998 1382 2053 ideirco
1415 2000 1569 2053 nullo
1623 1999 1783 2054 uzodo
1834 2015 2023 2054 sumus

438 2095 619 2138 mente
646 2088 903 2155 permoti,
933 2104 1043 2158 quo
1076 2105 1176 2143 nos
1209 2090 1324 2161 ipse
1355 2092 1611 2146 convicio
1662 2093 1887 2147 lacerat.
1914 2091 2026 2146 Nec

444 2195 572 2235 vero
605 2178 830 2235 Latinos
856 2184 1094 2237 aversati
1126 2198 1345 2246 sumus,
1388 2200 1444 2237 ut
1480 2185 1719 2240 absurda
1775 2196 1823 2239 et
1860 2186 2026 2252 impia

440 2273 801 2340 praedicatum
827 2293 843 2338 ;
875 2290 999 2329 nam
1026 2277 1071 2331 si
1105 2278 1344 2332 absurda
1369 2285 1422 2331 ct
1449 2277 1613 2347 impia
1640 2279 2027 2349 praedicarent,

437 2365 672 2419 ecclesia
741 2378 1004 2422 nostraet
1057 2369 1416 2440 imperatores
1463 2372 1634 2425 nostri
1681 2387 1789 2425 non
1845 2372 2030 2428 misis-

438 2457 833 2512 sentassiduus
864 2459 1163 2529 legationes
1216 2462 1283 2515 ad
1337 2461 1686 2532 ﬂagitandum
1738 2463 2029 2532 synodum.

443 2550 746 2607 llaereticos
781 2552 927 2605 enim
965 2554 1033 2607 ab
1067 2551 1327 2609 Ecclesize
1370 2569 1599 2622 corpore
1634 2556 1803 2610 semel
1825 2557 2034 2611 abscis-

441 2663 534 2704 sos
571 2647 826 2702 catholici
862 2647 1014 2701 nullo
1041 2646 1158 2702 loco
1191 2646 1397 2702 habent
1453 2663 1467 2701 :
1502 2657 1555 2702 at
1586 2664 1717 2703 vero
1740 2665 1771 2705 e
1804 2652 2031 2714 nostris.

446 2742 542 2809 qui
579 2742 845 2811 sapientia
899 2751 952 2795 et
1013 2742 1216 2797 virtute
1281 2740 1576 2810 plurimum
1634 2743 2033 2808 excelluerunt,

445 2834 713 2890 Macarius
735 2834 1190 2902 Nicomediensis,
1231 2844 1284 2890 et
1322 2834 1669 2905 Eutltymius,
1695 2836 1788 2906 qui
1849 2837 1915 2890 ad
1943 2852 2034 2891 sc-

445 2926 568 2979 dem
609 2936 798 2996 postea
841 2926 1505 2997 Constantinopolitanam
1570 2937 1794 2983 evectus
1841 2938 1948 2993 est,
1981 2936 2036 2983 et

445 3016 681 3089 Juasaph
719 3017 1009 3090 Ephesius,
1051 3030 1104 3075 et
1128 3019 1403 3075 Macarius
1466 3020 1635 3075 abbas
1705 3021 2032 3077 monasterii

449 3112 611 3167 titulo
650 3113 1087 3179 Pantocratoris,
1120 3115 1253 3169 illuc
1310 3113 1541 3184 profecti
1592 3116 2035 3170 benedictionem

449 3221 601 3275 papa)
632 3205 996 3272 accipiebant,
1038 3206 1173 3275 quin
1211 3207 1322 3260 imo
1354 3215 1408 3261 ct
1440 3209 1532 3276 qui
1570 3209 1690 3262 haec
1751 3208 1873 3276 ipsa
1896 3209 2033 3263 scri-

450 3300 553 3369 hit,
587 3299 714 3352 fecit
745 3300 889 3366 quod
913 3310 967 3353 et
1020 3300 1134 3354 alii.
1190 3298 1306 3354 Non
1364 3316 1496 3370 ergo
1557 3302 1794 3356 aversati
1842 3316 2033 3356 sumus

449 3406 546 3447 eos
578 3399 635 3444 ut
666 3392 973 3449 haereticos.
1007 3391 1210 3448 Verum
1244 3394 1372 3463 quia
1402 3395 1573 3464 legem
1629 3395 1856 3464 profert,
1884 3394 2033 3450 Lati-

455 3484 509 3537 ni
574 3501 793 3553 ηυοιιιιθ
847 3486 1022 3557 legem
1085 3486 1384 3541 citabunt:
1456 3484 1736 3541 Neminem
1787 3485 2037 3541 videlicet

455 3577 703 3630 damnari
730 3577 1033 3633 absentem.
1067 3576 1174 3633 Lex
1209 3580 1354 3633 enim
1405 3579 1478 3633 ita
1530 3578 1820 3648 praecipit:
1879 3570 2035 3645 Qum]

455 3668 503 3724 si
533 3682 662 3722 reus
702 3669 902 3723 citatus
938 3684 1043 3723 non
1063 3684 1121 3722 se
1152 3664 1331 3732 sistat,
1394 3684 1552 3739 poena
1611 3680 1819 3723 tantum
1882 3678 2037 3724 tene-

458 3773 643 3824 netnr,
670 3762 813 3831 quod
837 3761 1103 3830 judicium
1136 3762 1514 3828 declinaverit,
1540 3764 1717 3818 donec
1754 3765 1805 3817 in
1830 3763 1918 3832 jus
1944 3763 2041 3817 ad-

458 3855 714 3911 ducatur.
753 3855 969 3911 Iicirco
1029 3866 1084 3910 et
1147 3872 1179 3911 ο
1236 3857 1511 3928 diptycltis
1553 3870 1886 3926 expunetum
1936 3857 2041 3911 fuit

461 3964 656 4002 nomen
692 3964 861 4015 νημαι.
892 3948 1023 4003 Esse
1050 3964 1213 4019 porro
1245 3950 1585 4015 lueretieum,
1616 3953 1711 4019 qui
1768 3951 1832 4005 de
1890 3958 2043 4005 recta

462 4043 564 4097 lide
596 4040 896 4106 deflexerit,
926 4060 1033 4097 non
1070 4059 1209 4112 opus
1237 4056 1320 4099 est
1352 4043 1563 4114 legibus
1590 4046 1764 4113 prcha
1783 4059 1840 4099 re
1876 4060 2041 4100 :nam

460 4148 789 4203 persuasum
819 4134 1024 4190 habent
1058 4135 1161 4191 hoc
1188 4151 1383 4191 omnes
1414 4135 1742 4202 Christiani,
1773 4145 1827 4191 et
1851 4135 2047 4206 prredi-

460 4236 617 4281 catur
648 4229 717 4281 ah
753 4229 1010 4283 omnibus
1040 4238 1150 4283 tam
1198 4240 1325 4286 ante
1349 4230 1547 4299 legem,
1600 4245 1769 4301 quam
1816 4240 1940 4297 post
1971 4230 2047 4285 le-

464 4336 609 4388 κιιηι.
644 4319 849 4373 Verum
884 4322 987 4374 hoc
1020 4321 1157 4388 ipse,
1188 4338 1311 4375 cum
1340 4322 1412 4378 ibi
1473 4338 1717 4391 praesens
1782 4337 1935 4377 esset
1991 4331 2049 4377 et

463 4410 800 4480 disputaret,
829 4426 940 4465 non
977 4411 1386 4485 demonstravit
1420 4429 1435 4475 ;
1488 4415 1601 4467 imo
1653 4414 2048 4481 disputationis

465 4512 715 4585 tempore
752 4502 1189 4571 disputationem
1217 4504 1592 4570 detrectatit;
1647 4521 1773 4560 nam
1831 4508 1879 4561 si
1946 4506 2051 4564 hoc

2126 2010 2405 2065 ϐάλλουσι.
2440 2009 2533 2061 Διὸ
2575 2007 2695 2060 οὐδὲ
2733 2003 3171 2073 διασεσεισμένοι
3194 2002 3331 2062 ὅλως
3360 1999 3453 2051 τὸν
3478 1997 3725 2065 ἑγκέφα·

2126 2106 2238 2169 λον,
2251 2105 2326 2168 ὼς
2345 2104 2508 2166 αὐτὸς
2526 2103 2672 2171 ἡμᾶς
2688 2099 3013 2169 διαλοιδορεί
3032 2116 3047 2128 ο
3066 2096 3184 2150 ἀλλ’
3203 2094 3312 2147 οὐδ’
3329 2093 3406 2157 ὼς
3424 2090 3599 2145 ἀτοπα
3623 2090 3727 2143 καὶ

2126 2193 2362 2263 δυσσεὸἦ
2395 2194 2765 2263 κηρύττοντας
2790 2191 2990 2253 αὐτοὺς
3016 2189 3489 2258 ἀπεστράφημεν*
3523 2183 3572 2235 εί
3603 2182 3719 2251 γὰρ

2129 2292 2306 2345 ἄτοπα
2344 2290 2438 2344 καὶ
2468 2288 2706 2356 δυσσεϐῆ
2743 2287 3072 2355 ἐκήρυττον,
3105 2282 3209 2335 οὐκ
3241 2281 3365 2350 ἀνή
3401 2278 3527 2332 καθ’
3567 2276 3725 2347 ἡμᾶς

2142 2383 2443 2454 Ἐκκλησία
2465 2401 2525 2436 τε
2580 2382 2676 2435 καὶ
2719 2379 2967 2449 βασιλεία
3021 2377 3269 2445 συνεχεῖς
3309 2370 3605 2443 πρεσϐείας
3654 2370 3715 2422 ι-

2131 2479 2339 2541 πσίουν,
2372 2476 2591 2530 σύνοδον
2634 2473 2911 2535 αἰτοῦντες
2940 2470 3197 2538 γενέσθαι
3224 2484 3239 2498 ·
3271 2469 3397 2529 τοὺς
3429 2466 3537 2534 γὰρ
3563 2465 3721 2532 αἱρε-

2131 2571 2318 2633 τικοὺς
2376 2569 2524 2634 ἅπαξ
2554 2568 2648 2621 τοῦ
2675 2568 2776 2637 τῆς
2804 2565 3100 2631 ἐκκλησίας
3133 2561 3504 2630 πληρώματος
3575 2558 3721 2608 ἀπο-

2135 2663 2400 2730 τεμόντες
2421 2662 2470 2712 οί
2493 2658 2788 2727 ὀρθόδοξοι,
2821 2656 3073 2725 οὐδαμῶς
3109 2653 3323 2719 ἀξιοῦσι
3355 2652 3516 2718 λόγου
3540 2666 3555 2683 ⁸
3598 2648 3724 2702 ἀλλ’

2135 2758 2187 2809 οἱ
2223 2754 2484 2824 ἡμέτεροι
2512 2753 2561 2804 oi
2592 2753 2739 2804 κατά
2783 2751 2976 2819 σοφίαν
3025 2749 3119 2802 καὶ
3159 2746 3363 2817 ἀρετήν
3395 2744 3723 2811 θαυμάσιοι,

2135 2847 2505 2918 Νικομηδείας
2536 2861 2595 2897 τε
2629 2842 2937 2910 Μακάριος,
2993 2840 3090 2893 καὶ
3131 2836 3404 2905 Εὐθύμιος
3430 2837 3459 2888 6
3489 2832 3715 2887 ὲσύστεο

2138 2959 2230 3011 ρον
2276 2940 2371 2992 ἐπὶ
2426 2940 2524 3008 τὴν
2582 2935 2877 3006 προεδρίαν
2944 2932 3046 3001 τῆς
3080 2926 3719 2987 Κωνσταντινουπόλεως

2139 3031 2556 3103 προδιδασθεὶς,
2599 3028 2695 3083 καὶ
2748 3027 2987 3094 Ἰωάσαφ
3027 3024 3054 3076 6
3102 3023 3356 3091 Ἑφέσου,
3394 3022 3488 3074 καὶ
3514 3019 3715 3075 Maxi-

2140 3142 2257 3194 ριος
2289 3128 2315 3177 6
2336 3127 2433 3193 τῆς
2471 3122 2641 3191 μονῆς
2676 3119 2771 3173 τοῦ
2818 3117 3274 3186 Παντοκράτορος
3306 3113 3710 3185 προῑστάμενος

2137 3217 2316 3268 εκείσε
2380 3212 2826 3283 παραγενόμενοι
2887 3210 3139 3276 εὐλογίαν
3172 3205 3324 3276 παρά
3373 3208 3468 3259 τοῦ
3515 3204 3721 3259 πάππα

2136 3308 2469 3377 ἐλάμϐανον⁸
2503 3306 2636 3360 ἀλλὰ
2663 3305 2759 3359 καὶ
2780 3305 2944 3366 αὐτὸς
2971 3304 3001 3356 6
3035 3302 3209 3355 ταῦτα
3252 3302 3483 3370 γράφων
3512 3299 3719 3368 ὁμοίως

2135 3403 2245 3463 τοῖς
2295 3401 2475 3463 ἀλλοις
2515 3398 2819 3468 πεποίηκεν
2850 3411 2865 3425 ⁸
2905 3396 3109 3449 οὐκοῦν
3157 3395 3256 3464 ούχ
3290 3392 3367 3456 ὡς
3402 3390 3722 3459 αίρετικοὺς

2136 3495 2333 3558 αὐτοὺς
2371 3494 2828 3565 ἀπεστράφημεν.
2863 3490 3017 3545 Ἐπεὶ
3051 3490 3108 3543 δὲ
3134 3491 3230 3542 καὶ
3267 3488 3432 3558 νόμον
3469 3485 3712 3554 προσάλο

2136 3588 2310 3651 λεται,
2341 3588 2434 3639 καὶ
2468 3587 2688 3640 Λατῖνοι
2713 3586 2878 3652 νόμον
2912 3582 3134 3653 εροῦσιν
3156 3597 3171 3614 ο
3207 3580 3284 3643 ὡς
3328 3579 3511 3632 ’Δπὼν
3540 3578 3723 3639 οὐδεὶς

2139 3681 2560 3744 καταδικάζεται
2586 3677 2770 3731 ὀὕτω
2818 3678 2927 3750 γάρ
2978 3693 3147 3746 φησιν
3183 3676 3211 3729 6
3249 3674 3436 3745 νόμοςο
3488 3673 3619 3726 Ἐἀν
3667 3671 3724 3725 δι

2140 3771 2358 3844 κληθεὶς
2386 3774 2416 3825 6
2442 3770 2927 3840 κατηγορούμενος
2957 3770 3059 3822 οὐκ
3091 3769 3398 3838 ἀπαντήσει
3423 3807 3437 3829 ,
3494 3764 3572 3834 τῷ
3624 3764 3725 3832 τῆς

2141 3865 2488 3934 φευγοδικίας
2516 3864 2611 3917 καὶ
2653 3864 2813 3932 μόνον
2842 3860 3131 3914 ὑπόκειται
3184 3862 3470 3929 επιτιμίῳ,
3510 3857 3617 3919 ἓως
3660 3845 3725 3907 οὗ

2142 3957 2431 4028 ἀπαντήσῃ
2459 3958 2538 4019 είς
2569 3955 2629 4009 τὸ
2659 3957 2964 4024 κριτήριον.
2998 3954 3098 4005 Διὰ
3136 3950 3294 4004 τοῦτο
3345 3949 3443 4002 καὶ
3484 3947 3595 4001 τῶν
3642 3947 3726 4000 δι-

2144 4050 2368 4118 πτύχων
2402 4048 2465 4101 τδ
2492 4048 2588 4101 τοῦ
2621 4050 2824 4102 πάππα
2872 4047 3041 4114 ὄνομα
3099 4042 3366 4114 ἐξεϐλήθη
3398 4042 3410 4094 !
3461 4042 3544 4095 ὅτι
3596 4039 3654 4092 δὶ
3691 4038 3721 4090 6

2147 4142 2413 4195 ικκλίνων
2444 4140 2544 4205 τῆς
2586 4140 2875 4209 ὀρθοδόξου
2929 4138 3168 4198 πίστεως
3214 4132 3495 4205 αἱρετικὰς
3545 4133 3718 4193 ἐστιν,

2145 4234 2207 4289 οὑ
2256 4234 2417 4303 χρεία
2443 4232 2648 4302 νόμουο
2686 4231 2888 4293 πάντες
2938 4229 3048 4298 γάρ
3092 4227 3143 4281 οἱ
3185 4223 3507 4297 Χριστιανοὶ
3554 4222 3716 4275 τοῦτο

2149 4328 2472 4384 πιστεύουσι
2502 4327 2597 4381 καὶ
2627 4323 2963 4393 κηρύττουσι
2991 4321 3086 4375 καὶ
3118 4323 3224 4390 πρ“›
3261 4318 3355 4371 τοῦ
3406 4317 3600 4386 νόμου,
3632 4312 3729 4369 καὶ

2153 4422 2292 4490 μετά
2316 4420 2406 4472 τὸν
2435 4417 2624 4487 νόμον.
2661 4415 2800 4468 Ἀλλ’
2829 4414 2929 4467 οὐκ
2960 4401 3208 4475 ἀπέδειξε
3234 4409 3394 4464 τοῦτο
3416 4410 3594 4461 ἐκεῖσε
3624 4422 3723 4457 πα-

2155 4515 2264 4587 ρὼν
2295 4514 2391 4568 καὶ
2419 4510 2841 4578 διαλεγόμενοςς
2884 4506 3022 4561 ἀλλά
3082 4505 3285 4574 μᾶλλον
3330 4505 3387 4556 ὲν
3432 4502 3509 4570 τῷ
3558 4498 3731 4569 καιρῷ

468 4597 925 4660 demonstrasset,
969 4597 1154 4651 nullus
1212 4597 1445 4652 omnino
1506 4598 1852 4653 Christianus
1890 4600 2038 4653 uni0«

2157 4611 2255 4677 τῆς
2284 4602 2571 4668 διαλέξεως
2604 4601 2879 4655 ἀπείπατο
2902 4602 3004 4667 τὴν
3049 4597 3285 4662 διάλεξιν
3307 4612 3319 4625 ·
3353 4597 3401 4648 εί
3431 4595 3539 4664 γὰρ
3567 4592 3729 4646 τοῦτο

470 4706 594 4748 nem
630 4705 761 4747 cum
780 4689 991 4747 Latinis
1055 4690 1402 4761 admisisset,
1430 4692 1736 4762 praesertim
1793 4690 2053 4747 Ecclesia:

470 4784 757 4860 prae~ules,
789 4792 844 4840 et
870 4784 1056 4840 clerici
1091 4786 1186 4856 qui
1209 4786 1684 4855 subscripserunt.
1705 4784 1879 4842 Nemo
1904 4787 2052 4841 enim

471 4882 589 4933 sive
624 4879 828 4944 minor,
862 4879 978 4934 sive
1009 4878 1185 4949 major
1218 4877 1426 4949 Christi
1458 4879 1729 4935 beneficio
1790 4882 2057 4935 volutisset

474 4971 760 5039 suscipere
788 4974 1050 5026 unionem
1101 4970 1451 5038 Latinorum,
1508 4973 1555 5029 si
1616 4974 2058 5030 demonstrasset

478 5062 595 5131 ipse
630 5079 740 5118 non
773 5074 927 5121 recte
964 5064 1088 5121 illos
1122 5064 1350 5121 sentire.
1417 5067 1524 5122 Sed
1588 5065 2056 5137 quemadmodum

478 5156 532 5239 in
562 5156 667 5211 hac
690 5158 921 5227 epistola
942 5173 1154 5224 vocem,
1179 5159 1257 5233 Ex
1282 5161 1425 5227 solo,
1450 5160 1797 5230 pronuntiat:
1821 5160 1895 5212 ita
1927 5171 2064 5226 quo-

478 5266 585 5318 que
617 5250 693 5304 ibi
726 5267 850 5305 cum
879 5252 981 5307 hoc
1014 5254 1183 5319 idem,
1225 5252 1304 5308 Ex
1356 5254 1499 5319 solo,
1572 5253 1823 5317 inferret,
1885 5250 2063 5304 Latini

480 5341 703 5397 Patrum
738 5342 1057 5399 testimonio
1087 5344 1367 5414 protulere
1399 5359 1413 5397 :
1444 5344 1562 5412 ipse
1623 5356 1753 5395 vero
1806 5340 2063 5407 disputa-

2157 4699 2534 4760 ἀπεδείκνυεν,
2571 4694 2745 4757 οὐδεὶς
2793 4695 2859 4749 ἂν
2889 4693 3234 4762 Χριστιανοῖς
3271 4688 3531 4743 σννὲθετο
3566 4701 3732 4737 κατα-

2157 4794 2418 4860 δέξασθαι
2469 4791 2569 4861 τὴν
2609 4791 2719 4844 τῶν
2781 4787 3030 4843 Λατίνων
3075 4786 3293 4846 ἕνωσιν,
3345 4782 3437 4834 καὶ
3495 4778 3733 4849 μάλιστα

2157 4889 2207 4941 οἱ
2236 4886 2337 4954 τῆς
2361 4882 2689 4952 Ἐκκλησίας
2737 4879 3042 4949 προστάται
3070 4877 3166 4930 καὶ
3199 4873 3459 4944 κληρικοὶ
3495 4868 3739 4939 ὑπογρά-

2159 4980 2361 5049 ψαντες
2382 4995 2397 5009 ·
2421 4976 2598 5037 οὐδεὶς
2627 4972 2736 5044 γάρ
2763 4973 2850 5026 διὰ
2871 4970 2971 5036 τῆς
3000 4971 3221 5040 χάριτος
3253 4967 3349 5020 τοῦ
3382 4962 3647 5035 Χριστοῦ,
3670 4962 3733 5015 οὐ

2165 5070 2385 5141 μικρὸς,
2433 5068 2495 5122 ού
2537 5067 2731 5136 μέγας,
2764 5065 2997 5134 ἠθέλησε
3056 5058 3461 5123 καταδέξασθαι
3492 5057 3597 5125 τὴν
3634 5054 3740 5107 τῶν

2164 5161 2406 5217 Λατίνων
2442 5159 2659 5222 ἕνωσιν,
2684 5158 2730 5208 εἰ
2748 5155 2909 5217 αὐτὸς
2930 5152 3287 5209 ἀπεδείκνυεν
3304 5148 3503 5210 αὐτοὺς
3521 5146 3742 5201 κακοδό-

2168 5249 2313 5314 ξσυς·
2344 5249 2459 5303 ἀλλ’
2477 5250 2664 5317 ὥσπερ
2691 5249 2745 5299 ἒν
2761 5245 2935 5316 ταύτῃ
2952 5249 3015 5314 τῇ
3039 5244 3302 5312 ἐπιστολῇ
3331 5243 3393 5294 τὸ
3415 5241 3514 5295 Ἐκ
3541 5239 3729 5308 μόνον,

2165 5345 2339 5412 λέγει,
2382 5340 2526 5394 οὕτω
2563 5342 2788 5394 κάκεῖσε
2814 5339 2876 5392 τὸ
2930 5339 3027 5391 Ἐκ
3080 5337 3266 5407 μόνου,
3322 5331 3739 5404 συμπεραίνων,

484 5453 543 5494 re
573 5439 812 5509 amplius
845 5439 1043 5507 noluit,
1075 5455 1179 5496 nec
1212 5440 1441 5494 omnino
1470 5436 1538 5491 ad
1581 5432 1851 5506 synodum
1908 5447 2038 5487 acce

2169 5437 2218 5490 oi
2259 5437 2480 5490 Λατῖνοι
2515 5435 2613 5496 τάς
2667 5434 2777 5486 τῶν
2812 5433 3075 5500 ῐΙατέρων
3113 5426 3423 5499 μαρτυρίας
3477 5421 3744 5494 προκομί-

484 5533 617 5588 dere
642 5534 818 5590 voluit
858 5552 873 5588 :
908 5550 1033 5590 cum
1062 5544 1243 5589 tamen
1276 5535 1324 5587 is
1357 5532 1450 5601 qui
1481 5545 1605 5584 cum
1638 5542 1705 5583 eo
1730 5526 2067 5597 disputabat,

474 5641 768 5701 praesente
795 5631 1155 5702 imperatore,
1199 5637 1255 5684 et
1281 5624 1669 5697 optimatibus,
1704 5631 1760 5677 et
1817 5622 2070 5692 prmsuli-

491 5723 620 5789 bus,
646 5733 700 5778 et
722 5726 982 5779 universo
1020 5725 1229 5795 populo
1260 5720 1525 5775 clamaret
1562 5735 1579 5772 :
1637 5715 1881 5772 Accedat
1937 5715 2062 5769 volo

2174 5543 2406 5593 σαντες,
2446 5525 2610 5585 αὐτὸς
2651 5523 2971 5595 ἀπηνῄνατο
3031 5521 3131 5590 τὴν
3194 5516 3451 5581 διάλεξιν,
3505 5513 3748 5585 μηδόλως

2172 5617 2437 5687 ἐθελήσας
2489 5614 2836 5684 ἀπαντῆσαι·
2890 5612 3072 5668 καίτοι
3111 5626 3177 5678 γε
3217 5608 3311 5662 τοῦ
3360 5606 3750 5678 προσδιαλεγομ-

2181 5711 2347 5780 μένου
2388 5709 2623 5777 βοῶντος
2678 5706 2916 5760 ἐνώπιον
2969 5703 3263 5774 βασιλέως,
3306 5700 3401 5751 καὶ
3451 5698 3749 5768 ἀρχόντων,

496 5813 755 5870 dominus
806 5815 1147 5871 reverendus
1212 5809 1504 5879 Ephesius,
1564 5817 1623 5864 ut
1687 5807 2038 5877 reSjionsiouc

2180 5802 2271 5854 καὶ
2309 5801 2642 5872 ἀρχιερέων,
2676 5802 2771 5855 καὶ
2800 5801 3003 5861 παντός
3054 5796 3152 5849 τοῦ
3211 5793 3366 5855 λαοῦ,
3422 5792 3512 5844 τὸν
3567 5788 3751 5859 κύριον

370 5894 387 5899 ”
468 5906 687 5983 audiat
720 5907 871 5965 adea
907 5922 1027 5977 qua:
1050 5906 1214 5971 dixit,
1256 5902 1556 5973 reddatque
1576 5900 1843 5958 rationem
1876 5898 1941 5955 de
1981 5898 2069 5954 iis.

2181 5894 2271 5949 τὸν
2300 5892 2579 5963 αἰδέσιμον
2609 5893 2696 5948 τὸν
2726 5891 2958 5960 Ἐφέσου
2994 5888 3164 5944 ἐθέλω
3196 5887 3389 5953 ἐλθεῖν,
3426 5883 3509 5937 ’ίνχ
3538 5880 3746 5950 ἀκούσῃ
