3998 6464
296 298 390 366 161
1560 292 1870 356 CONTRA
1914 286 2347 354 EPHESIUM.

3464 276 3567 341 162

292 413 390 475 τὰς
417 407 716 477 ἀπολογίας
754 406 836 473 είς
869 407 905 462 δι
958 408 1163 468 ἐκεῖνος
1213 403 1360 471 εἷπε,
1404 406 1499 461 καὶ
1542 406 1703 475 λόγον
1730 411 1868 464 ἀπο-

1985 404 2040 461 AI
2071 403 2187 473 ipse
2220 400 2395 455 noluit
2426 396 2690 452 accedere
2724 393 2911 450 multis
2931 406 3067 449 sane
3093 391 3341 448 omnium
3368 395 3567 448 cohor-

292 502 505 556 δοῦναι.
541 499 688 552 Ἀλλ’
719 501 819 552 οὐκ
848 498 1117 569 ἠθέλησεν
1143 497 1480 568 ἀπαντῆσαι,
1516 496 1689 549 πολλὰ
1722 495 1872 565 παρὰ

295 594 515 647 πάντων
567 593 957 661 ἀναγκασθείς.
1012 591 1137 655 Πῶς
1183 586 1279 645 οὖν
1333 588 1509 644 ταῦτα
1550 589 1702 657 λέγει
1755 588 1871 650 νῦν,

295 679 333 732 ἃ
360 680 663 748 μήτ”ἄλλοι
713 678 888 745 εἷπον,
935 680 1058 751 μήτ’
1090 680 1253 742 αὐτὸς
1287 680 1519 750 ἐδυνήθη
1550 680 1873 744 ἀποδείξαις

298 775 513 827 Ἐκείσε
542 771 638 829 οὖν
673 775 927 847 ὑπῆρχεν
963 778 995 845 ἡ
1037 776 1211 844 πάλη,
1242 776 1416 829 x110!
1466 775 1637 842 λόγοι,
1694 776 1791 827 xa‘t
1820 774 1877 828 αἱ

296 866 609 933 ὰπολογίαι,
646 868 742 921 καὶ
786 868 888 921 οὐκ
915 868 1183 938 ἠθέλησεν
1239 869 1582 938 ἀπαντῆσαι.
1639 868 1737 920 καὶ
1781 867 1879 922 νῦν

296 956 449 1026 λέγει
475 960 576 1013 ὅσα
602 962 697 1014 καὶ
733 960 1019 1032 βούλεται·
1054 963 1136 1017 διὸ
1169 960 1290 1016 οὐδὲ
1315 962 1476 1033 χρεία
1504 962 1710 1033 πολλῆς
1740 963 1878 1017 ἀπο-

296 1053 486 1121 λογίας
522 1094 539 1109 .

975 1146 1171 1204 ΕΦΕΣ.

370 1239 433 1291 El
465 1240 564 1308 μὲν
594 1238 687 1293 οὖν
714 1240 878 1293 οὐδέν
919 1257 977 1294 τι
1033 1240 1504 1312 παρεκκλίνουσιν
1556 1243 1609 1294 οἱ
1657 1242 1879 1294 Λατῖνοι

295 1331 394 1399 τῆς
421 1332 595 1402 ὀρθῆς
628 1333 887 1397 πίστεως,
915 1334 1093 1402 μάτην
1120 1334 1323 1397 αότοὺς
1348 1335 1428 1396 ὡς
1474 1334 1651 1387 ἔοικεν
1680 1331 1881 1386 ἁπεκόο

276 1422 479 1493 νψαμεν
506 1440 522 1455 ·
561 1426 613 1476 εί
641 1424 697 1477 δὲ
729 1424 1190 1494 παρεκκλίνουσιν
1220 1426 1378 1489 ὅλως.
1420 1429 1512 1481 καὶ
1540 1424 1716 1479 ταῦτα
1748 1426 1881 1495 περὶ

293 1514 394 1584 τὴν
432 1514 719 1583 θεολογίαν
747 1516 844 1595 τοῦ
906 1517 1248 1587 Πνεύματος,
1296 1520 1377 1581 είς
1403 1517 1431 1571 ὂ
1480 1517 1880 1588 βλασφημῆσαι

296 1607 568 1661 κινδύνων
600 1608 630 1660 ὀ
665 1609 1079 1678 χαλεπώτατος,
1114 1609 1387 1679 αίρετικοί
1435 1610 1576 1664 εἰσιν
1621 1609 1753 1680 ἄρα,
1784 1609 1882 1663 καὶ⁸

300 1700 373 1763 ὡς
405 1702 720 1764 αἱρετικοὺς
752 1702 948 1764 αὐτοὺς
973 1702 1355 1772 ἁπεκόψαμεν.

986 1796 1197 1851 ΑΠΟΛ.

372 1885 499 1937 Εἴτε
560 1887 1023 1953 παρεκκλίνουσιν
1073 1892 1182 1942 είτε
1247 1889 1344 1960 μὴ,
1386 1890 1881 1960 προαποδέδεικται

300 1975 376 2028 Τὸ
404 1974 461 2027 δὲ
495 1976 891 2047 βλασφημῆσαι
922 1981 1054 2050 περὶ
1075 1980 1174 2050 τὴν
1203 1981 1482 2049 θεολογίαν
1504 1982 1599 2036 τοῦ
1632 1982 1882 2052 Πνεύμα-

299 2084 414 2133 τος,
447 2070 599 2133 ὅπως
633 2072 661 2123 ὁ
705 2070 911 2141 Κὺριος
938 2074 1000 2125 τό
1053 2091 1113 2128 τε
1144 2076 1259 2138 τοῖς
1314 2075 1597 2137 Ἰουδαίοις
1633 2078 1879 2148 εἴρηκεν,

302 2163 402 2214 οὐκ
430 2158 547 2216 οῖδα
575 2164 693 2227 πῶς
724 2166 950 2234 ἀγνοεῖ·
987 2167 1150 2238 ἡμεῖς
1190 2169 1301 2239 γὰρ
1337 2172 1421 2232 είς
1468 2171 1743 2240 ὁποτέραν
1773 2171 1884 2224 τῶν

305 2253 471 2307 θείων
500 2255 857 2310 ὑποστάσεων
891 2257 1290 2331 βλασφημήσει
1326 2279 1432 2325 τις,
1472 2262 1759 2326 κινδύνων,
1792 2262 1881 2315 λέ-

298 2362 495 2415 γομεν,
537 2349 688 2401 ἐστὶν
717 2352 745 2403 ὁ
774 2350 1161 2420 χαλεπώτατος
1186 2370 1202 2386 ·
1261 2356 1458 2425 δπίσης
1498 2356 1606 2424 γὰρ
1659 2358 1728 2411 τὰ
1761 2357 1882 2411 θεῖα

297 2440 571 2506 πρόσωπα
609 2441 983 2514 ὁμολογοῦμεν
1011 2444 1068 2497 ἐν
1097 2462 1156 2498 τε
1196 2447 1462 2517 ἀῖδιότητι
1510 2452 1604 2503 καὶ
1648 2450 1880 2518 δυνάμει

301 2531 397 2582 καὶ
430 2530 644 2602 θεότητι
666 2535 824 2620 ’.καὶ
848 2534 905 2598 ὃς
940 2538 1023 2600 εἰς
1059 2538 1357 2608 πρόσωπον
1405 2540 1516 2594 τῶν
1564 2541 1879 2610 θεαρχικῶν

301 2623 654 2679 ὑποστάσεων
687 2626 1099 2699 βλασφημήσει,
1132 2632 1231 2702 οὐχ
1262 2632 1377 2697 ἕξει
1423 2634 1619 2702 ἄφεσιν
1647 2634 1774 2689 οὕτε
1820 2636 1881 2688 ἐν

302 2713 383 2779 τῷ
426 2713 519 2765 νῦν
565 2716 745 2780 αἰῶνι,
781 2717 906 2771 οὔτε
962 2722 1017 2772 ὲν
1067 2722 1147 2787 τῷ
1201 2723 1468 2790 μέλλοντι.
1522 2722 1695 2777 Τοῦτο
1736 2725 1885 2789 καὶὸ

308 2805 485 2872 μέγας
525 2806 845 2870 Ἀθανὰσιος
876 2811 931 2861 ὲν
965 2813 1033 2879 τῇ
1071 2811 1335 2881 ἐξηγήσει
1382 2814 1475 2867 τοῦ
1520 2816 1882 2883 εὐαγγελικοῦ

305 2894 498 2963 ῥητοῦ,
521 2894 839 2967 Πάνταμοι
862 2900 1191 2968 παρεδόθη,
1216 2902 1541 2960 διαϐεϐαιοῖ.
1572 2908 1632 2960 ὐ
1660 2907 1773 2978 γὰρ
1800 2910 1881 2970 είς

300 2987 571 3054 ὁποτέραν
595 2990 729 3058 φησὶ
783 2991 891 3044 τῶν
921 2992 1085 3047 θείων
1128 2996 1487 3051 ὑποστὰσεων
1531 3000 1882 3070 βλασφημῶν

1980 494 2286 549 tationibus
2315 490 2673 547 sollicitatus.
2703 488 2992 555 Quomodo
3016 502 3150 559 ergo
3216 503 3361 541 nune
3378 502 3440 542 ea
3482 489 3568 543 di-

1977 588 2073 651 cit,
2114 600 2235 655 quae
2275 599 2374 638 nec
2409 583 2475 636 ab
2499 582 2620 635 aliis
2649 581 2797 635 dicta
2836 588 2988 643 sunt,
3023 596 3125 634 nec
3187 580 3256 633 ab
3300 578 3421 647 ipso
3473 579 3567 634 de-

1980 676 2277 733 monstrari
2312 674 2657 745 potuerunt?
2686 674 2762 728 lbi
2802 675 2944 728 lucta
3015 688 3155 738 erat,
3206 673 3278 727 ibi
3310 672 3564 742 disputa-

1981 769 2159 822 tiones
2191 775 2242 820 ct
2279 766 2675 834 responsiones
2701 806 2715 830 ,
2755 774 2809 818 et
2848 765 3023 819 noluit
3074 765 3380 818 accedere:
3416 775 3567 817 nunc

1980 860 2113 913 dicit
2143 873 2481 927 quaecunque
2512 858 2653 911 vult.
2691 858 2880 929 Itaque
2921 873 3028 910 non
3097 872 3235 927 Opus
3286 864 3372 912 est
3403 856 3563 925 longa

1980 953 2358 1020 responsione.

2653 1088 2897 1146 EPHES.

2054 1228 2108 1284 Si
2153 1230 2321 1299 igitur
2356 1230 2588 1289 Latinia
2622 1240 2774 1284 recta
2811 1229 2913 1282 [ide
2934 1227 3069 1281 nihil
3119 1226 3439 1292 deﬂectunt,
3467 1240 3569 1280 ne-

1984 1323 2283 1393 quidquam
2322 1324 2442 1376 illos
2469 1324 2630 1393 plane
2666 1322 3038 1391 praccidimus,
3074 1322 3167 1374 sed
3198 1319 3242 1371 si
3292 1331 3443 1372 certe
3472 1319 3566 1372 de-

1983 1414 2231 1475 flectunt.
2266 1416 2427 1485 idque
2447 1415 2594 1469 circa
2626 1415 2963 1468 divinitatem
2999 1413 3260 1481 Spiritus,
3317 1412 3370 1465 in
3401 1427 3565 1481 quem

1984 1508 2369 1576 blasphemare
2387 1506 2690 1576 perieulum
2712 1513 2797 1560 est
2819 1505 3062 1558 omnium
3084 1503 3564 1568 exitiosissimum,

1983 1598 2230 1655 haeretici
2263 1612 2395 1667 ergo
2435 1605 2584 1661 sunt,
2616 1604 2782 1665 atque
2820 1604 2877 1649 ut
2907 1594 3197 1650 haereticos
3221 1608 3248 1646 a
3322 1580 3577 1647 fidelium

1984 1702 2131 1748 metu
2163 1691 2524 1747 abscidimus.

2676 1779 2877 1837 RESP.

2066 1879 2147 1934 An
2178 1879 2255 1934 illi
2291 1877 2581 1933 deﬂemant
2616 1891 2806 1942 necne,
2839 1877 2947 1945 jam
2993 1875 3423 1929 demonstratum
3460 1875 3564 1923 est.
3611 1912 3621 1920 .

1984 1972 2373 2042 Blasphemare
2436 1980 2620 2024 autem
2676 1972 2820 2024 circa
2882 1967 3223 2021 divinitatem
3282 1965 3565 2033 Spiritus,

1983 2080 2093 2135 quo
2150 2080 2312 2119 sensu
2386 2062 2551 2117 fuerit
2589 2054 2795 2115 Judmis
2849 2074 2879 2113 a
2921 2057 3152 2111 Domino
3203 2056 3433 2120 dictum,
3466 2068 3568 2109 cur

1985 2158 2215 2220 nesciat,
2244 2158 2456 2226 ignoro.
2493 2155 2600 2209 Nos
2633 2158 2777 2207 enim
2804 2153 3111 2221 periculum
3166 2165 3289 2204 esse
3327 2150 3569 2203 dicimus

1986 2251 2466 2314 exitiosissimum,
2502 2249 2554 2301 in
2584 2262 2974 2317 quamcunque
3029 2245 3156 2314 quis
3222 2244 3565 2312 blasphemet

1984 2339 2223 2395 divinam
2262 2356 2834 2411 personam;namcas
2874 2351 2926 2392 et
2945 2339 3250 2392 aeternitate
3290 2347 3341 2388 et
3372 2344 3569 2405 poten-
3615 2327 3623 2333 ’

1988 2436 2058 2488 tia
2092 2446 2146 2491 et
2181 2435 2473 2489 divinitate
2504 2435 2749 2488 fatemur
2770 2433 3010 2501 mquales
3066 2450 3083 2485 :
3141 2440 3200 2485 ut
3250 2431 3567 2501 quicunque

1986 2528 2040 2582 in
2071 2529 2310 2583 divinam
2338 2528 2576 2597 aliquam
2600 2528 2922 2597 hypostasin
2948 2525 3432 2593 blasphemuvcrit,
3462 2524 3568 2577 hoc

1970 2621 2032 2676 ‘ei
2068 2636 2243 2689 neque
2269 2622 2320 2674 iu
2351 2623 2453 2674 hoc
2485 2619 2687 2672 εωι-υιο
2721 2632 2898 2686 neque
2924 2618 2976 2668 in
3010 2614 3196 2670 futuro
3234 2616 3562 2669 remittatur.

1985 2713 2065 2767 Ita
2090 2712 2257 2767 sentit
2273 2727 2503 2782 magnus
2527 2711 2862 2764 Athanasius
2884 2723 3164 2777 exponens
3184 2708 3315 2761 illud
3336 2724 3571 2778 evange-

1987 2804 2151 2858 licum
2179 2820 2195 2858 :
2238 2802 2431 2856 Omnia
2460 2804 2587 2856 mihi
2621 2803 2825 2854 tradita
2857 2811 2995 2853 sunt.
3040 2800 3142 2864 Qui
3167 2803 3331 2862 enim,
3366 2801 3565 2869 inquit,

1989 2894 2042 2947 in
2069 2908 2230 2946 uuam
2248 2892 2556 2945 divinarum
2576 2893 2943 2961 hypostaseon
2967 2894 3565 2961 blasphemuverit,nou

1990 2986 2297 3039 remittetur
2314 2984 2361 3039 ei
2380 2999 2557 3052 neque
2580 2984 2632 3036 in
2652 2985 2756 3037 hoc
2773 2986 2996 3049 saeculo,
3019 3000 3189 3053 neque
3205 2986 3256 3038 in
3280 2985 3479 3038 futuro.
3505 2984 3570 3037 Et

297 3074 522 3147 οὑχὲξει
545 3077 743 3144 ἄφεσιν
771 3081 897 3134 οὔτε
920 3085 979 3137 ἐν
1001 3083 1078 3153 τῷ
1103 3085 1198 3137 νῦν
1220 3088 1400 3151 αίῶνι,
1418 3089 1542 3144 οὕτε
1569 3095 1625 3144 ὲν
1649 3094 1727 3163 τῷ
1751 3093 1877 3163 μέλ·

1988 3080 2287 3149 Gregorius
2305 3078 2612 3149 Thcologus
2631 3078 2760 3147 (15).
2777 3079 3077 3149 Quidquid,
3100 3080 3368 3149 inquit,ex
3393 3079 3569 3135 tribus

299 3170 470 3229 λοντι.
510 3173 618 3225 Καὶ
640 3174 985 3244 Γρηγόριοςὸ
1036 3179 1303 3246 Θεολόγος
1345 3180 1490 3233 οὕτω
1514 3183 1783 3253 φησίν·ὠ;
1813 3186 1880 3237 Ὅ

301 3278 354 3315 τι
376 3262 441 3314 ἂν
470 3265 577 3314 τῶν
599 3265 767 3334 τριῶν
792 3267 943 3319 κάτω
970 3267 1160 3340 βάλῃς,
1188 3271 1248 3324 τὸ
1269 3273 1375 3324 πᾶν
1397 3271 1494 3343 ἔσῃ
1519 3274 1879 3346 καθῃρηκὼς,

302 3356 399 3408 καὶ
445 3360 653 3427 σεαυτῷ
701 3360 799 3430 τὴν
839 3359 1144 3416 τελείωσιν.
1175 3364 1283 3417 Καὶ
1329 3366 1377 3418 οἱ
1428 3366 1651 3422 Λατῖνοι
1686 3368 1781 3423 οὖν
1816 3372 1880 3423 ὲκ

301 3446 411 3499 τῶν
455 3449 623 3517 τριῶν
654 3451 806 3503 οὐδὲν
837 3452 990 3505 κάτω
1041 3454 1332 3523 βάλλουσιν
1357 3476 1372 3491 ο
1404 3459 1604 3529 ὲπίσης
1655 3464 1767 3533 γὰρ
1812 3464 1881 3517 τὰ

302 3538 418 3592 θεῖα
448 3541 719 3611 πρόσωπα
749 3545 1106 3614 ὁμολογοῦσιν
1141 3548 1198 3602 ἐν
1226 3567 1285 3602 τε
1315 3551 1546 3622 δυνάμει
1570 3556 1665 3608 καὶ
1696 3557 1856 3626 κυριό

298 3648 424 3699 τητι
460 3636 552 3686 καὶ
593 3633 834 3707 θεότητι,
868 3638 961 3691 καὶ
988 3640 1275 3711 stemma.
1313 3644 1440 3708 Πῶς
1471 3644 1564 3699 οὖν
1593 3647 1766 3716 λέγει,
1797 3650 1881 3703 ὅτι

299 3725 377 3787 είς
407 3726 469 3777 τὸ
508 3726 734 3796 Πνεῦμα
763 3729 823 3780 τὸ
854 3730 1012 3797 ἆγιον
1050 3732 1480 3807 βλασφημοῦσις
1512 3739 1686 3792 Πόθεν
1719 3743 1882 3797 τοῦτο

301 3815 493 3887 μαθὼν
519 3818 704 3888 Mysi;
739 3822 863 3874 Ὅτι
896 3823 951 3876 δὲ
988 3824 1157 3892 λέγει,
1195 3829 1466 3904 αἱρετικοί
1510 3832 1640 3897 εἰσι,
1669 3836 1761 3887 καὶ
1804 3837 1880 3901 ὡς

296 3911 610 3981 αίρετικοὺς
641 3914 838 3977 αὐτοὺς
885 3916 1271 3988 ἀπεκόψαμεν,
1308 3920 1716 3994 ἀναμνησθήτω
1750 3928 1881 3998 πρό-

294 4018 457 4075 τερον
500 4004 749 4059 Ἰωάννου
780 4007 873 4061 τοῦ
914 4009 1245 4081 Ἀντιοχείας
1277 4016 1370 4066 καὶ
1403 4016 1674 4084 Κυρίλλου
1707 4034 1721 4050 ο
1768 4019 1878 4088 ἀμ-

296 4097 518 4165 φότεροι
568 4097 677 4166 γὰρ
724 4100 821 4165 τῆς
857 4101 1023 4171 ὀρθῆς
1071 4105 1312 4169 πίστεως
1358 4108 1586 4176 εἴχοντο,
1622 4110 1759 4163 ἀλλὰ
1789 4111 1878 4165 διὰ

295 4189 358 4240 τὸ
390 4189 466 4256 μὴ
505 4192 834 4259 προσμεῖναι
862 4192 953 4243 τὸν
984 4192 1275 4262 Κύριλλον,
1317 4197 1453 4250 ἀλλὰ
1480 4200 1874 4269 ἀποφήνασθαι

297 4281 441 4333 κατὰ
474 4280 777 4351 Νεστορίου
835 4284 942 4353 πρὸ
974 4284 1072 4338 τοῦ
1123 4288 1537 4357 παραγενέσθαι
1570 4294 1661 4343 τὸν
1696 4290 1879 4347 Ἰωάν-

296 4389 416 4438 νην,
450 4373 589 4424 κατὰ
622 4373 896 4441 Κυρίλλου
926 4375 1020 4429 τοῦ
1058 4376 1204 4429 θείου
1240 4379 1291 4430 οἱ
1325 4380 1454 4450 περὶ
1482 4382 1573 4432 τὸν
1622 4382 1878 4456 Ἰωάννην

1987 3178 2054 3226 de
2086 3171 2258 3242 gradu
2293 3171 2561 3240 deieceris
2587 3211 2604 3237 ,
2655 3179 2827 3224 totum
2874 3170 3117 3240 profecto
3164 3174 3563 3232 deturbaveris,

1986 3277 2040 3321 et
2070 3264 2429 3333 perfectionis
2461 3274 2867 3319 sacramentum
2928 3265 3026 3318 tibi
3060 3264 3456 3333 dcperdideris.
3490 3263 3567 3319 ba

1983 3375 2113 3429 ergo
2144 3358 2325 3412 Latini
2357 3358 2565 3412 nullam
2602 3374 2633 3412 e
2665 3357 2841 3411 tribus
2873 3358 3123 3428 personis
3175 3360 3241 3410 de
3274 3357 3443 3428 gradu
3480 3356 3514 3412 ιι
3537 3383 3571 3397 -

1982 3450 2209 3521 gnitatis
2238 3449 2684 3508 dimovent.cum
2716 3446 2991 3503 fateantur
3021 3450 3141 3503 illas
3170 3463 3293 3503 esse
3323 3449 3571 3518 aequales

1984 3542 2252 3612 potentia,
2279 3542 2619 3612 principatu,
2644 3540 2844 3595 deitate
2893 3554 2946 3597 ct
2974 3542 3297 3596 arternitate.
3323 3541 3568 3607 Quomo-

1983 3641 2055 3693 do
2093 3654 2228 3708 ergo
2278 3639 2413 3693 dicit
2480 3654 2577 3693 eos
2626 3638 2679 3691 in
2714 3635 2978 3705 Spiritum
3026 3646 3276 3691 sanctum
3316 3635 3571 3705 hlaslibe-

1983 3732 2176 3787 mare?
2224 3730 2376 3787 Unde
2439 3747 2568 3786 vero
2633 3740 2910 3797 sumptum
2975 3731 3075 3785 hoc
3111 3728 3353 3784 asserit?
3406 3724 3565 3794 Quod

1985 3841 2149 3897 porro
2175 3826 2273 3890 ait,
2306 3825 2594 3879 haereticos
2621 3839 2765 3887 esse,
2787 3832 2950 3893 atque
2978 3831 3037 3877 ut
3066 3824 3358 3877 haereticos
3391 3822 3568 3878 fuisse

1981 3936 2011 3973 a
2046 3919 2202 3973 nobis
2230 3917 2528 3987 praecisos;
2569 3915 2757 3968 redeat
2778 3917 2933 3983 prius
2967 3916 3019 3967 in
3054 3914 3369 3969 memmium
3404 3914 3571 3968 Joan-

1983 4012 2068 4065 nis
2101 4010 2434 4063 Antioeheui
2480 4017 2535 4063 et
2563 4007 2751 4078 Cyrilli
2788 4024 2802 4062 :
2837 4023 2963 4061 nam
3013 4017 3163 4060 recte
3200 4008 3360 4060 fidem
3412 4017 3569 4062 nter-

1983 4119 2095 4173 que
2129 4102 2464 4158 defendebat
2496 4119 2512 4167 ;
2549 4105 2674 4169 quia
2711 4110 2891 4154 tamen
2936 4098 3174 4170 Cyr-illus
3208 4115 3316 4154 non
3365 4116 3564 4170 exspe-

1982 4204 2250 4260 CIaverat,
2288 4195 2381 4250 sed
2421 4202 2548 4248 ante
2586 4192 2819 4248 Joannis
2856 4193 3155 4246 adventum
3191 4194 3393 4248 tulerat
3437 4209 3570 4249 con-

1982 4299 2066 4343 tra
2118 4288 2431 4343 Nestorium
2479 4288 2830 4349 sententiam.
2896 4284 3137 4342 Joannes
3186 4288 3569 4343 Antiochenua

1984 4381 2210 4450 scriptis
2239 4390 2488 4439 sanctum
2538 4379 2807 4451 Cyrillum
2840 4380 3141 4449 exagitavit
3169 4396 3184 4436 :
3215 4381 3566 4434 testabuntnr

311 4462 643 4535 Ἀντιοχείας
687 4464 963 4535 ἔγραφον·
1012 4468 1107 4522 καὶ
1149 4470 1312 4523 τοῦτο
1342 4476 1759 4545 μαρτυρήσουσι
1807 4478 1877 4532 τὰ

1985 4476 2086 4531 huc
2116 4475 2251 4529 Acta
2288 4476 2459 4530 tertia:
2485 4474 2702 4546 synodi.
2735 4474 2789 4526 Si
2818 4484 2996 4528 autem
3027 4474 3151 4528 illos
3178 4485 3235 4527 ut
3275 4473 3565 4529 Iuereticos

294 4556 395 4623 τῆς
431 4557 616 4626 τρίτης
648 4558 870 4610 συνόδου
905 4559 1212 4626 Πρακτικά.
1249 4564 1311 4618 Ei
1344 4565 1402 4619 δὲ
1446 4566 1521 4629 ὡς
1554 4570 1876 4638 αἱρετικοὺς

294 4647 678 4719 ἀπεκόψαμεν,
709 4650 784 4712 ὼς
815 4653 977 4715 αὑτός
1010 4670 1194 4724 φησιν,
1238 4658 1598 4725 ὲμφανισάτω
1627 4661 1727 4732 τὴν
1755 4662 1876 4716 κατ’

294 4738 479 4793 αὐτῶν
506 4740 780 4808 ἀπόφασιν
812 4743 909 4810 τῆς
934 4745 1173 4808 συνόδου,
1215 4746 1361 4808 ὅπως
1392 4750 1487 4801 καὶ
1530 4751 1660 4804 πότε
1705 4768 1870 4804 κατεο

292 4831 633 4901 δικασθησαν
657 4848 672 4863 ο
708 4832 801 4885 καὶ
840 4837 890 4886 εί
925 4836 1209 4904 ἐμμένωσι
1268 4842 1336 4909 τῇ
1393 4840 1650 4913 κριθείσῃ
1706 4860 1875 4897 κακο-

290 4923 466 4994 δοξίᾳ,
496 4924 563 4976 δι’
622 4926 687 4995 ἣν
742 4927 1257 4997 κατεδικάσθησαν
1296 4932 1384 4985 ἴνα
1433 4934 1529 4986 καὶ
1556 4937 1720 5004 ἡμεῖς
1775 4938 1875 5006 τὴν

290 5017 479 5087 κρίσιν
507 5020 730 5084 γνόντες
758 5020 856 5072 καὶ
898 5021 999 5092 τὴν
1033 5023 1309 5092 ἀπόφασιν
1346 5025 1666 5094 στὲρξωμεν
1698 5028 1873 5097 ἁσμε-

291 5114 547 5167 νέστατα.
592 5115 734 5168 Ἀλλ’
796 5117 895 5169 οὐκ
949 5116 1064 5187 ἔχει
1124 5120 1301 5173 ταῦτα
1357 5121 1567 5184 δεῖξαιο
1615 5122 1717 5175 ποῦ
1763 5127 1873 5193 γὰρ

290 5202 410 5271 ἔχει
458 5203 649 5268 δεῖξαι,
677 5206 760 5258 ὅτι
810 5208 1022 5277 αἰρεσιν
1078 5209 1452 5279 κηρύττουσιν
1508 5212 1558 5263 oi
1607 5211 1871 5277 Λατῖνοι;

288 5296 345 5347 εί
375 5295 473 5366 μὴ,
505 5296 588 5349 ὅτι
630 5297 842 5352 ἕπεται.
872 5301 933 5353 0i
964 5301 1018 5352 δὲ
1049 5302 1271 5355 Λατῖνοί
1331 5320 1521 5371 φασιν,
1554 5304 1603 5356 εί
1632 5306 1726 5357 καὶ
1749 5303 1876 5356 ἒπε-

288 5404 409 5450 ται,
463 5388 621 5457 ὑμεῖς
685 5390 903 5455 λέγετε·
947 5391 1064 5445 ἀλλ’
1132 5390 1227 5447 οὖν
1288 5396 1471 5465 ἡμεῖς,
1503 5398 1602 5468 οὐχ
1658 5398 1872 5466 ἕπεται,

367 5567 414 5599 ³⁷
436 5566 628 5622 Matth.
676 5582 752 5630 ιι,
787 5568 879 5623 27.
930 5614 933 5619 ,

370 5755 481 5827 (15)
509 5754 663 5813 Orat.
698 5758 750 5812 in
774 5756 842 5814 S.
861 5758 1171 5831 baptisma.

1978 4569 2347 4631 resecuimus,
2366 4569 2509 4637 quod
2538 4568 2655 4636 ipse
2678 4566 2932 4630 aﬂlrmat,
2958 4567 3208 4621 ostendat
3228 4567 3559 4621 sententiam

1978 4660 2197 4730 synodi,
2219 4675 2341 4729 quae
2366 4658 2488 4713 illos
2507 4658 2843 4713 damnaverit
2857 4696 2873 4717 ,
2891 4674 3068 4726 quove
3087 4658 3248 4713 modo
3266 4667 3321 4711 et
3344 4658 3564 4725 quando

1979 4752 2081 4806 hoc
2110 4752 2201 4805 illa
2228 4751 2461 4816 fecerit;
2502 4760 2642 4804 etan
2674 4750 2751 4803 illi
2787 4750 3075 4804 damnatas
3108 4760 3414 4817 sequantur
3445 4751 3563 4818 opi-

1979 4846 2192 4912 niones,
2249 4848 2319 4900 ob
2358 4859 2498 4914 quas
2552 4844 2659 4897 lata
2710 4844 2872 4896 fuerit
2913 4845 2967 4895 in
3004 4858 3101 4897 eos
3152 4845 3421 4898 sententia
3455 4860 3468 4907 ;
3505 4853 3563 4899 ut

1978 4938 2163 5005 agnito
2186 4934 2396 5006 judicio
2440 4949 2542 4986 nos
2578 4948 2797 5002 quoque
2827 4932 3198 4986 libentissime
3233 4933 3563 5003 pronuntia-

1983 5037 2095 5084 tam
2131 5028 2531 5097 mnplectamur
2584 5024 2938 5078 sententiam.
2988 5028 3059 5079 At
3096 5018 3403 5096 nunquam'
3446 5027 3562 5083 haec

1981 5120 2327 5181 ostenderit;
2364 5118 2506 5171 unde
2534 5115 2679 5171 enim
2718 5118 3034 5187 probaverit
3101 5112 3333 5173 haeresin
3358 5135 3386 5173 a
3417 5121 3563 5174 Lati-

1982 5212 2067 5267 nis
2090 5210 2316 5265 defendi
2343 5211 2366 5265 ?
2402 5210 2554 5264 Dicet
2581 5210 2640 5265 id
2669 5210 2851 5278 colligi
2881 5226 2973 5280 per
2999 5211 3277 5280 sequelam
3305 5228 3320 5276 ;
3353 5221 3407 5265 at
3433 5226 3562 5265 vero

1983 5302 2160 5356 Latini
2194 5302 2553 5373 respondent,
2576 5299 2830 5370 idsequi,
2864 5301 2959 5356 sed
2980 5302 3121 5370 apud
3156 5315 3290 5365 vos;
3326 5315 3451 5352 nam
3484 5309 3565 5353 ta-

1983 5398 2087 5454 lem
2123 5397 2401 5467 sequelam
2432 5393 2537 5465 ipsi
2589 5408 2889 5464 negamus;
2927 5394 3104 5463 primo
3137 5392 3386 5461 quidem,
3413 5395 3564 5464 quod
