3998 6464
481 347 584 410 163
1440 329 1823 392 GREGORH
1865 324 2083 388 MAMM

2212 322 2326 383 ΕΡ.
2354 315 2870 380 PATlllAIlCILB
3658 306 3765 374 164

479 474 668 515 vocem
712 456 852 510 hanc
884 450 1085 507 docent
1129 446 1305 504 sancti
1359 446 1549 501 Patres
1608 444 1805 509 nostri,
1862 440 2061 497 deinde

2188 438 2546 509 ἱμολογοῦμεν
2569 452 2583 467 ·
2615 432 2835 502 πρῶτον
2870 430 2970 501 μὲν
3011 430 3093 483 ὅτι
3143 430 3193 482 οἱ
3225 426 3469 498 Πατέρες
3516 428 3680 499 ἡμῶν
3705 427 3767 483 οἱ

481 553 610 623 quia
648 566 752 604 non
784 549 855 603 ita
891 543 1272 614 intelligimus,
1308 548 1367 594 ut
1406 555 1471 593 ex
1506 539 1607 592 hac
1650 554 1782 592 voce
1806 545 1897 589 aut
1936 550 2062 606 per-

2188 531 2316 597 ἱγιοι
2346 528 2555 597 ταύτην
2583 528 2810 594 λέγουσι
2831 525 2934 595 τὴν
2973 524 3158 592 φωνήν
3180 540 3193 553 ·
3231 522 3511 591 δεύτερον,
3544 521 3627 575 ὅτι
3657 521 3769 591 οὐχ

481 612 690 701 sonalis
710 641 994 698 distinctio
1032 612 1279 699 tollatur,
1305 640 1401 687 aut
1430 633 1504 687 ita
1530 646 1779 701 personae
1802 629 2066 682 uitiantur

2188 622 2310 676 »ῦτω
2359 619 2612 690 νοοῦμεν,
2639 620 2715 683 ὡς
2742 618 2852 672 ἀπὸ
2894 615 3104 685 ταύτης
3135 614 3237 682 τῆς
3275 614 3461 683 φωνῆς
3491 612 3524 683 ἢ
3570 631 3767 683 παρα-

485 747 545 790 ιιι
570 752 731 803 εειιιιςι
745 745 832 787 tur
855 728 1130 792 confusio,
1164 724 1311 796 quod
1338 737 1433 776 vos
1461 721 1615 791 sequi
1652 721 1812 775 enixe
1838 734 2066 773 asseve-

2188 714 2464 768 παλεὺεται
2498 716 2531 783 ἠ
2562 711 2895 782 προσωπικὴ
2929 708 3223 778 διάκρισις,
3249 708 3282 778 ἢ
3333 706 3550 760 ἑνοῦται
3582 706 3768 769 οὕτως

476 831 664 884 ‘ratis:
714 843 838 881 nam
870 833 926 879 et
981 822 1251 876 unitatem
1289 816 1526 887 perbene
1576 814 1958 883 intelligimus,
2000 816 2063 865 ‘et

2188 808 2246 871 ὓς
2301 805 2747 873 συναλείφεσθαι,
2801 804 2876 866 ὡς
2938 803 3099 872 ὑμεῖς
3143 800 3585 869 διισχυρίζεσθε·
3623 799 3771 851 ἀλλὰ

481 922 886 978 όίειὶηοιίοηειιι
937 916 1155 987 egregie
1207 913 1579 970 declaramus.
1632 917 1692 963 ut
1730 923 1907 977 neque
1957 906 2067 961 duo

480 1015 589 1067 sint
616 1012 884 1082 principia
937 1007 1177 1078 Spiritus
1238 1004 1416 1060 sancti
1451 1002 1614 1056 Pater
1642 1012 1697 1055 et
1741 998 1937 1062 Filius,
1971 1013 2072 1053 ne-

480 1122 588 1175 que
617 1108 670 1158 in
700 1103 1061 1173 productione
1082 1099 1326 1167 ejusdem
1358 1111 1463 1149 una
1508 1096 1617 1148 sint
1643 1108 1881 1163 persona
1903 1092 2070 1146 Pater

456 1209 536 1269 ,ιιι
575 1197 749 1252 Filius
783 1214 802 1258 -,
844 1194 914 1248 ita
950 1192 1093 1247 enim
1127 1191 1238 1245 duo
1285 1203 1506 1259 quoque
1540 1198 1729 1243 essent
1759 1186 2064 1249 mittentes,

440 1302 608 1343 tcum
650 1295 704 1340 ct
752 1285 912 1339 l’ater
963 1286 1145 1336 mittat
1179 1290 1233 1335 et
1268 1278 1463 1335 Filius.
1497 1278 1568 1333 At
1610 1292 1696 1333 res
1738 1292 1845 1331 non
1882 1276 1954 1330 ita
2010 1291 2070 1331 se

484 1377 677 1438 habet,
712 1374 984 1444 siquidem
1021 1387 1125 1425 vos.
1174 1371 1288 1430 illa.
1346 1369 1424 1423 Ex
1472 1369 1613 1433 solo,
1661 1365 1805 1436 apud
1855 1367 2067 1421 nullum

484 1476 743 1521 sanctqu
778 1475 885 1530 est,
926 1480 956 1518 a
1012 1464 1162 1518 nullo
1228 1463 1376 1517 dicta
1433 1460 1707 1531 reperitur
1745 1479 1758 1515 :
1792 1460 2014 1531 quinam
2047 1458 2071 1512 Ἰ

482 1573 611 1612 cum
647 1558 750 1627 ipsi
801 1556 886 1610 his
922 1566 1147 1609 utantur
1183 1555 1435 1619 vocibus,
1472 1552 1548 1607 Ex
1596 1550 1758 1606 Patre
1800 1560 1853 1605 et
1884 1549 2069 1615 Filio;

479 1658 545 1705 et
576 1665 669 1718 per
709 1648 907 1702 Filiqu
936 1665 950 1712 ;
985 1658 1039 1701 et
1060 1663 1122 1701 ex
1154 1662 1391 1715 utroque
1419 1645 1881 1700 substantialiter.
1916 1642 2070 1698 Inter

485 1742 593 1795 11:18
625 1742 772 1795 enim
807 1724 970 1794 voces
994 1750 1046 1793 et
1078 1741 1250 1803 illam,
1285 1740 1361 1793 Ex
1409 1738 1552 1801 solo,
1608 1736 2070 1790 contradictimiis

2171 901 2269 953 uel
2298 898 2397 969 τὴν
2429 898 2631 951 ἕνωσιν
2669 896 2904 965 νοοῦμεν
2944 894 3089 947 πάνυ
3123 893 3330 959 καλῶς,
3365 892 3462 945 καὶ
3505 892 3604 958 τὴν
3642 891 3767 944 διά-

2171 1011 2359 1065 κρισιν
2389 993 2530 1061 μάλα
2552 990 2900 1060 θαυμασίως,
2936 988 3032 1042 καὶ
3069 987 3322 1041 ἐντεῦθεν
3368 985 3495 1041 οὔτε
3526 986 3622 1040 δύο
3656 990 3767 1055 ἀρ-

2173 1088 2271 1157 χαί
2304 1088 2442 1140 είσιν
2468 1089 2495 1139 6
2530 1084 2719 1155 Πατὴρ
2756 1086 2848 1137 καὶ
2876 1088 2903 1137 6
2940 1084 3068 1146 Υίὸς
3097 1081 3192 1136 τοῦ
3228 1082 3385 1150 ἁγίου
3417 1081 3769 1151 Πνεύματος.

2172 1178 2300 1232 οὔτε
2360 1178 2419 1231 ἓν
2460 1178 2759 1248 πρόσωπόν
2813 1178 2964 1229 εστιν
3016 1176 3046 1229 6
3098 1173 3291 1244 Πατὴρ
3331 1174 3426 1227 καὶ
3454 1174 3581 1234 Υίδς
3608 1172 3663 1224 εν
3690 1172 3766 1241 τῇ

2172 1271 2416 1343 προδοὶῇ
2452 1271 2547 1325 τοῦ
2599 1270 2759 1338 ἁγέου
2792 1269 3143 1338 Πνεύματος³
3198 1264 3235 1336 ἦ
3290 1267 3400 1337 γὰρ
3429 1266 3496 1320 ἂν
3545 1266 3774 1320 καὶδύο

2171 1361 2315 1435 ἦσαν
2365 1367 2414 1418 οἱ
2461 1366 2800 1433 πέμποντες,
2834 1365 2961 1416 επεὶ
3012 1363 3224 1429 πέμπει
3274 1363 3305 1414 6
3339 1362 3530 1429 Πατὴρ
3586 1361 3679 1412 καὶ
3739 1362 3771 1412 ὁ

2174 1458 2332 1521 Υἱός·
2370 1456 2486 1510 ἀλλ’
2517 1457 2617 1525 οὐχ
2665 1454 2840 1518 οὕτως
2873 1452 2988 1523 ἔχει
3017 1466 3032 1481 ⁶
3062 1452 3123 1504 τὸ
3154 1451 3253 1519 μεν
3281 1452 3413 1520 γὰρ,
3448 1449 3545 1501 Ἐκ
3580 1449 3770 1517 μόνου,

2172 1552 2297 1606 οὔτε
2323 1552 2493 1613 ἐστὶν,
2522 1548 2650 1602 οὔτε
2689 1548 2891 1619 ἐρρέθη
2928 1548 3081 1617 παρά
3111 1562 3204 1598 του
3250 1544 3361 1597 τῶν
3398 1543 3606 1611 ἁγίωνσ
3645 1542 3771 1602 πῶς

2173 1645 2314 1714 γὰρ;
2368 1643 2549 1696 αὐτῶν
2595 1642 2890 1709 λεγόντων,
2931 1639 3027 1694 Ἐκ
3089 1639 3185 1692 τοῦ
3244 1638 3459 1708 ηατρδς
3513 1638 3609 1690 καὶ
3667 1632 3769 1688 ⁴τοῦ

2180 1735 2336 1796 Υἱοῦ,
2370 1736 2465 1787 καὶ
2512 1733 2604 1787 διὰ
2656 1734 2754 1786 τοῦ
2803 1732 2960 1795 Υίοῦ,
2990 1732 3086 1785 καὶ
3128 1730 3187 1795 ἐξ
3215 1732 3425 1798 ἀμφοῖν
3459 1726 3767 1788 οὐσιωδῶς.

491 1842 575 1887 est
601 1835 897 1903 oppositio.
934 1831 1063 1886 Eam
1094 1834 1236 1884 sicut
1283 1830 1399 1885 istre
1441 1831 1856 1900 propositiones
1888 1845 1904 1894 ;
1938 1827 2073 1881 Dum

2188 1824 2366 1879 Ταῦτα
2396 1824 2506 1894 γὰρ
2564 1822 2698 1893 πρὸς
2748 1823 2834 1885 τὸ,
2872 1822 2971 1875 Ἐκ
3025 1821 3211 1889 μόνου,
3248 1819 3540 1888 ἀντίφασίς
3589 1820 3765 1872 ἔστιν.

399 1920 405 1925 ’
494 1926 575 1980 sol
608 1942 774 1995 super
801 1934 1001 1978 terrain
1042 1933 1146 1983 est.
1192 1923 1311 1978 dies
1348 1931 1454 1987 est,
1485 1931 1541 1978 et
1574 1939 1679 1976 nox
1727 1939 1832 1977 non
1858 1933 1986 1987 est;
2022 1929 2078 1977 et

499 2030 711 2079 rursus,
748 2013 879 2067 Dum
916 2015 1004 2067 ille
1031 2017 1221 2067 subter
1255 2023 1459 2067 terram
1496 2022 1601 2076 est,
1638 2028 1742 2067 uox
1797 2020 1907 2076 est,
1959 2010 2079 2065 dies

498 2124 605 2163 non
639 2118 719 2162 est
747 2125 760 2172 ;
796 2108 867 2160 ita
901 2108 1067 2161 etiam
1118 2108 1232 2160 haec
1264 2108 1372 2160 duo
1402 2120 1686 2175 nunquam
1718 2103 2072 2165 convenient,

498 2203 573 2255 lix
601 2203 742 2262 solo,
781 2211 832 2253 et
862 2216 931 2254 ex
978 2197 1117 2253 Filio
1157 2209 1212 2252 et
1256 2215 1352 2268 per
1384 2196 1586 2251 Filium
1619 2206 1676 2251 et
1709 2212 1776 2251 cx
1806 2195 2077 2251 ambobus

493 2294 974 2355 Substantialitcr;
1008 2300 1061 2344 et
1091 2291 1206 2344 luec
1233 2289 1453 2359 quidem
1493 2289 1846 2355 pronuntiata
1888 2296 2015 2341 sunt
2045 2303 2074 2339 a

500 2383 821 2440 doctoribus
850 2391 904 2436 et
932 2380 1190 2436 Ecclesiae
1231 2380 1521 2450 theologis,
1550 2393 1690 2449 quos
1724 2389 1929 2433 sancta:
1983 2393 2078 2447 ge-

497 2478 710 2533 nerales
731 2476 923 2545 synodi
955 2490 1053 2545 pro
1082 2474 1292 2528 sanctis
1315 2471 1605 2527 habendos
1636 2470 2076 2541 promulgarunt,

498 2582 844 2637 quorumque
869 2566 1071 2634 scripta
1110 2564 1595 2633 complectuntur;
1634 2576 1734 2615 vox
1766 2570 1966 2624 autem,
1998 2559 2077 2611 Ex

474 2656 635 2721 solo,
661 2666 784 2726 post
814 2656 1053 2711 schisma
1075 2665 1132 2709 et
1157 2653 1547 2709 contentiones
1577 2652 1762 2705 audita
1789 2660 1895 2705 est.
1920 2648 2078 2716 Quod

498 2751 543 2804 si
582 2764 671 2803 res
700 2746 1038 2815 theologicas
1069 2762 1131 2799 ex
1167 2744 1583 2813 consequentiis
1611 2743 1859 2810 judicare
1892 2742 2079 2797 volue-

498 2843 695 2906 rimus,
719 2842 770 2893 iu
807 2840 974 2892 multa
1001 2852 1135 2892 sane
1165 2836 1403 2891 absurda
1437 2835 1782 2890 delahemur.
1810 2834 1885 2886 lta
1908 2833 2078 2900 enim,

498 2938 627 3005 quia
665 2934 830 2987 Deum
867 2934 933 2987 de
966 2931 1076 2986 Deo
1123 2931 1385 2995 dicimus,
1416 2930 1523 2983 duo
1575 2944 1704 2998 ergo
1747 2930 1856 2985 sint
1886 2929 1987 2994 dii,
2024 2937 2082 2983 et

499 3044 606 3083 non
643 3044 784 3083 unus
813 3042 974 3097 quem
1004 3025 1324 3090 credimus,
1358 3034 1410 3077 et
1447 3022 1571 3092 quia
1603 3034 1789 3077 natum
1817 3020 2079 3086 dicimus,

500 3131 714 3190 tempus
755 3117 1125 3184 intelligamus
1155 3130 1171 3179 ;
1203 3122 1258 3168 et
1288 3114 1415 3183 quia
1477 3113 1759 3167 descendit
1787 3113 1854 3165 de
1900 3110 2079 3174 cmlis,

501 3214 623 3268 loco
652 3183 1176 3267 circumscribamus
1204 3222 1221 3271 ;
1266 3213 1319 3259 et
1346 3203 1476 3274 quid
1501 3219 1642 3274 opus
1666 3211 1751 3258 est
1782 3203 1935 3273 plura
1955 3216 2087 3257 con-
2113 3183 2157 3241 C

503 3320 717 3376 gerere,
752 3318 872 3372 quae
918 3299 1107 3354 inferri
1154 3298 1416 3352 videntur
1474 3311 1570 3366 per
1605 3292 2086 3365 consequentias?

500 3396 638 3452 Nam
671 3396 762 3466 qui
795 3408 961 3464 prave
1014 3391 1207 3454 sentit,
1239 3405 1302 3445 ea
1333 3404 1452 3460 quae
1502 3388 1650 3443 dicta
1686 3397 1814 3442 sunt
1850 3403 1946 3457 per
1994 3401 2086 3443 se-

507 3488 699 3558 qnelas
732 3485 917 3539 omnia
945 3482 1263 3538 concludet.
1290 3480 1359 3534 At
1389 3493 1491 3535 nos
1531 3493 1658 3532 cum
1702 3478 1878 3533 simus
1910 3476 2089 3531 homi-

508 3591 604 3631 nes
639 3575 749 3629 ficti
798 3591 862 3629 ex
891 3573 1082 3641 argilla
1118 3579 1173 3626 et
1205 3571 1344 3635 luto,
1382 3585 1489 3624 nou
1544 3584 1842 3639 possumus
1878 3568 1946 3624 de
1978 3567 2087 3623 Deo

500 3667 932 3737 congruentibus
953 3667 1029 3721 uti
1055 3664 1426 3720 sermonibus.
1457 3660 1805 3731 Quapropter
1840 3662 2087 3716 humano

509 3775 662 3816 more
690 3774 780 3813 res
814 3773 1008 3814 omnes
1039 3757 1254 3811 divinas
1296 3755 1654 3825 esplicamus.
1709 3752 1819 3807 Nec
1872 3762 2089 3825 oportet

506 3867 569 3905 ea
606 3848 1036 3918 consequentiis,
1066 3846 1160 3901 sed
1188 3861 1253 3898 ex
1276 3843 1624 3898 confessione
1655 3856 1756 3896 nos
1784 3840 2089 3910 redargue-

506 3960 606 4012 re;
651 3957 780 3998 vere
828 3941 972 3996 enim
1009 3954 1132 3995 cum
1167 3937 1279 3991 Deo
1311 3937 1376 3990 de
1419 3938 1582 3990 rebus
1616 3933 1706 3989 Dei
1754 3935 2086 4004 iudicamus.

1196 4029 1436 4088 EPHES.

577 4129 691 4182 Cur
726 4141 858 4182 vero
882 4141 977 4181 eos
1000 4126 1096 4196 qtti
1131 4125 1200 4178 ab
1232 4125 1339 4178 illis
1362 4122 1429 4177 ad
1456 4140 1557 4177 nos
1598 4131 1914 4187 transerunt,
1938 4122 2085 4176 chri-

508 4230 685 4275 smate
723 4215 1093 4285 inuugimus!
1147 4230 1216 4268 an
1266 4230 1373 4268 non
1409 4215 1600 4284 liquet,
1640 4221 1701 4266 ut
1753 4211 2090 4268 lizrcticos?

508 4310 600 4363 Ait
622 4310 767 4363 enim
799 4310 1067 4377 septimus
1086 4305 1445 4362 (ecumeuica:
1475 4304 1670 4377 synodi
1702 4304 1964 4359 secundae
1990 4318 2087 4359 ca-

510 4417 622 4456 non
656 4418 671 4455 :
704 4400 811 4473 Eos
842 4400 934 4468 qui
965 4400 1033 4454 ab
1060 4399 1334 4455 haereticis
1388 4399 1661 4453 accedunt
1686 4396 1756 4451 ad
1788 4409 1994 4451 rectam
2026 4396 2088 4450 fi-

2192 1918 2282 1981 Ὦς
2309 1920 2420 1987 γὰρ
2449 1917 2601 1986 ἡλίου
2631 1916 2784 1978 δντος
2830 1914 2976 1984 ὑπὲρ
3012 1914 3118 1982 γῆν
3151 1913 3337 1983 ἡμέρα
3369 1914 3509 1977 εστὶ,
3535 1910 3634 1976 νὺξ
3663 1912 3773 1966 οὐκ

2181 2013 2321 2071 ἐστι,
2365 2015 2459 2065 καὶ
2508 2011 2699 2074 πάλιν,
2736 2008 2890 2080 ⁴ἡλίου
2943 2008 3051 2062 ὑπὸ
3104 2008 3209 2079 γῆν
3256 2007 3408 2079 δντος
3457 2004 3555 2069 νύξ
3594 2006 3769 2070 εστιν,

2185 2104 2369 2173 ἡμέρα
2403 2103 2503 2156 οὐκ
2549 2103 2703 2156 ἔστιν
2728 2117 2743 2131 '
2778 2100 2957 2164 οὕτως
3003 2098 3117 2154 οὐδ’
3156 2100 3222 2154 εκ
3282 2101 3478 2169 μόνου,
3508 2099 3623 2161 καὶ,
3668 2098 3770 2151 Ἐκ

2180 2194 2275 2246 τοῦ
2309 2192 2437 2247 Υίοῦ
2473 2193 2567 2246 καὶ
2588 2192 2679 2246 διὰ
2704 2192 2798 2245 τοῦ
2834 2190 2965 2245 Υίοῦ
3000 2191 3095 2243 καὶ
3136 2190 3195 2255 ἐξ
3224 2190 3429 2259 ἀμφοῖν
3462 2189 3767 2251 οὑσιιυδ·ἷις.

2184 2286 2542 2354 συμφωνήσει
2590 2284 2761 2337 ποτέο
2808 2284 2983 2338 ταῦτα
3015 2283 3125 2352 γὰρ
3176 2281 3401 2348 λέγεται
3444 2281 3597 2351 παρὰ
3652 2283 3770 2335 τῶν

2178 2382 2520 2435 διδασκάλων
2575 2382 2670 2434 καὶ
2699 2379 2972 2447 θεολόγων
3018 2381 3119 2450 τῆς
3171 2377 3523 2448 Ἐκκλησίας,
3558 2376 3655 2440 οὓς
3707 2380 3769 2431 αῖ

2183 2474 2341 2541 ἅγιαι
2371 2472 2756 2540 οίκουμενικαὶ
2787 2470 2999 2525 σύνοδοι
3040 2470 3234 2539 ἁγίους
3269 2470 3638 2539 ἁνεκήρυξαν,
3672 2476 3769 2524 καὶ

2181 2566 2250 2618 τὰ
2294 2566 2477 2619 αὐτῶν
2521 2563 2961 2635 ενστερνίζονται
2988 2579 3001 2594 ·
3034 2562 3097 2616 τὸ
3143 2563 3225 2630 δὲ,
3258 2563 3356 2641 Ὶξκ
3401 2564 3591 2633 μόνου,
3626 2568 3774 2636 μετὰ

2182 2660 2243 2712 τὸ
2290 2661 2501 2730 σχίσμα
2544 2660 2639 2713 καὶ
2682 2658 2781 2728 τὴν
2816 2657 3174 2728 φιλονεικίαν.
3210 2656 3317 2713 Καὶ
3364 2659 3475 2729 γὰρ
3526 2662 3621 2714 εὰν
3659 2662 3774 2717 ἀπὸ

2182 2752 2542 2820 mittunt,
2570 2752 2780 2823 κρίνειν
2832 2750 3157 2822 βουλώμεθα
3208 2754 3278 2807 τὰ
3322 2753 3422 2822 τῆς
3472 2754 3773 2822 θεηλογίιςν

2182 2847 2264 2910 είς
2323 2845 2495 2900 πολλὰ
2545 2846 2724 2900 ἄτοπα
2776 2846 3039 2915 ἐμπεσεῖν
3096 2846 3333 2916 ἔχομεν·
3375 2849 3467 2900 καὶ
3520 2849 3654 2899 Θεὸν
3708 2850 3775 2901 ἐκ

2184 2934 2322 2989 Θεοῦ
2374 2936 2652 3004 λέγοντες,
2680 2937 2790 3004 ἄρα
2830 2936 2925 2990 δύο
2965 2938 3116 3003 Θεοὶ,
3154 2940 3250 2991 καὶ
3293 2938 3393 3008 οὐχ
3445 2937 3528 3002 εἷς
3577 2942 3604 2993 6
3640 2934 3777 3011 παρ’

2184 3029 2318 3099 ἡμῖν
2350 3032 2749 3101 πιστευόμενος
2776 3031 2912 3095 Θεός
2936 3047 2952 3063 ·
2983 3032 3078 3086 καὶ
3115 3031 3450 3103 γεννηθέντα
3497 3033 3776 3102 λέγοντες,

2188 3125 2380 3195 χρόνον
2405 3124 2753 3194 ἐννοήσωμεν
2776 3138 2792 3154 ⁸
2829 3125 2925 3178 καὶ
2953 3123 3292 3179 κατελθόντα
3330 3126 3395 3178 ὲκ
3449 3125 3564 3180 τῶν
3602 3126 3776 3197 οὐρα-

2190 3216 2320 3280 νῶν,
2356 3217 2506 3289 τόπῳ
2557 3218 3018 3288 περιγράψωμεν.
3072 3218 3183 3272 Καὶ
3232 3220 3287 3272 τί
3337 3218 3419 3272 δεῖ
3461 3224 3781 3292 περαιτέρω

2189 3310 2411 3379 χωρεῖν,
2445 3310 2549 3362 ὅσα
2578 3309 2686 3362 ἀπὸ
2710 3309 2827 3372 τοῦ,
2856 3311 3076 3374 ἕπεται,
3110 3312 3547 3381 νομισθήσεται;
3594 3315 3778 3369 πάντα

2191 3401 2301 3473 γὰρ
2329 3404 2395 3455 τὰ
2420 3402 2762 3471 προκείμενα
2784 3406 2902 3475 ἐρεῖ
2928 3421 3013 3468 τις
3042 3406 3153 3459 τῶν
3178 3407 3486 3475 κακοδόξων
3508 3409 3617 3463 ἀπὸ
3652 3408 3776 3477 τοῦ,

2189 3492 2404 3547 Exstat.
2453 3493 2592 3547 Ἀλλ’
2621 3495 2784 3566 ἡμεῖς
2833 3496 3117 3567 ἄνθρωποι
3169 3497 3324 3561 ὄντες
3360 3502 3424 3553 ἐκ
3471 3498 3645 3571 πηλοῦ
3683 3502 3781 3556 καὶ

2188 3584 2447 3655 χώματος
2502 3586 2565 3639 οὐ
2624 3586 2902 3657 δυνάμεθα
2956 3588 3150 3659 λόγους
3199 3592 3384 3661 εὑρεῖν
3433 3594 3782 3664 ἁρμόζοντας

2187 3675 2268 3745 τῷ
2300 3674 2420 3744 Θεῷ
2440 3692 2455 3708 ο
2489 3676 2572 3758 διὸ
2626 3677 2720 3729 καὶ
2776 3678 2956 3731 πάντα
2987 3681 3054 3733 τὰ
3084 3684 3215 3749 περὶ
3263 3683 3355 3735 τὸν
3380 3684 3516 3737 Θεὸν
3565 3686 3782 3756 ἀνθρω-

2191 3768 2491 3837 ποπρεπῶς
2532 3768 2785 3837 λέγομεν,
2823 3772 2915 3823 καὶ
2960 3772 3022 3823 οὐ
3061 3772 3143 3825 δεῖ
3205 3775 3565 3847 κατακρίνειν
3624 3779 3782 3847 ἡμᾶς

2191 3861 2302 3915 ἀπὸ
2352 3860 2446 3914 τοῦ
2509 3862 2759 3924 ἕπεσθαι,
2791 3863 2927 3917 ἀλλὰ
2981 3864 3092 3918 ἀπὸ
3145 3865 3243 3919 τοῦ
3300 3846 3630 3938 ὁμολογεῖνο
3674 3875 3782 3927 καὶ

2190 3950 2410 4020 ἀληθῶς
2442 3952 2580 4021 μετὰ
2609 3950 2702 4005 τοῦ
2726 3953 2863 4009 Θεοῦ
2895 3955 2963 4008 τὰ
2994 3956 3091 4009 τοῦ
3121 3957 3259 4011 Θεοῦ
3295 3959 3577 4030 κρίνομεν.

2886 4048 3077 4105 ΕΦΕΣ.

2262 4133 2360 4187 Διὰ
2393 4134 2447 4187 τί
2493 4134 2549 4187 δὲ
2578 4136 2674 4190 κα)⁵
2708 4137 2938 4207 χρίομεν
2981 4139 3060 4208 τῷ
3114 4140 3273 4213 μύρῳ
3320 4145 3553 4211 τοὺςὲξ
3590 4148 3777 4201 αὐτῶν

2192 4227 2323 4296 ἡμῖν
2377 4226 2744 4296 προσιόνταςς
2779 4231 2881 4284 οὐκ
2929 4231 3154 4297 ιῦδηλον
3206 4234 3284 4299 ὡς
3320 4238 3633 4307 αἱρετικοὺς
3681 4239 3781 4294 δν-

2190 4336 2327 4386 ταςς
2360 4320 2523 4390 Λέγει
2552 4321 2663 4393 γὰρ
2696 4326 2723 4376 6
2772 4324 2871 4392 τῆς
2900 4324 3158 4396 δευτέρας
3196 4328 3586 4399 οῖκουμενικῆς
3620 4334 3783 4385 συνόο

2189 4411 2282 4465 δου
2313 4414 2495 4469 κανὼν
2526 4414 2757 4485 ἕϐδομος
2782 4432 2796 4446 ·
2826 4415 2967 4481 Τοὺς
3013 4420 3481 4491 προστιθεμένους
3518 4429 3582 4494 τῇ
3613 4425 3782 4495 ὀρθο·

508 4494 658 4556 dem,
684 4500 741 4545 et
770 4499 978 4561 partem
1004 4489 1460 4559 consequentium
1499 4490 1758 4554 salutem,
1794 4488 2083 4557 recipimus

2194 4504 2345 4575 δοξίᾳ
2370 4506 2464 4559 καὶ
2497 4508 2561 4577 τῇ
2595 4506 2775 4577 μερίδι
2816 4507 2929 4562 τῶν
2970 4488 3297 4580 σωζομένων
3334 4514 3443 4568 ἀπὸ
3478 4488 3781 4586 αίρετικῶν

508 4585 705 4641 ordine
733 4594 791 4640 et
829 4583 1231 4638 consuetudine
1294 4596 1459 4652 quant
1494 4579 1879 4647 subjicietuus.
1929 4580 2087 4634 Aria-

507 4693 613 4735 nos
635 4678 877 4748 quidem,
928 4685 984 4731 et
1028 4673 1476 4739 Macedoniauos,
1510 4683 1567 4726 et
1608 4670 1998 4735 Sabbatiaaos,
2038 4681 2092 4726 et

504 4772 849 4827 Novatianos
879 4771 973 4841 qui
1010 4785 1072 4824 se
1117 4770 1385 4822 Catharos
1414 4774 1469 4821 et
1506 4767 1789 4819 Aristeros
1837 4773 2039 4818 vocant
2072 4778 2088 4827 ;

507 4874 566 4920 et
617 4863 1167 4930 Quartodecimanos,
1210 4869 1266 4915 et
1328 4859 1757 4929 Apollinaristas
1796 4856 2091 4926 recipimus

512 4954 757 5009 libellum
792 4954 1006 5016 dantes,
1035 4960 1089 5005 et
1127 4950 1658 5006 anathematizautes
1681 4962 1900 5001 omnem
1923 4947 2094 5000 luere-

510 5047 622 5109 s‘m,
652 5059 773 5115 qua:
796 5061 901 5100 non
934 5043 1102 5100 sentit
1126 5055 1185 5095 ut
1217 5053 1406 5097 saneta
1434 5040 1525 5094 Dei
1560 5038 1837 5093 catholica
1861 5046 1916 5093 et
1950 5053 2093 5108 apo-

511 5142 707 5197 stolica
760 5138 1042 5203 Ecclesia;
1075 5151 1175 5191 nec
1206 5153 1316 5191 non
1352 5135 1711 5205 consignatos
1755 5134 1870 5189 sive
1897 5148 2094 5189 unctos

513 5235 750 5305 primum
775 5248 934 5286 sacro
962 5230 1259 5284 chrismate
1288 5229 1340 5280 in
1372 5227 1576 5294 fronte,
1610 5228 1811 5291 oculis,
1837 5227 2087 5297 naribus,

429 5342 433 5347 '
517 5345 613 5383 ore
658 5335 713 5380 et
740 5327 989 5379 auribus.
1019 5324 1085 5378 Et
1113 5329 1504 5393 cousrguantes
1552 5336 1648 5375 eos
1696 5322 1977 5377 dicimus:
2009 5319 2094 5374 Si-

516 5420 808 5491 guaculum
840 5417 971 5471 doni
1012 5416 1253 5485 Spiritus
1297 5415 1497 5473 sancti.
1544 5413 1729 5479 Vides,
1767 5415 1968 5485 quibus
1997 5414 2090 5469 ad-

518 5524 873 5564 numeremus
903 5522 999 5562 eos
1043 5504 1137 5574 qui
1172 5520 1202 5559 a
1238 5502 1448 5559 Latinis
1478 5504 1546 5559 ad
1582 5520 1681 5560 nos
1726 5505 2095 5577 perfugiunt?

518 5604 577 5657 Si
623 5618 755 5672 ergo
789 5602 842 5654 hi
874 5614 1066 5654 omnes
1099 5597 1344 5653 haeretici
1384 5608 1537 5667 sunt,
1587 5600 1661 5653 illi
1693 5615 1918 5671 quoque
1952 5603 2095 5655 inter

518 5695 803 5749 haereticos
837 5693 1187 5747 numerandi.
1220 5693 1359 5758 Quid
1408 5709 1574 5764 porro
1627 5693 1696 5748 de
1722 5694 1810 5749 his
1842 5693 2096 5749 Theodo-

522 5801 613 5842 rus
644 5783 1328 5851 Balsamou,doctissimus
1353 5787 1666 5858 patriarcha
1688 5787 2091 5853 Autiochcnus,

2193 4596 2462 4667 δεχόμεθα
2496 4600 2640 4653 κατὰ
2677 4600 2778 4669 τὴν
2831 4602 3282 4674 ὕποτεταγμένην
3315 4607 3639 4663 ἀκολουθίαν
3681 4613 3783 4665 καὶ

2196 4688 2517 4753 συνήθειαν
2587 4689 2905 4759 Ἀρειανοῦς
2961 4693 3093 4760 μὲν,
3160 4694 3255 4748 καὶ
3306 4697 3779 4766 Μακεδονιανοὺς,

2196 4780 2290 4833 καὶ
2313 4780 2745 4846 Σαδδατιανοὺς,
2777 4784 2871 4835 καὶ
2921 4784 3306 4851 Ναυατιανοὺς
3340 4789 3466 4853 τοὺς
3512 4791 3783 4859 λέγοντας

2194 4871 2421 4935 ἑαυτοὺς
2482 4872 2775 4943 Καθαροὺς
2832 4874 2925 4943 καὶ
2985 4874 3359 4947 Ἀριστεροὺς,
3417 4881 3511 4933 καὶ
3562 4882 3784 4937 Τεσσα-

2198 4965 2711 5031 ρεσκαιδεκατίτας,
2744 4967 2912 5036 ήγουν
2953 4967 3316 5037 Τετραδίτας.
3366 4972 3463 5024 καὶ
3512 4972 3781 5028 ,Ἀπολλι-

2196 5055 2459 5125 ναριστὰς
2511 5056 2782 5124 δεχόμεθα
2811 5057 3054 5121 διδόντας
3101 5060 3403 5125 λιδέλλους,
3443 5065 3539 5117 καὶ
3570 5066 3779 5117 ἀναθε-

2200 5147 2526 5215 ματίζοντας
2564 5151 2749 5201 πᾶσαν
2775 5136 2988 5218 αἵρεσιν
3021 5151 3097 5220 μὴ
3128 5153 3432 5221 φρονοῦσαν
3468 5155 3542 5215 ὡς
3586 5160 3788 5225 φρονεῖ

2197 5239 2230 5309 ἡ
2264 5238 2396 5307 ἁγία
2429 5237 2525 5291 τοῦ
2557 5240 2692 5293 Θεοῦ
2730 5241 2995 5312 καθολικὴ
3044 5244 3140 5296 καὶ
3176 5245 3514 5316 ἀποστολικὴ
3541 5245 3785 5317 Ἐκκλη-

2198 5332 2311 5397 σία,
2349 5333 2441 5384 καὶ
2496 5333 2968 5403 σφραγιζομένους
3013 5337 3132 5407 ἦτοι
3179 5340 3505 5408 χρωμένους
3556 5341 3791 5410 πρῶτον

2196 5425 2275 5492 τῷ
2305 5424 2445 5494 ἁγίῳ
2478 5424 2635 5496 μύρῳ
2663 5429 2723 5479 τό
2755 5444 2813 5478 τε
2849 5433 3121 5497 μέτωπον.
3154 5434 3247 5482 καὶ
3288 5432 3412 5494 τοὺς
3440 5432 3786 5502 ὀφθαλμοὺς,

2198 5516 2295 5567 καὶ
2352 5520 2449 5579 τὰς
2511 5518 2688 5598 ῥῖνας,
2719 5518 2813 5570 καὶ
2865 5520 2925 5571 τὸ
2990 5520 3189 5589 στόμα,
3234 5524 3327 5574 καὶ
3374 5524 3441 5575 τὰ
3504 5517 3653 5576 ὦτα”
3688 5528 3790 5577 καὶ

2200 5608 2592 5676 σφραγίζοντες
2617 5610 2814 5673 αὐτοὺς
2839 5610 3073 5683 λέγομεν
3095 5626 3107 5639 ⁸
3147 5615 3256 5667 Καὶ
3298 5618 3536 5684 σφραγὶς
3567 5618 3788 5687 δωρεᾶς

2204 5699 2518 5769 Πνεύματος
2543 5702 2748 5789 ’ἁγίοω
2788 5703 2952 5774 Ὁρᾷς
2994 5707 3103 5757 τίσι
3155 5708 3525 5776 συντάττομεν
3550 5710 3679 5772 τοὺς
3717 5712 3791 5764 ἐκ

2200 5790 2447 5843 Λατίρων
2500 5794 2631 5863 ἡμῖν
2685 5794 3048 5863 προσιόνταςς
3106 5797 3171 5850 Ei
3217 5794 3339 5852 οὖν
3371 5799 3519 5853 οῦτοι
3572 5804 3785 5863 πάντες
