3998 6464
394 902 430 996 ἓ

461 296 564 365 ‘207

1385 295 1760 358 GREGORII
1796 295 2095 357 MAMM/E
2137 298 2243 362 ΕΡ.
2285 301 2798 362 ΡΑΤΙΠΑΒΕΙΙΕ

2407 187 2414 192 .
2453 183 2530 194 .-.Α

3596 307 3710 370 2-38

463 415 822 482 praebeamus.
861 431 876 464 ι
917 411 977 465 Et
1011 410 1367 466 nihilominus
1397 427 1516 476 nos,
1547 412 1796 473 veritate,
1832 419 1882 462 et
1911 424 2029 461 mtt-

2141 428 2271 480 μεν·
2303 416 2396 466 καὶ
2431 416 2593 469 πλέον
2643 415 2744 469 οὐκ
2795 415 2978 484 ἐθέλῃ.
3001 433 3054 466 ε’)
3085 416 3320 470 iac-352v.
3358 433 3374 466 ι
3413 417 3605 470 Καίτοι
3642 437 3710 486 γε

465 521 618 569 nrre,
665 507 946 576 gratiaque
994 502 1207 556 Domini
1245 513 1296 556 et
1325 502 1637 556 Servatoris
1681 503 1857 556 nostri
1899 499 2028 556 Jcsu

465 598 668 654 Christi
698 606 748 652 et
775 597 889 661 Dei,
925 605 1211 665 paternum
1245 595 1438 663 dogma
1471 592 1635 648 rebus
1687 591 1738 646 in
1774 592 2029 648 o‘muibus

469 692 740 761 integrum
794 699 1065 752 tenemus,
1102 697 1153 742 et
1201 698 1612 750 conservantus,
1637 693 1692 740 et
1723 675 2028 740 conserva-

470 787 674 850 bimus,
708 793 766 838 ιιι
800 784 1103 854 procedens
1127 781 1302 836 oratio
1321 780 1669 849 apertissime
1702 777 2026 832 declarabit.

473 879 881 946 I‘roptcrcaque
921 875 1270 944 simplicibus
1315 873 1494 927 verbis
1539 871 1651 924 lucc
1679 869 2029 939 exponimus,

471 970 754 1025 industriis
781 1009 797 1034 ,
827 979 881 1022 et
911 968 1212 1022 dictionum
1247 966 1406 1034 plicis
1429 1004 1443 1026 ,
1481 964 1697 1030 illisque
1730 963 2031 1040 perobscu-

471 1064 547 1116 ris
575 1061 898 1120 eliminatis,
955 1073 1024 1112 ne
1077 1072 1198 1125 qua:
1225 1071 1253 1108 a
1286 1055 1440 1107 nobis
1471 1055 1749 1118 dicuntur,
1776 1060 1872 1104 aut
1902 1051 2032 1104 scri-

470 1152 678 1204 buntur
708 1146 1007 1217 perniciem
1030 1145 1283 1207 alit-rant,
1317 1144 1372 1196 in
1413 1144 1515 1196 hoc
1541 1156 1760 1210 quoque
1791 1155 2036 1195 commu-

472 1256 596 1294 nem
658 1239 903 1292 omuium
965 1234 1257 1289 Dominum
1314 1249 1376 1287 ac
1419 1232 1736 1300 Magistrum
1771 1232 2033 1296 mntulali,

470 1334 784 1388 dicentem:
808 1328 990 1384 Sermo
1019 1338 1064 1382 et
1089 1326 1397 1395 prwdiratio
1441 1341 1506 1377 ne
1534 1325 1601 1375 sit
1635 1323 1685 1375 in
1715 1324 2034 1389 persuasibi-

470 1421 608 1474 libus
660 1419 906 1470 humana:
956 1416 1229 1482 sapientiw
1274 1412 1465 1476 verbis,
1509 1411 1596 1465 sed
1634 1412 1687 1464 in
1741 1412 2036 1464 ostensione

480 1512 710 1582 Spiritus
749 1521 800 1563 et
831 1508 1071 1572 uirtutis,
1144 1518 1199 1560 ut
1255 1507 1384 1575 ﬁdes
1415 1516 1593 1558 nostra
1628 1521 1727 1557 non
1768 1505 1834 1558 sit
1866 1505 1920 1557 in
1950 1520 2038 1556 sa-

476 1606 674 1676 pientia
706 1604 971 1656 hominum
1006 1640 1020 1664 ,
1052 1598 1142 1654 sed
1177 1601 1228 1652 in
1261 1599 1450 1651 uirtute
1487 1597 1580 1650 Dei
1619 1599 1657 1648 ¹.
1692 1598 2035 1664 Quapropter

477 1712 580 1751 nos
619 1709 860 1763 quoque,
893 1692 1041 1745 illius
1062 1691 1366 1744 doctrinam
1393 1699 1704 1757 sequentes,
1731 1703 1850 1757 qua:
1883 1687 2037 1740 nobis

2139 506 2224 557 ἐπ’
2261 506 2518 576 ἀληθείας
2567 508 2662 560 καὶ
2723 508 2930 575 δωρεᾶς
2983 510 3076 559 καὶ
3105 508 3324 575 χίριτος
3355 508 3450 560 τοῦ
3493 510 3712 577 Κυρίου

2141 599 2232 649 καὶ
2253 598 2510 678 ’Σωτῆρος
2542 599 2698 669 ἡμῶν
2742 597 2919 669 Ἰησοῦ
2969 597 3206 669 λριστοῦ
3237 601 3329 651 καὶ
3357 599 3517 664 Θεοῦ,
3545 604 3712 671 ἡμεῖς

2141 690 2202 742 τὸ
2238 685 2465 760 πάτριον
2499 691 2674 760 δόγμα
2719 693 2775 743 ὲν
2811 693 2945 744 πᾶσι
2983 691 3281 763 τηροῦμεν,
3309 691 3404 743 καὶ
3441 694 3712 761 φυλάττο-

2143 797 2264 850 μεν,
2318 781 2412 835 καὶ
2466 781 2797 853 φυλάξομεν,
2841 783 2916 846 ὡς
2973 787 3180 852 προῖὼν
3245 783 3275 834 ὁ
3317 782 3471 848 λόγος
3519 800 3700 851 παρα-

2143 874 2328 941 στήσει
2367 871 2702 943 σαφέστατα.
2745 876 2844 927 Διά
2887 872 3049 927 τοῦτο
3080 873 3175 928 καὶ
3207 875 3264 926 ὲν
3294 875 3572 932 ἁπλοῖκοίς
3607 877 3708 944 ῥήο

2147 983 2280 1037 μασι
2307 967 2486 1021 ταῦτα
2516 966 2825 1036 ἐκτίθεμεν,
2862 967 3000 1038 μηδὲ
3027 967 3236 1037 κομψὸν
3269 969 3423 1037 ῥῆμα
3447 967 3709 1029 τιθέντες,

2146 1060 2283 1127 μήτε
2338 1043 2543 1120 πλοκὰς
2595 1058 2793 1122 λέξεων
2823 1059 2904 1121 εις
2933 1058 3002 1110 τὰ
3036 1059 3219 1127 ἀσαφῆ
3293 1059 3389 1112 καὶ⁸
3422 1058 3710 1130 δηλήματα

2143 1146 2282 1204 εἶναι
2318 1150 2385 1203 τὰ
2434 1150 2564 1219 παρ’
2605 1149 2763 1220 ἡμῶν
2804 1149 3102 1219 λεγόμενα,
3152 1150 3186 1220 ἢ
3234 1149 3576 1221 γραφόμενα,
3607 1149 3711 1201 κάν

2145 1243 2320 1310 τούτῳ
2346 1240 2435 1294 τὸν
2465 1241 2644 1294 κοινὸν
2679 1241 3009 1310 μιμούμενοι
3040 1240 3306 1307 δεσπότην
3336 1240 3429 1292 καὶ
3451 1225 3708 1292 διδάσκα-

2145 1333 2234 1386 λον
2264 1333 2565 1401 φάσκοντα,
2633 1332 2716 1385 ὅτι
2758 1331 2821 1385 ’0
2853 1332 3038 1401 λόγος
3065 1331 3158 1385 καὶ
3191 1331 3257 1384 τὸ
3285 1331 3555 1399 κήρυγμά
3581 1349 3704 1399 μου

2144 1428 2255 1478 οὐκ
2285 1425 2354 1478 ἐν
2405 1423 2604 1480 πειθοῖ
2645 1425 3029 1493 ἀνθρωπίνης
3063 1425 3285 1493 σοφίας
3312 1425 3536 1492 λόγοις.
3561 1424 3706 1476 ἀλλ’

2143 1515 2212 1568 ἐν
2264 1515 2570 1579 ἀποδείξει
2621 1516 2960 1585 πνεύματος
3006 1515 3105 1569 καὶ
3159 1514 3488 1584 δυνάμεως.
3534 1516 3636 1568 ἵνα
3670 1516 3706 1580 ἡ

2147 1608 2353 1672 πίστις
2401 1607 2568 1677 ἡμῶν
2589 1608 2675 1678 μὴ
2699 1603 2739 1682 ᾖ
2769 1610 2836 1662 ἐν
2866 1608 3054 1678 σοφίᾳ
3088 1609 3430 1676 ἀνθρώπων,
3458 1608 3597 1662 ἀλλ’
3643 1608 3710 1659 ἐν

2145 1697 2394 1768 δυνάμει
2447 1701 2616 1756 Θεοῦ.
2667 1699 2757 1755 Διδ
2801 1703 2896 1755 καὶ
2929 1703 3088 1772 ἡμεῖς
3137 1701 3394 1770 ἑπόμενοι
3422 1703 3489 1770 τῇ
3518 1699 3708 1753 τούτου

477 1788 676 1843 tradita
699 1793 830 1841 sunt
855 1802 882 1838 a
910 1783 1112 1858 Clu-isti
1148 1781 1387 1836 Ecclesia
1413 1782 1651 1836 dicimus
1697 1791 1748 1835 et
1773 1780 2033 1850 praedica-

2144 1793 2491 1864 διδασκαλίᾳ,
2515 1795 2585 1848 τὰ
2633 1771 3010 1865 παραδοθέντα
3042 1794 3172 1864 ἡμῖν
3196 1793 3304 1845 άπὸ
3338 1793 3436 1860 τῆς
3479 1791 3710 1858 Ἐκκληο

480 1895 626 1946 mus,
656 1894 765 1932 non
793 1876 1140 1933 sermonibus
1167 1875 1412 1929 venustis
1440 1874 1725 1942 scitisque,
1758 1887 1934 1940 neque
1966 1870 2035 1924 ab

476 1970 714 2028 externis
743 1968 926 2037 petitis
963 1964 1528 2036 argumentationibus
1559 2005 1572 2026 ,
1607 1972 1666 2016 tit
1696 1963 1902 2016 dictum
1927 1968 2033 2025 est,

477 2068 572 2121 sed
597 2079 661 2119 cx
697 2061 919 2115 Patrum
946 2057 1170 2113 monitis
1195 2065 1246 2109 et
1269 2055 1476 2123 scripto
1507 2056 1666 2108 nobis
1698 2053 1894 2106 tradita
1926 2060 2037 2104 tra-

475 2158 701 2221 ditione,
720 2156 881 2210 verba
910 2161 1091 2207 nostra
1120 2151 1434 2219 scriptaque
1454 2147 1903 2214 comprobamus,
1933 2142 2036 2198 Pa-

479 2263 732 2319 trumque
755 2258 1071 2302 nostrorum
1106 2245 1160 2297 in
1192 2242 1449 2297 omnibus
1471 2239 1697 2310 testigia
1726 2238 2033 2306 sequimur,

476 2353 904 2414 sequemurque,
949 2350 1125 2404 neque
1170 2347 1408 2400 unquam
1449 2333 1609 2386 aliter
1654 2331 2038 2387 comminisce-

476 2451 601 2489 mttr
636 2451 652 2486 ι
683 2426 1143 2501 quemadmodum
1187 2436 1398 2477 sacram
1441 2431 1587 2475 tuam
1621 2433 1672 2475 et
1702 2421 2034 2489 imperialem

476 2529 714 2582 animam
753 2521 1138 2590 imaginamur,
1159 2530 1214 2570 et
1238 2516 1540 2578 credimus,
1569 2527 1846 2582 nunquam
1879 2515 2036 2568 aliter

475 2635 534 2674 se
567 2619 894 2672 habituram.

542 2713 597 2765 5.
617 2710 802 2776 Neque
827 2713 1049 2776 propter
1071 2705 1134 2758 de
1161 2718 1297 2756 novo
1324 2701 1478 2755 statis
1502 2699 1834 2768 temporibus
1886 2714 2030 2767 quae-

473 2803 678 2856 stiones
701 2808 938 2862 exortas,
958 2803 1009 2851 et
1028 2793 1167 2849 male
1187 2792 1528 2861 opinantium
1586 2805 1718 2842 nova
1762 2804 2038 2843 commen-

475 2903 554 2956 ta,
581 2892 736 2946 [idem
767 2890 928 2943 aliam
965 2896 1186 2942 sanctos
1215 2882 1405 2937 Patres
1435 2885 1485 2935 id
1510 2883 1606 2936 ευνὶ
1639 2885 1688 2934 in
1715 2893 1879 2935 unum
1912 2896 2037 2934 eoa-

469 2995 591 3041 ctos
619 2981 963 3054 propriorum
990 2980 1276 3034 verborum
1310 2991 1445 3028 nova
1465 2975 1778 3029 inductione
1803 2973 2037 3030 edidisse

2140 1887 2260 1951 σίας
2293 1886 2528 1954 Χριστοῦ
2557 1886 2788 1957 λέγομέν
2821 1901 2884 1940 τι
2922 1886 3017 1939 καὶ
3047 1883 3397 1954 κηρύττομεν
3427 1884 3489 1937 ού
3522 1884 3707 1952 λόγοις

2139 1978 2375 2048 κομψοῖς
2421 1980 2515 2033 καὶ
2553 1978 2938 2048 συλλογισμοῖς
2968 1980 3032 2031 ἐκ
3080 1977 3187 2030 τῶν
3216 1977 3440 2042 ἔξωθεν,
3465 1976 3539 2038 ὼς
3571 1991 3707 2044 προ-

2140 2069 2416 2136 λέλεκται,
2447 2070 2562 2125 ἀλλ’
2621 2073 2684 2124 ὲκ
2733 2071 2835 2139 τῆς
2882 2070 2991 2124 τῶν
3038 2069 3300 2139 Πατέρων
3334 2068 3706 2130 διδασκαλίας,

2139 2162 2235 2216 καὶ
2269 2163 2365 2231 τῆς
2397 2163 2676 2234 ἐγγράφου
2712 2162 2871 2232 ἡμῶν
2897 2161 3251 2231 παραδόσεως
3283 2159 3604 2224 πιστοῦντες
3639 2162 3704 2212 τὰ

2138 2250 2271 2321 παρ’
2322 2251 2478 2321 ἡμῶν
2530 2251 2803 2320 λεγόμενά
2838 2267 2896 2302 τε
2933 2251 3028 2303 καὶ
3078 2249 3426 2321 γραφόμενα,
3461 2249 3555 2301 καὶ
3593 2251 3704 2310 τοῖς

2139 2343 2415 2413 Πατράσιν
2460 2343 2615 2414 ἡμῶν
2659 2345 2717 2397 ὲν
2763 2342 2968 2397 ἅπασιν
3013 2341 3412 2412 ἀκολουθοῦμεν
3459 2342 3552 2395 καὶ
3580 2342 3710 2393 dxe-

2138 2435 2494 2506 λουθήσομεν,
2513 2437 2607 2490 καὶ
2627 2436 2880 2490 οὐδέποτε
2910 2435 3082 2498 άλλως
3109 2434 3304 2505 ἕξομεν
3330 2449 3344 2464 ⁸
3367 2433 3560 2504 ὥσπερ
3581 2435 3700 2486 οὐδὲ

2138 2529 2236 2598 τὴν
2269 2529 2367 2598 σὴν
2394 2529 2546 2600 ἱερὰν
2597 2529 2690 2581 καὶ
2721 2527 3006 2597 βασιλικὴν
3057 2527 3235 2598 ψυχὴν
3269 2525 3560 2596 ἐννοοῦμεν
3609 2526 3706 2581 καὶ

2141 2621 2469 2688 πιστεύομεν
2502 2620 2674 2681 άλλως
2698 2622 2838 2686 ἕξειν
2869 2619 3106 2673 πώποτε.

2210 2717 2284 2780 γ’.
2331 2711 2464 2764 om
2512 2712 2600 2765 διὰ
2642 2711 2739 2774 τὰς
2767 2712 3100 2780 άναφυείοας
3135 2712 3278 2765 κατὰ
3313 2712 3504 2781 καιρὸν
3535 2712 3703 2780 ζητή-

2141 2821 2276 2868 σεις,
2304 2802 2532 2856 καὶτῶν
2573 2801 2880 2866 κακοδόξων
2931 2802 3294 2870 καινοφωνίας
3325 2801 3492 2869 ἄλλην
3525 2803 3708 2854 πίστιν

2138 2899 2262 2959 τοὺς
2293 2897 2477 2964 άγίους
2515 2896 2762 2964 Πατέρας
2793 2895 3023 2965 ἐροῦμεν
3037 2895 3163 2948 τοὺς
3183 2893 3324 2948 κατὰ
3354 2894 3544 2964 καιρὸν
3571 2911 3700 2945 συν·

2139 2987 2402 3057 αχθέντας
2456 2987 2810 3055 πεποιηκέναι
2858 2986 2948 3040 διὰ
3024 2985 3125 3056 τῆς
3182 2986 3564 3054 ἑπεισαγωγῆς
3594 2985 3704 3036 τῶν

471 3076 886 3137 allirmabimus,
918 3080 978 3126 ut
1007 3079 1230 3126 sanctus
1260 3066 1527 3122 Maximus
1567 3065 1740 3134 palam
1776 3066 2033 3134 explicat,

2139 3081 2355 3134 οἰκείων
2393 3082 2673 3150 ῥημάτων,
2708 3081 2782 3144 ὠς
2811 3083 2904 3134 καὶ
2933 3082 2960 3133 ό
2991 3079 3130 3142 θεῖος
3165 3078 3415 3147 Μάξιμος
3445 3078 3704 3144 διασαφεῖ

469 3185 592 3224 cum
645 3169 791 3221 hunc
831 3165 886 3218 in
922 3164 1140 3219 modum
1177 3159 1430 3214 edisserit
1461 3175 1476 3211 :
1509 3180 1526 3208 ι
1563 3156 1808 3225 Namque
1855 3159 1900 3211 si
1938 3171 2033 3225 pro

2139 3172 2312 3240 λέγων
2341 3170 2515 3232 οὓτως
2534 3188 2548 3201 ο
2583 3189 2602 3223 ι
2651 3171 2713 3225 El
2740 3171 2847 3240 γάρ
2878 3173 2994 3225 ἐστι
3034 3172 3242 3241 τάληθῆ
3271 3171 3413 3242 ύπδρ
3443 3170 3705 3240 ἀληθείας

469 3260 698 3314 veritate
737 3269 864 3310 vera
912 3249 1246 3308 enuntianda
1285 3260 1434 3312 sunt,
1469 3263 1660 3302 omnes
1693 3257 1814 3315 post
1860 3247 2034 3301 Νιωη

470 3365 594 3405 nam
626 3347 890 3418 synodum
923 3358 953 3397 a
987 3345 1093 3398 Deo
1121 3341 1280 3396 electi
1303 3339 1512 3402 Patres,
1548 3339 1920 3407 universa-que
1949 3353 2037 3409 sy-

471 3441 600 3496 nodi
625 3446 773 3494 recte
800 3433 1181 3494 sentientium,
1214 3440 1269 3486 et
1291 3432 1580 3486 sanctitate
1605 3430 1896 3484 illustrium
1932 3427 2035 3482 Pa-

470 3543 643 3594 trum,
669 3544 778 3583 non
803 3527 968 3580 aliam
1000 3523 1122 3579 tidei
1142 3522 1518 3578 deﬁnitionem
1548 3520 1889 3592 propriorum
1911 3535 2034 3574 ver-

471 3625 662 3678 borum
686 3619 958 3674 additione
975 3629 1199 3688 prorsus
1218 3614 1738 3684 superinduxerunt,
1759 3611 1924 3667 veluti
1939 3623 2036 3665 vos

471 3713 703 3768 nimium
741 3718 1022 3779 perperam
1053 3707 1434 3776 obloquentes,
1467 3714 1521 3757 et
1562 3703 1723 3772 plane
1755 3701 2035 3756 insanien-

469 3816 554 3860 tes
598 3801 917 3864 decernitis,
948 3817 966 3850 ι
1009 3807 1063 3854 et
1110 3813 1232 3868 qua:
1274 3805 1599 3865 sequuntur,
1645 3809 1770 3862 qua:
1822 3800 2032 3860 tempo-

469 3913 530 3952 re
576 3903 884 3965 opportuno
906 3893 972 3945 ad
1016 3891 1303 3944 vetitatem
1353 3898 1596 3940 uosuam
1636 3881 2031 3952 explanandatn

470 3989 523 4042 in
565 3985 800 4040 medium
837 3982 1191 4037 adducemus.
1222 3977 1467 4047 Namque
1485 3991 1825 4045 unaquaeque
1847 3983 2033 4028 sancta

468 4093 639 4150 atque
670 4077 1007 4133 tecumenica
1037 4073 1276 4144 synodus
1309 4069 1702 4140 superaddidit,
1733 4067 1876 4138 quod
1909 4081 2035 4121 ver-

465 4172 550 4227 bis
581 4171 716 4240 ipsis
756 4168 901 4222 ltaud
929 4175 1046 4220 erat
1083 4167 1136 4218 in
1175 4179 1325 4220 sacra
1363 4162 1643 4231 Scriptura
1689 4159 2030 4229 explicitum,

467 4264 564 4318 sed
609 4264 696 4315 illa
744 4276 839 4314 sua
869 4258 1143 4312 additione
1189 4258 1346 4310 aliam
1397 4268 1698 4322 novamque
1743 4251 1900 4306 ﬁdem
1934 4251 2035 4306 tui-

467 4355 615 4409 nitne
647 4351 1015 4411 concinnavit,
1055 4349 1180 4401 licet
1219 4347 1459 4401 additum
1511 4345 1664 4400 nullo
1694 4347 1745 4396 iu
1778 4344 1898 4397 loco
1937 4357 2033 4394 an-

2140 3267 2332 3328 εῑπιῖν,
2354 3263 2548 3327 πάντες
2581 3265 2630 3316 σί
2669 3265 2807 3334 μετὰ
2839 3264 2937 3335 τὴν
2989 3264 3239 3318 Νικαέων
3289 3264 3556 3335 θεόκριτοι
3585 3265 3706 3317 Ila-

2138 3361 2195 3414 τί
2205 3375 2315 3430 ρες.
2340 3361 2435 3414 καὶ
2460 3358 2608 3412 πᾶσα
2631 3357 2848 3420 σύνοδος
2865 3355 3162 3426 ὀρθοδόξων
3183 3358 3276 3408 καὶ
3295 3355 3468 3424 ἁγίων
3489 3355 3701 3424 ἀνδρῶν

2134 3453 2235 3508 οὐκ
2280 3452 2441 3508 ιλλον
2487 3451 2723 3513 πίστεως
2773 3450 2899 3520 ὅρον
2925 3449 3012 3504 διὰ
3045 3447 3142 3517 τῆς
3177 3447 3563 3518 ὲπεισαγωγῆς
3595 3447 3704 3498 τῶν

2135 3546 2350 3599 οἰκείων
2386 3544 2652 3614 ῥημάτων
2695 3540 2975 3605 παντελῶς
3024 3541 3414 3608 ὶπεισὴγαγον,
3442 3538 3516 3598 ὡς
3545 3539 3705 3606 ὑμεῖς

2136 3635 2505 3705 ἀποφαίνεσθε
2559 3636 2811 3689 πλεῖστον
2843 3631 3317 3704 παραληροῦντες,
3349 3631 3443 3685 καὶ
3471 3631 3533 3684 τὸ
3574 3631 3700 3682 ὅλον

2139 3730 2490 3800 μαινόμενον
2530 3748 2548 3781 ι
2595 3727 2784 3782 καὶτὰ
2811 3726 2938 3797 ἑξῆς
2981 3728 3038 3779 ὲν
3073 3724 3149 3796 τῷ
3179 3726 3514 3796 προσήκοντι
3548 3724 3700 3792 τόπῳ

2135 3821 2462 3892 ἔκθήσομεν,
2514 3821 2931 3890 διατρανοὺντες
2958 3818 3057 3889 τὴν
3092 3818 3350 3890 ἀλήθειαν
3381 3819 3556 3888 ἡμῶν.
3592 3819 3703 3872 Καὶ

2137 3916 2247 3985 γὰρ
2274 3915 2479 3982 ἑκάστη
2512 3913 2645 3980 ἁγία
2679 3913 2775 3966 καὶ
2823 3911 3178 3982 οικουμενικὴ
3233 3909 3449 3974 σύνοδος
3501 3911 3672 3981 προσέ

2137 3999 2334 4075 θηκενξ
2355 4005 2384 4059 δ
2417 4004 2490 4075 μὴ
2519 4004 2698 4074 ῥητῶς
2733 4004 3058 4073 προσέκειτο
3085 4006 3152 4072 τῇ
3189 4003 3310 4073 θείᾳ
3343 4003 3554 4073 Γραφῇ.
3585 4001 3700 4054 ἀλλ’

2134 4094 2233 4148 οὐκ
2279 4093 2446 4162 άλλην
2492 4093 2673 4146 πίστιν
2709 4093 2979 4161 πεποίηκε
3029 4092 3114 4145 διά
3145 4094 3243 4162 τῆς
3269 4093 3652 4159 ἑπεισαγωγῆς
3679 4107 3693 4121 ο

2138 4187 2316 4241 καίτοι
2351 4203 2414 4254 γε
2442 4186 2536 4239 τοῦ
2560 4185 2953 4254 προστεθέντος
2978 4184 3219 4255 οὐδαμοῦ
3250 4183 3696 4254 προκηρυττομὲ-

2136 4296 2228 4333 νου
2275 4278 2449 4342 ὄντος.
2499 4277 2706 4331 Λύτίκα
2759 4269 2867 4347 γὰρ
2898 4275 2959 4329 τδ
3007 4276 3355 4345 ὀμοούσιον,
3405 4274 3434 4326 δ
3471 4275 3607 4343 μήτε
3640 4275 3698 4325 ιν

2135 4374 2201 4439 τῇ
2239 4371 2358 4440 ίερᾷ
2394 4369 2581 4440 Γραφῇ
2612 4369 3002 4437 εὑρισκόμενον
3029 4367 3286 4436 ὑπάρχει,
3324 4369 3460 4436 μήτε
3482 4367 3542 4418 ὲν
3577 4363 3698 4417 Ἐλ-

468 4457 554 4500 tea
590 4444 934 4498 enuntiatqu
977 4449 1157 4504 esset;
1207 4451 1260 4493 et
1307 4447 1432 4492 ante
1475 4438 1657 4491 omnia
1697 4435 2027 4498 limousion,

2139 4435 2353 4534 ληνικῇ,
2404 4435 2529 4516 άλλί
2550 4435 2808 4514 sesego»;
2843 4435 3032 4528 dylmv
3063 4435 3380 4513 ἀποστόλων
3412 4457 3569 4512 τοῦτο
3601 4457 3702 4526 ῥη-

467 4539 580 4590 sive
606 4531 1077 4592 consubstantiale.
1107 4545 1282 4600 neque
1306 4530 1361 4583 itt
1399 4543 1556 4584 sacra
1589 4527 1897 4594 Scriptura,
1934 4542 2028 4579 ne-

467 4643 573 4697 que
614 4625 778 4680 etiam
835 4623 887 4676 iit
939 4620 1224 4692 gentilium
1283 4618 1672 4681 monumentis,
1721 4618 1832 4670 imo
1875 4631 1974 4670 nec
2005 4633 2034 4669 a

465 4716 671 4770 sanctis
696 4713 956 4783 apostolis
986 4726 1244 4780 expresse
1268 4710 1526 4763 traditum
1551 4710 1662 4762 ltaac
1684 4707 1923 4777 synodus
1944 4705 2038 4760 ad-

464 4807 633 4872 didit;
668 4821 772 4858 nou
823 4805 940 4858 ideo
981 4813 1159 4857 tamen
1193 4805 1334 4871 apud
1377 4816 1473 4855 eos
1501 4801 1589 4870 qui
1639 4799 1920 4853 veritatem
1946 4813 2037 4852 se-

465 4900 595 4953 dulo
641 4897 973 4966 exquirunt,
1022 4896 1182 4949 aliam
1230 4894 1387 4948 [idem
1437 4892 1747 4947 condidisse
1791 4897 2034 4958 reputata

465 5003 568 5045 est.
599 4990 715 5044 Non
748 4989 852 5042 alia
884 4989 1092 5043 ratione
1121 4999 1175 5042 et
1200 4997 1386 5040 sancta
1417 4984 1754 5041 mcumcnica
1789 4984 2026 5038 secunda

467 5081 710 5150 synodus
738 5081 1145 5136 sanctittsimutn
1167 5078 1427 5147 Spiritum
1454 5079 1619 5132 Deum
1640 5093 1762 5132 esse
1787 5093 2031 5146 pronun-

465 5178 640 5238 tiavit,
687 5184 742 5230 et
787 5187 938 5238 vere,
987 5171 1446 5242 quemadmodum
1481 5180 1534 5224 et
1585 5171 1759 5240 prima
1805 5171 2032 5223 ltotnou-

464 5270 610 5321 sion.
630 5267 734 5321 Sed
763 5266 814 5320 id
840 5279 1108 5333 nusquam
1137 5265 1191 5316 in
1225 5262 1423 5316 divinis
1469 5260 1693 5315 Litteris
1723 5271 1860 5314 erat.
1893 5256 2031 5311 San-

462 5373 660 5429 etaque
694 5360 822 5412 item
872 5357 1030 5411 tertia
1068 5355 1308 5424 synodus
1343 5369 1551 5418 vocem,
1597 5352 1851 5419 Dripara.
1902 5349 2034 5414 Qua:

463 5453 646 5504 omnia
679 5450 960 5504 verissima
995 5458 1145 5514 sunt,
1177 5461 1350 5516 eoque
1392 5445 1552 5498 modo
1581 5458 1640 5498 se
1668 5444 1889 5507 habent,
1923 5454 2032 5510 quo

467 5543 638 5596 sancti
661 5542 845 5596 divino
873 5540 1078 5609 Spiritu
1110 5538 1311 5594 conciti
1340 5539 1723 5592 decreverunt.
1760 5536 1823 5589 Et
1859 5549 2030 5604 quar-

463 5637 518 5686 ta
549 5635 674 5687 item
712 5636 975 5702 synodus,
1005 5633 1142 5688 duas
1174 5640 1399 5687 naturas
1441 5641 1493 5687 et
1529 5634 1782 5690 unionem
1825 5650 2029 5690 secun-

540 5769 557 5798 '
590 5766 608 5822 Ι
637 5766 765 5823 Cor.
795 5768 922 5830 tt,4.

2137 4556 2247 4618 τῶς
2280 4554 2570 4616 εἰπόντων,
2604 4556 2636 4621 ἡ
2673 4553 2892 4616 σύνοδος
2921 4552 3058 4620 αὕτη
3089 4551 3447 4622 προσέθηκεν,
3479 4550 3702 4603 άλλόύο

2134 4646 2319 4716 δαμῶς
2349 4644 2606 4714 ἐνομίσθη
2644 4646 2794 4715 παρὰ
2836 4648 2950 4708 τοῖς
3001 4645 3100 4715 τὴν
3146 4645 3404 4715 ἀλήθειαν
3433 4641 3695 4712 ἐκζητοῦ-

2138 4753 2244 4800 σιν,
2299 4737 2493 4807 ἑτέραν
2551 4737 2734 4788 πίστιν
2783 4740 3170 4806 πεποιηκέναι.
3234 4737 3507 4797 Ὡσαύτως
3555 4736 3610 4788 δὲ
3663 4738 3696 4805 ἠ

2139 4829 2271 4896 ἁγία
2305 4826 2660 4896 οικουμενικὴ
2691 4826 2918 4895 δευτέρα
2947 4826 3162 4888 σύνοδος
3194 4827 3329 4877 Θεδν
3352 4827 3413 4878 τὸ
3432 4827 3698 4892 πανάγιον

2137 4917 2360 4986 Πνεῦμα
2392 4919 2639 4986 εἴρηκεν,
2675 4918 2766 4968 καὶ
2798 4917 3034 4986 άληθῶς,
3072 4917 3266 4987 ὥσπερ
3289 4917 3385 4970 καὶ
3411 4918 3470 4969 τὸ
3501 4918 3696 4986 όμοού-

2137 5025 2272 5063 σιον.
2316 5006 2456 5059 Ἀλλ’
2482 5006 2723 5076 οὐδαμοῦ
2757 5009 2814 5060 ὲν
2845 5009 2913 5076 τῇ
2966 5008 3155 5076 Γραφῇ
3196 5008 3355 5060 τοῦτο
3387 5009 3694 5077 εὑρίσκετο.

2134 5099 2302 5166 Καλὴ
2339 5099 2472 5166 άγία
2523 5099 2579 5150 δὲ
2634 5099 2792 5166 τρίτη
2855 5098 3068 5160 σύνοδος
3111 5100 3199 5162 τ’),
3235 5103 3541 5167 Θεοτόκος.
3592 5105 3700 5154 Καὶ

2137 5193 2360 5262 άληθῶς
2415 5193 2600 5260 ἔχουσι
2655 5190 2755 5260 μὲν
2807 5190 3000 5254 ταῦτα,
3042 5193 3136 5245 καὶ
3187 5192 3358 5256 οὕτως
3395 5194 3466 5254 ὠς
3524 5195 3696 5247 καὶοξ

2137 5284 2282 5353 ἆγιοι
2334 5282 2853 5350 πνευματοκινήτως
2902 5283 3358 5354 ἑθεσμοθέτησαν.
3412 5287 3578 5355 Καὶὴ
3615 5303 3699 5338 τε·

2139 5377 2311 5446 τάρτη
2359 5375 2415 5426 δὲ
2463 5374 2561 5435 τὰς
2593 5373 2685 5425 δύο
2721 5374 2934 5441 φύσεις,
2979 5378 3074 5429 καὶ
3123 5377 3218 5444 τὴν
3249 5379 3370 5430 καθ’
3406 5379 3699 5432 ὑπόστασιν

2137 5465 2353 5527 ἕνωσιν,
2386 5466 2480 5515 καί
2521 5466 2553 5534 ἡ
2589 5463 2812 5533 πέμπτη
2843 5466 2898 5517 δὲ
2928 5466 2995 5517 τά
3029 5467 3121 5518 δύο
3150 5467 3449 5537 θελήματα,
3475 5471 3569 5522 καὶ
3603 5471 3699 5522 ἕνα

2138 5557 2230 5608 τὸν
2277 5557 2521 5618 θέλοντα,
2557 5559 2650 5606 καὶ
2684 5557 2714 5624 ἡ
2751 5556 2884 5624 ἕκτη
2917 5558 2970 5608 δὲ
3007 5558 3102 5619 τὰς
3149 5559 3243 5610 δύο
3271 5561 3571 5629 ἐνεργείας,
3609 5561 3702 5614 καὶ

2143 5648 2238 5699 ἕνα
2275 5649 2364 5701 τὸν
2422 5646 2768 5717 ἐνεργοῦντα.
2822 5650 2956 5700 Ἀλλ’
2989 5651 3221 5721 οὐδαμοῦ
3248 5653 3500 5722 εὑρήσεις
3532 5652 3701 5704 ταῦτα
