3998 6464
310 466 413 527 209

1420 462 1511 519 ιιι)
1563 460 1925 522 ἱλῖἰῚίἷῖᾹΤ,
1970 461 2459 535 ΤΠΜἚΖΠΝΤ.

3465 465 3570 527 sto

315 582 546 649 κείμενα
575 582 629 629 ὲν
657 582 720 650 τῇ
760 580 972 648 ι’ραψῇ.
1029 578 1169 633 Ἀλλ’
1203 581 1260 632 αἱ
1298 578 1507 631 σύνοδοι
1542 580 1889 650 θαρρούντως

2009 580 2123 659 lum
2171 582 2542 650 ltypostasim:
2600 590 2653 636 et
2703 584 2892 652 quinta
2943 583 3080 638 duas
3122 583 3466 645 voluntates,
3522 592 3589 636 et,

317 672 686 742 προσέθηκαν,
713 674 776 725 ἐκ
803 672 911 725 τῶν
948 671 1111 724 θείων
1149 670 1386 743 Γραφῶν
1418 671 1592 725 ταῦτα
1628 672 1885 739 συνάγου·

320 780 433 827 σαι,
461 764 636 833 ἁληθῆ
668 782 729 831 γε
764 765 911 817 δντα.
937 765 1045 818 Καὶ
1074 766 1174 816 οὐκ
1199 763 1452 817 ἐντεῦθεν
1485 765 1681 834 ἑτέραν
1708 764 1892 815 πίστιν

317 858 703 929 πεποιήκασιν,
732 859 811 921 ὡς
843 859 938 913 καὶ
974 856 1265 929 προλαϐὼν
1289 859 1318 911 6
1345 858 1487 921 θεῖος
1514 859 1769 926 Μάξιμος
1794 872 1895 912 ’σα-

319 950 557 1018 φέστατα
588 950 879 1020 ἐδήλωσεν,
909 949 1079 1003 εἰπών
1108 967 1121 981 ⁸
1166 970 1184 1002 ι
1236 952 1390 1005 Πᾶσα
1425 949 1642 1013 σύνοδος
1674 950 1894 1019 690066-

323 1042 429 1107 ξων
477 1042 572 1096 καὶ
619 1042 790 1108 ἁγίων
820 1042 1030 1113 ἀνδρῶν
1072 1043 1171 1095 οῦκ
1202 1043 1362 1096 ἄλλον
1394 1042 1635 1106 πίστεως
1659 1042 1783 1111 ὅρον
1809 1042 1896 1095 διὰ

320 1135 418 1203 τῆς
449 1135 833 1205 ἐπεισαγωγῆς
882 1134 991 1186 τῶν
1045 1134 1263 1188 οἰκείων
1317 1134 1580 1205 ῥημάτων
1619 1135 1899 1197 παντελῶς

322 1229 709 1299 ἐπεισήγαγον,
736 1228 810 1292 ὡς
855 1228 1012 1298 ὑμεῖς
1042 1226 1435 1295 ἀποφαίνεσθε,
1464 1243 1485 1303 ι
1519 1227 1612 1280 καὶ
1644 1227 1711 1280 τὰ
1748 1227 1894 1294 ἑξῆς.

322 1324 430 1377 Καὶ
461 1325 494 1393 ἡ
530 1323 659 1389 ἁγία
689 1322 745 1375 δὲ
792 1320 1147 1391 οίκουμενικὴ
1186 1320 1390 1389 ἑϐδόμη
1441 1318 1660 1381 σύνοδος
1695 1321 1759 1372 ἐκ
1791 1320 1901 1372 Πα-

316 1415 443 1485 τρδς
464 1415 530 1469 δι’
553 1414 681 1468 Υίοῦ
713 1415 1115 1485 ἐκπορεύεσθαι
1140 1414 1202 1467 16
1233 1411 1461 1483 Πνεῦμα
1483 1412 1543 1466 16
1567 1412 1726 1481 ἅγιον
1754 1413 1901 1465 ἔθεο-

318 1507 539 1577 λόγησε.
581 1507 695 1560 Καὶ
755 1508 864 1575 πρὸ
892 1506 1097 1575 ταύτης
1135 1506 1379 1560 πλεῖστοι
1414 1504 1522 1557 τῶν
1549 1505 1725 1572 ἁγίων
1757 1504 1903 1558 οὕτω

317 1616 378 1667 γε
435 1599 824 1670 ὲθεολόγησαν,
862 1598 961 1652 καὶ
986 1598 1055 1662 ἐξ
1081 1597 1270 1653 αὑτοῦ
1300 1597 1409 1653 τοῦ
1439 1595 1597 1659 Υιοῦ,
1617 1595 1716 1649 καί
1747 1593 1904 1648 ἴδιον

316 1692 507 1747 αὐτοῦ
555 1709 641 1757 τε,
698 1690 796 1747 καί
830 1690 900 1756 ἐξ
940 1690 1155 1753 αὐτοῦ,
1206 1688 1283 1754 ὡς
1329 1692 1356 1743 6
1391 1688 1664 1760 Κύριλλος
1697 1690 1754 1740 ὲν
1790 1689 1903 1749 τοῖς

329 1785 853 1854 Ἀναοεμίιτισμοῖς
900 1786 927 1837 6
962 1784 1275 1850 θεσπέσιος,
1304 1782 1396 1836 καὶ
1426 1781 1710 1842 Βασίλειος
1764 1779 1902 1850 πρὸς

318 1880 444 1942 τοὺς
473 1880 757 1948 λέγοντας,
794 1877 948 1934 Διατί
981 1880 1056 1949 μὴ
1093 1880 1221 1942 Υἱὸς
1252 1878 1347 1933 τοῦ
1378 1878 1510 1931 Υἱοῦ
1541 1878 1601 1931 16
1634 1876 1859 1945 Πνεῦμα
1889 1894 1902 1941 ;

318 1971 762 2041 ἀπολογούμενος
798 1987 813 2003 ·
852 1989 871 2024 ι
922 1972 995 2024 Οὐ
1025 1971 1113 2024 διὰ
1165 1971 1225 2024 16
1265 1972 1340 2039 μὴ
1370 1966 1511 2025 εἶναι
1560 1972 1624 2022 ὲκ
1671 1968 1805 2022 Θεοῦ
1836 1968 1904 2021 δι’

322 2063 481 2128 Υίοῦ,
527 2063 754 2132 ἔφησεν,
786 2064 899 2116 ἀλλ’
931 2064 1017 2116 ἵνα
1046 2066 1079 2131 ἡ
1116 2062 1291 2134 Τριὰς
1329 2062 1402 2133 μὴ
1450 2061 1735 2132 νομισθείη
1769 2062 1904 2129 πλῆ-

323 2157 414 2219 θος
463 2158 691 2227 ἄπειρον
734 2158 882 2221 υἱοὺς
928 2156 987 2223 ἐξ
1039 2156 1194 2219 υἱῶν,
1254 2156 1327 2220 ὡς
1382 2159 1477 2209 καὶ
1505 2157 1561 2208 ὲν
1593 2153 1903 2222 ἀνθρώποις

324 2250 466 2319 ἔχειν
495 2249 919 2303 ὑποπτευθεῖσα.
957 2268 975 2300 ι
1005 2249 1117 2303 Καὶ
1147 2249 1253 2318 πρὸ
1273 2248 1465 2301 τούτου
1486 2247 1581 2301 τοῦ
1604 2245 1901 2316 κεφαλαίου

324 2342 489 2410 φησὶν
513 2342 539 2393 6
572 2341 736 2403 αὐτὸς
767 2340 947 2409 ἅγιος
980 2359 998 2391 ι
1042 2343 1139 2393 Διὰ
1187 2339 1345 2393 τοῦτο
1376 2339 1469 2392 καὶ
1500 2336 1635 2391 Θεοῦ
1676 2337 1776 2408 μὲν
1802 2338 1899 2390 Λό-

324 2450 415 2500 γος
448 2434 652 2501 όΥίὸς,
703 2435 854 2505 ῥῆμα
908 2433 964 2486 δὲ
1017 2431 1149 2486 Υίοῦ
1204 2432 1267 2485 τὺ
1323 2431 1573 2500 Πνεῦμαο
1623 2449 1642 2483 ι
1684 2430 1776 2482 καὶ
1833 2427 1901 2481 τὰ

319 2524 465 2593 ἑξῆς.
1154 2530 1175 2547 ’

1994 777 2312 836 operantem

1998 691 2166 727 unum
2200 675 2504 739 volentem;
2537 686 2588 730 et
2613 685 2764 732 sexta
2789 678 2925 733 duas
2951 678 3303 748 operatioues
3332 686 3387 731 et
3412 692 3587 730 unum

2365 786 2539 837 :qn:e
2590 777 2770 823 tamen
2825 786 3105 840 nunquam
3162 771 3216 823 in
3270 770 3579 836 .Seriptura

1999 860 2294 915 inveneris.
2322 861 2428 915 Sed
2463 862 2657 933 synodi
2685 863 3026 917 conﬁdenter
3056 863 3379 930 colligentes
3402 878 3465 917 ea
3499 862 3579 916 uti

1999 970 2126 1008 vera
2158 970 2221 1010 ex
2257 956 2434 1012 sacris
2452 953 2676 1010 Litteris
2708 956 3058 1021 addiderunt,
3087 969 3265 1025 neque
3297 965 3580 1026 propterea

2001 1049 2159 1102 ﬁdem
2204 1049 2365 1102 aliam
2406 1064 2787 1117 composuere,
2819 1050 3283 1119 quemadmodum
3332 1050 3447 1118 jam
3494 1065 3586 1103 su-

2000 1128 2283 1210 pradictus
2313 1141 2474 1195 divus
2502 1140 2773 1207 Maximus
2805 1144 3155 1213 apertissime
3192 1143 3298 1198 illis
3339 1142 3586 1197 declara-

2001 1232 2071 1283 vit
2105 1248 2119 1286 :
2158 1251 2173 1282 ι
2217 1232 2411 1286 (lmnis
2445 1233 2689 1301 synodus
2726 1243 2873 1287 recte
2901 1233 3262 1287 sentientium
3295 1243 3348 1287 et
3376 1235 3587 1287 sancti-

2003 1332 2112 1379 tate
2163 1323 2455 1378 illustrium
2507 1325 2747 1379 virorum
2786 1338 2892 1379 non
2927 1324 3086 1379 aliaat
3142 1324 3267 1380 ﬁdei
3306 1324 3585 1379 definitio-

2004 1432 2128 1471 nem
2179 1416 2524 1489 proprioru’m
2569 1417 2861 1479 verborum
2910 1418 3189 1473 additione
3230 1433 3457 1487 prorsus
3494 1434 3591 1472 su-

2006 1507 2339 1577 perinduxit,
2368 1508 2531 1563 veluti
2568 1522 2663 1564 vos
2687 1510 3006 1577 decernitis,
3042 1528 3060 1561 ι
3113 1519 3165 1565 et
3195 1509 3422 1579 reliqua.
3449 1508 3584 1561 Tum

2005 1611 2267 1669 prmterea
2309 1613 2505 1665 sancta
2560 1606 2902 1659 cecumenira
2955 1604 3188 1681 septima
3232 1602 3475 1674 synodus
3523 1616 3587 1654 ev

2006 1692 2168 1749 Patre
2200 1709 2295 1762 per
2328 1693 2524 1748 Filium
2554 1695 2823 1766 Spiritum
2860 1708 3110 1751 sanetum
3143 1697 3439 1766 procedere
3477 1705 3587 1745 tra-

2009 1786 2244 1851 didit,et
2270 1795 2397 1841 ante
2421 1802 2538 1840 eam
2573 1798 2891 1843 sanctorum
2931 1787 3150 1858 plurimi
3197 1786 3409 1842 dicendi
3444 1784 3589 1837 illum

2012 1880 2234 1934 modum
2280 1890 2641 1950 usurparunt,
2674 1889 2728 1935 et
2767 1897 2832 1935 ea:
2866 1883 2980 1950 ipso
3022 1879 3190 1941 Filio,
3231 1889 3282 1931 et
3318 1878 3593 1947 proprium

2011 1970 2179 2034 illius,
2208 1978 2262 2026 et
2300 1987 2366 2025 ex
2408 1972 2502 2025 illo
2534 1983 2592 2026 ut
2620 1972 2842 2027 divinus
2888 1972 3126 2043 Cyrillus
3164 1971 3217 2025 in
3264 1970 3597 2025 Anatltema-

2010 2063 2214 2130 tismis,
2260 2074 2315 2118 et
2349 2064 2587 2120 Basilius
2637 2064 2747 2120 illis
2797 2065 2887 2134 qui
2919 2065 3220 2119 dicebant:
3265 2062 3445 2128 Quare
3487 2075 3592 2113 non

2010 2154 2179 2210 Filius
2206 2155 2329 2211 Filii
2355 2156 3011 2226 Spiritus?rcspondens,
3046 2157 3215 2211 dixit:
3256 2175 3273 2208 ι
3309 2154 3424 2208 Non
3450 2152 3595 2223 quod

2010 2261 2120 2302 non
2157 2256 2306 2302 esset
2341 2265 2405 2302 ex
2444 2248 2551 2301 Deo
2593 2263 2692 2319 per
2729 2247 2948 2312 Filium,
2982 2248 3075 2302 sed
3115 2262 3182 2301 ne
3204 2230 3452 2300 Trinitas
3492 2258 3595 2296 nu-

2010 2352 2203 2394 merus
2227 2341 2549 2395 innumerus
2578 2348 2947 2413 repntaretur,
2991 2354 3037 2394 et
3086 2338 3227 2394 lilins
3258 2352 3320 2392 ex
3359 2337 3505 2400 filiis,
3542 2342 3599 2388 ut

2002 2434 2150 2505 apud
2192 2434 2443 2488 homines
2471 2433 2585 2513 ﬂeri
2619 2436 2821 2497 suevit,
2854 2433 3080 2495 habere,
3121 2433 3174 2486 in
3219 2430 3590 2499 suspicionem

2013 2524 2242 2580 veniret.
2278 2545 2293 2578 ι
2322 2524 2385 2579 Et
2411 2536 2537 2582 ante
2566 2525 2697 2579 illud
2724 2533 2887 2603 caput
2918 2525 3059 2580 idem
3086 2514 3556 2599 sancttts'dicebat
3582 2534 3596 2573 :

326 2642 344 2677 ι
381 2622 670 2693 Propterea
703 2632 757 2680 et
800 2624 891 2679 Dei
925 2624 1142 2693 quidem
1179 2622 1417 2679 Verbum
1448 2622 1646 2683 Filius,
1674 2598 1910 2675 Verbum
1956 2626 2136 2675 autem
2170 2620 2293 2675 Filii
2334 2619 2593 2691 Spiritus,
2634 2640 2652 2673 ι
2697 2632 2750 2675 et
2782 2600 2916 2692 quae
2954 2598 3283 2690 sequuntur.

389 2721 449 2774 δ’.
499 2720 861 2775 Συνελιθοῦσαι
896 2721 1078 2774 τοίνυν
1111 2725 1204 2775 καὶ⁹
1232 2722 1265 2789 ἡ
1308 2718 1634 2787 Ἀνατολικὴ
1665 2715 1900 2784 Ἐκκλη-

321 2813 413 2866 σία
444 2814 539 2865 καὶ
569 2814 597 2880 ἡ
626 2812 851 2883 Δυτικὴ,
877 2814 972 2865 καὶ
1007 2811 1395 2881 οἱκουμενικῆς
1421 2808 1641 2862 συνόδου
1676 2806 1903 2874 γενομέ-

319 2923 437 2974 νης,
466 2905 562 2958 καὶ
597 2902 845 2969 ἐξέτασιν
874 2904 1192 2972 ποιήσασαι,
1246 2902 1321 2963 ὡς
1348 2900 1405 2952 τί
1437 2899 1504 2953 ἂν
1540 2897 1825 2969 βούλοιντο
1854 2894 1901 2948 oi

318 2999 416 3067 τῆς
450 2992 1149 3066 ἈνατολικῆςἜκκλησίας
1182 2993 1518 3071 διδάσκαλοι,
1546 2991 1641 3044 καὶ
1670 2990 1770 3057 τῆς
1799 2990 1902 3041 Δυ-

248 3122 257 3130 -
319 3090 477 3158 τικῆς
519 3089 699 3158 λέγειν
746 3089 875 3158 περὶ
922 3090 1023 3158 τῆς
1068 3086 1453 3157 ἐκπορεύσεως
1493 3082 1589 3137 τοῦ
1629 3082 1902 3149 παναγίου

324 3182 679 3252 Πνεύματος·
714 3183 778 3236 Ei
809 3181 919 3253 ἄρα
950 3182 1012 3234 ἐκ
1052 3179 1217 3249 μόνου
1239 3177 1333 3232 τοῦ
1364 3175 1576 3245 Πατρδς
1606 3174 1907 3246 ἐκπορεύεη

2080 2716 2133 2770 4.
2176 2717 2357 2783 Quare
2382 2703 2510 2771 “cum
2542 2718 2596 2772 in
2639 2732 2805 2772 unum
2838 2728 2892 2773 et
2917 2714 3211 2772 Orientalis
3238 2727 3292 2771 et
3331 2714 3600 2775 Occiden-

2012 2809 2139 2864 talis
2167 2808 2412 2865 Ecclesia
2446 2811 2863 2876 convenissent,
2894 2818 2948 2864 et
2977 2811 3320 2865 mcumenieo
3357 2809 3597 2882 concilio

2012 2901 2327 2964 celebrato,
2390 2902 2797 2956 examinassent
2854 2886 3010 2969 quid
3094 2900 3387 2955 Orientalis
3440 2912 3603 2968 atque

2013 2990 2383 3047 Occidentalis
2414 2991 2672 3048 Ecclesiae
2720 2993 2963 3063 magistri
2988 2993 3054 3049 de
3078 2994 3427 3068 processione
3477 3007 3605 3047 sau-

2015 3085 2248 3141 etissimi
2302 3083 2540 3155 Spiritus
2572 3086 2886 3141 statuissent
2925 3100 3097 3141 :num
3151 3101 3215 3139 ev
3276 3085 3394 3139 solo
3443 3082 3602 3138 Patre

2016 3179 2335 3247 procederet
2375 3176 2617 3248 Spiritus
2646 3187 2896 3243 sanctus,
2930 3194 2997 3232 an
3030 3178 3191 3233 etiam
3224 3193 3290 3232 ex
3328 3175 3499 3242 Filio,
3547 3184 3603 3231 et

320 3292 410 3328 ται
440 3276 499 3327 16
530 3274 755 3343 Πνεῦμα
802 3274 865 3327 16
907 3273 1141 3343 ἆγιον,ἢ
1179 3273 1273 3325 καὶ
1302 3273 1365 3324 ἐκ
1396 3269 1490 3322 τοῦ
1534 3269 1689 3335 Υίοῦ,
1717 3268 1750 3339 ἢ
1787 3268 1903 3329 πῶς

2012 3268 2287 3336 quomodo
2324 3267 2456 3322 illud
2494 3267 2905 3339 intelligendum
2963 3269 3055 3333 sit,
3090 3284 3158 3323 ea:
3186 3268 3352 3323 Patre
3382 3284 3473 3334 per
3506 3266 3604 3322 Fi-

320 3366 522 3433 ὀφείλει
557 3366 798 3420 νοεῖσθαι
834 3366 895 3420 16
925 3368 987 3429 ἐκ
1025 3362 1237 3431 Πατρδς
1265 3362 1331 3415 δι’
1356 3361 1509 3416 Υίοῦ.
1554 3362 1662 3414 Καὶ
1695 3362 1742 3414 εἰ
1772 3376 1902 3411 συν-

320 3460 568 3531 εισφέρει
622 3463 650 3513 6
687 3459 814 3523 Υἱὸς
854 3462 936 3522 είς
989 3458 1088 3526 τὴν
1137 3458 1308 3511 ἀΐδιον
1343 3452 1569 3523 πρόοδον
1601 3452 1696 3506 τοῦ
1740 3451 1901 3520 ἁγίου

324 3551 732 3623 Πνεῦματος,ἢ
774 3554 837 3605 ὲκ
879 3550 1043 3621 μόνου
1094 3548 1190 3601 τοῦ
1241 3548 1457 3617 Πατρός
1507 3547 1680 3610 ἐστιν,
1711 3544 1904 3614 ὥσπερ

323 3645 414 3696 καὶ
448 3646 475 3696 6
507 3645 639 3706 Υἱὸς
670 3647 733 3695 ἐκ
788 3642 950 3708 μόνου
1000 3640 1095 3694 τοῦ
1150 3639 1384 3710 Πατρδς,
1419 3639 1512 3689 καὶ
1549 3638 1596 3690 εί
1630 3636 1903 3704 λαμϐάνει

320 3742 347 3791 6
382 3738 510 3800 Υἱὸς
564 3736 674 3789 ἀπὸ
726 3734 822 3788 τοῦ
879 3733 1225 3801 Πνεύματος,
1279 3732 1471 3802 ὥσπερ
1522 3729 1795 3798 λαμϐάνει
1841 3729 1903 3781 16

327 3829 550 3897 Πνεῦμα
593 3828 744 3899 παρὰ
787 3826 883 3880 τοῦ
931 3827 1085 3880 Υἱοῦ.
1141 3825 1303 3878 ’Λλλὰ
1346 3823 1520 3878 ταῦτα
1560 3823 1659 3893 μὲν
1686 3824 1743 3875 ὲν
1782 3822 1905 3885 ταῖς

322 3922 569 3987 Γραφσῖς
598 3920 695 3989 οὐχ
737 3910 918 3989 εὗρον.
964 3918 1036 3969 T6
1066 3917 1121 3969 δὲ
1159 3916 1383 3985 Πνεῦμα
1412 3916 1472 3968 16
1502 3914 1659 3982 ἅγιον
1690 3912 1905 3982 λαμϐά-

323 4033 455 4079 νειν,
486 4016 579 4066 καὶ
632 4012 690 4064 16
742 4008 885 4065 εἶναι
918 4012 1064 4080 ἔχειν
1095 4010 1166 4063 δι’
1207 4009 1366 4072 Υἱοῦ,
1415 4008 1591 4061 ταῦτα
1630 3996 1900 4074 πολλαχοῦ

322 4105 505 4179 εἷρον.
550 4107 865 4169 Ἀθανάσιος
892 4105 1001 4177 γάρ
1036 4106 1067 4175 ἡ
1098 4104 1197 4173 τῆς
1225 4102 1484 4172 ἀληθείας
1515 4101 1717 4170 κρηπὶς
1748 4101 1805 4150 ὲν
1827 4097 1904 4167 τῷ

324 4203 462 4255 κατὰ
512 4200 806 4270 ’Ᾱρειανῶν
833 4199 1003 4269 τρίτῳ
1038 4197 1228 4267 φησιν,
1272 4214 1290 4246 ι
1339 4196 1521 4247 Πάντα
1553 4194 1653 4245 ὅσα
1688 4191 1802 4261 ἔχει
1844 4191 1904 4244 16

325 4291 573 4359 Πνεῦμα,
597 4290 770 4342 ταῦτα
818 4288 971 4357 παρὰ
1017 4286 1111 4339 τοῦ
1144 4287 1320 4353 Λόγου
1358 4285 1523 4355 ἔχειν.
1564 4301 1582 4333 ι
1633 4284 1795 4335 Ἀλλά
1820 4283 1905 4343 τίς

328 4381 389 4435 iv
425 4383 558 4451 φαίη
593 4379 700 4437 τῶν
755 4377 813 4433 εῦ
870 4379 1236 4448 φρονούντων.
1264 4377 1338 4440 ὡς
1372 4377 1449 4448 μὴ
1480 4374 1686 4428 ἁπλοῦν
1726 4376 1905 4442 πάντη

325 4468 542 4537 πάντως
568 4469 707 4526 εἶναι
732 4472 791 4524 16
823 4472 1048 4540 Πνεῦμα
1071 4470 1133 4523 16
1157 4469 1337 4537 ἆγιον,
1362 4469 1456 4522 καὶ
1479 4466 1697 4519 ἐπὶτῶν
1716 4466 1906 4519 ἁπλῶν

325 4565 433 4617 πᾶν
462 4566 599 4633 ὅπερ
649 4562 943 4634 λαμϐάνει,
970 4561 1177 4625 τούτων
1208 4563 1316 4631 γὰρ
1357 4560 1451 4612 ἐπὶ
1486 4559 1593 4614 τῶν
1628 4559 1904 4611 συνθέτων
1944 4600 1953 4603 -

328 4658 558 4722 γίνεται,
612 4655 726 4709 ἀλλ’
760 4657 899 4724 ὅπερ
954 4655 1022 4708 ἂν
1076 4654 1291 4721 λέγοιτο
1343 4653 1646 4726 λαμϐάνειν
1674 4653 1735 4705 16
1786 4652 1905 4705 ὅλον

324 4750 503 4815 ἑστίη
542 4749 701 4803 Ἀλλὰ
721 4751 815 4804 καὶ
854 4750 951 4809 1:06
983 4750 1177 4802 τούτου
1212 4750 1269 4801 ἐν
1301 4746 1379 4819 τῷ
1409 4750 1561 4821 αὑτῷ
1592 4749 1740 4817 λόγῳ
1805 4763 1910 4814 (pm

326 4846 411 4894 σέν
435 4858 447 4870 ·
481 4861 497 4895 ι
545 4843 624 4896 Οὐ
658 4845 767 4913 γὰρ
799 4844 894 4895 καὶ
922 4845 952 4897 6
987 4842 1113 4907 Ti6;
1147 4842 1392 4913 μετέχων
1444 4844 1560 4895 ἐστὶ
1605 4840 1698 4895 τοῦ
1736 4841 1908 4894 Πνεῦ-

248 4974 249 4977 η
327 4953 518 5004 ματος,
548 4935 634 4989 ἵνα
660 4936 748 4989 διὰ
790 4935 948 4989 τοῦτο
970 4936 1066 4988 καὶ
1110 4938 1166 4989 ὲν
1193 4935 1270 5003 τῷ
1302 4937 1481 5005 Πατρὶ
1511 4936 1759 5004 γένηται,
1785 4934 1907 4987 οὐδὲ

326 5028 625 5096 λαμϐάνων
654 5028 769 5080 ἐστὶ
805 5029 865 5081 τὸ
902 5027 1147 5096 Πνεῦμα,
1176 5029 1315 5081 ἀλλὰ
1350 5029 1551 5095 μᾶλλον
1581 5028 1641 5080 16
1681 5028 1908 5098 Πνεῦμα

325 5118 480 5186 παρὰ
524 5118 620 5171 τοῦ
675 5120 849 5187 Λόγου
900 5119 1189 5188 λαμϐάνει.
1243 5138 1260 5170 ι
1298 5121 1399 5172 Διὰ
1434 5120 1593 5172 τοῦτο
1627 5120 1721 5171 καὶ
1756 5119 1908 5189 παρὰ

326 5213 436 5264 τῶν
464 5210 805 5267 διδασκάλων
836 5213 1061 5283 ἀμέσως
1094 5213 1315 5281 λέγεται
1346 5217 1374 5267 6
1403 5212 1529 5275 Υἱὸς
1570 5215 1635 5265 ὲκ
1668 5213 1762 5265 τοῦ
1797 5214 1907 5281 Πα-

326 5305 473 5372 τρδς,
506 5306 581 5369 ὡς
606 5308 739 5374 φησὶ
766 5305 1028 5375 Κύριλλος
1060 5308 1115 5358 ἐν
1144 5307 1254 5369 τοῖς
1288 5305 1647 5374 Θησαυροῖςσ
1680 5324 1697 5356 ι
1740 5305 1908 5376 Γεννᾷ

322 5401 352 5450 6
387 5399 575 5467 Πατὴρ
622 5399 711 5450 16v
744 5399 872 5451 Υίὸν
916 5397 1322 5466 ἁμεσιτεύτως.
1364 5417 1383 5450 ι
1419 5400 1529 5458 Καὶ
1563 5398 1725 5449 πάλιν
1755 5400 1782 5449 6
1812 5398 1908 5448 αὑ-

324 5490 415 5549 16;
449 5490 528 5550 si;
566 5490 624 5541 16
668 5484 830 5559 ῥητὸν
857 5491 939 5554 16,
968 5490 1169 5543 Πάντα
1197 5489 1272 5542 δι’
1311 5490 1498 5544 αὐτοῦ
1525 5490 1788 5558 ἐγένετο,
1822 5489 1909 5540 λέ-

328 5596 447 5649 γει·
480 5599 497 5633 ι
545 5583 793 5636 Συνεῖναι
822 5584 900 5652 τῷ
932 5584 1047 5652 Υίῴ
1078 5584 1166 5636 16v
1218 5583 1437 5650 Πατέρα
1470 5582 1699 5654 νοοῦμεν
1727 5582 1813 5635 διὰ
1850 5582 1907 5633 16

326 5674 755 5743 ἀπαράλλακτον
803 5676 907 5744 τῆς
962 5679 1174 5740 οὐσίας,
1209 5678 1302 5731 καὶ
1344 5676 1404 5729 16
1434 5676 1603 5745 ἄκρον
1633 5678 1906 5745 προσεχές

324 5781 386 5816 τε
420 5766 508 5819 καὶ
537 5767 744 5836 άμεσον
775 5768 964 5823 αὐτοῦ.
1008 5788 1025 5819 ι
1066 5770 1172 5824 Καὶ
1205 5770 1231 5823 6
1261 5770 1485 5837 Νύσσης
1516 5770 1818 5840 Γρηγόριος
1852 5770 1908 5821 ἐν

324 5857 405 5927 τῷ
441 5859 575 5928 πρῧς
620 5861 901 5914 ’Λϐλάϐιον
931 5863 1075 5932 λόγῳ
1109 5884 1135 5932 ι,
1156 5866 1327 5929 ima,
1359 5883 1377 5914 ι
1426 5864 1499 5916 T6
1532 5864 1630 5932 μὲν
1657 5866 1762 5933 γάρ
1792 5866 1905 5915 isti

328 5955 613 6023 πίρτοσῖλῖῖις
644 5957 707 6009 ἐκ
742 5957 829 6009 tu")
872 5958 1101 6025 τετιίῗιιου,
1158 5978 1171 6009 5
1214 5958 1317 6012 Καὶ
1353 5959 1589 6028 οὐδαμοῦ
1630 5958 1907 6027 priurum:

2014 3363 2165 3428 lium,
2220 3369 2311 3426 et,
2367 3376 2433 3415 an
2479 3360 2683 3431 aliquid
2728 3361 2975 3415 conferat
3038 3360 3212 3418 Filius
3267 3362 3320 3415 in
3386 3363 3601 3417 ξεινίην·

2010 3468 2137 3506 nam
2181 3451 2417 3519 Spiritus
2457 3452 2631 3507 sancti
2684 3452 3117 3522 proccssionem,
3152 3453 3236 3507 vel
3280 3467 3346 3506 an
3387 3468 3450 3508 ex
3484 3452 3602 3506 soln
3640 3462 3645 3467 ‘

2016 3545 2171 3600 Patre
2198 3553 2300 3609 est,
2339 3546 2502 3601 veluti
2543 3556 2595 3601 et
2626 3544 2796 3601 Filius
2821 3562 2885 3600 ex
2923 3548 3040 3603 solo
3070 3547 3229 3601 Patre
3260 3554 3381 3611 est,
3443 3556 3492 3599 et
3530 3563 3596 3600 an

2014 3638 2212 3707 accipit
2268 3636 2438 3695 Filius
2496 3654 2524 3693 a
2573 3639 2827 3708 Spiritu,
2881 3639 3337 3709 quemadmodum
3399 3638 3602 3708 arripit

2014 3730 2248 3801 Spiritus
2276 3746 2304 3786 a
2330 3730 2510 3792 Filio;
2568 3740 2622 3785 at
2650 3733 2752 3786 ista
2785 3731 3006 3802 quidem
3041 3732 3094 3786 in
3117 3731 3416 3799 Scripturis
3453 3729 3599 3784 nulla

2014 3832 2172 3880 sunt:
2204 3833 2583 3880 verumtamen
2618 3826 2884 3895 Spiritum
2932 3833 3188 3881 sanctum
3230 3826 3498 3892 accipere,
3545 3835 3601 3877 et

2014 3916 2161 3986 quod
2197 3918 2288 3982 sit,
2319 3918 2519 3972 habere
2579 3932 2643 3972 ex
2683 3917 2841 3977 Filio,
2881 3919 3085 3986 passim
3126 3916 3404 3970 invenere.
3436 3916 3598 3989 Nam-

2014 4025 2120 4079 que
2172 4009 2514 4066 Athanasius
2560 4010 2810 4063 veritatis
2856 4008 3298 4075 fundamentum,
3348 4010 3601 4075 oratione

2015 4101 2173 4154 tertia
2210 4100 2477 4155 adversus
2503 4099 2738 4169 Arianos
2770 4100 2903 4153 dicit
2933 4117 2946 4152 :
2986 4120 3003 4151 ι
3049 4100 3403 4171 Qumeunque
3440 4099 3600 4161 habet

2017 4192 2277 4262 Spiritus,
2311 4208 2382 4247 ex
2418 4192 2557 4248 Filio
2588 4191 2767 4247 liabet.
2807 4212 2824 4244 ι
2871 4192 2973 4248 Sed
3009 4194 3155 4264 quis,
3183 4193 3479 4269 dummodo
3510 4208 3597 4247 sa-

2014 4287 2114 4355 pit,
2142 4287 2371 4353 diceret,
2412 4282 2678 4359 Spiritum
2715 4293 2971 4342 sanctum
3006 4302 3113 4341 non
3145 4268 3266 4342 esse
3294 4268 3523 4355 prorsus
3543 4295 3597 4355 et

2015 4391 2111 4441 per
2136 4375 2318 4428 omnia
2361 4373 2708 4444 simplicem;
2745 4383 2799 4429 at
2831 4392 2895 4431 ex
2950 4376 3298 4447 simplicibus
3332 4374 3597 4447 quidquid

1966 4459 1977 4465 ’
2015 4468 2231 4536 arripit,
2268 4468 2411 4537 quod
2450 4469 2504 4523 in
2547 4469 2873 4540 compositis
2902 4469 3062 4524 aliter
3098 4470 3204 4533 sit,
3244 4479 3415 4524 totum
3448 4467 3597 4523 acci-

2014 4575 2142 4629 pere
2195 4558 2438 4615 dicitur?
2489 4561 2627 4617 Aule
2661 4561 2825 4617 etiam
2871 4562 2921 4615 in
2964 4562 3066 4618 ltac
3114 4562 3300 4617 eadem
3348 4561 3598 4617 oratione

1944 4652 1983 4704 D
2010 4653 2201 4706 scribit
2236 4671 2249 4707 :
2298 4673 2315 4704 ι
2361 4654 2547 4724 Neque
2579 4655 2723 4708 enim
2770 4655 2941 4709 Filius
2990 4657 3263 4726 particeps
3303 4664 3386 4708 est
3418 4653 3598 4723 Spiri—

2014 4756 2122 4811 tus,
2155 4754 2213 4800 ut
2242 4763 2335 4815 per
2384 4748 2533 4802 illutn
2584 4748 2636 4801 in
2680 4746 2984 4825 Patre-ﬁat,
3020 4762 3197 4824 neque
3228 4748 3427 4815 accipit
3472 4746 3597 4814 Spi-

2011 4840 2200 4903 ritum,
2230 4839 2325 4893 sed
2365 4840 2547 4911 potius
2581 4840 2820 4910 Spiritus
2850 4855 2878 4892 a
2914 4839 3091 4893 Verbo
3116 4839 3339 4908 accipit.
3385 4857 3403 4911 ι
3448 4837 3595 4892 ldeo~~

2012 4947 2116 5002 que
2151 4947 2177 4984 a
2209 4932 2528 4997 doctoribus
2551 4932 2866 4986 immediate
2892 4931 3097 4989 dicitur
3116 4932 3289 4988 Filius
3312 4950 3375 4989 ex
3413 4924 3593 4995 Patre,

2015 5034 2073 5079 ut
2121 5028 2292 5079 tradit
2332 5025 2571 5095 Cyrillus
2621 5025 2673 5080 in
2725 5026 3048 5085 Tltesauris:
3084 5047 3101 5078 ι
3146 5028 3381 5084 Uenerat
3435 5030 3599 5084 Pater
3664 5074 3674 5083 .

2012 5117 2209 5181 Filium
2258 5118 2466 5187 absque
2524 5119 2638 5173 ullo
2682 5118 2883 5174 medio.
2936 5141 2953 5171 ι
3003 5114 3323 5197 [turmisque
3364 5122 3503 5175 idem
3540 5123 3589 5173 in

2014 5211 2370 5281 Expositione
2400 5210 2528 5271 dicti
2566 5229 2577 5265 :
2608 5211 2802 5283 Omnia
2826 5230 2917 5283 per
2949 5196 3118 5285 ipsum
3151 5217 3297 5286 [uela
3328 5224 3471 5276 sunt,
3495 5216 3589 5272 ait.

2018 5325 2036 5357 ι
2071 5306 2245 5359 Simul
2270 5322 2392 5365 esse
2422 5323 2543 5361 cum
2592 5306 2730 5379 Filio
2765 5307 2978 5364 Patrem
3046 5309 3400 5379 intelligimus
3467 5323 3595 5378 pro-

2012 5409 2135 5469 pter
2180 5400 2476 5475 essentiaqt
2524 5415 2618 5468 per
2658 5401 2838 5455 omnia
2878 5402 3132 5460 similem,
3165 5400 3419 5467 illiusque
3445 5414 3596 5453 sum-

2014 5507 2159 5546 mum
2222 5493 2554 5557 continens,
2596 5502 2758 5562 atque
2802 5492 3199 5547 itnmediatum.
3254 5509 3271 5541 ι
3320 5491 3595 5562 Nysscnns

2014 5587 2139 5640 item
2165 5586 2481 5657 Gregorius,
2512 5588 2761 5640 oratione
2784 5586 2851 5639 ab
2880 5584 3166 5639 Ablabium
3193 5584 3405 5648 scribit,
3432 5604 3448 5636 ι
3480 5584 3595 5641 lloc

2012 5679 2156 5734 cnim
2190 5688 2273 5733 est
2301 5680 2651 5734 continenter
2688 5696 2751 5732 ex
2792 5678 2987 5747 primo.
3024 5698 3042 5730 ›
3083 5676 3353 5748 Nullaque
3389 5680 3440 5731 in
3474 5680 3593 5733 loco

2013 5773 2187 5826 sancti
2217 5770 2404 5825 Patres
2444 5772 2512 5825 ab
2552 5772 2668 5839 ipsa
2692 5772 2982 5826 Servatore
3027 5784 3216 5825 nostro
3251 5774 3315 5825 ad
3346 5782 3591 5828 Sanctam

2013 5865 2407 5919 wrnuteniram
2477 5865 2765 5931 svptimam
2796 5864 3092 5934 synodum
3152 5880 3216 5917 cx
3261 5863 3378 5919 solo
3429 5863 3592 5917 Patre

2016 5958 2278 6026 Spititum
2341 5966 2590 6013 sanctum
2660 5968 3055 6025 cumularunt,
3134 5956 3592 6027 quemadmodum
