3998 6464
369 436 474 499 2.7

1478 440 1578 499 AD
1633 439 1998 503 IMPERAT.
2051 441 2540 508 TRAPEZUNT.

3547 454 3651 517 218

375 561 745 632 συνηγμένοι
769 562 838 614 ἐν
865 561 942 627 τῷ
971 563 1212 631 ὀνόματι
1242 563 1431 618 αὐτοῦ
1454 565 1652 630 μέσον
1675 556 1858 622 εἶναι,
1886 562 1953 614 τὰ

2067 561 2189 618 ﬁdei
2221 562 2589 633 dogmatibus.
2620 564 2902 622 Christum
2949 568 3005 623 in
3066 568 3376 640 semetipsis
3414 568 3653 639 loquen-

378 657 506 727 παρ’
536 657 766 709 ἐκείνων
809 658 1075 725 εἰρημένα
1124 656 1376 710 τοσοῦτον
1424 658 1539 727 ἕχει
1588 659 1649 710 τὸ
1700 658 1950 728 ἰσχυρὸν,

377 749 517 803 ὥστε
552 748 757 818 μηδένα
790 750 925 819 πρὸς
954 749 1126 802 ταῦτα
1156 749 1521 804 ἀντιϐλέπειν.
1563 750 1725 803 Ἀλλὰ
1755 752 1813 803 τὸ
1845 750 1953 803 κὼ-

376 840 527 909 λυμα
575 840 680 910 τῆς
727 841 925 909 ἑτέρας
976 840 1215 904 πίστεως
1264 841 1375 894 ἀπο
1422 841 1530 893 τῶν
1579 841 1955 910 πανευφήμιυν

375 934 695 987 ἀποστόλων
739 935 910 988 ἐστίν.
948 935 1103 987 Ἐπεὶ
1148 933 1331 998 καθώς
1376 953 1508 1004 φησι
1558 935 1791 998 Παῦλος,
1838 934 1956 989 Μία

375 1025 603 1092 πίστις,
636 1022 723 1092 εἷς
757 1026 998 1094 Κύριος.
1037 1026 1192 1079 Ἐπεὶ
1225 1023 1318 1081 οὖν
1354 1028 1452 1097 μία
1487 1030 1687 1092 πίστις,
1723 1030 1757 1097 ἡ
1792 1027 1956 1097 ἑτέρα

377 1122 596 1183 πάντως
630 1121 872 1183 ἐναντία.
910 1112 1117 1192 Εἴγὰρ
1152 1122 1317 1193 ἑτέρα
1339 1162 1354 1185 ,
1388 1122 1447 1175 οὐ
1490 1120 1611 1192 μία.
1634 1119 1744 1173 Ἦν
1779 1122 1887 1191 γὰρ
1919 1121 1952 1191 ἡ

376 1216 536 1281 αὑτὴ,
566 1216 660 1267 καὶ
688 1215 808 1285 οὐχὶ
838 1215 1020 1283 ἑτέρα.
1051 1215 1112 1267 El
1139 1214 1195 1268 δὲ
1224 1216 1407 1285 ἑτέρα,
1436 1216 1532 1286 οἰχ
1558 1218 1589 1283 ἡ
1621 1216 1783 1285 αὐτή.
1812 1214 1959 1269 Παῦ-

375 1308 462 1371 λος
494 1310 550 1362 δὲ
583 1311 610 1362 ὁ
646 1309 817 1376 μέγας
845 1309 1145 1371 ἀπόστολος
1176 1309 1459 1378 κηρύττει,
1493 1308 1565 1362 ΕΖ
1596 1326 1683 1373 τις
1713 1310 1957 1378 εὐαγγε-

372 1401 594 1462 λίζεται
630 1401 786 1457 ἄλλο
818 1403 956 1470 παρ’
981 1400 1013 1455 ὃ
1048 1401 1440 1471 παρελάϐετε,
1473 1400 1742 1470 ἀνάθεμα
1776 1400 1952 1456 ἔστω.

379 1495 484 1548 Καὶ
512 1494 793 1558 Διονύσιος
815 1494 872 1548 δὲ
900 1496 927 1547 ὁ
954 1495 1146 1547 τούτου
1180 1494 1443 1563 φοιτητὴς
1470 1478 1833 1562 ἀποφαίνεται
1861 1512 1957 1547 κα-

375 1588 529 1643 θόλου
562 1590 772 1659 λέγων,
812 1607 831 1643 ι
869 1590 945 1643 Οὐ
976 1588 1276 1659 τολμητέον
1306 1588 1484 1642 εἰπεῖν
1516 1591 1666 1659 παρὰ
1700 1588 1767 1640 τὰ
1801 1588 1958 1641 θειω-

371 1686 477 1749 δὼς
509 1687 640 1756 ἡμῖν
670 1688 801 1755 περὶ
825 1686 938 1739 τῶν
970 1685 1132 1740 θείων
1158 1684 1356 1751 λογίων
1385 1684 1804 1755 δκπεφασμένα,
1834 1684 1956 1737 οὐτε

373 1780 581 1845 εἰπεῖν,
609 1777 734 1832 οὔτε
765 1780 1047 1848 ἐννοῆσαι.
1085 1798 1103 1832 ι
1146 1780 1307 1833 Ἀλλὰ
1337 1781 1509 1833 πᾶσαι
1540 1780 1593 1832 αί
1627 1779 1834 1833 σύνοδοι
1866 1778 1959 1830 καὶ

375 1873 532 1941 ἅγιαι
567 1874 673 1935 κοιλ.¹
701 1873 846 1941 ἱεραὶ
879 1873 1206 1944 ἐξήπλαυσαν
1242 1874 1332 1926 καὶ
1371 1873 1743 1942 διεσάφησαν,
1782 1872 1877 1925 καὶ
1910 1871 1958 1924 οἱ

378 1968 520 2039 ἱεροὶ
568 1963 838 2039 ιῘατέρες,
881 1968 981 2021 καὶ
1026 1967 1263 2037 οὐδαμοῦ
1307 1968 1493 2034 ἔδοξαν
1537 1969 1732 2037 ἑτέραν
1773 1968 1956 2019 πίστιν

378 2061 604 2130 ποιῆσαι
642 2061 733 2113 διὰ
767 2061 863 2130 τῆς
898 2060 1283 2130 διασαφήσεως
1324 2060 1416 2114 καὶ
1454 2060 1815 2125 ὲξαπλώσεως
1845 2060 1956 2114 τῶν

380 2155 544 2223 ἱερῶν
572 2152 796 2221 λογίων.
833 2153 978 2207 Ἀλλ’
1006 2152 1177 2222 ἴωμεν
1201 2154 1291 2206 ἐπὶ
1317 2154 1416 2223 τὴν
1440 2154 1715 2219 ἀπόδειξιν
1742 2156 1958 2208 ἀποδει-

380 2246 632 2311 κνύντες,
671 2245 748 2309 ὠς
782 2246 842 2298 οὐ
880 2245 1062 2310 καλῶς
1100 2245 1370 2313 λεγόντων
1405 2248 1514 2301 τῶν
1555 2251 1956 2316 καινοφωνούν-

374 2355 503 2403 των,
532 2338 614 2390 ὅτι
639 2339 767 2401 τοὺς
790 2340 951 2408 ὅρους
976 2339 1329 2409 παρείδομεν,
1358 2339 1626 2408 λεγόντων
1654 2341 1777 2395 καθ’
1800 2342 1955 2413 ήμῶν

373 2433 589 2494 ἐκεῖνα,
628 2430 777 2500 ἅπερ
811 2432 871 2484 οὐ
911 2432 1072 2501 θέμις
1106 2431 1314 2501 λέγειν.
1352 2435 1461 2487 Καὶ
1500 2435 1608 2503 γὰρ
1646 2434 1706 2488 τὸ
1741 2421 1955 2504 (inomi-

370 2539 529 2588 σιον,
556 2523 651 2576 καὶ
675 2526 734 2575 τὸ
765 2524 905 2590 Θεὸς
933 2524 998 2577 τὸ
1028 2526 1272 2595 Πνεῦμα
1297 2527 1361 2580 τὸ
1391 2528 1583 2596 ἅγιον,
1610 2529 1706 2582 καὶ
1730 2530 1791 2582 τὸ
1822 2532 1954 2584 Θεο-

369 2614 579 2681 τόκος,
622 2615 720 2669 καὶ
759 2615 873 2683 τὴν
913 2616 1044 2671 καθ’
1071 2619 1426 2674 ὑπόστασιν
1462 2620 1686 2675 ἕνωσιν
1725 2623 1775 2675 οξ
1820 2623 1955 2677 θεῖοι

370 2705 664 2758 ἀπόστολοι
695 2707 796 2758 οὐκ
822 2704 1000 2773 εἷπον,
1036 2708 1152 2760 ἀλλ’
1178 2710 1287 2762 οὐδ’
1311 2713 1414 2765 ὅσα
1441 2714 1490 2765 οἱ
1523 2713 1667 2780 ἆγιοι
1696 2713 1953 2783 διεσάφη-

374 2812 474 2850 σαν
502 2812 516 2825 '
551 2796 665 2850 ἀλλ’
690 2798 749 2851 οὐ
777 2799 1065 2867 τολμηταὶ,
1094 2800 1204 2853 οὐδ’
1229 2801 1335 2853 ὑπὸ
1361 2802 1424 2853 τὸ
1452 2804 1701 2870 ἀνάθεμα
1732 2805 1956 2874 ἐκρίθη-

373 2906 496 2943 σαν.
524 2890 640 2943 Καὶ
662 2888 821 2942 τοῦτο
851 2889 995 2958 μάλα
1022 2891 1201 2952 καλῶς
1228 2892 1525 2961 παρίστησι
1552 2895 1648 2946 καὶ
1676 2895 1708 2963 η
1737 2893 1957 2958 σύνοδος

373 2983 405 3051 ή
443 2982 588 3036 κατὰ
628 2981 939 3035 ’Δκινδύνου
977 2984 1349 3052 συναχθεῖσα,
1387 2985 1767 3056 ἐγκαλουμένη
1806 2990 1956 3057 παρᾶ

371 3077 481 3130 τῶν
515 3077 919 3140 στασιαζόντων
939 3118 954 3141 ,
986 3078 1169 3139 καθὼς
1199 3079 1518 3149 περιέχεται
1552 3082 1611 3133 ἐν
1642 3078 1722 3151 τῷ
1757 3082 1954 3153 Τόμῳ,

374 3170 433 3224 οὗ
478 3171 512 3241 ἡ
556 3170 737 3253 ἀρχήο
788 3188 807 3222 ι
856 3165 998 3225 Οὐτε
1042 3170 1184 3222 κατὰ
1225 3169 1323 3239 τὴν
1363 3172 1461 3239 τῆς
1494 3171 1819 3243 Ἐκκλησίας
1857 3175 1952 3228 τοῦ

2065 668 2174 710 tem
2216 657 2526 723 habentes.
2585 668 2647 714 ut
2728 660 2845 730 ipse
2883 662 3061 716 dicit:
3121 661 3219 716 Ubi
3266 672 3388 716 sunt
3436 680 3651 734 rongre-

2059 751 2259 819 gatiiu
2314 751 2523 806 nomine
2583 768 2739 817 meo,
2804 753 2858 805 in
2919 755 3089 808 medio
3176 771 3356 809 eorum
3416 750 3549 810 sum
3606 759 3646 819 ί,

2056 858 2176 896 eain
2238 844 2473 898 decretis
2536 844 2653 898 suis
2708 845 3026 900 tirmitate'n
3106 846 3398 909 tribuunt,
3436 854 3495 899 ut
3544 863 3644 901 ne-

2061 936 2190 989 mini
2233 934 2313 991 fas
2348 940 2420 990 sit
2449 952 2515 990 ex
2557 936 2790 993 adverso
2860 938 2915 992 in
2982 954 3046 993 ea
3100 940 3374 1009 aspicere.
3446 940 3648 993 Prohi-

2060 1031 2196 1086 bitio
2221 1031 2446 1086 alterius
2473 1031 2595 1086 tidei
2618 1046 2648 1085 a
2665 1030 3081 1101 gloriosissimis
3107 1031 3238 1100 ipsis
3257 1031 3517 1101 apostolis
3542 1038 3649 1097 est,

2062 1122 2507 1193 quandoquidem
2565 1123 2770 1179 Paulus
2822 1124 3015 1179 scribit
3061 1142 3076 1179 :
3126 1122 3245 1178 Una
3308 1124 3463 1193 ﬁdes,
3512 1141 3646 1178 unus

2068 1216 2326 1273 Dominus
2384 1217 2427 1271 ’.
2473 1216 2610 1271 Cum
2700 1203 2877 1288 igitur
2930 1233 3039 1271 una
3124 1218 3259 1273 ildes
3322 1229 3451 1283 est,
3522 1233 3651 1272 mo—

2057 1308 2143 1363 dis
2200 1310 2462 1364 o-nnibns
2516 1309 2622 1364 alia
2682 1310 2958 1364 contraria
3016 1311 3095 1365 illi
3162 1310 3327 1366 fuerit
3363 1329 3378 1367 :
3419 1326 3543 1365 nam
3599 1312 3644 1365 si

2061 1401 2165 1456 alia
2195 1410 2301 1468 est,
2330 1416 2438 1456 non
2469 1406 2657 1472 utique
2680 1418 2788 1458 una
2821 1411 2923 1460 est.
2963 1404 3124 1460 Esset
3153 1406 3303 1459 enim
3330 1406 3519 1460 eadem
3549 1444 3564 1467 ,
3592 1411 3646 1458 et

2061 1509 2171 1549 non
2195 1495 2297 1548 alia
2328 1512 2344 1562 ;
2394 1496 2539 1566 quod
2568 1497 2613 1551 si
2642 1495 2748 1551 alia
2796 1509 2903 1563 est,
2938 1511 3044 1551 non
3077 1497 3266 1551 eadem
3299 1507 3403 1551 est.
3439 1496 3648 1551 Paulus

2062 1588 2188 1645 item
2250 1605 2481 1658 magnus
2548 1592 2832 1658 apostolus
2860 1592 3076 1647 intonat
3104 1608 3120 1646 :
3148 1590 3206 1646 Si
3235 1594 3353 1661 quis
3385 1592 3649 1660 evangeli-

2062 1692 2141 1738 τοι
2205 1684 2351 1738 aliud
2409 1696 2601 1754 prwter
2668 1688 2722 1742 id
2780 1686 2924 1758 quod
2983 1685 3289 1756 accepistis,
3356 1685 3645 1740 anathema

2062 1778 2128 1831 sit
2164 1778 2207 1833 ³.
2240 1777 2304 1831 Ει
2331 1777 2621 1849 Dionysius
2680 1780 2828 1835 illius
2870 1780 3178 1849 discipulus
3215 1778 3483 1840 decernit,
3531 1796 3549 1830 ι
3586 1778 3644 1833 lu

1993 1912 2033 1967 Β
2065 1871 2380 1928 universum
2412 1887 2522 1926 non
2572 1887 2696 1928 esse
2745 1873 2907 1929 nobis
2952 1872 3268 1927 audendum
3322 1879 3520 1940 praeter
3552 1884 3645 1932 ea.

2062 1979 2184 2034 quae
2237 1964 2500 2020 divinitus
2552 1964 2619 2019 de
2652 1964 2854 2019 divinis
2900 1965 3134 2035 eloquiis
3196 1964 3437 2019 revelata
3478 1970 3641 2026 sunt;

2059 2056 2270 2126 aliquid
2304 2059 2386 2113 vel
2435 2056 2680 2114 dictione
2736 2058 3017 2129 prosequi.
3081 2058 3168 2112 vel
3223 2065 3407 2112 mente
3457 2054 3647 2111 conci-

2059 2165 2210 2221 pere.
2252 2170 2271 2203 ι
2327 2152 2432 2207 Sed
2460 2153 2732 2207 universae
2784 2152 2980 2223 synodi
3024 2160 3419 2216 sacrosanctre,
3462 2159 3517 2205 et
3548 2148 3648 2203 Pa-

2061 2253 2174 2299 tres
2207 2259 2294 2301 res
2333 2243 2549 2300 divinas
2600 2244 2995 2308 extenderunt,
3032 2252 3089 2297 et
3150 2242 3534 2307 declararunt,
3588 2248 3645 2297 et

2060 2345 2240 2392 tamen
2274 2338 2423 2393 nullo
2455 2338 2507 2392 in
2542 2338 2663 2393 loco
2695 2338 2933 2405 reputati
2984 2346 3136 2401 sunt,
3171 2345 3392 2405 propter
3421 2344 3645 2389 sancto-

2059 2448 2179 2486 rum
2232 2432 2979 2501 eloquiorumextensionem
3039 2439 3094 2485 et
3159 2428 3642 2495 declarationem,

2059 2526 2221 2578 aliam
2274 2523 2437 2580 iidem
2492 2525 2895 2594 composuisse.
2954 2522 3320 2594 PrOperemus
3354 2521 3419 2576 ad
3461 2521 3639 2591 ipsam

2058 2617 2605 2683 demonstrationem,
2626 2632 2732 2687 qua
2760 2618 2934 2686 palam
2956 2616 3214 2671 omnibus
3233 2616 3346 2678 ﬁet,
3374 2629 3475 2669 non
3496 2622 3642 2669 recte

2059 2710 2235 2779 loqui,
2271 2712 2364 2781 qui
2417 2711 2656 2768 inaniter
2702 2709 3081 2765 vocuferautur
3107 2750 3123 2776 ,
3166 2716 3505 2772 asserentes,
3540 2722 3641 2761 nos

2059 2805 2280 2858 decreta
2312 2804 2535 2858 Patrum
2563 2803 2983 2872 contempsisse,
3021 2802 3510 2871 obloquuntnrque
3542 2800 3640 2853 ad-

2060 2910 2254 2952 versus
2287 2912 2408 2960 nos,
2447 2912 2569 2966 quae
2600 2896 2756 2950 nefas
2788 2907 2871 2950 est
2894 2895 3099 2950 dicere.
3140 2895 3356 2949 Etenim
3399 2882 3663 2947 Homere?

2060 2991 2196 3055 sion,
2224 3000 2274 3043 et
2310 2989 2477 3043 Deum
2535 2988 2797 3059 Spiritum
2854 2999 3122 3050 sanctum,
3151 2998 3198 3041 et
3261 2988 3564 3053 Deiparam,
3590 3001 3641 3039 et

2060 3083 2347 3138 sectmdum
2382 3082 2703 3152 hypostasim
2736 3081 3009 3145 unionem,
3061 3094 3240 3148 neque
3299 3079 3465 3133 divini
3496 3080 3644 3147 Apo-

2061 3175 2618 3238 stolienuntiarunt,
2680 3188 2855 3243 neque
2911 3172 3105 3227 Patres
3161 3170 3495 3227 sanetissimi
3549 3186 3645 3241 pr

374 3265 554 3319 κοινοῦ
582 3263 844 3332 πολεμίου
871 3265 1083 3331 ἀγνοεῖν
1105 3263 1315 3316 οὐδένα.
1351 3281 1369 3314 ι
1398 3264 1555 3317 Μετὰ
1582 3264 1753 3318 πολλά
1779 3283 1914 3336 φησι
1937 3285 1950 3299 ·

2059 3269 2244 3324 omnia
2303 3268 2681 3334 declararunt,
2743 3266 2838 3322 sed
2895 3280 3003 3320 non
3052 3275 3343 3336 propterea
3403 3264 3641 3319 audaces

382 3379 401 3412 ι
430 3360 584 3422 Τίνος
609 3359 799 3413 ἕνεκεν
826 3357 1091 3429 βασιλέως
1118 3358 1375 3421 εὐσεϐοῦς
1399 3358 1599 3422 ζῶντος
1626 3362 1756 3429 παρ’
1775 3362 1955 3414 αὐτῶν

373 3452 596 3507 τοιαῦτα
624 3452 767 3505 κατὰ
800 3450 898 3521 τῆς
933 3450 1223 3513 εὐσεϐείας
1257 3451 1527 3520 τολμᾶται
1555 3470 1569 3515 ;
1606 3452 1670 3504 Ol
1704 3451 1759 3505 δὲ
1796 3454 1953 3523 ῄτιά-

376 3562 537 3599 σαντο
572 3544 895 3617 προσθήκην
930 3543 1054 3597 τινὰ
1088 3544 1146 3596 ὲν
1176 3546 1241 3614 τῇ
1278 3543 1550 3616 ὁμολογίᾳ
1568 3544 1676 3596 τῶν
1708 3562 1954 3615 χειροτο-

374 3640 654 3709 νουμένων
677 3636 983 3707 ἀρχιερέων
1008 3637 1386 3707 γεγενημένην
1412 3652 1426 3666 ο
1462 3654 1482 3687 ι
1510 3622 1607 3689 καὶ
1635 3636 1773 3705 μετά
1797 3654 1919 3689 τινα
1939 3653 1953 3667 ’

381 3753 399 3785 ι
442 3733 563 3785 Ἐπὶ
591 3732 803 3793 τούτοις
835 3732 867 3801 ἡ
899 3729 1018 3783 θεία
1052 3730 1293 3793 σύνοδος,
1327 3730 1465 3799 πρὸς
1496 3729 1563 3799 ἦν
1594 3730 1730 3798 φατὲ
1760 3729 1952 3797 δυσχε-

378 3825 580 3894 ραίνειν
600 3860 616 3884 ,
650 3822 785 3889 φησι
808 3862 823 3887 ,
864 3820 1222 3889 προσθήκην,
1255 3820 1378 3890 ἥτις
1407 3819 1529 3872 οὐδὲ
1564 3819 1854 3889 προσθήκη
1885 3818 1951 3872 ἂν

374 3916 599 3979 δικαίως
630 3914 910 3977 καλεῖται,
941 3912 1015 3975 ὡς
1045 3911 1344 3977 ἀνάπτυξις
1374 3907 1511 3964 οὖσα.
1534 3910 1637 3981 τῆς
1670 3910 1829 3978 ἁγίας
1857 3910 1951 3963 καί

372 4009 762 4080 οἰκουμενικῆς
795 4007 960 4077 ἕκτης
996 4007 1237 4060 συνόδου.
1281 4024 1300 4058 ι
1342 4006 1501 4060 Οὕτω
1537 4006 1723 4075 σαφῶς
1759 4007 1951 4073 φαίνε-

371 4122 464 4158 ται
500 4104 594 4157 καὶ
628 4102 778 4171 παρὰ
813 4101 1021 4155 τούτων
1055 4100 1165 4153 τῶν
1197 4098 1460 4169 Πατέρων
1481 4140 1496 4164 ,
1531 4100 1615 4151 ὅτι
1650 4098 1952 4162 ἀνάπτυξις

372 4194 430 4247 οὐ
465 4192 764 4256 κωλύεται,
822 4191 944 4243 οὐδὲ
978 4191 1272 4259 σαφήνεια,
1304 4191 1380 4253 ὡς
1408 4191 1702 4258 νοουμένου
1733 4191 1826 4242 καὶ
1855 4189 1948 4242 τού

377 4288 449 4359 μὴ
490 4284 809 4355 εἰρημένου.
850 4285 972 4347 Πῶς
1014 4280 1106 4337 οὖν
1147 4284 1204 4336 ἐν
1244 4283 1437 4344 αἰτίοις
1483 4282 1784 4349 ποιήσομεν
1824 4282 1951 4344 τοὺς

374 4378 543 4430 ταυτὰ
571 4375 783 4437 τούτοις
813 4375 1070 4443 λέγοντας
1093 4416 1109 4441 ,
1141 4374 1215 4437 ὡς
1250 4374 1549 4444 σαφήνειαν
1582 4373 1678 4425 καὶ
1710 4374 1955 4428 ἀνάπτυ-

321 4522 331 4530 .
376 4471 456 4534 ξιν
488 4470 850 4539 πεποιηκέναι
872 4485 885 4533 ;

2062 3362 2257 3427 fuisse,
2286 3361 2650 3417 etanathema
2682 3359 2989 3416 incurrisse
3013 3376 3109 3416 eos
3144 3359 3237 3430 qui
3262 3358 3640 3422 declararunt,

2062 3455 2434 3511 existimatum
2464 3462 2547 3509 est
2585 3470 2599 3507 :
2634 3453 2779 3523 quod
2812 3452 3098 3522 aptissime
3124 3451 3416 3506 continuat
3450 3448 3649 3504 adver-

2063 3564 2159 3604 sus
2186 3545 2531 3617 Acindyuum
2556 3555 2745 3600 coacta
2772 3547 3036 3616 synodus,
3089 3544 3158 3599 ab
3184 3542 3272 3610 iis,
3302 3542 3393 3612 qui
3420 3541 3645 3596 seditio-

2062 3642 2228 3696 nibus
2251 3655 2470 3710 operam
2499 3640 2725 3702 dabant.
2748 3641 2800 3693 in
2836 3640 3043 3695 crimen
3071 3644 3290 3703 vocata,
3325 3643 3383 3690 ut
3407 3636 3640 3689 habetur

2065 3733 2119 3786 in
2157 3741 2328 3799 tomo,
2362 3731 2523 3801 cujus
2549 3730 2879 3799 principium
2913 3747 2927 3785 :
2971 3748 2989 3780 ι
3021 3729 3202 3798 Neque
3224 3726 3493 3781 adversus
3531 3723 3639 3778 Ec-

2060 3826 2280 3882 clesiam
2309 3824 2620 3880 communis
2668 3822 2969 3879 adversarii
2997 3824 3252 3891 ignorare
3280 3821 3579 3874 nemiuem.
3616 3833 3636 3867 ι

2064 3918 2245 3989 Multis
2281 3918 2582 3989 interiectis
2630 3917 2852 3971 demum
2903 3915 3136 3970 subdit:
3168 3933 3185 3965 ι
3215 3913 3329 3978 Qua
3365 3912 3434 3966 de
3472 3925 3641 3965 causa

2059 3987 2154 4080 pio
2210 3987 2546 4079 imperatore
2591 4008 2773 4063 adhuc
2833 4007 3136 4076 superstite
3188 4005 3390 4060 similia
3449 4014 3640 4058 contra

2059 4103 2315 4171 pietatem
2365 4100 2613 4155 audent?
2670 4099 2729 4153 lii
2765 4114 2894 4153 vero
2930 4098 3203 4152 criminati
3236 4107 3365 4152 sunt
3412 4096 3645 4151 additio-

2061 4210 2183 4249 nem
2225 4193 2517 4262 quamdam
2570 4192 2769 4247 factam
2809 4208 2932 4247 esse
2968 4194 3021 4246 in
3057 4190 3415 4247 confessione
3448 4205 3636 4245 eorum

2056 4287 2379 4356 praesnlum.
2438 4286 2531 4355 qui
2586 4285 2640 4339 iu
2698 4285 3016 4355 dignitatem
3066 4294 3481 4354 promoventur.
3519 4300 3537 4335 ι
3578 4282 3644 4336 Ει
3724 4292 3731 4305 ’

2062 4386 2189 4449 post
2238 4392 2410 4447 pauca
2446 4392 2464 4431 :
2498 4396 2515 4429 ι
2575 4376 2651 4431 De
2680 4378 2764 4432 his
2804 4387 2991 4431 sancta
3047 4375 3321 4447 synodus,
3373 4376 3640 4430 adversus

1990 4447 2033 4503 Ῑ)
2063 4486 2225 4539 quam
2252 4470 2555 4540 iniquiores
2574 4470 2731 4537 estis,
2792 4470 3152 4536 additiooem,
3187 4469 3343 4533 dicit,
3377 4483 3500 4538 quae
3542 4481 3643 4521 nec

373 4567 566 4622 merito
595 4565 804 4623 additio
836 4564 1016 4619 vocari
1066 4563 1249 4627 debet,
1284 4571 1547 4634 tanquam
1595 4580 1720 4636 quae
1751 4564 2059 4621 declaratio
2088 4567 2159 4623 sit
2217 4575 2422 4623 sanctae
2486 4576 2539 4623 et
2571 4568 2926 4623 recumenicze
2969 4574 3137 4623 sextae
3202 4564 3418 4634 synodi.
3454 4580 3472 4612 ι
3547 4560 3641 4615 Sic

374 4661 663 4717 manifesto
733 4669 961 4732 apparet
1015 4660 1158 4728 apud
1224 4660 1324 4716 hos
1372 4675 1592 4730 quoque
1642 4659 1835 4715 Patres
1887 4676 1995 4715 non
2074 4660 2356 4730 prohiberi
2422 4659 2865 4729 expositionem,

2939 4671 3117 4725 neque
3161 4654 3588 4710 declarationem
3618 4690 3635 4715 ,

371 4777 524 4830 mque
580 4777 642 4816 ac
695 4760 741 4817 si
784 4759 1310 4830 subintelligeretur,
1348 4761 1492 4827 quod
1553 4759 1735 4814 verbis
1768 4774 2088 4828 expressum
2128 4774 2236 4813 non
2269 4767 2371 4813 est.
2415 4758 2534 4824 Qua
2591 4756 2757 4827 igitur
2807 4755 3019 4811 ratione
3085 4754 3140 4806 in
3206 4751 3413 4807 crimen
3473 4764 3642 4802 voca-

374 4859 551 4915 bimus
582 4872 698 4922 eos,
734 4856 825 4925 qui
851 4855 1039 4909 eadem
1071 4868 1235 4926 atque
1264 4856 1351 4909 isti
1380 4854 1641 4920 fatentur,
1671 4864 1725 4909 rt
1753 4852 2174 4910 declarationem
2206 4864 2370 4924 atque
2396 4853 2793 4923 expositionem
2828 4848 3154 4918 apposuisse
3183 4860 3290 4901 non
3335 4843 3569 4914 negant?

441 4952 506 5006 θ’.
539 4953 660 5004 Ἔτι
686 4951 744 5003 δὲ
780 4951 964 5018 ἔλεγεν
1004 4952 1031 5002 ὁ
1068 4950 1319 5017 Ἐφέσου,
1350 4949 1427 5012 ὡς
1458 4950 1518 5002 τὸ
1540 4950 1767 5020 κώλυμα
1792 4946 1952 5003 τοῦτο

375 5045 523 5113 παρὰ
557 5044 657 5117 τῆς
699 5043 859 5111 ἁγίας
911 5041 1005 5095 καὶ
1062 5043 1450 5111 οἰκουμενικῆς
1497 5043 1690 5113 τρίτης
1730 5042 1949 5096 συνόδου

372 5138 785 5213 νενομοθέτητυ.
812 5136 950 5205 Φησὶ
974 5134 1107 5203 γὰρ,
1154 5153 1173 5185 ι
1213 5134 1346 5186 Κατ’
1372 5133 1564 5186 οὐδένα
1618 5133 1823 5204 τρόπον
1855 5151 1952 5185 σα-

374 5230 631 5283 λεύεσθαι
660 5229 811 5299 παρά
841 5245 1003 5281 τινων
1043 5227 1351 5296 ἀνεχόμεθα
1375 5228 1474 5298 τὴν
1514 5228 1831 5296 ὁρισθεῖσαν
1862 5228 1952 5279 πί-

375 5338 514 5388 στιν,
544 5322 664 5393 ἦτοι
691 5321 752 5374 τὸ
780 5320 881 5390 τῆς
911 5320 1151 5382 πίστεως
1178 5318 1476 5388 Σύμϐολον,
1530 5320 1591 5373 τὸ
1632 5322 1783 5387 παρὰ
1845 5320 1955 5373 τῶν

376 5416 549 5484 ἁγίων
589 5413 1033 5487 Πατέρωνήίμῶν
1063 5411 1172 5465 τῶν
1224 5414 1280 5464 ἐν
1328 5412 1534 5481 Νικαῗᾳ
1585 5412 1954 5465 συνελθόντων

376 5509 517 5563 κατὰ
543 5507 791 5578 καιροὺς,
820 5505 944 5559 οὐτε
982 5505 1089 5575 μὴν
1114 5504 1483 5573 ἐπιτρέπομεν
1520 5508 1755 5569 ἑαυτοῖς,
1779 5509 1811 5576 ἢ
1842 5508 1956 5560 ὲτέ-

378 5616 512 5669 ροις,
544 5599 576 5669 ἦ
604 5597 752 5663 λέξιν
780 5595 1009 5666 ἀμεῖψαι
1038 5596 1144 5647 τῶν
1172 5596 1513 5665 ἐγκειμένων
1542 5598 1745 5661 ἐκεῖσε,
1767 5600 1800 5668 ἢ
1826 5600 1956 5667 μίαν

376 5692 506 5762 γοῦν
541 5690 858 5761 παραὸῆναι
896 5688 1187 5759 συλλαϐὴν,
1244 5689 1585 5758 μεμνημένοι
1643 5688 1738 5740 τοῦ
1772 5691 1954 5757 λέγον-

375 5803 487 5852 τος,
554 5803 572 5836 ι
612 5783 704 5851 Μὴ
735 5782 962 5851 μέτοιιρε
994 5782 1121 5851 ὅρια
1149 5779 1370 5847 αἰώνια,
1403 5780 1437 5834 ἆ
1477 5782 1665 5835 ἔθεντο
1702 5784 1749 5834 οἱ
1788 5783 1959 5835 Πατέ-

479 5952 697 6009 ¹Μειιῑι
736 5952 980 6020 xvn,20.
1061 5958 1077 5986 ²
1104 5953 1469 6023 [ἰρίιςδιινρν.
1508 5970 1513 5973 λ
1567 5952 1582 5984 ³
1620 5950 1791 6008 Calai.
1820 5964 1857 6014 ι,
1890 5948 1941 6003 3.

2132 4950 2186 5005 9.
2253 4949 2521 5002 Praeterea
2564 4945 2782 5000 dicebat
2844 4942 3136 5012 Ephesius.
3208 4939 3633 5009 prohibitionem

2063 5037 2203 5091 hanc
2234 5052 2263 5089 a
2294 5044 2484 5089 sancta
2501 5042 2555 5089 et
2587 5033 2922 5090 meumeniea
2972 5034 3132 5087 tertia
3166 5031 3373 5103 synodo
3395 5031 3639 5101 pra'scri-

2058 5144 2204 5203 plant
2237 5131 2442 5196 fuisse;
2470 5146 2703 5194 namque
2733 5128 2919 5183 scribit
2949 5146 2961 5182 :
3000 5146 3017 5179 ι
3056 5126 3217 5182 Nullo
3247 5127 3407 5181 modo
3460 5140 3645 5178 move-

2061 5226 2105 5279 ri
2141 5226 2210 5279 ab
2244 5224 2517 5293 aliquibus
2558 5232 2898 5278 sustinemus
2949 5221 3224 5277 decretam
3287 5219 3471 5282 ﬁdem,
3525 5217 3641 5271 sive

2061 5315 2180 5370 lidei
2222 5314 2538 5386 Symbolum
2573 5328 2601 5366 a
2627 5314 2835 5369 sanctis
2890 5312 3148 5367 Patribus
3199 5309 3404 5363 nostris
3442 5305 3639 5363 Nicaea:

2060 5411 2226 5465 certis
2266 5408 2602 5478 temporibus
2625 5406 2973 5478 congregatis
3004 5402 3370 5473 compositum
3414 5418 3429 5456 :
3462 5417 3640 5470 neque

2062 5503 2221 5556 nobis
2252 5502 2408 5571 ipsis,
2446 5501 2528 5554 vel
2564 5500 2688 5555 aliis
2740 5498 3130 5569 permittimus,
3190 5504 3283 5548 aut
3336 5510 3514 5548 rerum
3567 5497 3637 5550 ibi

2058 5594 2354 5666 positarum
2393 5594 2689 5649 dictionem
2716 5592 3027 5653 immutare,
3064 5595 3338 5641 autuuam
3372 5587 3635 5659 syllabam

2059 5686 2429 5758 prmtergredi,
2464 5683 2699 5739 dicentis
2746 5695 3036 5767 inciperes,
3092 5695 3159 5735 ne
3215 5680 3444 5737 sustolle
3505 5681 3639 5736 iiucs

2059 5782 2446 5853 sempiternos,
2478 5794 2615 5850 quos
2652 5792 2884 5848 posuere
2919 5775 3107 5833 Patres
3148 5776 3250 5843 tui,
3280 5788 3332 5835 et
3373 5792 3495 5846 qua:
3548 5789 3635 5831 se-

3956 4678 3983 5859 ἐ
