3998 6464
289 321 393 384 2'29

1409 311 1508 372 AD
1549 306 1909 370 IMPERAT.
1955 305 2433 366 TRAI‘EZUNT.

3445 307 3552 369 2‘30

297 438 737 496 σταντινουπόλει
769 434 984 489 κεῖσθαι
1033 435 1105 497 ὼς
1161 434 1304 504 ὅρον.
1336 432 1395 485 ΕΞ
1428 433 1534 502 γὰρ
1567 434 1658 484 καὶ
1714 431 1869 483 ὓστε-

1991 431 2288 501 ψῃοεὶιιιιιι
2321 439 2488 485 esset.
2527 428 2680 504 Li_cct
2727 432 2870 487 cnim
2911 431 3254 503 postmodum
3284 429 3336 484 in
3369 419 3556 486 co’ba-
3641 495 3646 498 I

300 551 392 605 ρον
433 533 490 582 ὲν
545 527 719 598 τούτῳ
776 526 1154 597 βαπτιζόμεθα
1213 523 1306 576 καὶ
1346 523 1678 594 βαπτίζομεν
1706 563 1720 585 ,
1755 521 1869 576 ἀλλ’

299 625 390 680 οὖν
409 625 468 677 τὸ
497 623 555 676 ἐν
574 621 781 692 Νικαὲᾳ.
799 620 1008 682 πάντας
1035 619 1124 672 διὰ
1147 615 1394 686 γλώττης
1425 614 1592 686 εἶχον,
1626 615 1699 674 ὡς
1727 614 1822 680 καὶ
1845 615 1892 666 6'

302 719 445 779 θεῖος
478 714 764 776 Βασίλειος
798 714 1041 782 εἴρηκεν,
1073 711 1216 772 καὶή
1252 707 1384 776 ἁγία
1409 708 1567 778 τρίτη
1605 706 1843 770 σύνοδος.

376 814 455 863 ιε’.
502 805 645 860 Ἀλλ’
678 805 976 870 ἀναγκαῖον
1005 803 1100 855 καὶ
1120 802 1187 854 τὰ
1213 799 1662 873 προκομιζόμενα
1679 802 1743 852 ὲκ
1765 798 1875 851 τῶν

301 899 443 964 ὅρων
474 895 775 966 προθεῖναι,
825 893 895 947 ἶν’
927 893 1260 963 ἐκδηλοτέρα
1313 893 1538 961 γένηται
1575 892 1606 960 ἡ
1657 889 1879 944 ἀπόδει-

306 989 406 1052 ξις⁶
437 988 572 1058 φησὶ
599 987 728 1056 γάρ’
767 1003 787 1036 ι
823 984 1040 1038 Τούτων
1073 984 1252 1037 τοίνυν
1281 984 1420 1053 μετὰ
1459 983 1640 1051 πάσης
1675 998 1880 1034 παντα-

303 1080 460 1149 χόθεν
497 1078 788 1147 ἀκριϐείας
820 1093 882 1129 τε
921 1079 1016 1130 καὶ
1063 1077 1359 1146 ἐμμελείας
1389 1077 1521 1146 παρ’
1554 1076 1713 1146 ἡμῶν
1764 1078 1880 1130 δια-

303 1171 686 1233 τυπωθέντων,
719 1170 974 1238 ὁρίζομεν
999 1169 1192 1236 ἑτέραν
1227 1168 1411 1225 πίστιν
1447 1169 1636 1237 μηδενὶ
1678 1168 1878 1234 ἐξεῖναι

305 1263 618 1331 προφέρειν,
649 1261 834 1332 ῆγοῦν
865 1263 1228 1329 συγγράφειν,
1257 1260 1290 1329 ἢ
1317 1259 1648 1324 συντιθέναι,
1679 1260 1711 1331 ἢ
1747 1277 1884 1330 φρο-

303 1355 434 1415 νεῖν,
461 1351 492 1420 ἦ
527 1351 800 1404 διδάσκειν
832 1350 1059 1419 ἑτέρως.
1085 1349 1222 1412 Τοὺς
1255 1351 1310 1404 δὲ
1339 1351 1656 1420 τολμῶν-τας
1682 1351 1714 1422 ἢ
1751 1369 1882 1404 συν-

304 1442 511 1494 τιθέναι
539 1441 722 1494 πίστιν
753 1441 1011 1512 ἑτέραν,ἥ
1047 1441 1481 1512 προκομίζειν,ἢ
1512 1442 1806 1508 διδάσκειν,
1849 1443 1882 1513 ἦ

305 1535 660 1604 παραδιδόναι
695 1535 888 1606 ἕτερον
948 1536 1220 1606 σύμϐολον
1261 1537 1373 1600 τοῖς
1425 1535 1704 1590 ἐθέλουσιν
1763 1538 1884 1590 ἐπι-

306 1621 554 1690 στρέφειν
569 1623 656 1684 είς
675 1622 972 1690 ἐπίγνωσιν
1002 1623 1100 1692 τῆς
1120 1623 1374 1693 ἀληθείας
1405 1622 1464 1688 ἐξ
1528 1623 1885 1694 Ἑλληνισμοῦ

303 1714 336 1784 ἢ
385 1713 744 1784 Ἰουδαῖσμοῦ,
805 1716 974 1785 ἤγουν
1007 1717 1066 1783 ὲξ
1100 1717 1364 1788 αἱρέσεως
1405 1717 1647 1782 οίασοῦν,
1700 1718 1886 1789 ἢκαια

304 1812 597 1876 νοφωνίαν,
627 1807 748 1877 ἦτοι
781 1807 979 1874 λέξεως
1015 1809 1306 1880 ἐφεύρεσιν
1373 1810 1509 1880 πρὸς
1573 1809 1888 1880 ἀνατροπὴν

305 1902 547 1968 εἰσάγειν
573 1901 682 1954 τῶν
715 1903 835 1954 νυνὶ
861 1902 991 1972 παρ’
1021 1902 1180 1972 ἡμῶν
1213 1902 1615 1972 διορισθέντων,
1640 1901 1886 1966 τούτους,

309 1996 360 2046 εἱ
394 1994 492 2063 μὲν
525 1993 816 2047 ἐπίσκοποι
857 1989 966 2047 εἶεν
1017 1995 1052 2064 ἢ
1084 1994 1362 2064 κληρικοὶ,
1402 1995 1714 2064 ἀλλοτρίους
1750 1991 1890 2048 εἶναι

310 2087 435 2150 τοὺς
463 2087 800 2150 ἐπισκόπους
855 2088 952 2157 τῆς
987 2089 1313 2158 ἐπισκοπῆς,
1363 2090 1460 2142 καὶ
1513 2089 1636 2151 τοὺς
1692 2088 1886 2158 κληρι·

314 2181 442 2242 κους
475 2181 567 2232 τοῦ
601 2180 826 2252 κλήρου·
849 2181 905 2233 εἰ
952 2181 1010 2232 δὲ
1071 2181 1400 2250 μονάζοντες
1451 2176 1566 2234 εἷεν
1619 2181 1650 2252 ἢ
1688 2181 1887 2244 λαῖκοὶ,

314 2272 814 2345 ἁναθεματίζεσθαι
841 2274 1062 2338 αὐτούς.
1095 2293 1118 2326 ι
1155 2273 1263 2328 Καὶ
1309 2275 1366 2326 ὲν
1393 2277 1457 2345 τῇ
1517 2275 1653 2348 ἕκτῃ
1683 2275 1888 2345 συνόδῳ

315 2366 487 2434 φησί·
547 2383 566 2416 ι
609 2365 824 2420 Τούτων
875 2359 1054 2419 τοίνυν
1113 2365 1253 2434 μετὰ
1317 2369 1495 2436 πάσης
1552 2366 1888 2437 πανταχόθεν

313 2455 592 2528 ἀκριϐείας
611 2459 700 2510 καὶ
731 2458 1026 2527 ἐμμελείας
1050 2455 1182 2528 παρ’
1207 2459 1363 2528 ἡμῶν
1417 2458 1886 2524 διατυπωθέντων,

310 2551 506 2620 ὥρισεν
537 2555 567 2624 ἡ
604 2554 735 2623 ἁγία
766 2555 906 2626 αὕτη
964 2558 1060 2610 καὶ
1088 2555 1304 2625 μεγάλη
1365 2555 1585 2620 σύνοδος
1628 2555 1890 2626 οίκουμε-

309 2648 452 2719 νικὴ,
482 2649 676 2718 ἑτέραν
706 2651 891 2702 πίστιν
953 2639 1146 2719 μηδενὶ
1213 2649 1416 2714 ἐξεῖναι
1474 2649 1794 2720 προφέρειν,
1825 2648 1890 2721 ἦ·

309 2761 441 2812 γουν
474 2742 834 2814 συγγράφειν,
866 2743 898 2813 ἢ
935 2741 1269 2807 συντιθέναι,
1295 2742 1328 2806 ἢ
1380 2745 1622 2814 φρονεῖν,
1671 2742 1708 2811 ἢ
1739 2742 1888 2797 διδά-

310 2854 465 2890 σκειν
527 2836 752 2906 ἑτέρως.
819 2834 1046 2899 Τοὺς’δὲ
1100 2835 1418 2905 τολμῶντας
1480 2836 1512 2905 ἢ
1579 2835 1887 2889 συντιθέναι

308 2930 494 2982 πίστιν
573 2905 794 2995 ἑτέραν,
853 2927 887 3000 ἢ
951 2926 1330 2996 προκομίζειν,
1408 2925 1442 2996 ἦ
1499 2905 1796 2989 διδάσκειν,

308 3018 663 3089 παραδιδόναι
761 3015 949 3088 ἕτερον
1047 3016 1323 3084 Σύμϐολον
1418 3018 1531 3080 τοῖς
1609 3016 1894 3071 ἐθέλουσιν

1979 528 2250 592 ptizetnur
2279 530 2334 576 et
2363 495 2706 593 baptichnus
2726 531 2998 584 .attamen
3038 521 3314 578 Nicmnum
3353 524 3406 576 in
3439 539 3555 577 om-

1979 619 2125 672 nium
2187 634 2284 673 ore
2330 629 2470 680 erat.
2535 629 2591 672 ut
2642 617 2867 673 tradidit
2923 619 3142 672 divinus
3207 615 3460 678 Basilius,
3502 625 3557 670 et

1977 721 2166 766 sancta
2189 712 2349 764 tertia
2377 710 2641 780 synodus.

2059 805 2145 860 l5.
2182 803 2378 858 Verum
2410 803 2704 872 digerenda
2737 814 2860 857 sunt
2890 803 3002 864 hic,
3041 815 3160 870 qua:
3202 802 3254 855 in
3283 800 3558 855 definitio-

1981 897 2142 952 nibus
2169 907 2544 964 apponuntur,
2574 904 2634 949 ut.
2683 895 2888 948 clarior
2941 893 3340 948 demonstratio
3390 895 3556 946 euilu-

1981 1001 2184 1043 cescat.
2217 988 2492 1043 Scribitur
2511 989 2654 1042 enim
2691 1003 2706 1042 :
2743 1005 2763 1040 ι
2805 985 2902 1041 His
2927 989 3108 1056 itaque
3139 1003 3262 1040 eum
3303 999 3564 1042 accurata

1983 1084 2264 1154 diligentia
2291 1094 2342 1137 et
2366 1083 2672 1136 attentione
2703 1095 2734 1134 a
2787 1080 2946 1135 nobis
2999 1080 3354 1148 prmscriptis.
3407 1096 3562 1132 mau-

1984 1177 2179 1231 damus
2211 1191 2320 1230 non
2367 1177 2532 1230 licere
2583 1173 2870 1240 cuiquam,
2913 1173 3070 1225 aliam
3126 1172 3286 1225 [idem
3343 1172 3563 1236 all'erre,

1984 1269 2068 1321 vel
2095 1268 2362 1326 scribere.
2411 1266 2491 1321 vel
2530 1280 2883 1333 componere,
2911 1263 2993 1319 vel
3033 1269 3252 1323 tenere,
3290 1263 3370 1316 vel
3405 1263 3565 1316 aliter

1987 1366 2206 1419 docere.
2259 1359 2362 1426 Qui
2423 1365 2600 1412 autem
2655 1359 2854 1412 audent
2919 1356 3077 1411 fidem
3123 1356 3282 1410 aliam
3337 1371 3564 1424 cnlllpo-

1990 1469 2129 1509 nere
2156 1494 2171 1518 ,
2211 1451 2295 1507 vel
2344 1449 2564 1512 olferre,
2605 1448 2686 1503 vel
2753 1447 2982 1514 docere,
3017 1445 3099 1502 vel
3153 1445 3367 1500 tradere
3415 1445 3560 1498 aliud

1991 1547 2312 1618 Symbolum
2337 1547 2407 1602 iis
2437 1546 2528 1615 qui
2566 1543 2630 1598 ad
2663 1542 2912 1596 veritatis
2955 1541 3320 1610 Cognitiouem
3377 1539 3566 1596 velunt

1991 1637 2259 1702 oorrverti,
2297 1636 2379 1692 vel
2413 1650 2476 1690 ex
2499 1633 2806 1705 gentilitate
2842 1675 2856 1696 ,
2888 1630 2974 1684 vel
3025 1646 3087 1685 ex
3123 1628 3420 1699 judaismo.
3481 1628 3564 1680 vel

1922 1764 1964 1822 Β
1992 1747 2056 1787 οι
2079 1743 2409 1801 quacunque
2439 1727 2544 1781 alia
2573 1725 2786 1788 haeresi,
2827 1732 2923 1777 aut
2967 1737 3162 1778 novam
3222 1736 3434 1784 vocem,
3483 1720 3565 1772 vel

1993 1823 2289 1879 dictionem
2317 1820 2663 1876 introducere
2695 1817 2762 1872 ad
2787 1817 3108 1878 evertenda,
3157 1830 3279 1884 qua:
3339 1828 3486 1867 nunc
3536 1826 3566 1865 a

1995 1915 2151 1970 nobis
2181 1915 2408 1970 decreta
2438 1920 2589 1976 sunt,
2622 1925 2743 1972 eos,
2771 1910 2815 1964 si
2863 1915 2990 1964 sunt
3020 1907 3261 1978 episcopi
3306 1913 3397 1959 aut
3457 1903 3564 1958 cle-

1993 2007 2115 2072 rici,
2149 2008 2442 2076 episcopos
2482 2005 2550 2059 ab
2580 2004 2899 2074 episcopatu
2929 2015 3053 2056 esse
3103 1999 3335 2064 alienos,
3380 2006 3431 2052 et
3459 1998 3569 2054 cle-

1993 2101 2138 2158 ricos
2177 2114 2206 2154 a
2241 2099 2390 2155 clero
2423 2115 2438 2163 ;
2471 2097 2518 2152 si
2544 2113 2672 2151 vero
2704 2093 2960 2150 monachi
3006 2094 3235 2158 l'ucrint,
3270 2101 3364 2146 aut
3417 2092 3566 2155 laici,

1991 2192 2468 2248 a-uatbematizari.
2491 2209 2507 2242 ι
2539 2189 2602 2244 Et
2632 2189 2684 2242 in
2715 2195 2868 2243 sexta
2897 2181 3148 2257 synodo?
3186 2205 3204 2238 ι
3257 2183 3352 2238 llis
3386 2184 3569 2252 itaque

1991 2294 2248 2342 accurate
2278 2284 2568 2339 admodum
2600 2281 3008 2351 diligenterque
3057 2278 3302 2340 statutis,
3343 2276 3570 2330 manda-

1991 2381 2068 2434 vit
2094 2387 2281 2434 sancta
2311 2377 2422 2432 luec
2441 2387 2494 2432 et
2519 2391 2712 2445 magna
2737 2374 2989 2446 synodus
3025 2370 3396 2432 mcumenica,
3431 2369 3566 2422 nulli

1991 2473 2180 2539 licere,
2205 2471 2364 2527 fidem
2392 2471 2556 2526 aliam
2611 2482 2934 2539 proponere,
2991 2474 3088 2520 aut
3145 2464 3407 2528 scribere,
3471 2471 3568 2515 aut

1990 2577 2341 2636 componere.
2361 2573 2454 2618 aut
2478 2571 2686 2623 tenere.
2721 2567 2816 2615 aut
2853 2559 2959 2614 alio
2991 2559 3153 2614 modo
3175 2556 3410 2620 docere;
3473 2554 3566 2623 qui

1992 2677 2121 2716 vero
2182 2659 2300 2714 ausi
2360 2657 2585 2720 fuerint,
2632 2664 2726 2710 aut
2775 2666 3108 2724 componere
3152 2651 3314 2704 aliam
3384 2649 3569 2715 tidem,

1991 2760 2087 2806 aut
2122 2765 2454 2819 proponere,
2479 2756 2577 2803 aut
2628 2747 2848 2809 docere,
2871 2753 2962 2799 aut
2987 2743 3204 2798 tradere
3249 2741 3394 2796 aliud
3419 2741 3574 2811 Sym-

1992 2845 2201 2906 bolum,
2233 2843 2302 2897 iis
2327 2842 2420 2912 qui
2460 2855 2524 2895 ex
2559 2838 2865 2906 gentilitate
2894 2844 2949 2891 et
2991 2835 3296 2905 judaismo.
3343 2832 3422 2886 vel
3467 2832 3578 2885 alia

1992 2936 2238 3008 qualibet
2271 2934 2462 2989 haeresi
2493 2937 2914 2991 convertuntur.
2938 2941 3057 2989 eos.
3102 2926 3146 2982 si
3177 2925 3416 2994 episcopi
3480 2931 3574 2976 aut

1994 3028 2177 3087 clerici
2224 3035 2375 3092 sunt,
2425 3025 2717 3096 episcopos
2764 3022 3106 3093 episcopatu,
3157 3019 3390 3073 clericos
3421 3016 3574 3071 clero

308 3114 662 3182 ἐπιστρέφειν
719 3111 776 3176 ὲξ
808 3109 1171 3181 Ἑλληνισμοῦ
1242 3110 1276 3181 ἢ
1325 3108 1688 3179 Ἰουδαῖσμοῦ,
1733 3111 1766 3182 ἢ
1830 3110 1886 3178 ἐξ

1995 3121 2306 3187 moveri;si
2343 3134 2474 3173 vero
2507 3116 2761 3172 monachi
2823 3121 2918 3168 aut
2979 3112 3102 3167 laici
3159 3119 3310 3172 sunt,
3345 3109 3576 3162 anathe-

305 3205 578 3274 αἱρέσεως
607 3202 1026 3276 οίασδηποτοῢν,
1067 3201 1316 3268 τούτους,
1348 3203 1398 3256 εί
1461 3203 1562 3272 μὲν
1598 3201 1708 3258 εἷεν
1763 3204 1886 3258 ἑπι-

309 3313 503 3351 σκοποι
563 3296 900 3366 ἢκληρικοὶ,
951 3295 1268 3366 ἀλλοτρίους
1305 3290 1605 3360 εἶναιτοὺς
1659 3296 1886 3350 ἐπισκό-

310 3409 444 3455 πους
472 3392 568 3462 τῆς
608 3391 940 3464 ἐπισκοπῆς,
971 3392 1070 3445 καὶ
1103 3389 1232 3453 τοὺς
1265 3389 1576 3461 κληρικοὺς
1604 3389 1696 3444 τοῦ
1745 3392 1886 3463 κλή-

313 3499 429 3556 ρου·
463 3487 512 3538 εί
546 3483 602 3536 δὲ
639 3482 969 3552 μονάζοντες
1027 3476 1138 3535 εἷεν
1167 3483 1200 3554 ἢ
1233 3481 1433 3548 λαῖκοὶ,
1483 3483 1882 3554 ἀναθεματίζε-

312 3579 435 3630 σθαι
467 3575 688 3640 αὐτούς.
733 3595 750 3628 ι
781 3575 1026 3646 Φανερδν
1059 3570 1152 3629 οὖν
1183 3577 1330 3628 ἐστιν
1357 3576 1424 3630 ὲκ
1449 3577 1560 3631 τῶν
1575 3579 1886 3649 είρημένων

309 3670 451 3740 ὅρων
489 3668 597 3721 τῶν
639 3666 932 3737 μακαρίων
966 3666 1250 3738 Πατιρων,
1279 3667 1358 3730 ὡς
1389 3668 1451 3722 τὸ
1474 3669 1668 3739 ἑτέραν
1697 3669 1884 3724 πίστιν

312 3762 504 3833 μηδενὶ
543 3761 740 3825 ἐξεῖναι
793 3759 1182 3830 προφέρειν,ἢ
1234 3760 1374 3828 γοῦν
1429 3764 1789 3832 συγγράφειν,
1847 3766 1881 3834 ἢ

311 3854 707 3924 συντιθέναι,ἥ
747 3853 1133 3922 καινοφωνίαν,
1177 3853 1296 3924 ἦτοι
1339 3854 1539 3920 λέξεως
1593 3857 1885 3926 ὲφεύρεσιν

311 3947 448 4018 πρὸς
503 3946 818 4016 ἀνατροπὴν
867 3945 1112 4014 εἰσάγειν
1166 3947 1276 4000 τῶν
1337 3933 1692 4016 ὁρισθέντων,
1758 3953 1886 4018 περὶ

309 4038 556 4100 ἐναντίας
607 4038 737 4105 φασὶ
767 4036 1026 4102 πίστεως.
1070 4037 1143 4090 Τὸ
1179 4039 1289 4110 γὰρ
1323 4039 1476 4109 πρὸς
1530 4040 1886 4110 ἀνατροπὴν

308 4133 474 4188 τοῦτο
514 4131 689 4202 animi.
727 4132 803 4186 Οὐ
835 4132 946 4203 γὰρ
973 4131 1137 4202 μόνον
1176 4134 1315 4204 περὶ
1342 4133 1450 4186 τῶν
1481 4133 1642 4206 ἱερῶν
1675 4135 1888 4203 Συμῦό-

307 4227 416 4280 λων
455 4225 632 4280 ταῦτά
661 4243 816 4295 φασι.
847 4226 1006 4280 Πᾶσα
1059 4225 1276 4289 ἐκθεσις
1333 4227 1570 4289 πίστεως
1612 4225 1888 4296 Σύμϐολον

306 4318 639 4388 ὀνομάζεται
693 4319 788 4371 καὶ
841 4317 984 4372 ἐστι.
1050 4320 1303 4390 Περιέχει
1347 4319 1456 4390 γὰρ
1497 4317 1654 4383 οὗτος
1702 4322 1730 4373 ὁ
1763 4321 1888 4391 ὄρος

310 4412 440 4482 περὶ
472 4412 568 4481 τῆς
599 4411 928 4482 ὲνανθρωπή
943 4428 1076 4474 rem;
1109 4412 1202 4466 τοῦ
1234 4412 1469 4482 Κυρίου,
1503 4413 1598 4465 καὶ
1624 4413 1706 4466 ὅτι
1735 4417 1882 4468 ἀπα-

1995 3210 2267 3266 rnatizari.
2307 3227 2326 3261 ι
2379 3207 2475 3263 Est
2529 3221 2658 3276 ergo
2722 3203 3070 3259 manifestum
3128 3216 3193 3258 ex
3237 3201 3352 3272 jam
3415 3199 3578 3256 dictis

1993 3302 2276 3359 beatorum
2326 3300 2550 3357 Patrum
2597 3297 3038 3361 deﬁnitionibus,
3073 3295 3235 3350 aliam
3289 3295 3445 3349 tidem
3482 3308 3579 3347 ne-

1995 3395 2126 3451 mini
2162 3395 2325 3451 licere
2353 3408 2686 3464 proponere,
2739 3404 2836 3445 aut
2871 3391 3132 3454 scribere,
3191 3397 3288 3442 aut
3351 3402 3578 3454 compo-

1996 3499 2149 3552 nere,
2183 3494 2276 3539 a-ut
2313 3497 2484 3538 novas
2513 3497 2672 3537 voces
2737 3488 2835 3534 aut
2886 3477 3157 3533 dictiones
3207 3473 3582 3536 comminisci,

1992 3590 2045 3636 et
2079 3580 2146 3635 ad
2167 3579 2510 3634 eversionem
2546 3576 2899 3631 decretorum
2933 3569 3310 3630 introducere,
3347 3567 3416 3620 de
3472 3564 3578 3618 lide

1993 3671 2408 3728 contrariaesse
2450 3667 2617 3724 dicta.
2679 3660 2923 3733 Namque
2953 3662 3022 3716 ad
3054 3661 3391 3722 eversionem,
3442 3657 3576 3709 illud

1994 3775 2164 3821 notat.
2197 3763 2316 3820 Non
2353 3763 2498 3817 enim
2527 3760 2593 3815 de
2622 3758 2829 3814 sanctis
2878 3753 3156 3826 Symbolis
3191 3755 3306 3807 haec
3363 3750 3572 3820 prolata

1994 3868 2142 3921 sunt,
2175 3871 2298 3911 cum
2327 3857 2504 3908 omnis
2538 3853 2660 3908 lide-i
2711 3849 2984 3921 expositio
3036 3845 3354 3917 Symbolum
3393 3842 3576 3912 appel-

1995 3951 2160 4010 latur,
2179 3957 2234 4003 et
2264 3955 2369 4003 est.
2397 3947 2656 4002 Contiuet
2702 3941 2976 4013 siquidem
3023 3939 3138 3995 haec
3201 3935 3470 3999 deﬁnitio,
3511 3935 3578 3988 de

1994 4041 2380 4098 incarnatione
2440 4037 2677 4101 Domini,
2738 4033 3085 4091 divinitatem
3137 4044 3246 4083 non
3287 4041 3411 4082 esse
3453 4041 3582 4094 pns-

1994 4135 2245 4192 sionibus
2327 4132 2619 4188 obnoxiam
2657 4171 2672 4193 ,
2729 4141 2784 4185 et
2847 4128 2915 4183 de
2993 4125 3210 4182 duabus
3277 4119 3582 4177 voluntati-

1998 4229 2122 4282 bus.
2163 4225 2296 4292 Quze
2325 4239 2448 4280 ettm
2483 4221 2688 4292 optime
2739 4219 3108 4291 expediissent
3169 4216 3380 4272 Patres.
3449 4214 3586 4270 subd

1996 4319 2174 4374 dunt:
2216 4315 2352 4371 «Ηίε
2386 4317 2686 4385 itaque....
2733 4313 3009 4370 mandavit
3066 4321 3255 4368 sancta
3313 4311 3584 4376 synodus.

1998 4412 2203 4468 nemini
2239 4412 2424 4467 licere.
2491 4429 2512 4463 ι
2578 4409 2646 4465 Et
2702 4409 2820 4465 haec
2877 4407 3100 4479 quidem
3151 4407 3206 4460 iu
3263 4401 3581 4460 deﬁnitione

310 4505 408 4576 θὴς
436 4507 468 4576 ἡ
505 4505 724 4576 Θεότης,
751 4505 853 4558 καὶ
883 4505 1016 4574 περὶ
1049 4505 1144 4558 δύο
1171 4505 1528 4576 θελημάτων,
1560 4506 1655 4559 καὶ
1705 4507 1886 4571 καλῶς

1996 4517 2202 4562 sancta:
2236 4504 2428 4577 synodi
2455 4504 2831 4566 continentur.
2885 4502 2990 4558 Sed
3025 4517 3112 4562 ea.
3171 4514 3294 4569 quae
3325 4506 3410 4552 est
3469 4503 3584 4549 ter-

308 4597 486 4652 ταῦτα
569 4598 1111 4668 ὲπεξεργασαμένων
1180 4599 1447 4670 Πατέρων
1544 4599 1884 4668 ἐπάγουσιν·

315 4709 333 4742 ι
374 4689 594 4743 Τούτων
619 4691 826 4755 τοίνυν,
871 4709 890 4742 ι
927 4691 1022 4743 καὶ
1077 4691 1148 4744 τὰ
1170 4691 1356 4745 λοιπά.
1389 4732 1402 4746 .
1433 4731 1445 4747 .
1470 4691 1671 4762 ὥρισεν
1703 4693 1890 4763 ήάγία

309 4783 527 4846 σύνοδος
563 4783 758 4853 μηδενὶ
789 4782 1013 4850 ἐξεῖναι.
1055 4802 1073 4836 ι
1113 4783 1224 4837 Καὶ
1249 4783 1424 4837 ταῦτα
1463 4785 1562 4854 μὲν
1611 4786 1892 4855 περιέχον-

306 4892 400 4930 ται
428 4876 485 4926 ὲν
512 4874 590 4945 τῷ
631 4876 742 4945 ὅρῳ
788 4875 888 4944 τῆς
937 4874 1099 4943 ἁγίας
1147 4876 1367 4930 συνόδου
1393 4892 1408 4908 ·
1447 4877 1474 4928 ὁ
1503 4876 1558 4929 δὲ
1599 4877 1698 4946 τῆς
1728 4877 1891 4942 ἁγίας

306 4967 500 5037 τρίτης
536 4967 758 5020 συνόδου
785 4968 986 5036 φησίν·
1024 4985 1043 5018 t
1085 4968 1284 5038 Ἤρκει
1318 4967 1417 5037 μὲν
1452 4967 1545 5020 οὖν
1578 4969 1656 5030 εἰς
1697 4967 1889 5037 ἐντελῆ

305 5059 408 5128 τῆς
442 5059 735 5122 εὐσεϐείας
787 5059 1092 5128 ὲπίγνωσίν
1135 5076 1194 5111 τε
1235 5059 1333 5112 καὶ
1380 5059 1673 5129 βεϐαίωσιν
1733 5059 1893 5114 τοῦτο

305 5151 370 5204 τὸ
396 5151 496 5221 τῆς
524 5151 674 5216 θείας
723 5153 946 5222 χάριτος
994 5151 1300 5221 Σύμϐολον⁸
1358 5153 1492 5222 περί
1528 5167 1588 5204 τε
1631 5153 1741 5221 γὰρ
1794 5151 1890 5206 τοῦ

308 5243 528 5316 Πατρδς
562 5247 658 5299 καὶ
697 5245 792 5298 τοῦ
833 5245 964 5299 Υίοῦ
1008 5246 1103 5298 καὶ
1133 5245 1227 5298 τοῦ
1257 5246 1416 5314 ἁγίου
1456 5245 1777 5316 [Ινεύματος
1799 5245 1894 5298 ὲκ·-

307 5337 554 5392 διδασκει
583 5337 646 5390 τὸ
691 5337 928 5391 τέλειον.
965 5356 983 5389 ι
1020 5333 1154 5392 Εἶτα
1185 5337 1339 5405 λέγει
1365 5338 1496 5408 περὶ
1526 5338 1626 5407 τῆς
1647 5337 1742 5390 τοῦ
1779 5338 1895 5390 Κυ-

312 5432 432 5504 ρίου
485 5430 989 5502 ὲνανθρωπήσεως,
1037 5430 1134 5482 καὶ
1199 5430 1282 5484 ὅτι
1348 5429 1612 5493 Θεοτόκος
1661 5431 1694 5500 ἡ
1761 5429 1892 5498 ἁγία

309 5523 614 5596 Παρθένος,
670 5525 768 5578 καὶ
821 5523 920 5595 τὴν
972 5523 1170 5576 ἕνωσιν
1203 5523 1312 5574 τῶν
1369 5522 1463 5574 δύο
1522 5522 1761 5592 φύσεων,
1799 5523 1894 5576 καὶ

308 5622 394 5672 ὅτι
421 5619 485 5671 τὸ
517 5619 628 5673 τῶν
657 5617 989 5690 τριακοσίων
1011 5618 1141 5670 δέκα
1173 5616 1268 5670 καὶ
1289 5617 1433 5669 ὀκτὼ
1469 5617 1728 5686 Πατέριυν
1749 5617 1897 5686 Σύμ-

310 5713 472 5767 ϐολον
518 5715 725 5784 ὀφείλει
769 5713 953 5783 μένειν
989 5711 1466 5782 ἀπαρεγχείρητον
1493 5726 1506 5740 ⁸
1555 5708 1675 5764 εἶτα
1713 5712 1806 5764 καὶ
1835 5711 1897 5763 τὸ

309 5808 423 5860 τῶν
447 5808 640 5864 ἑκατὸν
674 5809 1013 5881 πεντήκοντα
1073 5805 1370 5875 Σύμϐολον,
1439 5805 1530 5860 καὶ
1594 5806 1747 5877 φησι,
1797 5805 1894 5860 διὰ

1993 4600 2083 4654 tia:
2130 4601 2351 4671 synodi,
2413 4599 2529 4653 ait:
2579 4618 2598 4650 ι
2643 4597 2789 4653 Satis
2852 4597 3018 4669 igitur
3073 4601 3219 4654 essm
3283 4592 3351 4646 ad
3406 4588 3581 4656 perle-

1993 4703 2136 4748 ctam
2189 4693 2408 4763 pietatis
2465 4693 2837 4762 cognitionem
2884 4706 2948 4746 ac
3000 4689 3316 4742 ﬁrmitatem
3355 4685 3457 4737 ltoc
3502 4681 3584 4735 di-

1992 4786 2134 4840 vina:
2163 4787 2352 4855 gratia:
2412 4785 2771 4856 Symbolum;
2815 4802 2838 4836 ι
2913 4779 3266 4852 postmodum
3317 4775 3584 4838 adnectit,

1993 4878 2060 4934 de
2089 4879 2300 4933 Domini
2327 4877 2733 4939 incarnatione.
2771 4883 2826 4930 et
2849 4884 3098 4930 sanctam
3135 4871 3415 4941 Virginem
3463 4885 3590 4924 esse

1997 4969 2310 5040 Deiparam,
2374 4981 2426 5024 et
2495 4969 2727 5023 duarum
2794 4977 3124 5022 naturarum
3191 4965 3474 5026 unionem,
3529 4971 3586 5016 et

1996 5075 2370 5120 trecentorum
2395 5063 2586 5119 decem
2625 5071 2818 5118 etocto
2872 5060 3093 5115 Patrum
3128 5058 3451 5132 Symbolum
3502 5059 3582 5111 iu-

1998 5167 2200 5212 tactum
2240 5157 2743 5227 atqueinviolatmu
2770 5155 3210 5210 conservandum
3244 5168 3402 5218 esse;
3466 5161 3584 5204 tum

1996 5252 2256 5321 deinceps
2274 5262 2329 5306 et
2365 5259 2589 5306 centum
2621 5251 3017 5320 quinquaginta
3053 5249 3396 5320 Symbolum,
3457 5245 3588 5297 suly

1996 5345 2203 5412 ditque,
2235 5352 2446 5413 praeter
2477 5343 2708 5411 Spiritus
2734 5345 2906 5398 sancti
2948 5345 3142 5407 hostes,
3199 5347 3253 5393 et
3286 5336 3588 5408 synodicae

1997 5436 2182 5508 Cyrilli
2207 5447 2258 5490 et
2279 5435 2478 5491 Leonis
2508 5438 2791 5506 epistolas,
2823 5447 2876 5492 et
2913 5435 3262 5490 lliviuitatem
3292 5430 3574 5498 Unigeniti

1995 5529 2346 5597 passionibus
2385 5545 2492 5584 non
2536 5530 2847 5599 subiacere,
2900 5539 2952 5582 et
2983 5525 3270 5580 Dominum
3329 5531 3584 5582 nostrum

1996 5620 2182 5678 Jesum
2215 5623 2494 5678 Christum
2525 5624 2824 5678 secundum
2885 5620 3220 5674 divinitatem
3281 5632 3402 5672 esse
3446 5634 3580 5672 conv

1999 5714 2418 5769 substantialem
2448 5716 2622 5779 Patri,
2649 5716 2950 5769 secundum
2998 5727 3126 5767 vero
3183 5709 3586 5766 humanitatem

1998 5808 2182 5864 nobis.
2225 5808 2439 5874 Quibus
2493 5809 2746 5865 omnibus
2791 5796 3058 5880 perquam
3098 5810 3456 5867 accommoda
3488 5825 3578 5864 cx-
