3998 6464
292 388 397 452 233

1320 349 1325 353 ’
1408 381 1505 439 Al)
1556 379 1923 439 mnsam.
1966 372 2448 433 TnAt-EZUNT.

3432 367 3540 434 23i

295 511 471 562 πάντα
499 506 661 574 φόρει
695 505 790 559 καὶ
819 501 1157 573 διαστρέφει.
1190 500 1299 554 Καὶ
1329 500 1436 569 γὰρ
1491 502 1523 569 ἡ
1562 501 1622 551 ὲν
1650 498 1865 566 Ἐφέσῳ

1973 492 2216 562 synodus
2237 491 2396 544 tidem
2420 488 2640 558 quidem
2662 489 2846 555 aliam,
2863 489 3020 559 cujus
3045 487 3298 560 dogmata
3317 488 3545 548 Nic-amre

298 599 517 661 σύνοδος
552 598 736 649 πίστιν
761 597 859 665 μὲν
883 594 1101 661 ἑτέραν,
1134 587 1204 663 ἦς
1254 590 1477 644 ἐναντία
1503 592 1574 642 τά
1621 590 1871 656 δόγματα

299 691 436 760 πρὸς
459 692 558 759 τὴν
582 692 641 743 ὲν
681 685 886 757 Νικαίᾳ
931 685 1240 753 καθέστηκε
1290 682 1532 742 σύνοδον,
1590 679 1871 743 παντελῶς

298 782 614 836 ἐκτίθεσθαι
641 780 968 835 διεκώλυσεν
995 794 1010 810 ο
1046 777 1344 848 ἀκηράτων
1382 775 1439 827 δὲ
1468 774 1576 826 τῶν
1612 775 1668 826 ὲν
1730 771 1869 839 αὐτῇ

297 872 647 941 σωζομένων,
707 870 852 937 άπερ
893 870 922 922 6
980 868 1174 936 καιρὸς
1217 867 1442 920 άπαιτεῑ
1492 860 1869 933 προστιθέναι,

295 966 466 1032 αὐτῆς
494 980 556 1016 τε
585 960 809 1030 γέγονεν
841 960 1027 1031 ἔργον,
1059 959 1155 1011 καὶ
1185 957 1296 1011 τῶν
1318 956 1666 1027 πραγμάτων
1696 954 1729 1023 ἡ
1765 951 1871 1021 φύ-

298 1073 384 1119 σις
431 1054 772 1117 διδάσκαλος,
820 1051 1046 1120 καὶτῆς
1086 1049 1418 1123 Ἑκκλησίας
1461 1049 1661 1119 ὁρᾶται
1713 1045 1871 1099 τοῦτο

300 1144 605 1215 στέργουσα
627 1141 719 1197 διά
776 1139 979 1203 παντὸς
1010 1142 1041 1208 ἡ
1087 1138 1415 1209 παράδοσις.
1450 1135 1545 1190 Διὸ
1583 1135 1681 1189 καὶ
1726 1134 1869 1188 κατά

295 1235 396 1304 τὴν
439 1231 851 1301 Ἀλεξάνδρειαν
878 1228 1033 1285 οὒπω
1056 1230 1154 1298 τῆς
1207 1229 1601 1297 οἰκονμενικῆς
1631 1241 1870 1293 συγκρο-

296 1325 558 1395 τηθείσης
592 1323 843 1387 συνόδου,
868 1323 993 1385 τοὺς
1024 1323 1084 1375 ὲν
1115 1321 1257 1390 αὐτῇ
1280 1320 1387 1372 τῶν
1412 1318 1603 1389 ἱερέων
1633 1317 1866 1382 λογάδας

295 1418 325 1471 6
389 1416 679 1478 θεσπέσιος
737 1413 1011 1484 Κύριλλος
1070 1410 1493 1480 άθροισάμενος,
1535 1410 1633 1464 καὶ
1684 1409 1871 1463 πίστιν

294 1510 611 1579 διαθέμενος
636 1508 917 1578 ἔγγραφον
960 1506 1041 1575 τῷ
1091 1504 1377 1573 Νεστορίῳ
1431 1500 1794 1573 διεπέμψατο.
1842 1518 1865 1553 a

297 1604 405 1655 Καὶ
452 1604 481 1655 6
535 1603 690 1669 ἅγιος
732 1599 1057 1671 Ἑφραίμιος
1118 1595 1469 1669 πατριάρχης
1536 1592 1868 1664 Ἀντιοχείας

299 1692 472 1763 φησί·
507 1711 527 1743 ι
566 1692 741 1747 Πάλιν
787 1690 846 1746 δὲ
880 1690 1291 1760 ἐπηρεάζουσιν
1342 1689 1394 1740 οἱ
1441 1687 1710 1759 αίρετικοὶ
1770 1686 1870 1755 τὴν

295 1783 563 1852 τετάρτην
586 1782 829 1845 σύνοδον,
860 1780 1134 1848 λέγοντες,
1155 1777 1233 1842 ὡς
1257 1777 1639 1848 ἐδογμάτισεν,
1678 1773 1869 1845 μηδενὶ

296 1872 501 1938 ἐξεῖναι
536 1870 862 1943 προφέρειν,
899 1872 933 1940 ἢ
961 1871 1330 1939 συγγράφειν,
1358 1866 1391 1937 ἦ
1449 1865 1754 1920 συντιθέναι
1779 1865 1871 1919 πί-

300 1981 421 2016 στιν
444 1964 667 2033 ἑτέραν,
701 1963 735 2026 ἦ
764 1964 1005 2030 φρονεῖν,
1036 1960 1168 2029 παρ’
1204 1960 1271 2030 ὴν
1296 1958 1512 2023 ἐξέθετο
1537 1958 1699 2029 αὐτή.
1735 1957 1871 2011 Καί-

298 2072 383 2108 τοι
404 2055 468 2108 ού
506 2053 669 2108 τοῦτο
701 2055 735 2121 ὴ
765 2051 980 2115 σύνοδος
1004 2051 1323 2119 διωρίσατο,
1367 2049 1470 2102 κᾶν
1498 2047 1870 2118 ἀναισχύντως

300 2140 448 2198 οὗτοι
471 2142 939 2212 καταψεύδωνται.
976 2140 1140 2194 Ἀλλὰ
1170 2142 1269 2210 τὴν
1298 2140 1501 2204 πίστιν,
1536 2139 1605 2211 ἢν
1634 2139 1683 2192 oi
1715 2156 1870 2208 τρια-

303 2234 479 2288 κόσιοι
512 2234 644 2288 δέκα
676 2233 774 2289 καὶ
806 2231 953 2286 ὀκτὼ
980 2232 1221 2301 Πατέρες
1263 2232 1528 2298 ἐξέθεντο,
1564 2231 1783 2303 τιμῶσά
1812 2248 1870 2285 τε

304 2326 401 2380 καί⁵
428 2324 789 2391 θεσπίζουσα,
832 2324 986 2394 παρὰ
1006 2323 1213 2393 ταύτην
1246 2323 1416 2395 ἔφησε
1453 2324 1643 2395 μηδενὶ
1666 2323 1870 2389 ἐξεῖναι

306 2416 602 2487 προφέρειν
622 2417 815 2485 ἑτέραν
858 2416 1063 2482 πίστιν,
1088 2434 1107 2467 i
1128 2418 1222 2469 καὶ
1250 2415 1319 2470 τά
1350 2416 1672 2472 ύπόλοιπα.ι
1702 2418 1868 2487 Δῆλον

299 2507 359 2562 δέ
380 2511 532 2565 ἐστιν
566 2506 626 2572 ἐξ
649 2508 831 2563 αὐτῶν
887 2507 1126 2577 μάλιστα
1154 2507 1264 2562 τῶν
1320 2509 1613 2563 συνοδικῶν
1650 2510 1867 2578 φωνῶν,

297 2593 493 2652 ὤνκαὶ
529 2598 690 2669 μόνον
752 2599 1299 2670 ἀναγινωσκομένων,
1348 2600 1468 2653 οὐδὲ
1523 2605 1655 2669 μιᾶς
1703 2600 1869 2669 ἄλλης

295 2689 500 2743 δεῖσθαι
535 2690 905 2760 κατασκευῆς,
939 2690 974 2762 ἢ
1034 2691 1348 2754 συστάσεως
1417 2690 1784 2760 ἐπιδειχθεῖσα
1835 2693 1867 2759 ἡ

298 2781 549 2849 ἀλήθεια.
583 2783 693 2834 Καὶ
715 2783 813 2854 οὐχ
840 2781 1010 2853 ὥρισε
1064 2782 1165 2851 μὲν
1193 2783 1373 2849 τοῦτο,
1433 2783 1637 2853 ἔπραξε
1669 2784 1727 2836 δὲ
1774 2784 1870 2836 άλ-

298 2873 427 2942 λως,
456 2874 576 2928 ἀλλ’
597 2872 676 2937 ῶς
710 2871 937 2944 ὥρισεν,
967 2873 1138 2937 οὕτως
1165 2873 1440 2943 πανταχοῦ
1479 2877 1573 2926 καὶ
1610 2874 1871 2944 διαπρατ-

295 2967 497 3034 τομένη
531 2963 829 3034 λογίζεται.
857 2965 962 3017 Καὶ
995 2963 1104 3033 γάρ
1135 2964 1263 3025 τοὺς
1292 2966 1360 3035 τῇ
1412 2965 1669 3037 εύσεὸείᾳ
1699 2984 1871 3037 προσ-

298 3059 480 3118 ιόντας
509 3057 610 3109 οὐκ
642 3057 769 3108 ἄλλο
796 3054 1092 3126 σύμϐολον,
1127 3053 1274 3108 άλλά
1312 3057 1371 3108 τὸ
1400 3057 1508 3109 τῶν
1543 3061 1871 3127 τριακοσίων

297 3146 430 3200 δέκα
460 3147 554 3199 καὶ
577 3132 722 3199 ὀκτῶ
748 3146 924 3213 άγίων
957 3146 1217 3216 Πατέρων
1271 3147 1584 3203 ἐκδιδάσκει
1621 3151 1713 3204 καὶ⁸
1762 3168 1867 3203 πα-

301 3237 581 3308 ραδιδῶσι.
610 3236 829 3290 Γέλωτα
858 3237 913 3290 δὲ
940 3238 1142 3307 μᾶλλον
1172 3237 1292 3292 καθ’
1322 3239 1532 3293 ἑαυτῶν
1554 3240 1585 3311 ἢ
1611 3241 1867 3315 διαϐολὴν

1894 3199 1938 3262 C

297 3328 397 3396 τῆς
438 3327 656 3382 συνόδου
692 3330 1037 3401 κατέχουσιν,
1074 3332 1132 3383 ὲν
1184 3323 1266 3393 οἷς
1322 3348 1488 3400 φασιν
1540 3333 1710 3405 αὐτὴν
1763 3335 1868 3388 ὑπὸ
1898 3344 1914 3361 ⁸

302 3417 515 3472 πολλῶν
541 3419 921 3487 διασύρεσθαι.
957 3422 1131 3476 Πόσαι
1167 3423 1276 3493 γὰρ
1307 3425 1405 3494 τῆς
1429 3425 1651 3495 πρώτης
1670 3428 1763 3480 καὶ
1793 3430 1868 3480 οί-

298 3502 628 3583 κουμενικῆς
685 3511 851 3580 ἁγίας
904 3512 1125 3568 συνόδου
1184 3518 1444 3569 κατεῖπον
1492 3517 1735 3586 σύνοδοι,
1771 3520 1866 3576 καὶ

296 3599 417 3653 τότε
447 3602 750 3672 ἀρχιερέων
775 3598 931 3655 οὖσαι
976 3602 1249 3676 πλήρωμα
1275 3622 1290 3673 ;
1322 3605 1429 3677 Τὴν
1450 3606 1502 3659 δὲ
1533 3610 1638 3661 τῶν
1669 3611 1867 3666 ἑκατὸν

298 3694 667 3761 πεντήκοντα,
700 3693 808 3745 οὐδ’
843 3697 893 3746 εί
949 3696 1166 3764 γέγονε,
1204 3701 1347 3761 τινὲς
1404 3700 1511 3752 τῶν
1553 3701 1866 3769 Αἰγυπτίων

296 3783 502 3837 εἰδέναι
541 3784 833 3853 ἠθέλησαν.
882 3786 1024 3839 Ἀλλ’
1077 3789 1331 3859 ὲάσωμεν
1392 3792 1453 3844 τδ
1501 3792 1808 3861 ἀλόγιστον.
1839 3814 1858 3846 ο

294 3874 408 3929 Καὶ
435 3874 597 3930 πάλιν
632 3875 827 3939 ὁθεῖος
876 3878 1167 3947 Μάξιμοςο
1203 3898 1221 3931 ι
1265 3882 1385 3946 Πῶς
1434 3878 1528 3937 οὖν
1574 3886 1676 3954 τὴν
1723 3885 1866 3939 οὕτω

292 3967 473 4021 ταῦτα
506 3966 820 4039 σεϐασμίως
848 3967 963 4038 ἅμα
1029 3971 1121 4023 καὶ
1170 3969 1510 4041 διαπρυσίως
1543 3975 1761 4046 δρῶσάν
1806 3995 1864 4030 τε

294 4058 391 4108 καὶ
415 4056 850 4126 διαγορεύουσαν
884 4059 1049 4127 ἁγίαν
1084 4062 1141 4113 ὲν
1168 4062 1475 4134 Χαλκηδόνι
1526 4066 1764 4133 σύνοδον,
1789 4067 1865 4131 ὼς

290 4148 752 4221 διαπεμπομένην
777 4152 867 4204 τὸν
898 4153 995 4222 τῆς
1032 4154 1285 4209 Νικαέων
1328 4157 1452 4227 ὅρον
1488 4161 1863 4228 παραστῆσαι,

299 4240 386 4301 τίς
415 4240 479 4293 ἂν
509 4241 811 4312 ἐξισχύσειε
854 4244 1098 4311 πώποτε,
1132 4247 1236 4301 κᾶν
1273 4250 1493 4302 πάντων
1621 4249 1866 4319 ποριμώ-

291 4349 453 4396 τατος
496 4338 577 4396 είς
628 4335 906 4405 ἐξεύρεσιν
967 4339 1076 4391 τῶν
1128 4340 1218 4393 διὰ
1277 4341 1503 4409 ψεύδους
1532 4343 1599 4395 τά
1628 4343 1704 4411 μὴ
1735 4341 1865 4394 δντα

292 4426 434 4476 κατὰ
480 4424 577 4492 τῆς
624 4426 862 4495 ἀληθοῦς
908 4427 1000 4480 καί
1029 4426 1197 4490 ὅντως
1237 4428 1626 4500 πλαττομένων
1650 4449 1664 4496 ;
1698 4432 1758 4483 Εἰ
1804 4431 1861 4485 δὲ

289 4515 385 4567 καὶ
413 4514 485 4577 ὡς
516 4515 706 4569 τοῦτον
738 4517 837 4587 μὲν
866 4518 1144 4587 τηροῦσαν
1197 4520 1456 4590 βεϐαίως,
1484 4522 1558 4586 ῶς
1606 4523 1862 4594 δεύτερον
1896 4491 1941 4551 D

287 4606 348 4659 δὲ
372 4608 534 4676 τυχὸν
566 4612 969 4679 ὲπεισάγουσαν
996 4612 1123 4681 ὅρον
1153 4612 1536 4685 διαλοιδορεῖτε
1596 4617 1691 4670 καὶ
1723 4621 1865 4687 μέμ-

287 4699 481 4770 φεσθε,
508 4700 589 4767 τίς
614 4699 770 4768 οὗτος
804 4704 1145 4774 καθέστηκεν
1177 4708 1205 4759 6
1244 4706 1335 4760 ὑπ’
1357 4707 1527 4778 αὐτῆς
1564 4709 1857 4778 ἐπεισαγό-

288 4810 453 4862 μενος
485 4793 734 4865 δεύτερος
758 4796 917 4866 ὃρος;
957 4796 1023 4850 Ἦ
1080 4799 1366 4869 ὁμολογία,
1400 4803 1557 4871 φησὶ,
1616 4803 1726 4855 τῶν
1767 4804 1861 4856 δύο

286 4884 529 4955 φύσεων,
592 4878 687 4938 καὶ
741 4888 799 4939 έν
831 4887 924 4941 δύο
970 4890 1167 4958 φύσεσι
1227 4893 1431 4962 φωνῆς.
1481 4895 1556 4946 Οὐ
1608 4895 1717 4963 γὰρ
1750 4894 1864 4964 ἔχει

286 4980 494 5049 ταύτην
517 4981 546 5032 6
572 4980 667 5049 τῆς
691 4977 942 5036 Νικαέων
986 4984 1133 5054 ὄρος.
1163 4985 1405 5058 Είσηχθη
1458 4988 1517 5042 δὲ
1572 4990 1861 5059 προδήλως

287 5071 399 5123 ὑπὸ
426 5071 537 5126 τῶν
586 5074 642 5127 ὲν
671 5072 979 5145 Χαλκηδόνι
1008 5078 1293 5150 Πατέρων,
1323 5082 1386 5133 ού
1416 5082 1686 5154 πρότερον
1718 5101 1861 5152 γνω-

286 5163 567 5236 ρισθεῖσα,
592 5167 625 5238 ἢ
656 5167 1023 5239 ὀνομασθεῖσα
1056 5174 1209 5243 παρά
1235 5190 1403 5241 τινος.
1434 5176 1558 5231 Ὀτι
1602 5179 1702 5250 μὲν
1740 5179 1863 5234 οὐδὲ

285 5257 453 5312 τοῦτο
485 5259 740 5328 δύνασθε,
776 5262 1132 5335 παραστῆσαι
1175 5267 1354 5337 δῆλον.
1400 5270 1619 5336 Πολλοῖς
1658 5289 1717 5325 τε
1751 5273 1861 5342 γάρ

283 5349 401 5402 τῶν
436 5351 543 5419 πρὸ
587 5352 758 5419 αὐτῆς
785 5354 962 5422 ἁγίων
998 5355 1260 5428 Πατέρων
1283 5359 1357 5424 ῶς
1392 5361 1623 5431 εὐσεϐὴς
1650 5362 1683 5434 η
1710 5364 1862 5433 φωνὴ

287 5440 388 5495 καὶ
420 5444 616 5516 ἐκρίθη
650 5447 743 5500 καὶ
769 5448 1140 5519 ἀνηγορεύθη,
1202 5452 1299 5505 καὶ
1358 5454 1699 5526 μαρτυροῦσι
1751 5456 1860 5508 τῶν

285 5535 498 5607 ταύτην
537 5539 896 5608 κηρυξάντων
928 5543 978 5594 οἱ
1009 5542 1178 5611 λόγοι,
1214 5544 1394 5615 πάσης
1435 5545 1587 5609 ὄντες
1628 5549 1859 5619 ἡλιακῆς

284 5628 508 5693 ἀκτῖνος
593 5632 1042 5700 φωτοειδέστατοι
1118 5638 1218 5690 καὶ
1298 5637 1688 5711 λαμπρότεροι.
1747 5643 1855 5695 Καὶ

286 5722 448 5790 ὑμεῖς
476 5722 509 5795 ἢ
538 5723 782 5789 ἀγνοεῖτε
831 5725 899 5778 δι’
935 5727 1317 5794 ἀπαιδευσίαν,
1354 5730 1386 5801 ἢ
1441 5732 1656 5798 ἀγνοεῖν
1690 5752 1860 5803 προσ-

287 5815 530 5867 ποιεῖσθε
563 5816 650 5869 διὰ
684 5816 975 5885 λο.δορ“ίαν,
1010 5821 1104 5872 καὶ
1157 5821 1265 5873 τῶν
1303 5825 1542 5877 εύσεσων
1596 5827 1855 5899 Πατέρων

612 5915 856 5975 ιἈτιιυι.
924 5924 1040 5975 tun.
1089 5915 1260 5979 CLX.

1973 586 2246 642 contraria
2276 594 2483 647 essent,
2513 584 2740 638 omnino
2762 584 2961 653 exponi
2997 583 3187 638 vetuit.
3226 581 3387 639 Puris
3414 598 3547 639 vero

1973 687 2139 745 atque
2174 675 2477 741 inviolatis,
2511 690 2634 745 quae
2664 676 2719 732 in
2756 691 2819 729 ea
2849 686 2999 740 sunt,
3031 676 3285 742 servatis,
3307 690 3428 746 qum
3458 690 3550 731 oc-

1971 769 2122 825 casio
2177 768 2416 839 postulat
2472 767 2993 837 apponenda,sieut
3026 769 3257 838 ipsamet
3315 768 3548 831 addidit,

1975 864 2078 918 boc
2097 872 2153 918 et
2186 876 2371 917 rerum
2398 870 2596 916 natura
2633 861 2894 931 magistra
2948 860 3127 926 docet,
3182 869 3238 915 et
3289 861 3550 915 Ecclesia:

1977 969 2112 1011 usus
2168 954 2388 1010 videtur
2452 968 2564 1008 non
2610 953 2888 1023 reiecisse.
2930 952 3114 1018 Quare
3150 960 3207 1006 et
3247 953 3544 1020 Alexandri

1973 1045 2215 1102 nondum
2241 1046 2575 1100 meumeuica
2605 1044 2818 1114 synodo
2850 1051 3060 1109 coacta,
3126 1043 3369 1099 delectos
3404 1044 3460 1098 in
3483 1060 3543 1098 eu

1970 1137 2283 1193 sacerdotes
2299 1135 2515 1192 divinus
2531 1134 2766 1206 Cyrillus
2785 1149 3143 1205 congregans,
3163 1143 3216 1188 et
3235 1134 3394 1190 tidem
3416 1133 3550 1189 scri-

1972 1236 2117 1299 ptam
2135 1228 2451 1297 disponens,
2470 1226 2725 1283 Nestorio
2745 1226 2918 1282 misit.
2936 1247 2952 1277 »
2976 1228 3227 1281 Etsaucti
3256 1227 3368 1298 Eph
3379 1227 3549 1282 raamii

1971 1317 2291 1388 patriarcha:
2306 1318 2664 1373 Antioclieni:
2697 1335 2716 1369 ι
2742 1318 3091 1373 Ecceiterum
3108 1326 3363 1389 quartam
3390 1332 3553 1388 syno-
3630 1328 3641 1332 '

1971 1409 2104 1463 dum
2124 1408 2815 1474 calumnianturhaeretici,
2837 1418 3098 1478 tanquam
3126 1423 3249 1478 qua:
3282 1408 3550 1472 docuerit,

1971 1498 2263 1555 noniicere
2298 1498 2458 1555 alicui
2490 1497 2755 1570 proferre,
2787 1505 2879 1552 aut
2912 1498 3177 1565 scribere,
3214 1506 3311 1552 aut
3331 1510 3553 1567 compo-

1975 1608 2131 1659 nere,
2170 1601 2266 1649 aut
2300 1603 2488 1649 tenere
2539 1591 2701 1648 aliam
2736 1591 2895 1647 iidem
2938 1599 3136 1661 printer
3164 1604 3283 1645 eam
3302 1604 3465 1659 quam
3487 1603 3553 1661 ea

1971 1685 2249 1757 exposuit.
2297 1684 2364 1741 Et
2424 1692 2606 1741 tamen
2652 1683 2708 1739 id
2769 1683 3011 1756 synodus
3053 1697 3160 1739 non
3212 1682 3553 1745 decreverat.

1969 1779 2225 1848 quamvis
2240 1778 2295 1833 id
2313 1777 2557 1835 haeretici
2574 1776 3048 1846 impudentissime
3067 1774 3424 1830 mentiantur.
3446 1772 3552 1830 Sed

1972 1886 2093 1928 eam
2110 1870 2293 1938 iidem,
2317 1885 2479 1942 quam
2506 1869 2733 1927 trecenti
2757 1868 3062 1925 octodecim
3086 1864 3275 1922 Patres
3297 1880 3553 1922 asserue-

1974 1974 2122 2028 runt,
2140 1978 2355 2020 summo
2393 1964 2447 2019 in
2503 1963 2711 2019 honore
2751 1962 2960 2018 habens
2997 1972 3164 2030 atque
3195 1960 3551 2027 conﬁrmans,

1971 2069 2170 2128 praeter
2193 2058 2340 2112 illam
2362 2056 2528 2124 dixit,
2567 2057 2776 2113 nemini
2819 2055 2984 2111 licere
3011 2055 3173 2110 aliam
3232 2053 3391 2108 tidem
3422 2066 3554 2123 pro-

1973 2152 2115 2207 ferre
2139 2190 2153 2216 ,
2197 2171 2215 2203 ι
2250 2160 2309 2207 et
2333 2166 2454 2221 qua:
2479 2161 2804 2220 sequuntur.
2830 2167 2848 2201 ι
2875 2148 2952 2204 Ex
2972 2148 3059 2203 bis
3087 2147 3341 2203 omnibus
3358 2144 3551 2225 synodi

1972 2246 2223 2311 vocibus,
2285 2260 2409 2315 quae
2462 2242 2761 2300 dummodo
2811 2242 2963 2299 lecta:
3004 2240 3207 2297 iuerint
3230 2238 3381 2295 nulla
3439 2237 3551 2292 alia

1972 2337 2296 2407 probatione
2347 2346 2444 2392 aut
2467 2335 2938 2407 demonstrstione
2959 2333 3251 2390 veritatem
3280 2331 3550 2401 indigere,

1969 2439 2304 2501 compertum
2355 2440 2462 2498 est,
2494 2444 2594 2487 nec
2631 2430 2780 2487 aliud
2807 2428 3085 2493 deﬁnisse,
3137 2426 3284 2482 aliud
3316 2440 3446 2481 vero
3476 2422 3555 2479 fe-

1970 2524 2112 2580 cisse
2140 2541 2157 2590 ;
2184 2525 2276 2580 sed
2298 2534 2357 2581 ut
2385 2523 2650 2599 decrevit,
2685 2524 2766 2578 sic
2798 2531 2853 2581 et
2883 2523 3088 2593 ubique
3117 2522 3314 2577 fecisse
3345 2533 3553 2588 cogno-

1970 2618 2160 2673 scitur.
2185 2616 2431 2687 Namque
2454 2617 2655 2686 εοεσυί
2673 2616 2739 2672 ad
2759 2616 3014 2687 pietatem
3060 2614 3285 2688 gradum
3323 2610 3553 2669 iaciunt.

1969 2711 2179 2764 nullum
2206 2710 2351 2764 aliud
2380 2712 2722 2779 Symbolum.
2745 2724 2907 2779 quam
2941 2716 3310 2765 trecentorum
3335 2705 3556 2760 octode-

1970 2801 2076 2855 cim
2096 2800 2312 2858 Patrum
2341 2801 2527 2855 docuit
2571 2800 2921 2870 tradiditque,
2943 2801 3112 2855 risum
3144 2806 3329 2856 autem
3367 2800 3551 2870 potius

1972 2902 2161 2947 contra
2190 2892 2426 2962 seipsos,
2457 2908 2619 2963 quam
2648 2892 2841 2962 synodi
2869 2893 3273 2947 accusationem
3294 2892 3555 2963 excitant,

1974 2983 2062 3038 ubi
2095 2984 2285 3038 dicunt
2317 2997 2435 3038 eam
2461 2999 2492 3038 a
2517 2983 2764 3053 pluribus
2790 2982 3046 3037 derideri.
3081 2982 3228 3049 Quot
3253 2982 3401 3036 enim
3438 2981 3555 3051 pri-

1973 3087 2191 3151 tuamet
2214 3076 2612 3131 meumenicam
2646 3087 2889 3130 sanctam
2915 3074 3184 3146 synodum
3211 3074 3406 3144 synodi
3448 3074 3557 3129 cri-

1974 3167 2193 3220 iniuata:
2209 3175 2360 3232 sunt,
2379 3176 2490 3221 tum
2509 3166 2676 3222 etiam
2691 3167 2818 3236 ipsa:
2838 3167 3162 3236 praesulibus
3182 3165 3556 3221 abundantes?

1973 3256 2118 3311 Illam
2141 3273 2266 3313 vero
2279 3267 2500 3314 centum
2534 3259 2929 3328 quinquaginta
2946 3257 3185 3326 Patrum,
3203 3272 3270 3312 an
3288 3257 3369 3313 vel
3388 3256 3551 3313 fuerit

1973 3348 2215 3420 [Egyplii
2248 3350 2390 3406 scire
2435 3352 2751 3406 noluerunt.
2798 3348 2905 3404 Sed
2940 3349 3106 3405 missa
3161 3349 3425 3407 faciamus
3463 3364 3555 3404 eo-

1972 3443 2216 3497 rumdem
2257 3440 2640 3497 deliramenta.
2689 3461 2710 3495 ι
2746 3441 2829 3496 Ad
2871 3440 2988 3497 hac
3026 3442 3181 3498 divus
3230 3441 3499 3498 Maximus
3534 3458 3550 3495 :

1974 3554 1994 3588 ι
2025 3535 2271 3601 Quanam
2292 3535 2458 3605 igitur
2484 3535 2718 3602 ratione,
2753 3550 2875 3606 qua:
2912 3537 3015 3592 hoc
3045 3546 3204 3607 pacto
3235 3536 3437 3592 similia
3466 3538 3554 3606 pie

1969 3629 2224 3695 clareque
2252 3638 2519 3695 operatur
2553 3640 2607 3682 et
2653 3626 2831 3682 sancit
2856 3637 3106 3681 sanctam
3136 3627 3552 3684 Chalcedonen-

1969 3734 2082 3774 sem
2108 3719 2376 3788 synodum
2403 3733 2556 3787 aeque
2591 3733 2656 3774 ac
2684 3720 2728 3773 si
2760 3716 3038 3775 Nicmnam
3072 3718 3442 3776 deﬁnitionem
3469 3735 3551 3783 re-

1970 3812 2239 3879 pudiaret,
2270 3812 2469 3880 poterit
2515 3827 2760 3882 unquam
2810 3811 3084 3880 quispiam
3114 3811 3367 3881 probare,
3419 3812 3557 3865 licet

1967 3903 2210 3957 omnium
2245 3904 2311 3959 ad
2347 3918 2458 3969 res,
2481 3920 2605 3974 quae
2656 3918 2930 3974 nusquam
2974 3911 3121 3970 sunt,
3161 3904 3549 3975 tingunturque

1968 3997 2232 4055 adversus
2265 3997 2574 4060 veritatem,
2596 3994 2762 4049 etiam
2795 4010 2921 4049 cum
2946 3993 3233 4051 mendacio
3258 3997 3550 4050 commini—

1968 4086 2201 4145 scendas
2226 4086 2533 4141 acerrimus
2556 4086 2647 4142 sit.
2675 4084 2830 4152 Quod
2847 4085 2897 4139 si
2918 4098 2973 4139 ut
2993 4087 3110 4141 time
3130 4087 3347 4158 quidem
3374 4087 3545 4144 lirmi-

1968 4186 2053 4233 ter
2089 4187 2534 4241 conservantem,
2562 4186 2616 4232 et
2642 4175 2942 4232 secundani
2996 4176 3136 4233 forte
3169 4179 3544 4237 deﬁnitionem

1968 4267 2408 4322 introdueentem
2438 4265 2822 4323 maledictione
2866 4275 2921 4322 et
2952 4267 3202 4323 convicio
3251 4268 3504 4337 excipitis
3527 4312 3541 4335 ,

1967 4357 2215 4434 quaelnec
2229 4363 2391 4419 fuerit
2404 4362 2673 4420 abeadem
2692 4363 2933 4420 secunda
2949 4365 3196 4422 detinitio
3207 4367 3544 4422 introducta?

1967 4456 2273 4523 Confessio,
2294 4457 2502 4528 inquis,
2524 4458 2759 4512 duarum
2783 4460 3414 4528 naturarum,dictioque
3430 4460 3542 4525 illa.

1968 4550 2019 4603 in
2049 4548 2263 4604 duabus
2298 4548 2535 4616 naturis,
2570 4565 2690 4620 qua:
2730 4550 2878 4606 nullo
2903 4550 3068 4605 modo
3096 4549 3315 4606 Nicazna
3352 4552 3545 4607 delini-

1967 4642 2046 4696 tio
2077 4642 2343 4708 continet,
2367 4640 2464 4697 sed
2494 4642 2675 4711 palam
2716 4657 2747 4696 α
2781 4642 3324 4699 Chalcedonensiims
3368 4642 3543 4697 Patri-

1965 4731 2068 4787 bus
2099 4731 2312 4786 intrusa
2347 4740 2495 4796 sunt,
2528 4732 2682 4786 nullo
2705 4731 2869 4786 modo
2918 4737 3077 4785 antea
3118 4731 3361 4801 cognita,
3387 4731 3468 4784 vel
3514 4745 3542 4784 a

1963 4837 2237 4892 quoquam
2273 4823 2566 4877 recensita.
2597 4822 2748 4888 Quod
2784 4837 2912 4876 vero
2974 4838 3149 4893 neque
3196 4824 3245 4877 id
3309 4825 3545 4893 probare

1966 4916 2214 4985 potestis,
2238 4914 2592 4969 manifestum
2624 4925 2749 4970 est;
2782 4929 2813 4968 a
2845 4915 3034 4970 multis
3083 4916 3360 4986 siquidem
3413 4928 3541 4973 ante

1965 5024 2088 5065 eam
2121 5008 2374 5064 Patribus
2404 5022 2510 5062 vox
2543 5007 2634 5062 illa
2666 5008 2745 5062 uti
2777 5009 2863 5078 pia
2904 5016 3154 5078 reputata
3196 5021 3280 5067 est
3335 5019 3389 5065 et
3441 5025 3538 5083 ρυ-

1967 5101 2107 5157 blice
2145 5098 2532 5172 depracdicata,
2583 5108 2860 5172 testesque
2894 5111 3025 5158 sunt
3082 5117 3273 5158 eorum
3333 5119 3544 5158 sermo-

1964 5206 2087 5259 nes,
2155 5192 2248 5261 qui
2281 5206 2401 5247 eam
2431 5192 2740 5259 edixerunt,
2792 5196 2989 5264 quovis
3031 5196 3166 5251 solis
3207 5195 3361 5249 radio
3424 5194 3540 5249 cta-

1964 5285 2141 5339 riores
2191 5292 2356 5356 atque
2385 5286 2810 5355 splendidiores.
2840 5286 3059 5358 Vosque
3095 5289 3147 5342 id
3174 5299 3270 5341 aut
3320 5269 3543 5356 propter

1964 5374 2240 5431 inscitiam
2292 5377 2579 5446 ignoratis,
2647 5385 2743 5433 aut
2798 5380 3051 5448 ignorare
3091 5378 3297 5447 ﬁngitis
3321 5384 3543 5446 propter

1964 5468 2429 5536 maledictionem,
2471 5480 2527 5524 et
2550 5471 2766 5539 piorum
2824 5470 3046 5525 Patrum
3104 5483 3171 5523 ac
3215 5469 3537 5538 dogmatum

1964 5572 2219 5612 vesanam
2256 5560 2716 5614 criminationem.
2764 5558 2977 5623 Quodsi
3010 5542 3218 5612 nullum
3250 5557 3302 5611 id
3322 5573 3539 5627 quoque

1968 5659 2133 5717 esset,
2182 5668 2302 5705 cum
2333 5660 2514 5706 tamen
2552 5654 2872 5721 plurimum,
2905 5662 2964 5705 ut
2991 5651 3124 5717 dixi,
3168 5668 3289 5708 sese
3320 5650 3535 5716 oﬂerat,

1966 5744 2098 5813 quid
2128 5746 2355 5813 impedit
2406 5753 2486 5798 tot
2529 5745 2738 5809 Patres,
2767 5746 2875 5799 imo
2925 5745 3362 5801 Christianorum
3419 5738 3532 5799 υιγ..

1969 5852 2118 5891 litum
2163 5848 2385 5905 coetum,
2411 5837 2463 5892 id
2493 5854 2725 5909 namque
2762 5856 2975 5909 [impne
3004 5853 3086 5893 νει
3110 5832 3430 5897 υιῖίμςιίῖελιιι
3450 5861 3535 5897 uni

3102 5931 3133 5991 8
