3998 6464
466 377 574 444 239
1346 383 1724 445 GREGORII
1770 383 2058 444 MAMMJE

2164 382 2226 443 P.
2273 379 2785 441 PATRIARCIUE
3622 378 3738 442 210

469 507 577 559 que
621 489 905 544 sententia:
943 487 1314 546 declaratione
1360 492 1577 563 iAtqui
1623 494 1841 548 divinus
1889 493 2045 549 Chri-

2164 491 2376 559 ῑύναμιν
2409 490 2803 560 ἐμφανίζοντες
2832 506 2846 548 ;
2911 490 3105 543 Καίτοι
3155 488 3437 559 γέγραφεν
3469 493 3498 545 ὁ
3527 492 3730 549 θεσπὲ-

469 582 539 637 sti
576 581 875 651 discipulus
911 582 1174 652 scriptum
1211 585 1433 655 reliquit
1465 602 1481 639 :
1514 584 1701 639 Parati
1740 602 1945 655 semper
1976 588 2044 639 ad

2164 598 2265 642 no;
2297 583 2546 651 μαθητής
2570 598 2586 615 ’
2623 581 2889 648 "Emion
2917 580 3006 633 ἀεὶ
3035 580 3186 648 πρὸς
3211 581 3552 650 ἀπολογίαν
3573 598 3738 639 xar—

472 674 886 741 satisfactionetn
939 675 1084 728 omni
1129 678 1368 745 poscenti
1423 694 1509 731 eos
1556 679 1819 733 rationem
1878 681 1941 732 de
1984 695 2046 733 ca

2164 673 2201 724 τὶ
2241 673 2319 739 τῷ
2357 670 2623 726 αἰτοῦντι
2654 669 2809 739 ἡμᾶς
2829 671 3019 738 λόγον
3049 670 3186 739 περὶ
3216 670 3322 739 τῆς
3353 672 3424 724 ἐν
3456 674 3605 742 ἡμῖν
3635 676 3739 728 έλ-

470 782 586 836 ᾳιιω
615 767 670 819 in
698 764 845 821 vobis
901 775 979 820 est
1030 783 1122 836 spe
1144 767 1184 822 ⁸.
1221 768 1323 832 Qui
1374 783 1504 839 ergo
1547 768 1652 823 hoc
1692 771 1804 824 vult
1845 771 2045 837 facere,

468 858 603 913 nihil
647 858 833 929 utique
863 859 991 915 novi
1042 860 1291 925 molitur,
1340 877 1441 917 nec
1474 862 1599 917 lidei
1645 863 2042 931 expositionem

468 950 734 1015 innovare
782 950 1235 1019 deprehenditur,
1282 954 1374 1008 sed
1426 957 1608 1024 potius
1637 970 1757 1010 eam
1790 956 2049 1025 quamde

466 1041 693 1096 Christo
753 1042 914 1097 habet
970 1041 1129 1098 [idem
1186 1045 1650 1115 interrogantibus
1704 1047 2046 1116 prospicuatu

468 1133 672 1188 reddit.
717 1133 910 1188 Audivi
959 1145 1219 1205 prmterea
1261 1136 1511 1191 veritatis
1543 1136 1728 1192 hostes
1773 1138 2049 1207 piissimo-

469 1241 591 1279 rum
638 1224 1025 1295 episcoporum
1060 1226 1408 1280 concordiam
1451 1227 1735 1295 aegerrime
1786 1226 1947 1290 ferre,
1994 1235 2050 1282 et

471 1333 687 1372 rursum
721 1332 786 1371 ac
823 1318 1078 1372 deorsum
1111 1317 1346 1371 miscere
1375 1317 1561 1371 omnia
1597 1329 1761 1387 atque
1814 1319 2048 1389 jactare,

468 1410 860 1473 confessionis,
893 1424 1057 1479 quam
1092 1410 1169 1464 illi
1206 1411 1273 1464 de
1302 1418 1451 1465 recta
1481 1409 1609 1475 lide,
1641 1412 1801 1477 nihil,
1827 1422 1886 1467 ut
1913 1413 2046 1478 dixi,

470 1502 822 1563 innovantes,
860 1501 966 1555 hoc
991 1510 1094 1567 est,
1134 1499 1271 1554 nihil
1300 1499 1364 1553 ad
1396 1514 1456 1553 ea
1484 1515 1605 1570 qua:
1634 1501 1761 1554 olim
1784 1502 2053 1557 constitu-

470 1602 523 1647 ta
547 1601 695 1657 sunt,
720 1591 1062 1661 adjicientes,
1086 1594 1179 1646 sed
1207 1591 1389 1661 potius
1415 1591 1707 1661 inculpatis
1729 1600 2050 1647 sanctOrum

472 1685 696 1739 Patrum
731 1684 999 1754 dogmatis
1046 1681 1409 1747 adhaerentes.
1455 1686 1774 1749 ediderunt,
1823 1698 2050 1740 sensum

397 1848 405 1855 ν
470 1787 524 1832 et
573 1778 682 1831 vim
732 1791 855 1831 cum
894 1774 1092 1845 impiis
1124 1776 1241 1831 suis
1290 1774 1616 1830 commentis
1664 1789 1989 1844 congruere.
2027 1792 2046 1825 ι

470 1871 607 1925 Cum
642 1870 694 1924 id
731 1868 913 1938 itaque
943 1833 1231 1937 approbet,
1272 1873 1325 1921 et
1359 1876 1416 1920 ut
1446 1866 1539 1920 [lat
1572 1833 1813 1937 synodu-s
1851 1864 2056 1920 adhor-
2089 1833 2130 1890 Β

472 1969 639 2023 tetur,
670 1958 948 2030 quomodo
974 1956 1220 2013 nonnulli
1254 1956 1547 2022 afﬁrmant,
1581 1972 1611 2011 a
1643 1957 1811 2011 tertia
1841 1955 2055 2026 synodo

474 2053 896 2124 prohibitionem
947 2049 1187 2106 factam?
1214 2049 1357 2116 Quin
1389 2060 1441 2104 ct
1464 2058 1688 2104 sanctus
1735 2046 2054 2115 Gregorius,

470 2147 556 2200 cui
589 2162 619 2199 a
647 2142 917 2214 theologia
958 2158 1157 2197 nomen
1197 2152 1303 2207 est,
1334 2140 1401 2195 ad
1447 2138 1769 2195 Cledonium
1816 2140 1890 2193 ita
1921 2140 2060 2194 scri-

471 2237 582 2291 bit:
615 2235 755 2291 rNos
788 2236 913 2289 ﬁdei
938 2233 1132 2289 Nicaeae
1166 2231 1325 2287 edita:
1350 2232 1617 2286 asanctis
1645 2230 1926 2295 Patribus,
1962 2232 2054 2301 qui

471 2344 538 2384 eo
594 2335 991 2389 convenerant,
1035 2324 1101 2380 ad
1151 2324 1411 2379 Arianam
1450 2323 1704 2379 haeresim
1754 2324 2054 2394 proﬂigan-

471 2422 597 2473 dam
635 2420 771 2474 nihil
806 2431 1045 2486 unquam
1096 2414 1531 2485 anteposuimus,
1583 2427 1687 2469 nec
1725 2423 2058 2483 anteponere

470 2528 789 2583 possumus,
820 2509 915 2567 sed
964 2510 1112 2565 illius
1148 2509 1268 2564 tidei
1310 2508 1493 2563 divina
1526 2509 1720 2580 gratia,
1755 2509 1901 2579 quod
1948 2524 2055 2564 non

477 2611 689 2674 integre
722 2606 788 2659 de
819 2601 1027 2673 Spiritu
1064 2610 1257 2658 sancto
1298 2601 1507 2656 dictum
1542 2611 1645 2665 est,
1672 2601 1938 2669 integrum
1979 2600 2057 2655 fa-

472 2699 705 2750 ciemus.
744 2713 765 2747 ι
812 2692 971 2759 Quod
994 2690 1338 2747 admirabilis
1362 2690 1632 2761 interpres
1659 2689 1809 2745 Elias
1831 2690 2056 2745 Creten-

476 2789 552 2843 sis
614 2788 690 2841 ita
741 2786 1022 2857 exponit:
1074 2801 1095 2837 ι
1131 2783 1375 2854 Corpore
1426 2781 1695 2852 siquidem
1746 2779 2052 2836 dictionum

472 2880 740 2934 omissum
784 2876 988 2943 fuerat,
1026 2885 1082 2931 at
1144 2878 1350 2940 anima,
1407 2886 1530 2943 qum
1580 2871 1868 2928 sententiae
1901 2882 2053 2937 sunt,

443 2969 768 3041 'nusquam.
808 2968 1154 3039 Quapropter
1198 2975 1443 3033 sanctus,
1480 2980 1587 3021 non
1623 2967 1915 3033 omissum,
1960 2968 2056 3023 sed

469 3078 579 3115 non
639 3060 853 3131 integre
907 3059 1115 3115 dictum
1167 3059 1417 3129 corporis
1463 3057 1705 3113 dictione
1752 3059 2053 3128 integrans,

2152 764 2348 829 κίδος.
2410 764 2472 817 Ὀ
2525 763 2581 815 δὲ
2622 762 2787 815 τοῦτο
2834 763 2968 833 δρᾷν
3025 764 3342 831 ἠργμένος.
3386 767 3739 833 καινουργῶν

2156 856 2255 925 μέν
2288 854 2464 917 οὐδὲν,
2497 854 2613 907 ἀλλ’
2636 855 2758 908 ούδέ
2796 859 3035 917 πίστεως
3067 855 3287 909 ἔκθεσιν
3321 858 3512 926 δρᾶται
3540 875 3739 912 autvo-

2148 947 2356 1018 τομῶν,
2398 948 2607 1019 ἐναργῆ
2659 948 2714 1000 δέ
2751 946 2952 1017 μᾶλλον
2980 946 3273 1017 καθίστησι
3307 952 3416 1009 τοῖς
3448 949 3741 1017 ἐρομένοις

2154 1041 2341 1105 αὐτὶν,
2373 1041 2441 1110 ἢν
2493 1041 2588 1092 καὶ
2624 1040 2788 1102 αὐτὸς
2832 1040 3023 1092 πίστιν
3059 1039 3175 1109 ἔχει
3206 1040 3338 1108 περὶ
3369 1039 3527 1093 Θεοῦ.
3572 1041 3739 1094 Ἐπυ-

2153 1132 2331 1202 θὸμην
2356 1131 2413 1185 δέ
2454 1132 2592 1201 πρὸς
2641 1131 2882 1194 τούτοις,
2911 1132 2995 1184 ὅτι
3031 1135 3151 1195 ταῖς
3183 1133 3293 1184 τῶν
3322 1132 3757 1185 θεοσεὸιὺντωνν

2153 1225 2466 1278 ἐπισκόπων
2525 1223 2853 1294 δμοψυχίαις
2914 1225 2974 1277 ού
3011 1227 3251 1295 μετρίως
3301 1225 3742 1291 ἐπιστυγνὰξον-

2151 1332 2244 1378 τες
2281 1317 2379 1385 τῆς
2403 1316 2681 1387 ,ἀληθείας
2714 1316 2909 1386 ἐχθροὶ
2950 1317 3067 1370 ἀνω
3115 1317 3210 1369 καὶ
3241 1315 3393 1369 κάτω
3420 1317 3741 1370 διακυκῶσι

2153 1409 2219 1461 τὰ
2250 1412 2447 1473 πάντα,
2484 1410 2580 1463 καὶ
2606 1410 2717 1471 τοῖς
2753 1408 2990 1470 ἀνοσίοις
3042 1409 3225 1460 αὐτῶν
3274 1409 3559 1478 εὑρήμασι
3590 1425 3741 1478 συμ-

2154 1502 2315 1571 ϐῆναί
2350 1519 2483 1571 φησι
2532 1503 2632 1571 τῆς
2678 1502 2806 1571 παρ’
2847 1500 3031 1554 αὐτῶν
3084 1501 3387 1569 γενομένης
3425 1501 3730 1568 ὁμολογίας

2154 1593 2253 1664 τὴν
2306 1592 2543 1661 δύναμιν
2616 1595 2684 1662 ἣν
2740 1592 2833 1645 ἐπὶ
2887 1594 2953 1663 τῇ
2994 1593 3131 1661 ὀρθῇ
3188 1591 3483 1659 πεποίηται
3523 1592 3737 1657 πίστει,

2157 1685 2629 1750 καινοτομοῦντες,
2661 1685 2737 1745 ὡς
2762 1684 2925 1754 ἔφην,
2957 1685 3074 1754 ἠως
3107 1684 3561 1754 προσεπάγοντες
3614 1687 3735 1746 τοῖς

2159 1778 2329 1831 πάλαι
2384 1776 2770 1848 διωρισμένοις
2829 1775 2893 1828 τὸ
2941 1775 3167 1845 σύμπαν
3229 1774 3424 1839 ούδέν,
3477 1775 3745 1843 ἐπδμενοι

2160 1871 2216 1923 δὲ
2253 1869 2454 1939 μᾶλλον
2491 1873 2603 1932 τοῖς
2634 1870 2744 1922 τῶν
2800 1868 2976 1937 ἁγίων
3030 1869 3290 1938 Πατὲρων
3342 1868 3745 1937 ἀνεπιλήπτως

2159 1962 2413 2030 δόγμασι.
2468 1979 2486 2012 ι
2516 1961 2629 2030 Τῆς
2681 1961 2842 2028 ἁγίας
2872 1954 2967 2013 οὖν
3013 1959 3174 2013 τοῦτο
3222 1960 3457 2030 μάλιστα
3493 1976 3743 2031 προτρε-

2160 2056 2378 2123 πούσης
2421 2052 2668 2117 συνόδου,
2706 2051 2825 2115 πῶς
2864 2054 3001 2120 φασί
3039 2068 3207 2115 τινες,
3244 2053 3326 2104 ὅτι
3354 2052 3464 2105 ἀπὸ
3492 2054 3589 2121 τῆς
3622 2054 3743 2123 τρίς

2159 2164 2255 2213 της
2291 2146 2515 2199 συνόδου
2575 2146 2637 2198 τὸ
2685 2144 2918 2215 κώλυμα
2960 2144 3229 2213 γέγονεν;
3262 2146 3375 2198 Καὶ
3419 2146 3449 2197 δ
3490 2144 3651 2213 ἅγιος
3684 2146 3745 2198 δὲ

2161 2239 2464 2310 Γρηγόριος
2494 2242 2523 2292 ὁ
2552 2238 2817 2305 Θεολόγος
2840 2237 2977 2305 πρὸς
3012 2237 3306 2305 Κληδόνων
3335 2235 3478 2289 οὕτω
3510 2240 3745 2304 γραφει-

2167 2349 2185 2381 ι
2232 2330 2429 2399 Ἡμεῖς
2493 2329 2596 2397 τῆς
2663 2328 2810 2381 κατὰ
2870 2327 3105 2381 Νίκαιαν
3148 2326 3384 2389 πίστεως
3430 2326 3540 2378 τῶν
3567 2326 3748 2393 ἁγίων

2163 2421 2430 2491 Πατέρων
2478 2420 2589 2473 τῶν
2624 2420 2805 2472 ἐκεῖσε
2859 2417 3228 2471 συνελθόντων
3280 2418 3371 2470 ἐπὶ
3417 2417 3749 2486 καθαιρέσει

2156 2516 2255 2583 τῆς
2296 2510 2647 2584 Ἀρειανικῆς
2698 2510 2966 2580 αἱρέσεως
3013 2509 3169 2562 οὐδὲν
3199 2506 3324 2562 οὕτε
3357 2511 3748 2577 προετιμήσα-

2161 2606 2258 2675 μέν
2304 2620 2457 2669 ποτε,
2505 2603 2631 2656 οὔτε
2690 2602 2969 2672 προτιμᾷν
3015 2598 3336 2669 δυνάμεθα,
3368 2600 3486 2652 ἀλλ’
3516 2601 3747 2666 ἐκείνης

2158 2699 2325 2767 ἐσμὲν
2357 2698 2453 2766 τῆς
2492 2697 2727 2758 πίστεως
2793 2696 2892 2748 σὺν
2950 2692 3072 2764 Θεῷ
3125 2695 3221 2746 καὶ
3268 2692 3532 2763 ἐσόμεθα,
3570 2708 3749 2763 προσ-

2157 2787 2546 2858 διαρθροῦντες
2575 2786 2636 2840 τδ
2670 2784 2936 2847 ἐλλειπῶς
2966 2784 3265 2854 εἰρημένον
3290 2785 3417 2853 περὶ
3451 2782 3549 2836 τοῦ
3577 2783 3741 2849 ἁγίου

2161 2882 2495 2949 Πνεῦματος.
2528 2900 2546 2931 ι
2586 2879 2765 2948 Ὅπερ
2789 2880 2817 2931 δ
2847 2878 3153 2947 θαυμάσιος
3204 2873 3476 2945 ἐξηγητὴς
3508 2874 3744 2936 ὁἹΙλὲας

2159 2971 2383 3043 Κρήτης
2440 2973 2497 3022 ἐν
2556 2969 2730 3043 ταύτῃ
2787 2970 2923 3037 φησί⁹
2950 2970 3016 3036 τῇ
3066 2969 3345 3037 περικοπῇ
3393 2981 3407 2995 ο
3451 2983 3469 3018 ι
3511 2964 3604 3034 Τῷ
3642 2965 3743 3034 μὲν

2158 3066 2268 3134 γάρ
2297 3062 2514 3133 σώματι
2556 3063 2667 3117 τῶν
2718 3062 2917 3127 λέξεων
2949 3060 3373 3130 παρελέλιιπτο,
3406 3062 3472 3129 τῇ
3501 3058 3559 3112 δὲ
3589 3060 3739 3128 ψυχῇ

470 3154 763 3209 absolvens
798 3150 1007 3208 scilicet
1031 3159 1086 3206 et
1123 3150 1503 3216 conformatus,
1530 3149 1859 3203 enuntiavit.
1893 3167 1913 3200 ι
1952 3148 2055 3203 Sed

2164 3156 2308 3225 λέγω
2339 3157 2407 3226 δὴ
2424 3157 2493 3210 τὰ
2517 3156 2628 3210 τῶν
2657 3155 2946 3225 νοημάτων
2978 3153 3254 3224 οὐδαμῶς.
3285 3154 3378 3206 Διὸ
3414 3155 3508 3207 καὶ
3528 3156 3556 3206 δ
3588 3155 3750 3220 ᾶγιος

472 3255 525 3297 et
554 3243 801 3299 sexcenti
835 3242 1057 3311 triginta
1088 3239 1283 3296 Patres
1318 3240 1373 3295 itt
1404 3249 1597 3296 sancta
1625 3250 1681 3295 et
1712 3240 2057 3296 o-cumenica

474 3346 665 3404 quarta
700 3333 914 3405 synodo
947 3335 1001 3387 iii
1033 3333 1365 3387 allocutione
1400 3334 1467 3386 ad
1498 3332 1891 3403 imperatorem
1915 3332 2061 3386 hunc

477 3431 533 3482 in
580 3427 803 3480 modum
847 3426 1153 3481 decernunt
1207 3439 1222 3478 :
1280 3441 1297 3475 ι
1349 3422 1407 3477 Si
1454 3426 1580 3492 quis
1624 3435 1805 3479 autem
1851 3435 2059 3488 censet,

481 3522 768 3590 hucusque
813 3518 1221 3573 consistendum
1267 3517 1377 3573 illis
1420 3532 1565 3578 esse,
1618 3518 1707 3586 qui
1755 3517 1915 3571 iidem
1964 3533 2061 3587 pro

473 3612 733 3667 facultate
774 3609 1067 3665 defendere
1101 3609 1351 3681 cupiunt,
1407 3610 1643 3663 maxime
1685 3609 1904 3678 quidem
1957 3608 2060 3663 hoc

480 3712 808 3773 praeceptum
840 3700 1110 3757 lia-reticis
1147 3701 1495 3771 promulgare
1534 3700 1771 3763 debebit,
1824 3699 1945 3754 illos
1994 3699 2063 3754 ab

480 3794 894 3866 impugnatione
918 3808 1226 3859 removens,
1262 3807 1370 3846 non
1408 3800 1662 3846 avertens
1705 3804 1735 3845 a
1770 3792 2065 3861 protectio-

482 3900 549 3939 t:e
583 3896 847 3955 pastores.
880 3880 1072 3939 Omnis
1099 3881 1303 3938 etenim
1337 3882 1421 3936 lex
1451 3880 1719 3952 improbis
1746 3880 2063 3935 hominibus

477 3976 675 4032 delicta
707 3974 982 4047 prohibet,
1016 3990 1125 4031 non
1181 3983 1507 4046 potestatem
1534 3973 1816 4042 iudicibus
1850 3972 2061 4028 adimit.

475 4068 630 4123 Alias
688 4077 871 4123 autem
921 4067 1247 4134 doceantur,
1300 4082 1446 4121 nunc
1498 4079 1718 4137 quoque
1766 4066 1955 4132 licere,
2005 4074 2064 4119 ut

478 4160 837 4231 ambiguitate
870 4168 1080 4226 exorta,
1122 4159 1343 4214 Patrum
1372 4157 2065 4228 ittterpretationibus'no-

480 4262 648 4307 stram
699 4252 1100 4307 confessionem
1156 4251 1475 4322 adiungere,
1538 4258 1800 4319 tanquam
1855 4248 1952 4319 qtti
2009 4252 2064 4302 in

484 4344 635 4399 nullo
665 4343 977 4398 discordem
1004 4343 1374 4413 intelligentiae
1403 4356 1591 4397 eorum
1616 4341 1917 4398 deferimus
1942 4357 2066 4397 sen-

483 4435 733 4490 tentiam.
800 4454 818 4488 ι
890 4436 998 4492 Sed
1051 4435 1155 4491 hoc
1207 4444 1523 4489 sanctorum
1556 4449 1619 4489 ac
1650 4434 1935 4491 beatorum
1966 4435 2066 4489 Pa-

2163 3250 2223 3302 οὐ
2259 3248 2320 3301 τδ
2359 3248 2908 3318 παραλελειμμένον,
2946 3247 3082 3301 ἁλλά
3121 3247 3182 3299 τὸ
3219 3246 3486 3308 ἐλλειπῶς
3513 3245 3744 3314 εἰρημέ-

2164 3360 2256 3395 νον
2285 3340 2382 3394 τοῦ
2419 3342 2671 3410 σώματος
2710 3339 2855 3404 λέξει
2881 3336 3198 3410 διαρθροῦν,
3229 3339 3349 3408 ἦτοι
3384 3336 3746 3407 ἐξακριϐοῦν,

2164 3436 2259 3488 καὶ
2303 3431 2641 3503 διαιιορφοῦν
2681 3431 3077 3502 ἐπηγγείλατο.
3123 3448 3141 3482 ι
3184 3429 3343 3483 Ἀλλὰ
3384 3430 3477 3483 καὶ
3524 3429 3576 3480 οἱ
3612 3429 3739 3493 ἐξι-

2163 3527 2338 3578 κόσιοι
2369 3526 2669 3596 τριάκοντα
2704 3522 2949 3593 Πατέρες
2986 3523 3035 3575 οῖ
3066 3522 3124 3573 ἐν
3164 3523 3233 3592 τῇ
3266 3520 3401 3590 ἁγίᾳ
3430 3522 3526 3574 καὶ
3555 3520 3747 3573 οἰκου-

2167 3620 2363 3689 μενικῇ
2413 3619 2655 3690 τετάρτῃ
2687 3615 2892 3687 συνόδῳ
2925 3618 2984 3669 ἐν
3030 3614 3108 3684 τῷ
3142 3613 3281 3683 πρὸς
3313 3611 3542 3682 βασιλέα
3565 3612 3751 3682 Προσ-

2164 3710 2460 3781 φωνητικῷ
2486 3708 2629 3763 οὕτω
2651 3708 3005 3771 θεσπίζουσιν
3030 3723 3045 3739 ·
3082 3724 3101 3757 ι
3137 3707 3199 3760 El
3232 3706 3291 3759 δέ
3320 3721 3403 3767 τις
3437 3705 3600 3774 μέχρι
3624 3704 3750 3758 sed-

2162 3822 2259 3857 του
2284 3804 2479 3873 στῆναι
2496 3806 2611 3866 τοῖς
2636 3803 2818 3855 πίστει
2842 3803 3171 3872 συνηγορεῖν
3196 3798 3549 3870 βουλομένοις
3577 3813 3750 3868 ⁴προσ--

2167 3894 2356 3948 τάττει
2413 3894 2514 3962 τὴν
2566 3894 2776 3955 ἄδειαν.
2830 3891 3071 3962 μάλιστα
3126 3888 3226 3960 μιν
3267 3892 3383 3952 τοῖς
3444 3890 3751 3960 αίρετικοῖς

2165 3987 2325 4040 τοῦτο
2358 3985 2726 4056 νομοθετείτω
2750 3983 2814 4038 τὸ
2847 3983 3207 4053 πρόσταγμα.
3252 3980 3531 4042 Ἐκείνους
3557 3980 3750 4051 παύσῃ

2166 4078 2265 4147 τῆς
2310 4076 2550 4143 ἀδικίας,
2593 4077 2670 4146 μὴ
2721 4075 2847 4137 τοὺς
2898 4072 3169 4143 ποιμένας
3226 4072 3327 4140 τῆς
3379 4070 3747 4140 ἀντιλήψεως.

2168 4165 2285 4227 Πᾶς
2340 4164 2450 4236 γὰρ
2518 4166 2683 4233 νόμος
2741 4166 2855 4226 τοῖς
2915 4163 3177 4230 πονηροῖς
3243 4161 3589 4230 ἀπαγορεύει
3652 4162 3753 4229 τὴν

2169 4254 2469 4325 ἁμαρτίαν,
2511 4253 2573 4306 ού
2612 4252 2742 4316 τοὺς
2780 4252 2977 4321 κριτὰς
3010 4251 3271 4321 ἀπείργει
3321 4250 3421 4318 τῆς
3472 4249 3750 4315 ἐξουσίας.

2174 4349 2383 4409 ’Ἄλλως
2418 4363 2479 4400 τε
2511 4348 2964 4415 μανθανέτωσαν,
2989 4345 3065 4407 ὡς
3120 4344 3219 4397 καὶ
3249 4342 3344 4397 νῦν
3371 4342 3613 4407 ἔξεστιν,
3647 4342 3752 4411 ἁμο

2171 4441 2554 4511 φισσητήσεως
2582 4440 2919 4508 ἀναφυείσης
2946 4442 3073 4501 τιῖς
3109 4439 3219 4492 τῶν
3277 4437 3538 4507 [Ιατέρωιι
3570 4436 3751 4505 ἑρμη-

483 4541 627 4583 ttum
651 4530 930 4585 decretum
968 4528 1173 4584 nullam
1204 4527 1271 4584 iis
1296 4528 1388 4598 qui
1429 4530 1819 4583 contentiones
1854 4543 1915 4583 ac
1949 4529 2058 4584 dis-

2175 4534 2492 4602 νείαις,τὴν
2543 4533 2829 4603 ἡμετέραν
2879 4533 3278 4586 ἐπισυνάπτειν
3321 4529 3641 4598 ὁμολογίαν,
3677 4529 3757 4589 ὡς

483 4621 621 4676 sidia
658 4630 866 4687 amant,
924 4621 1322 4693 tergiversandi
1389 4638 1580 4678 ansam
1630 4623 1869 4691 reliquit,
1931 4632 2059 4676 tau-

482 4726 645 4780 quam
670 4712 817 4783 quod
848 4712 1094 4784 seipsutn
1128 4725 1313 4785 aperte
1344 4714 1759 4785 interpretetur,
1794 4724 1848 4769 et
1906 4716 2064 4769 haesi-

482 4806 713 4862 tatione:
766 4806 1052 4862 universas
1111 4821 1175 4862 ac
1227 4807 1389 4862 dubia
1472 4807 1646 4869 tollat,
1700 4818 1752 4859 et
1836 4806 1902 4861 ad
1967 4807 2067 4860 ini-

485 4906 787 4966 peratoretn
824 4896 990 4952 veluti
1024 4899 1107 4952 lcx
1151 4907 1206 4953 et
1246 4907 1516 4953 statutum
1558 4900 1789 4953 missum
1836 4899 1929 4954 sit.
1973 4899 2066 4955 Ait

485 4988 631 5041 enim
667 5004 683 5043 :
727 5007 748 5041 ι
784 4989 936 5046 A'ias
966 5000 1148 5046 autem
1178 4991 1509 5056 doceantur,
1548 5006 1694 5047 nunc
1731 5007 1949 5064 quoque
2002 4994 2068 5048 li-

484 5095 629 5145 cere,
656 5089 735 5145 ut,
765 5083 1120 5153 ambiguitate
1144 5096 1363 5152 exorta,
1392 5085 1617 5143 Patrum
1648 5087 2063 5157 interpretatio-

486 5170 647 5226 nibus
677 5180 921 5226 nostrain
958 5173 1356 5231 confessionem
1380 5178 1702 5250 adiungere,
1740 5196 1759 5231 ι
1810 5187 1915 5231 etc.
1956 5174 2065 5230 Sed

482 5264 600 5320 ha’c
639 5280 693 5318 ιιι
745 5266 998 5335 ριαξεοιιιί
1039 5269 1173 5323 satis
1217 5271 1345 5335 sint,
1380 5278 1439 5324 ut
1470 5270 1627 5339 plane
1662 5269 1717 5325 id
1767 5270 2065 5339 aperiatur,

486 5373 593 5413 nos
609 5374 888 5430 nunquam
912 5360 1127 5415 divinos
1145 5363 1409 5417 terminos
1435 5373 1854 5430 prmtergressos
1874 5359 2064 5415 fuisse.

484 5451 674 5520 Neque
718 5456 862 5506 enim
892 5451 1100 5522 justum
1138 5462 1220 5507 est
1283 5468 1459 5523 neque
1502 5452 1671 5523 pium.
1719 5453 1842 5508 illos
1881 5452 2066 5521 negle-

485 5540 599 5594 ctui
632 5541 854 5610 habere,
880 5560 1014 5611 quos
1044 5545 1174 5599 totis
1212 5545 1419 5599 viribus
1458 5544 1707 5613 amplecti
1738 5558 2068 5614 servareque

487 5632 748 5690 debemus
791 5649 807 5699 ;
846 5643 899 5688 et
937 5636 1097 5691 fidem
1148 5637 1333 5700 aliam,
1374 5636 1536 5691 veluti
1579 5635 1916 5690 contrariam
1959 5652 2067 5690 nun

490 5731 700 5777 tantum
732 5734 1013 5790 excutere,
1080 5730 1173 5782 sed
1216 5728 1447 5798 rejicere
1475 5727 1636 5785 etiam
1672 5738 1724 5783 et
1760 5727 2069 5783 anathema-

564 5842 577 5872 ³
608 5839 627 5895 ι
654 5839 800 5897 Petr.
826 5856 909 5910 iit,
946 5841 1032 5898 15.

2173 4628 2273 4679 οὐκ
2322 4625 2532 4695 ἀπᾷδον
2583 4626 2680 4693 τῆς
2731 4625 2959 4677 ἐκείνων
3016 4624 3257 4685 δ.ανοίιις
3312 4620 3750 4688 ἐπιδεικνύμεθα

2173 4720 2431 4788 φρόνημα
2489 4735 2509 4767 ι
2558 4715 2699 4771 Ἀλλ’
2728 4716 2869 4784 αὕτη
2910 4718 2943 4787 η
2974 4716 3083 4769 τῶν
3122 4714 3284 4767 θείων
3314 4712 3418 4765 καὶ
3454 4708 3773 4781 μακαρίων“

2178 4810 2447 4879 Πατέρων
2500 4808 2779 4875 ἀπόφασις
2838 4807 3101 4872 οὐδεμίαν
3156 4803 3418 4858 κατέλιπε
3470 4805 3756 4872 πρίφασιν

2176 4903 2287 4963 τοῖς
2336 4900 2581 4953 ἐθέλουσι
2634 4899 2961 4969 φιλονεικεῖν
2990 4898 3085 4949 καὶ
3110 4894 3399 4964 ἐρεθίζειν,
3431 4891 3510 4955 ὡς
3554 4890 3754 4954 αὐτεξ-

2174 4994 2378 5064 ήγητος
2438 4987 2594 5055 οὖσα,
2664 4993 2760 5045 καί⁵
2818 4988 3094 5060 μηδεμίαν
3146 4987 3561 5058 ἀμφισϐήτησιν
3587 5000 3755 5038 κατα-

2176 5085 2432 5151 λιποῦσα,
2468 5085 2560 5138 καὶ
2586 5084 2670 5137 ὅτι
2716 5084 2791 5146 ὡς
2823 5084 2989 5153 νόμος
3024 5082 3119 5134 καὶ
3151 5082 3430 5148 ἀπόφασις
3487 5078 3629 5147 πρὸς
3664 5077 3753 5129 τὸν

2178 5177 2404 5248 βασιλέα
2434 5177 2741 5244 ἀπεστάλη.
2771 5177 2912 5246 Φησὶ
2956 5178 3087 5243 γὰρ,
3121 5193 3139 5226 ι
3178 5173 3390 5236 ’Ἄλλως
3424 5188 3485 5225 τε
3540 5170 3752 5239 μανθα·

2177 5273 2439 5334 νέτωσαν,
2468 5269 2541 5333 ὡς
2581 5272 2676 5321 καὶ⁹
2723 5267 2821 5323 νῦν
2863 5266 3094 5333 ἔξεστιν,
3126 5264 3595 5336 ἀμφισσητὴσεως
3624 5264 3755 5316 ἁνα-

2179 5362 2410 5430 φυείσης
2448 5364 2568 5425 ταῖς
2612 5361 2720 5413 τῶν
2755 5360 3018 5430 Πατάρων
3064 5358 3414 5429 ἑρμηνείαις,
3444 5356 3755 5408 ἐπισυνάπ-

2175 5471 2289 5507 τειν
2315 5457 2413 5525 τὴν
2444 5455 2727 5525 ἡμετέραν
2758 5453 3074 5523 ὁμολογίανσ
3113 5468 3131 5503 ι
3165 5451 3258 5505 καὶ
3287 5451 3358 5503 τὰ
3385 5449 3537 5518 ἑξῆς.
3587 5447 3751 5503 Ἀλλὰ

2176 5548 2351 5600 ταῦτα
2385 5546 2484 5617 μὲν
2522 5549 2578 5610 ἐς
2602 5546 2861 5601 τοσοῦτον
2893 5543 3015 5611 νῦν,
3051 5546 3126 5609 ὡς
3152 5543 3590 5613 διατρανούντων
3621 5544 3753 5611 ἁλη-

2186 5641 2315 5704 θώς,
2351 5638 2433 5693 ὅτι
2484 5639 2546 5691 οὐ
2586 5639 2917 5711 παρείδομεν
2966 5640 3095 5702 τοὺς
3152 5637 3332 5701 θείους
3382 5635 3551 5706 ὄρους
3603 5637 3750 5691 ποτέ.

2174 5732 2314 5786 Οὐδὲ
2346 5732 2455 5803 γὰρ
2479 5732 2648 5800 ὅσιον,
2681 5732 2794 5786 οὐδ’
2826 5730 3042 5796 εὐσεϐὲς
3087 5732 3282 5789 αὐτοὺς
3317 5731 3591 5801 παρορᾷν,
3634 5731 3744 5783 ἀλλ’
