  <div class='ocr_page' id='page_1' title='image "/cluster/home/n/w/nwhite01/storage/ocr_20150623/160/hvd.32044036446961/146.png"; bbox 0 0 3998 6464; ppageno 0'>
   <div class='ocr_carea' id='block_1_1' title="bbox 310 322 412 391">
    <p class='ocr_par' dir='ltr' id='par_1_1' title="bbox 310 322 412 391">
     <span class='ocr_line' id='line_1_1' title="bbox 310 322 412 391; baseline 0 -1"><span class='ocrx_word' id='word_1_1' title='bbox 310 322 412 391; x_wconf 68' lang='grc'><strong>241</strong></span> 
     </span>
    </p>
   </div>
   <div class='ocr_carea' id='block_1_2' title="bbox 1404 344 2441 420">
    <p class='ocr_par' dir='ltr' id='par_1_2' title="bbox 1404 344 2441 420">
     <span class='ocr_line' id='line_1_2' title="bbox 1404 344 2441 420; baseline 0.018 -19"><span class='ocrx_word' id='word_1_2' title='bbox 1404 344 1445 401; x_wconf 82' lang='grc' dir='ltr'>Α</span> <span class='ocrx_word' id='word_1_3' title='bbox 1460 346 1506 405; x_wconf 85' lang='lat' dir='ltr'>D</span> <span class='ocrx_word' id='word_1_4' title='bbox 1552 345 1916 409; x_wconf 81' lang='lat' dir='ltr'><strong>IMPERAT.</strong></span> <span class='ocrx_word' id='word_1_5' title='bbox 1963 351 2441 420; x_wconf 78' lang='lat' dir='ltr'><strong>TRAPEZUNT.</strong></span> 
     </span>
    </p>
   </div>
   <div class='ocr_carea' id='block_1_3' title="bbox 3461 372 3567 439">
    <p class='ocr_par' dir='ltr' id='par_1_3' title="bbox 3461 372 3567 439">
     <span class='ocr_line' id='line_1_3' title="bbox 3461 372 3567 439; baseline 0.038 -4"><span class='ocrx_word' id='word_1_6' title='bbox 3461 372 3567 439; x_wconf 67' lang='grc'><strong>242</strong></span> 
     </span>
    </p>
   </div>
   <div class='ocr_carea' id='block_1_4' title="bbox 310 440 1885 545">
    <p class='ocr_par' dir='ltr' id='par_1_4' title="bbox 310 440 1879 526">
     <span class='ocr_line' id='line_1_4' title="bbox 310 440 1879 526; baseline 0.013 -34"><span class='ocrx_word' id='word_1_7' title='bbox 310 442 413 512; x_wconf 79' lang='grc' dir='ltr'><strong>ὅση</strong></span> <span class='ocrx_word' id='word_1_8' title='bbox 448 440 679 511; x_wconf 87' lang='grc' dir='ltr'>δύναμις</span> <span class='ocrx_word' id='word_1_9' title='bbox 711 443 909 510; x_wconf 72' lang='grc' dir='ltr'>αὐτοὺς</span> <span class='ocrx_word' id='word_1_10' title='bbox 941 446 1282 514; x_wconf 70' lang='grc' dir='ltr'>ἀσπάζεσθαί</span> <span class='ocrx_word' id='word_1_11' title='bbox 1322 469 1377 506; x_wconf 85' lang='grc' dir='ltr'><strong>τε</strong></span> <span class='ocrx_word' id='word_1_12' title='bbox 1420 455 1513 508; x_wconf 75' lang='grc' dir='ltr'><strong>καὶ</strong></span> <span class='ocrx_word' id='word_1_13' title='bbox 1564 456 1879 526; x_wconf 81' lang='grc' dir='ltr'>φυλάττειν,</span> 
     </span>
    </p>
   </div>
   <div class='ocr_carea' id='block_1_5' title="bbox 1992 440 3569 545">
    <p class='ocr_par' dir='ltr' id='par_1_5' title="bbox 1992 466 3569 545">
     <span class='ocr_line' id='line_1_5' title="bbox 1992 466 3569 545; baseline 0.012 -26"><span class='ocrx_word' id='word_1_14' title='bbox 1992 466 2029 522; x_wconf 84' lang='grc' dir='ltr'><strong>ιί</strong></span> <span class='ocrx_word' id='word_1_15' title='bbox 2068 468 2363 536; x_wconf 76' lang='lat' dir='ltr'><strong>subjicere,</strong></span> <span class='ocrx_word' id='word_1_16' title='bbox 2394 488 2578 528; x_wconf 88' lang='lat' dir='ltr'><strong>veram</strong></span> <span class='ocrx_word' id='word_1_17' title='bbox 2623 475 3037 545; x_wconf 81' lang='lat' dir='ltr'><strong>amplectentes,</strong></span> <span class='ocrx_word' id='word_1_18' title='bbox 3066 479 3143 535; x_wconf 90' lang='lat' dir='ltr'><strong>uti</strong></span> <span class='ocrx_word' id='word_1_19' title='bbox 3168 488 3396 537; x_wconf 79' lang='lat' dir='ltr'><strong>sanctus</strong></span> <span class='ocrx_word' id='word_1_20' title='bbox 3423 481 3569 538; x_wconf 76' lang='lat' dir='ltr'><strong>divi-</strong></span> 
     </span>
    </p>
   </div>
   <div class='ocr_carea' id='block_1_6' title="bbox 310 534 1885 618">
    <p class='ocr_par' dir='ltr' id='par_1_6' title="bbox 310 534 1885 618">
     <span class='ocr_line' id='line_1_6' title="bbox 310 534 1885 618; baseline 0.014 -34"><span class='ocrx_word' id='word_1_21' title='bbox 310 537 408 585; x_wconf 70' lang='grc' dir='ltr'><strong>καὶ</strong></span> <span class='ocrx_word' id='word_1_22' title='bbox 454 534 555 604; x_wconf 74' lang='grc' dir='ltr'>τὴν</span> <span class='ocrx_word' id='word_1_23' title='bbox 600 536 794 606; x_wconf 79' lang='grc' dir='ltr'>ἑτέραν</span> <span class='ocrx_word' id='word_1_24' title='bbox 830 540 1021 593; x_wconf 84' lang='grc' dir='ltr'>πίστιν</span> <span class='ocrx_word' id='word_1_25' title='bbox 1046 542 1121 606; x_wconf 85' lang='grc' dir='ltr'>ὡς</span> <span class='ocrx_word' id='word_1_26' title='bbox 1153 545 1411 600; x_wconf 78' lang='grc' dir='ltr'><strong>ἐναντίαν</strong></span> <span class='ocrx_word' id='word_1_27' title='bbox 1450 549 1513 601; x_wconf 83' lang='grc' dir='ltr'><strong>οὐ</strong></span> <span class='ocrx_word' id='word_1_28' title='bbox 1551 550 1715 618; x_wconf 87' lang='grc' dir='ltr'>μόνον</span> <span class='ocrx_word' id='word_1_29' title='bbox 1748 553 1885 606; x_wconf 79' lang='grc' dir='ltr'><strong>ἁπο-</strong></span> 
     </span>
    </p>
   </div>
   <div class='ocr_carea' id='block_1_7' title="bbox 315 625 1880 712">
    <p class='ocr_par' dir='ltr' id='par_1_7' title="bbox 315 625 1880 712">
     <span class='ocr_line' id='line_1_7' title="bbox 315 625 1880 712; baseline 0.014 -36"><span class='ocrx_word' id='word_1_30' title='bbox 315 625 578 688; x_wconf 78' lang='grc' dir='ltr'>σείεσθαι,</span> <span class='ocrx_word' id='word_1_31' title='bbox 620 628 740 680; x_wconf 75' lang='grc' dir='ltr'>ἀλλ’</span> <span class='ocrx_word' id='word_1_32' title='bbox 780 631 1144 703; x_wconf 67' lang='grc' dir='ltr'>ἀπορρίπτειν</span> <span class='ocrx_word' id='word_1_33' title='bbox 1179 637 1385 707; x_wconf 77' lang='grc' dir='ltr'>καὶτῷ</span> <span class='ocrx_word' id='word_1_34' title='bbox 1423 640 1731 712; x_wconf 76' lang='grc' dir='ltr'>ἀναθέματι</span> <span class='ocrx_word' id='word_1_35' title='bbox 1771 660 1880 697; x_wconf 91' lang='grc' dir='ltr'>πα-</span> 
     </span>
    </p>
   </div>
   <div class='ocr_carea' id='block_1_8' title="bbox 317 716 1881 797">
    <p class='ocr_par' dir='ltr' id='par_1_8' title="bbox 317 716 1881 797">
     <span class='ocr_line' id='line_1_8' title="bbox 317 716 1881 797; baseline 0.016 -31"><span class='ocrx_word' id='word_1_36' title='bbox 317 716 658 785; x_wconf 79' lang='grc' dir='ltr'>ραπέμπειν,</span> <span class='ocrx_word' id='word_1_37' title='bbox 693 720 798 790; x_wconf 81' lang='grc' dir='ltr'><strong>τὴν</strong></span> <span class='ocrx_word' id='word_1_38' title='bbox 831 720 887 776; x_wconf 80' lang='grc' dir='ltr'>δὲ</span> <span class='ocrx_word' id='word_1_39' title='bbox 919 723 1096 796; x_wconf 70' lang='grc' dir='ltr'>ἀληθῆ</span> <span class='ocrx_word' id='word_1_40' title='bbox 1142 724 1238 781; x_wconf 64' lang='grc' dir='ltr'>καῖ</span> <span class='ocrx_word' id='word_1_41' title='bbox 1271 732 1596 797; x_wconf 77' lang='grc' dir='ltr'><strong>προσίεσθαι</strong></span> <span class='ocrx_word' id='word_1_42' title='bbox 1622 736 1766 789; x_wconf 79' lang='grc' dir='ltr'>κατὰ</span> <span class='ocrx_word' id='word_1_43' title='bbox 1789 738 1881 791; x_wconf 79' lang='grc' dir='ltr'>τὸν</span> 
     </span>
    </p>
   </div>
   <div class='ocr_carea' id='block_1_9' title="bbox 314 805 1877 896">
    <p class='ocr_par' dir='ltr' id='par_1_9' title="bbox 314 805 1877 896">
     <span class='ocr_line' id='line_1_9' title="bbox 314 805 1877 896; baseline 0.015 -37"><span class='ocrx_word' id='word_1_44' title='bbox 314 805 460 876; x_wconf 73' lang='grc' dir='ltr'>ἱερὸν</span> <span class='ocrx_word' id='word_1_45' title='bbox 502 810 598 863; x_wconf 84' lang='grc' dir='ltr'><strong>καὶ</strong></span> <span class='ocrx_word' id='word_1_46' title='bbox 630 810 775 866; x_wconf 83' lang='grc' dir='ltr'>θεῖον</span> <span class='ocrx_word' id='word_1_47' title='bbox 807 814 1078 885; x_wconf 58' lang='grc' dir='ltr'>Μάξιμον,</span> <span class='ocrx_word' id='word_1_48' title='bbox 1111 819 1208 871; x_wconf 77' lang='grc' dir='ltr'><strong>καὶ</strong></span> <span class='ocrx_word' id='word_1_49' title='bbox 1248 822 1378 885; x_wconf 77' lang='grc' dir='ltr'>τοὺς</span> <span class='ocrx_word' id='word_1_50' title='bbox 1405 823 1631 888; x_wconf 82' lang='grc' dir='ltr'>λοιποὺς</span> <span class='ocrx_word' id='word_1_51' title='bbox 1664 827 1877 896; x_wconf 77' lang='grc' dir='ltr'><strong>ἁγίους,</strong></span> 
     </span>
    </p>
   </div>
   <div class='ocr_carea' id='block_1_10' title="bbox 311 900 1882 994">
    <p class='ocr_par' dir='ltr' id='par_1_10' title="bbox 311 900 1882 994">
     <span class='ocr_line' id='line_1_10' title="bbox 311 900 1882 994; baseline 0.017 -44"><span class='ocrx_word' id='word_1_52' title='bbox 311 900 405 994; x_wconf 62' lang='lat' dir='ltr'><strong>atati</strong></span> <span class='ocrx_word' id='word_1_53' title='bbox 457 903 585 975; x_wconf 54' lang='lat' dir='ltr'><strong>tofo;</strong></span> <span class='ocrx_word' id='word_1_54' title='bbox 631 902 950 972; x_wconf 74' lang='grc' dir='ltr'><strong>ἑξακοσίους</strong></span> <span class='ocrx_word' id='word_1_55' title='bbox 1000 912 1097 964; x_wconf 72' lang='grc' dir='ltr'><strong>καὶ</strong></span> <span class='ocrx_word' id='word_1_56' title='bbox 1150 914 1448 984; x_wconf 79' lang='grc' dir='ltr'>τριάκοντα</span> <span class='ocrx_word' id='word_1_57' title='bbox 1499 919 1751 991; x_wconf 82' lang='grc' dir='ltr'>Πατέρας</span> <span class='ocrx_word' id='word_1_58' title='bbox 1781 923 1882 994; x_wconf 83' lang='grc' dir='ltr'><strong>τῆς</strong></span> 
     </span>
    </p>
   </div>
   <div class='ocr_carea' id='block_1_11' title="bbox 306 990 1879 1077">
    <p class='ocr_par' dir='ltr' id='par_1_11' title="bbox 306 990 1879 1077">
     <span class='ocr_line' id='line_1_11' title="bbox 306 990 1879 1077; baseline 0.017 -35"><span class='ocrx_word' id='word_1_59' title='bbox 306 990 469 1058; x_wconf 81' lang='grc' dir='ltr'>ἁγίας</span> <span class='ocrx_word' id='word_1_60' title='bbox 515 996 613 1048; x_wconf 73' lang='grc' dir='ltr'>καὶ</span> <span class='ocrx_word' id='word_1_61' title='bbox 674 997 1064 1071; x_wconf 82' lang='grc' dir='ltr'>οίκουμενικῆς</span> <span class='ocrx_word' id='word_1_62' title='bbox 1122 1005 1395 1077; x_wconf 76' lang='grc' dir='ltr'><strong>τετάρτης</strong></span> <span class='ocrx_word' id='word_1_63' title='bbox 1453 990 1722 1077; x_wconf 67' lang='grc' dir='ltr'>συνόδου,</span> <span class='ocrx_word' id='word_1_64' title='bbox 1787 990 1879 1068; x_wconf 79' lang='grc' dir='ltr'><strong>καὶ</strong></span> 
     </span>
    </p>
   </div>
   <div class='ocr_carea' id='block_1_12' title="bbox 302 1082 1874 1177">
    <p class='ocr_par' dir='ltr' id='par_1_12' title="bbox 302 1082 1874 1177">
     <span class='ocr_line' id='line_1_12' title="bbox 302 1082 1874 1177; baseline 0.015 -42"><span class='ocrx_word' id='word_1_65' title='bbox 302 1082 406 1177; x_wconf 68' lang='grc' dir='ltr'><strong>την</strong></span> <span class='ocrx_word' id='word_1_66' title='bbox 437 1085 717 1157; x_wconf 74' lang='grc' dir='ltr'>ήμετίραν</span> <span class='ocrx_word' id='word_1_67' title='bbox 768 1090 1161 1149; x_wconf 70' lang='grc' dir='ltr'><strong>ἐπισυνάπτειν</strong></span> <span class='ocrx_word' id='word_1_68' title='bbox 1213 1098 1532 1168; x_wconf 75' lang='grc' dir='ltr'>ὁμολογίαν,</span> <span class='ocrx_word' id='word_1_69' title='bbox 1560 1103 1661 1171; x_wconf 76' lang='grc' dir='ltr'>τὴν</span> <span class='ocrx_word' id='word_1_70' title='bbox 1696 1104 1874 1177; x_wconf 81' lang='grc' dir='ltr'>ἀληθῆ</span> 
     </span>
    </p>
   </div>
   <div class='ocr_carea' id='block_1_13' title="bbox 306 1174 1867 1260">
    <p class='ocr_par' dir='ltr' id='par_1_13' title="bbox 306 1174 1867 1260">
     <span class='ocr_line' id='line_1_13' title="bbox 306 1174 1867 1260; baseline 0.015 -34"><span class='ocrx_word' id='word_1_71' title='bbox 306 1174 513 1243; x_wconf 86' lang='grc' dir='ltr'>πίστιν,</span> <span class='ocrx_word' id='word_1_72' title='bbox 551 1176 712 1250; x_wconf 77' lang='grc' dir='ltr'>εἴπερ</span> <span class='ocrx_word' id='word_1_73' title='bbox 764 1181 1003 1250; x_wconf 81' lang='grc' dir='ltr'>μάλιστα</span> <span class='ocrx_word' id='word_1_74' title='bbox 1045 1188 1168 1250; x_wconf 77' lang='grc' dir='ltr'>ταῖς</span> <span class='ocrx_word' id='word_1_75' title='bbox 1217 1190 1327 1242; x_wconf 80' lang='grc' dir='ltr'>τῶν</span> <span class='ocrx_word' id='word_1_76' title='bbox 1371 1191 1546 1260; x_wconf 78' lang='grc' dir='ltr'>ἁγίων</span> <span class='ocrx_word' id='word_1_77' title='bbox 1573 1174 1867 1258; x_wconf 57' lang='grc' dir='ltr'>ὲξακολουέ</span> 
     </span>
    </p>
   </div>
   <div class='ocr_carea' id='block_1_14' title="bbox 309 1265 1880 1347">
    <p class='ocr_par' dir='ltr' id='par_1_14' title="bbox 309 1265 1880 1347">
     <span class='ocr_line' id='line_1_14' title="bbox 309 1265 1880 1347; baseline 0.014 -28"><span class='ocrx_word' id='word_1_78' title='bbox 309 1265 512 1337; x_wconf 84' lang='grc' dir='ltr'>θοῦμεν</span> <span class='ocrx_word' id='word_1_79' title='bbox 561 1270 813 1340; x_wconf 83' lang='grc' dir='ltr'><strong>γνώμαις</strong></span> <span class='ocrx_word' id='word_1_80' title='bbox 858 1275 952 1329; x_wconf 75' lang='grc' dir='ltr'><strong>καὶ</strong></span> <span class='ocrx_word' id='word_1_81' title='bbox 1011 1277 1351 1347; x_wconf 76' lang='grc' dir='ltr'>ἀποφάσεσι,</span> <span class='ocrx_word' id='word_1_82' title='bbox 1414 1284 1512 1335; x_wconf 75' lang='grc' dir='ltr'><strong>καὶ</strong></span> <span class='ocrx_word' id='word_1_83' title='bbox 1580 1284 1757 1338; x_wconf 77' lang='grc' dir='ltr'>πάντα</span> <span class='ocrx_word' id='word_1_84' title='bbox 1811 1286 1880 1341; x_wconf 82' lang='grc' dir='ltr'>τὰ</span> 
     </span>
    </p>
   </div>
   <div class='ocr_carea' id='block_1_15' title="bbox 307 1361 1879 1452">
    <p class='ocr_par' dir='ltr' id='par_1_15' title="bbox 307 1361 1879 1452">
     <span class='ocr_line' id='line_1_15' title="bbox 307 1361 1879 1452; baseline 0.014 -42"><span class='ocrx_word' id='word_1_85' title='bbox 307 1361 460 1429; x_wconf 77' lang='grc' dir='ltr'>κοινῇ</span> <span class='ocrx_word' id='word_1_86' title='bbox 490 1361 795 1431; x_wconf 82' lang='grc' dir='ltr'><strong>δεδογμένα</strong></span> <span class='ocrx_word' id='word_1_87' title='bbox 830 1367 1142 1430; x_wconf 79' lang='grc' dir='ltr'>φυλάττειν.</span> <span class='ocrx_word' id='word_1_88' title='bbox 1175 1372 1253 1425; x_wconf 82' lang='grc' dir='ltr'><strong>Οὐ</strong></span> <span class='ocrx_word' id='word_1_89' title='bbox 1285 1373 1392 1442; x_wconf 77' lang='grc' dir='ltr'><strong>γὰρ</strong></span> <span class='ocrx_word' id='word_1_90' title='bbox 1424 1374 1634 1440; x_wconf 79' lang='grc' dir='ltr'>ἔξεστιν</span> <span class='ocrx_word' id='word_1_91' title='bbox 1660 1378 1879 1452; x_wconf 78' lang='grc' dir='ltr'><strong>ἑκάστῳ</strong></span> 
     </span>
    </p>
   </div>
   <div class='ocr_carea' id='block_1_16' title="bbox 305 1457 1879 1533">
    <p class='ocr_par' dir='ltr' id='par_1_16' title="bbox 305 1457 1879 1533">
     <span class='ocr_line' id='line_1_16' title="bbox 305 1457 1879 1533; baseline 0.015 -33"><span class='ocrx_word' id='word_1_92' title='bbox 305 1457 679 1524; x_wconf 73' lang='grc' dir='ltr'>καινουργεῖν,</span> <span class='ocrx_word' id='word_1_93' title='bbox 716 1457 922 1524; x_wconf 78' lang='grc' dir='ltr'>μᾶλλον</span> <span class='ocrx_word' id='word_1_94' title='bbox 972 1460 1030 1513; x_wconf 78' lang='grc' dir='ltr'>δὲ</span> <span class='ocrx_word' id='word_1_95' title='bbox 1077 1465 1450 1533; x_wconf 74' lang='grc' dir='ltr'>καινοτομεῖν.</span> <span class='ocrx_word' id='word_1_96' title='bbox 1492 1466 1554 1519; x_wconf 85' lang='lat' dir='ltr'><strong>El</strong></span> <span class='ocrx_word' id='word_1_97' title='bbox 1591 1467 1648 1521; x_wconf 74' lang='grc' dir='ltr'>δὲ</span> <span class='ocrx_word' id='word_1_98' title='bbox 1677 1470 1739 1521; x_wconf 83' lang='grc' dir='ltr'><strong>ὲκ</strong></span> <span class='ocrx_word' id='word_1_99' title='bbox 1768 1469 1879 1524; x_wconf 85' lang='grc' dir='ltr'>τῶν</span> 
     </span>
    </p>
   </div>
   <div class='ocr_carea' id='block_1_17' title="bbox 309 1541 1879 1628">
    <p class='ocr_par' dir='ltr' id='par_1_17' title="bbox 309 1541 1879 1628">
     <span class='ocr_line' id='line_1_17' title="bbox 309 1541 1879 1628; baseline 0.01 -33"><span class='ocrx_word' id='word_1_100' title='bbox 309 1541 570 1611; x_wconf 83' lang='grc' dir='ltr'>Πατέρων</span> <span class='ocrx_word' id='word_1_101' title='bbox 617 1546 729 1599; x_wconf 86' lang='grc' dir='ltr'><strong>τῶν</strong></span> <span class='ocrx_word' id='word_1_102' title='bbox 772 1549 938 1617; x_wconf 81' lang='grc' dir='ltr'>ἱερῶν</span> <span class='ocrx_word' id='word_1_103' title='bbox 988 1554 1084 1604; x_wconf 80' lang='grc' dir='ltr'><strong>καὶ</strong></span> <span class='ocrx_word' id='word_1_104' title='bbox 1130 1550 1473 1628; x_wconf 55' lang='grc' dir='ltr'>διδαρκάλων</span> <span class='ocrx_word' id='word_1_105' title='bbox 1504 1556 1600 1626; x_wconf 81' lang='grc' dir='ltr'>τῆς</span> <span class='ocrx_word' id='word_1_106' title='bbox 1646 1556 1879 1628; x_wconf 77' lang='grc' dir='ltr'><strong>Ἐκκλη-</strong></span> 
     </span>
    </p>
   </div>
   <div class='ocr_carea' id='block_1_18' title="bbox 304 1616 1879 1721">
    <p class='ocr_par' dir='ltr' id='par_1_18' title="bbox 304 1616 1879 1721">
     <span class='ocr_line' id='line_1_18' title="bbox 304 1616 1879 1721; baseline 0.013 -36"><span class='ocrx_word' id='word_1_107' title='bbox 304 1634 425 1697; x_wconf 85' lang='grc' dir='ltr'>σίας</span> <span class='ocrx_word' id='word_1_108' title='bbox 455 1637 564 1691; x_wconf 66' lang='lat' dir='ltr'><strong>sici.</strong></span> <span class='ocrx_word' id='word_1_109' title='bbox 588 1638 657 1690; x_wconf 84' lang='grc' dir='ltr'>τὰ</span> <span class='ocrx_word' id='word_1_110' title='bbox 679 1616 1108 1710; x_wconf 79' lang='grc' dir='ltr'>προστιθέμενα.</span> <span class='ocrx_word' id='word_1_111' title='bbox 1147 1616 1334 1716; x_wconf 49' lang='grc' dir='ltr'>καθιῇ</span> <span class='ocrx_word' id='word_1_112' title='bbox 1367 1648 1523 1718; x_wconf 78' lang='grc' dir='ltr'>κοινῇ</span> <span class='ocrx_word' id='word_1_113' title='bbox 1553 1616 1730 1718; x_wconf 57' lang='grc' dir='ltr'>πρίσει</span> <span class='ocrx_word' id='word_1_114' title='bbox 1767 1616 1879 1721; x_wconf 77' lang='grc' dir='ltr'>ὁρί-</span> 
     </span>
    </p>
   </div>
   <div class='ocr_carea' id='block_1_19' title="bbox 304 1727 1879 1805">
    <p class='ocr_par' dir='ltr' id='par_1_19' title="bbox 304 1727 1879 1805">
     <span class='ocr_line' id='line_1_19' title="bbox 304 1727 1879 1805; baseline 0.011 -27"><span class='ocrx_word' id='word_1_115' title='bbox 304 1727 513 1791; x_wconf 78' lang='grc' dir='ltr'>ζονται,</span> <span class='ocrx_word' id='word_1_116' title='bbox 548 1728 705 1784; x_wconf 80' lang='grc' dir='ltr'>οὐδὲν</span> <span class='ocrx_word' id='word_1_117' title='bbox 759 1731 819 1784; x_wconf 78' lang='grc' dir='ltr'><strong>τὺ</strong></span> <span class='ocrx_word' id='word_1_118' title='bbox 874 1733 1111 1788; x_wconf 65' lang='grc' dir='ltr'>κωλύοι).</span> <span class='ocrx_word' id='word_1_119' title='bbox 1174 1735 1281 1789; x_wconf 75' lang='grc' dir='ltr'><strong>Καὶ</strong></span> <span class='ocrx_word' id='word_1_120' title='bbox 1333 1737 1492 1791; x_wconf 77' lang='grc' dir='ltr'>τοῦτο</span> <span class='ocrx_word' id='word_1_121' title='bbox 1552 1739 1879 1805; x_wconf 74' lang='grc' dir='ltr'>Βασίλειοςό</span> 
     </span>
    </p>
   </div>
   <div class='ocr_carea' id='block_1_20' title="bbox 1990 562 3565 638">
    <p class='ocr_par' dir='ltr' id='par_1_20' title="bbox 1990 562 3565 638">
     <span class='ocr_line' id='line_1_20' title="bbox 1990 562 3565 638; baseline 0.011 -24"><span class='ocrx_word' id='word_1_122' title='bbox 1990 576 2203 631; x_wconf 88' lang='lat' dir='ltr'><strong>nusque</strong></span> <span class='ocrx_word' id='word_1_123' title='bbox 2254 562 2543 629; x_wconf 79' lang='lat' dir='ltr'><strong>Maximus,</strong></span> <span class='ocrx_word' id='word_1_124' title='bbox 2576 576 2631 622; x_wconf 85' lang='lat' dir='ltr'><strong>et</strong></span> <span class='ocrx_word' id='word_1_125' title='bbox 2664 569 2861 638; x_wconf 84' lang='lat' dir='ltr'><strong>reliqui</strong></span> <span class='ocrx_word' id='word_1_126' title='bbox 2897 572 3097 635; x_wconf 86' lang='lat' dir='ltr'><strong>sancti,</strong></span> <span class='ocrx_word' id='word_1_127' title='bbox 3140 583 3195 628; x_wconf 86' lang='lat' dir='ltr'><strong>et</strong></span> <span class='ocrx_word' id='word_1_128' title='bbox 3225 575 3470 629; x_wconf 76' lang='lat' dir='ltr'><strong>sexcenti</strong></span> <span class='ocrx_word' id='word_1_129' title='bbox 3509 585 3565 631; x_wconf 79' lang='lat' dir='ltr'><strong>et</strong></span> 
     </span>
    </p>
   </div>
   <div class='ocr_carea' id='block_1_21' title="bbox 1988 654 3566 737">
    <p class='ocr_par' dir='ltr' id='par_1_21' title="bbox 1988 654 3566 737">
     <span class='ocr_line' id='line_1_21' title="bbox 1988 654 3566 737; baseline 0.01 -31"><span class='ocrx_word' id='word_1_130' title='bbox 1988 654 2211 724; x_wconf 76' lang='lat' dir='ltr'><strong>triginta</strong></span> <span class='ocrx_word' id='word_1_131' title='bbox 2239 656 2432 712; x_wconf 73' lang='lat' dir='ltr'><strong>Patres</strong></span> <span class='ocrx_word' id='word_1_132' title='bbox 2465 667 2667 712; x_wconf 68' lang='lat' dir='ltr'><strong>sanctte</strong></span> <span class='ocrx_word' id='word_1_133' title='bbox 2694 668 2746 714; x_wconf 90' lang='lat' dir='ltr'><strong>et</strong></span> <span class='ocrx_word' id='word_1_134' title='bbox 2775 663 3129 720; x_wconf 65' lang='lat' dir='ltr'><strong>mcumenicm</strong></span> <span class='ocrx_word' id='word_1_135' title='bbox 3161 673 3369 735; x_wconf 67' lang='lat' dir='ltr'><strong>quartae</strong></span> <span class='ocrx_word' id='word_1_136' title='bbox 3402 681 3566 737; x_wconf 84' lang='lat' dir='ltr'><strong>syno-</strong></span> 
     </span>
    </p>
   </div>
   <div class='ocr_carea' id='block_1_22' title="bbox 1989 745 3565 825">
    <p class='ocr_par' dir='ltr' id='par_1_22' title="bbox 1989 745 3565 825">
     <span class='ocr_line' id='line_1_22' title="bbox 1989 745 3565 825; baseline 0.008 -26"><span class='ocrx_word' id='word_1_137' title='bbox 1989 745 2040 799; x_wconf 90' lang='lat' dir='ltr'><strong>di</strong></span> <span class='ocrx_word' id='word_1_138' title='bbox 2076 746 2420 816; x_wconf 63' lang='lat' dir='ltr'><strong>praacipiunt,</strong></span> <span class='ocrx_word' id='word_1_139' title='bbox 2452 755 2505 803; x_wconf 91' lang='lat' dir='ltr'><strong>et</strong></span> <span class='ocrx_word' id='word_1_140' title='bbox 2528 759 2767 805; x_wconf 84' lang='lat' dir='ltr'><strong>nostram</strong></span> <span class='ocrx_word' id='word_1_141' title='bbox 2796 750 3196 809; x_wconf 76' lang='lat' dir='ltr'><strong>confessionem</strong></span> <span class='ocrx_word' id='word_1_142' title='bbox 3224 754 3522 825; x_wconf 74' lang='lat' dir='ltr'><strong>adiungere</strong></span> <span class='ocrx_word' id='word_1_143' title='bbox 3548 772 3565 824; x_wconf 89' lang='lat'><strong>;</strong></span> 
     </span>
    </p>
   </div>
   <div class='ocr_carea' id='block_1_23' title="bbox 1985 838 3565 910">
    <p class='ocr_par' dir='ltr' id='par_1_23' title="bbox 1985 838 3565 910">
     <span class='ocr_line' id='line_1_23' title="bbox 1985 838 3565 910; baseline 0.007 -18"><span class='ocrx_word' id='word_1_144' title='bbox 1985 853 2168 893; x_wconf 82' lang='lat' dir='ltr'><strong>veram</strong></span> <span class='ocrx_word' id='word_1_145' title='bbox 2197 880 2212 903; x_wconf 96' lang='lat'><strong>,</strong></span> <span class='ocrx_word' id='word_1_146' title='bbox 2246 838 2490 910; x_wconf 88' lang='lat' dir='ltr'><strong>inquam,</strong></span> <span class='ocrx_word' id='word_1_147' title='bbox 2524 841 2706 907; x_wconf 81' lang='lat' dir='ltr'><strong>fidem,</strong></span> <span class='ocrx_word' id='word_1_148' title='bbox 2733 842 2779 897; x_wconf 87' lang='lat' dir='ltr'><strong>si</strong></span> <span class='ocrx_word' id='word_1_149' title='bbox 2802 854 3121 900; x_wconf 80' lang='lat' dir='ltr'><strong>sanctorum</strong></span> <span class='ocrx_word' id='word_1_150' title='bbox 3148 848 3354 903; x_wconf 84' lang='lat' dir='ltr'><strong>monita</strong></span> <span class='ocrx_word' id='word_1_151' title='bbox 3378 849 3565 904; x_wconf 87' lang='lat' dir='ltr'><strong>decre-</strong></span> 
     </span>
    </p>
   </div>
   <div class='ocr_carea' id='block_1_24' title="bbox 1988 930 3570 1001">
    <p class='ocr_par' dir='ltr' id='par_1_24' title="bbox 1988 930 3570 1001">
     <span class='ocr_line' id='line_1_24' title="bbox 1988 930 3570 1001; baseline 0.007 -18"><span class='ocrx_word' id='word_1_152' title='bbox 1988 937 2154 1000; x_wconf 89' lang='lat' dir='ltr'><strong>taque</strong></span> <span class='ocrx_word' id='word_1_153' title='bbox 2185 930 2339 1000; x_wconf 86' lang='lat' dir='ltr'><strong>sequi</strong></span> <span class='ocrx_word' id='word_1_154' title='bbox 2367 932 2712 999; x_wconf 89' lang='lat' dir='ltr'><strong>potissimum</strong></span> <span class='ocrx_word' id='word_1_155' title='bbox 2738 933 3012 1001; x_wconf 87' lang='lat' dir='ltr'><strong>volumus,</strong></span> <span class='ocrx_word' id='word_1_156' title='bbox 3034 945 3089 990; x_wconf 91' lang='lat' dir='ltr'><strong>et</strong></span> <span class='ocrx_word' id='word_1_157' title='bbox 3109 937 3294 991; x_wconf 83' lang='lat' dir='ltr'><strong>omnia</strong></span> <span class='ocrx_word' id='word_1_158' title='bbox 3316 954 3570 994; x_wconf 87' lang='lat' dir='ltr'><strong>commu-</strong></span> 
     </span>
    </p>
   </div>
   <div class='ocr_carea' id='block_1_25' title="bbox 1983 1020 3568 1096">
    <p class='ocr_par' dir='ltr' id='par_1_25' title="bbox 1983 1020 3568 1096">
     <span class='ocr_line' id='line_1_25' title="bbox 1983 1020 3568 1096; baseline 0.007 -24"><span class='ocrx_word' id='word_1_159' title='bbox 1983 1020 2129 1074; x_wconf 91' lang='lat' dir='ltr'><strong>niter</strong></span> <span class='ocrx_word' id='word_1_160' title='bbox 2173 1023 2471 1076; x_wconf 87' lang='lat' dir='ltr'><strong>constituta</strong></span> <span class='ocrx_word' id='word_1_161' title='bbox 2517 1037 2870 1079; x_wconf 77' lang='lat' dir='ltr'><strong>conservare.</strong></span> <span class='ocrx_word' id='word_1_162' title='bbox 2907 1022 3096 1093; x_wconf 84' lang='lat' dir='ltr'><strong>Neque</strong></span> <span class='ocrx_word' id='word_1_163' title='bbox 3139 1027 3286 1081; x_wconf 91' lang='lat' dir='ltr'><strong>enim</strong></span> <span class='ocrx_word' id='word_1_164' title='bbox 3331 1028 3568 1096; x_wconf 69' lang='lat' dir='ltr'><strong>singulis</strong></span> 
     </span>
    </p>
   </div>
   <div class='ocr_carea' id='block_1_26' title="bbox 1982 1111 3565 1183">
    <p class='ocr_par' dir='ltr' id='par_1_26' title="bbox 1982 1111 3565 1183">
     <span class='ocr_line' id='line_1_26' title="bbox 1982 1111 3565 1183; baseline 0.004 -20"><span class='ocrx_word' id='word_1_165' title='bbox 1982 1111 2130 1175; x_wconf 79' lang='lat' dir='ltr'><strong>licet,</strong></span> <span class='ocrx_word' id='word_1_166' title='bbox 2176 1126 2264 1166; x_wconf 90' lang='lat' dir='ltr'><strong>res</strong></span> <span class='ocrx_word' id='word_1_167' title='bbox 2326 1126 2497 1167; x_wconf 89' lang='lat' dir='ltr'><strong>novas</strong></span> <span class='ocrx_word' id='word_1_168' title='bbox 2536 1112 2824 1181; x_wconf 73' lang='lat' dir='ltr'><strong>designare</strong></span> <span class='ocrx_word' id='word_1_169' title='bbox 2870 1121 2924 1167; x_wconf 92' lang='lat' dir='ltr'><strong>et</strong></span> <span class='ocrx_word' id='word_1_170' title='bbox 2964 1114 3285 1171; x_wconf 83' lang='lat' dir='ltr'><strong>decernere.</strong></span> <span class='ocrx_word' id='word_1_171' title='bbox 3328 1118 3485 1183; x_wconf 84' lang='lat' dir='ltr'><strong>Quod</strong></span> <span class='ocrx_word' id='word_1_172' title='bbox 3520 1118 3565 1172; x_wconf 89' lang='lat' dir='ltr'><strong>si</strong></span> 
     </span>
    </p>
   </div>
   <div class='ocr_carea' id='block_1_27' title="bbox 1981 1201 3567 1263">
    <p class='ocr_par' dir='ltr' id='par_1_27' title="bbox 1981 1201 3567 1263">
     <span class='ocr_line' id='line_1_27' title="bbox 1981 1201 3567 1263; baseline 0.004 -6"><span class='ocrx_word' id='word_1_173' title='bbox 1981 1220 2045 1257; x_wconf 83' lang='lat' dir='ltr'><strong>ex</strong></span> <span class='ocrx_word' id='word_1_174' title='bbox 2099 1204 2309 1259; x_wconf 87' lang='lat' dir='ltr'><strong>sanctis</strong></span> <span class='ocrx_word' id='word_1_175' title='bbox 2356 1201 2610 1259; x_wconf 85' lang='lat' dir='ltr'><strong>Patribus</strong></span> <span class='ocrx_word' id='word_1_176' title='bbox 2658 1212 2713 1259; x_wconf 91' lang='lat' dir='ltr'><strong>et</strong></span> <span class='ocrx_word' id='word_1_177' title='bbox 2759 1204 3019 1260; x_wconf 63' lang='lat' dir='ltr'><strong>Ecclesiae</strong></span> <span class='ocrx_word' id='word_1_178' title='bbox 3063 1207 3387 1263; x_wconf 88' lang='lat' dir='ltr'><strong>doctoribus</strong></span> <span class='ocrx_word' id='word_1_179' title='bbox 3437 1217 3567 1263; x_wconf 84' lang='lat' dir='ltr'><strong>sunt</strong></span> 
     </span>
    </p>
   </div>
   <div class='ocr_carea' id='block_1_28' title="bbox 1982 1296 3563 1367">
    <p class='ocr_par' dir='ltr' id='par_1_28' title="bbox 1982 1296 3563 1367">
     <span class='ocr_line' id='line_1_28' title="bbox 1982 1296 3563 1367; baseline 0.001 -17"><span class='ocrx_word' id='word_1_180' title='bbox 1982 1311 2104 1366; x_wconf 65' lang='lat' dir='ltr'><strong>quae</strong></span> <span class='ocrx_word' id='word_1_181' title='bbox 2159 1303 2533 1366; x_wconf 90' lang='lat' dir='ltr'><strong>apponuntur,</strong></span> <span class='ocrx_word' id='word_1_182' title='bbox 2589 1304 2645 1350; x_wconf 90' lang='lat' dir='ltr'><strong>et</strong></span> <span class='ocrx_word' id='word_1_183' title='bbox 2699 1296 2976 1351; x_wconf 91' lang='lat' dir='ltr'><strong>communi</strong></span> <span class='ocrx_word' id='word_1_184' title='bbox 3027 1296 3238 1365; x_wconf 89' lang='lat' dir='ltr'><strong>judicio</strong></span> <span class='ocrx_word' id='word_1_185' title='bbox 3285 1300 3563 1367; x_wconf 83' lang='lat' dir='ltr'><strong>proposita</strong></span> 
     </span>
    </p>
   </div>
   <div class='ocr_carea' id='block_1_29' title="bbox 1981 1384 3567 1455">
    <p class='ocr_par' dir='ltr' id='par_1_29' title="bbox 1981 1384 3567 1455">
     <span class='ocr_line' id='line_1_29' title="bbox 1981 1384 3567 1455; baseline 0.002 -16"><span class='ocrx_word' id='word_1_186' title='bbox 1981 1384 2423 1453; x_wconf 77' lang='lat' dir='ltr'><strong>comprobantur,</strong></span> <span class='ocrx_word' id='word_1_187' title='bbox 2463 1384 2593 1438; x_wconf 83' lang='lat' dir='ltr'><strong>nihil</strong></span> <span class='ocrx_word' id='word_1_188' title='bbox 2626 1394 2711 1439; x_wconf 86' lang='lat' dir='ltr'><strong>est</strong></span> <span class='ocrx_word' id='word_1_189' title='bbox 2741 1384 2887 1454; x_wconf 90' lang='lat' dir='ltr'><strong>quod</strong></span> <span class='ocrx_word' id='word_1_190' title='bbox 2920 1400 2981 1439; x_wconf 86' lang='lat' dir='ltr'><strong>ea</strong></span> <span class='ocrx_word' id='word_1_191' title='bbox 3018 1386 3329 1455; x_wconf 86' lang='lat' dir='ltr'><strong>prohibeat.</strong></span> <span class='ocrx_word' id='word_1_192' title='bbox 3367 1385 3432 1440; x_wconf 90' lang='lat' dir='ltr'><strong>Et</strong></span> <span class='ocrx_word' id='word_1_193' title='bbox 3462 1387 3567 1442; x_wconf 90' lang='lat' dir='ltr'><strong>hoc</strong></span> 
     </span>
    </p>
   </div>
   <div class='ocr_carea' id='block_1_30' title="bbox 1983 1473 3554 1546">
    <p class='ocr_par' dir='ltr' id='par_1_30' title="bbox 1983 1473 3554 1546">
     <span class='ocr_line' id='line_1_30' title="bbox 1983 1473 3554 1546; baseline 0.003 -18"><span class='ocrx_word' id='word_1_194' title='bbox 1983 1474 2196 1528; x_wconf 87' lang='lat' dir='ltr'><strong>divinus</strong></span> <span class='ocrx_word' id='word_1_195' title='bbox 2237 1473 2470 1528; x_wconf 88' lang='lat' dir='ltr'><strong>Basilius</strong></span> <span class='ocrx_word' id='word_1_196' title='bbox 2501 1484 2627 1527; x_wconf 83' lang='lat' dir='ltr'><strong>ante</strong></span> <span class='ocrx_word' id='word_1_197' title='bbox 2659 1474 2953 1529; x_wconf 89' lang='lat' dir='ltr'><strong>secundam</strong></span> <span class='ocrx_word' id='word_1_198' title='bbox 2993 1476 3261 1546; x_wconf 85' lang='lat' dir='ltr'><strong>synodum</strong></span> <span class='ocrx_word' id='word_1_199' title='bbox 3308 1479 3506 1530; x_wconf 84' lang='lat' dir='ltr'><strong>statuit</strong></span> <span class='ocrx_word' id='word_1_200' title='bbox 3539 1493 3554 1533; x_wconf 84' lang='lat'><strong>:</strong></span> 
     </span>
    </p>
   </div>
   <div class='ocr_carea' id='block_1_31' title="bbox 1987 1563 3535 1635">
    <p class='ocr_par' dir='ltr' id='par_1_31' title="bbox 1987 1563 3535 1635">
     <span class='ocr_line' id='line_1_31' title="bbox 1987 1563 3535 1635; baseline 0.003 -18"><span class='ocrx_word' id='word_1_201' title='bbox 1987 1583 2006 1617; x_wconf 80' lang='grc' dir='ltr'><strong>ι</strong></span> <span class='ocrx_word' id='word_1_202' title='bbox 2037 1563 2222 1620; x_wconf 85' lang='lat' dir='ltr'><strong>Fidem</strong></span> <span class='ocrx_word' id='word_1_203' title='bbox 2274 1581 2374 1620; x_wconf 88' lang='lat' dir='ltr'><strong>nos</strong></span> <span class='ocrx_word' id='word_1_204' title='bbox 2424 1580 2599 1635; x_wconf 88' lang='lat' dir='ltr'><strong>neque</strong></span> <span class='ocrx_word' id='word_1_205' title='bbox 2659 1565 3015 1620; x_wconf 81' lang='lat' dir='ltr'><strong>recentiorem</strong></span> <span class='ocrx_word' id='word_1_206' title='bbox 3045 1566 3115 1619; x_wconf 89' lang='lat' dir='ltr'><strong>ah</strong></span> <span class='ocrx_word' id='word_1_207' title='bbox 3150 1566 3275 1621; x_wconf 86' lang='lat' dir='ltr'><strong>aliis</strong></span> <span class='ocrx_word' id='word_1_208' title='bbox 3317 1565 3535 1621; x_wconf 86' lang='lat' dir='ltr'><strong>conseri</strong></span> 
     </span>
    </p>
   </div>
   <div class='ocr_carea' id='block_1_32' title="bbox 1983 1655 3567 1727">
    <p class='ocr_par' dir='ltr' id='par_1_32' title="bbox 1983 1655 3567 1727">
     <span class='ocr_line' id='line_1_32' title="bbox 1983 1655 3567 1727; baseline 0.001 -17"><span class='ocrx_word' id='word_1_209' title='bbox 1983 1666 2128 1725; x_wconf 78' lang='lat' dir='ltr'><strong>ptaru</strong></span> <span class='ocrx_word' id='word_1_210' title='bbox 2172 1666 2546 1725; x_wconf 84' lang='lat' dir='ltr'><strong>acccptamus.</strong></span> <span class='ocrx_word' id='word_1_211' title='bbox 2582 1673 2602 1708; x_wconf 73' lang='grc' dir='ltr'><strong>ι</strong></span> <span class='ocrx_word' id='word_1_212' title='bbox 2651 1655 2716 1710; x_wconf 87' lang='lat' dir='ltr'><strong>Et</strong></span> <span class='ocrx_word' id='word_1_213' title='bbox 2768 1656 2939 1711; x_wconf 90' lang='lat' dir='ltr'><strong>multa</strong></span> <span class='ocrx_word' id='word_1_214' title='bbox 2984 1670 3283 1727; x_wconf 86' lang='lat' dir='ltr'><strong>perpessus</strong></span> <span class='ocrx_word' id='word_1_215' title='bbox 3323 1658 3567 1711; x_wconf 81' lang='lat' dir='ltr'><strong>Athana-</strong></span> 
     </span>
    </p>
   </div>
   <div class='ocr_carea' id='block_1_33' title="bbox 1983 1746 3563 1820">
    <p class='ocr_par' dir='ltr' id='par_1_33' title="bbox 1983 1746 3563 1820">
     <span class='ocr_line' id='line_1_33' title="bbox 1983 1746 3563 1820; baseline 0.001 -17"><span class='ocrx_word' id='word_1_216' title='bbox 1983 1747 2098 1803; x_wconf 85' lang='lat' dir='ltr'><strong>sius</strong></span> <span class='ocrx_word' id='word_1_217' title='bbox 2128 1747 2196 1803; x_wconf 85' lang='lat' dir='ltr'><strong>de</strong></span> <span class='ocrx_word' id='word_1_218' title='bbox 2227 1746 2539 1802; x_wconf 85' lang='lat' dir='ltr'><strong>Sardicensi</strong></span> <span class='ocrx_word' id='word_1_219' title='bbox 2591 1748 2801 1820; x_wconf 76' lang='lat' dir='ltr'><strong>synodo</strong></span> <span class='ocrx_word' id='word_1_220' title='bbox 2830 1750 3021 1817; x_wconf 86' lang='lat' dir='ltr'><strong>tradit,</strong></span> <span class='ocrx_word' id='word_1_221' title='bbox 3061 1750 3208 1805; x_wconf 88' lang='lat' dir='ltr'><strong>illam</strong></span> <span class='ocrx_word' id='word_1_222' title='bbox 3241 1750 3563 1813; x_wconf 82' lang='lat' dir='ltr'><strong>decernere,</strong></span> 
     </span>
    </p>
   </div>
   <div class='ocr_carea' id='block_1_34' title="bbox 302 1808 1885 1923">
    <p class='ocr_par' dir='ltr' id='par_1_34' title="bbox 302 1818 1875 1898">
     <span class='ocr_line' id='line_1_34' title="bbox 302 1818 1875 1898; baseline 0.011 -28"><span class='ocrx_word' id='word_1_223' title='bbox 302 1818 444 1881; x_wconf 83' lang='grc' dir='ltr'>θεῖος</span> <span class='ocrx_word' id='word_1_224' title='bbox 482 1820 590 1887; x_wconf 80' lang='grc' dir='ltr'>πρὸ</span> <span class='ocrx_word' id='word_1_225' title='bbox 628 1821 726 1885; x_wconf 85' lang='grc' dir='ltr'><strong>τῆς</strong></span> <span class='ocrx_word' id='word_1_226' title='bbox 756 1822 1019 1893; x_wconf 76' lang='grc' dir='ltr'><strong>δευτέρας</strong></span> <span class='ocrx_word' id='word_1_227' title='bbox 1048 1827 1267 1880; x_wconf 77' lang='grc' dir='ltr'>συνόδου</span> <span class='ocrx_word' id='word_1_228' title='bbox 1312 1829 1575 1898; x_wconf 86' lang='grc' dir='ltr'>ὡρίσατο,</span> <span class='ocrx_word' id='word_1_229' title='bbox 1608 1834 1691 1885; x_wconf 86' lang='grc' dir='ltr'>ὃτι</span> <span class='ocrx_word' id='word_1_230' title='bbox 1726 1853 1744 1886; x_wconf 80' lang='grc' dir='ltr'><strong>ι</strong></span> <span class='ocrx_word' id='word_1_231' title='bbox 1780 1835 1875 1887; x_wconf 84' lang='grc' dir='ltr'><strong>Πί-</strong></span> 
     </span>
    </p>
   </div>
   <div class='ocr_carea' id='block_1_35' title="bbox 1992 1808 3569 1923">
    <p class='ocr_par' dir='ltr' id='par_1_35' title="bbox 1993 1837 3569 1923">
     <span class='ocr_line' id='line_1_35' title="bbox 1993 1837 3569 1923; baseline 0.001 -33"><span class='ocrx_word' id='word_1_232' title='bbox 1993 1856 2010 1890; x_wconf 83' lang='grc' dir='ltr'><strong>ι</strong></span> <span class='ocrx_word' id='word_1_233' title='bbox 2040 1837 2189 1894; x_wconf 86' lang='lat' dir='ltr'><strong>Fidei</strong></span> <span class='ocrx_word' id='word_1_234' title='bbox 2243 1837 2473 1893; x_wconf 65' lang='lat' dir='ltr'><strong>Nicaeum</strong></span> <span class='ocrx_word' id='word_1_235' title='bbox 2505 1841 2875 1909; x_wconf 75' lang='lat' dir='ltr'><strong>acquiescere.</strong></span> <span class='ocrx_word' id='word_1_236' title='bbox 2909 1858 2931 1893; x_wconf 74' lang='grc' dir='ltr'><strong>ι</strong></span> <span class='ocrx_word' id='word_1_237' title='bbox 2980 1840 3094 1894; x_wconf 91' lang='lat' dir='ltr'><strong>lmo</strong></span> <span class='ocrx_word' id='word_1_238' title='bbox 3122 1841 3376 1923; x_wconf 52' lang='lat' dir='ltr'><strong>secunda.</strong></span> <span class='ocrx_word' id='word_1_239' title='bbox 3405 1853 3569 1910; x_wconf 80' lang='lat' dir='ltr'><strong>syno-</strong></span> 
     </span>
    </p>
   </div>
   <div class='ocr_carea' id='block_1_36' title="bbox 304 1913 1885 2001">
    <p class='ocr_par' dir='ltr' id='par_1_36' title="bbox 304 1913 1879 1996">
     <span class='ocr_line' id='line_1_36' title="bbox 304 1913 1879 1996; baseline 0.01 -32"><span class='ocrx_word' id='word_1_240' title='bbox 304 1929 424 1964; x_wconf 89' lang='grc' dir='ltr'>στιν</span> <span class='ocrx_word' id='word_1_241' title='bbox 458 1913 623 1981; x_wconf 66' lang='grc' dir='ltr'><strong>⁴ἡμεῖς</strong></span> <span class='ocrx_word' id='word_1_242' title='bbox 654 1913 789 1982; x_wconf 88' lang='grc' dir='ltr'>παρ’</span> <span class='ocrx_word' id='word_1_243' title='bbox 833 1914 997 1968; x_wconf 78' lang='grc' dir='ltr'>ἄλλου</span> <span class='ocrx_word' id='word_1_244' title='bbox 1041 1918 1399 1990; x_wconf 75' lang='grc' dir='ltr'>γραφομένην</span> <span class='ocrx_word' id='word_1_245' title='bbox 1443 1924 1578 1990; x_wconf 73' lang='grc' dir='ltr'>ἡμῖν</span> <span class='ocrx_word' id='word_1_246' title='bbox 1604 1926 1879 1996; x_wconf 80' lang='grc' dir='ltr'>νεωτέραν</span> 
     </span>
    </p>
   </div>
   <div class='ocr_carea' id='block_1_37' title="bbox 1992 1913 3570 2001">
    <p class='ocr_par' dir='ltr' id='par_1_37' title="bbox 1992 1913 3570 2001">
     <span class='ocr_line' id='line_1_37' title="bbox 1992 1913 3570 2001; baseline -0.002 -17"><span class='ocrx_word' id='word_1_247' title='bbox 1992 1930 2090 1984; x_wconf 86' lang='lat' dir='ltr'><strong>dus</strong></span> <span class='ocrx_word' id='word_1_248' title='bbox 2124 1930 2459 1984; x_wconf 88' lang='lat' dir='ltr'><strong>conlidenler</strong></span> <span class='ocrx_word' id='word_1_249' title='bbox 2484 1929 2879 2000; x_wconf 85' lang='lat' dir='ltr'><strong>superaddidit,</strong></span> <span class='ocrx_word' id='word_1_250' title='bbox 2903 1939 3160 2000; x_wconf 79' lang='lat' dir='ltr'><strong>recteque</strong></span> <span class='ocrx_word' id='word_1_251' title='bbox 3186 1913 3376 1985; x_wconf 50' lang='lat' dir='ltr'><strong>statui?</strong></span> <span class='ocrx_word' id='word_1_252' title='bbox 3400 1946 3570 2001; x_wconf 75' lang='lat' dir='ltr'><strong>quar-</strong></span> 
     </span>
    </p>
   </div>
   <div class='ocr_carea' id='block_1_38' title="bbox 304 2002 1885 2094">
    <p class='ocr_par' dir='ltr' id='par_1_38' title="bbox 304 2002 1877 2079">
     <span class='ocr_line' id='line_1_38' title="bbox 304 2002 1877 2079; baseline 0.011 -25"><span class='ocrx_word' id='word_1_253' title='bbox 304 2002 369 2054; x_wconf 86' lang='grc' dir='ltr'>οὑ</span> <span class='ocrx_word' id='word_1_254' title='bbox 401 2004 852 2073; x_wconf 72' lang='grc' dir='ltr'>παραδεχόμεθα.</span> <span class='ocrx_word' id='word_1_255' title='bbox 902 2025 920 2057; x_wconf 75' lang='grc' dir='ltr'><strong>ι</strong></span> <span class='ocrx_word' id='word_1_256' title='bbox 959 2009 1068 2061; x_wconf 79' lang='grc' dir='ltr'><strong>Καὶ</strong></span> <span class='ocrx_word' id='word_1_257' title='bbox 1111 2009 1429 2075; x_wconf 76' lang='grc' dir='ltr'>Ἀθανάσιος</span> <span class='ocrx_word' id='word_1_258' title='bbox 1463 2011 1518 2066; x_wconf 82' lang='grc' dir='ltr'>δὲ</span> <span class='ocrx_word' id='word_1_259' title='bbox 1548 2015 1577 2067; x_wconf 99' lang='lat'><strong>6</strong></span> <span class='ocrx_word' id='word_1_260' title='bbox 1608 2015 1877 2079; x_wconf 81' lang='grc' dir='ltr'>πολύτλας</span> 
     </span>
    </p>
   </div>
   <div class='ocr_carea' id='block_1_39' title="bbox 1992 2002 3567 2094">
    <p class='ocr_par' dir='ltr' id='par_1_39' title="bbox 1992 2021 3567 2094">
     <span class='ocr_line' id='line_1_39' title="bbox 1992 2021 3567 2094; baseline -0.001 -20"><span class='ocrx_word' id='word_1_261' title='bbox 1992 2031 2039 2074; x_wconf 86' lang='lat' dir='ltr'><strong>ta</strong></span> <span class='ocrx_word' id='word_1_262' title='bbox 2061 2021 2324 2092; x_wconf 83' lang='lat' dir='ltr'><strong>synodus,</strong></span> <span class='ocrx_word' id='word_1_263' title='bbox 2348 2022 2562 2075; x_wconf 81' lang='lat' dir='ltr'><strong>tertiam</strong></span> <span class='ocrx_word' id='word_1_264' title='bbox 2593 2023 2914 2085; x_wconf 87' lang='lat' dir='ltr'><strong>subsecuta,</strong></span> <span class='ocrx_word' id='word_1_265' title='bbox 2942 2025 2988 2077; x_wconf 89' lang='lat' dir='ltr'><strong>si</strong></span> <span class='ocrx_word' id='word_1_266' title='bbox 3017 2024 3318 2079; x_wconf 87' lang='lat' dir='ltr'><strong>necessitas</strong></span> <span class='ocrx_word' id='word_1_267' title='bbox 3353 2028 3567 2094; x_wconf 71' lang='lat' dir='ltr'><strong>urgeat,</strong></span> 
     </span>
    </p>
   </div>
   <div class='ocr_carea' id='block_1_40' title="bbox 304 2092 1885 2183">
    <p class='ocr_par' dir='ltr' id='par_1_40' title="bbox 304 2092 1882 2170">
     <span class='ocr_line' id='line_1_40' title="bbox 304 2092 1882 2170; baseline 0.011 -27"><span class='ocrx_word' id='word_1_268' title='bbox 304 2092 565 2162; x_wconf 71' lang='grc' dir='ltr'>περὶτῆς</span> <span class='ocrx_word' id='word_1_269' title='bbox 610 2094 669 2147; x_wconf 76' lang='grc' dir='ltr'>ὲν</span> <span class='ocrx_word' id='word_1_270' title='bbox 703 2094 940 2166; x_wconf 81' lang='grc' dir='ltr'>Σαρδικῇ</span> <span class='ocrx_word' id='word_1_271' title='bbox 980 2099 1200 2151; x_wconf 56' lang='grc' dir='ltr'>συνόδου</span> <span class='ocrx_word' id='word_1_272' title='bbox 1239 2101 1525 2170; x_wconf 84' lang='grc' dir='ltr'>διασαφεῖ,</span> <span class='ocrx_word' id='word_1_273' title='bbox 1566 2104 1641 2166; x_wconf 79' lang='grc' dir='ltr'>ὼς</span> <span class='ocrx_word' id='word_1_274' title='bbox 1690 2107 1882 2160; x_wconf 81' lang='grc' dir='ltr'>θεσπί-</span> 
     </span>
    </p>
   </div>
   <div class='ocr_carea' id='block_1_41' title="bbox 1992 2092 3567 2183">
    <p class='ocr_par' dir='ltr' id='par_1_41' title="bbox 1992 2092 3567 2183">
     <span class='ocr_line' id='line_1_41' title="bbox 1992 2092 3567 2183; baseline 0.003 -20"><span class='ocrx_word' id='word_1_275' title='bbox 1992 2120 2236 2164; x_wconf 87' lang='lat' dir='ltr'><strong>nostram</strong></span> <span class='ocrx_word' id='word_1_276' title='bbox 2292 2111 2697 2167; x_wconf 80' lang='lat' dir='ltr'><strong>confessionem</strong></span> <span class='ocrx_word' id='word_1_277' title='bbox 2740 2111 2963 2167; x_wconf 85' lang='lat' dir='ltr'><strong>Patrum</strong></span> <span class='ocrx_word' id='word_1_278' title='bbox 3024 2092 3567 2183; x_wconf 76' lang='lat' dir='ltr'><strong>interpretationibus</strong></span> 
     </span>
    </p>
   </div>
   <div class='ocr_carea' id='block_1_42' title="bbox 305 2183 1885 2271">
    <p class='ocr_par' dir='ltr' id='par_1_42' title="bbox 305 2183 1883 2267">
     <span class='ocr_line' id='line_1_42' title="bbox 305 2183 1883 2267; baseline 0.011 -33"><span class='ocrx_word' id='word_1_279' title='bbox 305 2183 389 2246; x_wconf 80' lang='grc' dir='ltr'><strong>ζει</strong></span> <span class='ocrx_word' id='word_1_280' title='bbox 422 2184 562 2253; x_wconf 78' lang='grc' dir='ltr'>αὕτη</span> <span class='ocrx_word' id='word_1_281' title='bbox 596 2202 615 2235; x_wconf 84' lang='lat' dir='ltr'><strong>t</strong></span> <span class='ocrx_word' id='word_1_282' title='bbox 649 2187 933 2255; x_wconf 78' lang='grc' dir='ltr'>ἀρκεῖσθαι</span> <span class='ocrx_word' id='word_1_283' title='bbox 985 2192 1051 2259; x_wconf 80' lang='grc' dir='ltr'>τῇ</span> <span class='ocrx_word' id='word_1_284' title='bbox 1100 2192 1156 2243; x_wconf 76' lang='grc' dir='ltr'>ἐν</span> <span class='ocrx_word' id='word_1_285' title='bbox 1208 2192 1412 2264; x_wconf 72' lang='grc' dir='ltr'>Νικαίᾳ</span> <span class='ocrx_word' id='word_1_286' title='bbox 1454 2195 1612 2267; x_wconf 84' lang='grc' dir='ltr'>μόνῃ.</span> <span class='ocrx_word' id='word_1_287' title='bbox 1652 2216 1670 2248; x_wconf 74' lang='grc' dir='ltr'><strong>ι</strong></span> <span class='ocrx_word' id='word_1_288' title='bbox 1722 2198 1883 2252; x_wconf 76' lang='grc' dir='ltr'>Ἀλλὰ</span> 
     </span>
    </p>
   </div>
   <div class='ocr_carea' id='block_1_43' title="bbox 1992 2183 2582 2271">
    <p class='ocr_par' dir='ltr' id='par_1_43' title="bbox 1992 2200 2582 2271">
     <span class='ocr_line' id='line_1_43' title="bbox 1992 2200 2582 2271; baseline 0.005 -17"><span class='ocrx_word' id='word_1_289' title='bbox 1992 2200 2402 2271; x_wconf 78' lang='lat' dir='ltr'><strong>adjungendam</strong></span> <span class='ocrx_word' id='word_1_290' title='bbox 2438 2217 2582 2257; x_wconf 90' lang='lat' dir='ltr'><strong>esse.</strong></span> 
     </span>
    </p>
   </div>
   <div class='ocr_carea' id='block_1_44' title="bbox 311 2277 3562 2367">
    <p class='ocr_par' dir='ltr' id='par_1_44' title="bbox 311 2277 3562 2367">
     <span class='ocr_line' id='line_1_44' title="bbox 311 2277 3562 2367; baseline 0.007 -39"><span class='ocrx_word' id='word_1_291' title='bbox 311 2277 412 2329; x_wconf 75' lang='grc' dir='ltr'><strong>καὶ</strong></span> <span class='ocrx_word' id='word_1_292' title='bbox 439 2279 471 2346; x_wconf 80' lang='grc' dir='ltr'>ἡ</span> <span class='ocrx_word' id='word_1_293' title='bbox 508 2278 637 2345; x_wconf 84' lang='grc' dir='ltr'>ἁγία</span> <span class='ocrx_word' id='word_1_294' title='bbox 666 2279 895 2351; x_wconf 59' lang='grc' dir='ltr'>δευτέρα</span> <span class='ocrx_word' id='word_1_295' title='bbox 923 2282 1141 2346; x_wconf 84' lang='grc' dir='ltr'>σύνοδος</span> <span class='ocrx_word' id='word_1_296' title='bbox 1178 2285 1526 2356; x_wconf 67' lang='grc' dir='ltr'>θαρρούντως</span> <span class='ocrx_word' id='word_1_297' title='bbox 1556 2290 1888 2361; x_wconf 78' lang='grc' dir='ltr'>προσέθηκε,</span> <span class='ocrx_word' id='word_1_298' title='bbox 1917 2292 2010 2347; x_wconf 68' lang='grc' dir='ltr'><strong>καὶ</strong></span> <span class='ocrx_word' id='word_1_299' title='bbox 2038 2293 2219 2357; x_wconf 70' lang='grc' dir='ltr'>καλῶς</span> <span class='ocrx_word' id='word_1_300' title='bbox 2253 2291 2495 2363; x_wconf 82' lang='grc' dir='ltr'>ὡρίσατο</span> <span class='ocrx_word' id='word_1_301' title='bbox 2526 2294 2556 2363; x_wconf 79' lang='grc' dir='ltr'>ἡ</span> <span class='ocrx_word' id='word_1_302' title='bbox 2582 2294 2714 2361; x_wconf 83' lang='grc' dir='ltr'>ἁγία</span> <span class='ocrx_word' id='word_1_303' title='bbox 2751 2292 2986 2366; x_wconf 80' lang='grc' dir='ltr'><strong>τετάρτη</strong></span> <span class='ocrx_word' id='word_1_304' title='bbox 3022 2293 3259 2363; x_wconf 82' lang='grc' dir='ltr'>σύνοδος,</span> <span class='ocrx_word' id='word_1_305' title='bbox 3293 2297 3386 2349; x_wconf 76' lang='grc' dir='ltr'><strong>καὶ</strong></span> <span class='ocrx_word' id='word_1_306' title='bbox 3422 2297 3562 2367; x_wconf 73' lang='grc' dir='ltr'>μετὰ</span> 
     </span>
    </p>
   </div>
   <div class='ocr_carea' id='block_1_45' title="bbox 306 2370 3562 2462">
    <p class='ocr_par' dir='ltr' id='par_1_45' title="bbox 306 2370 3562 2462">
     <span class='ocr_line' id='line_1_45' title="bbox 306 2370 3562 2462; baseline 0.003 -24"><span class='ocrx_word' id='word_1_307' title='bbox 306 2373 408 2444; x_wconf 69' lang='grc' dir='ltr'><strong>τὴν</strong></span> <span class='ocrx_word' id='word_1_308' title='bbox 435 2376 625 2447; x_wconf 74' lang='grc' dir='ltr'>τρίτην</span> <span class='ocrx_word' id='word_1_309' title='bbox 651 2370 806 2437; x_wconf 66' lang='grc' dir='ltr'><strong>οὖσαν</strong></span> <span class='ocrx_word' id='word_1_310' title='bbox 831 2375 904 2439; x_wconf 79' lang='grc' dir='ltr'><strong>ὡς</strong></span> <span class='ocrx_word' id='word_1_311' title='bbox 932 2379 1121 2448; x_wconf 77' lang='grc' dir='ltr'>χρείας</span> <span class='ocrx_word' id='word_1_312' title='bbox 1150 2383 1447 2454; x_wconf 75' lang='grc' dir='ltr'>γενομένης</span> <span class='ocrx_word' id='word_1_313' title='bbox 1476 2386 1576 2457; x_wconf 81' lang='grc' dir='ltr'>τὴν</span> <span class='ocrx_word' id='word_1_314' title='bbox 1610 2387 1885 2457; x_wconf 70' lang='grc' dir='ltr'>ἡμετέραν</span> <span class='ocrx_word' id='word_1_315' title='bbox 1915 2390 2305 2444; x_wconf 73' lang='grc' dir='ltr'>ἐπισυνάπτειν</span> <span class='ocrx_word' id='word_1_316' title='bbox 2327 2390 2617 2459; x_wconf 82' lang='grc' dir='ltr'>ὁμολογίαν</span> <span class='ocrx_word' id='word_1_317' title='bbox 2641 2393 2761 2453; x_wconf 87' lang='grc' dir='ltr'>ταῖς</span> <span class='ocrx_word' id='word_1_318' title='bbox 2787 2389 2893 2442; x_wconf 83' lang='grc' dir='ltr'><strong>τῶν</strong></span> <span class='ocrx_word' id='word_1_319' title='bbox 2923 2390 3184 2462; x_wconf 83' lang='grc' dir='ltr'>Πατέρων</span> <span class='ocrx_word' id='word_1_320' title='bbox 3218 2394 3562 2462; x_wconf 81' lang='grc' dir='ltr'>ἑρμηνείαις.</span> 
     </span>
    </p>
   </div>
   <div class='ocr_carea' id='block_1_46' title="bbox 377 2470 1871 2549">
    <p class='ocr_par' dir='ltr' id='par_1_46' title="bbox 377 2470 1871 2549">
     <span class='ocr_line' id='line_1_46' title="bbox 377 2470 1871 2549; baseline 0.01 -29"><span class='ocrx_word' id='word_1_321' title='bbox 377 2476 468 2541; x_wconf 85' lang='grc' dir='ltr'>ιη’.</span> <span class='ocrx_word' id='word_1_322' title='bbox 510 2470 651 2523; x_wconf 78' lang='grc' dir='ltr'>Ἀλλ’</span> <span class='ocrx_word' id='word_1_323' title='bbox 695 2471 804 2524; x_wconf 76' lang='grc' dir='ltr'>οὐδ’</span> <span class='ocrx_word' id='word_1_324' title='bbox 851 2473 913 2526; x_wconf 85' lang='grc' dir='ltr'><strong>ὲκ</strong></span> <span class='ocrx_word' id='word_1_325' title='bbox 963 2473 1057 2526; x_wconf 80' lang='grc' dir='ltr'>τοῦ</span> <span class='ocrx_word' id='word_1_326' title='bbox 1115 2474 1250 2528; x_wconf 80' lang='grc' dir='ltr'>Υίοῢ</span> <span class='ocrx_word' id='word_1_327' title='bbox 1300 2477 1531 2549; x_wconf 78' lang='grc' dir='ltr'>λέγομεν</span> <span class='ocrx_word' id='word_1_328' title='bbox 1587 2481 1775 2545; x_wconf 82' lang='grc' dir='ltr'>ἁπλῶς</span> <span class='ocrx_word' id='word_1_329' title='bbox 1811 2482 1871 2535; x_wconf 86' lang='grc' dir='ltr'>τὸ</span> 
     </span>
    </p>
   </div>
   <div class='ocr_carea' id='block_1_47' title="bbox 305 2560 1882 2642">
    <p class='ocr_par' dir='ltr' id='par_1_47' title="bbox 305 2560 1882 2642">
     <span class='ocr_line' id='line_1_47' title="bbox 305 2560 1882 2642; baseline 0.01 -28"><span class='ocrx_word' id='word_1_330' title='bbox 305 2560 531 2631; x_wconf 75' lang='grc' dir='ltr'>Πνεῦμα</span> <span class='ocrx_word' id='word_1_331' title='bbox 560 2564 619 2616; x_wconf 80' lang='grc' dir='ltr'>τὸ</span> <span class='ocrx_word' id='word_1_332' title='bbox 650 2561 805 2630; x_wconf 71' lang='grc' dir='ltr'>ἇίιον</span> <span class='ocrx_word' id='word_1_333' title='bbox 849 2566 1271 2637; x_wconf 77' lang='grc' dir='ltr'>ἐκπορεύεσθαι,</span> <span class='ocrx_word' id='word_1_334' title='bbox 1307 2573 1403 2624; x_wconf 75' lang='grc' dir='ltr'><strong>καὶ</strong></span> <span class='ocrx_word' id='word_1_335' title='bbox 1435 2573 1882 2642; x_wconf 82' lang='grc' dir='ltr'>ἁπολελυμένως,</span> 
     </span>
    </p>
   </div>
   <div class='ocr_carea' id='block_1_48' title="bbox 304 2652 1884 2731">
    <p class='ocr_par' dir='ltr' id='par_1_48' title="bbox 304 2652 1884 2731">
     <span class='ocr_line' id='line_1_48' title="bbox 304 2652 1884 2731; baseline 0.008 -27"><span class='ocrx_word' id='word_1_336' title='bbox 304 2652 391 2704; x_wconf 80' lang='grc' dir='ltr'><strong>ῖνα</strong></span> <span class='ocrx_word' id='word_1_337' title='bbox 432 2653 507 2723; x_wconf 73' lang='grc' dir='ltr'>μὴ</span> <span class='ocrx_word' id='word_1_338' title='bbox 557 2656 621 2724; x_wconf 79' lang='grc' dir='ltr'><strong>τῇ</strong></span> <span class='ocrx_word' id='word_1_339' title='bbox 683 2654 811 2726; x_wconf 80' lang='grc' dir='ltr'>δόξῃ</span> <span class='ocrx_word' id='word_1_340' title='bbox 867 2655 957 2708; x_wconf 76' lang='grc' dir='ltr'>τοῦ</span> <span class='ocrx_word' id='word_1_341' title='bbox 993 2657 1263 2726; x_wconf 87' lang='grc' dir='ltr'>Εύνομίου</span> <span class='ocrx_word' id='word_1_342' title='bbox 1318 2665 1732 2731; x_wconf 81' lang='grc' dir='ltr'>περιπέσωμεν,</span> <span class='ocrx_word' id='word_1_343' title='bbox 1769 2662 1884 2719; x_wconf 78' lang='grc' dir='ltr'>ἀλλ’</span> 
     </span>
    </p>
   </div>
   <div class='ocr_carea' id='block_1_49' title="bbox 301 2740 1876 2822">
    <p class='ocr_par' dir='ltr' id='par_1_49' title="bbox 301 2740 1876 2822">
     <span class='ocr_line' id='line_1_49' title="bbox 301 2740 1876 2822; baseline 0.008 -30"><span class='ocrx_word' id='word_1_344' title='bbox 301 2740 423 2793; x_wconf 80' lang='grc' dir='ltr'>οὐδὲ</span> <span class='ocrx_word' id='word_1_345' title='bbox 450 2740 508 2807; x_wconf 71' lang='grc' dir='ltr'><strong>ἐξ</strong></span> <span class='ocrx_word' id='word_1_346' title='bbox 561 2742 691 2794; x_wconf 85' lang='grc' dir='ltr'>Υἱοῦ</span> <span class='ocrx_word' id='word_1_347' title='bbox 724 2744 824 2812; x_wconf 81' lang='grc' dir='ltr'>τὴν</span> <span class='ocrx_word' id='word_1_348' title='bbox 853 2742 1093 2815; x_wconf 78' lang='grc' dir='ltr'>ὓπαρξιν</span> <span class='ocrx_word' id='word_1_349' title='bbox 1127 2746 1295 2816; x_wconf 71' lang='grc' dir='ltr'>ἔχειν.</span> <span class='ocrx_word' id='word_1_350' title='bbox 1327 2743 1435 2800; x_wconf 83' lang='grc' dir='ltr'>Ἦν</span> <span class='ocrx_word' id='word_1_351' title='bbox 1474 2748 1584 2819; x_wconf 80' lang='grc' dir='ltr'>γὰρ</span> <span class='ocrx_word' id='word_1_352' title='bbox 1615 2751 1681 2804; x_wconf 77' lang='grc' dir='ltr'>ἂν</span> <span class='ocrx_word' id='word_1_353' title='bbox 1717 2754 1876 2822; x_wconf 77' lang='grc' dir='ltr'>ἀρχι-</span> 
     </span>
    </p>
   </div>
   <div class='ocr_carea' id='block_1_50' title="bbox 302 2831 1885 2910">
    <p class='ocr_par' dir='ltr' id='par_1_50' title="bbox 302 2831 1885 2910">
     <span class='ocr_line' id='line_1_50' title="bbox 302 2831 1885 2910; baseline 0.006 -26"><span class='ocrx_word' id='word_1_354' title='bbox 302 2831 398 2885; x_wconf 75' lang='grc' dir='ltr'>κδν</span> <span class='ocrx_word' id='word_1_355' title='bbox 435 2833 607 2885; x_wconf 87' lang='grc' dir='ltr'>αίτιον</span> <span class='ocrx_word' id='word_1_356' title='bbox 629 2834 656 2885; x_wconf 88' lang='lat'><strong>6</strong></span> <span class='ocrx_word' id='word_1_357' title='bbox 686 2833 835 2900; x_wconf 75' lang='grc' dir='ltr'>Υἱὸς,</span> <span class='ocrx_word' id='word_1_358' title='bbox 869 2838 961 2887; x_wconf 71' lang='grc' dir='ltr'><strong>καὶ</strong></span> <span class='ocrx_word' id='word_1_359' title='bbox 992 2836 1092 2905; x_wconf 86' lang='grc' dir='ltr'>ούχ</span> <span class='ocrx_word' id='word_1_360' title='bbox 1158 2838 1186 2889; x_wconf 87' lang='lat'><strong>6</strong></span> <span class='ocrx_word' id='word_1_361' title='bbox 1227 2837 1445 2906; x_wconf 73' lang='grc' dir='ltr'>Πατὴρ,</span> <span class='ocrx_word' id='word_1_362' title='bbox 1482 2836 1675 2909; x_wconf 83' lang='grc' dir='ltr'>ὥσπερ</span> <span class='ocrx_word' id='word_1_363' title='bbox 1706 2842 1734 2894; x_wconf 87' lang='grc' dir='ltr'>ὁ</span> <span class='ocrx_word' id='word_1_364' title='bbox 1762 2842 1885 2910; x_wconf 81' lang='grc' dir='ltr'>θεή-</span> 
     </span>
    </p>
   </div>
   <div class='ocr_carea' id='block_1_51' title="bbox 303 2923 1886 2995">
    <p class='ocr_par' dir='ltr' id='par_1_51' title="bbox 303 2923 1886 2995">
     <span class='ocr_line' id='line_1_51' title="bbox 303 2923 1886 2995; baseline 0.004 -19"><span class='ocrx_word' id='word_1_365' title='bbox 303 2925 467 2987; x_wconf 85' lang='grc' dir='ltr'>λατος</span> <span class='ocrx_word' id='word_1_366' title='bbox 501 2923 768 2992; x_wconf 78' lang='grc' dir='ltr'>Εύνόμιος</span> <span class='ocrx_word' id='word_1_367' title='bbox 796 2923 1027 2993; x_wconf 77' lang='grc' dir='ltr'>ἔφασκε,</span> <span class='ocrx_word' id='word_1_368' title='bbox 1057 2924 1242 2988; x_wconf 82' lang='grc' dir='ltr'>καθὼς</span> <span class='ocrx_word' id='word_1_369' title='bbox 1267 2927 1294 2978; x_wconf 91' lang='lat'><strong>6</strong></span> <span class='ocrx_word' id='word_1_370' title='bbox 1324 2927 1498 2995; x_wconf 80' lang='grc' dir='ltr'>μέγας</span> <span class='ocrx_word' id='word_1_371' title='bbox 1528 2928 1804 2991; x_wconf 83' lang='grc' dir='ltr'>Βασίλειος</span> <span class='ocrx_word' id='word_1_372' title='bbox 1827 2932 1886 2982; x_wconf 80' lang='grc' dir='ltr'>ὲν</span> 
     </span>
    </p>
   </div>
   <div class='ocr_carea' id='block_1_52' title="bbox 302 3016 1881 3089">
    <p class='ocr_par' dir='ltr' id='par_1_52' title="bbox 302 3016 1881 3089">
     <span class='ocr_line' id='line_1_52' title="bbox 302 3016 1881 3089; baseline 0.001 -18"><span class='ocrx_word' id='word_1_373' title='bbox 302 3019 417 3080; x_wconf 87' lang='grc' dir='ltr'>τοῖς</span> <span class='ocrx_word' id='word_1_374' title='bbox 444 3016 662 3069; x_wconf 71' lang='grc' dir='ltr'>ἐκείνου</span> <span class='ocrx_word' id='word_1_375' title='bbox 694 3017 939 3087; x_wconf 62' lang='grc' dir='ltr'>ἐλέγχοις</span> <span class='ocrx_word' id='word_1_376' title='bbox 964 3020 1022 3072; x_wconf 75' lang='grc' dir='ltr'>ἐν</span> <span class='ocrx_word' id='word_1_377' title='bbox 1049 3017 1290 3089; x_wconf 83' lang='grc' dir='ltr'>δευτέρῳ</span> <span class='ocrx_word' id='word_1_378' title='bbox 1323 3018 1466 3089; x_wconf 84' lang='grc' dir='ltr'>λόγῳ</span> <span class='ocrx_word' id='word_1_379' title='bbox 1492 3019 1601 3071; x_wconf 82' lang='grc' dir='ltr'><strong>τῶν</strong></span> <span class='ocrx_word' id='word_1_380' title='bbox 1648 3019 1881 3088; x_wconf 79' lang='grc' dir='ltr'>Ἀντιρο</span> 
     </span>
    </p>
   </div>
   <div class='ocr_carea' id='block_1_53' title="bbox 2062 2482 3565 2553">
    <p class='ocr_par' dir='ltr' id='par_1_53' title="bbox 2062 2482 3565 2553">
     <span class='ocr_line' id='line_1_53' title="bbox 2062 2482 3565 2553; baseline 0.005 -16"><span class='ocrx_word' id='word_1_381' title='bbox 2062 2483 2149 2538; x_wconf 80' lang='grc'><strong>18.</strong></span> <span class='ocrx_word' id='word_1_382' title='bbox 2175 2482 2364 2553; x_wconf 83' lang='lat' dir='ltr'><strong>Neque</strong></span> <span class='ocrx_word' id='word_1_383' title='bbox 2395 2500 2496 2539; x_wconf 90' lang='lat' dir='ltr'><strong>nos</strong></span> <span class='ocrx_word' id='word_1_384' title='bbox 2526 2484 2850 2553; x_wconf 82' lang='lat' dir='ltr'><strong>simpliciter</strong></span> <span class='ocrx_word' id='word_1_385' title='bbox 2873 2494 2928 2539; x_wconf 93' lang='lat' dir='ltr'><strong>et</strong></span> <span class='ocrx_word' id='word_1_386' title='bbox 2955 2485 3209 2540; x_wconf 69' lang='lat' dir='ltr'><strong>absolute</strong></span> <span class='ocrx_word' id='word_1_387' title='bbox 3240 2488 3565 2551; x_wconf 78' lang='lat' dir='ltr'><strong>asserimus.</strong></span> 
     </span>
    </p>
   </div>
   <div class='ocr_carea' id='block_1_54' title="bbox 1986 2571 3566 2643">
    <p class='ocr_par' dir='ltr' id='par_1_54' title="bbox 1986 2571 3566 2643">
     <span class='ocr_line' id='line_1_54' title="bbox 1986 2571 3566 2643; baseline 0.004 -16"><span class='ocrx_word' id='word_1_388' title='bbox 1986 2571 2251 2642; x_wconf 83' lang='lat' dir='ltr'><strong>Spiritum</strong></span> <span class='ocrx_word' id='word_1_389' title='bbox 2270 2590 2332 2629; x_wconf 79' lang='lat' dir='ltr'><strong>ex</strong></span> <span class='ocrx_word' id='word_1_390' title='bbox 2363 2575 2501 2630; x_wconf 89' lang='lat' dir='ltr'><strong>Filio</strong></span> <span class='ocrx_word' id='word_1_391' title='bbox 2523 2579 2816 2643; x_wconf 80' lang='lat' dir='ltr'><strong>procedere</strong></span> <span class='ocrx_word' id='word_1_392' title='bbox 2838 2615 2854 2638; x_wconf 86' lang='lat'><strong>,</strong></span> <span class='ocrx_word' id='word_1_393' title='bbox 2891 2592 2958 2630; x_wconf 91' lang='lat' dir='ltr'><strong>ne</strong></span> <span class='ocrx_word' id='word_1_394' title='bbox 2989 2576 3043 2628; x_wconf 85' lang='lat' dir='ltr'><strong>in</strong></span> <span class='ocrx_word' id='word_1_395' title='bbox 3062 2575 3318 2632; x_wconf 80' lang='lat' dir='ltr'><strong>Eunoutii</strong></span> <span class='ocrx_word' id='word_1_396' title='bbox 3346 2586 3566 2634; x_wconf 87' lang='lat' dir='ltr'><strong>senten-</strong></span> 
     </span>
    </p>
   </div>
   <div class='ocr_carea' id='block_1_55' title="bbox 1989 2664 3563 2734">
    <p class='ocr_par' dir='ltr' id='par_1_55' title="bbox 1989 2664 3563 2734">
     <span class='ocr_line' id='line_1_55' title="bbox 1989 2664 3563 2734; baseline 0.004 -17"><span class='ocrx_word' id='word_1_397' title='bbox 1989 2665 2119 2717; x_wconf 91' lang='lat' dir='ltr'><strong>tiam</strong></span> <span class='ocrx_word' id='word_1_398' title='bbox 2151 2664 2431 2730; x_wconf 83' lang='lat' dir='ltr'><strong>abeamus,</strong></span> <span class='ocrx_word' id='word_1_399' title='bbox 2463 2682 2638 2734; x_wconf 87' lang='lat' dir='ltr'><strong>neque</strong></span> <span class='ocrx_word' id='word_1_400' title='bbox 2665 2681 2733 2720; x_wconf 78' lang='lat' dir='ltr'><strong>ex</strong></span> <span class='ocrx_word' id='word_1_401' title='bbox 2763 2664 2902 2720; x_wconf 84' lang='lat' dir='ltr'><strong>Filio</strong></span> <span class='ocrx_word' id='word_1_402' title='bbox 2928 2667 3302 2722; x_wconf 75' lang='lat' dir='ltr'><strong>exsistentiam</strong></span> <span class='ocrx_word' id='word_1_403' title='bbox 3338 2668 3563 2724; x_wconf 82' lang='lat' dir='ltr'><strong>habere.</strong></span> 
     </span>
    </p>
   </div>
   <div class='ocr_carea' id='block_1_56' title="bbox 1992 2750 3563 2823">
    <p class='ocr_par' dir='ltr' id='par_1_56' title="bbox 1992 2750 3563 2823">
     <span class='ocr_line' id='line_1_56' title="bbox 1992 2750 3563 2823; baseline -0.002 -15"><span class='ocrx_word' id='word_1_404' title='bbox 1992 2754 2155 2808; x_wconf 81' lang='lat' dir='ltr'><strong>Esset</strong></span> <span class='ocrx_word' id='word_1_405' title='bbox 2180 2753 2325 2807; x_wconf 90' lang='lat' dir='ltr'><strong>enim</strong></span> <span class='ocrx_word' id='word_1_406' title='bbox 2360 2754 2683 2823; x_wconf 86' lang='lat' dir='ltr'><strong>principalis</strong></span> <span class='ocrx_word' id='word_1_407' title='bbox 2715 2768 2883 2808; x_wconf 85' lang='lat' dir='ltr'><strong>causa</strong></span> <span class='ocrx_word' id='word_1_408' title='bbox 2916 2750 3110 2818; x_wconf 83' lang='lat' dir='ltr'><strong>Filius,</strong></span> <span class='ocrx_word' id='word_1_409' title='bbox 3143 2763 3198 2807; x_wconf 93' lang='lat' dir='ltr'><strong>et</strong></span> <span class='ocrx_word' id='word_1_410' title='bbox 3230 2769 3338 2809; x_wconf 91' lang='lat' dir='ltr'><strong>non</strong></span> <span class='ocrx_word' id='word_1_411' title='bbox 3376 2755 3563 2819; x_wconf 87' lang='lat' dir='ltr'><strong>Pater,</strong></span> 
     </span>
    </p>
   </div>
   <div class='ocr_carea' id='block_1_57' title="bbox 1994 2844 3561 2911">
    <p class='ocr_par' dir='ltr' id='par_1_57' title="bbox 1994 2844 3561 2911">
     <span class='ocr_line' id='line_1_57' title="bbox 1994 2844 3561 2911; baseline 0.001 -13"><span class='ocrx_word' id='word_1_412' title='bbox 1994 2845 2460 2911; x_wconf 86' lang='lat' dir='ltr'><strong>quemadmodum</strong></span> <span class='ocrx_word' id='word_1_413' title='bbox 2507 2847 2794 2899; x_wconf 88' lang='lat' dir='ltr'><strong>calamitas</strong></span> <span class='ocrx_word' id='word_1_414' title='bbox 2822 2844 3083 2900; x_wconf 72' lang='lat' dir='ltr'><strong>Ecclesiae</strong></span> <span class='ocrx_word' id='word_1_415' title='bbox 3110 2863 3137 2899; x_wconf 86' lang='lat' dir='ltr'><strong>a</strong></span> <span class='ocrx_word' id='word_1_416' title='bbox 3166 2845 3274 2900; x_wconf 88' lang='lat' dir='ltr'><strong>Deo</strong></span> <span class='ocrx_word' id='word_1_417' title='bbox 3314 2849 3561 2900; x_wconf 85' lang='lat' dir='ltr'><strong>immissa</strong></span> 
     </span>
    </p>
   </div>
   <div class='ocr_carea' id='block_1_58' title="bbox 1994 2935 3566 3006">
    <p class='ocr_par' dir='ltr' id='par_1_58' title="bbox 1994 2935 3566 3006">
     <span class='ocr_line' id='line_1_58' title="bbox 1994 2935 3566 3006; baseline 0.001 -17"><span class='ocrx_word' id='word_1_418' title='bbox 1994 2935 2298 2991; x_wconf 82' lang='lat' dir='ltr'><strong>Eunomius</strong></span> <span class='ocrx_word' id='word_1_419' title='bbox 2328 2936 2722 3006; x_wconf 61' lang='lat' dir='ltr'><strong>praetendebat,</strong></span> <span class='ocrx_word' id='word_1_420' title='bbox 2742 2947 2800 2991; x_wconf 92' lang='lat' dir='ltr'><strong>ut</strong></span> <span class='ocrx_word' id='word_1_421' title='bbox 2831 2938 3048 2991; x_wconf 85' lang='lat' dir='ltr'><strong>divinus</strong></span> <span class='ocrx_word' id='word_1_422' title='bbox 3076 2937 3314 2993; x_wconf 80' lang='lat' dir='ltr'><strong>Basilius</strong></span> <span class='ocrx_word' id='word_1_423' title='bbox 3340 2939 3393 2991; x_wconf 93' lang='lat' dir='ltr'><strong>in</strong></span> <span class='ocrx_word' id='word_1_424' title='bbox 3418 2938 3566 2991; x_wconf 84' lang='lat' dir='ltr'><strong>illius</strong></span> 
     </span>
    </p>
   </div>
   <div class='ocr_carea' id='block_1_59' title="bbox 1992 3026 3567 3089">
    <p class='ocr_par' dir='ltr' id='par_1_59' title="bbox 1992 3026 3567 3089">
     <span class='ocr_line' id='line_1_59' title="bbox 1992 3026 3567 3089; baseline -0.001 -6"><span class='ocrx_word' id='word_1_425' title='bbox 1992 3027 2444 3089; x_wconf 85' lang='lat' dir='ltr'><strong>refutationibus,</strong></span> <span class='ocrx_word' id='word_1_426' title='bbox 2475 3026 2726 3081; x_wconf 88' lang='lat' dir='ltr'><strong>oratione</strong></span> <span class='ocrx_word' id='word_1_427' title='bbox 2766 3028 3006 3083; x_wconf 85' lang='lat' dir='ltr'><strong>secunda</strong></span> <span class='ocrx_word' id='word_1_428' title='bbox 3034 3028 3398 3081; x_wconf 81' lang='lat' dir='ltr'><strong>Antirrhctica</strong></span> <span class='ocrx_word' id='word_1_429' title='bbox 3431 3029 3567 3082; x_wconf 84' lang='lat' dir='ltr'><strong>seri-</strong></span> 
     </span>
    </p>
   </div>
   <div class='ocr_carea' id='block_1_60' title="bbox 299 3107 1885 3202">
    <p class='ocr_par' dir='ltr' id='par_1_60' title="bbox 299 3107 1882 3178">
     <span class='ocr_line' id='line_1_60' title="bbox 299 3107 1882 3178; baseline 0.005 -20"><span class='ocrx_word' id='word_1_430' title='bbox 299 3107 544 3175; x_wconf 81' lang='grc' dir='ltr'>ρήσεών</span> <span class='ocrx_word' id='word_1_431' title='bbox 602 3125 790 3178; x_wconf 75' lang='grc' dir='ltr'>φησιν’</span> <span class='ocrx_word' id='word_1_432' title='bbox 828 3126 847 3160; x_wconf 82' lang='grc' dir='ltr'><strong>ι</strong></span> <span class='ocrx_word' id='word_1_433' title='bbox 909 3109 1118 3162; x_wconf 82' lang='grc' dir='ltr'>Ἐκεῖνο</span> <span class='ocrx_word' id='word_1_434' title='bbox 1173 3111 1229 3162; x_wconf 76' lang='grc' dir='ltr'>δὲ</span> <span class='ocrx_word' id='word_1_435' title='bbox 1286 3112 1393 3162; x_wconf 82' lang='grc' dir='ltr'>τίνι</span> <span class='ocrx_word' id='word_1_436' title='bbox 1450 3109 1559 3163; x_wconf 83' lang='grc' dir='ltr'><strong>τῶν</strong></span> <span class='ocrx_word' id='word_1_437' title='bbox 1624 3110 1882 3166; x_wconf 75' lang='grc' dir='ltr'>ἁπάντων</span> 
     </span>
    </p>
   </div>
   <div class='ocr_carea' id='block_1_61' title="bbox 1992 3107 3568 3202">
    <p class='ocr_par' dir='ltr' id='par_1_61' title="bbox 1992 3120 3568 3177">
     <span class='ocr_line' id='line_1_61' title="bbox 1992 3120 3568 3177; baseline 0.001 -1"><span class='ocrx_word' id='word_1_438' title='bbox 1992 3121 2114 3176; x_wconf 87' lang='lat' dir='ltr'><strong>bit:</strong></span> <span class='ocrx_word' id='word_1_439' title='bbox 2161 3139 2179 3172; x_wconf 85' lang='grc' dir='ltr'><strong>ι</strong></span> <span class='ocrx_word' id='word_1_440' title='bbox 2220 3120 2356 3174; x_wconf 88' lang='lat' dir='ltr'><strong>Illud</strong></span> <span class='ocrx_word' id='word_1_441' title='bbox 2401 3135 2529 3175; x_wconf 82' lang='lat' dir='ltr'><strong>vero</strong></span> <span class='ocrx_word' id='word_1_442' title='bbox 2580 3120 2665 3175; x_wconf 90' lang='lat' dir='ltr'><strong>eui</strong></span> <span class='ocrx_word' id='word_1_443' title='bbox 2722 3128 2909 3174; x_wconf 90' lang='lat' dir='ltr'><strong>notum</strong></span> <span class='ocrx_word' id='word_1_444' title='bbox 2943 3136 3053 3175; x_wconf 91' lang='lat' dir='ltr'><strong>non</strong></span> <span class='ocrx_word' id='word_1_445' title='bbox 3089 3130 3174 3176; x_wconf 84' lang='lat' dir='ltr'><strong>est</strong></span> <span class='ocrx_word' id='word_1_446' title='bbox 3215 3122 3414 3175; x_wconf 85' lang='lat' dir='ltr'><strong>nullam</strong></span> <span class='ocrx_word' id='word_1_447' title='bbox 3443 3138 3568 3177; x_wconf 82' lang='lat' dir='ltr'><strong>esse</strong></span> 
     </span>
    </p>
   </div>
   <div class='ocr_carea' id='block_1_62' title="bbox 306 3200 1889 3275">
    <p class='ocr_par' dir='ltr' id='par_1_62' title="bbox 306 3200 1889 3275">
     <span class='ocr_line' id='line_1_62' title="bbox 306 3200 1889 3275; baseline 0.001 -21"><span class='ocrx_word' id='word_1_448' title='bbox 306 3200 523 3266; x_wconf 75' lang='grc' dir='ltr'>ἄδηλον,</span> <span class='ocrx_word' id='word_1_449' title='bbox 552 3201 635 3254; x_wconf 85' lang='grc' dir='ltr'>ὅτι</span> <span class='ocrx_word' id='word_1_450' title='bbox 687 3201 915 3271; x_wconf 69' lang='grc' dir='ltr'>οὐδεμία</span> <span class='ocrx_word' id='word_1_451' title='bbox 966 3200 1061 3254; x_wconf 76' lang='grc' dir='ltr'>τοῦ</span> <span class='ocrx_word' id='word_1_452' title='bbox 1113 3202 1245 3254; x_wconf 86' lang='grc' dir='ltr'><strong>Υἱοῦ</strong></span> <span class='ocrx_word' id='word_1_453' title='bbox 1286 3202 1540 3272; x_wconf 77' lang='grc' dir='ltr'>ἐνέργεια</span> <span class='ocrx_word' id='word_1_454' title='bbox 1573 3205 1889 3275; x_wconf 82' lang='grc' dir='ltr'>ἀποτετμη-</span> 
     </span>
    </p>
   </div>
   <div class='ocr_carea' id='block_1_63' title="bbox 308 3293 1887 3365">
    <p class='ocr_par' dir='ltr' id='par_1_63' title="bbox 308 3293 1887 3365">
     <span class='ocr_line' id='line_1_63' title="bbox 308 3293 1887 3365; baseline 0.003 -19"><span class='ocrx_word' id='word_1_455' title='bbox 308 3295 449 3363; x_wconf 80' lang='grc' dir='ltr'>μένη</span> <span class='ocrx_word' id='word_1_456' title='bbox 512 3294 629 3346; x_wconf 76' lang='grc' dir='ltr'>ἐστὶ</span> <span class='ocrx_word' id='word_1_457' title='bbox 663 3293 755 3347; x_wconf 79' lang='grc' dir='ltr'>τοῦ</span> <span class='ocrx_word' id='word_1_458' title='bbox 818 3294 1049 3365; x_wconf 79' lang='grc' dir='ltr'>Πατρὸς,</span> <span class='ocrx_word' id='word_1_459' title='bbox 1099 3296 1219 3349; x_wconf 76' lang='grc' dir='ltr'>οὐδὲ</span> <span class='ocrx_word' id='word_1_460' title='bbox 1280 3295 1393 3349; x_wconf 74' lang='grc' dir='ltr'>ἐστι</span> <span class='ocrx_word' id='word_1_461' title='bbox 1435 3314 1487 3350; x_wconf 87' lang='grc' dir='ltr'><strong>τι</strong></span> <span class='ocrx_word' id='word_1_462' title='bbox 1540 3297 1598 3350; x_wconf 83' lang='grc' dir='ltr'>ὲν</span> <span class='ocrx_word' id='word_1_463' title='bbox 1627 3300 1737 3361; x_wconf 79' lang='grc' dir='ltr'>τοῖς</span> <span class='ocrx_word' id='word_1_464' title='bbox 1766 3294 1887 3352; x_wconf 79' lang='grc' dir='ltr'>οὖσι</span> 
     </span>
    </p>
   </div>
   <div class='ocr_carea' id='block_1_64' title="bbox 305 3388 1887 3461">
    <p class='ocr_par' dir='ltr' id='par_1_64' title="bbox 305 3388 1887 3461">
     <span class='ocr_line' id='line_1_64' title="bbox 305 3388 1887 3461; baseline 0.002 -20"><span class='ocrx_word' id='word_1_465' title='bbox 305 3390 384 3457; x_wconf 83' lang='grc' dir='ltr'>τῷ</span> <span class='ocrx_word' id='word_1_466' title='bbox 415 3389 528 3460; x_wconf 55' lang='lat' dir='ltr'><strong>rte</strong></span> <span class='ocrx_word' id='word_1_467' title='bbox 552 3390 821 3461; x_wconf 81' lang='grc' dir='ltr'>ὑπάρχον,</span> <span class='ocrx_word' id='word_1_468' title='bbox 854 3389 882 3441; x_wconf 81' lang='grc' dir='ltr'><strong>ὃ</strong></span> <span class='ocrx_word' id='word_1_469' title='bbox 916 3389 1010 3441; x_wconf 79' lang='grc' dir='ltr'><strong>τοῦ</strong></span> <span class='ocrx_word' id='word_1_470' title='bbox 1055 3390 1265 3458; x_wconf 56' lang='lat' dir='ltr'><strong>Harpe;</strong></span> <span class='ocrx_word' id='word_1_471' title='bbox 1304 3388 1699 3461; x_wconf 74' lang='grc' dir='ltr'>ὴλλοτρίωται;</span> <span class='ocrx_word' id='word_1_472' title='bbox 1733 3391 1887 3444; x_wconf 83' lang='grc' dir='ltr'><strong>Πάν-</strong></span> 
     </span>
    </p>
   </div>
   <div class='ocr_carea' id='block_1_65' title="bbox 305 3480 1883 3553">
    <p class='ocr_par' dir='ltr' id='par_1_65' title="bbox 305 3480 1883 3553">
     <span class='ocr_line' id='line_1_65' title="bbox 305 3480 1883 3553; baseline 0.001 -17"><span class='ocrx_word' id='word_1_473' title='bbox 305 3500 379 3536; x_wconf 75' lang='grc' dir='ltr'><strong>τα</strong></span> <span class='ocrx_word' id='word_1_474' title='bbox 410 3484 536 3553; x_wconf 80' lang='grc' dir='ltr'>γὰρ,</span> <span class='ocrx_word' id='word_1_475' title='bbox 573 3484 745 3553; x_wconf 59' lang='grc' dir='ltr'>φησι,</span> <span class='ocrx_word' id='word_1_476' title='bbox 781 3482 851 3536; x_wconf 77' lang='grc' dir='ltr'>τὰ</span> <span class='ocrx_word' id='word_1_477' title='bbox 874 3482 987 3551; x_wconf 81' lang='grc' dir='ltr'><strong>ἐμὰ</strong></span> <span class='ocrx_word' id='word_1_478' title='bbox 1034 3481 1117 3535; x_wconf 74' lang='grc' dir='ltr'>σά</span> <span class='ocrx_word' id='word_1_479' title='bbox 1166 3484 1326 3548; x_wconf 81' lang='grc' dir='ltr'>ἐστι,</span> <span class='ocrx_word' id='word_1_480' title='bbox 1360 3482 1462 3536; x_wconf 76' lang='grc' dir='ltr'><strong>καὶ</strong></span> <span class='ocrx_word' id='word_1_481' title='bbox 1504 3482 1574 3534; x_wconf 83' lang='grc' dir='ltr'>τὰ</span> <span class='ocrx_word' id='word_1_482' title='bbox 1615 3480 1700 3537; x_wconf 86' lang='grc' dir='ltr'>σὰ</span> <span class='ocrx_word' id='word_1_483' title='bbox 1750 3484 1883 3553; x_wconf 83' lang='grc' dir='ltr'>ἐμά.</span> 
     </span>
    </p>
   </div>
   <div class='ocr_carea' id='block_1_66' title="bbox 308 3574 1889 3646">
    <p class='ocr_par' dir='ltr' id='par_1_66' title="bbox 308 3574 1889 3646">
     <span class='ocr_line' id='line_1_66' title="bbox 308 3574 1889 3646; baseline 0.002 -18"><span class='ocrx_word' id='word_1_484' title='bbox 308 3575 432 3638; x_wconf 81' lang='grc' dir='ltr'><strong>Πῶς</strong></span> <span class='ocrx_word' id='word_1_485' title='bbox 485 3575 577 3628; x_wconf 78' lang='grc' dir='ltr'>οὖν</span> <span class='ocrx_word' id='word_1_486' title='bbox 610 3574 703 3628; x_wconf 78' lang='grc' dir='ltr'>τοῦ</span> <span class='ocrx_word' id='word_1_487' title='bbox 763 3575 1078 3646; x_wconf 82' lang='grc' dir='ltr'>Πνεύματος</span> <span class='ocrx_word' id='word_1_488' title='bbox 1112 3576 1211 3644; x_wconf 71' lang='grc' dir='ltr'>τὴν</span> <span class='ocrx_word' id='word_1_489' title='bbox 1263 3575 1445 3627; x_wconf 81' lang='grc' dir='ltr'>αἰτίαν</span> <span class='ocrx_word' id='word_1_490' title='bbox 1479 3575 1557 3646; x_wconf 82' lang='grc' dir='ltr'><strong>τῷ</strong></span> <span class='ocrx_word' id='word_1_491' title='bbox 1591 3578 1889 3646; x_wconf 65' lang='grc' dir='ltr'><strong>1ιίονογενείί</strong></span> 
     </span>
    </p>
   </div>
   <div class='ocr_carea' id='block_1_67' title="bbox 307 3667 1889 3738">
    <p class='ocr_par' dir='ltr' id='par_1_67' title="bbox 307 3667 1889 3738">
     <span class='ocr_line' id='line_1_67' title="bbox 307 3667 1889 3738; baseline 0.003 -20"><span class='ocrx_word' id='word_1_492' title='bbox 307 3667 643 3738; x_wconf 80' lang='grc' dir='ltr'>προστίθησι</span> <span class='ocrx_word' id='word_1_493' title='bbox 688 3667 861 3737; x_wconf 83' lang='grc' dir='ltr'>μόνῳ,</span> <span class='ocrx_word' id='word_1_494' title='bbox 923 3667 1015 3718; x_wconf 75' lang='grc' dir='ltr'><strong>καὶ</strong></span> <span class='ocrx_word' id='word_1_495' title='bbox 1067 3668 1443 3737; x_wconf 81' lang='grc' dir='ltr'>κατηγόρημα</span> <span class='ocrx_word' id='word_1_496' title='bbox 1505 3668 1612 3738; x_wconf 83' lang='grc' dir='ltr'><strong>τῆς</strong></span> <span class='ocrx_word' id='word_1_497' title='bbox 1671 3669 1889 3738; x_wconf 83' lang='grc' dir='ltr'>φύσεως</span> 
     </span>
    </p>
   </div>
   <div class='ocr_carea' id='block_1_68' title="bbox 308 3758 1889 3829">
    <p class='ocr_par' dir='ltr' id='par_1_68' title="bbox 308 3758 1889 3829">
     <span class='ocr_line' id='line_1_68' title="bbox 308 3758 1889 3829; baseline 0.001 -17"><span class='ocrx_word' id='word_1_498' title='bbox 308 3758 476 3812; x_wconf 85' lang='grc' dir='ltr'>αύτοῦ</span> <span class='ocrx_word' id='word_1_499' title='bbox 501 3758 597 3827; x_wconf 77' lang='grc' dir='ltr'>τὴν</span> <span class='ocrx_word' id='word_1_500' title='bbox 620 3758 811 3812; x_wconf 90' lang='grc' dir='ltr'>τούτου</span> <span class='ocrx_word' id='word_1_501' title='bbox 836 3758 1108 3827; x_wconf 80' lang='grc' dir='ltr'>λαμϐάνει</span> <span class='ocrx_word' id='word_1_502' title='bbox 1156 3758 1558 3829; x_wconf 87' lang='grc' dir='ltr'>δημιουργίαν;</span> <span class='ocrx_word' id='word_1_503' title='bbox 1605 3778 1623 3811; x_wconf 75' lang='grc' dir='ltr'><strong>ι</strong></span> <span class='ocrx_word' id='word_1_504' title='bbox 1655 3759 1747 3813; x_wconf 77' lang='grc' dir='ltr'>Διὸ</span> <span class='ocrx_word' id='word_1_505' title='bbox 1792 3760 1889 3813; x_wconf 80' lang='grc' dir='ltr'><strong>καὶ</strong></span> 
     </span>
    </p>
   </div>
   <div class='ocr_carea' id='block_1_69' title="bbox 305 3849 1887 3919">
    <p class='ocr_par' dir='ltr' id='par_1_69' title="bbox 305 3849 1887 3919">
     <span class='ocr_line' id='line_1_69' title="bbox 305 3849 1887 3919; baseline -0.001 -15"><span class='ocrx_word' id='word_1_506' title='bbox 305 3853 336 3904; x_wconf 94' lang='lat'><strong>6</strong></span> <span class='ocrx_word' id='word_1_507' title='bbox 375 3849 518 3912; x_wconf 85' lang='grc' dir='ltr'>θεῖος</span> <span class='ocrx_word' id='word_1_508' title='bbox 556 3850 922 3919; x_wconf 81' lang='grc' dir='ltr'>Δαμασκηνὸς</span> <span class='ocrx_word' id='word_1_509' title='bbox 950 3888 966 3913; x_wconf 91' lang='grc'><strong>,</strong></span> <span class='ocrx_word' id='word_1_510' title='bbox 1022 3867 1039 3900; x_wconf 87' lang='lat' dir='ltr'><strong>t</strong></span> <span class='ocrx_word' id='word_1_511' title='bbox 1104 3849 1199 3901; x_wconf 84' lang='grc' dir='ltr'><strong>Ἕκ</strong></span> <span class='ocrx_word' id='word_1_512' title='bbox 1259 3850 1352 3901; x_wconf 83' lang='grc' dir='ltr'><strong>τοῦ</strong></span> <span class='ocrx_word' id='word_1_513' title='bbox 1404 3849 1560 3912; x_wconf 77' lang='grc' dir='ltr'>Υίοῦ,</span> <span class='ocrx_word' id='word_1_514' title='bbox 1618 3851 1791 3919; x_wconf 76' lang='grc' dir='ltr'>φησὶ,</span> <span class='ocrx_word' id='word_1_515' title='bbox 1826 3850 1887 3904; x_wconf 80' lang='grc' dir='ltr'>τὸ</span> 
     </span>
    </p>
   </div>
   <div class='ocr_carea' id='block_1_70' title="bbox 315 3940 1887 4015">
    <p class='ocr_par' dir='ltr' id='par_1_70' title="bbox 315 3940 1887 4015">
     <span class='ocr_line' id='line_1_70' title="bbox 315 3940 1887 4015; baseline 0.001 -20"><span class='ocrx_word' id='word_1_516' title='bbox 315 3942 544 4010; x_wconf 81' lang='grc' dir='ltr'>Πνεῦμα</span> <span class='ocrx_word' id='word_1_517' title='bbox 581 3943 641 3996; x_wconf 82' lang='grc' dir='ltr'>οὐ</span> <span class='ocrx_word' id='word_1_518' title='bbox 682 3943 933 4011; x_wconf 80' lang='grc' dir='ltr'>λέγομεν.</span> <span class='ocrx_word' id='word_1_519' title='bbox 964 3962 981 3994; x_wconf 75' lang='grc' dir='ltr'><strong>ι</strong></span> <span class='ocrx_word' id='word_1_520' title='bbox 1005 3941 1084 3994; x_wconf 79' lang='grc' dir='ltr'><strong>Δι’</strong></span> <span class='ocrx_word' id='word_1_521' title='bbox 1119 3940 1251 3995; x_wconf 86' lang='grc' dir='ltr'>Υἱοῦ</span> <span class='ocrx_word' id='word_1_522' title='bbox 1286 3943 1343 3996; x_wconf 83' lang='grc' dir='ltr'>δὲ</span> <span class='ocrx_word' id='word_1_523' title='bbox 1374 3944 1632 4012; x_wconf 82' lang='grc' dir='ltr'>ὁμολογεῖ</span> <span class='ocrx_word' id='word_1_524' title='bbox 1654 3943 1748 3998; x_wconf 76' lang='grc' dir='ltr'><strong>καὶ</strong></span> <span class='ocrx_word' id='word_1_525' title='bbox 1783 3961 1887 4015; x_wconf 85' lang='grc' dir='ltr'><strong>κη-</strong></span> 
     </span>
    </p>
   </div>
   <div class='ocr_carea' id='block_1_71' title="bbox 312 4031 1887 4105">
    <p class='ocr_par' dir='ltr' id='par_1_71' title="bbox 312 4031 1887 4105">
     <span class='ocr_line' id='line_1_71' title="bbox 312 4031 1887 4105; baseline 0.001 -20"><span class='ocrx_word' id='word_1_526' title='bbox 312 4033 524 4104; x_wconf 85' lang='grc' dir='ltr'>ρύττει,</span> <span class='ocrx_word' id='word_1_527' title='bbox 572 4035 670 4086; x_wconf 72' lang='grc' dir='ltr'>καὶ</span> <span class='ocrx_word' id='word_1_528' title='bbox 723 4033 780 4099; x_wconf 76' lang='grc' dir='ltr'><strong>ἐξ</strong></span> <span class='ocrx_word' id='word_1_529' title='bbox 832 4031 966 4086; x_wconf 87' lang='grc' dir='ltr'>Υἱοῦ</span> <span class='ocrx_word' id='word_1_530' title='bbox 1022 4033 1122 4105; x_wconf 79' lang='grc' dir='ltr'>τὴν</span> <span class='ocrx_word' id='word_1_531' title='bbox 1172 4032 1410 4104; x_wconf 78' lang='grc' dir='ltr'>ὓπαρξιν</span> <span class='ocrx_word' id='word_1_532' title='bbox 1443 4035 1790 4103; x_wconf 83' lang='grc' dir='ltr'>ἀπαρνεῖται,</span> <span class='ocrx_word' id='word_1_533' title='bbox 1819 4035 1887 4087; x_wconf 76' lang='grc' dir='ltr'><strong>δι’</strong></span> 
     </span>
    </p>
   </div>
   <div class='ocr_carea' id='block_1_72' title="bbox 317 4122 1887 4194">
    <p class='ocr_par' dir='ltr' id='par_1_72' title="bbox 317 4122 1887 4194">
     <span class='ocr_line' id='line_1_72' title="bbox 317 4122 1887 4194; baseline -0.003 -16"><span class='ocrx_word' id='word_1_534' title='bbox 317 4125 451 4178; x_wconf 81' lang='grc' dir='ltr'>Υίοῦ</span> <span class='ocrx_word' id='word_1_535' title='bbox 476 4124 533 4177; x_wconf 78' lang='grc' dir='ltr'>δὲ</span> <span class='ocrx_word' id='word_1_536' title='bbox 568 4122 775 4194; x_wconf 83' lang='grc' dir='ltr'>ταύτην</span> <span class='ocrx_word' id='word_1_537' title='bbox 816 4122 917 4176; x_wconf 82' lang='grc' dir='ltr'>οὐκ</span> <span class='ocrx_word' id='word_1_538' title='bbox 961 4124 1309 4193; x_wconf 85' lang='grc' dir='ltr'>ἀπαρνεῖται.</span> <span class='ocrx_word' id='word_1_539' title='bbox 1374 4126 1433 4176; x_wconf 78' lang='grc' dir='ltr'><strong>Εἰ</strong></span> <span class='ocrx_word' id='word_1_540' title='bbox 1486 4124 1543 4176; x_wconf 77' lang='grc' dir='ltr'>δὲ</span> <span class='ocrx_word' id='word_1_541' title='bbox 1596 4124 1689 4176; x_wconf 85' lang='grc' dir='ltr'><strong>καί</strong></span> <span class='ocrx_word' id='word_1_542' title='bbox 1745 4140 1887 4185; x_wconf 78' lang='grc' dir='ltr'>τινες</span> 
     </span>
    </p>
   </div>
   <div class='ocr_carea' id='block_1_73' title="bbox 319 4216 1888 4286">
    <p class='ocr_par' dir='ltr' id='par_1_73' title="bbox 319 4216 1888 4286">
     <span class='ocr_line' id='line_1_73' title="bbox 319 4216 1888 4286; baseline -0.004 -12"><span class='ocrx_word' id='word_1_543' title='bbox 319 4220 431 4274; x_wconf 85' lang='grc' dir='ltr'><strong>τῶν</strong></span> <span class='ocrx_word' id='word_1_544' title='bbox 463 4218 802 4272; x_wconf 83' lang='grc' dir='ltr'>ἀνατολικῶν</span> <span class='ocrx_word' id='word_1_545' title='bbox 831 4216 1005 4286; x_wconf 82' lang='grc' dir='ltr'>ἁγίων</span> <span class='ocrx_word' id='word_1_546' title='bbox 1038 4216 1303 4279; x_wconf 81' lang='grc' dir='ltr'>ὡσαύτως</span> <span class='ocrx_word' id='word_1_547' title='bbox 1326 4218 1415 4268; x_wconf 61' lang='grc' dir='ltr'><strong>καὶ</strong></span> <span class='ocrx_word' id='word_1_548' title='bbox 1449 4218 1498 4269; x_wconf 84' lang='grc' dir='ltr'><strong>οἰ</strong></span> <span class='ocrx_word' id='word_1_549' title='bbox 1534 4216 1751 4277; x_wconf 82' lang='grc' dir='ltr'>πλείους</span> <span class='ocrx_word' id='word_1_550' title='bbox 1776 4216 1888 4281; x_wconf 78' lang='grc' dir='ltr'><strong>τῶν</strong></span> 
     </span>
    </p>
   </div>
   <div class='ocr_carea' id='block_1_74' title="bbox 311 4307 1885 4379">
    <p class='ocr_par' dir='ltr' id='par_1_74' title="bbox 311 4307 1885 4379">
     <span class='ocr_line' id='line_1_74' title="bbox 311 4307 1885 4379; baseline -0.005 -14"><span class='ocrx_word' id='word_1_551' title='bbox 311 4310 583 4379; x_wconf 70' lang='grc' dir='ltr'>ἑσπερίων</span> <span class='ocrx_word' id='word_1_552' title='bbox 614 4312 729 4375; x_wconf 82' lang='grc' dir='ltr'>καὶ,</span> <span class='ocrx_word' id='word_1_553' title='bbox 759 4310 827 4363; x_wconf 81' lang='grc' dir='ltr'><strong><em>ἐκ</em></strong></span> <span class='ocrx_word' id='word_1_554' title='bbox 859 4309 966 4363; x_wconf 81' lang='grc' dir='ltr'>τοῦ</span> <span class='ocrx_word' id='word_1_555' title='bbox 1005 4307 1166 4373; x_wconf 79' lang='grc' dir='ltr'>Υἱοῦ,</span> <span class='ocrx_word' id='word_1_556' title='bbox 1187 4307 1557 4375; x_wconf 74' lang='grc' dir='ltr'>θεολογοῦσιν,</span> <span class='ocrx_word' id='word_1_557' title='bbox 1588 4309 1649 4359; x_wconf 84' lang='grc' dir='ltr'>οὐ</span> <span class='ocrx_word' id='word_1_558' title='bbox 1683 4307 1885 4373; x_wconf 81' lang='grc' dir='ltr'>διαφω-</span> 
     </span>
    </p>
   </div>
   <div class='ocr_carea' id='block_1_75' title="bbox 310 4399 1888 4469">
    <p class='ocr_par' dir='ltr' id='par_1_75' title="bbox 310 4399 1888 4469">
     <span class='ocr_line' id='line_1_75' title="bbox 310 4399 1888 4469; baseline -0.001 -16"><span class='ocrx_word' id='word_1_559' title='bbox 310 4403 400 4453; x_wconf 78' lang='grc' dir='ltr'><strong>νία</strong></span> <span class='ocrx_word' id='word_1_560' title='bbox 427 4399 606 4466; x_wconf 81' lang='grc' dir='ltr'>τοῦτο,</span> <span class='ocrx_word' id='word_1_561' title='bbox 655 4400 793 4453; x_wconf 87' lang='grc' dir='ltr'><strong>ἀλλά</strong></span> <span class='ocrx_word' id='word_1_562' title='bbox 844 4399 942 4452; x_wconf 70' lang='grc' dir='ltr'><strong>καὶ</strong></span> <span class='ocrx_word' id='word_1_563' title='bbox 984 4400 1191 4469; x_wconf 84' lang='grc' dir='ltr'>μᾶλλον</span> <span class='ocrx_word' id='word_1_564' title='bbox 1222 4400 1533 4467; x_wconf 82' lang='grc' dir='ltr'>συμφωνία.</span> <span class='ocrx_word' id='word_1_565' title='bbox 1567 4400 1747 4451; x_wconf 76' lang='grc' dir='ltr'>Ταυτό</span> <span class='ocrx_word' id='word_1_566' title='bbox 1780 4402 1888 4468; x_wconf 76' lang='grc' dir='ltr'>γὰρ</span> 
     </span>
    </p>
   </div>
   <div class='ocr_carea' id='block_1_76' title="bbox 1990 3209 3568 3282">
    <p class='ocr_par' dir='ltr' id='par_1_76' title="bbox 1990 3209 3568 3282">
     <span class='ocr_line' id='line_1_76' title="bbox 1990 3209 3568 3282; baseline 0.002 -16"><span class='ocrx_word' id='word_1_567' title='bbox 1990 3211 2367 3282; x_wconf 83' lang='lat' dir='ltr'><strong>Operationem</strong></span> <span class='ocrx_word' id='word_1_568' title='bbox 2424 3210 2547 3265; x_wconf 91' lang='lat' dir='ltr'><strong>Filii</strong></span> <span class='ocrx_word' id='word_1_569' title='bbox 2605 3227 2634 3265; x_wconf 89' lang='lat' dir='ltr'><strong>a</strong></span> <span class='ocrx_word' id='word_1_570' title='bbox 2689 3209 2853 3265; x_wconf 84' lang='lat' dir='ltr'><strong>Patre</strong></span> <span class='ocrx_word' id='word_1_571' title='bbox 2902 3212 3161 3276; x_wconf 83' lang='lat' dir='ltr'><strong>divisam,</strong></span> <span class='ocrx_word' id='word_1_572' title='bbox 3213 3228 3397 3282; x_wconf 87' lang='lat' dir='ltr'><strong>neque</strong></span> <span class='ocrx_word' id='word_1_573' title='bbox 3438 3230 3568 3270; x_wconf 81' lang='lat' dir='ltr'><strong>esse</strong></span> 
     </span>
    </p>
   </div>
   <div class='ocr_carea' id='block_1_77' title="bbox 1989 3302 3563 3375">
    <p class='ocr_par' dir='ltr' id='par_1_77' title="bbox 1989 3302 3563 3375">
     <span class='ocr_line' id='line_1_77' title="bbox 1989 3302 3563 3375; baseline 0.001 -17"><span class='ocrx_word' id='word_1_574' title='bbox 1989 3303 2269 3375; x_wconf 88' lang='lat' dir='ltr'><strong>quidpiam</strong></span> <span class='ocrx_word' id='word_1_575' title='bbox 2304 3303 2357 3358; x_wconf 93' lang='lat' dir='ltr'><strong>in</strong></span> <span class='ocrx_word' id='word_1_576' title='bbox 2387 3303 2578 3368; x_wconf 87' lang='lat' dir='ltr'><strong>rebus,</strong></span> <span class='ocrx_word' id='word_1_577' title='bbox 2607 3302 2755 3373; x_wconf 91' lang='lat' dir='ltr'><strong>quod</strong></span> <span class='ocrx_word' id='word_1_578' title='bbox 2785 3304 2838 3358; x_wconf 93' lang='lat' dir='ltr'><strong>in</strong></span> <span class='ocrx_word' id='word_1_579' title='bbox 2864 3303 3000 3359; x_wconf 79' lang='lat' dir='ltr'><strong>Filio</strong></span> <span class='ocrx_word' id='word_1_580' title='bbox 3026 3305 3119 3368; x_wconf 86' lang='lat' dir='ltr'><strong>sit,</strong></span> <span class='ocrx_word' id='word_1_581' title='bbox 3149 3314 3203 3360; x_wconf 87' lang='lat' dir='ltr'><strong>ct</strong></span> <span class='ocrx_word' id='word_1_582' title='bbox 3235 3306 3563 3360; x_wconf 89' lang='lat' dir='ltr'><strong>sitalienum</strong></span> 
     </span>
    </p>
   </div>
   <div class='ocr_carea' id='block_1_78' title="bbox 1989 3394 3567 3462">
    <p class='ocr_par' dir='ltr' id='par_1_78' title="bbox 1989 3394 3567 3462">
     <span class='ocr_line' id='line_1_78' title="bbox 1989 3394 3567 3462; baseline 0.001 -11"><span class='ocrx_word' id='word_1_583' title='bbox 1989 3412 2020 3451; x_wconf 84' lang='lat' dir='ltr'><strong>a</strong></span> <span class='ocrx_word' id='word_1_584' title='bbox 2062 3396 2240 3450; x_wconf 82' lang='lat' dir='ltr'><strong>Patre.</strong></span> <span class='ocrx_word' id='word_1_585' title='bbox 2300 3394 2496 3451; x_wconf 82' lang='lat' dir='ltr'><strong>Omnia</strong></span> <span class='ocrx_word' id='word_1_586' title='bbox 2538 3396 2716 3462; x_wconf 81' lang='lat' dir='ltr'><strong>enim,</strong></span> <span class='ocrx_word' id='word_1_587' title='bbox 2777 3397 2882 3461; x_wconf 87' lang='lat' dir='ltr'><strong>ait,</strong></span> <span class='ocrx_word' id='word_1_588' title='bbox 2932 3414 3047 3451; x_wconf 80' lang='lat' dir='ltr'><strong>mea</strong></span> <span class='ocrx_word' id='word_1_589' title='bbox 3088 3408 3179 3451; x_wconf 85' lang='lat' dir='ltr'><strong>tua</strong></span> <span class='ocrx_word' id='word_1_590' title='bbox 3211 3413 3356 3458; x_wconf 79' lang='lat' dir='ltr'><strong>sunt,</strong></span> <span class='ocrx_word' id='word_1_591' title='bbox 3388 3409 3436 3451; x_wconf 82' lang='lat' dir='ltr'><strong>et</strong></span> <span class='ocrx_word' id='word_1_592' title='bbox 3474 3410 3567 3453; x_wconf 79' lang='lat' dir='ltr'><strong>tua</strong></span> 
     </span>
    </p>
   </div>
   <div class='ocr_carea' id='block_1_79' title="bbox 1991 3487 3566 3559">
    <p class='ocr_par' dir='ltr' id='par_1_79' title="bbox 1991 3487 3566 3559">
     <span class='ocr_line' id='line_1_79' title="bbox 1991 3487 3566 3559; baseline 0.001 -17"><span class='ocrx_word' id='word_1_593' title='bbox 1991 3504 2129 3543; x_wconf 83' lang='lat' dir='ltr'><strong>mea.</strong></span> <span class='ocrx_word' id='word_1_594' title='bbox 2156 3487 2444 3554; x_wconf 81' lang='lat' dir='ltr'><strong>Quomodo</strong></span> <span class='ocrx_word' id='word_1_595' title='bbox 2484 3488 2668 3557; x_wconf 82' lang='lat' dir='ltr'><strong>itaque</strong></span> <span class='ocrx_word' id='word_1_596' title='bbox 2717 3503 2938 3543; x_wconf 87' lang='lat' dir='ltr'><strong>causam</strong></span> <span class='ocrx_word' id='word_1_597' title='bbox 2972 3488 3209 3559; x_wconf 90' lang='lat' dir='ltr'><strong>Spiritus</strong></span> <span class='ocrx_word' id='word_1_598' title='bbox 3232 3489 3333 3543; x_wconf 91' lang='lat' dir='ltr'><strong>soli</strong></span> <span class='ocrx_word' id='word_1_599' title='bbox 3365 3487 3566 3557; x_wconf 75' lang='lat' dir='ltr'><strong>Unigc-</strong></span> 
     </span>
    </p>
   </div>
   <div class='ocr_carea' id='block_1_80' title="bbox 1992 3578 3567 3649">
    <p class='ocr_par' dir='ltr' id='par_1_80' title="bbox 1992 3578 3567 3649">
     <span class='ocr_line' id='line_1_80' title="bbox 1992 3578 3567 3649; baseline 0.002 -17"><span class='ocrx_word' id='word_1_600' title='bbox 1992 3579 2110 3632; x_wconf 88' lang='lat' dir='ltr'><strong>nito</strong></span> <span class='ocrx_word' id='word_1_601' title='bbox 2138 3578 2419 3647; x_wconf 73' lang='lat' dir='ltr'><strong>appiugit,</strong></span> <span class='ocrx_word' id='word_1_602' title='bbox 2454 3586 2509 3631; x_wconf 92' lang='lat' dir='ltr'><strong>et</strong></span> <span class='ocrx_word' id='word_1_603' title='bbox 2544 3587 2751 3633; x_wconf 69' lang='lat' dir='ltr'><strong>naturae</strong></span> <span class='ocrx_word' id='word_1_604' title='bbox 2774 3580 2923 3634; x_wconf 91' lang='lat' dir='ltr'><strong>illius</strong></span> <span class='ocrx_word' id='word_1_605' title='bbox 2957 3582 3364 3635; x_wconf 86' lang='lat' dir='ltr'><strong>accusationem</strong></span> <span class='ocrx_word' id='word_1_606' title='bbox 3405 3581 3567 3649; x_wconf 84' lang='lat' dir='ltr'><strong>hujus</strong></span> 
     </span>
    </p>
   </div>
   <div class='ocr_carea' id='block_1_81' title="bbox 1990 3669 3563 3741">
    <p class='ocr_par' dir='ltr' id='par_1_81' title="bbox 1990 3669 3563 3741">
     <span class='ocr_line' id='line_1_81' title="bbox 1990 3669 3563 3741; baseline 0.002 -17"><span class='ocrx_word' id='word_1_607' title='bbox 1990 3669 2272 3740; x_wconf 85' lang='lat' dir='ltr'><strong>opificium</strong></span> <span class='ocrx_word' id='word_1_608' title='bbox 2301 3672 2539 3741; x_wconf 82' lang='lat' dir='ltr'><strong>accipit?</strong></span> <span class='ocrx_word' id='word_1_609' title='bbox 2570 3689 2589 3722; x_wconf 75' lang='grc' dir='ltr'><strong>ι</strong></span> <span class='ocrx_word' id='word_1_610' title='bbox 2616 3671 2796 3737; x_wconf 83' lang='lat' dir='ltr'><strong>Quare</strong></span> <span class='ocrx_word' id='word_1_611' title='bbox 2836 3681 2889 3725; x_wconf 90' lang='lat' dir='ltr'><strong>ct</strong></span> <span class='ocrx_word' id='word_1_612' title='bbox 2920 3672 3143 3726; x_wconf 87' lang='lat' dir='ltr'><strong>divinus</strong></span> <span class='ocrx_word' id='word_1_613' title='bbox 3168 3670 3563 3736; x_wconf 82' lang='lat' dir='ltr'><strong>Damascenus.</strong></span> 
     </span>
    </p>
   </div>
   <div class='ocr_carea' id='block_1_82' title="bbox 1995 3759 3563 3834">
    <p class='ocr_par' dir='ltr' id='par_1_82' title="bbox 1995 3759 3563 3834">
     <span class='ocr_line' id='line_1_82' title="bbox 1995 3759 3563 3834; baseline 0.004 -22"><span class='ocrx_word' id='word_1_614' title='bbox 1995 3780 2014 3811; x_wconf 80' lang='grc' dir='ltr'><strong>ι</strong></span> <span class='ocrx_word' id='word_1_615' title='bbox 2048 3760 2121 3814; x_wconf 79' lang='lat' dir='ltr'><strong>Ex</strong></span> <span class='ocrx_word' id='word_1_616' title='bbox 2155 3759 2312 3826; x_wconf 86' lang='lat' dir='ltr'><strong>Filio,</strong></span> <span class='ocrx_word' id='word_1_617' title='bbox 2341 3763 2438 3827; x_wconf 90' lang='lat' dir='ltr'><strong>ait,</strong></span> <span class='ocrx_word' id='word_1_618' title='bbox 2463 3760 2730 3833; x_wconf 86' lang='lat' dir='ltr'><strong>Spiritum</strong></span> <span class='ocrx_word' id='word_1_619' title='bbox 2767 3779 2872 3818; x_wconf 91' lang='lat' dir='ltr'><strong>non</strong></span> <span class='ocrx_word' id='word_1_620' title='bbox 2903 3765 3159 3829; x_wconf 85' lang='lat' dir='ltr'><strong>dicimus,</strong></span> <span class='ocrx_word' id='word_1_621' title='bbox 3188 3783 3206 3817; x_wconf 75' lang='grc' dir='ltr'><strong>ι</strong></span> <span class='ocrx_word' id='word_1_622' title='bbox 3242 3780 3337 3834; x_wconf 85' lang='lat' dir='ltr'><strong>per</strong></span> <span class='ocrx_word' id='word_1_623' title='bbox 3367 3765 3563 3819; x_wconf 80' lang='lat' dir='ltr'><strong>Filium</strong></span> 
     </span>
    </p>
   </div>
   <div class='ocr_carea' id='block_1_83' title="bbox 1991 3852 3565 3922">
    <p class='ocr_par' dir='ltr' id='par_1_83' title="bbox 1991 3852 3565 3922">
     <span class='ocr_line' id='line_1_83' title="bbox 1991 3852 3565 3922; baseline 0.001 -18"><span class='ocrx_word' id='word_1_624' title='bbox 1991 3868 2118 3907; x_wconf 89' lang='lat' dir='ltr'><strong>vero</strong></span> <span class='ocrx_word' id='word_1_625' title='bbox 2173 3852 2375 3908; x_wconf 83' lang='lat' dir='ltr'><strong>fatetur</strong></span> <span class='ocrx_word' id='word_1_626' title='bbox 2400 3863 2456 3908; x_wconf 87' lang='lat' dir='ltr'><strong>et</strong></span> <span class='ocrx_word' id='word_1_627' title='bbox 2487 3852 2769 3922; x_wconf 76' lang='lat' dir='ltr'><strong>przedicat,</strong></span> <span class='ocrx_word' id='word_1_628' title='bbox 2819 3864 2873 3908; x_wconf 87' lang='lat' dir='ltr'><strong>et</strong></span> <span class='ocrx_word' id='word_1_629' title='bbox 2923 3870 2987 3907; x_wconf 75' lang='lat' dir='ltr'><strong>ex</strong></span> <span class='ocrx_word' id='word_1_630' title='bbox 3024 3852 3161 3908; x_wconf 84' lang='lat' dir='ltr'><strong>Filio</strong></span> <span class='ocrx_word' id='word_1_631' title='bbox 3191 3854 3565 3909; x_wconf 77' lang='lat' dir='ltr'><strong>exsistcntiam</strong></span> 
     </span>
    </p>
   </div>
   <div class='ocr_carea' id='block_1_84' title="bbox 1993 3942 3564 4011">
    <p class='ocr_par' dir='ltr' id='par_1_84' title="bbox 1993 3942 3564 4011">
     <span class='ocr_line' id='line_1_84' title="bbox 1993 3942 3564 4011; baseline 0.001 -16"><span class='ocrx_word' id='word_1_632' title='bbox 1993 3942 2193 3996; x_wconf 79' lang='lat' dir='ltr'><strong>haltere</strong></span> <span class='ocrx_word' id='word_1_633' title='bbox 2225 3951 2510 4011; x_wconf 75' lang='lat' dir='ltr'><strong>pernegat,</strong></span> <span class='ocrx_word' id='word_1_634' title='bbox 2543 3957 2653 3995; x_wconf 88' lang='lat' dir='ltr'><strong>non</strong></span> <span class='ocrx_word' id='word_1_635' title='bbox 2681 3957 2812 3996; x_wconf 83' lang='lat' dir='ltr'><strong>vero</strong></span> <span class='ocrx_word' id='word_1_636' title='bbox 2842 3958 2938 4011; x_wconf 83' lang='lat' dir='ltr'><strong>per</strong></span> <span class='ocrx_word' id='word_1_637' title='bbox 2958 3942 3156 3995; x_wconf 85' lang='lat' dir='ltr'><strong>Filium</strong></span> <span class='ocrx_word' id='word_1_638' title='bbox 3189 3957 3307 3996; x_wconf 85' lang='lat' dir='ltr'><strong>eam</strong></span> <span class='ocrx_word' id='word_1_639' title='bbox 3336 3942 3564 3997; x_wconf 80' lang='lat' dir='ltr'><strong>habere.</strong></span> 
     </span>
    </p>
   </div>
   <div class='ocr_carea' id='block_1_85' title="bbox 1992 4030 3569 4101">
    <p class='ocr_par' dir='ltr' id='par_1_85' title="bbox 1992 4030 3569 4101">
     <span class='ocr_line' id='line_1_85' title="bbox 1992 4030 3569 4101; baseline 0.002 -16"><span class='ocrx_word' id='word_1_640' title='bbox 1992 4030 2150 4098; x_wconf 83' lang='lat' dir='ltr'><strong>Quod</strong></span> <span class='ocrx_word' id='word_1_641' title='bbox 2189 4032 2235 4087; x_wconf 88' lang='lat' dir='ltr'><strong>si</strong></span> <span class='ocrx_word' id='word_1_642' title='bbox 2267 4046 2331 4085; x_wconf 85' lang='lat' dir='ltr'><strong>ex</strong></span> <span class='ocrx_word' id='word_1_643' title='bbox 2366 4031 2743 4087; x_wconf 76' lang='lat' dir='ltr'><strong>Orientalibus</strong></span> <span class='ocrx_word' id='word_1_644' title='bbox 2762 4031 3201 4101; x_wconf 84' lang='lat' dir='ltr'><strong>sanetisquidam</strong></span> <span class='ocrx_word' id='word_1_645' title='bbox 3238 4070 3253 4099; x_wconf 87' lang='lat'><strong>,</strong></span> <span class='ocrx_word' id='word_1_646' title='bbox 3287 4032 3569 4101; x_wconf 63' lang='lat' dir='ltr'><strong>multoque</strong></span> 
     </span>
    </p>
   </div>
   <div class='ocr_carea' id='block_1_86' title="bbox 1994 4119 3568 4193">
    <p class='ocr_par' dir='ltr' id='par_1_86' title="bbox 1994 4119 3568 4193">
     <span class='ocr_line' id='line_1_86' title="bbox 1994 4119 3568 4193; baseline 0 -18"><span class='ocrx_word' id='word_1_647' title='bbox 1994 4123 2183 4193; x_wconf 88' lang='lat' dir='ltr'><strong>plures</strong></span> <span class='ocrx_word' id='word_1_648' title='bbox 2240 4139 2306 4176; x_wconf 80' lang='lat' dir='ltr'><strong>ex</strong></span> <span class='ocrx_word' id='word_1_649' title='bbox 2349 4122 2810 4188; x_wconf 86' lang='lat' dir='ltr'><strong>Occidentalibus,</strong></span> <span class='ocrx_word' id='word_1_650' title='bbox 2839 4120 3005 4176; x_wconf 88' lang='lat' dir='ltr'><strong>etiam</strong></span> <span class='ocrx_word' id='word_1_651' title='bbox 3037 4138 3100 4174; x_wconf 82' lang='lat' dir='ltr'><strong>ea:</strong></span> <span class='ocrx_word' id='word_1_652' title='bbox 3140 4119 3288 4175; x_wconf 76' lang='lat' dir='ltr'><strong>Filio</strong></span> <span class='ocrx_word' id='word_1_653' title='bbox 3326 4124 3568 4183; x_wconf 88' lang='lat' dir='ltr'><strong>tradant,</strong></span> 
     </span>
    </p>
   </div>
   <div class='ocr_carea' id='block_1_87' title="bbox 1994 4212 3567 4285">
    <p class='ocr_par' dir='ltr' id='par_1_87' title="bbox 1994 4212 3567 4285">
     <span class='ocr_line' id='line_1_87' title="bbox 1994 4212 3567 4285; baseline 0 -18"><span class='ocrx_word' id='word_1_654' title='bbox 1994 4230 2104 4268; x_wconf 91' lang='lat' dir='ltr'><strong>non</strong></span> <span class='ocrx_word' id='word_1_655' title='bbox 2148 4224 2234 4268; x_wconf 89' lang='lat' dir='ltr'><strong>est</strong></span> <span class='ocrx_word' id='word_1_656' title='bbox 2261 4214 2473 4268; x_wconf 85' lang='lat' dir='ltr'><strong>discors</strong></span> <span class='ocrx_word' id='word_1_657' title='bbox 2507 4214 2620 4268; x_wconf 66' lang='lat' dir='ltr'><strong>haec</strong></span> <span class='ocrx_word' id='word_1_658' title='bbox 2646 4215 2942 4277; x_wconf 82' lang='lat' dir='ltr'><strong>sententia,</strong></span> <span class='ocrx_word' id='word_1_659' title='bbox 2973 4212 3067 4268; x_wconf 89' lang='lat' dir='ltr'><strong>sed</strong></span> <span class='ocrx_word' id='word_1_660' title='bbox 3106 4215 3290 4285; x_wconf 84' lang='lat' dir='ltr'><strong>pclius</strong></span> <span class='ocrx_word' id='word_1_661' title='bbox 3312 4228 3567 4267; x_wconf 83' lang='lat' dir='ltr'><strong>concors.</strong></span> 
     </span>
    </p>
   </div>
   <div class='ocr_carea' id='block_1_88' title="bbox 1962 4296 3563 4376">
    <p class='ocr_par' dir='ltr' id='par_1_88' title="bbox 1962 4296 3563 4376">
     <span class='ocr_line' id='line_1_88' title="bbox 1962 4296 3563 4376; baseline -0.001 -17"><span class='ocrx_word' id='word_1_662' title='bbox 1962 4296 2106 4360; x_wconf 51' lang='lat' dir='ltr'><strong>°Iloc</strong></span> <span class='ocrx_word' id='word_1_663' title='bbox 2148 4321 2382 4376; x_wconf 88' lang='lat' dir='ltr'><strong>namque</strong></span> <span class='ocrx_word' id='word_1_664' title='bbox 2434 4305 2537 4361; x_wconf 85' lang='lat' dir='ltr'><strong>sibi</strong></span> <span class='ocrx_word' id='word_1_665' title='bbox 2586 4306 2700 4360; x_wconf 86' lang='lat' dir='ltr'><strong>vult</strong></span> <span class='ocrx_word' id='word_1_666' title='bbox 2747 4322 2810 4360; x_wconf 75' lang='lat' dir='ltr'><strong>ea:</strong></span> <span class='ocrx_word' id='word_1_667' title='bbox 2840 4302 3000 4371; x_wconf 79' lang='lat' dir='ltr'><strong>Filio,</strong></span> <span class='ocrx_word' id='word_1_668' title='bbox 3038 4307 3183 4376; x_wconf 87' lang='lat' dir='ltr'><strong>quod</strong></span> <span class='ocrx_word' id='word_1_669' title='bbox 3216 4322 3308 4375; x_wconf 84' lang='lat' dir='ltr'><strong>per</strong></span> <span class='ocrx_word' id='word_1_670' title='bbox 3342 4303 3563 4359; x_wconf 75' lang='lat' dir='ltr'><strong>Filium.</strong></span> 
     </span>
    </p>
   </div>
   <div class='ocr_carea' id='block_1_89' title="bbox 1996 4398 3561 4468">
    <p class='ocr_par' dir='ltr' id='par_1_89' title="bbox 1996 4398 3561 4468">
     <span class='ocr_line' id='line_1_89' title="bbox 1996 4398 3561 4468; baseline 0 -17"><span class='ocrx_word' id='word_1_671' title='bbox 1996 4400 2177 4466; x_wconf 86' lang='lat' dir='ltr'><strong>Quare</strong></span> <span class='ocrx_word' id='word_1_672' title='bbox 2222 4399 2290 4451; x_wconf 91' lang='lat' dir='ltr'><strong>iis</strong></span> <span class='ocrx_word' id='word_1_673' title='bbox 2320 4400 2414 4468; x_wconf 86' lang='lat' dir='ltr'><strong>qui</strong></span> <span class='ocrx_word' id='word_1_674' title='bbox 2451 4399 2752 4466; x_wconf 85' lang='lat' dir='ltr'><strong>prudenter</strong></span> <span class='ocrx_word' id='word_1_675' title='bbox 2797 4416 2886 4454; x_wconf 86' lang='lat' dir='ltr'><strong>res</strong></span> <span class='ocrx_word' id='word_1_676' title='bbox 2917 4398 3230 4453; x_wconf 79' lang='lat' dir='ltr'><strong>exainiuare</strong></span> <span class='ocrx_word' id='word_1_677' title='bbox 3259 4398 3561 4464; x_wconf 85' lang='lat' dir='ltr'><strong>voluerint,</strong></span> 
     </span>
    </p>
   </div>
   <div class='ocr_carea' id='block_1_90' title="bbox 312 4477 1885 4564">
    <p class='ocr_par' dir='ltr' id='par_1_90' title="bbox 312 4489 1885 4564">
     <span class='ocr_line' id='line_1_90' title="bbox 312 4489 1885 4564; baseline -0.003 -17"><span class='ocrx_word' id='word_1_678' title='bbox 312 4493 563 4564; x_wconf 84' lang='grc' dir='ltr'>βούλεται</span> <span class='ocrx_word' id='word_1_679' title='bbox 587 4495 644 4547; x_wconf 71' lang='grc' dir='ltr'><strong>τὸ</strong></span> <span class='ocrx_word' id='word_1_680' title='bbox 673 4494 742 4546; x_wconf 82' lang='grc' dir='ltr'><strong><em>ἐκ</em></strong></span> <span class='ocrx_word' id='word_1_681' title='bbox 767 4491 873 4546; x_wconf 84' lang='grc' dir='ltr'>τοῦ</span> <span class='ocrx_word' id='word_1_682' title='bbox 900 4492 1035 4545; x_wconf 78' lang='grc' dir='ltr'><strong>Υιοῦ</strong></span> <span class='ocrx_word' id='word_1_683' title='bbox 1076 4491 1155 4549; x_wconf 85' lang='grc' dir='ltr'>τῶ</span> <span class='ocrx_word' id='word_1_684' title='bbox 1177 4492 1272 4546; x_wconf 85' lang='grc' dir='ltr'>διὰ</span> <span class='ocrx_word' id='word_1_685' title='bbox 1304 4489 1407 4545; x_wconf 86' lang='grc' dir='ltr'>τοῦ</span> <span class='ocrx_word' id='word_1_686' title='bbox 1444 4490 1599 4545; x_wconf 73' lang='grc' dir='ltr'>Υἱοῦ.</span> <span class='ocrx_word' id='word_1_687' title='bbox 1623 4492 1885 4562; x_wconf 67' lang='grc' dir='ltr'>Πρόδηλον</span> 
     </span>
    </p>
   </div>
   <div class='ocr_carea' id='block_1_91' title="bbox 1992 4477 3568 4564">
    <p class='ocr_par' dir='ltr' id='par_1_91' title="bbox 2000 4486 3568 4560">
     <span class='ocr_line' id='line_1_91' title="bbox 2000 4486 3568 4560; baseline -0.003 -17"><span class='ocrx_word' id='word_1_688' title='bbox 2000 4488 2349 4543; x_wconf 88' lang='lat' dir='ltr'><strong>manifestum</strong></span> <span class='ocrx_word' id='word_1_689' title='bbox 2406 4489 2533 4554; x_wconf 90' lang='lat' dir='ltr'><strong>erit,</strong></span> <span class='ocrx_word' id='word_1_690' title='bbox 2591 4487 2901 4558; x_wconf 87' lang='lat' dir='ltr'><strong>ubicunque</strong></span> <span class='ocrx_word' id='word_1_691' title='bbox 2928 4504 3017 4558; x_wconf 86' lang='lat' dir='ltr'><strong>per</strong></span> <span class='ocrx_word' id='word_1_692' title='bbox 3045 4486 3362 4560; x_wconf 66' lang='lat' dir='ltr'><strong>praepositio</strong></span> <span class='ocrx_word' id='word_1_693' title='bbox 3397 4501 3568 4555; x_wconf 78' lang='lat' dir='ltr'><strong>appo-</strong></span> 
     </span>
    </p>
   </div>
   <div class='ocr_carea' id='block_1_92' title="bbox 312 4581 1887 4648">
    <p class='ocr_par' dir='ltr' id='par_1_92' title="bbox 312 4581 1887 4648">
     <span class='ocr_line' id='line_1_92' title="bbox 312 4581 1887 4648; baseline -0.003 -9"><span class='ocrx_word' id='word_1_694' title='bbox 312 4585 407 4639; x_wconf 78' lang='grc' dir='ltr'>οὖν</span> <span class='ocrx_word' id='word_1_695' title='bbox 437 4588 549 4647; x_wconf 87' lang='grc' dir='ltr'>τοῖς</span> <span class='ocrx_word' id='word_1_696' title='bbox 583 4585 829 4638; x_wconf 78' lang='grc' dir='ltr'>ἐθέλουσι</span> <span class='ocrx_word' id='word_1_697' title='bbox 859 4586 1099 4646; x_wconf 82' lang='grc' dir='ltr'>συνετῶς</span> <span class='ocrx_word' id='word_1_698' title='bbox 1130 4586 1293 4648; x_wconf 87' lang='grc' dir='ltr'>νοεῖν,</span> <span class='ocrx_word' id='word_1_699' title='bbox 1324 4581 1398 4645; x_wconf 79' lang='grc' dir='ltr'>ὡς</span> <span class='ocrx_word' id='word_1_700' title='bbox 1426 4582 1554 4635; x_wconf 77' lang='grc' dir='ltr'>ἔνθα</span> <span class='ocrx_word' id='word_1_701' title='bbox 1582 4583 1645 4636; x_wconf 77' lang='grc' dir='ltr'>ἂν</span> <span class='ocrx_word' id='word_1_702' title='bbox 1677 4582 1887 4635; x_wconf 89' lang='grc' dir='ltr'>τίθεται</span> 
     </span>
    </p>
   </div>
   <div class='ocr_carea' id='block_1_93' title="bbox 314 4674 1888 4749">
    <p class='ocr_par' dir='ltr' id='par_1_93' title="bbox 314 4674 1888 4749">
     <span class='ocr_line' id='line_1_93' title="bbox 314 4674 1888 4749; baseline -0.002 -18"><span class='ocrx_word' id='word_1_703' title='bbox 314 4680 349 4749; x_wconf 75' lang='grc' dir='ltr'>ἡ</span> <span class='ocrx_word' id='word_1_704' title='bbox 399 4678 496 4732; x_wconf 83' lang='grc' dir='ltr'>διὰ</span> <span class='ocrx_word' id='word_1_705' title='bbox 544 4678 807 4747; x_wconf 75' lang='grc' dir='ltr'>πρόθεσις</span> <span class='ocrx_word' id='word_1_706' title='bbox 852 4675 1284 4747; x_wconf 81' lang='grc' dir='ltr'>παρηγουμένην</span> <span class='ocrx_word' id='word_1_707' title='bbox 1330 4674 1441 4746; x_wconf 79' lang='grc' dir='ltr'>ἔχει</span> <span class='ocrx_word' id='word_1_708' title='bbox 1485 4675 1583 4745; x_wconf 80' lang='grc' dir='ltr'>τὴν</span> <span class='ocrx_word' id='word_1_709' title='bbox 1630 4675 1697 4728; x_wconf 84' lang='grc' dir='ltr'><strong>ἐκ</strong></span> <span class='ocrx_word' id='word_1_710' title='bbox 1755 4675 1888 4743; x_wconf 71' lang='grc' dir='ltr'>πρό·</span> 
     </span>
    </p>
   </div>
   <div class='ocr_carea' id='block_1_94' title="bbox 317 4767 1891 4838">
    <p class='ocr_par' dir='ltr' id='par_1_94' title="bbox 317 4767 1891 4838">
     <span class='ocr_line' id='line_1_94' title="bbox 317 4767 1891 4838; baseline -0.004 -14"><span class='ocrx_word' id='word_1_711' title='bbox 317 4775 493 4825; x_wconf 78' lang='grc' dir='ltr'>θεσιν.</span> <span class='ocrx_word' id='word_1_712' title='bbox 561 4770 838 4834; x_wconf 82' lang='grc' dir='ltr'>Ὡσαύτως</span> <span class='ocrx_word' id='word_1_713' title='bbox 894 4772 989 4822; x_wconf 74' lang='grc' dir='ltr'><strong>καὶ</strong></span> <span class='ocrx_word' id='word_1_714' title='bbox 1043 4770 1070 4822; x_wconf 87' lang='lat'><strong>6</strong></span> <span class='ocrx_word' id='word_1_715' title='bbox 1130 4768 1230 4822; x_wconf 80' lang='grc' dir='ltr'><strong>καὶ</strong></span> <span class='ocrx_word' id='word_1_716' title='bbox 1288 4768 1697 4838; x_wconf 78' lang='grc' dir='ltr'>συμπλεκτικὸς</span> <span class='ocrx_word' id='word_1_717' title='bbox 1765 4767 1891 4819; x_wconf 81' lang='grc' dir='ltr'>σύν-</span> 
     </span>
    </p>
   </div>
   <div class='ocr_carea' id='block_1_95' title="bbox 313 4859 1881 4935">
    <p class='ocr_par' dir='ltr' id='par_1_95' title="bbox 313 4859 1881 4935">
     <span class='ocr_line' id='line_1_95' title="bbox 313 4859 1881 4935; baseline -0.005 -17"><span class='ocrx_word' id='word_1_718' title='bbox 313 4867 512 4935; x_wconf 74' lang='grc' dir='ltr'>δεσμος</span> <span class='ocrx_word' id='word_1_719' title='bbox 542 4864 1008 4934; x_wconf 85' lang='grc' dir='ltr'>προῦποκείμενον</span> <span class='ocrx_word' id='word_1_720' title='bbox 1043 4862 1157 4931; x_wconf 77' lang='grc' dir='ltr'>ἔχει</span> <span class='ocrx_word' id='word_1_721' title='bbox 1193 4862 1293 4931; x_wconf 76' lang='grc' dir='ltr'>τὴν</span> <span class='ocrx_word' id='word_1_722' title='bbox 1321 4862 1410 4915; x_wconf 72' lang='grc' dir='ltr'><strong>ἐκ.</strong></span> <span class='ocrx_word' id='word_1_723' title='bbox 1431 4861 1490 4913; x_wconf 85' lang='grc' dir='ltr'>Ὀ</span> <span class='ocrx_word' id='word_1_724' title='bbox 1524 4861 1656 4928; x_wconf 71' lang='grc' dir='ltr'>γοῦν</span> <span class='ocrx_word' id='word_1_725' title='bbox 1680 4859 1881 4926; x_wconf 81' lang='grc' dir='ltr'>λέγων,</span> 
     </span>
    </p>
   </div>
   <div class='ocr_carea' id='block_1_96' title="bbox 317 4952 1884 5026">
    <p class='ocr_par' dir='ltr' id='par_1_96' title="bbox 317 4952 1884 5026">
     <span class='ocr_line' id='line_1_96' title="bbox 317 4952 1884 5026; baseline -0.006 -14"><span class='ocrx_word' id='word_1_726' title='bbox 317 4959 390 5012; x_wconf 62' lang='grc' dir='ltr'><strong>ἐκ</strong></span> <span class='ocrx_word' id='word_1_727' title='bbox 436 4956 540 5011; x_wconf 84' lang='grc' dir='ltr'>τοῦ</span> <span class='ocrx_word' id='word_1_728' title='bbox 582 4956 743 5023; x_wconf 76' lang='grc' dir='ltr'>Υἱοῦ,</span> <span class='ocrx_word' id='word_1_729' title='bbox 777 4955 1198 5026; x_wconf 82' lang='grc' dir='ltr'>ἀπολελυμένως</span> <span class='ocrx_word' id='word_1_730' title='bbox 1231 4954 1330 5007; x_wconf 77' lang='grc' dir='ltr'>οὐκ</span> <span class='ocrx_word' id='word_1_731' title='bbox 1386 4952 1562 5016; x_wconf 79' lang='grc' dir='ltr'>ἄλλως</span> <span class='ocrx_word' id='word_1_732' title='bbox 1624 4953 1736 5004; x_wconf 87' lang='grc' dir='ltr'>νοεῖ</span> <span class='ocrx_word' id='word_1_733' title='bbox 1790 4952 1884 5003; x_wconf 73' lang='grc' dir='ltr'><strong>καὶ</strong></span> 
     </span>
    </p>
   </div>
   <div class='ocr_carea' id='block_1_97' title="bbox 314 5043 1891 5118">
    <p class='ocr_par' dir='ltr' id='par_1_97' title="bbox 314 5043 1891 5118">
     <span class='ocr_line' id='line_1_97' title="bbox 314 5043 1891 5118; baseline -0.007 -15"><span class='ocrx_word' id='word_1_734' title='bbox 314 5052 484 5118; x_wconf 73' lang='grc' dir='ltr'>λέγει.</span> <span class='ocrx_word' id='word_1_735' title='bbox 499 5050 557 5102; x_wconf 82' lang='grc' dir='ltr'><strong>Ὀ</strong></span> <span class='ocrx_word' id='word_1_736' title='bbox 591 5050 647 5103; x_wconf 76' lang='grc' dir='ltr'>δὲ</span> <span class='ocrx_word' id='word_1_737' title='bbox 664 5050 759 5102; x_wconf 70' lang='grc' dir='ltr'><strong>καὶ</strong></span> <span class='ocrx_word' id='word_1_738' title='bbox 775 5048 873 5118; x_wconf 81' lang='grc' dir='ltr'>τὴν</span> <span class='ocrx_word' id='word_1_739' title='bbox 893 5048 961 5100; x_wconf 80' lang='grc' dir='ltr'><strong><em>ἐκ</em></strong></span> <span class='ocrx_word' id='word_1_740' title='bbox 984 5045 1363 5115; x_wconf 79' lang='grc' dir='ltr'>προῡποτιθεὶς</span> <span class='ocrx_word' id='word_1_741' title='bbox 1379 5045 1473 5098; x_wconf 79' lang='grc' dir='ltr'><strong>καὶ</strong></span> <span class='ocrx_word' id='word_1_742' title='bbox 1500 5043 1891 5095; x_wconf 78' lang='grc' dir='ltr'>ὲπισυνάπτων</span> 
     </span>
    </p>
   </div>
   <div class='ocr_carea' id='block_1_98' title="bbox 318 5131 1889 5208">
    <p class='ocr_par' dir='ltr' id='par_1_98' title="bbox 318 5131 1889 5208">
     <span class='ocr_line' id='line_1_98' title="bbox 318 5131 1889 5208; baseline -0.007 -13"><span class='ocrx_word' id='word_1_743' title='bbox 318 5143 349 5196; x_wconf 89' lang='grc' dir='ltr'><strong>δ</strong></span> <span class='ocrx_word' id='word_1_744' title='bbox 375 5143 410 5194; x_wconf 71' lang='lat' dir='ltr'><strong>3t</strong></span> <span class='ocrx_word' id='word_1_745' title='bbox 434 5142 529 5194; x_wconf 75' lang='grc' dir='ltr'><strong>τοῦ</strong></span> <span class='ocrx_word' id='word_1_746' title='bbox 567 5141 665 5194; x_wconf 79' lang='grc' dir='ltr'><strong>καὶ</strong></span> <span class='ocrx_word' id='word_1_747' title='bbox 700 5134 1021 5208; x_wconf 75' lang='grc' dir='ltr'>συνδέσμου,</span> <span class='ocrx_word' id='word_1_748' title='bbox 1049 5138 1214 5207; x_wconf 68' lang='grc' dir='ltr'>ἤγουν</span> <span class='ocrx_word' id='word_1_749' title='bbox 1240 5136 1307 5188; x_wconf 86' lang='grc' dir='ltr'><strong>ἐκ</strong></span> <span class='ocrx_word' id='word_1_750' title='bbox 1338 5133 1567 5202; x_wconf 71' lang='grc' dir='ltr'>Πατρές</span> <span class='ocrx_word' id='word_1_751' title='bbox 1598 5132 1693 5185; x_wconf 77' lang='grc' dir='ltr'><strong>καὶ</strong></span> <span class='ocrx_word' id='word_1_752' title='bbox 1733 5131 1889 5198; x_wconf 79' lang='grc' dir='ltr'>Υἱοῦ,</span> 
     </span>
    </p>
   </div>
   <div class='ocr_carea' id='block_1_99' title="bbox 320 5224 1907 5302">
    <p class='ocr_par' dir='ltr' id='par_1_99' title="bbox 320 5224 1907 5302">
     <span class='ocr_line' id='line_1_99' title="bbox 320 5224 1907 5302; baseline -0.006 -16"><span class='ocrx_word' id='word_1_753' title='bbox 320 5235 615 5296; x_wconf 81' lang='grc' dir='ltr'>δ;ίκνυσιν,</span> <span class='ocrx_word' id='word_1_754' title='bbox 634 5234 715 5286; x_wconf 83' lang='grc' dir='ltr'>ὅτι</span> <span class='ocrx_word' id='word_1_755' title='bbox 742 5231 894 5302; x_wconf 80' lang='grc' dir='ltr'>πηγὴ</span> <span class='ocrx_word' id='word_1_756' title='bbox 919 5231 1013 5283; x_wconf 74' lang='grc' dir='ltr'><strong>καὶ</strong></span> <span class='ocrx_word' id='word_1_757' title='bbox 1038 5229 1178 5299; x_wconf 80' lang='grc' dir='ltr'><strong>ἁρχὴ</strong></span> <span class='ocrx_word' id='word_1_758' title='bbox 1210 5230 1301 5280; x_wconf 71' lang='grc' dir='ltr'><strong>καὶ</strong></span> <span class='ocrx_word' id='word_1_759' title='bbox 1320 5229 1467 5281; x_wconf 83' lang='grc' dir='ltr'>αἰτία</span> <span class='ocrx_word' id='word_1_760' title='bbox 1486 5229 1632 5280; x_wconf 71' lang='grc' dir='ltr'>ἐστὶν</span> <span class='ocrx_word' id='word_1_761' title='bbox 1655 5226 1683 5277; x_wconf 91' lang='lat'><strong>6</strong></span> <span class='ocrx_word' id='word_1_762' title='bbox 1704 5224 1907 5295; x_wconf 56' lang='lat' dir='ltr'><strong>[latim</strong></span> 
     </span>
    </p>
   </div>
   <div class='ocr_carea' id='block_1_100' title="bbox 316 5311 1896 5392">
    <p class='ocr_par' dir='ltr' id='par_1_100' title="bbox 316 5311 1896 5392">
     <span class='ocr_line' id='line_1_100' title="bbox 316 5311 1896 5392; baseline -0.008 -16"><span class='ocrx_word' id='word_1_763' title='bbox 316 5326 418 5391; x_wconf 82' lang='grc' dir='ltr'>τῆς</span> <span class='ocrx_word' id='word_1_764' title='bbox 451 5324 577 5392; x_wconf 80' lang='grc' dir='ltr'>ὅλης</span> <span class='ocrx_word' id='word_1_765' title='bbox 616 5322 889 5390; x_wconf 64' lang='grc' dir='ltr'>θεότητος.</span> <span class='ocrx_word' id='word_1_766' title='bbox 924 5320 1155 5371; x_wconf 84' lang='grc' dir='ltr'>Ἔπειτα</span> <span class='ocrx_word' id='word_1_767' title='bbox 1185 5317 1246 5369; x_wconf 84' lang='grc' dir='ltr'>τὸ</span> <span class='ocrx_word' id='word_1_768' title='bbox 1269 5316 1449 5383; x_wconf 72' lang='grc' dir='ltr'>λέγειν</span> <span class='ocrx_word' id='word_1_769' title='bbox 1474 5315 1568 5368; x_wconf 66' lang='grc' dir='ltr'><strong>καὶ</strong></span> <span class='ocrx_word' id='word_1_770' title='bbox 1604 5315 1818 5384; x_wconf 75' lang='grc' dir='ltr'>φρονεῖν</span> <span class='ocrx_word' id='word_1_771' title='bbox 1838 5311 1896 5374; x_wconf 75' lang='grc' dir='ltr'>ἐξ</span> 
     </span>
    </p>
   </div>
   <div class='ocr_carea' id='block_1_101' title="bbox 320 5404 1895 5482">
    <p class='ocr_par' dir='ltr' id='par_1_101' title="bbox 320 5404 1895 5482">
     <span class='ocr_line' id='line_1_101' title="bbox 320 5404 1895 5482; baseline -0.009 -14"><span class='ocrx_word' id='word_1_772' title='bbox 320 5414 454 5468; x_wconf 81' lang='grc' dir='ltr'>Υίοῦ</span> <span class='ocrx_word' id='word_1_773' title='bbox 506 5413 567 5464; x_wconf 82' lang='grc' dir='ltr'>τὸ</span> <span class='ocrx_word' id='word_1_774' title='bbox 618 5413 845 5482; x_wconf 77' lang='grc' dir='ltr'>Πνεῦμα</span> <span class='ocrx_word' id='word_1_775' title='bbox 903 5412 963 5465; x_wconf 80' lang='grc' dir='ltr'>τὸ</span> <span class='ocrx_word' id='word_1_776' title='bbox 1014 5412 1169 5478; x_wconf 73' lang='grc' dir='ltr'>ἅγιον</span> <span class='ocrx_word' id='word_1_777' title='bbox 1222 5404 1508 5470; x_wconf 76' lang='grc' dir='ltr'>εἷναι,καὶ</span> <span class='ocrx_word' id='word_1_778' title='bbox 1541 5407 1638 5476; x_wconf 78' lang='grc' dir='ltr'>τὴν</span> <span class='ocrx_word' id='word_1_779' title='bbox 1688 5405 1895 5481; x_wconf 38' lang='grc' dir='ltr'>(ιζ-κεῖαν</span> 
     </span>
    </p>
   </div>
   <div class='ocr_carea' id='block_1_102' title="bbox 322 5495 1894 5574">
    <p class='ocr_par' dir='ltr' id='par_1_102' title="bbox 322 5495 1894 5574">
     <span class='ocr_line' id='line_1_102' title="bbox 322 5495 1894 5574; baseline -0.008 -15"><span class='ocrx_word' id='word_1_780' title='bbox 322 5504 563 5574; x_wconf 70' lang='grc' dir='ltr'>ὓπαρξιν</span> <span class='ocrx_word' id='word_1_781' title='bbox 593 5504 760 5573; x_wconf 77' lang='grc' dir='ltr'>ἔχειν,</span> <span class='ocrx_word' id='word_1_782' title='bbox 789 5504 890 5556; x_wconf 82' lang='grc' dir='ltr'><strong>οὐκ</strong></span> <span class='ocrx_word' id='word_1_783' title='bbox 919 5504 1137 5571; x_wconf 77' lang='grc' dir='ltr'>ἀληθές.</span> <span class='ocrx_word' id='word_1_784' title='bbox 1166 5497 1275 5553; x_wconf 79' lang='grc' dir='ltr'>Ἠν</span> <span class='ocrx_word' id='word_1_785' title='bbox 1302 5500 1415 5570; x_wconf 83' lang='grc' dir='ltr'>γὰρ</span> <span class='ocrx_word' id='word_1_786' title='bbox 1449 5500 1513 5552; x_wconf 76' lang='grc' dir='ltr'>ἂν</span> <span class='ocrx_word' id='word_1_787' title='bbox 1552 5499 1644 5550; x_wconf 70' lang='grc' dir='ltr'><strong>καὶ</strong></span> <span class='ocrx_word' id='word_1_788' title='bbox 1681 5499 1737 5563; x_wconf 69' lang='grc' dir='ltr'><strong>ἐξ</strong></span> <span class='ocrx_word' id='word_1_789' title='bbox 1762 5495 1894 5549; x_wconf 79' lang='grc' dir='ltr'>Υἱοῦ</span> 
     </span>
    </p>
   </div>
   <div class='ocr_carea' id='block_1_103' title="bbox 324 5588 1897 5664">
    <p class='ocr_par' dir='ltr' id='par_1_103' title="bbox 324 5588 1897 5664">
     <span class='ocr_line' id='line_1_103' title="bbox 324 5588 1897 5664; baseline -0.006 -15"><span class='ocrx_word' id='word_1_790' title='bbox 324 5598 489 5664; x_wconf 76' lang='grc' dir='ltr'>μόνου</span> <span class='ocrx_word' id='word_1_791' title='bbox 525 5595 601 5664; x_wconf 80' lang='grc' dir='ltr'>μὴ</span> <span class='ocrx_word' id='word_1_792' title='bbox 637 5594 1064 5664; x_wconf 74' lang='grc' dir='ltr'>μεσολαεοῦντος</span> <span class='ocrx_word' id='word_1_793' title='bbox 1114 5592 1206 5645; x_wconf 73' lang='grc' dir='ltr'>τοῦ</span> <span class='ocrx_word' id='word_1_794' title='bbox 1248 5592 1457 5659; x_wconf 63' lang='lat' dir='ltr'><strong>Harpe;</strong></span> <span class='ocrx_word' id='word_1_795' title='bbox 1490 5591 1642 5659; x_wconf 57' lang='grc' dir='ltr'>πρὸς</span> <span class='ocrx_word' id='word_1_796' title='bbox 1677 5591 1773 5660; x_wconf 74' lang='grc' dir='ltr'>τὴν</span> <span class='ocrx_word' id='word_1_797' title='bbox 1805 5588 1897 5641; x_wconf 67' lang='grc' dir='ltr'>τοῦ</span> 
     </span>
    </p>
   </div>
   <div class='ocr_carea' id='block_1_104' title="bbox 324 5684 1897 5757">
    <p class='ocr_par' dir='ltr' id='par_1_104' title="bbox 324 5684 1897 5757">
     <span class='ocr_line' id='line_1_104' title="bbox 324 5684 1897 5757; baseline -0.007 -15"><span class='ocrx_word' id='word_1_798' title='bbox 324 5688 643 5757; x_wconf 84' lang='grc' dir='ltr'>ιινεύματος</span> <span class='ocrx_word' id='word_1_799' title='bbox 672 5687 921 5757; x_wconf 83' lang='grc' dir='ltr'>πρόοδον.</span> <span class='ocrx_word' id='word_1_800' title='bbox 969 5686 1101 5738; x_wconf 63' lang='grc' dir='ltr'><strong>Οὐδὲ</strong></span> <span class='ocrx_word' id='word_1_801' title='bbox 1146 5688 1255 5753; x_wconf 70' lang='grc' dir='ltr'>γὰρ</span> <span class='ocrx_word' id='word_1_802' title='bbox 1299 5687 1328 5732; x_wconf 88' lang='lat'><strong>6</strong></span> <span class='ocrx_word' id='word_1_803' title='bbox 1372 5685 1561 5752; x_wconf 68' lang='grc' dir='ltr'>Πατὴρ</span> <span class='ocrx_word' id='word_1_804' title='bbox 1595 5684 1757 5752; x_wconf 73' lang='grc' dir='ltr'>μέσος</span> <span class='ocrx_word' id='word_1_805' title='bbox 1797 5684 1897 5751; x_wconf 78' lang='grc' dir='ltr'><strong>ἀμ-</strong></span> 
     </span>
    </p>
   </div>
   <div class='ocr_carea' id='block_1_105' title="bbox 324 5774 1893 5849">
    <p class='ocr_par' dir='ltr' id='par_1_105' title="bbox 324 5774 1893 5849">
     <span class='ocr_line' id='line_1_105' title="bbox 324 5774 1893 5849; baseline -0.005 -17"><span class='ocrx_word' id='word_1_806' title='bbox 324 5780 448 5849; x_wconf 72' lang='grc' dir='ltr'>φοῖν</span> <span class='ocrx_word' id='word_1_807' title='bbox 484 5781 597 5833; x_wconf 79' lang='grc' dir='ltr'>τοῖν</span> <span class='ocrx_word' id='word_1_808' title='bbox 648 5776 957 5849; x_wconf 70' lang='grc' dir='ltr'>προσώποιν</span> <span class='ocrx_word' id='word_1_809' title='bbox 1013 5778 1139 5832; x_wconf 79' lang='grc' dir='ltr'><strong>Υἐοῦ</strong></span> <span class='ocrx_word' id='word_1_810' title='bbox 1201 5779 1293 5831; x_wconf 70' lang='grc' dir='ltr'>καὶ</span> <span class='ocrx_word' id='word_1_811' title='bbox 1344 5776 1680 5847; x_wconf 44' lang='lat' dir='ltr'><strong>&quot;viduam;</strong></span> <span class='ocrx_word' id='word_1_812' title='bbox 1711 5774 1893 5844; x_wconf 70' lang='grc' dir='ltr'>Ταύτῃ</span> 
     </span>
    </p>
   </div>
   <div class='ocr_carea' id='block_1_106' title="bbox 1995 4577 3568 4651">
    <p class='ocr_par' dir='ltr' id='par_1_106' title="bbox 1995 4577 3568 4651">
     <span class='ocr_line' id='line_1_106' title="bbox 1995 4577 3568 4651; baseline -0.003 -17"><span class='ocrx_word' id='word_1_813' title='bbox 1995 4582 2164 4645; x_wconf 89' lang='lat' dir='ltr'><strong>uitur,</strong></span> <span class='ocrx_word' id='word_1_814' title='bbox 2187 4588 2517 4651; x_wconf 66' lang='lat' dir='ltr'><strong>praeeuntem</strong></span> <span class='ocrx_word' id='word_1_815' title='bbox 2537 4580 2738 4635; x_wconf 85' lang='lat' dir='ltr'><strong>habere</strong></span> <span class='ocrx_word' id='word_1_816' title='bbox 2759 4595 2861 4644; x_wconf 72' lang='lat' dir='ltr'><strong>ex;</strong></span> <span class='ocrx_word' id='word_1_817' title='bbox 2890 4579 3142 4633; x_wconf 90' lang='lat' dir='ltr'><strong>similiter</strong></span> <span class='ocrx_word' id='word_1_818' title='bbox 3164 4590 3211 4631; x_wconf 87' lang='lat' dir='ltr'><strong>et</strong></span> <span class='ocrx_word' id='word_1_819' title='bbox 3244 4577 3568 4645; x_wconf 57' lang='lat' dir='ltr'><strong>copulativa</strong></span> 
     </span>
    </p>
   </div>
   <div class='ocr_carea' id='block_1_107' title="bbox 1993 4667 3569 4739">
    <p class='ocr_par' dir='ltr' id='par_1_107' title="bbox 1993 4667 3569 4739">
     <span class='ocr_line' id='line_1_107' title="bbox 1993 4667 3569 4739; baseline -0.005 -14"><span class='ocrx_word' id='word_1_820' title='bbox 1993 4670 2373 4739; x_wconf 83' lang='lat' dir='ltr'><strong>eoujnnctioni</strong></span> <span class='ocrx_word' id='word_1_821' title='bbox 2403 4686 2467 4723; x_wconf 76' lang='lat' dir='ltr'><strong>ex</strong></span> <span class='ocrx_word' id='word_1_822' title='bbox 2520 4669 2783 4739; x_wconf 69' lang='lat' dir='ltr'><strong>prmponi.</strong></span> <span class='ocrx_word' id='word_1_823' title='bbox 2828 4667 3008 4734; x_wconf 87' lang='lat' dir='ltr'><strong>Quare</strong></span> <span class='ocrx_word' id='word_1_824' title='bbox 3060 4670 3151 4737; x_wconf 92' lang='lat' dir='ltr'><strong>qui</strong></span> <span class='ocrx_word' id='word_1_825' title='bbox 3212 4667 3569 4720; x_wconf 86' lang='lat' dir='ltr'><strong>ahsolutciu-</strong></span> 
     </span>
    </p>
   </div>
   <div class='ocr_carea' id='block_1_108' title="bbox 1994 4760 3572 4829">
    <p class='ocr_par' dir='ltr' id='par_1_108' title="bbox 1994 4760 3572 4829">
     <span class='ocr_line' id='line_1_108' title="bbox 1994 4760 3572 4829; baseline -0.004 -14"><span class='ocrx_word' id='word_1_826' title='bbox 1994 4764 2135 4829; x_wconf 87' lang='lat' dir='ltr'><strong>quit,</strong></span> <span class='ocrx_word' id='word_1_827' title='bbox 2160 4778 2223 4815; x_wconf 77' lang='lat' dir='ltr'><strong>ex</strong></span> <span class='ocrx_word' id='word_1_828' title='bbox 2254 4761 2412 4823; x_wconf 84' lang='lat' dir='ltr'><strong>Filio,</strong></span> <span class='ocrx_word' id='word_1_829' title='bbox 2438 4776 2544 4814; x_wconf 90' lang='lat' dir='ltr'><strong>non</strong></span> <span class='ocrx_word' id='word_1_830' title='bbox 2577 4760 2682 4813; x_wconf 91' lang='lat' dir='ltr'><strong>alio</strong></span> <span class='ocrx_word' id='word_1_831' title='bbox 2718 4761 2878 4813; x_wconf 87' lang='lat' dir='ltr'><strong>modo</strong></span> <span class='ocrx_word' id='word_1_832' title='bbox 2911 4775 3008 4813; x_wconf 91' lang='lat' dir='ltr'><strong>nec</strong></span> <span class='ocrx_word' id='word_1_833' title='bbox 3036 4760 3223 4819; x_wconf 76' lang='lat' dir='ltr'><strong>sentit,</strong></span> <span class='ocrx_word' id='word_1_834' title='bbox 3257 4774 3357 4812; x_wconf 91' lang='lat' dir='ltr'><strong>nec</strong></span> <span class='ocrx_word' id='word_1_835' title='bbox 3398 4770 3572 4812; x_wconf 86' lang='lat' dir='ltr'><strong>enun-</strong></span> 
     </span>
    </p>
   </div>
   <div class='ocr_carea' id='block_1_109' title="bbox 1996 4836 3570 4921">
    <p class='ocr_par' dir='ltr' id='par_1_109' title="bbox 1996 4836 3570 4921">
     <span class='ocr_line' id='line_1_109' title="bbox 1996 4836 3570 4921; baseline -0.001 -14"><span class='ocrx_word' id='word_1_836' title='bbox 1996 4853 2114 4907; x_wconf 88' lang='lat' dir='ltr'><strong>tiat.</strong></span> <span class='ocrx_word' id='word_1_837' title='bbox 2136 4853 2315 4921; x_wconf 77' lang='lat' dir='ltr'><strong>Atqui</strong></span> <span class='ocrx_word' id='word_1_838' title='bbox 2346 4868 2411 4906; x_wconf 78' lang='lat' dir='ltr'><strong>ea:</strong></span> <span class='ocrx_word' id='word_1_839' title='bbox 2442 4850 2707 4920; x_wconf 61' lang='lat' dir='ltr'><strong>przeponit</strong></span> <span class='ocrx_word' id='word_1_840' title='bbox 2739 4850 3085 4919; x_wconf 85' lang='lat' dir='ltr'><strong>aduectitquc</strong></span> <span class='ocrx_word' id='word_1_841' title='bbox 3112 4836 3207 4921; x_wconf 85' lang='lat' dir='ltr'><strong>per</strong></span> <span class='ocrx_word' id='word_1_842' title='bbox 3224 4849 3570 4921; x_wconf 80' lang='lat' dir='ltr'><strong>conjunctio-</strong></span> 
     </span>
    </p>
   </div>
   <div class='ocr_carea' id='block_1_110' title="bbox 1996 4939 3569 5012">
    <p class='ocr_par' dir='ltr' id='par_1_110' title="bbox 1996 4939 3569 5012">
     <span class='ocr_line' id='line_1_110' title="bbox 1996 4939 3569 5012; baseline -0.001 -14"><span class='ocrx_word' id='word_1_843' title='bbox 1996 4960 2121 4998; x_wconf 84' lang='lat' dir='ltr'><strong>nem</strong></span> <span class='ocrx_word' id='word_1_844' title='bbox 2156 4953 2227 5007; x_wconf 86' lang='lat' dir='ltr'><strong>et,</strong></span> <span class='ocrx_word' id='word_1_845' title='bbox 2268 4958 2461 5012; x_wconf 82' lang='lat' dir='ltr'><strong>nempe</strong></span> <span class='ocrx_word' id='word_1_846' title='bbox 2491 4959 2555 4996; x_wconf 77' lang='lat' dir='ltr'><strong>ea:</strong></span> <span class='ocrx_word' id='word_1_847' title='bbox 2579 4942 2743 4995; x_wconf 87' lang='lat' dir='ltr'><strong>Patre</strong></span> <span class='ocrx_word' id='word_1_848' title='bbox 2770 4951 2817 4994; x_wconf 74' lang='lat' dir='ltr'><strong>et</strong></span> <span class='ocrx_word' id='word_1_849' title='bbox 2854 4939 3014 5002; x_wconf 85' lang='lat' dir='ltr'><strong>Filio,</strong></span> <span class='ocrx_word' id='word_1_850' title='bbox 3049 4940 3309 5008; x_wconf 85' lang='lat' dir='ltr'><strong>ostendit,</strong></span> <span class='ocrx_word' id='word_1_851' title='bbox 3342 4940 3569 5007; x_wconf 84' lang='lat' dir='ltr'><strong>fontem,</strong></span> 
     </span>
    </p>
   </div>
   <div class='ocr_carea' id='block_1_111' title="bbox 1994 5034 3566 5106">
    <p class='ocr_par' dir='ltr' id='par_1_111' title="bbox 1994 5034 3566 5106">
     <span class='ocr_line' id='line_1_111' title="bbox 1994 5034 3566 5106; baseline -0.001 -17"><span class='ocrx_word' id='word_1_852' title='bbox 1994 5045 2050 5090; x_wconf 84' lang='lat' dir='ltr'><strong>et</strong></span> <span class='ocrx_word' id='word_1_853' title='bbox 2082 5035 2433 5106; x_wconf 86' lang='lat' dir='ltr'><strong>principium,</strong></span> <span class='ocrx_word' id='word_1_854' title='bbox 2465 5036 2529 5088; x_wconf 67' lang='lat' dir='ltr'><strong>ct&#39;</strong></span> <span class='ocrx_word' id='word_1_855' title='bbox 2552 5049 2775 5088; x_wconf 80' lang='lat' dir='ltr'><strong>catisam</strong></span> <span class='ocrx_word' id='word_1_856' title='bbox 2819 5034 2985 5088; x_wconf 84' lang='lat' dir='ltr'><strong>totius</strong></span> <span class='ocrx_word' id='word_1_857' title='bbox 3015 5035 3319 5089; x_wconf 87' lang='lat' dir='ltr'><strong>divinitatis</strong></span> <span class='ocrx_word' id='word_1_858' title='bbox 3356 5034 3566 5088; x_wconf 85' lang='lat' dir='ltr'><strong>Patrem</strong></span> 
     </span>
    </p>
   </div>
   <div class='ocr_carea' id='block_1_112' title="bbox 1999 5124 3571 5195">
    <p class='ocr_par' dir='ltr' id='par_1_112' title="bbox 1999 5124 3571 5195">
     <span class='ocr_line' id='line_1_112' title="bbox 1999 5124 3571 5195; baseline -0.002 -13"><span class='ocrx_word' id='word_1_859' title='bbox 1999 5145 2145 5183; x_wconf 84' lang='lat' dir='ltr'><strong>esse.</strong></span> <span class='ocrx_word' id='word_1_860' title='bbox 2172 5124 2527 5181; x_wconf 85' lang='lat' dir='ltr'><strong>Postmodum</strong></span> <span class='ocrx_word' id='word_1_861' title='bbox 2565 5126 2747 5180; x_wconf 83' lang='lat' dir='ltr'><strong>dicere</strong></span> <span class='ocrx_word' id='word_1_862' title='bbox 2809 5142 2872 5181; x_wconf 88' lang='lat' dir='ltr'><strong>ae</strong></span> <span class='ocrx_word' id='word_1_863' title='bbox 2911 5137 3114 5190; x_wconf 81' lang='lat' dir='ltr'><strong>tenere,</strong></span> <span class='ocrx_word' id='word_1_864' title='bbox 3142 5143 3204 5180; x_wconf 68' lang='lat' dir='ltr'><strong>ex</strong></span> <span class='ocrx_word' id='word_1_865' title='bbox 3241 5126 3377 5181; x_wconf 86' lang='lat' dir='ltr'><strong>Filio</strong></span> <span class='ocrx_word' id='word_1_866' title='bbox 3396 5126 3571 5195; x_wconf 83' lang='lat' dir='ltr'><strong>Spiri-</strong></span> 
     </span>
    </p>
   </div>
   <div class='ocr_carea' id='block_1_113' title="bbox 2003 5217 3567 5285">
    <p class='ocr_par' dir='ltr' id='par_1_113' title="bbox 2003 5217 3567 5285">
     <span class='ocr_line' id='line_1_113' title="bbox 2003 5217 3567 5285; baseline -0.001 -14"><span class='ocrx_word' id='word_1_867' title='bbox 2003 5228 2112 5271; x_wconf 91' lang='lat' dir='ltr'><strong>tum</strong></span> <span class='ocrx_word' id='word_1_868' title='bbox 2138 5227 2388 5272; x_wconf 85' lang='lat' dir='ltr'><strong>sanctum</strong></span> <span class='ocrx_word' id='word_1_869' title='bbox 2428 5232 2547 5272; x_wconf 83' lang='lat' dir='ltr'><strong>esse</strong></span> <span class='ocrx_word' id='word_1_870' title='bbox 2581 5225 2635 5271; x_wconf 82' lang='lat' dir='ltr'><strong>et</strong></span> <span class='ocrx_word' id='word_1_871' title='bbox 2672 5219 2944 5285; x_wconf 86' lang='lat' dir='ltr'><strong>propriam</strong></span> <span class='ocrx_word' id='word_1_872' title='bbox 2977 5219 3350 5272; x_wconf 72' lang='lat' dir='ltr'><strong>easistenliam</strong></span> <span class='ocrx_word' id='word_1_873' title='bbox 3408 5217 3567 5269; x_wconf 85' lang='lat' dir='ltr'><strong>hahe-</strong></span> 
     </span>
    </p>
   </div>
   <div class='ocr_carea' id='block_1_114' title="bbox 2002 5306 3574 5377">
    <p class='ocr_par' dir='ltr' id='par_1_114' title="bbox 2002 5306 3574 5377">
     <span class='ocr_line' id='line_1_114' title="bbox 2002 5306 3574 5377; baseline -0.002 -15"><span class='ocrx_word' id='word_1_874' title='bbox 2002 5325 2083 5371; x_wconf 82' lang='lat' dir='ltr'><strong>rc,</strong></span> <span class='ocrx_word' id='word_1_875' title='bbox 2112 5324 2299 5362; x_wconf 87' lang='lat' dir='ltr'><strong>verum</strong></span> <span class='ocrx_word' id='word_1_876' title='bbox 2328 5322 2552 5377; x_wconf 90' lang='lat' dir='ltr'><strong>prorsus</strong></span> <span class='ocrx_word' id='word_1_877' title='bbox 2588 5323 2693 5361; x_wconf 88' lang='lat' dir='ltr'><strong>non</strong></span> <span class='ocrx_word' id='word_1_878' title='bbox 2723 5317 2833 5361; x_wconf 87' lang='lat' dir='ltr'><strong>est.</strong></span> <span class='ocrx_word' id='word_1_879' title='bbox 2865 5306 3018 5361; x_wconf 78' lang='lat' dir='ltr'><strong>Esset</strong></span> <span class='ocrx_word' id='word_1_880' title='bbox 3044 5308 3189 5362; x_wconf 86' lang='lat' dir='ltr'><strong>enim</strong></span> <span class='ocrx_word' id='word_1_881' title='bbox 3218 5323 3279 5362; x_wconf 75' lang='lat' dir='ltr'><strong>ex</strong></span> <span class='ocrx_word' id='word_1_882' title='bbox 3317 5306 3453 5359; x_wconf 81' lang='lat' dir='ltr'><strong>Filio</strong></span> <span class='ocrx_word' id='word_1_883' title='bbox 3485 5319 3574 5360; x_wconf 84' lang='lat' dir='ltr'><strong>so-</strong></span> 
     </span>
    </p>
   </div>
   <div class='ocr_carea' id='block_1_115' title="bbox 2003 5397 3571 5468">
    <p class='ocr_par' dir='ltr' id='par_1_115' title="bbox 2003 5397 3571 5468">
     <span class='ocr_line' id='line_1_115' title="bbox 2003 5397 3571 5468; baseline -0.002 -15"><span class='ocrx_word' id='word_1_884' title='bbox 2003 5402 2079 5463; x_wconf 90' lang='lat' dir='ltr'><strong>lo,</strong></span> <span class='ocrx_word' id='word_1_885' title='bbox 2114 5415 2236 5454; x_wconf 88' lang='lat' dir='ltr'><strong>cum</strong></span> <span class='ocrx_word' id='word_1_886' title='bbox 2276 5399 2512 5453; x_wconf 86' lang='lat' dir='ltr'><strong>Paterin</strong></span> <span class='ocrx_word' id='word_1_887' title='bbox 2540 5399 2777 5466; x_wconf 84' lang='lat' dir='ltr'><strong>Spiritus</strong></span> <span class='ocrx_word' id='word_1_888' title='bbox 2821 5400 3174 5468; x_wconf 87' lang='lat' dir='ltr'><strong>processione</strong></span> <span class='ocrx_word' id='word_1_889' title='bbox 3226 5397 3433 5451; x_wconf 75' lang='lat' dir='ltr'><strong>modius</strong></span> <span class='ocrx_word' id='word_1_890' title='bbox 3463 5412 3571 5451; x_wconf 88' lang='lat' dir='ltr'><strong>non</strong></span> 
     </span>
    </p>
   </div>
   <div class='ocr_carea' id='block_1_116' title="bbox 2002 5488 3570 5561">
    <p class='ocr_par' dir='ltr' id='par_1_116' title="bbox 2002 5488 3570 5561">
     <span class='ocr_line' id='line_1_116' title="bbox 2002 5488 3570 5561; baseline -0.003 -15"><span class='ocrx_word' id='word_1_891' title='bbox 2002 5496 2105 5548; x_wconf 89' lang='lat' dir='ltr'><strong>sit:</strong></span> <span class='ocrx_word' id='word_1_892' title='bbox 2142 5508 2320 5561; x_wconf 70' lang='lat' dir='ltr'><strong>neque</strong></span> <span class='ocrx_word' id='word_1_893' title='bbox 2355 5492 2500 5546; x_wconf 87' lang='lat' dir='ltr'><strong>cnim</strong></span> <span class='ocrx_word' id='word_1_894' title='bbox 2535 5491 2691 5546; x_wconf 83' lang='lat' dir='ltr'><strong>Pater</strong></span> <span class='ocrx_word' id='word_1_895' title='bbox 2724 5492 2870 5543; x_wconf 72' lang='lat' dir='ltr'><strong>inter</strong></span> <span class='ocrx_word' id='word_1_896' title='bbox 2896 5490 3034 5543; x_wconf 90' lang='lat' dir='ltr'><strong>duas</strong></span> <span class='ocrx_word' id='word_1_897' title='bbox 3077 5504 3338 5558; x_wconf 84' lang='lat' dir='ltr'><strong>personas</strong></span> <span class='ocrx_word' id='word_1_898' title='bbox 3375 5488 3570 5542; x_wconf 81' lang='lat' dir='ltr'><strong>Filium</strong></span> 
     </span>
    </p>
   </div>
   <div class='ocr_carea' id='block_1_117' title="bbox 2000 5581 3573 5653">
    <p class='ocr_par' dir='ltr' id='par_1_117' title="bbox 2000 5581 3573 5653">
     <span class='ocr_line' id='line_1_117' title="bbox 2000 5581 3573 5653; baseline -0.003 -14"><span class='ocrx_word' id='word_1_899' title='bbox 2000 5596 2053 5639; x_wconf 88' lang='lat' dir='ltr'><strong>et</strong></span> <span class='ocrx_word' id='word_1_900' title='bbox 2087 5586 2352 5653; x_wconf 81' lang='lat' dir='ltr'><strong>Spiritum</strong></span> <span class='ocrx_word' id='word_1_901' title='bbox 2387 5584 2598 5637; x_wconf 81' lang='lat' dir='ltr'><strong>medius</strong></span> <span class='ocrx_word' id='word_1_902' title='bbox 2626 5592 2729 5637; x_wconf 75' lang='lat' dir='ltr'><strong>est.</strong></span> <span class='ocrx_word' id='word_1_903' title='bbox 2761 5586 3170 5650; x_wconf 84' lang='lat' dir='ltr'><strong>Proptcroaqnc</strong></span> <span class='ocrx_word' id='word_1_904' title='bbox 3204 5595 3310 5633; x_wconf 89' lang='lat' dir='ltr'><strong>non</strong></span> <span class='ocrx_word' id='word_1_905' title='bbox 3338 5581 3573 5635; x_wconf 86' lang='lat' dir='ltr'><strong>dicimus</strong></span> 
     </span>
    </p>
   </div>
   <div class='ocr_carea' id='block_1_118' title="bbox 2005 5672 3573 5743">
    <p class='ocr_par' dir='ltr' id='par_1_118' title="bbox 2005 5672 3573 5743">
     <span class='ocr_line' id='line_1_118' title="bbox 2005 5672 3573 5743; baseline -0.005 -12"><span class='ocrx_word' id='word_1_906' title='bbox 2005 5693 2067 5731; x_wconf 81' lang='lat' dir='ltr'><strong>cx</strong></span> <span class='ocrx_word' id='word_1_907' title='bbox 2120 5676 2260 5728; x_wconf 80' lang='lat' dir='ltr'><strong>Filio</strong></span> <span class='ocrx_word' id='word_1_908' title='bbox 2306 5675 2594 5743; x_wconf 87' lang='lat' dir='ltr'><strong>Spiritum,</strong></span> <span class='ocrx_word' id='word_1_909' title='bbox 2635 5689 2811 5741; x_wconf 78' lang='lat' dir='ltr'><strong>neque</strong></span> <span class='ocrx_word' id='word_1_910' title='bbox 2854 5672 3167 5741; x_wconf 82' lang='lat' dir='ltr'><strong>procedere,</strong></span> <span class='ocrx_word' id='word_1_911' title='bbox 3219 5688 3392 5740; x_wconf 73' lang='lat' dir='ltr'><strong>neque</strong></span> <span class='ocrx_word' id='word_1_912' title='bbox 3429 5672 3573 5741; x_wconf 82' lang='lat' dir='ltr'><strong>quod</strong></span> 
     </span>
    </p>
   </div>
   <div class='ocr_carea' id='block_1_119' title="bbox 2005 5762 3575 5839">
    <p class='ocr_par' dir='ltr' id='par_1_119' title="bbox 2005 5762 3575 5839">
     <span class='ocr_line' id='line_1_119' title="bbox 2005 5762 3575 5839; baseline -0.004 -14"><span class='ocrx_word' id='word_1_913' title='bbox 2005 5770 2096 5837; x_wconf 74' lang='lat' dir='ltr'><strong>sit,</strong></span> <span class='ocrx_word' id='word_1_914' title='bbox 2124 5768 2392 5838; x_wconf 81' lang='lat' dir='ltr'><strong>accipere,</strong></span> <span class='ocrx_word' id='word_1_915' title='bbox 2424 5782 2601 5839; x_wconf 84' lang='lat' dir='ltr'><strong>neque</strong></span> <span class='ocrx_word' id='word_1_916' title='bbox 2632 5763 2863 5827; x_wconf 68' lang='lat' dir='ltr'><strong>effundi,</strong></span> <span class='ocrx_word' id='word_1_917' title='bbox 2897 5763 2989 5820; x_wconf 86' lang='lat' dir='ltr'><strong>sed</strong></span> <span class='ocrx_word' id='word_1_918' title='bbox 3022 5779 3116 5832; x_wconf 86' lang='lat' dir='ltr'><strong>per</strong></span> <span class='ocrx_word' id='word_1_919' title='bbox 3142 5762 3337 5820; x_wconf 81' lang='lat' dir='ltr'><strong>Filium</strong></span> <span class='ocrx_word' id='word_1_920' title='bbox 3366 5775 3575 5821; x_wconf 81' lang='lat' dir='ltr'><strong>tantum</strong></span> 
     </span>
    </p>
   </div>
  </div>
