3998 6464
312 341 418 403 2ίῆ

1403 346 1502 404 ΛΠ
1547 346 1914 408 IMPERAT.
1956 348 2107 408 TRA
2127 348 2447 415 PEZUNT.

3459 348 3564 411 246

392 455 460 511 κ’.
514 458 750 525 Φανερ“,ν
799 456 892 509 οὐν
954 458 1099 510 ἐστιν
1146 456 1319 510 ἅπασι
1365 460 1716 527 Χριστιανοῖς
1776 464 1887 520 τοῖς

2062 464 2152 517 20.
2212 455 2443 520 Planum
2513 465 2699 533 itaque
2758 474 2841 519 est
2894 461 3220 519 Christianis
3270 462 3563 517 omnibus:

320 548 486 616 λόγου
528 550 850 619 μετέχουσι,
908 550 984 611 ὡς
1029 552 1438 619 προεπινοεῑται
1490 551 1523 620 ὴ
1585 549 1679 604 τοῦ
1755 550 1885 604 Υίοῦ

322 641 573 709 γέννησις
628 642 728 709 τῆς
764 642 994 711 προέδου
1034 642 1128 696 τοῦ
1163 643 1321 710 ἁγίου
1367 643 1704 711 Πνεῦματος.
1739 644 1798 696 οὐ
1826 646 1889 713 τῇ

320 732 606 801 ἁῖδιότητι,
638 736 705 803 τῇ
738 734 848 803 γὰρ
890 733 1156 802 ἀϊδιότητι
1191 733 1307 802 ἅμα
1351 733 1493 786 εἰσὶν
1519 735 1546 786 6
1578 734 1768 803 Πατὴρ
1797 733 1895 786 xal.

323 828 350 878 6
396 826 543 890 Υἱὸς,
576 826 670 877 καὶ
696 825 757 878 16
786 825 944 892 ἅγιον
1003 824 1256 895 Πνεῦμα,
1284 824 1399 879 ἀλλ’
1433 825 1622 895 ὥσπερ
1656 842 1892 893 προεπι-

326 920 537 971 νοεῖτσι
565 918 593 968 6
626 917 812 986 Πατὴρ
840 917 933 970 τοιῦ
984 915 1154 980 Υίοῦ,
1213 916 1357 970 οὕτω
1406 920 1496 970 καὶ
1550 919 1578 970 6
1627 918 1756 981 Υἱὸς
1802 916 1896 970 τοῦ

324 1008 484 1073 ἁγίου
520 1007 858 1077 Πνεῦματος,
903 1008 1089 1071 καθὼς
1140 1010 1305 1063 τοῦτο
1352 1010 1542 1064 πολλοὶ
1573 1012 1683 1064 τῶν
1726 1011 1898 1078 ἁγίων

322 1103 417 1154 καὶ
451 1103 478 1153 6
505 1101 807 1154 Νυσσαέων
851 1102 995 1170 ίερδς
1022 1102 1328 1172 Γρηγόριος
1362 1103 1671 1157 ἐπιδεόαιοῐ
1704 1104 1897 1171 λέγων’

327 1211 345 1243 1
401 1193 487 1255 Ὦς
539 1195 649 1262 γὰρ
686 1194 1019 1247 συνάπτεται
1051 1193 1128 1263 τῷ
1165 1195 1347 1266 Πιιιτρλ⁵
1376 1197 1404 1249 6
1448 1195 1596 1259 Υίὸς,
1630 1198 1726 1250 καὶ
1754 1197 1815 1250 16
1841 1196 1902 1263 ἑξ

278 1351 288 1363 ι
323 1287 489 1338 αὐτοῦ
516 1282 657 1339 εἶναι
683 1286 846 1354 ἔχων,
876 1286 978 1355 οὐχ
1011 1286 1293 1356 ὑστερίζει
1324 1286 1470 1342 κατὰ
1511 1289 1612 1359 τὴν
1643 1287 1901 1354 ὕπαρξιν,

265 1378 466 1431 “061w
497 1377 659 1430 πάλιν
692 1379 786 1429 καὶ
832 1378 930 1431 106
976 1379 1322 1446 Μονογενοῦς
1365 1380 1551 1449 ἔχεται
1590 1380 1651 1433 16
1682 1379 1905 1446 Πνεῦμα

324 1468 385 1519 16
421 1467 576 1532 ἅγιον
623 1467 841 1538 ἐπινοίᾳ
883 1468 1022 1539 μόνῃ
1070 1470 1215 1522 κατὰ
1266 1469 1357 1522 16v
1392 1474 1492 1540 τῆς
1522 1472 1703 1533 αἰτίας
1739 1471 1901 1536 λόγον

325 1558 819 1627 προθεωρουμένου
862 1561 959 1623 τῆς
1019 1560 1111 1612 τοῦ
1171 1561 1489 1629 Ili/169.1110;
1520 1562 1901 1621 ὑποστάσεως.

327 1649 391 1699 Αἱ
443 1648 497 1701 δὲ
571 1649 822 1718 χρονικαὶ
880 1651 1226 1716 παρατάσεις
1248 1630 1373 1705 ’ἐπὶ
1422 1651 1524 1720 τῆς
1579 1653 1907 1720 προαιωνιου

329 1738 473 1807 ζωῆς
496 1738 682 1806 χώραν
713 1740 817 1790 οὐκ
840 1738 1076 1807 ἔχουσιν,
1109 1738 1251 1792 ὥστε
1283 1738 1376 1793 τοῦ
1407 1738 1568 1807 λόγου
1596 1740 1695 1801 τῆς
1727 1739 1909 1799 αἰτίας

1994 556 2197 625 quibus
2232 573 2365 611 usus
2397 556 2629 612 rationis
2667 559 2831 623 inest,
2863 556 3206 628 pra-intelligi
3246 553 3368 610 Filii
3404 572 3564 625 gene-

1998 647 2270 704 rationem
2324 649 2666 719 processioni
2700 647 2943 717 Spiritus
2973 648 3171 711 sancti,
3206 662 3316 701 non
3350 647 3567 700 πίοι-ιιὶ-

2000 751 2110 798 tate
2146 786 2161 808 ,
2210 758 2334 797 eum
2366 742 2680 796 aeternitate
2713 755 2818 794 una
2862 741 3037 795 simul‘
3063 741 3137 794 sit
3175 738 3359 802 Pater,
3384 748 3436 792 et
3476 734 3568 791 Fi-

1999 837 2127 897 lius,
2149 844 2203 889 el
2221 836 2461 903 Spiritus
2480 843 2735 898 Sanctus;
2762 833 2854 887 sed
2881 830 3335 900 quemadmodum
3369 831 3563 899 prmiu-

2001 929 2261 997 telligitur
2296 926 2458 981 Pater
2507 924 2667 989 Filio,
2702 925 2776 978 ita
2805 932 2859 978 et
2892 922 3059 976 Filius
3082 919 3313 989 Spiritui
3351 926 3566 979 samto.

2001 1022 2170 1076 veluti
2214 1019 2390 1075 sancti
2427 1018 2673 1089 plerique
2702 1017 2916 1078 Patres,
2962 1023 3015 1069 et
3066 1015 3209 1068 inter
3243 1029 3339 1068 eos
3377 1011 3570 1081 praeei-

2003 1126 2143 1182 puus
2201 1118 2427 1165 sanctus
2484 1109 2785 1179 Gregorius
2837 1106 3225 1176 Nyssaensium
3278 1105 3571 1173 episcopus

2003 1204 2320 1258 eonstabilit
2375 1201 2604 1257 dicens:
2657 1220 2676 1253 1
2735 1199 3209 1266 Quemadmodum
3261 1196 3407 1251 enim
3442 1211 3574 1250 ron-

2000 1297 2252 1366 jungitur
2291 1295 2438 1350 Patri
2490 1294 2664 1350 Filius
2688 1335 2704 1359 ,
2749 1300 2804 1347 et
2841 1307 2905 1345 e1
2935 1307 2999 1346 eo
3035 1291 3268 1351 habens,
3306 1287 3455 1357 quod
3479 1287 3573 1350 sit,

2007 1387 2307 1444 secundum
2348 1386 2754 1445 exsistentiam,
2791 1390 2988 1436 tamen
3022 1397 3128 1435 non
3161 1390 3243 1434 est
3277 1380 3574 1449 posterior,

2007 1477 2081 1531 ita
2129 1489 2324 1528 rursus
2371 1482 2423 1525 et
2473 1471 2772 1541 Unigenito
2803 1469 3040 1525 adhaeret
3077 1470 3315 1537 Spiritus
3347 1476 3574 1523 sanetus

2009 1566 2285 1621 intellectu
2306 1571 2517 1619 tantum
2551 1561 2849 1618 secundum
2876 1576 3057 1614 causae
3085 1560 3351 1613 rationem
3378 1557 3578 1629 praeiu-

2013 1658 2232 1712 telleCto
2264 1655 2824 1726 Spiritusbypostasi.
2851 1653 3141 1722 Temporis
3174 1661 3355 1707 autem
3388 1658 3579 1706 cxten-

2012 1750 2199 1806 siones
2241 1759 2296 1802 et
2322 1749 2613 1803 intertralla
2664 1747 2717 1801 in
2768 1748 2902 1813 vita,
2940 1755 3212 1816 quaante
3246 1744 3443 1799 sarcula
3472 1751 3577 1802 est.

329 1828 886 1898 bneﬁnpq;1évou,,év
946 1828 1136 1898 μηδενὶ
1188 1831 1286 1898 τὴν
1331 1830 1499 1898 ἁγίαν
1535 1830 1743 1900 Τριάδα.
1772 1832 1907 1896 πρὸς

2013 1839 2190 1895 locum
2221 1844 2355 1893 'non
2414 1839 2638 1901 habent,
2671 1839 2805 1892 adeo
2841 1846 2901 1891 ut
2940 1838 3147 1891 ratione
3179 1849 3361 1888 causa:
3396 1832 3580 1886 ablata

329 1922 527 1989 ἑαυτὴν
561 1919 908 1987 ἀσυμφῴνως
938 1921 1105 1990 ἔχειν.
1150 1942 1169 1973 1
1213 1923 1323 1975 Kal.
1360 1924 1387 1973 6
1420 1923 1594 1991 μέγας
1628 1922 1906 1984 Βασίλειος

330 2013 391 2062 ἐν
442 2013 508 2080 τῇ
558 2011 695 2079 πρὸς
751 2010 848 2073 τὰς
886 2013 1194 2087 Κανονικὰς
1248 2014 1575 2082 τρανότερον
1611 2013 1769 2065 τοῦτο
1801 2031 1907 2066 πα-

336 2103 576 2174 ρίστησι.
626 2102 768 2170 Φησὶ
821 2102 960 2170 γάρ·
1008 2120 1026 2153 1
1080 2102 1143 2154 Εἰ
1197 2103 1451 2171 ἀνωτέρω
1518 2102 1613 2156 τοῦ
1670 2104 1805 2155 Θεοῦ
1846 2103 1906 2156 16

338 2193 580 2261 Πνεῦμα,
610 2194 708 2246 οὐκ
742 2196 806 2246 ἐκ
834 2193 928 2247 τοῦ
966 2195 1099 2248 Θεοῦ
1125 2211 1139 2225 ·
1177 2196 1225 2247 εί
1260 2195 1316 2247 δὲ
1356 2198 1418 2248 ὲκ
1449 2196 1541 2248 τοῦ
1591 2194 1748 2257 Θεοῦ,
1783 2196 1917 2256 πῶς’

338 2282 709 2352 πρεσϐύτερόν
741 2286 854 2336 ἐστι
894 2282 987 2336 τοῦ
1020 2283 1075 2348 ἐξ
1123 2283 1183 2336 οὗ
1239 2287 1424 2350 ἐστιν;
1474 2284 1614 2337 Ἀλλ’
1653 2283 1775 2336 οὐδὲ
1806 2283 1898 2337 τοῦ

338 2356 675 2442 Μονογενοῦς
710 2376 1019 2446 πρότερον
1074 2377 1196 2429 οὐδὲ
1251 2378 1360 2448 γὰρ
1401 2379 1569 2446 μέσον
1624 2377 1757 2430 Υίοῦ
1812 2378 1905 2430 καὶ

338 2464 567 2532 Πατρός.
602 2483 621 2516 1
661 2466 770 2517 Kal.
825 2467 884 2517 ὲν
934 2469 1000 2536 τῇ
1037 2467 1172 2534 πρὸς
1224 2467 1526 2537 Νεστόριον
1581 2466 1847 2535 Κύριλλος
1879 2467 1907 2517 6

335 2558 509 2624 μέγας
544 2557 602 2608 τὸ
634 2575 651 2607 1
688 2558 744 2622 ἐξ
775 2557 953 2609 αὐτοῦ
992 2560 1086 2611 καὶ
1132 2557 1262 2609 ἴδιον
1295 2558 1459 2610 αὐτοῦ
1499 2576 1519 2608 1
1561 2573 1713 2624 φησι·
1749 2560 1840 2609 aal.
1872 2559 1904 2626 ἡ

335 2647 463 2712 ἁγία
491 2647 547 2699 δὲ
584 2646 773 2717 πρώτη
801 2647 1019 2711 σύνοδος
1062 2650 1149 2701 διὰ
1189 2649 1464 2704 Λεοντίου·
1504 2667 1523 2700 1
1566 2649 1806 2717 Εὕρηται
1848 2648 1907 2700 16

334 2743 563 2811 Πνεῦμα
607 2745 666 2795 16
698 2743 853 2809 ἅγιον
913 2745 1351 2814 ἐκπορευόμενον
1426 2747 1524 2815 μὲν
1585 2748 1652 2797 ἐκ
1675 2746 1766 2799 τοῦ
1800 2748 1908 2800 Πα-

333 2836 486 2898 τρὸς,
530 2834 659 2885 ἴδιον
690 2834 746 2885 δὲ
781 2834 876 2886 1,6
911 2834 1061 2897 Υἱοῦ,
1097 2837 1190 2886 καὶ
1220 2836 1281 2898 ἐξ
1313 2836 1480 2889 αὐτοῦ
1515 2836 1836 2898 ἁναϐλύζον.
1884 2855 1902 2887 1

338 2923 537 2986 Καθὼς
557 2920 650 2976 οὖν
678 2924 911 2987 λέγεται
929 2924 1058 2976 ἴδιον
1086 2924 1183 2977 τοῦ
1217 2926 1456 2994 Πατρδς,
1480 2924 1644 2979 οὕτω
1692 2926 1907 2993 λέγεται

338 3015 434 3067 καὶ
460 3015 591 3068 ἴδιον
616 3013 713 3067 106
754 3014 887 3068 Υίοῦ
916 3030 931 3044 ·
975 3018 1068 3068 καὶ
1097 3015 1291 3084 ὥσπερ
1349 3016 1569 3083 λέγεται
1609 3017 1673 3068 ἐκ
1700 3018 1798 3085 τῆς
1822 3015 1911 3068 οὐ·

2011 1932 2064 1985 ln
2117 1932 2268 1985 nullo
2317 1943 2508 1986 saneta
2563 1929 2721 1983 Trias
2776 1929 2916 1982 inter
2950 1941 3070 1983 sese
3114 1924 3410 1980 discordet.
3461 1944 3479 1974 1
3518 1924 3582 1975 Et

2009 2023 2244 2078 Basilius
2298 2023 2526 2093 Magnus
2570 2021 2636 2076 ad
2689 2004 3007 2076 Canouieas
3028 2020 3259 2090 epistola
3297 2019 3398 2071 hoc
3434 2016 3578 2071 idem

2008 2116 2328 2184 expressius
2379 2114 2621 2169 asserit:
2688 2132 2708 2164 ι
2766 2114 2825 2187 Si
2881 2112 2991 2166 Deo
3049 2110 3299 2166 subsistit
3335 2109 3582 2178 superior

2008 2208 2269 2275 Spiritus,
2299 2220 2636 2276 nequaquam
2677 2209 2852 2274 potest
2877 2219 2937 2257 ex
2965 2201 3075 2256 Deo
3095 2214 3234 2256 esse.
3269 2199 3422 2266 Quod
3448 2198 3493 2255 si
3515 2213 3579 2251 ex

2008 2300 2117 2353 Deo
2169 2308 2275 2361 est,
2322 2299 2600 2369 antiquior
2639 2311 2761 2373 esse
2812 2294 2941 2358 Deo,
2988 2295 3080 2364 qui
3117 2301 3291 2362 potest
3323 2304 3465 2356 e550,
3514 2306 3579 2344 ex

2007 2411 2114 2462 quo
2158 2395 2290 2449 est?
2334 2395 2446 2447 lmo
2492 2409 2596 2447 nec
2651 2391 3044 2461 priorqnidom
3083 2387 3397 2458 Unigenito.
3457 2401 3581 2461 eum

2008 2489 2152 2542 inter
2197 2485 2394 2540 Filium
2448 2485 2520 2539 sit
2562 2494 2613 2539 et
2659 2486 2868 2539 Patrem
2913 2484 3121 2538 nullum
3157 2481 3418 2536 medium.
3460 2498 3478 2530 1
3519 2476 3584 2529 Et

2007 2594 2240 2650 magnus
2284 2579 2543 2649 Cyrillns,
2588 2576 2816 2646 epistola
2868 2574 3283 2630 ad’N‘ertorinm
3322 2591 3333 2625 :
3373 2590 3389 2622 1
3428 2568 3582 2636 ρυυιι

2006 2688 2070 2727 ex
2105 2687 2170 2726 eo
2202 2681 2309 2736 est,
2346 2680 2401 2724 et
2436 2670 2721 2740 proprium
2755 2669 2953 2737 ipsius,
2990 2688 3007 2720 1
3046 2669 3306 2737 appellat.
3346 2666 3407 2718 lit
3452 2678 3581 2716 san-

2007 2777 2091 2819 eta
2142 2765 2314 2833 prima
2344 2763 2587 2832 synodus
2628 2777 2721 2827 per
2742 2760 3029 2814 Leontium
3060 2778 3073 2813 :
3105 2778 3122 2810 1
3156 2758 3432 2813 invenitur
3464 2756 3584 2824 Spi-

2009 2855 2148 2908 ritus
2185 2862 2409 2906 sanetus
2445 2852 2736 2917 procedere
2770 2850 2990 2916 quidem
3024 2865 3085 2901 ex
3120 2849 3296 2910 Patre,
3332 2850 3584 2913 proprius

2011 2960 2137 2999 vero
2154 2958 2276 2998 esse
2293 2942 2437 3005 Filii,
2456 2953 2511 2996 et
2531 2958 2595 2995 ex
2623 2955 3027 3001 eo,emanans.1
3064 2940 3134 2993 Ea
3159 2940 3326 3006 igitur
3353 2939 3582 2993 ralivur.

2010 3051 2115 3105 qua
2134 3035 2336 3089 dicitur
2352 3033 2604 3102 pr0prius
2621 3030 2814 3095 Patris,
2830 3041 2909 3083 est
2927 3041 2976 3083 et
2992 3028 3246 3097 proprius
3265 3026 3406 3083 Filii.
3427 3024 3488 3079 Jo
3529 3045 3589 3079 n-

340 3106 462 3166 σίας
496 3104 591 3157 τοῦ
630 3106 865 3175 Πατρδς,
905 3104 1048 3159 οὕτω
1076 3105 1423 3168 λέγεταικαὶ
1467 3110 1530 3159 ἐκ
1583 3107 1679 3176 τῆς
1725 3107 1909 3171 οὐσίας

2013 3104 2111 3184 nes
2155 3126 2564 3184 Damascenus.
2592 3122 2768 3191 capite
2804 3132 3014 3181 octavo.
3037 3120 3213 3191 cujns‘
3234 3119 3584 3189 principium.

339 3196 433 3249 106
472 3196 625 3251 )‘i~.6.
663 3197 771 3249 Καὶ
800 3199 828 3250 6
862 3197 960 3265 μὲν
994 3196 1133 3257 θεῖος
1182 3196 1438 3265 Ἰωάννης
1468 3198 1495 3250 ὀ
1545 3198 1910 3267 Δαμασκηνὸς

340 3290 399 3341 ἐν
436 3287 717 3357 κειραλαίιει
760 3288 952 3358 ὀγδᾶῳ,
994 3281 1055 3343 o6
1085 3287 1119 3357 ἠ
1175 3287 1340 3358 ἁρχὴ,
1372 3306 1392 3339 1
1432 3278 1771 3357 Πιστεύομεν
1804 3306 1915 3343 τοι·

343 3377 570 3448 γαροῦν·
594 3396 643 3431 11
660 3380 766 3431 Καὶ
786 3380 942 3449 μόνον
960 3378 1020 3431 16
1041 3376 1263 3446 Πνεῦμα
1292 3378 1353 3430 1‘1
1382 3377 1537 3445 ἅγιον
1569 3378 1902 3448 ὲκπορεντὺν

344 3472 409 3520 ἐκ
442 3469 538 3535 τῆς
591 3468 781 3528 οὐσίας
827 3468 920 3519 τοῦ
970 3468 1209 3539 Πατρος,
1264 3468 1326 3520 οὐ
1388 3467 1754 3537 γεννώμενον,
1787 3468 1902 3519 ἀλλ’

347 3562 841 3628 ἑκπορευὲμενον.»
878 3559 1051 3613 Τοῦτο
1084 3562 1178 3613 καὶ
1210 3563 1237 3614 6
1271 3560 1913 3630 πάμμεγαςἈΟανὰσιος

344 3649 529 3717 λέγει·
573 3668 591 3700 1
627 3651 723 3703 Ἐκ
752 3654 849 3719 τῆς
895 3651 1084 3714 οὐσίας
1117 3650 1211 3704 τοῦ
1260 3652 1478 3722 Πατρὸς
1504 3651 1564 3704 16
1599 3653 1827 3720 Πνεῦμα
1855 3651 1917 3703 16

346 3743 524 3810 ἆγιον.
568 3761 587 3793 1
634 3742 794 3795 Ἀλλὰ
839 3747 934 3796 καὶ
982 3746 1009 3796 6
1054 3744 1342 3807 Θεσπέσιος
1378 3743 1648 3814 Κύριλλος
1702 3747 1766 3796 ὲκ
1817 3745 1914 3811 τῆς

346 3834 534 3897 οὐσίας
561 3833 657 3887 106
696 3834 825 3887 Υἰοῦ
871 3837 930 3886 ὲν
978 3836 1263 3905 κεφαλαίῳ
1318 3836 1628 3906 τριακοστῷ
1670 3836 1917 3906 τετάρτῳ

344 3928 455 3981 τῶν
482 3927 815 3995 Θησαυρῶν
848 3928 1038 3997 λέγει’
1080 3945 1096 3979 ι
1145 3929 1261 3981 Οὐκ
1306 3930 1366 3981 ὲν
1396 3929 1506 4000 ἰδίᾳ
1537 3929 1645 3982 τινὶ
1679 3930 1916 3994 Θελήσει,

346 4020 467 4073 οὐδὲ
503 4020 610 4089 μὴν
641 4020 904 4089 ἀλλοτρίᾳ
941 4019 1218 4089 βουλήσει,
1252 4021 1309 4074 ὲν
1448 4022 1542 4074 καὶ
1578 4021 1638 4085 ἐξ
1686 4016 1746 4075 οῦ
1774 4021 1921 4074 ἐστὶν

347 4112 766 4181 ὁμολογοῦντες,
817 4111 937 4165 ἀλλ’
984 4115 1048 4165 ὲκ
1080 4114 1178 4183 τῆς
1221 4114 1409 4177 οὐσίας
1444 4113 1612 4168 αὐτοῦ
1642 4114 1852 4182 προῖόν.
1894 4131 1913 4163 1

352 4206 473 4258 Ἔτι
504 4200 620 4270 οὖν,
655 4222 675 4256 1
727 4204 822 4258 Ἐκ
870 4205 968 4278 τῇς
1002 4205 1187 4268 οὐσίας
1239 4204 1336 4258 τοῦ
1391 4204 1518 4257 Υίοῦ
1566 4205 1627 4258 16
1673 4204 1917 4272 Πνεῦμα,

347 4298 569 4367 ποιότης
608 4315 711 4360 τις,
749 4297 815 4349 ἵν’
855 4296 1031 4359 οὕτως
1084 4296 1355 4366 εἴπωμεν,
1386 4296 1633 4364 ὑπάρχον
1683 4295 1778 4347 106
1825 4312 1919 4347 xu-

275 4410 279 4414 ·
352 4389 620 4455 ριεύοντος
656 4388 912 4441 ἁπάντων
958 4386 1116 4439 Θεοῦ.
1160 4386 1224 4439 El
1279 4386 1332 4438 δὲ-
1379 4384 1558 4443 τοῦτο,
1611 4386 1741 4447 Θεὸς
1783 4387 1913 4454 ἄρα,

2019 3242 2039 3274 1
2087 3220 2375 3277 Credimus
2410 3233 2563 3279 ergo,
2591 3234 2608 3266 1
2651 3233 2669 3266 1
2698 3212 2760 3265 Et
2806 3214 2979 3267 solum
3030 3211 3289 3282 Spiritum
3333 3220 3582 3266 sanetum

2014 3311 2395 3383 procedentem
2445 3324 2507 3361 ex
2564 3306 2802 3361 essentia
2841 3304 3016 3358 Patris
3062 3319 3167 3358 non
3205 3304 3585 3373 genitum,sed

2013 3399 2423 3470 procedentem.
2466 3415 2484 3448 1
2534 3394 2649 3449 Hoc
2693 3410 2912 3463 quoque
2946 3395 3222 3447 maximus
3258 3395 3590 3449 Athanasius

2017 3490 2257 3545 insinuat
2300 3504 2314 3541 :
2347 3506 2363 3538 1
2408 3485 2484 3539 Ex
2524 3489 2760 3541 essentia
2792 3484 2975 3539 Patris
3005 3484 3241 3549 Spiritus
3276 3493 3522 3539 sam-tus.
3564 3503 3583 3534 1

2016 3579 2127 3633 Nec
2160 3593 2265 3631 non
2295 3587 2349 3631 et
2385 3578 2602 3631 divinus
2632 3571 2906 3643 Cyrillns:
2950 3594 2985 3625 ιλ
3010 3575 3083 3627 E1
3115 3572 3357 3627 essentia
3390 3571 3534 3626 Filii.
3563 3590 3583 3624 1

2017 3665 2205 3733 Capite
2226 3663 2507 3716 tricesimo
2528 3670 2722 3731 quarto
2760 3660 3144 3714 Tltrsaurorum
3168 3660 3384 3730 inquit:
3413 3678 3432 3711 1
3470 3658 3586 3714 Non

2018 3758 2072 3810 in
2106 3756 2321 3826 propria
2359 3756 2662 3814 voluntate,
2703 3763 2795 3806 aut
2827 3755 3005 3807 alieno
3071 3768 3100 3807 α
3164 3752 3442 3808 voluntate
3472 3754 3590 3821 ejus

2017 3848 2273 3909 consilio,
2332 3848 2385 3900 in
2460 3863 2587 3914 quo,
2633 3855 2689 3899 et
2736 3860 2799 3899 οι
2825 3861 2934 3913 quo
2967 3854 3073 3909 est,
3113 3846 3460 3903 conﬁtentes.
3491 3847 3587 3898 sed

2019 3940 2186 3994 veluti
2220 3954 2285 3993 ex
2323 3940 2565 3991 essentia
2595 3938 2715 4003 ejus
2747 3951 3037 3990 emanans.
3074 3955 3093 3985 1
3141 3933 3296 3997 Item,
3340 3952 3359 3985 1
3401 3933 3476 3987 Ex
3508 3953 3595 3988 νεα

2019 4031 2192 4086 sentia
2220 4028 2341 4095 Fidi
2377 4028 2649 4097 Spiritus,
2684 4037 2739 4081 et
2764 4028 2923 4095 quasi
2960 4025 3200 4095 qualitas
3230 4025 3505 4095 qumdam,
3532 4035 3592 4078 ut
3648 4078 3655 4087 κ

2021 4126 2097 4178 ita
2139 4120 2413 4179 dicamus.
2466 4129 2572 4184 est,
2613 4118 2951 4172 dominantis
3000 4117 3244 4170 omnium
3285 4116 3397 4170 Dei.
3451 4114 3507 4169 ld
3544 4120 3590 4171 si

2021 4223 2128 4278 est,
2170 4214 2318 4267 Deus
2345 4211 2514 4278 igitur
2543 4217 2649 4275 est,
2680 4217 2734 4262 et
2776 4224 2883 4263 non
2920 4214 3233 4277 generatus,
3264 4222 3365 4262 nee
3391 4206 3592 4275 factus,

2019 4300 2478 4373 quemadmodum
2533 4301 2781 4369 improbe
2825 4300 3175 4369 opinantibus
3221 4299 3526 4353 videbatur.
3568 4317 3588 4351 1

2024 4398 2093 4452 Et
2128 4410 2363 4450 rursus:
2410 4413 2428 4445 1
2493 4394 2551 4448 In
2607 4393 2916 4461 Etaugeliis
2965 4393 3215 4446 Salvator
3268 4394 3334 4447 de
3379 4407 3438 4447 se
3474 4392 3593 4462 ipso

351 4481 445 4531 καὶ
475 4481 535 4532 οὐ
569 4481 850 4548 γεννητὸν,
884 4480 916 4546 ἦ
964 4495 1208 4543 κτιστον,
1236 4482 1431 4547 ὡσπερ
1463 4481 1574 4543 τοῖς
1609 4478 1909 4542 κακοδοξοις

2026 4486 2197 4565 dicit:
2236 4483 2349 4553 Ego
2387 4501 2503 4537 sum
2545 4482 2774 4537 Veritas.
2804 4481 2866 4535 Et
2911 4483 3104 4536 beatus
3134 4480 3376 4536 Joannes
3404 4489 3593 4535 ostru-

350 4572 546 4624 ἐδόκει.
591 4590 609 4622 1
654 4572 763 4624 Kal.
797 4570 980 4637 πάλιν,
1022 4591 1042 4622 1
1092 4569 1183 4622 Ἑν
1213 4574 1322 4629 τοῖς
1369 4569 1723 4637 Εὐαγγελίοι;
1749 4571 1779 4621 6
1811 4571 1925 4623 Σω-

346 4664 455 4730 τήρ
489 4660 592 4713 πού
627 4679 762 4729 φησι
818 4664 948 4732 περὶ
995 4662 1217 4715 ἑαυτοῦ*
1264 4659 1414 4731 Ἐγώ
1440 4665 1559 4729 εἰμι
1582 4662 1619 4728 ἡ
1647 4662 1918 4729 ἀλήθεια.

364 4754 422 4805 '0
452 4753 508 4805 δέ
543 4771 604 4819 γε
632 4754 821 4823 μακάρ
847 4771 905 4818 ος
945 4755 1198 4821 Ἰωάννης
1241 4754 1303 4805 ἐκ
1348 4770 1406 4805 τε
1448 4754 1548 4821 τῆς
1599 4755 1789 4816 οὐσίας
1826 4752 1921 4805 τοῦ

351 4848 557 4915 Πατρδς
586 4850 683 4899 καὶ
712 4846 806 4899 τοῦ
850 4846 985 4898 Υἱοΰ
1032 4847 1094 4899 16
1145 4846 1366 4912 Πνεῦμα
1406 4846 1694 4909 δεικνύων,
1734 4849 1791 4898 ἐν
1823 4847 1923 4916 μὲν

352 4941 462 4998 τοῖς
495 4937 847 5009 Εὐαγγελίοις
870 4938 1035 5009 φησί’
1074 4938 1145 4991 Τὸ
1162 4938 1404 5008 Πνεῦμα
1418 4938 1530 5006 τῆς
1551 4939 1860 5006 cunilam}.
1897 4956 1916 4989 1

350 5030 448 5082 Ἐκ
476 5031 574 5098 τῆς
603 5032 793 5093 οὐσίας
820 5026 913 5084 οὖν
946 5032 1156 5102 Πατρὸς
1184 5032 1283 5084 καὶ
1306 5032 1335 5083 ἴ
1354 5031 1437 5085 ἰοῦ
1475 5030 1621 5100 παρὰ
1639 5031 1750 5083 τῶν
1776 5031 1923 5085 διδα-

348 5120 567 5174 σκάλων
604 5121 988 5190 ὁμολογεῖται·
1025 5124 1119 5175 καὶ
1144 5123 1203 5175 οὐ
1231 5122 1464 5193 λέγομεν
1486 5123 1921 5192 διακεκριμένην

336 5215 443 5284 ’τὴν
467 5216 617 5268 θείαν
647 5216 836 5269 οὐσίαν
867 5218 930 5267 ἐκ
962 5216 1070 5269 τῶν
1098 5215 1258 5269 Θείων
1292 5218 1625 5286 προσώπων,
1649 5214 1785 5270 ἀλλὰ
1810 5214 1920 5267 πᾶν

348 5311 490 5361 [λεῖον
521 5309 815 5377 πρόσωπον
868 5309 997 5379 ὃλην
1047 5309 1145 5378 τὴν
1189 5310 1385 5362 οὐσίαν
1428 5310 1485 5362 ὲν
1535 5309 1716 5375 ἐαυτῷ
1747 5306 1917 5375 ἔχειν.

358 5405 521 5455 ὐταν
571 5398 665 5455 οὖν
703 5402 955 5472 λέγωμεν
1014 5403 1207 5454 οὐσίαν
1255 5401 1393 5469 μετὰ
1436 5400 1531 5453 τοῦ
1584 5399 1920 5469 ἀναφορικοῦ

347 5498 635 5564 ὀνόματος,
675 5496 736 5547 16
782 5496 964 5549 κοινὸν
1007 5496 1144 5563 μετὰ
1186 5494 1283 5546 τοῦ
1322 5494 1618 5556 ἰδιάζον-τος
1660 5494 1920 5561 λέγομεν,

348 5590 423 5651 ὡς
484 5589 562 5653 τῷ
618 5587 749 5657 ίερῷ
809 5586 1157 5655 Δαμασκηνῷ
1192 5586 1375 5649 δοκεῖ,
1430 5586 1522 5637 καὶ
1552 5591 1663 5647 τοῖς
1712 5585 1921 5647 λοιποῖς

350 5681 548 5744 ἁγίοις,
585 5680 678 5730 καὶ
724 5678 801 5748 τῷ
834 5678 961 5747 Θείῳ
994 5679 1254 5748 Μαξίμῳ.
1293 5676 1445 5731 Μετὰ
1479 5676 1768 5746 ’Δνομοίαυ
1813 5677 1921 5746 γὰρ

352 5766 506 5833 οὗτος
552 5771 928 5841 διαλεγόμενός
980 5790 1137 5842 φησι,
1181 5771 1274 5824 τοῦ
1329 5772 1609 5841 ’Λνομοίου
1646 5770 1919 5839 λέγοντος,

2027 4575 2163 4645 deus
2189 4573 2453 4644 Spiritmu
2498 4589 2563 4627 ex
2612 4575 2849 4627 essentia
2909 4572 3085 4625 Patris
3115 4578 3171 4623 et.
3225 4570 3347 4624 Filii
3386 4585 3507 4625 esse
3539 4573 3592 4622 in

2028 4664 2337 4736 Evangeliis
2367 4662 2626 4732 Spiritum
2661 4663 2901 4717 veritatis
2950 4661 3207 4730 appellat.
3247 4678 3265 4711 1
3302 4658 3380 4713 Ex
3406 4674 3597 4713 essen-

2028 4758 2100 4810 tia
2155 4758 2337 4823 itaque
2398 4754 2579 4809 Patris
2632 4766 2685 4808 et
2718 4753 2838 4806 Filii
2870 4768 2897 4804 a
2926 4752 3253 4806 doctoribus
3282 4751 3548 4804 asseritur
3578 4768 3591 4811 ;

2024 4865 2203 4919 neque
2248 4864 2350 4903 nos
2405 4848 2641 4901 divinam
2693 4843 2993 4899 essentiam
3036 4859 3063 4896 a
3097 4842 3301 4897 divinis
3344 4840 3595 4912 personis

2025 4943 2291 5012 disjungi,
2338 4944 2434 4995 sed
2492 4939 2731 4992 di1ittam
2756 4950 3032 5006 quamque
3057 4947 3345 5004 personam
3380 4936 3597 4989 univers-

2024 5052 2143 5090 sam
2197 5034 2492 5090 essentiam
2540 5031 2596 5084 in
2656 5029 2950 5097 semetipsa
3011 5026 3300 5083 continere
3336 5028 3593 5081 dicimus.

2024 5128 2159 5183 Cum
2199 5127 2386 5194 itaque
2410 5124 2648 5178 dicimus
2672 5121 2970 5176 essentiam
3001 5135 3126 5174 cum
3159 5119 3382 5174 nomine
3412 5120 3596 5171 relati-

2022 5233 2113 5282 vo,
2147 5230 2438 5272 commune
2469 5230 2591 5270 cum
2622 5214 2846 5283 proprio
2874 5212 3132 5275 dicimus,
3162 5220 3223 5265 ut
3254 5217 3447 5264 sancto
3481 5209 3597 5276 pla-

2025 5317 2112 5363 cet
2148 5305 2491 5359 Damasceuo
2528 5313 2581 5357 et
2611 5304 2820 5357 sanctis
2850 5302 2995 5365 aliis,
3031 5308 3147 5354 tum
3187 5307 3445 5367 prmterea
3471 5310 3597 5349 san-

2022 5410 2113 5454 eto
2155 5399 2410 5452 Maximo.
2460 5395 2555 5451 Hic
2603 5397 2746 5449 enim
2805 5408 2927 5446 eum
2967 5395 3236 5445 Anomceo
3266 5388 3594 5453 edissereus,

2024 5509 2146 5549 cum
2201 5492 2291 5547 ille
2353 5492 2605 5551 dixisset,
2665 5508 2693 5540 ι-
2743 5489 2899 5542 Aliud
2944 5485 3203 5544 essentia.
3243 5482 3466 5536 etaliml
3500 5482 3597 5552 by-

2024 5587 2306 5655 postasis;
2358 5605 2376 5636 1
2435 5602 2452 5634 1
2493 5583 2674 5646 Aliud,
2735 5580 2869 5634 dixit
2929 5585 3173 5640 sanctus,
3200 5584 3251 5628 et
3285 5573 3453 5635 aliud,
3489 5591 3596 5627 non

2027 5679 2106 5732 uti
2151 5692 2260 5731 res.
2324 5694 2343 5726 1
2389 5675 2496 5730 Sed
2556 5675 2719 5727 l‘ater
2766 5670 3029 5738 Spiritum
3069 5667 3343 5735 producit,
3387 5681 3493 5718 non
3526 5667 3597 5720 ab

2027 5773 2132 5826 alio
2160 5768 2476 5840 accipiens;
2515 5768 2627 5838 ipse
2673 5766 2816 5817 enim
2868 5769 2950 5814 est
3008 5760 3126 5815 sola
3165 5773 3330 5813 causa
3361 5768 3409 5811 et
3443 5758 3596 5825 [H'lllr
