3998 6464
449 240 554 304 ΞΠ
603 267 608 270 ·
1161 240 1388 304 GREG.
1437 239 1740 310 ΜΛΜΜᾹΞ
1778 244 1890 310 CP.
1934 247 2030 309 PA‘

2136 297 2148 310 .
2190 248 2287 307 AD
2331 247 2484 310 1MP.
2528 243 3006 310 TRAPEZUNT.
3625 247 3748 312 238

437 359 682 427 cipium.
729 359 913 432 Neque
981 363 1144 420 enim.
1183 381 1354 423 causa
1400 370 1507 426 alia
1555 373 2029 445 prminteiiigitur,

2145 395 2162 428 t
2186 375 2537 428 Ἀλλοοῦσὶα
2563 377 2658 427 καὶ
2685 373 2816 430 ἄλλο
2847 373 3164 432 ὑπόστασις,
3197 388 3214 420 ι
3249 390 3266 420 ι
3304 369 3486 432 Ἄλλο,
3517 369 3746 439 ἔφησεν

453 465 632 522 neque
658 453 986 525 principium
1016 471 1032 524 ;
1067 463 1122 513 at
1153 453 1325 516 Filius
1355 478 1466 518 non
1493 479 1522 518 a
1553 466 1739 537 seipso
1764 466 2028 538 Spiritum

2135 471 2160 523 6
2185 466 2360 534 Ξγιος,
2396 463 2550 519 εἷπον
2595 466 2692 520 καὶ
2735 464 2887 530 ἄλλο,
2928 465 3027 532 οὐχ
3054 464 3130 526 ὡς
3177 463 3434 534 πρᾶγμα.
3463 481 3482 514 ι
3513 462 3678 515 Ἀλλ’
3714 465 3744 514 6

452 541 637 608 habet,
661 544 758 600 sed
789 560 819 601 α
849 543 1010 603 Patre
1030 589 1044 610 ,
1087 547 1250 607 siculi
1305 552 1468 611 divus
1495 555 1734 628 Cyrillus
1769 560 1822 614 iu
1856 561 2026 614 inter-

449 636 808 703 pretationem
837 633 1019 697 illius:
1052 641 1122 697 Et
1146 645 1256 713 ipse
1289 647 1481 719 rogabo
1509 647 1751 716 Patrem,
1781 663 1831 706 et
1862 653 2031 708 otium

448 725 812 793 Paracietum,
851 729 968 785 ait:
1012 749 1032 785 ι
1072 731 1165 790 Dei
1195 735 1344 791 enim
1379 744 1436 793 et
1467 733 1654 796 Patris
1685 741 2025 797 naturalium

449 817 718 874 bonorum
745 817 923 878 Filius
949 823 1231 896 particeps
1261 840 1385 898 cum
1419 829 1513 894 sit,
1546 829 1717 888 habet
1750 830 2022 903 Spiritum

446 913 754 967 secundum
777 913 930 970 illum
957 917 1214 974 eumdem
1245 920 1495 987 modum,
1524 925 1834 984 secundum
1865 943 2027 996 quem

448 1003 777 1076 intelligitur
812 1005 976 1062 Pater
1030 1008 1263 1070 habere.
1318 1030 1336 1060 ι
1386 1011 1524 1070 Tum
1575 1018 1796 1073 modum
1848 1021 2028 1090 expri-

448 1111 608 1154 mens
629 1099 883 1171 cxempio
903 1101 972 1156 ab
994 1102 1217 1160 homine
1241 1103 1540 1178 desumpto
1557 1125 1724 1181 quam
1741 1113 2029 1182 aptissimo

447 1189 550 1257 rei,
579 1190 648 1246 de
678 1207 784 1263 qua
821 1209 1009 1251 sermo
1039 1205 1144 1262 est,
1177 1209 1342 1270 atque
1370 1201 1576 1258 indicio
1606 1189 1822 1260 subdit:
1860 1223 1878 1256 ι
1917 1205 2024 1260 Sed

447 1281 911 1350 quemadmodum
978 1289 1365 1362 unusquisque
1451 1301 1700 1348 nostrum
1769 1296 2026 1364 spiritum

449 1373 737 1443 proprium
771 1373 830 1430 in
851 1379 1152 1450 semetipso
1179 1383 1450 1446 continet,
1483 1394 1534 1438 et
1569 1400 1633 1440 es
1658 1385 1871 1442 intimis
1893 1404 2028 1458 prae-

449 1463 662 1518 cordiis
704 1465 768 1520 ad
819 1469 1098 1526 exteriora
1144 1474 1370 1528 emittit.
1429 1472 1660 1544 Propter
1702 1477 1756 1532 id
1793 1481 1940 1536 enim
1973 1489 2028 1534 et

451 1569 719 1626 corporeo
777 1558 932 1615 illum
991 1558 1252 1618 Christus
1298 1561 1635 1632 itisuiiiavit,
1694 1568 2026 1634 ostendens,

451 1649 913 1716 quemadmodum
952 1666 1018 1708 es
1055 1667 1152 1711 ore
1182 1654 1418 1712 hominis
1448 1658 1729 1727 egreditur
1796 1661 2028 1728 spiritus

452 1753 740 1810 corporee,
794 1743 910 1812 pari
956 1743 1122 1802 modo
1150 1758 1216 1800 es
1246 1744 1430 1800 divina
1461 1748 1726 1809 essentia.
1764 1758 1822 1804 ut
1857 1749 2025 1806 Deum

452 1829 629 1898 decet,
691 1831 1034 1900 eii'unditur,
1084 1836 1182 1906 qui
1238 1851 1303 1891 es
1353 1836 1469 1908 ipsa
1511 1848 1618 1896 est.
1663 1859 1683 1894 ι
1721 1839 1843 1898 Jam
1880 1843 2027 1900 enim

452 1923 589 1979 satis
645 1933 898 1996 patenter
948 1934 1003 1982 et
1049 1927 1278 1984 modum
1327 1930 1579 1998 tradidit,
1606 1947 1719 2001 quo
1755 1931 2026 2002 Spiritum

453 2013 629 2074 Filius
683 2017 893 2075 habet:
929 2034 1038 2076 non
1094 2021 1206 2078 alio
1244 2021 1478 2088 scilicet.
1529 2039 1692 2094 quam
1731 2041 1838 2094 quo
1873 2026 2025 2081 illum

449 2106 611 2166 Pater
637 2109 802 2166 habet
824 2150 840 2166 .
873 2111 981 2168 Sed
1014 2112 1104 2168 hic
1128 2113 1352 2184 quidem
1385 2129 1496 2170 non
1536 2129 1568 2168 a
1608 2116 1818 2186 seipse,
1868 2117 1962 2173 sed
1998 2131 2027 2170 a

450 2199 648 2274 Patre,
682 2201 845 2259 Pater
877 2212 1062 2262 autem
1089 2220 1198 2261 non
1226 2205 1296 2261 ab
1331 2205 1440 2262 alio
1460 2245 1477 2271 ,
1514 2207 1609 2263 sed
1639 2223 1670 2263 a
1700 2209 1904 2277 seipco.
1933 2208 2028 2265 llis

453 2290 762 2347 conformis
791 2301 1021 2353 sanctus
1052 2310 1279 2367 quoque
1306 2296 1656 2366 Augustinus
1675 2297 1808 2354 dicit
1833 2314 2029 2354 secun-

446 2383 525 2440 iio
575 2383 645 2442 de
703 2381 974 2442 Trinitate
1027 2389 1208 2453 libro,
1269 2390 1450 2460 capite
1508 2399 1706 2447 octavo
1764 2395 1870 2456 (est
1904 2392 2026 2447 libri

451 2491 506 2530 tv
529 2490 654 2546 cap.
687 2476 778 2548 20)
805 2497 821 2534 ι
854 2499 884 2527 α
913 2476 1026 2534 Nec
1044 2492 1343 2549 possumus
1373 2481 1582 2546 dicere,
1613 2484 1756 2552 quod
1789 2482 2028 2552 Spiritus

452 2577 680 2623 sanctus
709 2576 765 2624 et
795 2583 825 2623 a
850 2568 994 2626 Filio
1040 2587 1149 2628 non
1187 2572 1468 2641 procedat.
1504 2571 1690 2638 Neque
1731 2573 1880 2628 enim
1913 2575 2026 2630 fru-

453 2669 569 2714 stra
605 2658 745 2716 idem
781 2659 1027 2730 Spiritus
1069 2671 1125 2719 et
1159 2661 1338 2720 Patris
1371 2673 1423 2717 et
1451 2662 1574 2720 Filii
1610 2663 1851 2734 Spiritus
1892 2667 2026 2722 dici-

453 2762 566 2807 tur.
585 2749 696 2809 Nec
728 2754 908 2821 video,
929 2755 1076 2824 quod
1103 2755 1249 2810 aliud
1281 2755 1592 2826 signiﬁcare
1616 2755 1869 2819 voluerit,
1897 2771 2023 2812 cum

453 2843 679 2900 sufﬂans
718 2842 774 2900 itt
823 2844 1018 2902 faciem
1053 2846 1458 2918 discipulorum
1489 2847 1564 2902 ait
1595 2862 1609 2900 :
1642 2846 1874 2916 Accipite
1906 2845 2028 2917 Spi-

450 2935 614 2989 ritum
646 2945 914 2996 sanctum.
949 2936 1132 3010 Neque
1176 2940 1323 2994 enim
1360 2936 1575 2994 ciiiatus
1609 2937 1703 2993 ille
1727 2952 2027 3008 corporeus

451 3043 574 3082 cum
605 3045 769 3086 sensu
799 3032 1166 3100 corporaliter
1193 3030 1451 3100 tangendi
1477 3029 1781 3100 procedens
1808 3044 1873 3086 ex
1905 3043 2028 3083 cor-

452 3137 582 3190 pore
605 3121 915 3179 substantia
935 3121 1178 3192 Spiritus
1196 3121 1375 3178 sanrti
1401 3123 1508 3176 fuit
1528 3138 1543 3188 ;
1563 3121 1657 3176 sed
1680 3122 2026 3175 demonstra-

453 3213 528 3267 tio
593 3228 690 3284 per
731 3228 1035 3282 congruam
1093 3215 1580 3284 signiﬁcationem,
1615 3227 1724 3267 nou
1757 3218 1966 3266 tantum
1997 3225 2027 3265 a

451 3301 632 3368 Patre,
665 3305 759 3359 sed
785 3316 885 3359 eta
917 3303 1054 3360 Filio
1074 3305 1372 3376 procedi-re
1397 3302 1664 3373 Spiritum
1687 3311 1963 3358 sanctum.
2007 3320 2025 3354 ι

2134 553 2234 623 μὶν
2266 556 2456 626 Πατὴρ
2480 555 2597 625 [χει
2624 555 2683 609 1:6
2718 555 2945 626 Πνεῦμα
2985 556 3044 609 s6
3081 554 3238 623 ἆγιον
3277 553 3637 624 προϐάλλων,
3668 556 3738 607 ερῦ
3765 622 3776 632 ἢ

2131 646 2261 716 παρ’
2281 647 2441 702 ἄλλου
2465 645 2682 700 λαϐὼν·
2717 647 2879 710 αὐτὸς
2911 648 3022 716 γάρ
3045 648 3164 700 ἐστι
3193 649 3290 703 καὶ
3325 646 3486 717 μόνος
3519 643 3746 705 utnec."

2129 740 2228 794 καὶ
2277 741 2414 810 μόνη
2466 741 2648 811 ἀρχή·
2683 739 2746 793 οὐ
2794 739 2905 810 γὰρ
2957 738 3070 809 εχει
3103 738 3613 809 προεπινοοῦμενον
3635 741 3726 792 ατο

2128 845 2263 895 τιον,
2310 830 2431 884 οὐδε
2471 829 2979 902 προεπινοουμένην
3019 828 3197 899 ἀρχήν
3228 843 3241 856 ·
3280 827 3309 879 6
3361 826 3418 880 δὲ
3473 825 3610 887 Υίὺς
3661 826 3734 877 οὐ

2130 923 2263 991 παρ’
2292 920 2491 975 ἑαυτοῦ
2529 922 2593 976 τὸ
2646 919 2871 990 Πνεῦμα
2909 920 3052 989 ἔχει,
3077 916 3197 971 ἁλλ’
3235 919 3300 970 ικ
3323 915 3419 970 τοῦ
3471 918 3730 986 Πατρις,

2128 1016 2314 1080 καθὼς
2352 1019 2450 1073 καὶ
2488 1019 2517 1070 6
2553 1017 2839 1078 θεσπέσιος
2896 1012 3166 1083 Κύριλλος
3225 1014 3285 1066 εν
3343 1013 3411 1082 τῇ
3443 1010 3730 1080 ἑρμηνεία

2127 1111 2196 1180 τῇ
2231 1111 2311 1170 είς
2341 1109 2426 1175 τὸ,
2459 1108 2633 1179 Κάγὼ
2666 1107 2948 1177 ἐρωτήσω
2971 1105 3079 1159 τὸν
3112 1104 3366 1171 Πατέρα,
3397 1102 3493 1155 καί
3517 1101 3729 1155 ἄλλον

2132 1201 2552 1271 Πσράκληων,
2579 1201 2735 1270 φησι·
2759 1219 2778 1253 t
2806 1201 2928 1254 Τῶν
2955 1200 3066 1268 γὰρ
3087 1197 3182 1252 τοῦ
3203 1196 3340 1250 Θεοῦ
3364 1195 3460 1249 καὶ
3497 1195 3724 1263 Πατρὶς

2129 1295 2381 1364 φυσικῶν
2417 1294 2639 1362 ἀγαθῶν
2688 1292 2965 1354 οὖσιωδῶς
2996 1291 3262 1360 ὑπάρχων
3293 1287 3322 1340 6
3355 1287 3486 1350 Υίδς
3518 1303 3722 1340 κοινω-

2129 1387 2237 1450 νὸς,
2271 1387 2382 1456 ἔχει
2415 1387 2475 1439 τδ
2527 1385 2754 1452 Πνεῦμα
2805 1383 2949 1436 κατὰ
2979 1381 3173 1437 τοῦτον
3211 1381 3304 1435 τδν
3338 1379 3546 1450 τρόπον
3591 1379 3721 1430 καθ’

2127 1480 2298 1549 ὅνπερ
2327 1478 2393 1532 ἂν
2419 1481 2592 1532 νοοῖτο
2633 1479 2729 1530 καὶ
2756 1477 2784 1529 6
2829 1477 3043 1545 Πατήρ.
3089 1495 3108 1528 s
3147 1469 3281 1528 Εἶτα
3316 1473 3411 1527 καὶ
3459 1474 3554 1526 τὶν
3583 1472 3716 1540 τρό-

2131 1587 2233 1624 πον
2269 1571 2549 1639 ἐπιφαίνων
2604 1569 2695 1622 διά
2745 1585 2806 1621 τε
2853 1567 3304 1636 παραδείγματος
3359 1563 3718 1635 ἀνθρωπίνου

2131 1661 2225 1715 καὶ
2279 1663 2508 1732 σημείου
2567 1659 2910 1715 οἰκειοτάτου
2970 1658 3048 1725 τῷ
3097 1656 3431 1727 πράγματι.
3495 1654 3666 1724 φησίν
3700 1670 3718 1684 ·

2062 1720 2102 1780 Β
2135 1771 2156 1804 ε
2207 1720 2367 1806 an"
2399 1751 2590 1823 ὥσπερ
2634 1751 2794 1823 ἡμῶν
2830 1720 3069 1814 ἕκαστος
3120 1720 3182 1802 τὸ
3227 1720 3370 1802 Ἶίδιον
3427 1720 3722 1814 ἔν-ἑαυτῷ

2133 1843 2352 1915 πνεῦμα
2381 1843 2621 1914 συνέχει,
2659 1843 2759 1896 καὶ
2803 1844 2866 1897 lx
2916 1841 3024 1894 τῶν
3055 1837 3354 1893 ινδοτάτων
3385 1835 3719 1904 σπλάγχνων

2130 1937 2216 1996 είς
2245 1935 2306 1989 τδ
2338 1935 2442 2000 ἔξω
2475 1933 2723 2006 προχέει.
2758 1933 2860 1986 Διὰ
2897 1933 3007 2004 γάρ
3041 1948 3126 1985 τοι
3149 1929 3309 1983 τοῦτο
3336 1928 3434 1982 καὶ
3469 1942 3719 1995 σωματιο

2133 2027 2248 2089 κῶς
2283 2027 2415 2081 αὐτὸ
2442 2027 2783 2096 ἐνεφύσησεν
2817 2026 2845 2078 6
2891 2024 3151 2095 Χριστὸς,
3202 2020 3447 2082 δεικνὺς,
3474 2019 3558 2072 ὅτι
3608 2035 3716 2069 κιο

2134 2116 2314 2186 θάπερ
2363 2117 2427 2168 ἐκ
2473 2114 2569 2169 τοῦ
2624 2115 2892 2184 στόματος
2937 2111 3034 2165 τιιῦ
3088 2109 3436 2181 ἀνθρωπείου
3489 2109 3716 2175 πρὸεισι

2136 2210 2199 2262 τὸ
2235 2207 2452 2278 πνεῦμα
2499 2207 2853 2278 σωματικῶς,
2889 2203 3034 2258 οὕτω
3059 2204 3156 2258 καὶ
3185 2204 3248 2256 ἐκ
3282 2203 3381 2272 τῆς
3411 2201 3567 2261 Beia;
3613 2199 3712 2251 06-

2132 2302 2253 2364 σίας
2278 2298 2603 2371 θεοπρεπῶς
2633 2301 2920 2369 προχεῖται
2951 2296 3010 2350 τδ
3041 2295 3101 2361 ἐξ
3124 2295 3315 2363 αὐτῆς.
3358 2311 3379 2344 ι
3427 2292 3571 2360 ’Πδη
3604 2290 3671 2357 γε)
3681 2308 3716 2358 ρ

2132 2393 2323 2461 σαφῶς
2353 2392 2449 2445 καὶ
2485 2390 2583 2444 τὸν
2616 2391 2819 2460 τρόπον
2853 2389 3132 2453 ἀπέδωκε,
3171 2385 3295 2440 καθ’
3330 2383 3394 2437 δν
3429 2383 3492 2435 τὸ
3537 2380 3718 2434 Πντῦο

2133 2501 2210 2555 μα
2264 2483 2376 2555 ἔχει
2405 2484 2433 2536 6
2469 2483 2620 2546 Υίδς,
2668 2482 2768 2534 οὐκ
2796 2479 2957 2535 ἄλλον
2997 2477 3247 2550 δηλονότι
3287 2475 3322 2546 ἦ
3356 2473 3484 2527 καθ’
3507 2472 3570 2526 δν
3597 2470 3714 2540 ἔχει

2128 2579 2289 2630 τοῦτο
2327 2576 2356 2628 6
2392 2576 2604 2645 Πατήρ.
2650 2573 2796 2629 Ἀλλ’
2827 2576 2856 2627 6
2905 2572 3004 2644 μὲν
3041 2573 3142 2626 οὐκ
3187 2570 3283 2639 ἀφ’
3327 2565 3546 2631 ἑαυτοῦ,
3595 2565 3713 2618 ἁλλ’

2130 2669 2193 2720 ὲκ
2247 2665 2342 2720 τοῦ
2393 2666 2646 2734 Πατρόςο
2683 2667 2712 2720 6
2757 2666 2813 2720 δὲ
2850 2664 3039 2736 Πατὴρ
3091 2664 3152 2718 οὗ
3200 2661 3332 2733 παρ’
3367 2659 3554 2724 ἄλλου,
3593 2657 3712 2712 ἁλλ’

2131 2759 2226 2828 ἀφ’
2256 2758 2480 2815 ἑαυτοῦ.
2509 2759 2731 2830 Συνῳδὰ
2763 2759 2939 2829 τούτῳ
2973 2759 3069 2812 καὶ
3105 2759 3132 2810 ὁ
3159 2757 3304 2817 θεῖος
3343 2752 3710 2820 Αὐγουστῖνος

2132 2852 2436 2920 φθέγγεται
2481 2853 2538 2904 ὲν
2593 2851 2670 2922 τῷ
2716 2851 2850 2921 περὶ
2880 2849 3115 2920 Τριάδος
3157 2846 3350 2920 βιϐλίῳ
3381 2847 3626 2914 δευτέρῳ
3655 2846 3711 2894 ἐν

2131 2943 2417 3011 κεφαλαίῳ
2457 2941 2650 3012 ὀγδόῳ,
2706 2943 2933 3011 φάσκων
2959 2957 2974 2974 ·
3009 2959 3032 2991 ο
3068 2939 3148 2997 06
3195 2938 3381 3010 μέντοι
3425 2935 3710 3003 δυνάμεθα

2121 3033 2336 3100 λέγειν,
2359 3034 2442 3088 ὅτι
2490 3034 2551 3087 τὸ
2616 3035 2840 3104 Πνεῦμα
2895 3035 2957 3088 τὸ
3007 3035 3168 3103 ἅγιον
3213 3031 3337 3101 οὐχὶ
3387 3027 3485 3082 καὶ
3519 3031 3583 3082 ἐκ
3614 3024 3706 3078 τοῦ

2135 3124 2268 3179 Υἰοῦ
2297 3127 2678 3199 ἐκπορεύεται.
2711 3126 2846 3182 Οὐδὲ
2901 3127 3008 3197 γὰρ
3039 3125 3217 3196 μάτην
3247 3123 3381 3178 αὐτὸ
3422 3120 3485 3173 τὺ
3533 3117 3711 3172 Πνεῦ-

2141 3233 2218 3286 μα
2253 3217 2470 3288 Πατρδς
2504 3219 2600 3272 καὶ
2629 3217 2761 3274 Υίοῦ
2804 3219 3046 3287 λέγεται.
3079 3214 3221 3271 Οὔτε
3253 3213 3360 3284 μὴν
3391 3208 3713 3281 συνορῶμεν

2140 3307 2194 3359 τί
2224 3325 2354 3362 ποτε
2383 3310 2571 3382 ἕτερον
2606 3312 2854 3381 σημᾶναι
2879 3308 3166 3380 ἠϐούλετο,
3205 3306 3366 3376 ἡνίκα
3387 3301 3710 3372 ἐμφυσήσεις

451 3395 533 3458 είς
584 3397 645 3450 τὸ
691 3397 983 3466 πρόσωπον
1031 3398 1139 3451 τῶν
1198 3395 1460 3467 μαθητῶν
1491 3435 1508 3460 ,
1568 3387 1714 3448 εἷπε·
1769 3394 1998 3450 Λάϐετε
2066 3397 2318 3468 Πνεῦμα
2375 3402 2571 3473 ἅγιον.
2640 3403 2779 3460 Οὑδὶ
2837 3403 2948 3473 γὰρ
3017 3401 3084 3454 τὸ
3145 3397 3456 3468 σωματικὸν
3535 3396 3713 3448 ἐκεῖνο

453 3488 765 3561 ἐμφύσημα
819 3489 1177 3559 συναισθήσει
1253 3487 1348 3541 τοῦ
1405 3485 1738 3557 σωματικῶς
1779 3485 2064 3554 θιγγάνειν
2107 3490 2299 3558 προῖδν
2367 3493 2431 3546 ἐκ
2459 3493 2551 3547 τοῦ
2601 3495 2874 3563 στόματος
2907 3493 2940 3561 ἢ
2970 3491 3127 3544 οὐσία
3147 3486 3240 3542 τοῦ
3274 3485 3430 3554 ἁγίου
3459 3483 3714 3550 Πνεῦμα-

451 3601 544 3647 τος
580 3577 672 3654 ἦν,
703 3580 821 3638 ἁλλ’
848 3581 1080 3648 ἔνδειξις
1117 3581 1206 3636 διὰ
1235 3580 1575 3654 καταλλήλου
1607 3579 1921 3650 δηλώσεως,
1959 3578 2034 3650 μὴ
2077 3580 2241 3649 μόνον
2292 3586 2357 3638 εκ
2407 3584 2502 3640 τοῦ
2556 3587 2792 3656 Πατρὸς,
2827 3583 2962 3638 ἁλλὰ
3001 3584 3096 3638 καὶ
3145 3582 3212 3634 ὲκ
3263 3579 3359 3632 τοῦ
3429 3573 3561 3629 Υἱοῦ
3619 3574 3708 3626 ὲκ-

457 3676 788 3746 πορεύεσθαι
823 3675 884 3728 τὸ
932 3674 1160 3746 Πνεῦμα
1197 3675 1260 3729 τὸ
1290 3675 1469 3744 ἁγιον.
1505 3694 1527 3728 ι
1572 3676 1576 3680 ’

529 3771 631 3827 21.
687 3770 753 3825 Et
807 3770 890 3828 sic
944 3785 1066 3836 nos,
1119 3771 1422 3826 orationem
1466 3767 1624 3824 facile
1672 3782 1735 3822 ac
1786 3773 2032 3837 prompte

447 3867 792 3938 digerentes,
834 3861 902 3918 ad
937 3861 1101 3918 tinem
1137 3860 1508 3930 pervenimus,
1544 3856 1786 3914 debitum
1821 3856 2030 3925 persol-

455 3967 662 4020 ventes,
688 3963 752 4012 ut
779 3963 938 4010 antea
973 3952 1185 4024 praefati
1213 3967 1429 4018 sumus,
1469 3966 1501 4006 a
1535 3949 1694 4006 nobis
1724 3949 1878 4005 hisce
1903 3962 2031 4018 pro-

461 4046 654 4118 positis
676 4045 1144 4108 demonstrantes,
1163 4048 1480 4098 nostrorum
1501 4055 1814 4096 sermonum
1837 4037 2029 4093 Patres

461 4147 712 4196 auctores
747 4137 947 4194 habere
981 4152 998 4190 :
1031 4143 1086 4191 et
1111 4135 1216 4190 hac
1240 4134 1454 4190 ratione
1492 4149 1594 4188 nos
1623 4133 1678 4186 in
1709 4141 1898 4188 nostro
1929 4144 2026 4197 pa-

459 4237 618 4285 terno
639 4227 690 4282 (ίι
712 4236 891 4296 gmate
915 4239 1284 4296 perseverare,
1309 4225 1475 4280 sicuti
1495 4239 1584 4288 ea,
1614 4238 1736 4292 quas
1764 4222 2026 4287 diximus,

459 4319 640 4391 palam
662 4318 872 4374 faciunt
900 4334 915 4371 :
941 4325 997 4372 et
1016 4315 1152 4372 nihil
1184 4316 1312 4370 novi
1340 4316 1393 4370 in
1425 4325 1672 4370 sanctam
1694 4315 1898 4371 Christi
1927 4315 2032 4371 Ec-

2210 3764 2321 3820 κα’.
2353 3764 2544 3820 Ταῦτα
2600 3765 2701 3835 μὲν
2763 3760 2858 3818 οὖν
2893 3763 2970 3826 ὡς
3023 3763 3082 3816 ιν
3124 3761 3402 3832 προχείρῳ
3431 3757 3712 3828 τὸνλόγον

2140 3859 2456 3930 βουλόμενοι
2514 3861 2780 3926 ποιῆσαι,
2833 3857 2933 3928 ἤδη
2981 3855 3079 3910 καὶ
3137 3857 3526 3924 πεποιήκαμεν
3575 3854 3710 3922 ἁφο-

2139 3950 2384 4014 σιοῦντες
2409 3952 2472 4005 τὸ
2498 3953 2681 4024 χρέος.
2742 3951 2822 4015 ὡς
2853 3949 2950 4005 καὶ
2982 3949 3286 4018 φθάσαντες
3335 3947 3565 4016 ἔφημεν,
3597 3946 3709 3998 δει-

2137 4042 2363 4104 κνύντες
2397 4040 2486 4095 διὰ
2529 4041 2641 4093 τῶν
2673 4039 3002 4111 είρημινων,
3033 4038 3106 4098 ὡς
3145 4037 3272 4100 τοὺς
3295 4037 3437 4088 Πατὲ
3448 4053 3548 4104 ρας
3579 4035 3713 4102 ἡγε-

2143 4134 2313 4202 μόνας
2348 4133 2458 4185 τῶν
2491 4131 2780 4202 ἡμετέρων
2815 4131 2991 4197 λόγων
3035 4130 3254 4198 ἔχομεν,
3290 4127 3382 4179 καλ⁴
3432 4125 3608 4187 οὕτως
3655 4127 3712 4177 ἐν

2140 4225 2218 4296 τῷ
2276 4226 2528 4295 ἡμετέρῳ
2575 4224 2654 4294 τῷ
2709 4223 2922 4294 πατρίῳ
2976 4221 3296 4290 ἐμμένομεν
3329 4221 3600 4290 δόγματι,
3636 4219 3712 4282 ὡς

2139 4315 2470 4383 διασαφοῦσι
2528 4317 2673 4387 μάλα
2721 4315 2944 4386 τρανῶς
2984 4315 3053 4368 τὰ
3092 4313 3384 4383 είρημένα.
3418 4313 3529 4366 Καὶ
3560 4310 3713 4363 οὐδὲν

461 4409 689 4468 ulesiatu
723 4423 834 4479 pra:
862 4409 948 4465 his
969 4424 1090 4478 qua:
1114 4423 1144 4464 a
1169 4409 1382 4465 sanctis
1401 4410 1610 4464 nostris
1629 4407 1906 4470 Patribus,
1929 4423 2028 4463 nec

2139 4409 2332 4463 καινὸν
2361 4409 2661 4480 είσήξαμεν
2715 4411 2798 4471 είς
2846 4406 2947 4477 τὴν
2984 4405 3080 4460 τοῦ
3113 4403 3351 4476 Χριστοῦ
3383 4403 3547 4472 ἁγίαν
3589 4403 3713 4456 Ἔκ-

465 4518 576 4559 non
601 4499 925 4580 doctoribus
955 4511 1009 4555 et
1059 4497 1326 4567 theologis
1351 4495 1657 4552 constituta
1693 4506 1823 4551 sunt
1855 4497 2030 4551 intro-

2136 4502 2371 4573 κλησίαν
2416 4501 2571 4571 παρὰ
2616 4499 2686 4552 τὰ
2734 4499 3034 4568 δεδογμένα
3059 4499 3174 4559 τοῖς
3207 4496 3386 4564 ἁγίοις
3410 4495 3577 4563 ἡμῶν
3599 4495 3712 4548 Πα-

459 4593 704 4652 dusisso.
727 4590 884 4656 Quod
905 4589 952 4644 si
977 4604 1040 4644 ea
1067 4587 1342 4657 maiestati
1366 4595 1472 4642 tua:
1499 4587 1634 4642 satis
1652 4603 1760 4641 non
1785 4587 2030 4649 Slﬂll,Si'd

462 4701 526 4742 ea
556 4683 811 4756 pluribus
847 4696 1070 4752 quoque
1107 4679 1676 4736 demonstrationibus
1707 4677 2027 4733 confirmari

457 4775 765 4840 desideras,
794 4775 1116 4837 dummodo,
1167 4773 1312 4844 quod
1345 4771 1665 4828 scandalum
1701 4770 1898 4838 injicit,
1948 4771 2029 4824 iu-

459 4879 729 4932 noteseat,
761 4867 1037 4924 similibus
1071 4872 1391 4924 sanctorum
1445 4862 1776 4920 testimoniis
1799 4862 2038 4933 explica-

459 4960 666 5017 bimus.
701 4956 820 5014 Non
840 4959 984 5014 enim
1013 4973 1302 5028 possumus
1338 4958 1545 5020 omnia,
1581 4971 1705 5025 qua:
1731 4954 2038 5010 an‘ernntur

461 5052 519 5110 in
549 5052 654 5106 hoc
683 5056 1034 5118 argumento,
1057 5050 1221 5104 unico
1244 5057 1457 5104 tantum
1491 5047 1768 5117 colloquio
1815 5047 2038 5116 expedi-

462 5160 522 5202 re
549 5149 776 5217 propter
799 5142 1126 5206 satietatem,
1155 5157 1272 5210 quae
1301 5142 1529 5198 auribus
1547 5143 1892 5206 adversatur,
1910 5141 2037 5196 licet

469 5246 633 5302 quam
670 5228 907 5286 maxime
935 5227 1098 5298 digna
1153 5231 1227 5285 sit
1277 5228 1641 5284 admiratione
1667 5269 1682 5293 ,
1737 5229 2038 5300 gratiisque

467 5322 731 5380 abundet.
783 5320 1088 5377 Conscht-t
1124 5317 1387 5375 Dominus
1415 5320 1753 5390 maiestatem
1783 5329 1932 5375 tuam
1970 5322 2035 5377 ad

468 5417 670 5471 multos
713 5428 890 5470 annos
921 5428 1046 5468 cum
1071 5415 1311 5467 sanitate
1351 5411 1563 5482 integra
1595 5419 1652 5468 et
1693 5412 2036 5483 incorrupta,

470 5503 714 5573 acceptis
740 5502 964 5558 Numini
996 5501 1254 5572 precibus
1277 5508 1620 5566 sauciorum,
1653 5502 1747 5570 qui
1787 5503 1889 5557 ista
1931 5513 2040 5557 tra-
2091 5509 2094 5512 ’

469 5596 728 5651 dideruut
763 5598 828 5653 ad
874 5598 1146 5668 ingentem
1199 5603 1444 5652 nostram
1499 5595 1741 5651 lzrtitiatn
1789 5605 1842 5664 ct
1889 5596 2036 5651 volu-

472 5695 703 5758 ptutem.

2135 4593 2302 4664 τράσι
2334 4593 2431 4646 καὶ
2472 4591 2818 4653 διδασκάλοις
2878 4590 2972 4643 καὶ
3033 4588 3333 4657 θεολόγοις.
3397 4587 3459 4640 Εί
3509 4586 3568 4640 δὲ
3610 4587 3712 4640 οῦκ

2139 4688 2394 4758 ἀρκεῖται
2421 4687 2454 4754 ἡ
2489 4686 2555 4752 σὴ
2587 4683 2842 4754 βασιλεία
2877 4683 2934 4735 ιν
2961 4683 3196 4745 τούτοις,
3237 4680 3376 4733 ἁλλὰ
3400 4680 3497 4733 καὶ
3531 4679 3713 4732 πλείου

2139 4795 2224 4831 σιν
2247 4777 2560 4842 ἀποδείξεσι
2607 4773 2817 4845 βούλει,
2865 4777 2916 4828 εί
2971 4776 3135 4844 μόνον
3179 4773 3403 4843 γνῶμεν
3444 4772 3506 4825 τὸ
3547 4788 3712 4824 σκαν-
3787 4841 3794 4848 τ

2133 4869 2380 4933 δαλίζον,
2439 4869 2507 4921 δι’
2555 4868 2761 4940 ὁμοίων
2823 4866 3144 4937 μαρτυριῶν
3182 4865 3362 4934 ἁγίων
3411 4862 3709 4917 καὶταῦτα

2136 4961 2581 5031 διασαφὴσομεν.
2619 4959 2760 5015 Οὐδὲ
2803 4959 2914 5029 γὰρ
2967 4956 3247 5026 δυνάμεθα
3303 4954 3466 5008 πάνθ’
3493 4955 3594 5007 ὃσα
3621 4954 3712 5007 λι·

2139 5069 2329 5120 γουσιν
2367 5053 2426 5104 ὲν
2476 5050 2648 5122 ταύτῃ
2688 5053 2754 5120 τῇ
2789 5050 3046 5103 ὑποθέσει
3071 5050 3250 5102 είπεϊν
3289 5050 3346 5101 ὲν
3393 5049 3496 5118 μιᾷ
3525 5047 3715 5116 ὁμιλίᾳ

2137 5145 2227 5197 διὰ
2253 5145 2349 5197 τὸν
2380 5144 2564 5214 κόρον,
2603 5143 2662 5206 ὃς
2693 5143 2957 5213 πολέμιος
3011 5141 3252 5211 ὑπάρχει
3299 5142 3422 5204 ταῖς
3482 5141 3710 5202 ἀκοαῖς.

2143 5234 2248 5288 κᾶν
2283 5233 2426 5288 πάνυ
2460 5233 2906 5304 ἁξιοθαῠμαστος
2945 5234 3040 5286 καὶ
3081 5231 3307 5302 χάριτος
3346 5232 3557 5300 γέμων.
3593 5235 3714 5283 Δια-

2144 5325 2374 5394 φυλάξοι
2401 5326 2458 5378 δὲ
2499 5325 2597 5397 τὴν
2630 5327 2730 5396 σὴν
2763 5325 3044 5396 βασιλείαν
3076 5325 3104 5377 6
3135 5324 3340 5394 Κύριος
3373 5325 3430 5376 ἐν
3459 5322 3715 5375 πολυετεῖ

2141 5420 2258 5488 ζωῇ
2294 5419 2390 5470 σὺν
2419 5418 2577 5488 ὑγεία
2609 5417 2862 5487 σταθηρᾷ
2911 5414 3342 5484 εὖπροσδέκτοις
3389 5413 3580 5482 εὐχαῖς
3607 5413 3714 5464 τῶν
3793 5399 3806 5408 ’

2141 5501 2314 5557 ταῦτα
2358 5504 2802 5576 θεολογησάντων
2845 5506 3020 5572 ἁγίων
3070 5505 3152 5568 είς
3204 5503 3412 5573 πολλὴν
3446 5503 3714 5572 stuppea}-

2142 5614 2238 5668 νην
2284 5596 2459 5666 ἡμῶν.
