3998 6464
278 360 3516 414 mm

633 661 1728 847 GEORGIUS
1795 669 3166 858 SCHOLARIUS

1511 1071 1653 1126 seu,
1691 1072 1955 1116 unum
2006 1072 2278 1129 NOMINE,

1033 1346 2755 1561 GENNADIUS

486 1777 2321 1919 CONSTANTINOPOLITANUS
2402 1793 3312 1933 PATRIARCHA

1178 2519 1298 2580 DE
1337 2520 1759 2586 GENNADII
1810 2526 1993 2587 i’lTA
2045 2528 2169 2587 ET
2206 2526 2592 2590 SCRIPTIS

810 2742 813 2745 ’
902 2792 1619 2947 nosam:
1696 2799 2865 2913 namnuno'ru

1630 3067 2161 3164 Dissnnrarto

752 3326 992 3391 (Parisiis,
1034 3340 1111 3389 ap.
1168 3324 1446 3377 Gabrielem
1502 3326 1698 3390 Martin,
1754 3326 1828 3377 via
1876 3331 2099 3382 Jacobzea
2158 3332 2216 3381 ad
2266 3334 2465 3397 Insigne
2513 3337 2706 3398 Stellae,
2760 3337 2881 3387 1709
2925 3340 2978 3387 4⁸

333 3560 599 3618 Gennadii
653 3560 935 3616 homiliam
988 3563 1053 3617 de
1112 3562 1363 3631 corporis
1431 3560 2147 3631 sanguinisqueBcladem
2202 3565 2875 3641 Constantinopolitauam
2932 3575 3248 3643 patriarcha
3298 3595 3498 3637 νεηηη-

252 3656 462 3712 Christi
489 3663 838 3710 sacramento
859 3655 1129 3709 celebrem
1165 3652 1308 3723 apud
1340 3652 1582 3717 Graecos,
1609 3650 1831 3706 rarissi-

253 3761 405 3801 mam
435 3756 635 3810 tamen,
667 3758 768 3798 nec
793 3745 937 3813 apud
965 3758 1065 3799 nos
1091 3743 1281 3799 Graece
1304 3753 1396 3798 aut
1418 3742 1608 3797 Latine
1633 3744 1828 3808 visam,

251 3837 606 3903 exhibemus,
628 3826 943 3892 Christiane
967 3836 1184 3902 Lector,
1210 3848 1275 3891 ex
1296 3837 1483 3892 codice
1513 3835 1829 3893 monasterii

252 3927 596 3983 Brumlu'sini
618 3968 633 3993 ,
666 3927 959 3983 chartaceo
987 3927 1209 3997 optimae
1242 3937 1418 3991 noue,
1450 3928 1542 3997 qui
1574 3940 1699 3984 ante
1733 3945 1832 3983 an-

252 4039 360 4079 nos
394 4023 588 4078 saltem
623 4029 841 4077 centum
873 4020 1271 4090 quinquaginta
1313 4022 1553 4087 scriptus
1595 4031 1699 4084 est.
1732 4038 1830 4093 pe-

250 4117 364 4171 rita
393 4130 579 4169 manu.
602 4114 920 4169 Gennadius
944 4114 992 4168 is
1022 4121 1127 4176 est.
1154 4114 1246 4182 qui
1268 4113 1412 4169 circa
1444 4130 1647 4168 annum
1670 4116 1828 4180 H53,

250 4223 369 4277 quo
396 4216 552 4278 capta
592 4216 669 4263 est
699 4206 1220 4277 Constantinopolis,
1246 4206 1475 4274 jubente
1511 4207 1830 4262 Mubamede

251 4302 563 4356 Turcarum
610 4301 980 4371 imperatore,
1022 4314 1051 4353 a
1106 4299 1313 4355 Graecis
1362 4313 1517 4354 more
1562 4298 1829 4368 majorum

251 4393 465 4447 electus
509 4398 592 4446 est
634 4391 971 4457 patriarcha.
996 4389 1068 4469 in
1115 4390 1306 4445 eodem
1350 4389 1538 4443 codice
1572 4388 1831 4457 leguntur

251 4483 450 4540 Oratio
498 4483 748 4539 funebris
796 4484 1074 4553 despmna:
1112 4482 1302 4535 matris
1334 4480 1685 4537 Constantini
1730 4484 1831 4535 im-

252 4575 524 4645 peratoris
552 4590 568 4640 ;
607 4574 713 4628 alia
745 4574 800 4628 in
831 4572 1026 4627 funere
1059 4572 1322 4639 Saphiani
1368 4571 1546 4636 dicta;
1580 4572 1830 4626 Homilies

252 4667 306 4721 in
344 4666 757 4721 decollationcm
810 4662 1041 4718 Joannis
1082 4662 1356 4731 Baptistae,
1410 4663 1464 4718 in
1511 4662 1827 4717 Transitum

250 4760 313 4814 Β.
355 4759 536 4813 Maria:
570 4756 830 4827 Virginis,
872 4756 927 4810 in
968 4753 1322 4809 Nativitatem
1358 4753 1592 4820 Domini,
1621 4754 1686 4809 de
1726 4755 1829 4809 Pu-

255 4849 470 4905 hlicano
522 4857 578 4904 et
627 4847 942 4913 Pharismo;
973 4847 1123 4916 Opus
1168 4848 1236 4901 de
1282 4855 1523 4916 tempore
1562 4853 1616 4900 et
1663 4845 1828 4900 modo

250 4941 593 4998 exsistentiae
638 4941 943 4995 animarum
1004 4936 1374 5002 rationalium,
1416 4943 1473 4991 et
1511 4936 1615 4989 alia
1677 4932 1828 5004 Opu-

252 5032 430 5100 scula,
462 5046 586 5102 quae
617 5032 672 5086 in
705 5030 872 5086 variis
916 5030 1226 5100 praesertim
1260 5028 1608 5084 bibliothecae
1642 5027 1826 5097 Regia:

251 5124 537 5180 codicibus
587 5121 855 5179 Gennadii
905 5136 1105 5178 nomen
1168 5135 1281 5191 prce
1329 5135 1389 5177 se
1456 5120 1662 5185 ferunt,
1701 5133 1827 5174 cer-

251 5217 594 5285 tissimisque
616 5214 956 5286 argumentis
978 5214 1159 5270 eidem
1193 5213 1407 5269 auctori
1452 5211 1824 5267 vindicantur.

254 5309 364 5363 Sed
398 5323 524 5362 cum
571 5309 624 5362 iu
670 5308 797 5362 aliis
846 5306 1126 5376 opusculis
1166 5306 1467 5360 auctoritas
1515 5304 1633 5359 sola
1671 5302 1824 5358 codi-

253 5416 380 5457 cum
421 5416 554 5456 mss.
579 5410 635 5455 et
666 5402 871 5469 aliquot
897 5399 1138 5453 rationes
1164 5411 1270 5451 non
1304 5397 1719 5451 contemnendae
1754 5397 1827 5448 ti-

255 5494 404 5550 tulos
447 5492 812 5556 confirment,
859 5490 1133 5560 Eapositio
1190 5489 1459 5557 religionis
1502 5486 1824 5543 Christiana:

255 5598 442 5641 coram
474 5585 778 5639 Turcarum
812 5585 1145 5653 imperatore
1179 5581 1344 5645 facta,
1383 5580 1677 5633 maximum
1710 5593 1831 5632 om-

257 5678 391 5734 nino
434 5677 649 5749 pondus
683 5675 863 5732 habet.
919 5674 1053 5730 Rom
1099 5674 1241 5729 enim
1284 5672 1375 5742 qui
1428 5672 1637 5741 primus
1695 5682 1817 5743 post

1938 3653 2105 3707 tiatus
2145 3662 2250 3719 est,
2290 3663 2575 3713 auctorem
2632 3659 2794 3729 hujus
2832 3671 3032 3719 nostra:
3062 3662 3341 3725 Orationis
3387 3670 3509 3726 sive

1935 3745 2185 3802 Humilia;
2225 3755 2337 3803 tam
2388 3752 2681 3821 perspicue
2735 3754 3007 3825 designat,
3054 3766 3110 3811 ut
3139 3759 3393 3816 dubitare
3436 3778 3508 3819 ne

1932 3838 2035 3907 ipsi
2065 3839 2284 3909 quidem
2319 3842 2536 3912 possint
2568 3843 2660 3911 qui
2707 3843 2846 3901 duos
2878 3845 3193 3905 Genuadios
3224 3852 3504 3922 excogita—

1932 3941 2152 3987 verunt.
2182 3931 2296 3988 Non
2329 3948 2424 3988 eos
2450 3949 2804 4001 accusamus,
2829 3940 2921 4007 qui
2953 3942 3216 4006 opuscula
3253 3944 3500 4011 quaedam

1932 4023 2201 4079 Gennadii
2232 4024 2524 4079 ediderunt
2552 4028 2822 4096 superiori
2858 4032 3080 4096 saeculo,
3110 4032 3191 4086 vel
3223 4033 3274 4088 in
3301 4032 3501 4089 Biblio-

1935 4118 2138 4169 thecam
2176 4116 2399 4169 Patrum
2435 4119 2866 4185 transtulerunt;
2915 4122 3018 4190 piis
3049 4124 3192 4176 enim
3239 4125 3370 4179 viris
3405 4142 3502 4181 ncc

1932 4200 2189 4264 indoctis,
2219 4202 2313 4255 sed
2346 4203 2398 4255 in
2424 4204 2612 4257 critica
2637 4207 2926 4261 recentiori
2953 4212 3276 4279 peregrinis,
3307 4214 3501 4269 licebat

1932 4288 2298 4353 Gcnnadium,
2332 4292 2445 4345 sive
2471 4289 2764 4362 Georgium
2805 4295 3149 4353 Scholarium
3192 4318 3298 4357 non
3336 4319 3505 4369 agno-

1930 4394 2107 4440 scere,
2136 4394 2258 4433 cum
2294 4382 2379 4435 vix
2418 4383 2559 4438 ullos
2588 4384 2808 4442 Grmcos
2840 4388 3062 4444 codices
3095 4394 3497 4463 tractavissent.

1933 4471 2037 4528 Sed
2074 4475 2328 4528 excusari
2373 4474 2534 4549 plane
2564 4492 2671 4532 non
2720 4491 2949 4546 possunt
2980 4480 3155 4537 Graeci
3200 4485 3328 4548 duo,
3362 4484 3498 4541 Mat-

1930 4565 2104 4620 thmus
2150 4563 2549 4639 Caryophyllus
2595 4571 3047 4643 archiepiscopus
3093 4575 3415 4641 iconiensis,
3448 4588 3503 4633 ct
3574 4558 3581 4561 ⁸

1929 4656 2041 4712 Leo
2074 4658 2306 4714 A'llatius
2344 4660 2687 4734 Corcyraeus,
2723 4665 2816 4732 qui
2852 4663 2993 4721 hanc
3042 4666 3204 4736 primi
3249 4669 3502 4725 luserunt

1925 4749 2191 4819 fabulam,
2223 4761 2276 4807 et
2326 4752 2380 4808 in
2439 4769 2673 4822 quorum
2723 4757 3054 4809 sententiam
3086 4756 3303 4811 iverunt
3346 4759 3501 4812 theo-

1930 4841 2075 4912 logi,
2122 4853 2319 4914 prmter
2366 4859 2534 4899 unum
2603 4844 2939 4898 Richardum
2990 4842 3270 4901 Simonem
3322 4850 3499 4902 virum

1931 4936 2331 5007 doctissimum,
2364 4937 2457 5005 qui
2503 4950 2621 4989 eam
2668 4936 2881 5004 primus
2931 4937 3165 5007 explosit
3216 4938 3269 4991 in
3309 4937 3496 4995 Defen-

1930 5026 2086 5082 sione
2116 5025 2407 5081 vernacula
2438 5025 2702 5079 adversus
2742 5024 3008 5081 Thomam
3055 5028 3254 5089 Stililh.
3292 5031 3499 5085 theolo-
3570 5076 3573 5077 ν

1927 5131 2054 5187 gum
2103 5115 2499 5169 Oxoniensem.
2544 5113 2822 5183 Agebatur
2864 5113 2932 5168 de
2981 5114 3086 5171 ﬁde
3127 5115 3496 5171 Ecclesiarum

1928 5209 2238 5264 Graecarum
2272 5206 2418 5261 circa
2450 5204 2806 5260 Eucharistite
2835 5218 3269 5269 sacramentum,
3305 5208 3371 5261 de
3393 5223 3497 5275 qua

1928 5302 1997 5355 ab
2030 5300 2185 5353 annis
2235 5297 2406 5352 ferme
2451 5298 2646 5366 viginti
2693 5299 2969 5353 acerrime
3017 5299 3161 5352 inter
3186 5298 3501 5352 Catholicos

1929 5400 1985 5448 et
2027 5392 2403 5447 Protestantes
2448 5390 2860 5461 disputabatur,
2911 5392 3200 5445 occasione
3249 5388 3499 5455 opusculi

1928 5484 2006 5538 De
2045 5492 2287 5553 perpetuo
2313 5484 2586 5547 utriusque
2636 5482 2885 5536 Ecclesia
2921 5496 3173 5534 consensu
3203 5479 3345 5531 circa
3394 5476 3504 5529 Eu-

1897 5578 2192 5632 ‘rhuristiec
2230 5574 2409 5645 ﬁdem,
2442 5575 2586 5644 quod
2630 5575 2803 5627 multa
2841 5572 3102 5641 deinceps
3133 5569 3408 5626 volumina
3444 5570 3500 5624 in

1926 5680 2216 5738 utramque
2251 5679 2461 5738 partem
2499 5666 2708 5735 scripta
2744 5663 2973 5733 peperit.
