3998 6464
453 312 560 376 23-1

1525 315 1569 374 ϐ
1584 312 1868 373 ENNADI
1887 311 1906 368 Ι
1965 306 2073 369 (ΣΡ.
2122 308 2633 375 ΡΑΤΒΙΑΒΕΗΒ

3631 303 3758 365 2'2

530 427 742 496 Agebat
805 426 1234 480 f‘rotcstantiuut
1286 441 1512 481 causam
1561 426 1644 479 vir
1675 425 1938 484 d'sertus,
1975 429 2022 472 ct
2055 416 2102 472 Α
2129 424 2520 491 stantiatiouis,
2546 417 2733 483 vocem
2764 426 3042 496 exprimit,
3065 442 3186 495 qute
3213 424 3266 476 iu
3290 423 3757 489 utetapboricatu

463 520 650 573 multis
677 529 885 571 natura:
921 517 1194 586 przesidiis
1221 517 1290 570 ad
1315 517 1562 570 suaviter
1596 515 1874 585 politeque
1902 512 2044 565 seri-

461 613 694 667 bendum
745 610 1152 680 paratiSsimus,
1185 607 1281 664 sed
1325 608 1594 664 doctrina:
1640 605 1959 661 mediocris.
1991 613 2044 657 et

457 706 513 758 in
546 703 873 772 antiquitate
903 701 1308 767 ecclesiastica,
1348 701 1589 756 maxime
1636 714 1769 754 vero
1811 699 1865 752 itt
1897 695 2044 750 Gne-

457 796 556 848 cia:
594 795 841 849 barbarae
896 794 1096 849 litteris
1131 793 1453 861 peregrinus
1483 781 1647 860 supra
1694 805 1856 859 quam
1893 787 2042 842 credi

459 900 657 958 potest.
686 887 995 942 Accedebat
1041 886 1324 955 negantis,
1377 901 1498 955 qua:
1540 885 1660 938 luce
1707 883 1876 950 magis
1927 895 2049 948 per-

464 981 658 1048 spicua
696 981 896 1044 forent,
928 987 1233 1046 sancteque
1272 977 1340 1030 de
1393 977 1558 1031 rebus
1592 985 1687 1028 aut
1726 971 2046 1029 falsissimis

459 1082 554 1128 aut
588 1072 932 1127 inauissimis
964 1069 1291 1124 aﬂirtnantis
1315 1069 1498 1122 audax
1524 1066 1769 1136 quidem,
1806 1065 1900 1120 sed
1931 1078 2049 1116 tuo-

459 1165 614 1217 desta
656 1173 710 1216 et
749 1161 964 1232 placida
998 1159 1337 1228 impudentia
1361 1197 1376 1222 ,
1407 1173 1528 1226 qua:
1572 1157 1847 1210 hominem
1880 1169 2050 1223 popu-

464 1254 635 1305 larem
688 1253 865 1321 magis
899 1252 1042 1306 inter
1080 1265 1242 1306 suos.
1277 1247 1703 1312 commendavit,
1751 1261 1913 1315 quam
1951 1244 2049 1297 do-

459 1346 662 1408 Cltiltzt,
717 1342 1056 1412 eloquentia,
1109 1343 1360 1398 sincerus
1413 1339 1634 1394 animus
1679 1337 1932 1392 meliores
1981 1351 2048 1391 ex

461 1441 654 1491 eadem
689 1446 838 1490 secta
873 1435 1177 1505 theologos.
1217 1433 1355 1488 Cum
1389 1449 1522 1487 ποι-ο
1557 1433 1645 1485 ille
1685 1431 1868 1500 spisso
1893 1428 2050 1481 voln-

467 1529 611 1582 tnine
647 1537 818 1580 tutum
869 1526 1214 1580 Albertiuutn
1271 1525 1666 1594 explicuisset,
1708 1532 1761 1576 et
1803 1537 1940 1576 nava
1979 1519 2049 1574 de

467 1620 721 1689 praesenti
755 1618 1124 1672 Ecclesiarutu
1162 1616 1522 1671 Orientalium
1559 1616 1860 1684 praesertim
1893 1612 2047 1667 Grac-

467 1727 658 1764 caruut
693 1711 798 1764 fide
837 1711 1068 1780 quazstio
1099 1711 1496 1764 institueretur
1523 1711 1608 1761 vix
1656 1721 1684 1762 a
1725 1706 2045 1761 Protestan-
2081 1749 2122 1804 Β

471 1802 616 1856 tibus
646 1801 906 1866 delibata,
953 1801 1172 1870 negavit
1222 1799 1446 1855 Graecos
1493 1801 1720 1853 credi-re
1764 1813 1947 1851 veram
1995 1797 2047 1850 iu

474 1893 822 1949 Eucharistia
877 1894 1126 1963 corporis
1166 1893 1375 1950 Christi
1420 1892 1808 1963 praesentiant:
1855 1889 1901 1944 si
1954 1889 2049 1958 qui

476 1986 723 2040 furtas'sis
769 1985 842 2040 ita
893 1985 1298 2051 existimarent,
1331 1984 1555 2039 Graecos
1606 1999 1636 2037 a
1680 1981 1892 2036 Latinis
1925 1996 2054 2034 cor-

474 2085 664 2144 ruptos
696 2092 818 2131 esse
853 2078 1129 2142 asseruit;
1174 2085 1341 2146 atque
1373 2077 1450 2129 ita
1482 2091 1706 2130 causam
1744 2075 1948 2130 vicisse
1975 2073 2053 2128 si-

474 2168 526 2224 bi
565 2170 712 2223 visus
751 2179 855 2222 est.
901 2170 1222 2223 l’rovucavit
1271 2169 1338 2221 ad
1397 2167 1836 2242 patriarcharum
1897 2166 2053 2220 testi-

481 2261 705 2326 lttOttiu;
757 2261 1053 2329 postulavit
1098 2269 1158 2314 ut
1205 2271 1327 2314 acta
1375 2260 1595 2329 publica
1638 2259 2048 2322 exhiberentur,

475 2363 536 2407 ut
584 2352 704 2406 fidei
765 2352 1142 2406 confessiones
1177 2393 1191 2416 ,
1240 2364 1300 2405 ut
1361 2350 1692 2422 synodoruut
1730 2348 2050 2411 sentcntirn,

475 2445 803 2499 existimans
865 2444 1077 2499 scilicet
1140 2444 1256 2496 fieri
1303 2458 1410 2496 non
1469 2457 1630 2511 posse
1681 2450 1741 2496 ut
1809 2442 1922 2495 lucc
1985 2456 2051 2495 ex

475 2535 689 2591 Gra-cia
737 2535 1093 2590 haberentur.
1127 2534 1445 2588 'Yenerunt
1497 2545 1674 2588 tamen
1729 2532 1816 2587 vix
1864 2534 2051 2602 elapso

474 2627 700 2680 biennio
754 2627 1120 2682 instrumenta
1173 2643 1201 2679 a
1252 2625 1592 2690 Graecorum,
1620 2636 1672 2678 et
1722 2641 1750 2678 a
1787 2625 2048 2695 Syrorum

474 2718 889 2780 Melchitarutn,
925 2716 1299 2772 Jacobitarum
1355 2729 1409 2771 et
1452 2716 1902 2773 Nestorianorum
1951 2719 2052 2772 Ec-

475 2811 679 2875 clesiis,
726 2822 778 2865 et
812 2823 932 2880 post
957 2827 1131 2864 annos
1167 2812 1306 2864 duos
1345 2820 1398 2864 et
1432 2811 1689 2880 deinceps
1734 2821 1840 2864 tam
1884 2812 2049 2863 multa

474 2905 579 2958 alia
613 2921 640 2957 a
677 2904 750 2959 cl.
784 2905 902 2956 viro
948 2902 1148 2959 Carolo
1198 2901 1492 2958 Fraucisco
1543 2903 1727 2958 Olerio
1773 2903 2050 2958 Nointelio

473 2997 618 3065 r-gis
649 2995 714 3048 ad
751 2993 1172 3051 Otbomanicam
1215 2997 1395 3049 aulam
1430 2996 1629 3065 legato,
1661 3005 1720 3050 ut
1753 2997 1866 3066 jam
1903 2997 2050 3049 desi-

2150 521 2610 588 signil‘teatiouem
2661 521 2800 575 trahi
2837 537 2934 592 per
2973 517 3349 574 calumniosas
3397 515 3756 581 interpreta-

2150 613 2329 668 tiones
2361 628 2468 667 nou
2497 623 2691 683 potest.
2729 611 2786 667 Si
2817 591 2950 682 quid
2982 609 3232 666 fortassis
3267 591 3332 660 ex
3368 599 3760 659 bibliothecis

2149 705 2204 758 in
2239 705 2416 760 lucem
2439 707 2649 769 editur,
2677 705 2824 776 quod
2858 705 3125 759 doctrinae
3151 699 3443 754 catholica‘
3471 695 3756 750 videatur

2147 799 2512 862 contrarium,
2541 799 2650 852 duo
2670 813 2700 852 a
2740 797 3014 866 theologis
3047 791 3293 864 pratstari
3323 790 3504 845 solent
3539 801 3756 841 :scru-

2152 903 2338 946 tantur
2383 906 2576 960 nempe
2605 891 2848 956 codices,
2882 899 2942 945 ut
2988 889 3224 959 primqu
3263 885 3330 940 de
3356 883 3506 938 illius
3537 879 3636 950 qui
3689 879 3750 937 in

2149 986 2526 1039 testimonium
2578 985 2895 1048 adducitur,
2936 981 3263 1037 auctoritate
3314 985 3568 1040 constet,
3610 983 3745 1025 tum

2149 1076 2399 1129 doctrina
2434 1075 2758 1143 explicatur,
2805 1089 2980 1142 neque
3012 1074 3056 1127 si
3099 1087 3130 1126 a
3169 1069 3380 1138 vulgari
3421 1068 3476 1120 in
3500 1079 3612 1130 qua
3650 1063 3746 1114 vi-

2149 1170 2330 1222 vimus
2371 1168 2629 1237 opinione
2660 1167 2914 1221 recedere
2939 1167 3214 1228 videatur,
3238 1160 3423 1215 statim
3465 1166 3746 1213 censetur

2149 1260 2511 1326 explodenda.
2539 1260 2641 1325 Qui
2671 1260 2829 1314 aliter
2861 1257 3062 1320 fecere.
3101 1265 3158 1310 ut
3190 1256 3320 1308 olim
3353 1265 3584 1306 avorum
3617 1265 3772 1300 ωσι-.

2152 1351 2323 1404 moria
2365 1349 2564 1406 Petrus
2612 1349 2926 1414 Molinzus,
2969 1347 3062 1418 qui
3115 1357 3458 1416 quzecuuque
3503 1339 3740 1393 Patrum

2151 1443 2378 1511 scripta,
2425 1444 2469 1496 si
2511 1458 2625 1497 sure
2676 1453 2841 1498 sectae
2890 1441 3106 1512 placitis
3145 1437 3613 1494 adversarentur.
3679 1440 3743 1482 ut

2151 1537 2336 1604 spuria
2373 1535 2673 1603 rejiciebat.
2714 1535 2750 1588 ii
2802 1532 3248 1588 doctissimorum
3301 1528 3445 1582 inter
3486 1539 3620 1578 suos
3653 1523 3743 1574 vi-

2155 1641 2336 1678 rorqu
2372 1641 2658 1680 censuram
2697 1623 2904 1693 experti
2936 1633 3086 1679 sunt.
3120 1621 3189 1676 At
3233 1633 3410 1673 novus
3444 1617 3534 1669 ille
3575 1613 3742 1666 theo-

2153 1719 2310 1789 logus
2341 1735 2518 1787 neque
2565 1717 3021 1776 bibliothecarum
3057 1714 3263 1770 forulos
3303 1719 3585 1767 scrutatus
3623 1715 3737 1762 est.

2157 1827 2334 1880 neque
2368 1812 2602 1866 criticen
2645 1811 2807 1865 ullam
2837 1808 3103 1870 adhibuit,
3137 1805 3232 1861 sed
3262 1813 3430 1856 totam
3458 1799 3735 1853 Greciam

2154 1915 2421 1968 veterem,
2446 1919 2667 1966 novam,
2691 1910 2745 1956 et
2767 1915 3106 1970 quzeeunque
3149 1897 3366 1949 tandem
3396 1894 3577 1945 futura
3606 1889 3736 1950 erit,

2155 2013 2265 2051 uno
2293 1997 2396 2052 sibi
2444 1997 2594 2052 visus
2621 2003 2706 2048 est
2735 1999 3080 2062 argumento
3117 1986 3503 2059 prostravisse.
3539 1981 3740 2034 Aiebat

2154 2090 2366 2144 scilicet
2413 2104 2472 2143 se
2525 2087 2784 2156 probasse
2836 2093 3104 2155 quantum
3163 2081 3300 2136 satis
3339 2086 3478 2138 erat.
3521 2074 3738 2128 (ἴε-τρεῖς

2153 2182 2500 2253 przesentiam
2527 2179 2748 2241 realetn,
2771 2179 2944 2232 multo
2978 2177 3160 2230 minus
3184 2167 3738 2228 transubsmutiatio—

2153 2292 2278 2329 nem
2317 2274 2537 2332 venisse
2578 2285 2846 2338 nusquam
2891 2267 2946 2320 in
2985 2275 3246 2325 tuentem,
3277 2275 3472 2315 omnes
3518 2258 3589 2312 ab
3623 2256 3732 2310 ini-

2153 2370 2227 2423 tio
2277 2367 2637 2422 scltismatum
2672 2377 2791 2416 eam
2829 2360 2988 2413 fidem
3033 2355 3331 2415 habuisse,
3366 2367 3491 2420 qua:
3535 2348 3733 2420 Cyrilli

2153 2456 2383 2511 [.ucaris
2422 2453 2784 2510 Confessione
2814 2451 3190 2506 contineretur
3218 2462 3231 2499 :
3266 2445 3358 2514 qui
3391 2457 3522 2510 ergo
3571 2441 3736 2494 aliter

2151 2549 2442 2606 sentirent,
2469 2560 2565 2600 eos
2587 2543 2996 2611 Λιτινόφρονας
3021 2553 3164 2601 esse,
3199 2552 3307 2590 non
3349 2535 3570 2589 Graecos
3603 2531 3737 2598 legi-

2151 2641 2335 2699 timos,
2371 2638 2462 2692 sed
2489 2637 2648 2691 avitae
2673 2635 2820 2694 fidei,
2847 2643 3245 2698 sacrorumque
3269 2627 3570 2696 patriorum
3605 2637 3735 2690 pro-

2150 2732 2385 2792 ditores,
2421 2744 2657 2800 quorum
2695 2725 2838 2780 nulla
2882 2732 3028 2778 esset
3076 2724 3130 2775 in
3181 2718 3452 2788 ejusmodi
3504 2725 3734 2776 contio-

2150 2823 2349 2877 versiis
2386 2821 2710 2875 auctoritas.
2749 2817 2859 2871 Hoc
2899 2815 3252 2868 fundamento
3296 2809 3531 2865 subnixa
3583 2807 3736 2862 stetit

2151 2930 2250 2986 per
2307 2928 2482 2968 annos
2515 2911 2717 2965 multos
2776 2919 2885 2963 tota
2923 2904 3350 2962 Clattdiauarum
3391 2900 3729 2969 argutiarum

2153 3008 2431 3062 machina.
2464 3003 2619 3057 Mitto
2663 3003 2770 3056 alia
2812 2996 3119 3068 ejusmodi,
3164 3010 3397 3065 quoruut
3447 2993 3530 3046 vel
3583 2991 3734 3060 ipsos

473 3089 653 3142 dt'laii
693 3088 824 3142 nihil
859 3098 1049 3158 posset
1089 3089 1170 3142 rel
1215 3089 1281 3142 ad
1324 3089 1606 3143 veritatem
1641 3087 2049 3151 stabilienduu,
2081 3093 2129 3157 ε
2160 3099 2534 3154 protestantes
2569 3094 2790 3165 pudeat,
2827 3101 2882 3145 ut
2920 3091 3124 3145 mullos
3163 3104 3294 3142 sane
3351 3086 3535 3141 audivi
3587 3084 3734 3138 viros

475 3183 558 3235 τοι
584 3185 648 3233 ad
679 3181 954 3234 hominem
979 3191 1248 3250 perpetuo
1274 3182 1498 3235 silentio
1521 3181 1914 3236 damnandum.
1940 3182 2046 3236 Sed

477 3274 568 3342 qui
605 3273 950 3327 verecundiae
998 3275 1132 3328 fines
1167 3273 1334 3327 semel
1389 3273 1747 3337 transilierat,
1790 3290 1914 3328 eum
1950 3291 2049 3328 na-

480 3367 622 3417 riter
655 3363 944 3431 oportebat
973 3380 1096 3419 esse
1123 3365 1514 3433 impudentem.
1547 3365 1623 3420 Ita
1657 3365 1750 3438 q’ui
1787 3367 1840 3421 in
1871 3367 2050 3438 priva-

483 3458 553 3508 tis
578 3456 800 3524 judiciis
833 3467 942 3511 tam
974 3465 1125 3511 certa
1161 3466 1408 3511 acturum
1454 3457 1557 3512 fide
1598 3458 1890 3515 calumnia:
1921 3475 2051 3514 con-

484 3551 662 3603 victus
697 3549 972 3604 infamiam
1005 3549 1268 3612 tulisset,
1304 3549 1606 3605 cavillando
1639 3551 1878 3607 obtinuit
1907 3554 2050 3622 apud

485 3659 614 3696 suos
649 3653 705 3696 ut
738 3643 840 3696 sibi
875 3642 941 3696 de
975 3643 1335 3698 Orientalium
1378 3644 1624 3700 doctrina
1671 3655 1860 3700 contra
1902 3655 2053 3700 acto-

483 3752 605 3790 rum
646 3733 803 3788 tidetu
839 3735 1175 3791 crederetur.
1213 3734 1399 3804 Neque
1447 3745 1566 3790 acta
1609 3739 1787 3791 solum
1819 3748 1889 3792 ‘et
1931 3753 2053 3792 sen-

486 3829 669 3883 tentia:
704 3827 1015 3898 synodalcs,
1049 3829 1141 3881 sed
1173 3837 1225 3881 et
1249 3828 1372 3882 libri
1399 3827 1564 3883 etiatn
1597 3829 1791 3899 integri
1817 3847 1880 3884 ex
1907 3828 2056 3884 Gne-

485 3922 567 3975 cia
611 3920 764 3976 missi
822 3929 969 3981 sunt,
1027 3919 1232 3989 quibus
1286 3927 1406 3972 acta
1456 3917 1946 3983 confirmarentur;
2003 3931 2057 3976 et

485 4033 619 4072 sane
651 4016 847 4070 multos
881 4013 946 4068 ad
977 4013 1248 4069 saniorem
1300 4021 1535 4069 mentem
1570 4023 1872 4076 revocatos,
1905 4026 1960 4069 et
1988 4014 2055 4068 ad

486 4111 812 4165 catholicam
868 4107 1091 4164 Matrem
1141 4123 1432 4172 reversos,
1491 4122 1680 4160 eorum
1734 4110 2059 4164 auctoritate

489 4221 594 4257 non
640 4204 760 4257 sine
791 4202 980 4256 lanitia
1014 4200 1226 4271 experti
1261 4218 1480 4256 sumus.
1521 4200 1802 4270 Ejusmodi
1838 4200 2060 4256 fuerunt

490 4296 762 4365 Confessio
797 4293 1089 4348 orthodoxa
1115 4292 1370 4347 Ecclesia
1395 4293 1706 4356 Orientalis,
1739 4294 1873 4362 ipsis
1898 4292 2060 4348 flata-

493 4407 684 4445 vorum
717 4389 860 4460 typis
891 4387 1034 4441 edita
1069 4386 1122 4440 itt
1155 4387 1388 4454 gratiam
1420 4387 1779 4456 Panagiottis,
1811 4390 2060 4457 pritnarii

493 4480 816 4548 interpretis
845 4477 988 4548 apud
1018 4476 1322 4531 Turcarum
1364 4476 1781 4545 imperatorem;
1813 4479 2062 4550 Synodus

491 4571 952 4638 Belli/clientium,
985 4579 1036 4621 et
1060 4567 1260 4621 Melctii
1296 4565 1469 4636 Syrigi
1506 4565 1648 4635 Opus
1680 4568 1926 4626 adversus
1963 4571 2064 4643 Cy.

491 4667 601 4720 rilli
627 4665 848 4718 Lucoris
877 4663 1074 4731 [uisam
1111 4660 1237 4729 ﬁdei
1257 4661 1651 4726 expositionem,
1688 4679 1850 4731 quam
1881 4678 2066 4722 ιςιηιο..

493 4776 623 4834 mre
673 4761 1063 4812 exosculantur
1107 4753 1264 4808 multi
1317 4746 1716 4819 Protcstautes,
1765 4758 2070 4814 reclaman-

494 4853 641 4904 tibus
677 4849 816 4918 apud
849 4863 946 4902 eos
976 4846 1334 4902 doctissimis.

567 4943 712 5004 lpter
756 4940 858 4992 alia
883 4955 1003 5007 qtue
1028 4939 1296 4994 adversus
1329 4939 1630 4996 inauditam
1657 4941 1886 4998 Lucaris
1915 4945 2071 4998 theo-

498 5032 694 5102 logiam
739 5031 1046 5084 testimonia
1090 5029 1422 5100 produxerat
1453 5033 1706 5104 Syrigus',
1741 5036 2068 5091 occurrebat

500 5125 770 5182 sententia
815 5122 1106 5188 chuadii,
1141 5124 1254 5192 qui,
1299 5124 1474 5194 inquit
1511 5126 1620 5190 ille,
1661 5125 1879 5196 ﬂorebat
1927 5129 2070 5182 circa

502 5233 700 5273 annum
742 5215 903 5275 i153,
939 5216 1140 5282 primus
1173 5225 1289 5283 post
1311 5227 1524 5285 captam
1568 5219 1749 5270 urbem
1791 5219 2071 5271 renuntia-

501 5324 583 5368 tus
623 5309 956 5380 patriarcha.
987 5307 1082 5363 Illo
1121 5324 1256 5364 sane
1298 5309 1620 5364 testimonio
1651 5309 1736 5362 vix
1771 5309 2068 5378 quidquam

499 5405 554 5462 Su
581 5407 886 5460 litterarum
923 5401 1293 5458 monumentis
1321 5401 1644 5470 expressius
1668 5402 1931 5455 occurrit.
1957 5401 2073 5456 Nec

499 5497 644 5562 enim
693 5497 825 5552 solae
865 5495 1148 5552 sententiae
1195 5493 1462 5549 Gennadii
1497 5493 1908 5547 Catlutlicurutn
1950 5508 2076 5548 sen-

507 5587 717 5650 tentiis,
759 5587 859 5642 sed
909 5588 1076 5642 verba
1123 5587 1288 5640 etiam
1334 5585 1518 5650 verbis
1547 5586 1902 5648 conveniunt,
1945 5586 2076 5640 dum

509 5676 1023 5734 transmutationem
1060 5679 1452 5732 elementorum
1493 5677 1546 5729 in
1605 5692 1806 5746 corpus
1855 5684 1910 5731 et
1953 5694 2078 5731 salt-

508 5767 730 5840 guinem
768 5768 975 5824 Christi
1026 5782 1124 5839 pct‘
1157 5766 1592 5839 μετουτιώπως,
1661 5765 1781 5823 sive
1836 5770 2078 5821 tt'ausub-

2151 3192 2325 3246 bonos
2353 3189 2444 3258 qui
2474 3186 2765 3243 Claudium
2792 3184 2971 3239 valere
3001 3182 3282 3252 juberent,
3315 3179 3456 3247 quod
3483 3193 3738 3231 comnm-

2151 3299 2275 3339 nent
2310 3297 2535 3337 causam
2587 3278 2639 3334 iu
2693 3277 2830 3333 tales
2877 3275 3158 3340 angustias
3203 3271 3543 3330 deduxisset.
3586 3270 3734 3323 unde

2152 3375 2343 3445 pedem
2370 3373 2578 3428 referre
2603 3385 2710 3425 non
2742 3367 2961 3422 licebat.
2987 3363 3174 3435 Neque
3196 3363 3364 3426 euitn,
3389 3361 3734 3430 inquiebant,

2153 3477 2348 3524 nostra
2403 3465 2570 3520 refert
2617 3461 2749 3531 quid
2807 3459 2984 3517 Graeci
3037 3467 3130 3512 aut
3173 3455 3372 3525 reliqui
3426 3452 3737 3510 Orientales

2153 3560 2402 3620 credant,
2433 3556 2565 3626 qttid
2611 3556 2926 3623 vituperent
2969 3551 3024 3604 in
3071 3558 3261 3604 nostra
3305 3546 3579 3608 decu-ina,
3617 3559 3737 3612 qua

2153 3666 2263 3708 non
2283 3648 2537 3704 humanis
2555 3645 2966 3714 peregrinarum
2989 3638 3354 3695 Ecclesiarutn
3372 3637 3736 3700 testimoniis,

2155 3743 2250 3800 sed
2280 3741 2401 3797 solo
2430 3740 2519 3793 Dei
2554 3739 2725 3792 verbo
2760 3737 2974 3790 nititur.
3324 3735 3344 3754 '

2225 3832 2534 3887 Productus
2571 3834 2690 3884 erat
2729 3842 2792 3881 ex
2829 3824 3043 3880 Meletio
3071 3822 3264 3893 Syrigo
3289 3820 3650 3884 Gennadius;
3681 3829 3738 3873 et

2158 3939 2282 3979 cum
2322 3933 2580 3990 excerpta
2627 3934 2696 3974 ex
2742 3919 2930 3972 eodem
2963 3909 3276 3970 lticltardus
3323 3912 3516 3968 Simon
3553 3911 3738 3980 publi-

2157 4025 2363 4078 cassct,
2387 4013 2627 4068 Thomas
2678 4012 2851 4066 Smitlt
2885 4011 3172 4077 theologus
3212 4005 3544 4062 Oxouieusis
3569 4018 3731 4074 opus-

2159 4107 2283 4161 cula
2319 4106 2428 4159 duo
2472 4103 2643 4158 edidit
2672 4101 2738 4157 de
2774 4101 3086 4156 Grzecaruut
3125 4095 3496 4154 Ecclesiarum
3551 4103 3720 4158 statu,

2159 4210 2215 4258 et
2253 4198 2604 4253 Miscellauea
2635 4193 2906 4264 quandam,
2961 4192 3016 4245 in
3066 4190 3266 4260 quibus
3299 4189 3366 4242 de
3405 4185 3722 4241 Gra'curum

2163 4293 2287 4357 fide,
2325 4291 2393 4345 de
2423 4289 2612 4360 Cyrilli
2644 4287 2872 4342 Lucaris
2915 4284 3278 4340 Confessione
3309 4291 3364 4336 et
3407 4281 3528 4350 ejus
3569 4281 3738 4332 histo-

2164 4386 2244 4441 ria
2278 4395 2488 4439 veteres
2520 4381 2726 4436 nsenias
2758 4378 3086 4434 certissimis
3117 4374 3457 4444 argumentis
3485 4372 3738 4425 t'mtftttao

2171 4489 2253 4534 tas
2285 4477 2479 4530 iterum
2511 4473 2818 4542 proposuit,
2849 4479 3016 4537 atque
3047 4468 3190 4521 inter
3213 4466 3317 4520 alia
3347 4465 3737 4528 divinatimtem

2169 4573 2430 4628 adversus
2479 4565 2854 4626 Gennadium,
2910 4562 2991 4615 vel
3042 4561 3224 4628 potius
3275 4557 3540 4612 adversus
3586 4555 3740 4608 Mele-

2171 4665 2304 4720 tium
2335 4660 2613 4732 Syrigum,
2642 4671 2804 4726 quem
2837 4652 3137 4721 suppositae
3170 4647 3457 4703 Gennadio
3493 4646 3740 4700 Humilia

2168 4757 2235 4812 de
2265 4753 2612 4809 Eucharistia
2663 4763 2820 4804 reum
2860 4744 3092 4815 peragit.
3143 4742 3312 4798 nullis
3359 4739 3598 4800 indiciis,
3647 4736 3739 4792 sed

2170 4858 2381 4904 tantum
2427 4844 2781 4913 coniecturis,
2827 4854 2951 4908 quae
2983 4836 3182 4904 Opinor
3225 4831 3396 4901 aequis
3445 4829 3742 4884 lectoribus

2172 4936 2511 4992 inanissima:
2569 4931 2924 4987 videbuntur.
2997 4925 3168 4980 Decet
3234 4937 3454 4992 quoque
3505 4917 3741 4974 Gabrieii

2172 5027 2563 5096 Philadelphia:
2605 5021 2964 5091 metropolitae
2992 5017 3194 5074 debere
3232 5013 3450 5071 Grmcos
3483 5012 3745 5068 recentio-

2173 5136 2262 5178 res
2309 5133 2494 5174 vocem
2529 5112 2965 5188 μετουτιώσεως,
3011 5126 3119 5180 qua
3154 5108 3225 5163 ab
3272 5106 3434 5161 annis
3468 5104 3742 5172 octoginta

2174 5213 2252 5268 uti
2299 5211 2500 5272 solent.
2540 5222 2606 5262 ex
2640 5220 2750 5275 quo
2781 5203 2962 5258 infusa
3009 5200 3152 5269 apud
3187 5213 3284 5253 eos
3330 5196 3573 5250 latinitas
3623 5193 3740 5256 fuit,

2174 5303 2320 5374 quod
2370 5299 2724 5356 falsissimum
2761 5309 2886 5351 esse
2925 5291 3167 5362 Epistula
3209 5287 3410 5344 Meletii
3441 5286 3608 5356 l’igae,
3649 5297 3744 5354 pa-

2176 5393 2431 5450 triarchae
2459 5386 2811 5445 Alexandrini
2839 5425 2853 5450 ,
2885 5399 3048 5453 quam
3119 5381 3358 5440 edimus.
3391 5377 3485 5432 (iet
3516 5374 3744 5430 manife-

2176 5500 2352 5544 stum.
2405 5479 2588 5536 Virum
2629 5493 2748 5542 sua,
2783 5487 2838 5530 ut
2880 5475 3276 5536 existimamus,
3303 5468 3493 5537 religio
3538 5465 3743 5530 fefellit,

2180 5577 2337 5648 cujus
2376 5574 2631 5630 laborans
2666 5566 3024 5638 praejudiciis,
3051 5559 3529 5629 Constantinopoli
3567 5557 3745 5611 iudili~

2183 5679 2396 5741 gentem
2435 5663 2658 5720 omnino
2692 5675 2912 5729 operam
2963 5657 3182 5712 navavit
3213 5655 3267 5709 itt
3298 5653 3534 5722 ecquod
3570 5664 3747 5705 susce-

2183 5772 2335 5822 ucrat
2372 5758 2589 5828 negotio
2617 5754 2960 5825 explicando,
2993 5761 3085 5806 aut
3133 5749 3366 5804 fateatur
3406 5759 3635 5800 necesse
3666 5752 3744 5797 est

2397 6045 2428 6070 Ι
