3998 6464
278 379 387 435 ibi!

1789 381 1987 439 \‘i'l'A.
3418 376 3525 437 235’.

284 482 422 538 nihil
456 481 582 537 inde
628 482 883 538 retulisse
905 484 1049 553 quod
1092 484 1158 537 ad
1205 500 1386 541 canste
1419 485 1712 555 deplorata:
1742 505 1852 542 suae

1968 490 2066 552 "it;
2122 507 2245 543 nam
2302 489 2399 541 soli
2453 488 2813 543 ecclesiastici
2860 487 3295 548 sultsm-iiieliaut,
3351 497 3401 537 et
3453 502 3519 538 et

288 575 648 645 patrocinium
696 576 1010 643 pertineret.
1044 575 1231 631 Varios
1278 578 1422 632 enim
1476 572 1725 633 rumores
1778 579 1847 634 de

293 664 510 728 Lucari,
539 679 675 733 quos
710 664 964 719 Ecclesiae
985 662 1848 735 ConstantinOpolitatnetabula-

291 757 371 810 ria
400 755 668 823 refellunt.
702 756 1035 827 coilectaque
1064 774 1126 811 ex
1142 756 1360 812 ‘Allatio
1382 772 1433 812 et
1460 758 1843 831 CaryOpltyllo.

292 847 336 900 si
364 861 427 899 ex
459 845 807 900 ntiscellaneo
837 847 927 901 illo
982 863 1147 917 opere
1179 850 1504 917 demp'seris,
1540 853 1850 920 quicunque

294 938 516 992 Graeciaa
549 938 867 992 recentioris
918 940 1127 994 litteras
1166 943 1249 994 vel
1297 942 1630 1010 primatibus
1682 944 1850 998 labris

291 1028 787 1096 degnstavit,~nibil
837 1045 1057 1093 novum,
1096 1033 1230 1087 nihil
1280 1043 1430 1087 trans
1472 1050 1624 1090 mare
1661 1047 1848 1090 natum

290 1129 565 1181 agnosret.
605 1119 777 1173 Nemo
824 1122 1148 1185 catholicus,
1195 1124 1295 1177 etsi
1344 1124 1527 1178 Allatii
1554 1164 1569 1188 ,
1607 1124 1853 1189 Arcudii,

292 1208 662 1280 Caryophyili,
696 1221 747 1264 et
792 1211 1023 1264 aliorum
1060 1213 1196 1268 bene
1239 1213 1304 1269 de
1343 1214 1581 1269 Ecclesia
1634 1215 1854 1270 merito-

296 1314 411 1348 rum
462 1299 777 1352 memoriam
832 1316 955 1353 cum
1002 1303 1268 1356 cbaritate
1317 1304 1751 1372 complectatur,
1800 1307 1854 1358 in

292 1402 481 1442 eorum
510 1390 675 1443 verba
720 1391 1014 1459 jttrandttm
1063 1394 1167 1448 sibi
1206 1394 1525 1459 arbitratur,
1575 1405 1670 1448 aut
1722 1396 1855 1449 nihil

260 1556 265 1561 ⁵
295 1478 347 1531 itt
381 1495 570 1533 eorum
602 1484 820 1549 Scriptis
849 1474 1149 1538 desiderat.
1182 1483 1295 1536 lmo
1324 1486 1413 1554 qui
1443 1502 1503 1541 se
1544 1486 1597 1539 itt
1642 1487 1856 1541 Graecas

294 1569 504 1624 litteras
535 1572 881 1637 abdiderunt,
915 1574 1247 1643 codicesque
1277 1576 1428 1644 ipsos
1472 1577 1618 1630 serio
1653 1587 1857 1631 tracta.

293 1667 506 1723 verunt,
544 1660 858 1716 desiderant
904 1663 1128 1719 illorum
1167 1664 1503 1734 diligentiam
1535 1677 1588 1719 et
1621 1668 1861 1735 pruden-

296 1750 448 1813 tiam,
482 1767 581 1806 nec
624 1766 749 1805 raro
784 1757 1076 1810 candorem
1120 1767 1174 1809 et
1208 1756 1412 1811 bonam
1452 1758 1633 1812 ﬁdem.
1666 1756 1859 1812 Testes

1930 579 2115 632 ilaicis
2170 589 2365 647 printer
2419 579 2799 644 imperatorem
2850 591 3032 629 nemo.
3076 574 3343 627 Reversus
3385 576 3524 625 (Ian-

1954 669 2368 736 stantinopolint
2412 665 2723 722 Gennadius
2757 682 2901 719 annn
2956 666 3109 722 L559.
3139 676 3252 734 post
3306 667 3525 717 alisoin-

1955 763 2061 808 tam
2101 756 2391 824 synodum,
2428 755 2482 807 in
2520 769 2711 821 magna
2748 755 2889 822 apud
2921 752 3183 807 Joannem
3224 755 3517 820 imperatu-

1954 863 2069 901 rem
2101 846 2631 913 Constantin'umqua
2665 845 2881 897 lratrem
2921 857 2971 897 et
3001 858 3377 897 successorem
3438 845 3524 895 di-

1954 937 2162 1005 gnitate
2210 937 2365 999 vixit,
2406 951 2577 1003 usque
2609 935 2673 987 ad
2708 951 2911 988 annum
2968 936 3127 998 MSS,
3160 934 3253 1002 qui
3297 935 3525 1002 imperio

1959 1030 2270 1086 Grrccorutn
2340 1027 2954 1093 Constantinopolitano
3027 1042 3322 1093 supremus
3399 1030 3521 1080 t'utt.

1955 1120 2095 1187 Quid
2119 1136 2247 1174 vero
2271 1121 2402 1174 totis
2429 1120 2515 1174 bis
2538 1119 2698 1172 annis
2728 1120 2987 1172 tredecim
3014 1118 3297 1173 Gennadio
3322 1118 3523 1171 factum

1957 1212 2047 1274 sit,
2097 1211 2358 1266 divinavit
2406 1211 2656 1265 Allatins.
2700 1208 2892 1276 Neque
2940 1210 3086 1262 enim
3133 1224 3161 1261 a
3195 1209 3384 1262 Grateo
3413 1208 3523 1261 uilo

1958 1313 2179 1357 auctore
2216 1302 2407 1356 didicit
2430 1318 2552 1355 eum
2581 1302 2862 1356 catholica:
2908 1300 3054 1362 ﬁdei,
3090 1315 3249 1366 quam
3297 1299 3527 1353 Floren-

1960 1395 2049 1448 tiae
2085 1410 2208 1448 cum
2256 1392 2378 1447 aliis
2424 1392 2630 1447 Graecis
2680 1394 2959 1461 professus
2998 1389 3195 1451 fuerat,
3225 1386 3525 1443 observan-

1959 1485 2253 1550 tissiumm,
2301 1483 2710 1537 scitismasticos
2773 1496 2907 1535 voce
2968 1491 3022 1535 et
3048 1480 3269 1548 scriptis
3328 1478 3527 1530 contir-

1961 1590 2137 1628 tnasse
2162 1613 2176 1637 ,
2215 1574 2515 1643 praesertim
2560 1590 2687 1628 vero
2720 1572 2962 1626 Marcum
3008 1572 3298 1639 Ephesium
3350 1572 3525 1624 schis-

1959 1667 2120 1722 matis
2160 1667 2604 1734 antesignanum,
2649 1663 2950 1734 Latinoque
2977 1664 3182 1717 nomini
3213 1662 3525 1716 inl'ensissi-

1962 1775 2132 1813 mum.
2157 1756 2295 1825 Quia
2337 1768 2514 1811 tamen
2549 1774 2614 1811 ex
2647 1758 2814 1812 variis
2858 1757 2994 1811 actis
3026 1764 3082 1809 et
3130 1753 3521 1819 monumentis,

296 1853 372 1894 tot
410 1844 800 1900 catholicorum
848 1848 968 1902 libri
1005 1851 1135 1902 editi
1180 1850 1249 1905 ab
1304 1852 1462 1905 :muis
1510 1852 1755 1921 triginta,
1806 1852 1859 1905 in
1894 1836 1934 1890 Β
1963 1866 2191 1920 quorum
2225 1865 2396 1919 pauca
2436 1849 2584 1903 edita
2622 1858 2770 1909 sunt.
2808 1849 3014 1918 reliqua
3046 1857 3335 1902 servantur
3363 1846 3416 1898 in
3447 1845 3526 1898 bi-

295 1932 495 1999 qnibns
546 1934 815 1990 Arcutlius
866 1940 1086 2007 vapulat
1121 1948 1378 2009 tanquam
1425 1954 1715 2011 perpetuus
1754 1942 1859 1997 Ec-

298 2023 481 2076 clesia:
510 2022 710 2078 Graicac
740 2027 1138 2096 calumniator;
1189 2032 1387 2087 Allatio
1438 2049 1542 2089 non
1585 2035 1859 2102 parcitur;

297 2111 696 2183 Gatyopltyllus
724 2125 777 2167 et
801 2117 889 2170 alii
923 2116 1409 2190 lltsllentitttastigcs
1435 2139 1574 2192 saepe
1609 2125 1865 2179 rcfullun-

304 2211 413 2254 tur.
462 2202 563 2266 Qui
615 2204 780 2271 igitur
846 2205 1095 2277 Syt'igutn
1156 2218 1410 2280 tanquam
1474 2202 1864 2281 ὑποϐολιμαῖον

304 2293 647 2361 scriptorem,
697 2296 1040 2353 Gennadium
1079 2312 1135 2354 ut
1164 2304 1532 2376 Λατιίιόφρονα
1573 2306 1864 2360 traducere

302 2385 357 2439 in
385 2386 623 2439 animum
660 2389 944 2444 induxerat
972 2407 1155 2459 suum,
1193 2392 1425 2450 debebat
1456 2396 1502 2453 is
1536 2400 1725 2467 procul
1758 2399 1860 2453 du-

302 2477 390 2529 hi0
420 2493 524 2530 non
555 2477 839 2548 Allatium,
872 2496 979 2536 non
1008 2484 1331 2554 Arcudium,
1373 2502 1482 2542 non
1506 2487 1860 2543 Possevinum

298 2570 633 2634 exscribere,
666 2574 759 2626 sed
802 2574 1019 2630 codices
1044 2593 1176 2631 mss.
1205 2578 1270 2631 ad
1302 2594 1441 2648 quos
1479 2596 1856 2649 provocamus,

298 2672 359 2713 ea
386 2659 451 2713 de
479 2659 763 2716 Gennadio
790 2661 1018 2729 dicturi,
1052 2682 1172 2736 quae
1197 2668 1344 2723 nulla
1376 2669 1633 2737 deinceps
1656 2670 1865 2723 ratione

301 2753 485 2805 vocari
520 2753 733 2821 possint
764 2756 818 2808 iu
862 2756 1115 2813 dubium.
1168 2759 1273 2813 Sed
1320 2761 1472 2830 prius
1517 2743 1769 2816 videntur
1811 2763 1863 2815 in

300 2843 535 2896 medium
578 2844 892 2900 adducenda
929 2864 1051 2918 qua:
1104 2849 1171 2902 ab
1222 2852 1542 2907 auctoribus
1584 2852 1867 2907 catholicis

301 2935 369 2988 de
403 2934 685 2991 Gennadio
716 2937 916 3006 scripta
946 2949 1093 3002 sunt,
1144 2940 1348 3008 quibus
1383 2956 1536 2995 suam
1589 2942 1868 2997 Sntitbeus

294 3024 726 3098 disputationem
795 3040 1057 3101 tanquam
1120 3032 1452 3088 certissimis
1496 3033 1868 3089 fundamentis

301 3122 687 3189 superstruxit.

1970 1943 2292 2007 bliothecis,
2332 1941 2654 2011 intelligitur
2704 1940 2892 1995 eodem
2946 1949 3193 2008 tempore
3234 1936 3523 2008 quemdam

1967 2032 2257 2101 Georgium
2281 2033 2624 2088 Scholarium
2656 2031 2839 2086 Marco
2868 2031 3101 2100 Ephesio
3128 2045 3338 2083 summa
3371 2028 3524 2082 fatui-

1969 2124 2201 2179 liaritate
2224 2125 2596 2191 coniunctum,
2632 2124 2798 2177 multa
2826 2122 3090 2176 adversus
3142 2122 3364 2176 Latinos
3392 2122 3527 2176 scri-

1969 2218 2163 2286 psisse,
2190 2208 2480 2271 Matthzcus
2512 2215 2926 2285 Caryophyiius,
2958 2225 3150 2269 etcum
3175 2222 3398 2286 secutus
3415 2212 3525 2267 Leo

1967 2308 2224 2375 Allatius,
2249 2307 2387 2362 duos
2402 2306 2738 2371 Gennadios,
2762 2308 2900 2361 duos
2923 2281 3527 2373 Georgios'St-holarios

1969 2398 2310 2461 cﬁinxcrunt,
2345 2397 2494 2451 illum
2534 2398 2626 2466 qui
2656 2396 2889 2450 concilio
2916 2394 3228 2449 Florentino
3256 2392 3524 2461 interfuit,

1970 2491 2335 2554 catholicum;
2367 2489 2596 2543 alterum
2636 2488 3013 2544 schitnaticum
3053 2502 3179 2541 esse
3225 2485 3522 2554 jusserunt.

1970 2580 2069 2636 llic
2108 2580 2409 2636 monachus
2450 2580 2648 2644 factus,
2681 2578 2944 2634 Gennadii
2979 2594 3172 2631 nomen
3202 2577 3362 2631 simul
3401 2592 3523 2630 cum

1973 2672 2157 2726 habitu
2209 2672 2484 2740 religionis
2530 2670 2771 2740 accepit;
2802 2671 2894 2724 ille
2932 2686 2995 2723 ex
3035 2669 3172 2722 laico
3219 2670 3394 2721 laetus
3439 2685 3529 2733 pa-

1972 2763 2211 2817 triarcha
2265 2771 2387 2829 post
2443 2774 2654 2832 captam
2711 2762 2922 2828 urbem,
2964 2761 3276 2816 Gennadius
3314 2776 3530 2828 quoque

1974 2870 2114 2909 noro
2145 2854 2367 2910 nomine
2397 2855 2703 2925 appellatus
2731 2853 2854 2915 fuit,
2890 2855 2980 2921 qui
3014 2863 3138 2922 post
3167 2868 3340 2909 annos
3373 2858 3530 2921 quiu-

1972 2961 2099 3014 que,
2126 2944 2388 3013 depositis
2420 2944 2607 2998 infulis
2635 2944 3116 3013 patriarchaiibus.
3167 2944 3220 2996 in
3256 2956 3530 2996 munaste-

1974 3039 2116 3094 rium
2167 3054 2223 3094 se
2273 3038 2496 3106 recepit,
2527 3047 2691 3105 atque
2743 3051 2888 3090 anno
2944 3036 3169 3089 circiter
3218 3035 3353 3090 1460
3388 3035 3528 3088 dietn

1876 3156 1938 3215 νδ
1975 3146 2135 3185 suum
2163 3128 2322 3184 obiit.
2346 3129 2461 3183 lmo
2488 3128 2652 3183 alium
2672 3126 2959 3197 quemdam
2986 3125 3275 3195 Georgium
3306 3125 3531 3180 Schola-

373 3214 812 3286 Gennadius,qui
833 3216 1039 3287 primus
1055 3216 1406 3271 novaeIlomze
1424 3218 1733 3287 patriarcha
1750 3226 1868 3288 post
1893 3201 1940 3253 υ
1974 3221 2109 3275 rium
2134 3220 2436 3276 Gortesium
2464 3220 2741 3275 exstitisse
2761 3219 3075 3288 suspieittur
3096 3219 3347 3282 Allatius,
3370 3234 3530 3285 quem

307 3304 437 3374 illlpt
457 3306 520 3360 rii
562 3306 876 3361 Grtccorum
900 3307 1193 3364 Orientalis
1222 3308 1492 3363 excidium
1527 3311 1868 3364 renuntiatus

307 3407 412 3462 est,
460 3406 586 3452 ante
636 3410 948 3467 susceptam
999 3399 1316 3467 dignitatem
1350 3398 1565 3469 Georgii
1597 3399 1865 3453 Scholarii

305 3506 505 3545 nomen
570 3492 779 3548 habuit.
838 3494 916 3545 lta
982 3501 1254 3547 testantur
1312 3503 1564 3547 auctores
1615 3493 1869 3548 Historia:

307 3583 926 3653 Constantinopolitanae
959 3584 1097 3652 apud
1137 3583 1392 3639 Grusium
1426 3585 1480 3638 in
1508 3581 1869 3638 Turco-Grae-

307 3676 390 3730 cia
424 3694 437 3731 :
475 3693 495 3727 ι
531 3675 825 3745 Elcgerunt
850 3714 865 3739 ,
915 3675 1113 3745 inquit,
1155 3675 1540 3745 pltilOSOphum
1587 3675 1865 3729 dominum

307 3767 623 3837 Georgium,
656 3765 832 3820 virum
866 3775 1115 3819 sanctum
1143 3774 1195 3819 et
1232 3766 1399 3835 pium,
1421 3765 1661 3834 judicem
1696 3766 1868 3837 impe-

310 3860 500 3914 ratorii
540 3857 754 3928 jndicii,
788 3867 841 3911 et
871 3857 1191 3912 electionem
1218 3859 1337 3926 ejus
1383 3856 1541 3927 juxta
1583 3866 1873 3911 consuetu-

311 3954 492 4007 dinem
545 3952 1032 4006 acclamationibus
1074 3950 1521 4020 comprobantés,
1569 3952 1871 4004 constitue-

319 4051 448 4098 runt
505 4038 917 4113 patriarcham,‘
947 4040 1284 4110 appellantes
1337 4054 1459 4094 eum
1507 4036 1869 4093 Gennadium.

312 4136 491 4201 Hunc,
518 4146 575 4192 ut
597 4137 788 4191 scribit
809 4135 1076 4199 llalaxus,
1106 4134 1344 4189 Joannes
1361 4132 1720 4203 Palmologus,
1746 4147 1872 4185 cum

314 4230 368 4282 in
399 4226 686 4281 Franciam
721 4242 815 4281 seu
849 4225 1057 4279 Italiam
1081 4223 1543 4294 proﬁcisceretur,
1570 4224 1660 4276 ubi
1696 4222 1877 4275 habita

313 4326 397 4369 est
426 4326 616 4370 octava
649 4316 911 4384 synodus,
949 4328 1131 4369 secum
1176 4313 1331 4366 duxit
1365 4321 1618 4381 tanquam
1665 4312 1880 4380 sapien-

315 4412 610 4466 tissimum.
664 4426 684 4459 ι
734 4408 790 4462 ln
839 4407 988 4461 Actis
1034 4405 1239 4460 Grmcis
1296 4402 1621 4458 Florentium
1664 4403 1876 4472 synodi,

1970 3324 2244 3367 auctorem
2296 3312 2569 3366 existimat
2616 3312 2956 3365 diversorum
3006 3313 3268 3365 adversus
3310 3310 3532 3364 Latinos

1968 3418 2228 3472 operum;
2265 3410 2429 3472 atque
2499 3403 2571 3456 ita
2605 3410 2715 3457 tres
2771 3400 3032 3470 Georgius
3095 3401 3409 3457 Seltolarios
3477 3413 3535 3457 et

1970 3495 2281 3552 Gennadios
2314 3505 2585 3559 recenset,
2618 3496 2735 3558 sed,
2779 3506 2837 3549 ut
2870 3495 3012 3551 infra
3047 3496 3342 3562 videbitur,
3378 3495 3535 3565 plane

1969 3585 2283 3642 infeliciter.
2339 3585 2489 3641 lianc
2537 3596 2718 3641 tamen
2773 3588 2892 3655 ejus
2943 3587 3313 3655 conjecturam
3361 3587 3533 3643 secuti

1969 3688 2095 3733 sunt
2129 3694 2319 3734 omnes
2363 3679 2534 3733 ferme
2590 3678 2872 3747 theologi,
2918 3680 3090 3733 donec
3142 3679 3205 3734 Β.
3237 3678 3427 3734 Simon
3453 3678 3536 3731 vir

1971 3771 2320 3825 doctissimus
2347 3770 2533 3824 docuit
2572 3769 2896 3824 certissimis
2937 3770 3275 3839 argumentis
3317 3770 3534 3823 unicum

1973 3859 2143 3914 fuisse
2165 3859 2527 3915 Gennadium.
2557 3859 2691 3925 Quia
2724 3869 2904 3913 tamen
2940 3860 3054 3913 haec
3094 3858 3247 3926 quasi
3291 3857 3344 3910 in
3393 3874 3535 3925 mp-

1975 3954 2125 4023 ἐργῳ
2157 3952 2226 4007 ab
2260 3967 2325 4005 eo
2366 3953 2569 4021 scripta
2595 3961 2743 4015 sunt,
2786 3966 2910 4004 cum
2938 3949 3178 4004 brevitas
3209 3950 3389 4017 operis
3427 3964 3534 4001 non

1975 4051 2251 4112 pateretur
2291 4051 2348 4095 ιιι
2388 4051 2556 4095 totam
2588 4056 2651 4096 ex
2684 4041 2925 4109 antiquis
2993 4040 3360 4093 monumentis
3386 4055 3537 4108 quae-

1976 4133 2213 4187 stionem
2269 4132 2604 4200 explicaret,
2639 4139 2883 4198 supercst
2925 4138 2985 4183 ut
3035 4136 3297 4190 quantum
3354 4127 3538 4182 licebit

1978 4224 2164 4294 paucis
2203 4237 2320 4277 eam
2350 4221 2718 4290 expediamus.

2052 4312 2361 4369 Gennadius
2412 4326 2544 4365 sane
2599 4311 2688 4380 qui
2730 4309 2943 4379 Georgii
3000 4308 3269 4365 Scholarii
3328 4325 3526 4363 nomen

1983 4406 2192 4472 Itahttit,
2254 4406 2427 4474 patria
2497 4414 2554 4457 ut
2612 4405 2827 4456 videtur
2880 4401 3537 4473 Constantinopolitanns,

317 4517 455 4569 sess.
491 4500 580 4565 25,
630 4497 845 4567 Georgii
874 4495 1144 4550 Scholarii
1195 4494 1356 4548 verba
1397 4494 1463 4547 ad
1499 4494 1876 4564 imperatorem
1912 4528 1954 4583 ο
1985 4494 2255 4559 docttina,
2306 4496 2613 4565 eloquentia
2670 4502 2721 4546 et
2750 4491 2892 4562 juris
2946 4492 3133 4561 peti‘ia
3196 4507 3440 4557 tragnam
3474 4492 3540 4540 ab

317 4591 647 4652 referuntur,
682 4603 710 4640 a
740 4602 849 4657 quo
874 4594 1093 4655 rogatus
1121 4585 1444 4640 sententiam
1478 4583 1545 4639 de
1585 4584 1878 4638 sancienda

316 4698 440 4739 cum
482 4681 695 4736 Latinis
734 4679 1067 4744 concordia,
1114 4676 1395 4746 respondit
1444 4691 1503 4730 se
1556 4675 1665 4744 jam
1718 4675 1879 4730 editis

316 4774 655 4831 orationibus
697 4772 1018 4840 expdsuisse
1050 4774 1184 4839 'qna:
1216 4767 1321 4823 sibi
1370 4782 1523 4821 mens
1569 4776 1735 4830 esset,
1770 4782 1883 4817 am-

318 4864 479 4935 plecti
510 4863 766 4917 Romana:
786 4861 1044 4917 Ecclesia:
1071 4858 1375 4915 doctrinam
1406 4859 1469 4911 de
1504 4856 1769 4925 capitibus
1794 4854 1882 4907 in-

316 4970 401 5013 ter
449 4968 737 5024 utramque
788 4953 1090 5008 Ecclesiam
1140 4950 1536 5013 controversis,
1587 4964 1707 5017 qna:
1756 4962 1881 5000 mox

315 5047 563 5117 synodali
593 5046 906 5102 deﬁnitione
939 5045 1211 5114 explicata
1252 5050 1398 5096 sunt.
1434 5041 1632 5095 Earum
1665 5054 1883 5108 quoque

314 5141 624 5196 orationum
667 5139 868 5193 mentio
921 5138 978 5191 ﬁt
1030 5137 1083 5190 in
1120 5133 1385 5205 Apologia
1416 5131 1635 5202 Josephi
1678 5132 1884 5186 Metho-

316 5236 542 5297 ncnsis;
579 5242 632 5285 et
667 5244 859 5300 magna
893 5229 1035 5284 inter
1063 5229 1311 5283 eruditos
1340 5225 1569 5296 qua-stio
1612 5236 1716 5287 est,
1752 5241 1878 5277 mtm

313 5327 381 5379 de
412 5325 480 5379 iis
508 5339 645 5396 quas
673 5323 937 5376 habemus
959 5310 1148 5376 Graece
1178 5326 1233 5373 et
1252 5315 1443 5371 Latine
1470 5315 1523 5369 in
1557 5314 1881 5367 Bibliotltera

316 5416 563 5479 Patrum,
595 5423 648 5470 et
679 5416 733 5467 in
768 5411 1125 5467 conciliorum
1160 5407 1594 5463 Collectionibus
1618 5446 1633 5470 ,
1682 5404 1883 5459 intelli-

314 5508 487 5578 genda
538 5508 649 5562 sint
688 5504 1002 5561 Graecorum
1056 5501 1315 5556 Actorum
1347 5500 1527 5552 verba.
1584 5498 1711 5550 Erat
1753 5505 1880 5549 tunc

311 5602 580 5672 Georgius
610 5597 930 5653 Scltolarius
964 5598 1110 5651 inter
1139 5589 1632 5662 laicos,judexque
1673 5590 1876 5657 prima-

323 5695 440 5749 rius
465 5692 601 5748 aula‘
656 5691 1058 5759 imperatoriae;
1102 5696 1265 5755 atque
1315 5683 1452 5737 adeo
1491 5681 1621 5735 ttihil
1658 5682 1875 5742 mirum,

312 5768 464 5863 quod
489 5788 546 5843 ia
581 5784 899 5844 deﬁnitione
934 5781 1191 5854 synodica
1229 5774 1521 5835 scribendo
1550 5790 1656 5829 non
1688 5774 1877 5827 adlue-

1986 4587 2210 4640 ineunte
2241 4595 2401 4639 wlate
2447 4583 2645 4638 famam
2711 4585 2847 4651 apud
2905 4598 3032 4637 suos
3086 4592 3432 4643 consecutus,
3487 4582 3538 4633 in

1991 4678 2127 4731 aulzt-
2158 4674 2517 4745 imperatoria:
2548 4672 2853 4727 ministerio
2889 4671 3011 4731 fuit,
3067 4680 3351 4738 antequam
3382 4668 3517 4721 Joan

1985 4785 2081 4823 nes
2107 4767 2442 4836 Palaaologus
2508 4764 2562 4817 in
2610 4764 2815 4816 Italiam
2880 4761 3337 4830 proﬁcisceretur.
3392 4757 3543 4811 Tune

1983 4878 2111 4916 vero
2150 4858 2353 4928 judicis
2414 4854 2655 4926 primarii
2716 4869 2915 4907 munus
2978 4849 3544 4918 sustinebat,Kpt:ij;

1982 4955 2083 5016 τῆς
2141 4947 2433 5020 βασιλικῆς
2467 4945 2726 5015 κρίσεως,
2788 4950 2847 4995 ιιι
2899 4957 3004 4995 non
3067 4941 3239 4995 Solum
3303 4938 3544 4994 Historia

1982 5043 2201 5114 politica
2254 5048 2308 5093 et
2356 5035 2724 5092 ecclesiastica
2771 5031 2913 5103 apud
2948 5031 3346 5096 Crusium,scd
3412 5030 3543 5083 varii

1983 5138 2146 5191 etiam
2193 5131 2585 5202 Opusculorunt
2645 5126 2787 5181 titttli
2846 5134 3138 5181 testantur.
3192 5125 3544 5194 Negotiornm

1985 5225 2100 5290 ipse
2126 5223 2427 5276 molestiam
2449 5220 2803 5287 conqueritur
2829 5217 2891 5271 ad
2930 5216 3267 5285 Philelphum
3302 5215 3547 5268 setibcns

1986 5312 2070 5365 his
2103 5308 2323 5363 verbis:
2370 5306 2509 5361 Ἀλλ’
2545 5305 2649 5359 ὑπὸ
2678 5307 2788 5359 τῶν
2808 5306 2863 5357 ὲν
2900 5304 2977 5374 τῷ
3010 5305 3252 5366 δικάζειν
3298 5301 3545 5368 Θορύϐων

1983 5402 2090 5455 οὐδ’
2154 5402 2412 5454 ἀναπνεῖν
2472 5399 2655 5468 σχεδὸν
2718 5395 3193 5466 συγχωρούμενυς,
3253 5394 3345 5444 καὶ
3392 5394 3541 5446 ἄκων

1983 5492 2345 5562 ἐξαμαρτάνω
2390 5509 2441 5543 τι
2478 5493 2615 5560 πρὸς
2637 5492 2765 5551 τοὺς
2828 5489 3039 5556 φίλους.
3091 5484 3195 5538 Sed
3216 5484 3543 5552 judirt’ortmt

1984 5586 2213 5639 tutnultu
2283 5598 2578 5652 oppressus,
2637 5582 2722 5633 ria:
2779 5579 3040 5645 respirare
3090 5584 3148 5628 ut
3197 5576 3542 5633 concedatur.

1981 5678 2141 5731 etiam
2173 5677 2363 5728 inritus
2406 5672 2788 5740 ttount’ltilcrga
2833 5666 3328 5735 amicosdelinquo.
3386 5666 3541 5731 Quod

1984 5772 2144 5827 ctiam
2180 5771 2231 5822 in
2255 5769 2373 5822 aliis
2407 5764 2736 5838 quibusdam
2790 5759 2857 5813 ad
2916 5758 3121 5811 amicos
3186 5757 3450 5827 epistolis,
3489 5766 3543 5811 et
