3998 6464
499 335 612 403 255

1589 327 1965 390 ΟΕΝΝΑΒΙῙ
2005 327 2111 389 CP.
2157 325 2666 387 PATRIARCH£

3665 318 3788 380 236

505 453 558 501 in
593 445 934 501 erattooibus
981 443 1342 516 apologetiris
1376 458 1484 498 non
1517 443 1755 498 obscure
1804 441 2078 510 designat.
2115 443 2159 498 Α
2191 441 2425 492 nondum
2458 439 2786 492 tricesimum
2845 451 3046 490 annum
3088 447 3326 504 egressus
3373 431 3608 501 ﬁrmiter
3648 442 3784 488 sta-

502 540 713 594 Iuterea
735 550 860 590 cum
890 536 1230 592 doctissimis
1255 536 1426 602 Italis,
1451 535 1750 591 Franciseo
1776 533 2080 600 Pliilelpim,

514 628 808 684 Ambrosio
863 627 1292 690 Camaldulensi,
1333 626 1517 682 Marco
1575 627 1876 695 Lipomano
1911 623 2084 692 patri-

504 721 581 774 tio
624 719 852 784 Veneto,
887 719 1198 774 litterarum
1236 719 1628 773 commercium
1667 717 2085 786 babebat,qua-

504 828 624 864 rum
657 813 846 882 plures
889 821 1115 866 exstant
1167 811 1311 865 hatid
1375 811 1712 879 inelegantes
1773 810 1828 862 in
1895 809 2086 862 codice

505 903 672 973 itcgio
725 903 891 968 2955,
950 903 1139 972 paucae
1187 904 1240 957 in
1311 903 1628 957 Colbertino
1689 901 1865 966 4958;
1895 913 2083 954 verum

504 997 1120 1060 summalibrariorum
1176 995 1534 1067 negligentia,
1581 997 1700 1048 sine
1731 995 1819 1049 die
1868 1002 1924 1049 et
1951 1007 2086 1049 con-

504 1089 646 1151 sule,
672 1098 766 1144 aut
799 1088 919 1142 loco
954 1089 1099 1142 unde
1143 1090 1326 1143 missae
1359 1098 1510 1151 sunt,
1543 1089 1680 1142 adeo
1734 1097 1792 1142 ut
1845 1087 2085 1143 historice

503 1176 772 1232 Gennadii
802 1163 1136 1233 mediocrem
1167 1179 1396 1231 omnino
1429 1179 1605 1231 lucem
1646 1177 1899 1233 alie-rant.
1961 1177 2085 1231 Phi-

506 1272 724 1340 ielphus
753 1271 976 1340 ipse“)
1035 1269 1226 1326 Greco
1275 1273 1510 1339 quodam
1561 1271 1805 1325 carmine
1851 1277 2087 1324 testatur

508 1377 570 1414 se
593 1361 880 1415 admodum
902 1364 1157 1428 juvenem
1207 1364 1261 1414 in
1293 1361 1414 1430 ejus
1443 1363 1622 1415 adhuc
1670 1360 1891 1429 juvenis
1927 1358 2085 1414 fatni-
2113 1354 2120 1362 ’

505 1451 800 1506 iiaritatcm
836 1453 1070 1517 venisse,
1107 1451 1582 1522 Constantinopoli
1620 1469 1746 1507 cum
1781 1463 1950 1508 esset.

697 1559 810 1629 ⁸⁸οἶ
825 1576 916 1626 μοι
947 1561 1059 1614 butt
1088 1562 1192 1629 νέῳ
1239 1563 1435 1629 νεαρὸν
1463 1563 1602 1616 πάνυ
1644 1563 1731 1616 διὰ
1760 1563 1941 1616 θεάων

751 1627 848 1681 Ἐν
872 1629 1141 1696 Βύζαντος
1166 1627 1274 1701 ἔρῳ
1293 1627 1470 1701 ἥψατο
1497 1633 1805 1702 Καλλιόπη.

547 1720 715 1787 Quem
743 1723 931 1796 juveni
955 1727 1028 1778 nti
1073 1726 1222 1788 olim,
1248 1726 1495 1794 juvenem
1550 1725 1806 1796 Byzantis
1843 1727 1897 1780 in
1921 1741 2050 1781 uroe

820 1795 1088 1860 Calliopes
1120 1796 1235 1850 Dia:
1270 1797 1573 1851 conciliavit
1600 1795 1778 1851 arnor.

510 1907 594 1963 Ad
625 1919 873 1964 nostrum
929 1912 1074 1964 enim
1110 1910 1452 1966 Gennadium
1517 1911 1758 1980 pertinet
1806 1911 1910 1968 hoc
1958 1909 2090 1966 Phi-

512 2000 676 2070 ielphi
701 2018 945 2067 carmen,
996 2019 1129 2066 non,
1186 2016 1244 2058 nt
1273 2013 1462 2060 censet
1513 2006 1769 2069 Allatius,
1806 2006 1872 2058 ad
1903 2003 2091 2060 nescio

511 2109 674 2163 quem
710 2092 1002 2164 Georgium
1053 2097 1397 2152 Sebolarium
1454 2095 1826 2163 Gennadinm,
1882 2108 2086 2153 metro-

513 2187 733 2256 politani
765 2187 1092 2242 Pbasornm.
1137 2194 1480 2260 Argumenta
1512 2199 1596 2245 est
1632 2207 1794 2259 quam
1823 2208 1944 2245 mox
1970 2193 2088 2246 lau-

513 2279 764 2333 davimus
793 2279 1050 2348 epistola,
1076 2297 1198 2350 qua:
1234 2282 1286 2336 iu
1326 2282 1497 2354 Regio
1538 2285 1728 2338 codice
1761 2293 1954 2337 octava
1984 2292 2088 2346 est,

511 2386 620 2441 qtta
704 2371 989 2443 Phileipho
1057 2375 1297 2440 scribit,
1357 2375 1679 2445 imperatori
1739 2391 2089 2446 summopere

515 2463 788 2535 placuisse
843 2470 1085 2537 scriptas
1148 2469 1216 2522 ab
1276 2484 1342 2522 co
1375 2469 1616 2530 litteras.
1654 2469 1814 2539 cujus
1865 2484 2088 2538 perspe-

511 2569 656 2613 ctam
687 2558 915 2616 haberet
949 2575 1078 2630 erga
1138 2578 1197 2617 se
1235 2563 1655 2616 humanitatem.
1712 2560 1979 2618 Utebatnr
2013 2562 2091 2617 fa-

516 2652 890 2710 miliarissime
950 2654 1222 2726 Georgius
1274 2653 1600 2710 Scholarius
1683 2653 1829 2709 Luca
1887 2655 2088 2710 Notara

515 2758 716 2814 magno
745 2744 903 2809 duce,
963 2745 1314 2816 imperatoris
1371 2744 1600 2800 Joannis
1645 2745 1930 2816 Palaeologi
1997 2761 2091 2815 ge-

513 2853 670 2903 nero,
721 2838 790 2893 ad
834 2853 996 2909 quem
1056 2847 1275 2894 exstant
1329 2840 1535 2908 aliquot
1586 2855 1693 2894 non
1751 2839 2092 2909 inelegantes

513 2930 790 3000 Epistolte.
853 2939 910 2987 et
963 2930 1124 2987 ducis
1187 2932 1253 2986 ad
1314 2931 1702 2999 Scbolarium;
1741 2932 2092 3001 imperatoris

509 3023 756 3094 ejusdem
784 3023 953 3079 fratre
983 3023 1348 3079 Constantino
1395 3023 1724 3093 Palaeologo,
1773 3027 1864 3094 qui
1920 3023 2092 3090 impe-

2189 535 2384 588 tuerim
2417 542 2471 588 et
2501 534 2724 588 reuerita
2753 531 2992 595 Christo,
3027 529 3410 599 magistratum
3463 537 3521 580 ut
3555 527 3784 582 inrora-

2189 625 2406 678 ntodum
2436 624 2690 694 quiddam
2718 625 2977 694 negotium
3006 624 3278 685 abdicare,
3313 634 3365 680 et
3392 627 3463 678 ad
3496 625 3785 688 priuatam

2185 720 2374 780 vitam,
2428 734 2588 788 quam
2639 693 2886 772 Christh
2924 716 3073 772 nobis
3104 717 3418 786 designavit,
3469 717 3778 782 declinare,

2191 819 2445 880 tanquam
2472 809 2654 863 multa
2682 809 3049 878 philosophice,
3082 811 3192 880 spei
3217 826 3420 882 quoque
3453 811 3780 877 futurorum

2185 914 2233 958 et
2267 919 2370 957 uno
2401 905 2558 958 verbo
2587 904 2711 958 boni
2742 903 3103 973 cujuscunque
3127 903 3522 971 plenissimam,
3583 903 3778 958 nullus

2188 996 2423 1049 arbitror
2448 1012 2684 1050 meorum
2733 996 2921 1050 civium
2950 998 3184 1065 ignorat.
3218 994 3453 1050 Causam
3491 1009 3594 1051 eur
3649 1006 3780 1050 tan-

2185 1087 2277 1141 diu
2300 1087 2598 1151 distulerit,
2633 1087 2802 1143 fuisse
2828 1085 2995 1142 refert
3041 1093 3328 1158 parentum
3375 1102 3593 1149 curam,
3629 1101 3780 1156 quos

2187 1181 2243 1234 in
2284 1179 2446 1234 senili
2507 1186 2670 1234 aetate
2700 1177 3001 1234 destituere
3059 1177 3270 1248 absque
3330 1178 3614 1248 impietate
3676 1177 3778 1232 vix

2187 1281 2428 1342 poterat,
2459 1279 2515 1326 et
2537 1270 2802 1339 quasdam
2827 1270 2984 1325 alias.

2257 1363 2449 1431 Itaque
2485 1361 2588 1417 sub
2618 1359 2833 1416 Joanne
2885 1359 3191 1430 Palteologo
3221 1355 3490 1430 Georgius
3537 1359 3778 1415 Schola-

2189 1463 2304 1516 r'us
2335 1457 2638 1529 imperialis
2672 1455 2881 1528 judicis
2915 1471 3115 1511 munus
3139 1455 3441 1516 sustinens.
3471 1455 3602 1512 cur‘n
3640 1472 3776 1527 pro-

2187 1555 2443 1609 curanda!
2473 1552 2947 1609 concordiazinter
2976 1551 3229 1607 Latinam
3278 1561 3334 1606 et
3354 1551 3609 1608 Graecam
3671 1551 3777 1607 Ec-

2188 1646 2412 1701 riesiam
2444 1660 2612 1700 causa
2668 1644 2972 1716 imperator
3027 1644 3081 1698 in
3119 1644 3330 1698 italiam
3385 1644 3778 1714 proﬁciscere-

2115 1777 2160 1838 Β
2190 1750 2276 1793 tur
2309 1739 2413 1810 (‘2),
2444 1737 2498 1794 ln
2529 1738 2652 1808 ejus
2685 1737 2950 1793 comitatu
3012 1734 3324 1792 Ferrariam
3385 1735 3588 1806 primo,
3645 1753 3774 1792 mox

2194 1833 2522 1888 Florentiam
2543 1831 2716 1886 venit.
2749 1831 2828 1885 ita
2864 1838 3142 1884 testantur
3169 1838 3424 1886 auctores
3457 1829 3637 1910 ferme
3657 1846 3776 1885 om-

2195 1943 2315 1990 nes,
2337 1935 2390 1981 et
2415 1934 2533 1980 acta
2564 1923 2752 1979 Graeca
2789 1922 3031 1978 concilii.
3061 1921 3350 1986 Ferrarius,
3414 1931 3476 1976 ut
3529 1923 3778 1987 videtur,

2193 2018 2415 2086 scripta
2442 2025 2568 2069 sunt
2595 2013 2840 2081 cpistola:
2873 2011 3014 2079 dum,
3080 2027 3188 2066 una
3226 2010 3485 2068 Venetias
3525 2013 3596 2066 ad
3638 2013 3786 2068 )lar-

2192 2123 2316 2161 cum
2343 2106 2732 2174 Lipomanum,
2773 2103 2840 2156 ad
2895 2102 3248 2156 Ambrosium
3287 2103 3779 2159 Cantaldulensem

2192 2202 2386 2253 altera.
2423 2197 2478 2251 in
2517 2199 2693 2266 prima
2721 2195 2914 2250 scribit
2957 2202 3182 2264 Optasse
3237 2210 3295 2249 se
3327 2195 3394 2249 ad
3427 2209 3555 2248 eum
3613 2197 3784 2263 proti-

2193 2288 2352 2350 cisri.
2392 2288 2483 2341 sed
2547 2286 2766 2356 fortuna
2806 2284 3078 2352 quaedam.
3146 2283 3347 2352 inquit,
3403 2300 3484 2337 me
3516 2286 3587 2336 ad
3622 2286 3784 2354 impos

2194 2389 2423 2433 ratorem
2455 2393 2666 2431 currere
2691 2392 2904 2447 cogens,
2928 2375 3109 2428 aureis
3158 2373 3394 2428 ienetiis
3447 2377 3778 2428 commorari

2192 2487 2296 2526 non
2325 2469 2475 2527 sinit.
2512 2485 2675 2537 neque
2708 2468 2906 2536 lepores
2935 2468 3094 2534 hujus
3126 2467 3272 2521 urbis
3329 2480 3378 2521 et
3411 2469 3626 2538 gratias
3686 2469 3779 2523 ds-

2191 2575 2426 2637 gustare,
2455 2565 2508 2617 in
2533 2581 2637 2632 qua
2667 2561 2990 2632 Lipomanus
3045 2564 3276 2628 optimus
3309 2564 3637 2627 primarium
3696 2563 3778 2618 lo-

2193 2677 2312 2713 cum
2347 2658 2573 2721 obtinet;
2607 2659 2700 2712 sed
2738 2656 2919 2710 statim
2967 2667 3122 2724 atque
3171 2671 3475 2710 exscensum
3513 2655 3777 2722 fecimus,

2193 2757 2296 2808 iter
2317 2755 2386 2807 at!
2409 2754 2778 2818 inmeratorem
2811 2767 2904 2820 per
2931 2751 3130 2821 ﬂumen
3171 2749 3528 2804 instituimus.
3572 2747 3778 2820 Nempe

2197 2843 2447 2901 fortassis
2479 2845 2604 2913 quia
2643 2843 2824 2898 serius
2851 2843 3166 2896 advenerat.
3200 2839 3258 2895 in
3301 2841 3474 2896 altera
3519 2841 3588 2895 ad
3647 2841 3776 2896 Am-

2193 2939 2466 3000 brosium,
2491 2953 2652 3007 quem
2683 2947 2790 2992 non
2825 2935 2993 2989 alium
3028 2950 3150 2989 esse
3170 2931 3562 2989 existimamus
3611 2951 3774 3000 quam

2194 3031 2706 3095 Camaltlulensem,
2765 3028 2840 3084 ita
2908 3029 3155 3084 seribit:
3205 3028 3272 3080 At
3348 3027 3779 3098 quandoquidem

510 3117 651 3170 ravit
683 3115 910 3171 ultimus
942 3115 1412 3182 Christianorum,
1446 3117 1510 3169 ad
1543 3131 1704 3182 quem
1740 3117 1946 3181 scripta
2008 3125 2090 3170 est
2121 3129 2166 3190 ς
2197 3143 2314 3179 cun;
2351 3126 2666 3194 torperatore
2687 3122 2778 3191 qui
2805 3130 2854 3176 te
2871 3120 3162 3189 plurimum
3207 3120 3407 3188 diligit,
3433 3135 3533 3172 uos
3573 3135 3779 3190 quoque

513 3207 754 3260 secunda
793 3205 1026 3275 epistola
1068 3205 1221 3273 Regii
1246 3206 1494 3268 codicis;
1525 3205 1818 3261 Theodoro
1852 3205 2089 3276 Despola

513 3313 704 3351 corum
737 3297 926 3360 fratre,
961 3311 1122 3364 quem
1151 3295 1365 3350 funebri
1397 3298 1651 3350 oratione
1686 3297 1952 3360 laudavit,
1973 3313 2094 3366 quae

514 3397 692 3441 exstat
715 3389 768 3440 in
791 3387 982 3441 eodem
1013 3387 1198 3441 collire
1226 3405 1240 3453 ;
1276 3398 1329 3441 et
1354 3387 1477 3443 aliis
1508 3388 1784 3458 przecipue
1847 3389 2094 3460 dignita-

519 3483 591 3534 tis
628 3481 783 3536 viris.
815 3481 964 3536 inter
1005 3481 1412 3536 ecclesiasticos
1461 3480 1677 3537 colebat
1731 3485 1841 3552 pra‘:
1881 3485 2096 3540 ca-teris

517 3574 760 3628 Marcum
796 3573 1200 3644 Ephesium.ad
1225 3589 1385 3644 quem
1415 3582 1596 3628 exstat
1631 3573 1842 3628 decima
1875 3577 2092 3646 quinta,

520 3681 626 3735 qua
681 3667 954 3738 significat
993 3666 1231 3720 ’mittere
1283 3681 1343 3721 se
1397 3666 1774 3720 defensionem
1835 3667 2098 3724 doctrina:

521 3759 837 3814 Aristotelis
881 3768 1073 3814 contra
1123 3758 1466 3814 Gcmisthum
1557 3759 1897 3824 Plethouem,
1981 3770 2093 3816 tum

517 3852 686 3906 etiam
736 3851 1219 3922 Nomophyiaretn,
1284 3850 1772 3922 Charwphylarem
1851 3853 2093 3908 Paisium

519 3946 698 4002 Creta:
737 3955 796 4002 ut
845 3946 1062 4001 videtur
1132 3945 1630 4014 archiepiscopum,
1692 3953 1745 3999 et
1796 3945 1933 4001 alios
1987 3922 2095 4000 non

524 4057 752 4109 paucos.
777 4039 855 4095 Ad
891 4039 990 4095 hos
1035 4048 1256 4094 exstant
1309 4038 1564 4108 Epistolas
1587 4038 1656 4092 de
1713 4039 1940 4107 privatis
1987 4039 2097 4108 ple-

519 4149 752 4203 rumque
809 4135 1060 4200 negotiis,
1115 4147 1314 4187 omnes
1381 4131 1503 4186 sine
1590 4131 1679 4184 die
1735 4143 1789 4185 et
1849 4132 2095 4186 consule.

523 4229 716 4282 Plures
762 4227 960 4296 opinor
1020 4225 1440 4287 interciderunt,
1473 4223 1598 4292 quia
1655 4223 1940 4277 electiores
1981 4235 2098 4276 tan-

521 4320 806 4374 tummodo
829 4318 1044 4372 selecta:
1075 4317 1338 4369 videntur
1379 4315 1572 4378 fuisse,
1609 4323 1666 4369 ut
1703 4317 1950 4386 antiquis
1995 4315 2099 4372 De-

522 4413 848 4479 mosthenis,
881 4411 1162 4473 isocratis,
1191 4396 1431 4470 Libanii,
1451 4419 1502 4463 et
1530 4410 1653 4464 aliis
1693 4412 2098 4481 praecipuorum

523 4516 812 4560 auctorum
841 4503 1298 4572 adjungerentur,
1331 4511 1388 4554 ut
1419 4503 1471 4555 in
1505 4501 1694 4557 codice
1736 4501 2095 4568 Coibertino;
2133 4484 2174 4537 ί)

525 4600 749 4668 reliqua:
774 4597 1080 4666 perierunt,
1113 4603 1172 4648 ut
1222 4594 1387 4648 multa
1422 4595 1528 4648 alia
1583 4591 1856 4651 Gennadii
1909 4611 2098 4663 opera,

523 4691 650 4760 quia
688 4700 884 4744 auctor
938 4703 1220 4759 nunquam
1259 4703 1346 4749 ea.
1406 4696 1464 4742 ut
1500 4687 1736 4752 videtur,
1796 4687 2098 4759 colligenda

523 4784 775 4850 curarit;
838 4783 934 4839 sed
968 4790 1093 4854 post
1119 4780 1240 4852 ejus
1286 4780 1498 4836 obitum
1545 4795 1574 4833 a
1605 4779 1868 4835 studiosis
1908 4780 1961 4833 in
2009 4796 2102 4851 co-

522 4878 672 4932 dices
695 4877 860 4931 rclata
915 4883 1044 4942 sunt
1074 4889 1421 4942 quascunque
1454 4883 1562 4927 tam
1621 4871 2098 4941 Constantinopoli

521 4952 688 5040 quam
745 4967 800 5021 in
868 4966 1332 5022 monasteriorum
1403 4964 1760 5021 bibliothecis
1810 4963 2100 5020 delitesce-

525 5060 676 5113 bant.
1851 5105 1864 5116 .

596 5149 900 5205 Tricesimo
915 5150 1097 5206 aetatis
1119 5165 1264 5205 anno
1283 5149 1550 5218 Georgius
1573 5147 1896 5203 Scholarins
1917 5157 2102 5202 votum

524 5241 655 5297 fecit
690 5239 1085 5311 amplectenda:
1111 5223 1373 5296 solitariae
1400 5239 1546 5301 vitze,
1571 5241 1716 5309 quod
1746 5246 1931 5292 tamen
1965 5254 2105 5292 non-

528 5333 629 5388 nisi
664 5333 827 5403 pauls
857 5341 986 5388 ante
1036 5342 1252 5404 captam
1313 5331 1530 5395 urbem,
1585 5340 1640 5384 et
1695 5340 1818 5399 post
1874 5327 2104 5384 Joannis

524 5425 812 5497 Palteologi
849 5435 1078 5482 mortem
1123 5424 1410 5494 persolvit.
1467 5423 1541 5476 ita
1577 5423 1643 5477 de
1675 5437 1734 5476 se
1790 5421 1985 5476 scribit
2051 5421 2101 5474 in

527 5518 791 5589 Apologia
849 5519 916 5574 ad
982 5516 1460 5600 Constantinum:
1532 5513 1707 5581 Quod,
1761 5513 1961 5584 inquit,
2010 5530 2103 5583 ego

603 5721 680 5790 (i)
719 5722 1038 5790 Pltib-lpltus
1059 5719 1594 5785 Constantinopolim
1633 5716 1870 5790 juvenis
1917 5713 2088 5790 profe-

531 5782 780 5860 Ctu's'est,
812 5782 1188 5849 Euimanuclis
1215 5782 1563 5864 Cluysoioru:
1615 5789 1777 5844 tiliam
1816 5788 1987 5842 duxit.
2036 5782 2100 5838 V.

2199 3219 2406 3271 unionis
2439 3217 2753 3270 desiderium
2810 3213 2880 3268 ad
2923 3225 3066 3266 tuam
3115 3213 3293 3268 urbem
3345 3212 3634 3281 transfert,
3688 3223 3778 3265 aut

2198 3314 2369 3381 potius
2408 3311 2520 3378 ipse
2567 3324 2631 3361 ex
2688 3307 2784 3361 tali
2843 3306 3107 3360 desiderio
3161 3307 3307 3359 nobis
3358 3303 3780 3372 transmigrandi

2199 3404 2566 3457 necessitatem
2591 3401 2840 3470 imposuit
2867 3417 2885 3464 ,'
2918 3397 3139 3462 reliquis
3169 3397 3378 3464 quidem
3409 3397 3600 3465 sufﬁcit
3631 3407 3779 3450 tua.

2199 3499 2345 3551 adire
2407 3499 2612 3556 urbem,
2658 3505 2708 3548 et
2765 3494 2955 3546 habere
2992 3491 3101 3546 illic
3158 3489 3406 3551 delicias,
3450 3490 3780 3554 spectacula,

2201 3589 2337 3642 ardes
2371 3585 2678 3654 magnificas
2712 3591 2762 3636 et
2817 3581 2928 3635 alia
2985 3580 3294 3634 domesticis
3361 3595 3464 3632 non
3501 3579 3778 3650 inferiora.

2203 3678 2372 3733 Nolis
2404 3695 2520 3732 vero
2548 3676 2800 3746 angulum
2833 3675 3067 3742 aliquem
3114 3671 3338 3725 concede
3365 3670 3442 3723 tui
3472 3672 3782 3724 monasterii

2200 3768 2338 3838 quod
2392 3769 2440 3822 in
2500 3765 2662 3818 chara
2718 3763 2846 3817 urbe
2879 3763 3258 3817 charissimam
3297 3761 3452 3813 habes
3489 3770 3538 3812 et
3597 3779 3776 3816 ornas.

2203 3857 2289 3912 Ita
2315 3875 2401 3911 eos
2435 3856 2528 3926 qui
2553 3854 2858 3922 tegnaxime
2895 3853 3148 3920 diligunt,
3175 3861 3386 3904 tuorum
3425 3849 3522 3928 tibi
3554 3854 3776 3921 conjun-

2199 3951 2451 4005 ctissimis
2496 3965 2597 4002 non
2655 3947 2914 3999 immerito
2959 3945 3230 4014 prmferes,
3291 3953 3516 4014 tuncque
3570 3945 3780 4012 facilius

2201 4060 2307 4096 una
2333 4059 2447 4096 esse
2497 4041 2648 4094 nobis
2698 4040 2900 4099 licebit,
2952 4053 3114 4106 neque
3148 4036 3357 4090 morbos
3419 4038 3784 4101 causabimur,

2203 4151 2364 4204 neque
2379 4144 2580 4187 tantttm
2603 4148 2665 4187 ea:
2688 4131 3003 4198 infelicitate
3023 4139 3208 4182 nostra
3234 4129 3469 4183 dolorem
3491 4132 3785 4197 capiemus.

2185 4225 2352 4300 ‘Qnod
2399 4240 2442 4276 st
2491 4219 2780 4289 aliquando
2828 4235 3040 4280 rursus.
3096 4220 3272 4272 minus
3345 4228 3522 4272 tamen
3573 4219 3786 4272 omnino

2201 4331 2360 4384 quant
2395 4329 2554 4376 nunc,
2589 4325 2683 4366 tea
2721 4311 2869 4365 nobis
2890 4300 3201 4380 disiungunt
3250 4309 3584 4375 publicorum
3625 4326 3782 4376 nego-

2205 4422 2397 4460 tiorum
2432 4422 2597 4462 curw.
2634 4403 2771 4457 hanc
2818 4402 3112 4456 absentiam
3145 4403 3526 4454 monachorum
3571 4402 3684 4455 illic
3715 4403 3786 4456 ri-

2208 4501 2434 4555 ventium
2471 4497 2633 4552 virtus
2662 4508 2711 4550 et
2751 4496 3019 4564 sapientia
3043 4495 3384 4548 solabuntur.
3410 4493 3558 4559 Quos
3582 4496 3784 4563 quidem

2209 4592 2303 4646 sub
2345 4591 2442 4644 tali
2470 4601 2623 4660 patre
2648 4599 2696 4643 et
2735 4597 2934 4641 rectore
2969 4587 3039 4640 ad
3076 4586 3324 4640 uirtutem
3349 4598 3646 4654 provectos.
3689 4587 3788 4637 uti-

2209 4685 2439 4737 lissimos
2471 4693 2520 4736 et
2543 4679 2965 4749 facundissimus
2991 4679 3358 4732 accedentibus
3406 4677 3523 4746 fore
3553 4679 3786 4746 confido,

2210 4778 2340 4830 adeo
2372 4785 2428 4828 ut
2462 4774 2658 4846 singuli
2695 4774 2934 4842 ipsorum
2993 4771 3275 4841 sufficiant
3314 4785 3418 4824 non
3477 4769 3786 4824 habentibus

2207 4879 2434 4936 patrem.

2278 4958 2396 5013 Non
2429 4957 2616 5012 alieno
2665 4954 2736 5010 ab
2799 4951 3179 5010 ecclesiastica
3244 4952 3540 5008 concordia
3612 4955 3788 5006 animo

2208 5051 2554 5107 Stltnlarium
2579 5048 2752 5104 fuisse
2782 5055 2980 5116 praeter
3007 5059 3070 5100 ea
3107 5060 3230 5116 quae
3263 5059 3429 5116 supra
3463 5044 3610 5099 dicta
3639 5052 3784 5106 sunt,

2205 5145 2399 5200 suadet
2439 5141 2702 5210 particula
2736 5139 2982 5210 cpistola:
3003 5137 3070 5194 ad
3086 5153 3342 5208 magnum
3371 5140 3591 5200 ducem,
3624 5153 3784 5208 quam

2207 5239 2388 5293 aliena
2417 5233 2876 5305 interpretatione
2900 5232 3151 5300 corrupit
3201 5228 3461 5293 Allatius.
3487 5228 3619 5283 dum
3673 5245 3784 5283 eam

2207 5345 2274 5385 ex
2315 5325 2527 5382 Grzecia
2585 5325 2848 5393 scriptam
2913 5319 3278 5386 existimavit,
3332 5333 3456 5374 cum
3517 5335 3587 5373 ex
3644 5317 3786 5372 italia

2213 5421 2379 5474 missa
2419 5417 2606 5470 fuerit.
2638 5414 2796 5470 Nunc
2820 5429 2939 5468 vero
2971 5411 3107 5466 scito
3139 5411 3531 5486 nosprazclara
3581 5411 3785 5462 omnino

2213 5508 2622 5579 tranquillitatis
2673 5506 2830 5560 initia
2895 5501 3320 5574 experiri;qn:e
3378 5501 3544 5556 verba
3602 5500 3667 5554 ad
3705 5514 3786 5554 oc-

2199 5712 2456 5782 Poggium
2493 5711 2560 5764 de
2591 5708 2860 5782 Pldielph.
2901 5706 2998 5780 Ep.
3029 5707 3096 5763 ad
3128 5704 3502 5764 Justiaianum
3535 5703 3576 5757 i.
3615 5716 3723 5758 xrt.

2286 5778 2363 5854 (ᾗ)
2395 5783 2550 5837 Auno
2586 5778 2742 5836 H58.
