3998 6464
247 370 350 417 ΨΩ
1760 358 1803 417 ι’
1819 356 1933 413 ΙΤΛ
1949 401 1961 413 .
3401 353 3455 415 2Ῑ
3473 352 3505 413 8

246 370 350 433 2')?
1765 370 1797 417 ι’
1820 370 1833 413 l
1859 370 1933 411 [Α
1949 401 1961 413 .
3401 370 3449 415 2.
3473 370 3505 413 δ

255 481 582 536 ειυείδειίρω
629 478 943 536 concordia
980 490 1130 546 spem
1190 472 1446 526 videntur
1512 466 1822 522 referenda.
1856 474 1900 528 Α
1933 461 2094 515 variis
2116 460 2454 515 bibliotheca:
2481 459 2872 529 [legunt-odi,
2898 474 3089 526 nempe
3114 458 3406 515 Haritiliam
3436 464 3507 516 ad

260 573 365 627 Sed
403 589 525 641 qua:
582 574 784 643 legitur
840 580 946 625 act.
1006 567 1077 620 25
1135 562 1437 619 Florentiui
1499 560 1719 615 concilii
1776 561 1828 610 in

261 661 633 717 Graecis'actis
661 662 884 730 Georgii
916 655 1180 715 Scholarii
1210 652 1537 721 Responsio,
1562 649 1831 718 ejusmodi

262 761 367 816 εει.
401 763 457 806 ut
485 755 601 808 viro
632 756 722 824 pio
754 754 1014 823 pacisque
1045 748 1454 805 studiosissimo
1509 743 1832 811 dignissima

264 842 532 898 videatur.
567 845 809 915 Rogatus
840 844 985 898 enim
1021 842 1089 895 ab
1114 841 1449 907 imperatore
1507 833 1831 889 sententiam

262 932 330 987 de
363 922 580 991 unianis
634 938 896 1000 decreto,
948 936 1020 989 ita
1082 934 1363 1001 reapondit
1388 933 1464 998 (i)
1493 946 1506 981 :
1537 929 1746 999 Optime
1785 936 1833 980 et

258 1028 627 1091 potentissime
654 1030 963 1097 imperator,
996 1042 1155 1097 quam
1188 1042 1281 1095 ego
1315 1022 1528 1093 quidem
1560 1022 1832 1075 habuerim

261 1126 309 1168 et
369 1134 507 1171 nunc
538 1120 761 1174 habeam
832 1122 1147 1174 scrutantium
1207 1121 1273 1171 de
1305 1117 1583 1185 proposita
1627 1116 1835 1167 unionis

264 1211 511 1274 materia,
544 1211 745 1266 indicat
781 1228 951 1265 sermo
997 1228 1029 1264 a
1070 1226 1152 1264 me
1189 1221 1453 1273 utcunque
1489 1208 1830 1277 compositus,

261 1311 310 1352 et
336 1301 459 1354 huic
503 1315 698 1356 nostra:
750 1306 950 1372 synodo
998 1302 1232 1367 oblatas,
1300 1318 1400 1370 quo
1451 1316 1631 1354 sacros
1681 1300 1836 1352 hosce

265 1391 591 1447 adhortabar
622 1394 816 1450 Patres
842 1397 912 1448 ad
958 1396 1205 1449 unionem
1264 1402 1312 1447 et
1367 1393 1628 1445 auxilium
1683 1391 1835 1445 rebus

264 1481 868 1555 Constantinopolitanis
951 1487 1248 1556 ferendum.
1312 1487 1598 1540 Testantnr
1673 1486 1835 1538 etiam

262 1578 367 1630 duo
398 1578 581 1643 libelli,
613 1596 742 1650 quos
798 1591 956 1634 antea
1010 1581 1351 1648 compositos,
1415 1595 1552 1632 nunc
1589 1578 1837 1646 prwsenti

263 1666 460 1733 synodo
491 1670 669 1731 trado,
704 1686 931 1740 quorum
978 1673 1117 1724 alter
1150 1670 1429 1723 consilium
1463 1658 1561 1721 dat
1619 1678 1674 1721 ut
1715 1668 1833 1736 ﬁat,

264 1767 312 1806 et
354 1760 616 1826 quomodo
644 1761 763 1828 ﬁeri
813 1761 999 1816 debeat
1058 1762 1206 1823 unio,
1240 1770 1288 1813 et
1317 1761 1527 1826 exponit
1582 1758 1837 1829 quidquid

262 1847 411 1899 aliud
445 1852 513 1900 ad
548 1854 686 1902 hanc
714 1853 996 1904 materiam
1048 1861 1291 1916 spectat:
1330 1852 1466 1904 alter
1522 1865 1636 1904 vero
1695 1865 1837 1918 (μαε-

263 1942 487 1990 stionem
519 1940 690 2003 ipsam
746 1950 964 2004 tractat,
992 1952 1172 2011 estque
1204 1941 1285 1993 illi
1315 1957 1505 2010 scapus
1561 1946 1836 1995 ostendere

264 2029 505 2082 doctores
546 2028 795 2085 Ecclesia:
836 2033 976 2085 inter
1015 2049 1069 2085 se
1114 2035 1394 2085 concordes
1453 2048 1562 2085 esse
1617 2049 1716 2084 non
1752 2048 1841 2083 ra-

270 2120 501 2172 tionibus
538 2137 599 2173 ac
626 2122 1164 2176 demonstrationibus
1212 2123 1483 2184 humanis,
1520 2123 1613 2174 scd
1672 2137 1841 2175 sacrm

269 2206 565 2277 Scriptura:
604 2220 653 2264 et
685 2212 961 2265 doctorum
993 2213 1295 2266 earumdem
1350 2212 1644 2266 sententiis.
1703 2212 1841 2267 Eos-

270 2298 395 2351 dem
424 2298 590 2355 libros
619 2302 835 2357 oblatos
867 2302 1079 2374 synodo
1116 2304 1286 2357 fuisse
1326 2311 1601 2357 testantur
1649 2307 1837 2357 eadem

267 2387 401 2441 Acta
464 2392 624 2458 paulo
664 2395 915 2462 superius
946 2412 961 2448 :
992 2391 1124 2449 Post
1175 2384 1462 2448 orationem
1512 2392 1839 2450 Bessarionis

267 2481 453 2535 obtulit
513 2486 659 2539 nobis
726 2484 1036 2540 Scliolarius
1119 2489 1365 2541 dominus
1414 2488 1669 2558 Georgius
1736 2499 1838 2542 tres

269 2574 552 2630 Orationes
577 2594 673 2646 pro
732 2581 922 2634 unione
949 2581 1350 2646 deliberativas,
1386 2584 1667 2635 cohortaris
1720 2584 1841 2633 ani-

265 2683 518 2736 mansque
579 2685 671 2723 nos
726 2672 795 2724 ad
848 2674 1268 2739 amplectendam
1332 2677 1603 2728 unionem.
1666 2673 1842 2744 Vulgo

266 2759 585 2812 existimant
642 2762 764 2817 illas
826 2764 977 2831 ipsas
1030 2767 1313 2818 orationes
1365 2781 1489 2819 esse
1547 2784 1666 2832 qua:
1718 2783 1840 2818 cum

265 2848 421 2904 Actis
448 2851 692 2917 concilii,
748 2860 801 2906 et
861 2855 1092 2908 seorsim
1126 2855 1248 2908 sub
1290 2856 1510 2923 Georgii
1574 2856 1842 2909 Scholarii

270 2948 493 2996 nomine
514 2947 673 2997 edita:
700 2952 852 3007 sunt,
891 2956 1077 2999 contra
1121 2961 1283 3015 quam
1326 2947 1501 3000 sensit
1551 2946 1840 3003 Matthtcus

267 3032 687 3102 Garyophyllus,
718 3035 808 3103 qui
864 3038 1003 3090 hanc
1050 3035 1333 3106 vulgarem
1394 3037 1706 3106 Opinionem
1755 3051 1844 3092 so-

270 3122 551 3178 lidissimis
612 3127 920 3180 rationibus
992 3126 1317 3192 confutavit,
1371 3130 1637 3183 adversus
1702 3145 1839 3198 quas

269 3214 535 3269 Allatiana
570 3217 818 3272 defensio
852 3217 992 3272 nihil
1024 3231 1119 3272 aut
1175 3234 1369 3288 parum
1428 3220 1581 3273 facit.
1619 3219 1727 3274 Sed
1777 3223 1843 3276 de

270 3308 377 3374 his,
418 3309 545 3378 quia
587 3310 872 3379 operosior
914 3311 1149 3379 quaestio
1208 3321 1314 3379 est,
1348 3312 1561 3366 dicetur
1623 3314 1715 3367 ubi
1775 3312 1843 3368 de

269 3403 532 3470 operibus
561 3401 836 3457 Scholarii
868 3402 1262 3473 disputandum
1292 3408 1416 3458 erit.
1458 3406 1517 3459 id
1558 3405 1717 3460 habet
1750 3422 1846 3459 au-

272 3506 376 3548 tem
396 3492 739 3566 Caryopltﬂli
776 3496 1047 3551 sententia
1079 3496 1374 3562 commodi,
1401 3496 1546 3566 quod
1573 3498 1618 3552 si
1639 3513 1842 3568 suppo-

271 3585 405 3641 sitas
432 3588 717 3642 Seholario
746 3587 919 3642 luisse
946 3602 977 3641 a
1006 3586 1211 3642 Graecis
1236 3588 1549 3644 concordiae
1578 3590 1844 3645 studiosis

270 3679 549 3733 orationes
574 3679 711 3735 istas
752 3682 1072 3745 statuimus,
1108 3682 1259 3735 nulla
1291 3682 1465 3737 ferme
1496 3693 1753 3754 superest
1776 3685 1843 3738 de

274 3785 381 3824 uno
404 3770 485 3824 vel
530 3770 764 3839 geminis
821 3770 1125 3827 Scholariis
1182 3783 1237 3827 et
1266 3773 1567 3829 Gennadiis
1616 3784 1843 3831 contro-

271 3860 473 3914 versia.
498 3860 601 3926 Qui
651 3863 796 3915 enim
861 3862 1035 3917 letum
1085 3862 1230 3917 hunc
1291 3865 1649 3920 celeberrimo
1698 3867 1843 3935 apud

268 3952 491 4008 Grati-os
519 3954 831 4009 schismatis
858 3956 1248 4013 tenacissimas
1278 3960 1488 4012 auctori
1528 3960 1841 4028 supposuit,

273 4046 450 4116 potuit
485 4047 649 4100 etiam
681 4047 832 4101 nullo
881 4050 1103 4118 negotio
1157 4049 1310 4105 Actis
1359 4052 1550 4121 graecis
1601 4052 1844 4105 inserere

268 4152 394 4208 qua:
423 4136 533 4192 illic
583 4138 649 4192 ad
697 4139 915 4194 illarutn
971 4141 1362 4218 auctoritatem
1414 4144 1843 4197 continuandam

272 4230 551 4300 leguntur.
581 4230 715 4285 Nam
741 4232 787 4286 si
819 4232 934 4286 haec
966 4248 1139 4302 pauca
1179 4236 1340 4289 verba
1371 4237 1744 4304 excipiuntur,
1788 4246 1844 4288 et

275 4324 442 4379 Marci
474 4323 697 4394 Ephesii
734 4325 977 4400 Epistola
1010 4342 1130 4395 qua:
1160 4333 1287 4380 ante
1321 4342 1528 4395 paucos
1561 4342 1735 4380 annos
1778 4327 1846 4380 ab

271 4413 474 4467 Allatio
505 4415 649 4469 edita
716 4423 820 4478 est,
861 4417 950 4469 vix
1014 4417 1312 4484 quidquam
1372 4416 1424 4467 in
1473 4416 1614 4468 illius
1663 4417 1840 4470 saeculi

1934 557 2342 624 Λατινόφρονὰς
2397 556 2460 606 de
2508 555 2817 623 purgatorio
2842 594 2856 619 ,
2885 565 2938 608 et
2976 554 3378 622 Responsionem
3434 557 3504 609 ad

1932 663 2114 703 eorum
2139 644 2455 713 objectiones
2475 662 2493 710 ;
2517 646 2592 699 De
2615 646 2945 727 processione
2969 644 3205 715 Spiritus
3242 648 3433 709 sancti,
3453 657 3507 701 et

1935 743 2039 795 alia
2072 740 2342 809 quaedam.
2390 739 2458 794 de
2522 740 2725 809 quibus
2778 739 2995 794 dicetur
3049 757 3148 795 suo
3186 740 3329 797 loco.
3396 740 3508 796 Hac

1935 830 2223 884 occasione
2247 827 2516 898 Georgius
2561 828 2883 884 Scholarins
2947 831 2999 883 in
3024 830 3251 886 Joatmis
3296 830 3517 886 Palico-~

1936 924 2039 992 logi
2070 921 2427 977 oﬂ‘ensionem
2466 922 2725 986 incurrit,
2759 923 2994 991 graviter
3033 924 3297 978 commoti
3358 926 3502 993 quod

1937 1016 2194 1068 unionem
2224 1023 2377 1068 tanto
2416 1014 2599 1068 labore
2627 1031 2656 1068 a
2699 1029 2759 1070 se
2820 1026 3189 1084 procuratum,
3237 1024 3294 1071 et
3346 1017 3504 1086 cujus

1936 1106 2199 1162 beneflcio
2227 1108 2424 1160 auxilia
2456 1108 2523 1161 ab
2555 1107 2703 1161 Italis
2733 1108 2784 1161 in
2816 1123 3032 1162 summo
3070 1125 3252 1163 rerum
3282 1124 3504 1163 suarum

1936 1197 2255 1253 discrimine
2305 1200 2618 1253 necessaria
2674 1200 2947 1268 sperabat,
2987 1199 3302 1258 Scltolat'ins
3354 1219 3506 1265 Voce,

1938 1292 2156 1360 Scriptis
2189 1300 2243 1345 ct
2300 1292 2652 1355 auctoritate,
2691 1306 2812 1361 quae
2858 1301 2977 1345 erat
3037 1292 3176 1360 apud
3220 1294 3509 1362 populares

1938 1397 2070 1437 suos
2103 1383 2397 1451 praecipua,
2426 1382 2744 1435 disturbare
2801 1392 3116 1436 conaretur.
3151 1380 3359 1451 Testis_
3393 1381 3509 1451 ipse

1938 1474 1992 1528 in
2031 1474 2292 1528 Oratione
2351 1474 2695 1542 apologetica
2748 1477 2813 1528 ad
2867 1474 3294 1529 Constantinum
3337 1476 3511 1543 impe-

1942 1576 2205 1630 ratorem,
2245 1567 2319 1621 ita
2372 1577 2551 1620 tamen
2586 1578 2645 1620 ut
2702 1568 2899 1621 Joanni
2962 1567 3271 1665 simulatgm
3331 1570 3512 1635 potius

1941 1656 2367 1726 indignationem
2433 1672 2592 1725 quam
2647 1659 2915 1712 sinceram
2985 1656 3244 1714 ascribat.
3291 1658 3509 1723 Deinde,

1941 1746 2139 1813 inquit,
2181 1747 2379 1813 optimo
2406 1742 2872 1816 illo'imperatore
2924 1749 3341 1817 indignationem
3401 1765 3512 1815 pra:

1940 1854 1994 1890 se
2012 1838 2205 1906 ferente
2231 1837 2293 1891 ob
2328 1854 2564 1892 verorum
2594 1841 2902 1908 dogmatnm
2942 1839 3318 1908 defensionem,
3371 1856 3512 1893 cont-

1940 1928 2252 1982 mittendum
2281 1946 2380 1983 non
2408 1932 2746 1995 existimavi,
2778 1941 2833 1984 ut
2886 1931 3073 2000 quibus
3104 1930 3287 2000 fabula
3332 1932 3513 2001 ignota

1940 2021 2362 2084 erat,videretur
2383 2027 2520 2093 quod
2561 2040 2641 2077 me
2672 2024 2753 2076 ira
2810 2025 3141 2093 imperatoris
3194 2026 3264 2079 ad
3313 2025 3516 2080 Christi

1933 2113 2125 2181 jugnm
2162 2115 2518 2180 compelleret,
2562 2127 2611 2169 et
2638 2118 2777 2185 quod
2835 2118 3026 2171 invitus
3055 2119 3125 2172 ad
3168 2121 3514 2190 tranquillam

1941 2206 2101 2258 vitam
2127 2207 2480 2276 confugerem.
2507 2207 2656 2261 Illam
2696 2209 2843 2262 enim
2866 2222 3087 2264 cansam
3124 2212 3392 2282 assignat,
3414 2228 3514 2267 cur
3548 2196 3561 2201 1

1942 2299 2063 2353 vivo
2089 2297 2298 2355 Joanne
2326 2309 2513 2353 votum
2547 2300 2866 2357 monasticae
2908 2302 3030 2358 vitae
3077 2302 3171 2357 diu
3222 2316 3348 2360 ante
3384 2322 3513 2360 con-

1942 2401 2156 2458 ceptqu
2193 2407 2300 2445 non
2330 2392 2656 2462 impleverit.

2016 2482 2090 2535 Eo
2155 2484 2319 2538 etiam
2384 2496 2669 2555 regnante,
2755 2496 2878 2555 post
2946 2489 3183 2543 reditum
3240 2506 3306 2545 ex
3358 2490 3512 2545 italia

1943 2577 2166 2644 scripsit
2203 2576 2495 2633 Orationes
2522 2578 2574 2633 in
2613 2580 2965 2633 homiliarum
3010 2582 3233 2635 nitidum
3292 2584 3514 2646 inultas,

1942 2686 2063 2739 qua:
2094 2671 2416 2739 legebantur
2474 2671 2762 2727 concionis
2801 2672 2945 2736 loco,
2978 2675 3063 2728 vel
3116 2674 3515 2739 scribebantur,

1946 2774 2231 2830 postquam
2266 2764 2385 2816 viva
2423 2778 2554 2817 voce
2606 2773 2764 2817 erant
2806 2764 3147 2827 declamans,
3209 2775 3268 2819 ut
3307 2782 3371 2821 ex
3429 2766 3516 2821 in-

1945 2854 2243 2920 scriptione
2275 2869 2397 2921 qua:
2440 2854 2680 2907 occurrit
2730 2855 2784 2907 in
2833 2866 3025 2909 nostro
3066 2857 3257 2911 codice
3310 2859 3517 2926 colligi-

1946 2956 2091 2996 mus.
2145 2942 2257 2997 Etsi
2310 2945 2455 2997 enim
2508 2944 2680 2998 laicus
2718 2961 2891 3014 usque
2938 2947 3004 2999 ad
3061 2958 3372 3017 susceptam
3425 2965 3519 3020 pa-

1948 3032 2299 3087 lriarcbalem
2325 3034 2641 3103 dignitatem
2668 3035 2936 3107 Georgius
2988 3037 3310 3095 Scholarius
3369 3042 3521 3097 vixe-

1864 3140 1909 3199 ο
1950 3126 2041 3191 rit,
2072 3130 2156 3179 vix
2184 3135 2364 3180 tamen
2387 3127 2641 3182 dubitare
2667 3129 2791 3184 licet
2815 3145 2939 3183 eum
2971 3146 3156 3186 coram
3189 3132 3521 3202 imperatore

1944 3228 1997 3272 et
2026 3228 2219 3272 senatu
2275 3219 2505 3289 singulis
2563 3221 2734 3276 sextis
2769 3221 2920 3277 feriis
2978 3238 3043 3278 ex
3075 3235 3332 3294 suggestu
3391 3241 3524 3282 con-

1944 3310 2219 3363 cinnatum
2256 3310 2451 3376 fuisse,
2487 3328 2593 3364 non
2630 3313 2777 3382 quod
2818 3314 3173 3385 magistratus
3205 3316 3298 3371 ille
3357 3334 3519 3386 quem

1943 3402 2204 3471 gerebat,
2299 3404 2730 3459 ecclesiasticam
2801 3406 3096 3474 quamdam
3197 3407 3521 3477 dignitatem

1944 3494 2257 3562 adiunctam
2313 3496 2558 3560 haberet,
2589 3497 2682 3550 sed
2714 3496 2841 3567 quia
2897 3499 2951 3553 in
3005 3500 3368 3570 imperatorio
3424 3505 3526 3555 tri-

1944 3584 2108 3640 clinio
2147 3588 2479 3655 vespertinis
2506 3599 2561 3643 et
2610 3590 3005 3658 pomeridianis
3035 3593 3189 3645 horis
3240 3592 3519 3647 declama-

1945 3676 2055 3739 bat,
2090 3693 2196 3731 non
2226 3694 2289 3733 ex
2318 3683 2575 3746 amboue,
2612 3691 2704 3735 aut
2740 3698 2899 3738 mane
2930 3684 3068 3739 inter
3093 3700 3368 3756 synaxes:
3413 3688 3519 3747 hoc

1943 3769 2089 3820 enim
2123 3769 2471 3823 sacerdotmn
2520 3771 2824 3826 secundum
2884 3775 3313 3829 ecclesiasticam
3357 3778 3523 3831 disci-

1946 3859 2148 3929 plinam
2200 3857 2401 3915 munus
2444 3864 2906 3935 erat,et_similcs
2959 3867 3155 3921 Leonis
3200 3865 3519 3938 Philosophi

1942 3962 1996 4008 et
2020 3952 2229 4021 aliquot
2259 3954 2492 4007 aliorum
2525 3955 2793 4011 laieorutn
2822 3957 3109 4013 orationes
3135 3970 3375 4015 exstant.

2019 4043 2277 4098 Testatur
2309 4046 2425 4113 ipse
2452 4044 2771 4100 Seholarius
2813 4049 3231 4102 reconciliatum
3301 4052 3518 4105 tandem

1946 4137 2051 4193 sibi
2084 4136 2255 4191 fuisse
2310 4147 2554 4189 extremo
2611 4138 2733 4192 vitae
2790 4148 3036 4207 tempore
3095 4137 3363 4196 Joannem
3416 4143 3522 4197 im-

1948 4239 2277 4296 peratorem,
2327 4230 2552 4295 jamque
2609 4229 2712 4283 sibi
2774 4244 2881 4284 non
2966 4231 3199 4286 obseure
3254 4234 3519 4290 [arentem

1947 4313 2111 4371 sitam
2182 4333 2306 4372 cum
2364 4329 2537 4373 morte
2598 4335 2988 4376 commutasse.
3036 4322 3295 4389 Quamvis
3360 4341 3524 4394 pono

1950 4410 2088 4477 apud
2111 4408 2336 4463 Latinos
2368 4425 2558 4464 omnes
2587 4421 2842 4466 auctores
2868 4423 2920 4466 et
2959 4413 3176 4468 Graecos
3211 4417 3399 4470 nuioni
3424 4418 3521 4471 ad-

275 4507 652 4560 mosimnentis
674 4508 943 4571 occurrit,
976 4498 1116 4560 unde
1141 4505 1486 4560 Gennadium
1537 4524 1650 4560 sive
1677 4506 1847 4561 Seho-
1880 4479 1925 4535 ο
1952 4501 2127 4553 ditius
2160 4503 2404 4569 legamus
2430 4502 2777 4570 illlpel‘aloris
2840 4507 3083 4560 animum
3144 4522 3171 4561 a
3228 4511 3523 4564 concordia

274 4596 471 4662 larium
514 4606 734 4651 constet
771 4596 1146 4653 Ecclesiarum
1196 4598 1506 4663 sanciendae
1544 4600 1845 4653 concordia:
1900 4602 2112 4658 Oquam
2145 4590 2433 4647 Florentia:
2451 4593 2862 4662 subscriptione
2889 4596 3225 4661 lirtnaverat,
3253 4614 3520 4667 nusquam

274 4702 504 4742 navasse
526 4703 774 4757 operam,
801 4706 923 4744 cum
958 4690 1012 4743 in
1043 4689 1231 4744 eadem
1272 4687 1662 4758 disrumpenda
1690 4690 1843 4744 deiu—

271 4794 402 4848 ceps
437 4781 503 4832 ad
552 4790 854 4834 extremam
915 4798 1089 4852 usque
1144 4792 1361 4836 aetatem
1401 4783 1844 4852 pertinacissime

272 4882 576 4941 occupatus
610 4871 783 4925 fuisse
818 4874 1089 4927 videatur.

346 4963 473 5018 Sive
495 4965 683 5034 igitur,
708 4979 765 5021 ut
785 4967 898 5021 ﬁeri
927 4967 1150 5021 omnino
1172 4965 1365 5035 potuit,
1391 4963 1653 5035 Georgius
1673 4963 1842 5020 Scho-

272 5059 445 5112 larius
476 5057 696 5115 Graecos
733 5058 1024 5114 Florentiae
1055 5061 1121 5113 ad
1142 5054 1397 5111 unionem
1439 5056 1689 5112 hortatus
1721 5056 1859 5111 [ιω-ί

273 5154 366 5210 rit,
402 5148 519 5205 sive
576 5165 737 5206 secus
800 5150 994 5220 egerit,
1038 5148 1091 5203 id
1144 5149 1288 5203 enim
1322 5148 1482 5218 plane
1544 5148 1839 5203 obscurum

270 5250 376 5306 est,
407 5256 659 5297 reversus
680 5258 805 5297 cum
844 5239 1054 5297 Joanne
1114 5240 1417 5310 Palazologo
1448 5237 1865 5295 Constantino-‘

271 5333 460 5403 polim,
493 5334 744 5403 atljnuxit
790 5348 848 5389 se
883 5332 1065 5393 Marco
1094 5331 1330 5401 Ephesio
1386 5330 1440 5385 in
1473 5333 1839 5401 oppugnanda

275 5428 477 5478 mtione
505 5441 626 5493 qua:
648 5423 939 5479 Florentia:
964 5425 1171 5478 sancita
1202 5421 1398 5477 fuerat.
1426 5423 1603 5492 Atque
1634 5423 1747 5487 illo,
1785 5433 1843 5477 ut

273 5519 510 5583 videtur,
574 5519 839 5586 temporis
924 5515 1210 5571 intervallo
1291 5514 1515 5583 scripsit
1575 5515 1842 5584 Georgius

274 5609 444 5664 multa
484 5609 747 5665 adversus
777 5609 999 5665 Latinos
1044 5608 1470 5679 opuscula,qua:
1528 5618 1748 5663 exstant
1784 5610 1837 5663 in

342 5789 420 5862 (Ι)
445 5788 522 5844 Ex
550 5790 801 5847 versione
835 5791 1103 5861 CaryOph.
1124 5805 1177 5861 p.
1206 5786 1310 5841 478
1336 5788 1464 5843 edit.
1506 5786 1630 5843 Par.

1951 4683 2124 4739 fuisse
2173 4684 2510 4751 alienatum;
2562 4686 2897 4741 dissentiunt
2952 4697 3131 4741 tamen
3185 4690 3519 4744 schismatict

1949 4776 2123 4830 ferme
2186 4793 2397 4832 omnes.
2458 4762 2535 4831 lta
2568 4779 2766 4848 legitur
2800 4780 2852 4833 in
2917 4779 3075 4831 titulo
3119 4783 3523 4852 pscudosynodi

1949 4867 2617 4937 Constantinopolitanr,
2697 4871 2749 4924 iu
2809 4872 3089 4927 Addcntlis
3154 4878 3291 4945 apud
3373 4880 3522 4931 Alla-

1954 4961 2085 5013 timn
2144 4959 2219 5027 (2)
2254 4977 2267 5015 :
2302 4961 2455 5025 Quae,
2500 4960 2699 5029 inquit,
2755 4962 2937 5016 habita
2987 4964 3091 5032 [ait
3132 4976 3245 5035 post
3281 4980 3520 5025 exactam

1949 5054 2408 5121 pseudosynodum
2436 5050 2807 5107 Florentinam
2842 5059 2998 5111 artius
3027 5070 3073 5112 et
3133 5062 3341 5129 dimidii
3387 5065 3516 5118 anni

1949 5145 2253 5207 intervallo,
2286 5154 2334 5197 et
2364 5154 2481 5211 post
2511 5143 2711 5198 obitum
2730 5145 2954 5202 Joannis
2984 5149 3273 5221 l’alwoloyi
3294 5158 3518 5224 quicum

1948 5235 2155 5289 Latinis
2186 5237 2470 5299 sentiebat,
2491 5236 2555 5289 ab
2602 5232 2760 5291 Italis
2794 5242 2888 5293 sub
2922 5257 3010 5310 spe
3040 5245 3233 5297 auxilii
3280 5245 3514 5312 delusus,

1949 5341 2070 5383 ante
2127 5339 2299 5383 tamen
2358 5330 2555 5383 obitum
2604 5333 2894 5387 orthodoxa
2950 5337 3186 5405 dagmati
3247 5352 3518 5390 assensum

1950 5423 2271 5492 praebuerat.
2305 5422 2456 5478 Tunc
2506 5424 2826 5481 Scholarius
2869 5428 3185 5481 domesticis
3237 5429 3398 5482 rebus
3429 5446 3521 5484 or-

1952 5517 2157 5571 dinatis
2179 5524 2436 5570 eratmox
2465 5532 2583 5571 sese
2636 5517 2691 5570 in
2726 5516 3124 5572 monasterium
3178 5527 3514 5584 reCepturns.

1948 5624 2072 5663 cum
2109 5608 2449 5677 prapositnm
2483 5619 2694 5662 mutare
2725 5619 2951 5663 coactus
2981 5615 3090 5661 est.
3146 5606 3294 5663 Obiit
3324 5616 3516 5665 eodem

2025 5788 2098 5860 ('2)
2127 5790 2361 5873 :‘dll.‘ati
2391 5791 2425 5842 l.
2467 5804 2520 5844 ιιι
2561 5790 2631 5843 De
2662 5804 2812 5858 perp.
2847 5804 3000 5844 eous.
3035 5807 3086 5860 p.
3127 5789 3257 5846 ISSU
3286 5805 3338 5846 et
3400 5811 3513 5860 seq.

3964 4693 3973 5142 ι

3966 3656 3973 3735 ᾗ

3966 4180 3973 4421 ι

3968 5382 3973 5578 i
