3998 6464
447 303 557 358 25⁸)

1560 271 1932 356 CENNADH
1981 293 2087 354 cr.
2134 293 2644 353 PATRIARClle

3571 292 3574 294 ⁷
3594 289 3711 353 260

448 411 668 464 circiter
695 418 933 477 tempore
969 407 1178 462 Marcus
1213 407 1511 477 Ephesius,
1539 408 1698 476 paulo
1724 415 1851 460 ante
1881 420 2024 459 mor—
2054 412 2098 464 Α
2129 406 2356 475 recepit.
2399 405 2635 476 Scripsit
2695 404 2859 462 simul
2913 403 3324 459 valedictoriam
3381 402 3708 459 Orationem

453 511 560 553 tetu
619 499 842 554 Joannis
875 500 1185 568 Palat-ologi.
1245 498 1519 567 Georgius
1575 499 1860 554 morientis
1920 512 2015 550 su-

455 607 668 661 premas
711 605 865 644 voces
919 592 1153 657 excepit,
1207 599 1260 643 et
1311 591 1362 643 itt
1410 590 1534 659 ejus
1565 592 1726 645 verba
1771 589 2016 658 juravit,

455 681 560 736 Deo
580 691 634 734 et
666 682 872 751 angelis
905 681 961 734 in
993 681 1374 735 testimonium
1429 685 1730 746 advocatis,
1775 691 2020 735 servatu-

455 789 573 826 rum
629 789 690 827 se
747 785 980 827 veterem
1035 773 1224 834 Iidem.
1269 783 1326 826 et
1411 784 1600 828 contra
1651 771 2018 827 Florentinam

456 867 709 919 unionem
739 874 1002 934 perpetuo
1024 879 1088 918 ex
1119 863 1282 917 amici
1315 871 1370 917 et
1394 865 1750 932 pra'ceptoris
1782 864 1864 918 sui
1894 879 2019 917 scn-

457 959 630 1008 tcotia
657 964 1050 1023 pugnaturum.
1079 951 1203 1006 Ila'c
1228 954 1341 1020 ipse
1373 953 1566 1006 scribit
1595 953 1647 1006 in
1682 953 1928 1022 Epistula
1953 951 2020 1004 ad

455 1045 1095 1113 Constantinopolitanos
1177 1053 1434 1112 tanquam
1499 1044 1826 1098 notissima:
1877 1060 2023 1097 mor-

458 1149 607 1191 tuum
637 1153 765 1190 vero
803 1137 1052 1190 oratione
1089 1135 1350 1198 laudavit,
1384 1150 1508 1204 quze
1541 1146 1720 1189 exstat
1755 1136 1806 1188 in
1857 1137 2024 1189 variis

457 1229 758 1282 codicibus.
793 1228 1020 1281 Exstant
1049 1242 1267 1296 quoque
1299 1227 1351 1279 in
1383 1227 1668 1281 codicibus
1721 1225 1905 1295 llegiis
1931 1233 2024 1280 ex”-

461 1333 629 1372 tretna
658 1317 821 1372 Marri
853 1317 1071 1385 Ephesii
1100 1318 1350 1370 morituri
1379 1318 1444 1370 ad
1471 1317 1814 1371 Sebolarium
1839 1319 2022 1381 verba,

462 1413 662 1479 quibus
691 1410 791 1478 ipsi
825 1408 1028 1486 Grmra:
1060 1407 1313 1462 Ecclesize
1342 1419 1397 1462 et
1431 1409 1552 1479 ejus
1587 1408 1905 1476 dogmatum
1929 1409 2024 1462 de-

465 1503 773 1556 fensionem
816 1485 1206 1555 commendat:
1243 1499 1510 1554 Scholarii
1558 1516 1774 1569 quoque
1804 1515 2026 1570 respon-

465 1597 568 1655 sio,
598 1608 718 1661 qua:
746 1577 873 1645 hbic
906 1591 1159 1660 Epistolm
1183 1592 1342 1660 plane
1375 1601 1739 1646 consentanea
1779 1598 1882 1643 est.

535 1683 727 1736 Joanni
761 1681 1062 1749 l’alzeologo
1107 1680 1792 1736 successitConstantinus
1830 1681 2024 1745 lrater,

2123 498 2189 552 ad
2221 499 2663 562 Constantinum,
2692 514 2814 568 qua:
2851 507 3028 552 exstat
3067 498 3130 550 in
3155 496 3346 552 codice
3367 493 3556 563 Regio,
3591 509 3712 563 qua

2126 603 2229 642 non
2279 590 2456 645 solum
2497 590 2912 646 criminationes
2964 589 3416 644 adversariorum
3469 594 3713 640 conatur

2125 681 2361 743 diluere,
2420 681 2512 736 sed
2563 697 2708 748 siepe
2762 681 2816 736 in
2875 680 2991 736 suis
3043 679 3302 735 laudibus
3339 677 3564 738 nimius,
3613 691 3710 730 res

2125 785 2308 843 gestas
2337 788 2436 842 pro
2493 774 2764 842 majorum
2814 773 3080 842 religione
3119 769 3346 832 tuenda,
3381 774 3710 832 susceptos-

2127 883 2232 933 qne
2259 867 2473 920 labores
2503 867 2556 920 in
2589 868 2788 924 celum
2821 867 2982 928 tollit,
3015 865 3088 918 ita
3121 872 3180 917 ut
3207 861 3466 915 vanitatis
3485 865 3542 913 et
3569 870 3706 927 pro-

2129 958 2332 1018 terviie,
2361 958 2414 1010 in
2455 974 2556 1025 qua
2579 965 2872 1012 accusatus
2895 964 3001 1016 est.
3029 953 3188 1022 culpa
3220 967 3326 1006 non
3352 958 3528 1003 vacet.
3555 949 3702 1001 Cum

2130 1047 2272 1100 hanc
2299 1051 2600 1102 orationem
2635 1049 2925 1111 scriberet,
2981 1047 3159 1100 adhuc
3207 1043 3384 1096 laicus
3414 1042 3467 1094 in
3513 1053 3710 1092 mona-

2131 1141 2302 1194 sterio
2359 1137 2767 1194 Pantocratoris
2813 1136 3110 1198 residebat,
3165 1133 3314 1187 unde
3372 1131 3616 1200 migrans
3648 1129 3704 1180 in

2130 1231 2462 1295 Card'aneti,
2511 1230 2618 1284 illic
2663 1229 2882 1283 schema
2931 1226 3046 1282 sive
3106 1225 3350 1280 habitum
3384 1220 3702 1287 religiosum

2132 1326 2357 1393 acet-pit.
2390 1324 2463 1376 lta
2487 1322 2645 1376 docet
2678 1337 2778 1375 nos
2811 1319 2974 1388 hujus
2999 1318 3268 1374 orationis
3309 1313 3605 1382 inscriptio
3641 1312 3694 1362 in

2135 1414 2300 1484 [legio
2322 1414 2531 1468 codice.
2551 1411 2782 1466 Videtur
2809 1420 2990 1465 autem
3017 1407 3179 1464 simul
3198 1406 3479 1474 accepisse
3501 1417 3704 1455 nomen

2134 1503 2399 1559 Gcnnadii
2448 1503 2601 1572 jtt'tta
2658 1501 2938 1568 vulgarem
2968 1497 3113 1567 apud
3144 1496 3373 1549 Graecos
3400 1499 3704 1546 consuetu-

2135 1598 2339 1660 dinem,
2368 1606 2426 1650 ut
2477 1595 2571 1664 qui
2605 1593 2806 1647 mundo
2847 1606 2944 1658 per
2975 1591 3103 1644 vita:
3144 1587 3464 1642 monasticae
3493 1583 3709 1653 proles-

2137 1690 2348 1742 sionem
2385 1684 2780 1746 renuntiarent,
2812 1683 2977 1736 etiam
3005 1694 3205 1734 nomen
3229 1677 3514 1744 antiquum
3547 1674 3702 1742 quasi

471 1778 861 1843 imperatorum
905 1771 1636 1841 Cotistintinopolitanorum
1691 1781 2030 1838 postremus,

2143 1798 2236 1852 per
2265 1780 2488 1833 alteram
2519 1777 2865 1832 nativitatem
2893 1782 3168 1827 mutarent
3193 1790 3206 1826 :
3238 1788 3358 1826 mox
3383 1771 3534 1824 enim
3559 1768 3706 1824 Gen-

469 1877 700 1920 exeunte
742 1879 888 1918 anno
929 1865 1062 1920 Jesu
1099 1865 1300 1920 Christi
1353 1863 1510 1918 1448.
1542 1862 1700 1931 Apud
1734 1877 1896 1932 quem
1922 1872 2036 1918 sta-

473 1957 566 2010 tim
597 1955 914 2010 Scholarius
946 1963 1237 2008 accusatus
1279 1960 1384 2016 est,
1419 1952 1582 2022 quasi
1620 1951 2036 2013 ecclesiasticis,

471 2049 610 2116 apud
644 2063 780 2114 quos
831 2047 1122 2116 plurimum
1169 2051 1406 2114 poterat,
1451 2052 1650 2097 auctor
1683 2044 1877 2098 fuisset
1910 2058 2038 2113 pro-

472 2141 839 2196 crastiuandre
902 2139 1280 2195 coronationis
1331 2153 1454 2206 quas
1495 2138 1872 2193 ecclesiastico
1925 2139 2036 2192 ritu

473 2248 597 2292 cum
638 2233 806 2287 variis
847 2233 1100 2302 precibus
1133 2231 1400 2284 celebrari
1441 2229 1673 2284 solebat.
1721 2228 1905 2300 Neque
1937 2246 2035 2286 ne-

475 2324 632 2394 gabat
664 2324 822 2390 plane
846 2320 1121 2390 Georgius
1154 2321 1477 2376 Scholarius
1499 2321 1859 2376 dill'erendam
1893 2337 2034 2386 esse,

474 2415 648 2469 donec
695 2412 954 2468 Ecclesia:
1006 2421 1060 2467 et
1103 2412 1420 2479 reipublicae
1477 2414 1887 2476 consuleretur;
1946 2415 2038 2468 sed

476 2522 584 2560 non
613 2506 724 2560 alio
757 2506 806 2558 id
847 2505 1026 2558 aiebat
1069 2504 1268 2558 fecisse
1328 2504 1538 2567 animo,
1588 2519 1752 2573 quant
1798 2506 2036 2560 utlabe-

479 2596 735 2651 iactatam
785 2594 1052 2665 majorum
1111 2595 1726 2652 lidemrestaurandam
1777 2607 2036 2660 curaret,

477 2696 589 2744 tam
616 2687 735 2745 (idet
760 2705 920 2761 quam
947 2687 1265 2758 imperatori
1305 2692 1626 2752 consulens,
1661 2687 1732 2741 ab
1759 2687 2036 2740 hominum

479 2797 608 2836 vero
635 2779 974 2835 nefariorum
1013 2777 1257 2833 consiliis
1283 2777 1654 2832 alienissimus
1679 2817 1695 2843 ,
1720 2776 1918 2846 quippe
1945 2775 2036 2844 qui

479 2887 674 2927 novum
711 2872 1096 2941 imperatorem
1162 2869 1426 2938 singulari
1465 2882 1650 2923 amore
1709 2849 2042 2935 complecte-

481 2976 654 3028 retur,
683 2971 739 3016 et
772 2965 841 3016 ah
870 2977 936 3017 co
985 2962 1038 3015 in
1072 2961 1274 3015 melius
1317 2977 1402 3016 res
1461 2975 1590 3014 suas
1639 2967 2038 3015 ceutmutatnm

481 3053 545 3106 iri
576 3061 844 3122 speraret,
877 3054 1038 3122 cujus
1073 3052 1248 3122 gratia
1295 3052 1616 3110 adversam,
1674 3059 1733 3102 ut
1791 3049 2040 3102 sciebant

479 3160 694 3211 omnes,
726 3144 1001 3200 fortunam
1035 3144 1228 3198 luisset
1255 3155 1535 3212 expertus.
1567 3140 1704 3195 Cum
1738 3155 1870 3194 vero
1894 3139 2040 3194 Con-

483 3236 755 3288 stautiuus
794 3234 1168 3287 imminentem
1209 3233 1336 3295 sibi,
1367 3241 1420 3286 et
1447 3245 1570 3300 qua:
1596 3221 1717 3300 post
1745 3245 1922 3283 annos
1954 3229 2040 3284 vix

482 3327 726 3392 quinque
748 3335 1043 3378 consecuta
1077 3331 1182 3385 est,
1215 3323 1424 3376 cladem
1450 3331 1720 3383 metuens,
1753 3322 1952 3374 auxilia
1975 3321 2045 3376 ab

487 3415 633 3468 Italis
664 3413 983 3483 postularet,
1029 3429 1151 3483 quae
1178 3411 1437 3467 Nicolaus
1473 3415 1531 3479 V,
1567 3413 1806 3481 pontifex
1847 3411 2044 3467 Roma-

484 3520 612 3566 nus,
650 3519 754 3557 non
779 3505 939 3558 aliter
973 3505 1366 3572 pollicebatur,
1403 3520 1564 3574 quam
1601 3505 1647 3558 si
1672 3505 2042 3559 Florentinam

483 3601 743 3650 unionem
803 3595 1174 3676 confirmaret,
1223 3605 1278 3650 et
1334 3595 1398 3649 ad
1457 3610 1576 3650 eam
1608 3598 2043 3664 amplectendam

483 3689 704 3741 Graecos
728 3687 1026 3756 priesertim
1053 3687 1460 3742 ecclesiasticos
1489 3698 1540 3742 ct
1575 3688 1874 3745 monachos
1899 3703 2048 3744 com-

484 3780 731 3849 pelleret,
759 3778 938 3832 missa:
977 3785 1103 3832 sunt
1136 3793 1166 3831 a
1199 3778 1457 3846 pontiﬁce
1501 3778 1798 3848 legationes
1839 3779 2047 3849 aliquot

483 3869 1057 3940 Constantinopolim;
1107 3868 1281 3940 prima
1331 3870 1548 3924 videtur
1601 3870 1769 3927 fuisse
1802 3872 2044 3944 episcopi

481 3963 752 4025 Cortonte,
793 3963 884 4033 qtti
928 3978 1052 4018 cum
1104 3960 1307 4017 Graecis
1334 3963 1602 4033 theologis
1637 3963 2042 4036 sacpiusdispu-

483 4055 637 4118 tavit,
662 4055 820 4109 armis
845 4054 1066 4110 circiter
1125 4063 1363 4124 quatuor
1397 4063 1524 4109 aute
1575 4065 1787 4124 captam
1829 4057 2044 4112 urbem.

480 4143 796 4199 Graecorum
838 4155 1021 4214 partes
1077 4147 1335 4202 tuebatur
1377 4147 1648 4218 Georgius
1698 4147 2042 4215 Scholarius,

482 4238 572 4304 qui
602 4237 998 4306 disputationes
1041 4239 1248 4308 scripto
1279 4241 1602 4307 complexus
1635 4249 1741 4303 est,
1766 4249 1822 4296 et
1871 4243 2043 4295 variis

482 4327 766 4395 opusculis
815 4323 1042 4380 Latinos
1099 4328 1429 4381 rcfelleudos
1471 4329 1738 4398 suscepit.
1802 4327 2045 4384 Meminit

483 4418 598 4486 ipse
628 4419 684 4471 in
736 4415 974 4485 Epistula
1015 4416 1083 4470 ad
1135 4418 1780 4486 Constautin0p0litanos
1839 4424 2044 4490 scripta
2082 4421 2288 4501 Dpuus
2341 4432 2410 4485 ab
2466 4447 2528 4485 ea
2580 4429 2751 4484 fuisse
2811 4430 3177 4484 alienissimos

2067 3095 2114 3158 Ο

2144 1874 2337 1928 nudius
2368 1871 2548 1926 vocari
2584 1869 2768 1939 erepit.
2805 1879 2966 1936 atque
2987 1866 3126 1919 adeo
3149 1873 3441 1933 antequam
3469 1862 3712 1928 patriar-

2142 1969 2246 2022 cha
2278 1966 2677 2033 designaretur,
2700 1970 2892 2016 contra
2932 1974 3095 2026 quam
3125 1973 3190 2012 ex
3229 1956 3441 2010 Malam
3470 1953 3710 2007 Historia

2141 2057 2379 2127 politica,
2417 2065 2471 2110 et
2494 2053 2822 2125 quibusdam
2855 2050 2978 2105 aliis
2999 2047 3319 2102 auctoribus
3348 2045 3540 2100 docuit
3559 2043 3710 2096 Alla-

2145 2150 2273 2203 tius.
2311 2150 2434 2214 Quo
2478 2146 2596 2201 solo
2631 2150 2973 2215 argumento,
3007 2140 3110 2195 etsi
3159 2139 3364 2193 nullius
3419 2135 3708 2206 pendetis,

2146 2251 2314 2296 totant
2357 2240 2423 2293 de
2471 2239 2686 2293 duobus
2734 2236 3034 2293 Gennadiis
3061 2233 3484 2303 disputationem
3517 2245 3716 2299 super-

2145 2332 2370 2386 struxit.
2405 2329 2561 2384 Unde
2621 2330 2783 2384 etiam
2837 2326 3105 2380 refellitur
3160 2324 3330 2378 altera
3369 2303 3485 2392 ejus
3541 2322 3717 2374 histo-

2146 2423 2259 2476 rica
2287 2421 2598 2476 observatio
2625 2419 2768 2474 circa
2789 2415 3053 2472 Geuuadii
3083 2414 3478 2482 professionem
3520 2425 3716 2465 mona-

2144 2513 2360 2573 sticam,
2421 2524 2582 2579 quam
2638 2507 2888 2562 abdicata
2938 2503 3293 2574 patriarchali
3324 2500 3614 2571 dignitate,
3659 2509 3717 2553 et

2144 2601 2522 2673 quinquennio
2549 2608 2667 2668 post
2695 2606 2913 2666 captam
2951 2595 3142 2650 urbem
3177 2592 3376 2648 factam
3403 2592 3712 2651 existima'.

2145 2708 2269 2748 cum
2325 2690 2596 2744 uovenuio
2657 2687 2781 2756 plus
2807 2686 2989 2740 minus
3033 2684 3428 2739 abdicationem
3473 2697 3714 2752 princes-

2147 2785 2299 2839 serit.
2331 2781 2440 2836 Nec
2470 2779 2616 2835 enim
2651 2776 2846 2831 Malaxi
2879 2786 2932 2831 et
2963 2773 3234 2830 Theodori
3255 2773 3580 2843 Zygomalze,
3614 2775 3714 2842 qui

2145 2875 2432 2930 Historiam
2456 2871 2728 2940 politicam
2760 2869 3132 2928 concinnavit.
3167 2875 3318 2920 tanta
3347 2876 3430 2920 est
3467 2867 3712 2918 auctori-

2149 2975 2253 3028 tas,
2286 2974 2346 3019 ut
2379 2974 2665 3018 auctorum
2718 2960 3008 3028 :cqualium
3039 2958 3355 3013 testimonia
3391 2955 3712 3010 labefactct.

2151 3057 2284 3113 Nam
2316 3055 2539 3110 Michael
2595 3054 2769 3108 Ducas
2801 3063 2923 3107 ante
2973 3058 3187 3118 captam
3215 3051 3400 3104 urbem
3439 3047 3715 3104 Gennadii

2148 3147 2394 3202 monachi
2429 3147 2647 3200 nomine
2679 3144 2924 3212 designat
2962 3157 3088 3197 eum
3117 3140 3212 3211 qui
3260 3148 3418 3194 antea
3443 3139 3720 3211 Georgius

2148 3238 2469 3293 Scholarius
2499 3236 2810 3290 dicebatur.

2216 3331 2349 3383 Cum
2381 3327 2698 3383 Gennadius
2731 3324 2935 3380 saeculo
2965 3323 3336 3386 valedixisset,
3367 3321 3516 3376 misit
3543 3322 3718 3392 impe-

2147 3431 2294 3476 rator
2320 3423 2384 3473 ad
2441 3418 2722 3474 Nicolaum
2772 3433 2966 3488 papam
3011 3415 3325 3470 Bricnuintu
3367 3417 3716 3469 Ι,.οιιιιιειι·ιιιιιι.

2146 3514 2386 3572 Isidorus
2415 3512 2706 3567 cardiualis
2737 3511 2950 3565 [tussire
2993 3510 3151 3578 paulo
3205 3518 3382 3577 posta
3418 3508 3638 3562 Nicolao
3671 3507 3712 3562 ν

2148 3610 2356 3677 legatus
2379 3603 2912 3675 Constantinopolim
2952 3603 3098 3654 venit
3137 3617 3279 3654 anno
3320 3601 3480 3664 H52,
3513 3613 3572 3652 ut
3609 3601 3717 3652 Du-

2147 3716 2240 3756 cas
2273 3702 2323 3753 in
2359 3698 2594 3754 llistoria
2633 3699 2790 3772 docet
2813 3694 2913 3766 (Ι),
2947 3710 3054 3763 quo
3101 3709 3261 3750 nemo
3297 3693 3488 3749 melius
3539 3693 3718 3748 υοιιιε-

2145 3791 2400 3849 siasticas
2457 3802 2546 3842 res
2599 3787 2748 3840 illius
2793 3786 3056 3856 temporis
3115 3788 3332 3840 videtur
3383 3786 3714 3855 explicasse.

2146 3884 2197 3941 ls
2225 3886 2388 3950 igitur
2415 3887 2648 3954 legatum
2671 3877 3184 3950 Constantinopolin
3211 3878 3493 3948 appulisse
3521 3877 3719 3932 scribit

2145 3988 2332 4030 mense
2357 3972 2659 4034 Novembri,
2690 3984 2832 4024 anno
2860 3971 3158 4024 secundum
3195 3967 3413 4024 Graecos
3430 3968 3593 4032 6961,
3624 3968 3719 4037 qui

2145 4075 2262 4122 erat
2287 4064 2492 4120 Christi
2520 4063 2677 4128 1452;
2710 4063 2910 4118 habitis
2933 4063 3000 4116 de
3027 4062 3394 4116 Ecclesiarum
3413 4063 3712 4116 concordia

2147 4157 2518 4220 sermonibus,
2550 4157 2933 4225 imperatorem
2968 4164 3022 4208 et
3048 4155 3318 4224 quosdam
3373 4153 3714 4209 ecclesiasti-

2147 4264 2243 4304 cos
2275 4248 2626 4304 consensisse
2657 4257 2714 4301 ut
2765 4247 2896 4300 unio
2949 4244 3266 4300 Florentina
3310 4245 3718 4306 observaretur.

2149 4340 2649 4394 ecclesiasticarum
2695 4347 2750 4392 et
2792 4337 3184 4392 monachorum
3222 4337 3409 4407 plures
3447 4347 3502 4391 et
3526 4337 3721 4405 praci-

3230 4446 3246 4483 :
3307 4427 3670 4482 Nihilominus
3697 4467 3714 4491 ,

479 4507 549 4561 29
583 4508 1094 4602 Noremhris-anoo
1132 4509 1289 4574 1452,
1337 4511 1390 4562 itt
1430 4526 1534 4580 qua
1561 4512 1756 4566 scribit
1789 4527 2045 4583 persevc-
2075 4554 2118 4602 ο
2148 4521 2344 4590 inquit,
2379 4522 2467 4590 qui
2495 4511 2750 4574 "cantico
2776 4519 3130 4588 obtemperare
3166 4520 3477 4573 videbantur
3515 4520 3714 4584 clerici,

483 4615 603 4652 rare
635 4614 692 4653 se
729 4601 783 4652 in
817 4613 880 4653 ea
907 4599 1157 4667 doctrina
1195 4615 1357 4669 quam
1403 4614 1729 4671 exposuerat
1765 4605 1818 4657 in
1859 4605 2048 4674 dispu-

483 4688 720 4742 tiouihus
778 4691 978 4744 habitis
1009 4691 1281 4745 adversus
1321 4693 1566 4748 Cortona:
1600 4699 1920 4764 episcopum
1971 4698 2039 4750 ad

480 4782 1000 4854 demonstrationem,
1075 4783 1276 4852 inquit,
1339 4783 1457 4852 ejus
1509 4800 1626 4854 quia
1656 4787 1797 4854 apud
1846 4803 1939 4840 nos
1969 4797 2045 4843 est

479 4875 741 4937 veritatis,
773 4882 822 4926 et
883 4874 1066 4928 multis
1107 4876 1372 4945 variisque
1416 4877 1654 4945 operibus
1699 4893 1816 4946 qua:
1849 4881 2044 4948 scripta

478 4979 572 5032 pro
590 4967 761 5033 patria
782 4963 884 5032 ﬁde
907 4965 1080 5018 divino
1111 4983 1344 5031 utuncre,
1369 4978 1422 5020 ut
1456 4970 1613 5021 etiam
1645 4969 1698 5021 in
1721 4970 2048 5040 confessione

481 5055 602 5123 ﬁdei
627 5070 754 5110 sum.
783 5055 858 5108 vel
905 5059 1080 5124 potius
1115 5058 1390 5112 catholica:
1425 5058 1698 5124 Ecclesiw,
1723 5077 1880 5130 quam
1920 5076 2046 5118 ante

481 5165 645 5203 annos
676 5159 780 5202 tres
809 5149 1134 5203 elaboratam
1165 5153 1564 5220 publicaverat.
1727 5213 1739 5228 κ

551 5244 628 5297 Eo
655 5244 875 5298 circiter
903 5256 1146 5313 tempore
1175 5243 1444 5314 Georgius
1474 5247 1545 5299 ob
1583 5247 1801 5300 uuiouis
1831 5247 2041 5314 odium,

480 5347 589 5402 quo
619 5335 800 5387 omnia
833 5335 1181 5402 imperatoris
1205 5337 1437 5390 consilia
1474 5337 1826 5390 vehementer
1853 5341 2044 5391 turba-

485 5429 596 5489 bat,
617 5424 744 5491 sibi,
770 5439 824 5479 ιιι
851 5425 1083 5488 videtur,
1113 5437 1364 5480 metuens
1389 5426 1586 5479 szcculo
1615 5426 1964 5491 renuntiavit,
1989 5427 2043 5482 et

484 5522 537 5574 in
587 5524 976 5576 tuouaSteriuut
1020 5517 1434 5572 l’antoeratoris
1490 5519 1606 5571 urbi
1647 5525 1954 5590 proximum
1986 5541 2046 5579 se

557 5701 639 5771 Γ)
677 5699 770 5752 Ed.
799 5716 933 5769 τι-εη
965 5699 1170 5768 ιιυιη.

2147 4616 2444 4668 sacerdotes
2468 4621 2518 4666 et
2556 4613 2770 4666 diaconi
2792 4651 2808 4677 ,
2857 4613 3144 4679 imperator
3171 4622 3220 4666 et
3254 4622 3466 4666 senatus
3504 4613 3560 4665 in
3603 4616 3717 4666 Ma-

2147 4721 2303 4774 gnam
2331 4702 2620 4757 Ecclcst'am
2653 4713 3020 4766 convenerunt.
3065 4712 3119 4756 ut
3155 4704 3500 4757 concordibus
3523 4705 3716 4756 animi:

2147 4805 2196 4848 et
2235 4796 2400 4848 uniti;
2439 4796 2670 4849 diuinam
2717 4796 2988 4863 liturgiant
3024 4796 3366 4859 celebrarent,
3413 4797 3719 4864 sinceraque

2151 4898 2319 4942 mente
2345 4897 2461 4942 rota
2488 4888 2592 4942 Deo
2616 4890 2910 4943 redderent.
2943 4888 3076 4942 Tum
3113 4890 3272 4942 etiam
3291 4889 3622 4942 schismatici
3647 4891 3713 4942 ad

2149 4978 2550 5033 Pantocratoris
2617 4981 2994 5034 monasterium
3067 4977 3714 5044 currunt,,Genuadium

2151 5080 2305 5125 antea
2335 5068 2614 5140 Georgium
2649 5071 2986 5124 Scholarium
3009 5071 3226 5136 adeunt,
3252 5072 3632 5140 consiliumque
3651 5073 3714 5124 ab

2149 5178 2209 5230 eo
2239 5163 2495 5232 quomodo
2543 5177 2596 5215 se
2635 5177 2812 5232 gerere
2863 5160 3084 5214 debeant
3125 5170 3330 5230 petunt.
3373 5158 3716 5214 lsinclusum

2151 5270 2206 5308 sc
2240 5239 2394 5307 cella
2434 5255 2680 5318 tenebat;
2718 5263 2936 5322 accepta
2965 5269 3084 5322 ergo
3133 5257 3340 5314 charta.
3404 5252 3716 5306 sententiam

2150 5363 2305 5402 suam
2340 5346 2716 5416 consiliumque
2762 5360 3001 5415 rogatus,
3041 5347 3234 5410 scripto
3261 5345 3486 5414 aperuit,
3511 5360 3611 5411 quo
3641 5356 3718 5396 ta-

2152 5421 2720 5491 lirtocontinebantur:
2755 5417 2936 5488 Miseri
3003 5434 3224 5498 Ilonuri,
3305 5447 3466 5503 quare
3507 5433 3720 5484 aberra-

2155 5528 2244 5588 ιὶε,
2278 5537 2411 5588 ctr.,
2445 5541 2563 5594 quat
2593 5528 2734 5595 apud
2793 5526 2992 5580 Ducam
3043 5531 3317 5596 leguntur.
3361 5522 3488 5576 Iltt'c
3522 5531 3568 5575 tt
3611 5521 3721 5575 aha
