3998 6464
285 328 385 393 ‘261

1785 322 1989 384 VI'I‘A.

3431 316 3535 378 262

282 451 398 487 cum
463 431 783 502 scripsisset,
843 429 993 485 cella:
1020 447 1128 486 sua:
1154 431 1338 499 janna:
1371 447 1400 483 a
1431 432 1638 485 cunctis
1672 441 1853 499 postea

1971 447 2048 485 εον
2079 430 2431 499 καινοτομὶαν
2459 430 2559 498 τῆς
2587 429 2843 493 ninam.
2867 427 3127 485 Gennadii
3153 431 3354 485 minimi
3374 431 3523 487 Scito

282 528 419 579 lecta
447 529 592 579 clavo
631 525 815 593 aﬁixit,
848 524 1133 591 iterumque
1158 524 1299 575 intra
1335 541 1451 576 eam
1480 539 1535 577 se
1568 523 1848 576 conclusit.

281 617 504 672 Scilicet
537 632 603 670 ex
632 616 803 670 variis
851 624 907 668 et
962 615 1082 668 aliis
1131 614 1298 679 hujus
1334 615 1597 683 temporis
1630 613 1769 667 actis
1798 620 1853 665 et

283 709 531 780 epistolis
560 708 1061 777 intelligiturpost
1134 707 1347 760 habitas
1400 721 1524 761 cum
1591 706 1852 774 episcopo

283 802 533 857 Cortona:
559 809 613 855 et
648 801 767 854 aliis
804 798 1012 853 Latinis
1059 798 1127 851 de
1177 798 1378 851 unione
1423 796 1851 865 disputationes,

283 892 621 949 Gennadiunt
642 907 702 948 se
747 894 800 946 in
837 892 1024 945 cellam
1048 898 1354 958 receperat.
1378 904 1556 957 neque
1586 886 1843 953 prodibat

287 988 339 1038 in
368 986 585 1052 vulgus,
622 985 692 1036 ita
731 982 981 1035 fortassis
1037 981 1264 1049 jubente
1319 980 1710 1039 Consmutino,
1770 976 1852 1030 vel

282 1086 509 1145 Cogeute
551 1078 749 1146 potius,
783 1090 848 1129 nc
879 1075 1163 1133 unionem.
1213 1087 1373 1141 quant
1416 1072 1529 1124 sive
1560 1084 1655 1138 per
1690 1066 1852 1121 dissi-

285 1167 659 1231 mulationem,
717 1169 831 1219 sive
862 1168 1078 1220 sincero
1111 1164 1293 1215 animo
1327 1163 1632 1215 conabatur
1661 1172 1854 1227 procu-

258 1273 425 1331 ‘rare,
462 1260 560 1311 viri
594 1257 734 1326 apud
778 1258 989 1327 plebem
1023 1265 1077 1310 et
1128 1256 1532 1310 ecclesiasticos
1581 1250 1853 1320 acceptis-

283 1350 405 1404 simi
446 1352 739 1404 auctoritas
773 1351 1133 1404 disturbaret.
1166 1346 1405 1413 Questus
1430 1354 1513 1396 est
1541 1344 1659 1412 ipse
1710 1356 1855 1410 sa'pe

284 1440 577 1493 intentatas
634 1441 848 1503 minas;
919 1448 1087 1507 atque
1148 1452 1212 1492 ea
1283 1434 1628 1505 potissimum
1686 1446 1854 1485 causa

282 1530 452 1585 fuisse.
484 1531 697 1583 \‘itlelttr
721 1530 922 1585 servati
957 1544 1049 1600 per
1085 1543 1258 1582 annos
1303 1526 1593 1579 admodum
1624 1523 1759 1576 duos
1778 1522 1854 1575 si-

282 1620 429 1676 lentii
463 1623 643 1676 statim
679 1631 802 1691 post
846 1629 1163 1689 susceptum
1213 1617 1537 1686 religiosum
1586 1615 1851 1668 habitum.

282 1711 357 1764 Eo
385 1712 645 1780 temporis
670 1711 956 1765 intervallo
981 1710 1199 1779 scripsit
1220 1709 1539 1763 Orationem
1558 1714 1747 1759 contra
1769 1702 1858 1757 Si-

1963 522 2084 575 larii
2115 523 2178 577 de
2202 541 2262 575 ea
2286 539 2508 597 quieper
2538 524 2630 576 Dei
2678 523 3024 576 descrtionem
3084 522 3229 592 facta
3271 532 3366 577 est
3402 540 3535 577 vana

1960 615 2138 684 inepta
2160 625 2208 668 ct
2231 615 2545 668 inconcinna
2577 616 2700 683 ﬁdei
2749 616 3104 669 innovatione.
3139 616 3415 684 Scriptum
3438 615 3532 668 fuit

1960 710 2013 763 in
2036 708 2363 762 monasterio
2387 706 2817 770 Pantocratoris,
2854 707 3067 776 inquod
3093 712 3306 762 venisse
3324 707 3536 763 Genna-

1960 800 2509 868 diumintelligimus,
2559 801 2886 869 imperatore
2936 804 3009 854 ita
3056 800 3302 868 jubcute,
3349 799 3522 853 existi.

1963 901 2141 946 tuante
2169 893 2320 945 illum
2350 892 2396 946 si
2428 890 2810 955 Latinismum,
2861 900 2919 944 ut
2971 900 3187 954 vocant,
3248 892 3536 960 amplexus

1963 982 2178 1046 itiisSet,
2215 984 2444 1053 reliquis
2482 993 2540 1037 ut
2568 984 2708 1038 idem
2740 984 2988 1037 lacerent
3021 986 3203 1038 statim
3243 1000 3539 1052 persuasu-

1965 1092 2082 1128 rum
2117 1091 2131 1139 ;
2171 1074 2264 1128 sed
2294 1075 2627 1128 contrarium
2659 1090 2882 1144 prorsus
2909 1076 3125 1130 accidit.
3164 1074 3348 1143 Neque
3390 1077 3533 1128 enim

1960 1183 1991 1222 a
2021 1169 2289 1222 si-nlentia
2322 1181 2419 1220 sua
2452 1168 2721 1222 removeri
2755 1165 3070 1221 Gennadius
3091 1168 3284 1235 potuit,
3310 1181 3407 1218 nec
3427 1164 3537 1218 elli-

1962 1275 2084 1312 cere
2115 1269 2172 1313 ut
2204 1260 2478 1327 negotium
2514 1258 2730 1312 nnionis
2765 1258 3135 1319 omitteretur,
3191 1274 3308 1326 qua:
3361 1266 3417 1310 ut
3471 1273 3538 1310 ex

1961 1350 2182 1405 Scliolio
2214 1350 2338 1403 cod.
2373 1348 2505 1417 Reg.
2532 1349 2793 1403 disi-imus
2848 1349 2898 1401 in
2957 1349 3146 1402 eodem
3209 1350 3536 1403 monasterio

1961 1441 2201 1511 perlecta
2237 1448 2319 1494 est
2346 1455 2456 1493 uuo
2482 1454 2664 1491 mense
2694 1448 2978 1509 postquam
2998 1436 3310 1492 Gennadius
3335 1440 3539 1491 oratio-

1964 1548 2085 1586 nem
2115 1547 2268 1586 suam
2303 1531 2608 1584 recitasset.
2660 1528 2811 1584 Unde
2874 1531 3107 1585 turbatis
3154 1530 3265 1597 jam
3311 1530 3538 1582 omnino

1962 1625 2144 1685 rebus,
2176 1632 2225 1677 et
2254 1621 2446 1676 Turcis
2466 1622 2651 1675 urbem
2674 1621 2960 1676 obsidione
2984 1621 3356 1689 cingentibus,
3384 1622 3539 1674 unio-

1964 1731 2085 1769 nem
2119 1713 2345 1767 liberius
2369 1712 2533 1782 cmpit
2566 1713 2907 1783 impugnare,
2940 1721 2996 1768 et
3016 1710 3316 1766 Latinismo
3368 1713 3535 1767 insul-

288 1804 594 1883 iuouiueam
627 1801 877 1856 lwresim
906 1800 974 1855 ad
1006 1799 1459 1858 Constantinum,
1480 1796 1695 1850 duobus
1728 1802 1856 1848 ante
1891 1828 1932 1883 Β
1963 1816 2077 1862 ειη-ε
2114 1807 2468 1876 petulantius.

282 1879 557 1948 eicidiuui
585 1894 737 1949 urbis
761 1896 939 1958 annis,
957 1894 1110 1963 cujus
1137 1894 1331 1946 titulus
1356 1892 1409 1944 in
1432 1891 1557 1945 cod.
1578 1889 1712 1959 Reg.
1734 1887 1859 1961 talis

284 1994 370 2040 est
406 2002 420 2037 :
451 1984 739 2036 Γενναδξου
790 1982 1026 2053 μοναχοῦ
1072 1983 1165 2034 τοῦ
1227 1981 1522 2051 Σχολαριηυ
1578 1980 1721 2033 κατὰ
1762 1979 1861 2048 τῆς

286 2077 620 2146 Σιμονιακῆς
654 2075 942 2144 αἱρέσεως,
967 2075 1086 2145 ﬂeor.
1111 2075 1393 2138 dﬂtsjixg.
1430 2072 1679 2141 Ἑγρὰφη
1711 2071 1856 2123 δυοῖν

290 2169 439 2219 ἔτεσι
474 2169 581 2237 πρὸ
630 2167 730 2237 τῆς
766 2166 1042 2227 ἁλώσεως,
1087 2168 1183 2217 καὶ
1239 2164 1495 2233 ἐπέμφθη
1532 2162 1608 2232 τῷ
1655 2161 1864 2232 βασιλεῖ

292 2259 711 2327 Κωνσεαντῑνῳ,
773 2258 891 2311 ἀλλ’
949 2258 1157 2317 ὲκεῖνσς
1210 2256 1330 2308 οἱδέ
1394 2274 1448 2307 τι
1490 2252 1713 2324 βελτίων
1770 2247 1859 2322 ἦν.

293 2349 554 2405 Cennadii
579 2351 840 2414 monachi,
876 2350 963 2417 (ινιὶ
1003 2358 1053 2401 et
1102 2346 1426 2408 Scliolnrius,
1475 2354 1658 2399 contra
1691 2342 1865 2397 Simo-

291 2445 501 2496 nincam
540 2443 802 2507 hmresim,
834 2444 938 2495 sive
969 2438 1361 2508 inﬁdelitatem.
1398 2436 1608 2506 Scripta
1640 2444 1714 2491 est
1746 2453 1864 2490 ora-

290 2536 363 2587 tio
393 2534 593 2587 duobus
618 2536 772 2587 annis
833 2543 955 2587 ante
990 2544 1201 2602 raptant
1244 2532 1449 2593 urbem,
1481 2540 1528 2582 et
1572 2531 1735 2581 missa
1760 2529 1862 2580 im-

287 2628 516 2691 peratori
549 2623 923 2686 Constantino,
973 2624 1061 2676 sed
1094 2624 1182 2676 ille
1213 2623 1379 2674 nihilo
1412 2621 1600 2673 melior
1646 2619 1862 2686 effectus

290 2724 389 2767 est.
424 2715 717 2782 Epistulam
745 2718 871 2767 item
907 2716 969 2766 ad
994 2717 1268 2776 eumdem,
1306 2714 1465 2779 Cujus
1497 2714 1711 2762 initium
1736 2717 1818 2760 est
1847 2721 1859 2757 :

307 2806 452 2857 Ἀλλ’
499 2807 600 2858 οὐκ
632 2804 808 2869 ἔξεστι
844 2807 1118 2875 μηναιοῖς,
1176 2803 1367 2871 ἄριστε
1428 2798 1674 2869 βασιλεῦ,
1725 2816 1867 2850 σπα-

297 2916 431 2960 νιοις
467 2899 562 2949 καὶ
596 2897 978 2967 δυσπιιρίστοις
1022 2894 1322 2964 τρέφεσθαι
1388 2892 1712 2961 βρώματι-θ.
1765 2888 1867 2941 Ve-

296 3008 416 3042 rum
466 3007 569 3042 non
614 2989 733 3041 licet
786 2988 1082 3052 monachis,
1138 2989 1329 3053 optime
1374 2986 1684 3051 imperator,
1728 2983 1868 3034 raris

299 3100 387 3136 nee
420 3081 577 3151 ("tu-ile
594 3081 932 3148 parabilibus
962 3082 1226 3133 alimentis
1257 3080 1371 3132 uti:
1400 3093 1521 3147 quin
1546 3077 1706 3129 ullicii
1736 3086 1868 3127 tan—

2032 1901 2243 1953 lnterea
2277 1913 2424 1960 cum,
2452 1906 2508 1951 ut
2535 1896 2728 1952 scribit
2770 1896 2974 1961 Ducas,
3040 1895 3170 1951 cella
3234 1912 3292 1952 se
3341 1897 3536 1952 iterum

1963 1990 2350 2055 conclusisset,
2409 1999 2465 2044 et
2496 1990 2769 2043 neminem
2800 1987 3129 2051 admitteret,
3169 1990 3389 2056 Scripsit
3420 1989 3538 2057 epi-
3592 2036 3611 2047 .

1962 2082 2133 2137 stolas
2158 2084 2320 2143 duas,
2350 2095 2511 2133 uuam
2543 2078 2608 2133 ad
2649 2078 3290 2147 ConstantinOpolitauos
3350 2097 3539 2133 omnes

1960 2175 2362 2230 ecclesiasticos
2394 2184 2447 2225 et
2467 2173 2661 2237 laicos,
2690 2172 2760 2225 27
2786 2170 3110 2225 Novembris
3157 2173 3361 2234 datam,
3382 2172 3540 2237 cujus

1962 2269 2150 2321 titulus
2169 2276 2250 2321 est
2276 2283 2289 2319 :
2322 2265 2608 2327 Γεννάδιος
2633 2265 2659 2317 ὁ
2686 2262 3037 2333 ἁμαρτωλὸς,
3081 2262 3175 2314 τοῦ
3196 2262 3332 2314 Θεοῦ
3356 2262 3480 2313 δοῦ).
3498 2279 3542 2324 ›ς

1962 2361 2054 2412 καὶ
2112 2357 2417 2427 ἐλάχιστος,
2477 2357 2592 2418 τοῖς
2650 2354 3060 2422 εὐγενεστάτοις
3128 2353 3374 2415 πολίταις
3437 2352 3539 2420 τῆς

1964 2449 2614 2511 Κωνσταντινουπόλεως,
2653 2448 2860 2501 ἅπασιν
2910 2446 3234 2516 ἱερωμένοις
3287 2447 3383 2499 καὶ
3415 2463 3543 2497 κοσ-

1966 2545 2167 2612 μικ’»ὶ’ς·
2201 2540 2507 2594 Gennadius
2540 2547 2807 2606 peccator,
2843 2537 2939 2591 Dei
2965 2553 3144 2591 serrus
3177 2547 3225 2590 et
3272 2539 3541 2601 minimus,

1966 2631 2307 2685 nobilissimis
2340 2632 2544 2685 civibus
2573 2628 3090 2697 Constantinopolis,
3138 2630 3376 2682 omnibus
3433 2639 3544 2681 tant

1966 2726 2106 2778 sacri
2133 2725 2331 2777 ordinis
2362 2739 2521 2790 quant
2552 2722 2925 2775 sa'cularibus.
2985 2720 3108 2776 lla'c
3165 2721 3236 2774 ita
3300 2721 3486 2790 incipit
3527 2739 3542 2777 :

1967 2815 2272 2867 l‘wtbsxzts
2304 2816 2503 2874 πάντες
2533 2813 2988 2875 καλὼςΑιισθντιιη
3009 2812 3075 2865 ad
3107 2814 3534 2879 CCCiC>i:|SliCOS,

1968 2919 2088 2973 qua
2114 2904 2577 2967 eodemtempore
2608 2903 2638 2952 il
2681 2910 2732 2953 ta
2763 2903 2998 2964 videtur,
3030 2911 3082 2954 et
3114 2904 3277 2955 inissa
3336 2903 3542 2957 dicitur

1969 2995 2038 3047 ad
2071 3010 2315 3063 magnum
2348 2993 2782 3051 ρσεηνεεὲαγειιαπη,
2835 2990 3162 3059 5)ἰ·‹ιιιιιιιιιιι
3189 2993 3396 3045 scilicet
3440 3010 3538 3046 au-

1971 3096 2174 3138 ct0rcm
2198 3084 2448 3137 Historia:
2485 3083 2672 3152 syrodi
2707 3079 3053 3141 Florentium,
3085 3097 3334 3150 magnum
3369 3082 3543 3136 Char.

299 3187 412 3229 tum
445 3190 610 3228 causa
667 3175 867 3244 scripta
906 3176 1139 3236 videtur,
1180 3180 1235 3225 ut
1269 3172 1335 3225 de
1393 3172 1563 3222 misso
1616 3169 1865 3221 fortassis
1897 3164 1939 3221 C
1974 3176 2302 3244 (opliylacem
2332 3175 2698 3243 Agauiauum,
2734 3172 2946 3242 quando
2974 3172 3318 3227 ecclesiastici
3361 3190 3548 3228 εοηυσ.

302 3268 623 3323 munusculo
661 3270 865 3339 gratias
920 3274 1125 3336 ageret.
1161 3263 1349 3319 Exstat
1402 3264 1613 3317 tlecima
1645 3263 1695 3314 iu
1742 3260 1867 3315 cod.

302 3357 435 3427 Reg.
744 3364 745 3367 “

372 3451 606 3519 Scripsit
635 3450 796 3504 etiam
836 3448 1090 3502 liomilias
1145 3447 1432 3517 quasdam,
1508 3444 1600 3498 sed
1646 3453 1868 3497 contro-

301 3545 492 3597 versiis
518 3541 902 3596 ecclesiasticis
934 3544 1092 3609 plane
1129 3555 1187 3593 se
1211 3556 1317 3593 nou
1355 3537 1649 3590 ἰιιιιιιὶει-ιιίι
1698 3550 1868 3603 ιιςιμιο

302 3636 677 3689 adadventum
717 3630 1011 3686 cardiualis
1049 3630 1279 3685 Russiic.
1337 3627 1470 3681 Nam
1529 3628 1689 3698 paulo
1742 3637 1869 3683 ante

302 3743 467 3797 quam
498 3726 802 3787 adveniret,
831 3725 1049 3793 scripsit
1070 3723 1382 3776 Gennadius
1406 3722 1470 3774 ad
1506 3721 1866 3790 Ἀγιορείτας,

301 3820 407 3874 hoc
438 3829 523 3874 est
556 3817 727 3870 sancti
765 3817 959 3869 montis
1014 3814 1149 3868 Atho
1203 3817 1510 3877 monachos,
1567 3812 1867 3882 Epistulam

302 3909 679 3971 liortatoriam,
707 3915 764 3960 ut
801 3908 853 3961 in
889 3906 1109 3973 antiqua
1145 3906 1267 3971 (ide,
1299 3906 1503 3958 ouiissa
1526 3906 1717 3975 synodi
1748 3904 1869 3956 Flo-

300 4004 531 4056 rentime
563 3999 908 4062 deﬁnitione,
944 4003 1326 4067 permanerent
1353 4014 1366 4061 ;
1393 4011 1556 4066 quam
1584 3995 1867 4065 Cpisltilaitt

302 4094 450 4148 misit
474 4107 570 4163 per
604 4090 848 4160 ejusdem
881 4089 1083 4142 montis
1110 4090 1410 4143 monachos
1434 4074 1579 4141 duos
1645 4091 1873 4138 Anasta-

299 4187 439 4239 sium
470 4194 525 4238 et
550 4182 851 4244 Sinonem,
881 4190 939 4233 ut
991 4182 1107 4247 ipse
1158 4182 1210 4232 in
1269 4180 1553 4248 cujusdam
1624 4178 1872 4246 epistula:

299 4279 601 4345 liagmcnto
629 4282 875 4327 testatur.
911 4269 1144 4339 Scripsit
1177 4270 1341 4323 etiam
1369 4271 1433 4321 ad
1488 4271 1870 4336 imperatorem

302 4368 368 4421 l2
402 4365 601 4427 Martii,
635 4364 823 4418 eodem
860 4371 917 4415 ut
951 4363 1165 4415 videtur
1201 4376 1367 4425 anno,
1397 4360 1479 4412 vel
1520 4358 1676 4418 1455,
1708 4358 1873 4425 paulo

298 4472 427 4511 ante
458 4457 689 4511 cladem.
726 4452 1041 4507 Orationem
1098 4467 1319 4521 quoque
1383 4450 1635 4504 recitavit
1686 4463 1869 4501 coram

1971 3267 2240 3336 nirejnssi
2267 3276 2387 3319 sunt
2411 3268 2459 3319 in
2487 3268 2749 3333 palatium
2778 3262 3080 3333 Xyloccrri,
3103 3274 3151 3317 et
3178 3266 3441 3319 celebrata
3472 3276 3548 3320 est

1972 3358 2231 3429 Liturgia,
2262 3373 2380 3411 cum
2412 3356 2588 3410 omnia
2609 3372 2673 3408 ex
2707 3356 2969 3408 sententia
2996 3358 3292 3409 cardinalis
3321 3368 3366 3409 et
3387 3362 3549 3410 trium

1968 3453 2273 3521 pontiﬁcum
2302 3452 2427 3503 anni
2457 3450 2613 3502 istius
2643 3460 2790 3517 gestu
2845 3457 3011 3499 essent
3069 3448 3129 3501 l5
3182 3446 3315 3502 Nov.
3378 3444 3439 3502 lii
3486 3464 3548 3503 ea

1968 3551 2188 3598 excusat
2222 3560 2274 3596 se
2297 3541 2434 3611 quod
2468 3558 2571 3595 non
2602 3542 2817 3602 venerit,
2853 3549 3180 3609 testaturque
3212 3556 3264 3594 se
3290 3556 3405 3593 cum
3434 3544 3553 3593 mit~

1970 3637 2061 3690 lies
2091 3637 2393 3703 exposuerit
2418 3635 2733 3687 sententiam
2774 3633 2838 3684 de
2906 3632 3003 3684 hoc
3064 3632 3274 3685 nnionis
3340 3634 3548 3701 negotio

1970 3746 2141 3792 suam,
2178 3728 2555 3795 displicereque
2588 3724 2686 3778 sibi
2717 3723 2864 3775 illaut
2891 3724 3233 3783 teliementcr,
3268 3732 3371 3773 tam
3392 3724 3552 3788 impe-

1972 3830 2120 3872 rator
2146 3834 2304 3886 quam
2338 3817 2533 3889 reliqui
2564 3830 2740 3867 omnes
2773 3813 3073 3881 intelligant
3109 3813 3163 3864 in
3198 3814 3379 3864 eadem
3436 3827 3552 3877 per-

1972 3914 2174 3965 sistere.
2196 3909 2323 3970 Mox
2355 3910 2611 3960 unionem
2644 3915 2694 3960 et
2726 3904 2930 3957 Latina:
2962 3903 3221 3957 Ecclesia:
3250 3903 3407 3957 iidem
3455 3918 3551 3957 ve-

1973 4003 2252 4056 hementer
2286 3998 2547 4066 exagitat.

2043 4069 2271 4160 Scripsit
2305 4100 2588 4160 przeterea,
2611 4097 2667 4140 ut
2690 4087 2865 4141 Ducas
2889 4088 3163 4147 observat,
3182 4085 3398 4137 brevem
3420 4097 3553 4141 con-

1976 4197 2056 4241 tra
2084 4183 2443 4238 Latiuisnium
2497 4181 2895 4248 querimoniam
2927 4195 2944 4243 ;
2978 4177 3071 4234 sed
3094 4194 3214 4247 qur
3240 4177 3309 4228 ab
3334 4175 3426 4229 illo
3451 4192 3550 4228 auo

1973 4288 2124 4329 ctore
2160 4259 2415 4333 refertur,
2448 4269 2627 4322 diliert
2676 4269 2743 4321 ab
2777 4270 2950 4323 altero
2991 4268 3257 4359 ejusdem.
3275 4268 3549 4333 exemplo,

1976 4367 2119 4437 quod
2154 4364 2463 4433 suppeditat
2488 4363 2653 4416 codex
2683 4360 2884 4431 Regius
2913 4363 2964 4414 iu
2987 4364 3098 4415 hare
3127 4357 3284 4412 verba
3315 4376 3328 4412 :
3358 4357 3553 4421 Opau-

1974 4474 2119 4528 peres
2149 4459 2300 4519 cives,
2332 4452 2644 4524 perdidistis
2666 4458 2869 4516 omnia,
2897 4463 2941 4506 et
2970 4467 3107 4504 nunc
3140 4452 3353 4503 tandem
3406 4451 3548 4518 abji—

298 4566 383 4612 (ιιι,
413 4563 608 4617 magna
650 4546 913 4600 nobilium
953 4544 1154 4598 civium
1220 4544 1542 4610 frequentia,
1576 4542 1629 4593 in
1683 4555 1864 4593 mona-

1975 4551 2093 4604 citis
2122 4552 2367 4616 pietatem
2397 4546 2621 4613 turpiter
2663 4554 2713 4599 et
2770 4549 2966 4614 absque
3014 4544 3354 4596 conscientia.
3416 4542 3552 4595 Cum

300 4657 329 4697 δ
357 4643 473 4695 crio
531 4636 942 4693 Pantocratoris
978 4650 1073 4688 seu
1128 4632 1550 4703 Omnipotentis,
1585 4635 1712 4705 περὶ
1773 4634 1871 4700 τῆς

301 4733 564 4793 itemitem;
612 4730 705 4783 τοῦ
752 4730 897 4781 θείου
943 4730 1039 4780 καὶ
1098 4728 1313 4780 οἴκοθεν
1358 4730 1771 4797 παρασακευῆς,
1802 4725 1873 4779 De

301 4822 564 4891 placando
603 4818 827 4873 Numine
874 4829 925 4872 et
958 4820 1214 4871 interiori
1236 4819 1647 4885 pra‘paratione,
1679 4815 1745 4870 i5
1770 4818 1877 4869 Νυ-

304 4914 540 4969 vembris
562 4913 685 4965 anni
727 4909 881 4974 I452,
918 4911 1057 4963 forte
1091 4919 1382 4978 antequam
1442 4909 1651 4977 legatus
1695 4908 1874 4960 venis-

302 5016 387 5060 set
417 5022 431 5068 ;
468 5021 590 5056 nam
619 5004 998 5071 imperatorem
1035 5004 1260 5054 omnino
1291 4999 1685 5052 deltoi'tabatur
1727 4996 1875 5053 Geu-

306 5097 507 5150 nadius
534 5098 602 5148 ab
620 5094 820 5148 unione
838 5090 1147 5145 Florentina
1166 5094 1511 5146 observanda
1534 5108 1548 5156 ;
1578 5092 1722 5159 quod
1746 5106 1879 5159 prte-

306 5199 463 5245 settle
495 5191 668 5255 legato
699 5201 797 5239 nec
824 5187 938 5254 ipse
970 5199 1137 5238 ausus
1170 5185 1379 5249 luisset,
1403 5199 1502 5239 nec
1524 5199 1718 5254 passus
1776 5184 1872 5235 im-

308 5290 546 5353 perator.
586 5277 721 5332 Cum
758 5293 906 5342 vero,
942 5288 998 5330 ut
1031 5292 1196 5346 supra
1232 5292 1295 5332 es
1330 5279 1471 5332 Duca
1518 5279 1725 5333 dictum
1772 5286 1876 5343 est,

310 5380 331 5430 i
334 5383 516 5429 rustra
535 5372 809 5441 plerisque
830 5371 1253 5425 reclamantibus
1275 5382 1532 5426 renovata
1552 5382 1698 5427 esset
1727 5372 1877 5435 uuio,

310 5463 500 5519 statim
528 5479 649 5516 eam
684 5475 816 5516 voce
838 5470 892 5514 et
930 5462 1151 5530 scriptis
1172 5460 1486 5516 Gennadius
1520 5463 1877 5531 impugnavit.

310 5557 503 5613 Exstat
533 5571 595 5611 ea
631 5555 699 5610 de
740 5571 799 5610 re
856 5557 1180 5626 opusculum
1221 5556 1708 5611 virulentisslmum
1778 5555 1883 5610 lioc

311 5650 511 5702 titulo:
551 5646 835 5701 Γεννσδίου
880 5647 1168 5717 ἐλαχίστου
1200 5646 1509 5717 Σχολαριου,
1546 5645 1642 5698 ἐπὶ
1685 5645 1783 5717 τὴν
1813 5642 1881 5696 δι’

311 5740 700 5803 ε’,υκατάλειψιν
728 5739 866 5793 Θεοῦ
902 5741 1137 5794 ματαίαν
1171 5742 1258 5794 καὶ
1293 5740 1487 5803 ἄλογοι
1532 5739 1623 5793 καὶ
1658 5739 1761 5794 dab
1782 5739 1880 5791 ηδε-

1974 4644 2110 4696 enim
2150 4642 2402 4694 deberetis
2430 4641 2496 4693 ad
2529 4639 2694 4693 Deum
2727 4637 3010 4707 confugere
3030 4639 3080 4688 in
3108 4636 3355 4704 pra'senti
3377 4648 3551 4684 rerum

1975 4744 2140 4792 statu.
2170 4751 2202 4786 a
2226 4732 2333 4786 Deo
2359 4732 2707 4802 separaniini.
2748 4728 2857 4798 Ego
2888 4730 3130 4781 innoxius
3163 4744 3300 4787 sunt,
3345 4734 3555 4777 testem-

1977 4845 2073 4898 que
2098 4830 2259 4881 habeo
2294 4830 2477 4887 Dcum,
2502 4828 2617 4893 ejus
2658 4836 2871 4877 sanctos
2904 4834 2951 4876 et
2982 4839 3066 4877 vos
3088 4824 3250 4888 ipsos,
3283 4820 3421 4890 quod
3470 4819 3554 4871 ni-

1976 4919 2053 4971 hil
2083 4934 2308 4988 unquam
2344 4919 2682 4985 neglexerint.
2718 4916 2785 4967 Et
2817 4933 2953 4968 nunc
2979 4918 3051 4967 ita
3085 4931 3164 4966 me
3200 4912 3336 4965 Deus
3391 4914 3553 4978 iuret,

1980 5012 2176 5063 molam
2202 5011 2445 5062 unionem
2478 5008 2679 5076 facitis,
2713 5006 2974 5076 peribitia.
3004 5005 3420 5062 Calumniumini
3449 5021 3551 5067 me,

1978 5110 2027 5155 et
2057 5101 2227 5153 minas
2259 5101 2531 5152 intentatis
2565 5116 2581 5163 ;
2625 5099 2715 5153 sed
2746 5102 2959 5153 etiamsi
2994 5110 3215 5151 mortem
3240 5114 3395 5168 quam
3456 5098 3557 5148 mi—

1980 5193 2181 5246 namim‘
2213 5191 2593 5261 inferotis,ego
2620 5194 2689 5244 ad
2738 5191 2889 5245 illam
2955 5194 3277 5245 subeundam
3330 5197 3551 5258 paratus
3624 5232 3633 5240 .

1980 5301 2118 5338 sum.
2154 5281 2293 5348 Quid
2324 5287 2458 5336 enim
2481 5285 2634 5353 juvat
2665 5284 2855 5349 vivere,
2881 5294 2936 5337 ut
2959 5285 3158 5337 videam
3185 5283 3278 5334 Dei
3312 5292 3416 5333 tam
3443 5295 3556 5331 ma-

1982 5376 2228 5443 m'Icstmn
2254 5389 2377 5444 erga
2407 5391 2493 5429 vos
2537 5376 2971 5431 derelictionem?
3004 5376 3243 5434 Domine,
3291 5388 3353 5424 ne
3408 5369 3554 5422 sinas

1981 5470 2072 5522 hos
2099 5468 2331 5520 homines
2365 5468 2418 5521 in
2446 5468 2604 5521 talem
2640 5469 2851 5521 ruinam
2886 5464 3237 5535 pra-cipitari,
3290 5477 3352 5514 ne
3394 5461 3557 5528 justi-

1982 5560 2031 5626 [ξς
2052 5572 2169 5613 etur
2198 5557 2491 5613 orthodoxa
2520 5559 2651 5628 ﬁdes
2682 5558 2736 5611 in
2769 5557 3000 5621 Oriente,
3040 5556 3093 5608 iu
3125 5554 3409 5610 Occidente
3434 5554 3554 5607 etin

1983 5651 2174 5706 insulis
2204 5660 2391 5705 contra
2414 5661 2654 5705 nostram
2685 5651 2887 5714 urbem,
2917 5652 2992 5704 ita
3024 5656 3081 5701 ut
3109 5654 3231 5717 quia
3258 5649 3401 5703 illam
3435 5658 3483 5702 et
3512 5662 3559 5701 te

1986 5745 2329 5802 nealerimus.
2359 5760 2657 5801 pereamus.
2682 5743 2932 5798 Iustitio:
2990 5746 3163 5797 vatius
3200 5747 3366 5797 illam.
3400 5749 3473 5795 itu
3503 5755 3560 5794 ut
